  <div class='ocr_page' id='page_1' title='image "/cluster/home/n/w/nwhite01/storage/ocr_20150623/156/coo.31924054870617/136.png"; bbox 0 0 3950 6432; ppageno 0'>
   <div class='ocr_carea' id='block_1_1' title="bbox 310 347 411 410">
    <p class='ocr_par' dir='ltr' id='par_1_1' title="bbox 310 347 411 410">
     <span class='ocr_line' id='line_1_1' title="bbox 310 347 411 410; baseline -0.01 0"><span class='ocrx_word' id='word_1_1' title='bbox 310 347 411 410; x_wconf 71' lang='grc' dir='ltr'>ΞΠ</span> 
     </span>
    </p>
   </div>
   <div class='ocr_carea' id='block_1_2' title="bbox 313 540 1885 617">
    <p class='ocr_par' dir='ltr' id='par_1_2' title="bbox 313 540 1885 617">
     <span class='ocr_line' id='line_1_2' title="bbox 313 540 1885 617; baseline -0.005 -15"><span class='ocrx_word' id='word_1_2' title='bbox 313 549 455 617; x_wconf 75' lang='grc' dir='ltr'>ἀνὴρ</span> <span class='ocrx_word' id='word_1_3' title='bbox 486 544 751 616; x_wconf 80' lang='grc' dir='ltr'>ὑϐριστὴς</span> <span class='ocrx_word' id='word_1_4' title='bbox 774 545 873 600; x_wconf 77' lang='grc' dir='ltr'><strong>ὢν.</strong></span> <span class='ocrx_word' id='word_1_5' title='bbox 902 546 976 598; x_wconf 69' lang='lat' dir='ltr'><strong>To</strong></span> <span class='ocrx_word' id='word_1_6' title='bbox 1019 546 1121 614; x_wconf 78' lang='grc' dir='ltr'>μὲν</span> <span class='ocrx_word' id='word_1_7' title='bbox 1145 540 1241 598; x_wconf 85' lang='grc' dir='ltr'>οὖν</span> <span class='ocrx_word' id='word_1_8' title='bbox 1285 543 1449 614; x_wconf 71' lang='grc' dir='ltr'>ἔργον</span> <span class='ocrx_word' id='word_1_9' title='bbox 1475 544 1573 596; x_wconf 69' lang='grc' dir='ltr'>σὺν</span> <span class='ocrx_word' id='word_1_10' title='bbox 1627 542 1747 612; x_wconf 82' lang='grc' dir='ltr'><strong>Θεῷ</strong></span> <span class='ocrx_word' id='word_1_11' title='bbox 1785 543 1885 594; x_wconf 80' lang='grc' dir='ltr'><strong>πέ-</strong></span> 
     </span>
    </p>
   </div>
   <div class='ocr_carea' id='block_1_3' title="bbox 314 633 1883 711">
    <p class='ocr_par' dir='ltr' id='par_1_3' title="bbox 314 633 1883 711">
     <span class='ocr_line' id='line_1_3' title="bbox 314 633 1883 711; baseline -0.003 -19"><span class='ocrx_word' id='word_1_12' title='bbox 314 657 414 711; x_wconf 88' lang='grc' dir='ltr'>ρας</span> <span class='ocrx_word' id='word_1_13' title='bbox 433 639 651 708; x_wconf 82' lang='grc' dir='ltr'>είλήφει</span> <span class='ocrx_word' id='word_1_14' title='bbox 683 637 868 691; x_wconf 78' lang='grc' dir='ltr'>καλόν⁶</span> <span class='ocrx_word' id='word_1_15' title='bbox 897 637 994 691; x_wconf 78' lang='grc' dir='ltr'>καὶ</span> <span class='ocrx_word' id='word_1_16' title='bbox 1017 636 1162 705; x_wconf 69' lang='grc' dir='ltr'>ᾇπερ</span> <span class='ocrx_word' id='word_1_17' title='bbox 1196 635 1491 706; x_wconf 79' lang='grc' dir='ltr'>εὐχόμεθα,</span> <span class='ocrx_word' id='word_1_18' title='bbox 1537 636 1781 703; x_wconf 80' lang='grc' dir='ltr'>γέγονεν.</span> <span class='ocrx_word' id='word_1_19' title='bbox 1821 633 1883 687; x_wconf 85' lang='grc'><strong>’0</strong></span> 
     </span>
    </p>
   </div>
   <div class='ocr_carea' id='block_1_4' title="bbox 311 723 1899 805">
    <p class='ocr_par' dir='ltr' id='par_1_4' title="bbox 311 723 1899 805">
     <span class='ocr_line' id='line_1_4' title="bbox 311 723 1899 805; baseline -0.006 -20"><span class='ocrx_word' id='word_1_20' title='bbox 311 731 369 785; x_wconf 67' lang='grc' dir='ltr'><strong>δὲ</strong></span> <span class='ocrx_word' id='word_1_21' title='bbox 403 730 580 791; x_wconf 78' lang='grc' dir='ltr'>καλῶς</span> <span class='ocrx_word' id='word_1_22' title='bbox 603 728 984 799; x_wconf 70' lang='grc' dir='ltr'>ἐργασάμενος</span> <span class='ocrx_word' id='word_1_23' title='bbox 1010 725 1193 796; x_wconf 78' lang='grc' dir='ltr'>σωτὴρ</span> <span class='ocrx_word' id='word_1_24' title='bbox 1236 726 1303 779; x_wconf 79' lang='grc' dir='ltr'>ἂν</span> <span class='ocrx_word' id='word_1_25' title='bbox 1323 725 1415 795; x_wconf 74' lang='grc' dir='ltr'>εἴη</span> <span class='ocrx_word' id='word_1_26' title='bbox 1444 726 1538 779; x_wconf 79' lang='grc' dir='ltr'>καὶ</span> <span class='ocrx_word' id='word_1_27' title='bbox 1561 723 1899 805; x_wconf 55' lang='grc' dir='ltr'>ὀνομάζοιτο.</span> 
     </span>
    </p>
   </div>
   <div class='ocr_carea' id='block_1_5' title="bbox 313 817 1887 890">
    <p class='ocr_par' dir='ltr' id='par_1_5' title="bbox 313 817 1887 890">
     <span class='ocr_line' id='line_1_5' title="bbox 313 817 1887 890; baseline -0.005 -14"><span class='ocrx_word' id='word_1_28' title='bbox 313 825 429 886; x_wconf 81' lang='grc' dir='ltr'>τοῖς</span> <span class='ocrx_word' id='word_1_29' title='bbox 458 824 551 876; x_wconf 78' lang='grc' dir='ltr'><strong>ὑπ’</strong></span> <span class='ocrx_word' id='word_1_30' title='bbox 577 821 746 876; x_wconf 82' lang='grc' dir='ltr'>αὑτοῦ</span> <span class='ocrx_word' id='word_1_31' title='bbox 776 821 1166 890; x_wconf 75' lang='grc' dir='ltr'>σεσωσμένοιςο</span> <span class='ocrx_word' id='word_1_32' title='bbox 1194 819 1287 873; x_wconf 77' lang='grc' dir='ltr'>καὶ</span> <span class='ocrx_word' id='word_1_33' title='bbox 1303 818 1512 888; x_wconf 80' lang='grc' dir='ltr'><strong>τιμῷτο</strong></span> <span class='ocrx_word' id='word_1_34' title='bbox 1540 818 1673 886; x_wconf 88' lang='grc' dir='ltr'>παρ’</span> <span class='ocrx_word' id='word_1_35' title='bbox 1706 817 1887 869; x_wconf 83' lang='grc' dir='ltr'>αὐτῶν</span> 
     </span>
    </p>
   </div>
   <div class='ocr_carea' id='block_1_6' title="bbox 318 907 1887 986">
    <p class='ocr_par' dir='ltr' id='par_1_6' title="bbox 318 907 1887 986">
     <span class='ocr_line' id='line_1_6' title="bbox 318 907 1887 986; baseline -0.006 -17"><span class='ocrx_word' id='word_1_36' title='bbox 318 919 455 986; x_wconf 76' lang='grc' dir='ltr'>μετὰ</span> <span class='ocrx_word' id='word_1_37' title='bbox 484 915 544 968; x_wconf 86' lang='grc' dir='ltr'>τδ</span> <span class='ocrx_word' id='word_1_38' title='bbox 593 915 767 975; x_wconf 82' lang='grc' dir='ltr'>Θεῖον,</span> <span class='ocrx_word' id='word_1_39' title='bbox 811 912 1060 976; x_wconf 80' lang='grc' dir='ltr'>εἰκότως,</span> <span class='ocrx_word' id='word_1_40' title='bbox 1104 912 1200 965; x_wconf 79' lang='grc' dir='ltr'>καὶ</span> <span class='ocrx_word' id='word_1_41' title='bbox 1248 911 1349 972; x_wconf 81' lang='grc' dir='ltr'><strong>τὰς</strong></span> <span class='ocrx_word' id='word_1_42' title='bbox 1392 911 1631 977; x_wconf 75' lang='grc' dir='ltr'><strong>μείζους,</strong></span> <span class='ocrx_word' id='word_1_43' title='bbox 1682 907 1887 969; x_wconf 82' lang='grc' dir='ltr'>αἵτινές</span> 
     </span>
    </p>
   </div>
   <div class='ocr_carea' id='block_1_7' title="bbox 314 999 1889 1076">
    <p class='ocr_par' dir='ltr' id='par_1_7' title="bbox 314 999 1889 1076">
     <span class='ocr_line' id='line_1_7' title="bbox 314 999 1889 1076; baseline -0.008 -14"><span class='ocrx_word' id='word_1_44' title='bbox 314 1009 437 1062; x_wconf 76' lang='grc' dir='ltr'>ποτ’</span> <span class='ocrx_word' id='word_1_45' title='bbox 460 1007 528 1062; x_wconf 84' lang='grc' dir='ltr'>ἂν</span> <span class='ocrx_word' id='word_1_46' title='bbox 577 1003 747 1076; x_wconf 76' lang='grc' dir='ltr'>εἷενῆ</span> <span class='ocrx_word' id='word_1_47' title='bbox 781 1005 1082 1076; x_wconf 73' lang='grc' dir='ltr'><strong>νομίζοιντο</strong></span> <span class='ocrx_word' id='word_1_48' title='bbox 1119 1003 1252 1073; x_wconf 79' lang='grc' dir='ltr'>παρ’</span> <span class='ocrx_word' id='word_1_49' title='bbox 1293 1002 1626 1072; x_wconf 57' lang='grc' dir='ltr'>ἀνθρώποις,</span> <span class='ocrx_word' id='word_1_50' title='bbox 1673 999 1889 1065; x_wconf 69' lang='grc' dir='ltr'>δέξαιτο</span> 
     </span>
    </p>
   </div>
   <div class='ocr_carea' id='block_1_8' title="bbox 312 1119 497 1172">
    <p class='ocr_par' dir='ltr' id='par_1_8' title="bbox 312 1119 497 1172">
     <span class='ocr_line' id='line_1_8' title="bbox 312 1119 497 1172; baseline 0 -18"><span class='ocrx_word' id='word_1_51' title='bbox 312 1121 340 1154; x_wconf 70' lang='grc' dir='ltr'><strong>τ</strong></span> <span class='ocrx_word' id='word_1_52' title='bbox 351 1119 369 1153; x_wconf 92' lang='grc' dir='ltr'>ι</span> <span class='ocrx_word' id='word_1_53' title='bbox 375 1119 497 1172; x_wconf 85' lang='grc' dir='ltr'>μας.</span> 
     </span>
    </p>
   </div>
   <div class='ocr_carea' id='block_1_9' title="bbox 388 1274 1882 1351">
    <p class='ocr_par' dir='ltr' id='par_1_9' title="bbox 388 1274 1882 1351">
     <span class='ocr_line' id='line_1_9' title="bbox 388 1274 1882 1351; baseline -0.005 -17"><span class='ocrx_word' id='word_1_54' title='bbox 388 1283 543 1351; x_wconf 83' lang='grc' dir='ltr'><strong>Ἔχει</strong></span> <span class='ocrx_word' id='word_1_55' title='bbox 592 1297 675 1343; x_wconf 87' lang='grc' dir='ltr'><strong>τις</strong></span> <span class='ocrx_word' id='word_1_56' title='bbox 727 1280 859 1349; x_wconf 76' lang='grc' dir='ltr'>ἡμῖν</span> <span class='ocrx_word' id='word_1_57' title='bbox 927 1277 1226 1348; x_wconf 70' lang='grc' dir='ltr'><strong>προφέρειν</strong></span> <span class='ocrx_word' id='word_1_58' title='bbox 1282 1275 1383 1346; x_wconf 75' lang='grc' dir='ltr'>τὴν</span> <span class='ocrx_word' id='word_1_59' title='bbox 1434 1274 1641 1349; x_wconf 81' lang='grc' dir='ltr'>σκηνὴν</span> <span class='ocrx_word' id='word_1_60' title='bbox 1678 1275 1775 1329; x_wconf 74' lang='grc' dir='ltr'><strong>καὶ</strong></span> <span class='ocrx_word' id='word_1_61' title='bbox 1821 1274 1882 1328; x_wconf 84' lang='grc' dir='ltr'>τδ</span> 
     </span>
    </p>
   </div>
   <div class='ocr_carea' id='block_1_10' title="bbox 316 1366 1882 1443">
    <p class='ocr_par' dir='ltr' id='par_1_10' title="bbox 316 1366 1882 1443">
     <span class='ocr_line' id='line_1_10' title="bbox 316 1366 1882 1443; baseline -0.004 -17"><span class='ocrx_word' id='word_1_62' title='bbox 316 1372 678 1443; x_wconf 62' lang='grc' dir='ltr'>προσωπεῖονι</span> <span class='ocrx_word' id='word_1_63' title='bbox 713 1373 786 1423; x_wconf 74' lang='lat'><strong>03</strong></span> <span class='ocrx_word' id='word_1_64' title='bbox 817 1372 923 1439; x_wconf 87' lang='grc' dir='ltr'>μήν</span> <span class='ocrx_word' id='word_1_65' title='bbox 957 1385 1019 1437; x_wconf 87' lang='grc' dir='ltr'><strong>γε</strong></span> <span class='ocrx_word' id='word_1_66' title='bbox 1053 1370 1160 1439; x_wconf 77' lang='grc' dir='ltr'>ὅτῳ</span> <span class='ocrx_word' id='word_1_67' title='bbox 1197 1368 1417 1438; x_wconf 81' lang='grc' dir='ltr'>μέτεστι</span> <span class='ocrx_word' id='word_1_68' title='bbox 1450 1368 1564 1421; x_wconf 80' lang='grc' dir='ltr'>νοῦ·</span> <span class='ocrx_word' id='word_1_69' title='bbox 1600 1367 1713 1421; x_wconf 82' lang='grc' dir='ltr'><strong>οὐδ’</strong></span> <span class='ocrx_word' id='word_1_70' title='bbox 1738 1367 1794 1430; x_wconf 83' lang='grc' dir='ltr'>ὃς</span> <span class='ocrx_word' id='word_1_71' title='bbox 1816 1366 1882 1420; x_wconf 81' lang='grc' dir='ltr'>ἂν</span> 
     </span>
    </p>
   </div>
   <div class='ocr_carea' id='block_1_11' title="bbox 311 1454 1883 1534">
    <p class='ocr_par' dir='ltr' id='par_1_11' title="bbox 311 1454 1883 1534">
     <span class='ocr_line' id='line_1_11' title="bbox 311 1454 1883 1534; baseline -0.003 -17"><span class='ocrx_word' id='word_1_72' title='bbox 311 1461 421 1517; x_wconf 79' lang='grc' dir='ltr'>οἵδε</span> <span class='ocrx_word' id='word_1_73' title='bbox 452 1465 659 1534; x_wconf 77' lang='grc' dir='ltr'>κρίνειν</span> <span class='ocrx_word' id='word_1_74' title='bbox 684 1462 880 1532; x_wconf 83' lang='grc' dir='ltr'>ὀρθῶς,</span> <span class='ocrx_word' id='word_1_75' title='bbox 914 1458 1125 1532; x_wconf 81' lang='grc' dir='ltr'>βλέπων</span> <span class='ocrx_word' id='word_1_76' title='bbox 1157 1462 1256 1529; x_wconf 73' lang='grc' dir='ltr'><strong>οὐχ</strong></span> <span class='ocrx_word' id='word_1_77' title='bbox 1290 1461 1476 1523; x_wconf 80' lang='grc' dir='ltr'>ἁπλῶς</span> <span class='ocrx_word' id='word_1_78' title='bbox 1504 1462 1584 1523; x_wconf 77' lang='grc' dir='ltr'>εἰς</span> <span class='ocrx_word' id='word_1_79' title='bbox 1616 1461 1713 1524; x_wconf 79' lang='grc' dir='ltr'><strong>τὰς</strong></span> <span class='ocrx_word' id='word_1_80' title='bbox 1740 1454 1883 1530; x_wconf 70' lang='grc' dir='ltr'>πρά-</span> 
     </span>
    </p>
   </div>
   <div class='ocr_carea' id='block_1_12' title="bbox 314 1552 1885 1625">
    <p class='ocr_par' dir='ltr' id='par_1_12' title="bbox 314 1552 1885 1625">
     <span class='ocr_line' id='line_1_12' title="bbox 314 1552 1885 1625; baseline -0.003 -17"><span class='ocrx_word' id='word_1_81' title='bbox 314 1557 449 1622; x_wconf 80' lang='grc' dir='ltr'>ξεις,</span> <span class='ocrx_word' id='word_1_82' title='bbox 489 1555 606 1610; x_wconf 80' lang='grc' dir='ltr'>ἀλλ’</span> <span class='ocrx_word' id='word_1_83' title='bbox 658 1558 738 1618; x_wconf 81' lang='grc' dir='ltr'><strong>είς</strong></span> <span class='ocrx_word' id='word_1_84' title='bbox 786 1556 885 1625; x_wconf 81' lang='grc' dir='ltr'>τὴν</span> <span class='ocrx_word' id='word_1_85' title='bbox 927 1553 1023 1608; x_wconf 79' lang='grc' dir='ltr'><strong>τοῦ</strong></span> <span class='ocrx_word' id='word_1_86' title='bbox 1079 1554 1416 1623; x_wconf 79' lang='grc' dir='ltr'>πράττοντος</span> <span class='ocrx_word' id='word_1_87' title='bbox 1472 1552 1737 1623; x_wconf 74' lang='grc' dir='ltr'>γνώμηνο</span> <span class='ocrx_word' id='word_1_88' title='bbox 1789 1554 1885 1607; x_wconf 73' lang='grc' dir='ltr'>καὶ</span> 
     </span>
    </p>
   </div>
   <div class='ocr_carea' id='block_1_13' title="bbox 309 1640 1887 1715">
    <p class='ocr_par' dir='ltr' id='par_1_13' title="bbox 309 1640 1887 1715">
     <span class='ocr_line' id='line_1_13' title="bbox 309 1640 1887 1715; baseline -0.004 -12"><span class='ocrx_word' id='word_1_89' title='bbox 309 1651 452 1712; x_wconf 83' lang='grc' dir='ltr'>ὅλως</span> <span class='ocrx_word' id='word_1_90' title='bbox 481 1664 564 1715; x_wconf 82' lang='grc' dir='ltr'><strong>γε,</strong></span> <span class='ocrx_word' id='word_1_91' title='bbox 594 1648 663 1700; x_wconf 82' lang='grc' dir='ltr'><strong>δι’</strong></span> <span class='ocrx_word' id='word_1_92' title='bbox 685 1640 760 1702; x_wconf 82' lang='grc' dir='ltr'>ὧν</span> <span class='ocrx_word' id='word_1_93' title='bbox 795 1646 861 1700; x_wconf 76' lang='grc' dir='ltr'>ἂν</span> <span class='ocrx_word' id='word_1_94' title='bbox 888 1647 975 1715; x_wconf 86' lang='grc' dir='ltr'>εῐη</span> <span class='ocrx_word' id='word_1_95' title='bbox 1028 1646 1194 1699; x_wconf 77' lang='grc' dir='ltr'>καλὸν</span> <span class='ocrx_word' id='word_1_96' title='bbox 1225 1649 1461 1715; x_wconf 84' lang='grc' dir='ltr'>φανῆναι</span> <span class='ocrx_word' id='word_1_97' title='bbox 1518 1645 1580 1697; x_wconf 77' lang='grc' dir='ltr'><strong>τὸ</strong></span> <span class='ocrx_word' id='word_1_98' title='bbox 1605 1644 1760 1707; x_wconf 82' lang='grc' dir='ltr'>τέλος</span> <span class='ocrx_word' id='word_1_99' title='bbox 1791 1644 1887 1698; x_wconf 78' lang='grc' dir='ltr'>καὶ</span> 
     </span>
    </p>
   </div>
   <div class='ocr_carea' id='block_1_14' title="bbox 314 1734 1884 1809">
    <p class='ocr_par' dir='ltr' id='par_1_14' title="bbox 314 1734 1884 1809">
     <span class='ocr_line' id='line_1_14' title="bbox 314 1734 1884 1809; baseline -0.003 -19"><span class='ocrx_word' id='word_1_100' title='bbox 314 1741 393 1809; x_wconf 80' lang='grc' dir='ltr'>μὴ</span> <span class='ocrx_word' id='word_1_101' title='bbox 421 1736 685 1799; x_wconf 85' lang='grc' dir='ltr'>τοιοῦτον,</span> <span class='ocrx_word' id='word_1_102' title='bbox 718 1738 767 1788; x_wconf 83' lang='grc' dir='ltr'><strong>εί</strong></span> <span class='ocrx_word' id='word_1_103' title='bbox 807 1735 889 1788; x_wconf 80' lang='grc' dir='ltr'><strong>δεῖ</strong></span> <span class='ocrx_word' id='word_1_104' title='bbox 933 1734 1215 1804; x_wconf 83' lang='grc' dir='ltr'>συντόμως</span> <span class='ocrx_word' id='word_1_105' title='bbox 1258 1737 1456 1787; x_wconf 73' lang='grc' dir='ltr'>εἰπεῖν.</span> <span class='ocrx_word' id='word_1_106' title='bbox 1507 1735 1580 1785; x_wconf 83' lang='grc' dir='ltr'><strong>Οὐ</strong></span> <span class='ocrx_word' id='word_1_107' title='bbox 1629 1735 1739 1803; x_wconf 77' lang='grc' dir='ltr'>γὰρ</span> <span class='ocrx_word' id='word_1_108' title='bbox 1769 1734 1884 1801; x_wconf 78' lang='grc' dir='ltr'>ὅγε</span> 
     </span>
    </p>
   </div>
   <div class='ocr_carea' id='block_1_15' title="bbox 312 1821 1883 1898">
    <p class='ocr_par' dir='ltr' id='par_1_15' title="bbox 312 1821 1883 1898">
     <span class='ocr_line' id='line_1_15' title="bbox 312 1821 1883 1898; baseline -0.004 -16"><span class='ocrx_word' id='word_1_109' title='bbox 312 1828 509 1898; x_wconf 72' lang='grc' dir='ltr'>λέληθέ</span> <span class='ocrx_word' id='word_1_110' title='bbox 533 1844 684 1890; x_wconf 88' lang='grc' dir='ltr'>τινας</span> <span class='ocrx_word' id='word_1_111' title='bbox 713 1825 1118 1896; x_wconf 76' lang='grc' dir='ltr'>πραττόμενον,</span> <span class='ocrx_word' id='word_1_112' title='bbox 1140 1821 1285 1877; x_wconf 79' lang='grc' dir='ltr'>τοῦτ’</span> <span class='ocrx_word' id='word_1_113' title='bbox 1316 1824 1479 1886; x_wconf 78' lang='grc' dir='ltr'>εὐθὺς</span> <span class='ocrx_word' id='word_1_114' title='bbox 1510 1823 1570 1876; x_wconf 75' lang='grc' dir='ltr'>ἐν</span> <span class='ocrx_word' id='word_1_115' title='bbox 1597 1839 1705 1876; x_wconf 87' lang='grc' dir='ltr'>τινι</span> <span class='ocrx_word' id='word_1_116' title='bbox 1746 1822 1883 1892; x_wconf 83' lang='grc' dir='ltr'>μέμ-</span> 
     </span>
    </p>
   </div>
   <div class='ocr_carea' id='block_1_16' title="bbox 313 1901 1882 1991">
    <p class='ocr_par' dir='ltr' id='par_1_16' title="bbox 313 1901 1882 1991">
     <span class='ocr_line' id='line_1_16' title="bbox 313 1901 1882 1991; baseline -0.002 -19"><span class='ocrx_word' id='word_1_117' title='bbox 313 1924 428 1991; x_wconf 67' lang='grc' dir='ltr'><strong>ψει⁸</strong></span> <span class='ocrx_word' id='word_1_118' title='bbox 460 1920 573 1974; x_wconf 82' lang='grc' dir='ltr'>ἀλλ’</span> <span class='ocrx_word' id='word_1_119' title='bbox 605 1919 718 1972; x_wconf 66' lang='grc' dir='ltr'>ἔστι</span> <span class='ocrx_word' id='word_1_120' title='bbox 745 1920 840 1971; x_wconf 74' lang='grc' dir='ltr'>καὶ</span> <span class='ocrx_word' id='word_1_121' title='bbox 874 1917 1144 1987; x_wconf 81' lang='grc' dir='ltr'>κρυϐῆναι</span> <span class='ocrx_word' id='word_1_122' title='bbox 1172 1901 1357 1979; x_wconf 77' lang='grc' dir='ltr'>καλὸν,</span> <span class='ocrx_word' id='word_1_123' title='bbox 1404 1917 1512 1970; x_wconf 76' lang='grc' dir='ltr'>κάκ</span> <span class='ocrx_word' id='word_1_124' title='bbox 1540 1917 1649 1969; x_wconf 84' lang='grc' dir='ltr'>τῶν</span> <span class='ocrx_word' id='word_1_125' title='bbox 1690 1917 1882 1987; x_wconf 85' lang='grc' dir='ltr'>κομιδῆ</span> 
     </span>
    </p>
   </div>
   <div class='ocr_carea' id='block_1_17' title="bbox 316 2009 1884 2084">
    <p class='ocr_par' dir='ltr' id='par_1_17' title="bbox 316 2009 1884 2084">
     <span class='ocr_line' id='line_1_17' title="bbox 316 2009 1884 2084; baseline -0.003 -17"><span class='ocrx_word' id='word_1_126' title='bbox 316 2013 678 2084; x_wconf 75' lang='grc' dir='ltr'>φιλουμένων,</span> <span class='ocrx_word' id='word_1_127' title='bbox 702 2011 821 2064; x_wconf 80' lang='grc' dir='ltr'>δέον</span> <span class='ocrx_word' id='word_1_128' title='bbox 843 2011 903 2063; x_wconf 80' lang='grc' dir='ltr'>ὃν</span> <span class='ocrx_word' id='word_1_129' title='bbox 937 2010 1084 2064; x_wconf 77' lang='grc' dir='ltr'>οὕτω</span> <span class='ocrx_word' id='word_1_130' title='bbox 1126 2010 1404 2079; x_wconf 81' lang='grc' dir='ltr'>γενέσθαι.</span> <span class='ocrx_word' id='word_1_131' title='bbox 1462 2010 1551 2072; x_wconf 85' lang='grc' dir='ltr'><strong>Ὦς</strong></span> <span class='ocrx_word' id='word_1_132' title='bbox 1587 2012 1697 2081; x_wconf 83' lang='grc' dir='ltr'>γὰρ</span> <span class='ocrx_word' id='word_1_133' title='bbox 1731 2009 1884 2063; x_wconf 79' lang='grc' dir='ltr'>οὐδὲν</span> 
     </span>
    </p>
   </div>
   <div class='ocr_carea' id='block_1_18' title="bbox 317 2102 1888 2177">
    <p class='ocr_par' dir='ltr' id='par_1_18' title="bbox 317 2102 1888 2177">
     <span class='ocr_line' id='line_1_18' title="bbox 317 2102 1888 2177; baseline -0.001 -16"><span class='ocrx_word' id='word_1_134' title='bbox 317 2105 468 2177; x_wconf 76' lang='grc' dir='ltr'>οἶμαι</span> <span class='ocrx_word' id='word_1_135' title='bbox 498 2105 685 2169; x_wconf 82' lang='grc' dir='ltr'>καλὸν,</span> <span class='ocrx_word' id='word_1_136' title='bbox 714 2106 809 2158; x_wconf 76' lang='grc' dir='ltr'>καὶ</span> <span class='ocrx_word' id='word_1_137' title='bbox 841 2103 951 2158; x_wconf 82' lang='grc' dir='ltr'>τῶν</span> <span class='ocrx_word' id='word_1_138' title='bbox 981 2104 1055 2168; x_wconf 84' lang='grc' dir='ltr'>ὡς</span> <span class='ocrx_word' id='word_1_139' title='bbox 1104 2105 1342 2175; x_wconf 74' lang='grc' dir='ltr'>μάλιστα</span> <span class='ocrx_word' id='word_1_140' title='bbox 1380 2102 1562 2157; x_wconf 74' lang='grc' dir='ltr'>καλῶν</span> <span class='ocrx_word' id='word_1_141' title='bbox 1607 2119 1888 2175; x_wconf 85' lang='grc' dir='ltr'>μεμαρτυ-</span> 
     </span>
    </p>
   </div>
   <div class='ocr_carea' id='block_1_19' title="bbox 328 2194 1887 2269">
    <p class='ocr_par' dir='ltr' id='par_1_19' title="bbox 328 2194 1887 2269">
     <span class='ocr_line' id='line_1_19' title="bbox 328 2194 1887 2269; baseline -0.001 -18"><span class='ocrx_word' id='word_1_142' title='bbox 328 2198 593 2269; x_wconf 82' lang='grc' dir='ltr'>ρημένων,</span> <span class='ocrx_word' id='word_1_143' title='bbox 622 2196 716 2251; x_wconf 67' lang='grc' dir='ltr'><strong>ἐὰν</strong></span> <span class='ocrx_word' id='word_1_144' title='bbox 747 2195 821 2267; x_wconf 80' lang='grc' dir='ltr'>μὴ</span> <span class='ocrx_word' id='word_1_145' title='bbox 854 2196 1059 2261; x_wconf 82' lang='grc' dir='ltr'>καλῶς,</span> <span class='ocrx_word' id='word_1_146' title='bbox 1090 2197 1120 2248; x_wconf 83' lang='grc' dir='ltr'><strong>ὅ</strong></span> <span class='ocrx_word' id='word_1_147' title='bbox 1147 2213 1305 2264; x_wconf 80' lang='grc' dir='ltr'>φασι,</span> <span class='ocrx_word' id='word_1_148' title='bbox 1333 2196 1580 2265; x_wconf 86' lang='grc' dir='ltr'>γένηται·</span> <span class='ocrx_word' id='word_1_149' title='bbox 1620 2194 1762 2249; x_wconf 76' lang='grc' dir='ltr'>οὕτω</span> <span class='ocrx_word' id='word_1_150' title='bbox 1790 2195 1887 2249; x_wconf 68' lang='grc' dir='ltr'>καὶ</span> 
     </span>
    </p>
   </div>
   <div class='ocr_carea' id='block_1_20' title="bbox 333 2283 1886 2358">
    <p class='ocr_par' dir='ltr' id='par_1_20' title="bbox 333 2283 1886 2358">
     <span class='ocr_line' id='line_1_20' title="bbox 333 2283 1886 2358; baseline -0.005 -11"><span class='ocrx_word' id='word_1_151' title='bbox 333 2292 497 2349; x_wconf 66' lang='grc' dir='ltr'>πάντα</span> <span class='ocrx_word' id='word_1_152' title='bbox 524 2288 683 2355; x_wconf 81' lang='grc' dir='ltr'>καλὰ,</span> <span class='ocrx_word' id='word_1_153' title='bbox 706 2283 780 2342; x_wconf 79' lang='grc' dir='ltr'>ὧν</span> <span class='ocrx_word' id='word_1_154' title='bbox 803 2287 870 2341; x_wconf 82' lang='grc' dir='ltr'>ἄν</span> <span class='ocrx_word' id='word_1_155' title='bbox 884 2305 968 2351; x_wconf 84' lang='grc' dir='ltr'><strong>τις</strong></span> <span class='ocrx_word' id='word_1_156' title='bbox 988 2288 1124 2358; x_wconf 73' lang='grc' dir='ltr'>μετὰ</span> <span class='ocrx_word' id='word_1_157' title='bbox 1145 2289 1316 2357; x_wconf 81' lang='grc' dir='ltr'>καλῆς</span> <span class='ocrx_word' id='word_1_158' title='bbox 1338 2289 1575 2351; x_wconf 77' lang='grc' dir='ltr'>διανοίας</span> <span class='ocrx_word' id='word_1_159' title='bbox 1591 2288 1886 2358; x_wconf 74' lang='grc' dir='ltr'>ἐφάψαιτο,</span> 
     </span>
    </p>
   </div>
   <div class='ocr_carea' id='block_1_21' title="bbox 334 2382 1887 2461">
    <p class='ocr_par' dir='ltr' id='par_1_21' title="bbox 334 2382 1887 2461">
     <span class='ocr_line' id='line_1_21' title="bbox 334 2382 1887 2461; baseline -0.003 -20"><span class='ocrx_word' id='word_1_160' title='bbox 334 2393 479 2454; x_wconf 77' lang='grc' dir='ltr'>εἴτις</span> <span class='ocrx_word' id='word_1_161' title='bbox 501 2392 564 2453; x_wconf 75' lang='grc' dir='ltr'><strong>ὲς</strong></span> <span class='ocrx_word' id='word_1_162' title='bbox 591 2384 692 2461; x_wconf 81' lang='grc' dir='ltr'>τὴν</span> <span class='ocrx_word' id='word_1_163' title='bbox 711 2382 870 2441; x_wconf 79' lang='grc' dir='ltr'>τοῦτο</span> <span class='ocrx_word' id='word_1_164' title='bbox 903 2383 1132 2456; x_wconf 83' lang='grc' dir='ltr'>γνώμην</span> <span class='ocrx_word' id='word_1_165' title='bbox 1161 2383 1334 2454; x_wconf 56' lang='grc' dir='ltr'><strong>ὁρῴη.</strong></span> <span class='ocrx_word' id='word_1_166' title='bbox 1379 2384 1487 2437; x_wconf 74' lang='grc' dir='ltr'><strong>Καὶ</strong></span> <span class='ocrx_word' id='word_1_167' title='bbox 1524 2383 1698 2437; x_wconf 82' lang='grc' dir='ltr'>ταῦτα</span> <span class='ocrx_word' id='word_1_168' title='bbox 1742 2383 1887 2451; x_wconf 70' lang='grc' dir='ltr'>λέγω</span> 
     </span>
    </p>
   </div>
   <div class='ocr_carea' id='block_1_22' title="bbox 321 2475 1888 2553">
    <p class='ocr_par' dir='ltr' id='par_1_22' title="bbox 321 2475 1888 2553">
     <span class='ocr_line' id='line_1_22' title="bbox 321 2475 1888 2553; baseline -0.003 -18"><span class='ocrx_word' id='word_1_169' title='bbox 321 2484 445 2553; x_wconf 71' lang='grc' dir='ltr'><strong>περὶ</strong></span> <span class='ocrx_word' id='word_1_170' title='bbox 471 2482 579 2535; x_wconf 83' lang='grc' dir='ltr'><strong>τῶν</strong></span> <span class='ocrx_word' id='word_1_171' title='bbox 626 2483 794 2549; x_wconf 81' lang='grc' dir='ltr'>φίλων</span> <span class='ocrx_word' id='word_1_172' title='bbox 817 2496 830 2510; x_wconf 74' lang='grc'><strong><em>⁸</em></strong></span> <span class='ocrx_word' id='word_1_173' title='bbox 863 2475 1126 2549; x_wconf 73' lang='grc' dir='ltr'>περὶγὰρ</span> <span class='ocrx_word' id='word_1_174' title='bbox 1157 2477 1269 2530; x_wconf 78' lang='grc' dir='ltr'><strong>τῶν</strong></span> <span class='ocrx_word' id='word_1_175' title='bbox 1306 2476 1522 2548; x_wconf 79' lang='grc' dir='ltr'>ἐχθρῶν</span> <span class='ocrx_word' id='word_1_176' title='bbox 1571 2477 1624 2531; x_wconf 84' lang='grc' dir='ltr'><strong>τί</strong></span> <span class='ocrx_word' id='word_1_177' title='bbox 1654 2476 1761 2549; x_wconf 78' lang='grc' dir='ltr'><strong>χρὴ</strong></span> <span class='ocrx_word' id='word_1_178' title='bbox 1790 2478 1888 2531; x_wconf 74' lang='grc' dir='ltr'>καὶ</span> 
     </span>
    </p>
   </div>
   <div class='ocr_carea' id='block_1_23' title="bbox 315 2571 1892 2641">
    <p class='ocr_par' dir='ltr' id='par_1_23' title="bbox 315 2571 1892 2641">
     <span class='ocr_line' id='line_1_23' title="bbox 315 2571 1892 2641; baseline -0.003 -14"><span class='ocrx_word' id='word_1_179' title='bbox 315 2574 521 2641; x_wconf 86' lang='grc' dir='ltr'>λέγειν,</span> <span class='ocrx_word' id='word_1_180' title='bbox 557 2572 651 2636; x_wconf 78' lang='grc' dir='ltr'><strong>οὓς</strong></span> <span class='ocrx_word' id='word_1_181' title='bbox 678 2572 744 2641; x_wconf 84' lang='grc' dir='ltr'>ἦν</span> <span class='ocrx_word' id='word_1_182' title='bbox 794 2572 1084 2641; x_wconf 77' lang='grc' dir='ltr'>ἀπατήσας</span> <span class='ocrx_word' id='word_1_183' title='bbox 1112 2571 1468 2640; x_wconf 81' lang='grc' dir='ltr'>τροπώσηταί</span> <span class='ocrx_word' id='word_1_184' title='bbox 1500 2587 1584 2633; x_wconf 86' lang='grc' dir='ltr'>τις</span> <span class='ocrx_word' id='word_1_185' title='bbox 1615 2571 1766 2641; x_wconf 86' lang='grc' dir='ltr'>νόμῳ</span> <span class='ocrx_word' id='word_1_186' title='bbox 1795 2586 1892 2622; x_wconf 87' lang='grc' dir='ltr'>πο-</span> 
     </span>
    </p>
   </div>
   <div class='ocr_carea' id='block_1_24' title="bbox 314 2665 1891 2738">
    <p class='ocr_par' dir='ltr' id='par_1_24' title="bbox 314 2665 1891 2738">
     <span class='ocr_line' id='line_1_24' title="bbox 314 2665 1891 2738; baseline -0.004 -18"><span class='ocrx_word' id='word_1_187' title='bbox 314 2669 508 2738; x_wconf 73' lang='grc' dir='ltr'>λέμου,</span> <span class='ocrx_word' id='word_1_188' title='bbox 574 2665 779 2738; x_wconf 82' lang='grc' dir='ltr'>μᾶλλον</span> <span class='ocrx_word' id='word_1_189' title='bbox 833 2666 1161 2730; x_wconf 67' lang='grc' dir='ltr'>ἐπαινεῖται,</span> <span class='ocrx_word' id='word_1_190' title='bbox 1213 2665 1245 2735; x_wconf 80' lang='grc' dir='ltr'>ἢ</span> <span class='ocrx_word' id='word_1_191' title='bbox 1307 2665 1557 2733; x_wconf 75' lang='grc' dir='ltr'>φανερῶς</span> <span class='ocrx_word' id='word_1_192' title='bbox 1608 2668 1891 2732; x_wconf 67' lang='grc' dir='ltr'>κρατήσας</span> 
     </span>
    </p>
   </div>
   <div class='ocr_carea' id='block_1_25' title="bbox 314 2754 1892 2827">
    <p class='ocr_par' dir='ltr' id='par_1_25' title="bbox 314 2754 1892 2827">
     <span class='ocr_line' id='line_1_25' title="bbox 314 2754 1892 2827; baseline -0.003 -14"><span class='ocrx_word' id='word_1_193' title='bbox 314 2759 535 2826; x_wconf 84' lang='grc' dir='ltr'>αὐτῶν;</span> <span class='ocrx_word' id='word_1_194' title='bbox 591 2758 814 2820; x_wconf 75' lang='grc' dir='ltr'><strong>ἐκείνως</strong></span> <span class='ocrx_word' id='word_1_195' title='bbox 851 2757 950 2826; x_wconf 77' lang='grc' dir='ltr'>μὲν</span> <span class='ocrx_word' id='word_1_196' title='bbox 1004 2758 1115 2827; x_wconf 82' lang='grc' dir='ltr'>γὰρ</span> <span class='ocrx_word' id='word_1_197' title='bbox 1163 2754 1365 2826; x_wconf 72' lang='grc' dir='ltr'>ζημίας</span> <span class='ocrx_word' id='word_1_198' title='bbox 1400 2757 1527 2811; x_wconf 77' lang='grc' dir='ltr'>ἄνευ</span> <span class='ocrx_word' id='word_1_199' title='bbox 1574 2759 1607 2827; x_wconf 80' lang='grc' dir='ltr'>ἠ</span> <span class='ocrx_word' id='word_1_200' title='bbox 1660 2757 1783 2825; x_wconf 78' lang='grc' dir='ltr'>νίκη</span> <span class='ocrx_word' id='word_1_201' title='bbox 1813 2754 1892 2825; x_wconf 85' lang='grc' dir='ltr'>τῷ</span> 
     </span>
    </p>
   </div>
   <div class='ocr_carea' id='block_1_26' title="bbox 317 2845 1892 2921">
    <p class='ocr_par' dir='ltr' id='par_1_26' title="bbox 317 2845 1892 2921">
     <span class='ocr_line' id='line_1_26' title="bbox 317 2845 1892 2921; baseline -0.003 -18"><span class='ocrx_word' id='word_1_202' title='bbox 317 2848 634 2921; x_wconf 84' lang='grc' dir='ltr'>στρατηγῷ·</span> <span class='ocrx_word' id='word_1_203' title='bbox 663 2848 805 2901; x_wconf 78' lang='grc' dir='ltr'>οὕτω</span> <span class='ocrx_word' id='word_1_204' title='bbox 830 2846 888 2901; x_wconf 76' lang='grc' dir='ltr'><strong>δὲ</strong></span> <span class='ocrx_word' id='word_1_205' title='bbox 925 2846 1155 2909; x_wconf 79' lang='grc' dir='ltr'>πολλοὺς</span> <span class='ocrx_word' id='word_1_206' title='bbox 1181 2848 1394 2917; x_wconf 71' lang='grc' dir='ltr'>ἀνάγκη</span> <span class='ocrx_word' id='word_1_207' title='bbox 1424 2847 1532 2898; x_wconf 81' lang='grc' dir='ltr'>τῶν</span> <span class='ocrx_word' id='word_1_208' title='bbox 1578 2845 1725 2898; x_wconf 75' lang='grc' dir='ltr'>ἰδίων</span> <span class='ocrx_word' id='word_1_209' title='bbox 1755 2848 1892 2898; x_wconf 83' lang='grc' dir='ltr'>ἁπο-</span> 
     </span>
    </p>
   </div>
   <div class='ocr_carea' id='block_1_27' title="bbox 317 2939 1891 3012">
    <p class='ocr_par' dir='ltr' id='par_1_27' title="bbox 317 2939 1891 3012">
     <span class='ocr_line' id='line_1_27' title="bbox 317 2939 1891 3012; baseline -0.002 -18"><span class='ocrx_word' id='word_1_210' title='bbox 317 2944 529 2998; x_wconf 80' lang='grc' dir='ltr'>ϐαλείν.</span> <span class='ocrx_word' id='word_1_211' title='bbox 562 2942 669 2995; x_wconf 77' lang='grc' dir='ltr'>Καί</span> <span class='ocrx_word' id='word_1_212' title='bbox 700 2959 789 3012; x_wconf 87' lang='grc' dir='ltr'><strong>μοι</strong></span> <span class='ocrx_word' id='word_1_213' title='bbox 820 2942 957 3011; x_wconf 75' lang='grc' dir='ltr'>πρὸς</span> <span class='ocrx_word' id='word_1_214' title='bbox 984 2939 1158 2995; x_wconf 82' lang='grc' dir='ltr'>ταῦτα</span> <span class='ocrx_word' id='word_1_215' title='bbox 1202 2942 1594 3010; x_wconf 78' lang='grc' dir='ltr'><strong>συμμαρτυρεῖ</strong></span> <span class='ocrx_word' id='word_1_216' title='bbox 1620 2940 1714 2991; x_wconf 70' lang='grc' dir='ltr'>καὶ</span> <span class='ocrx_word' id='word_1_217' title='bbox 1747 2940 1891 2992; x_wconf 76' lang='grc' dir='ltr'>ἱστο-</span> 
     </span>
    </p>
   </div>
   <div class='ocr_carea' id='block_1_28' title="bbox 319 3031 1894 3105">
    <p class='ocr_par' dir='ltr' id='par_1_28' title="bbox 319 3031 1894 3105">
     <span class='ocr_line' id='line_1_28' title="bbox 319 3031 1894 3105; baseline -0.001 -17"><span class='ocrx_word' id='word_1_218' title='bbox 319 3035 409 3105; x_wconf 84' lang='grc' dir='ltr'><strong>ρία</strong></span> <span class='ocrx_word' id='word_1_219' title='bbox 434 3034 528 3088; x_wconf 81' lang='grc' dir='ltr'><strong>καὶ</strong></span> <span class='ocrx_word' id='word_1_220' title='bbox 570 3033 808 3102; x_wconf 79' lang='grc' dir='ltr'>ποίησις,</span> <span class='ocrx_word' id='word_1_221' title='bbox 845 3033 940 3086; x_wconf 73' lang='grc' dir='ltr'>καὶ</span> <span class='ocrx_word' id='word_1_222' title='bbox 971 3033 1132 3101; x_wconf 81' lang='grc' dir='ltr'><strong>γέμει</strong></span> <span class='ocrx_word' id='word_1_223' title='bbox 1162 3031 1275 3084; x_wconf 85' lang='grc' dir='ltr'><strong>τῶν</strong></span> <span class='ocrx_word' id='word_1_224' title='bbox 1320 3031 1578 3086; x_wconf 78' lang='grc' dir='ltr'>τοιούτων</span> <span class='ocrx_word' id='word_1_225' title='bbox 1607 3032 1642 3103; x_wconf 83' lang='grc' dir='ltr'>ἦ</span> <span class='ocrx_word' id='word_1_226' title='bbox 1681 3050 1739 3085; x_wconf 87' lang='grc' dir='ltr'><strong>τε</strong></span> <span class='ocrx_word' id='word_1_227' title='bbox 1774 3032 1894 3104; x_wconf 72' lang='grc' dir='ltr'>ιερὰ</span> 
     </span>
    </p>
   </div>
   <div class='ocr_carea' id='block_1_29' title="bbox 1091 306 2775 404">
    <p class='ocr_par' dir='ltr' id='par_1_29' title="bbox 1091 306 2775 404">
     <span class='ocr_line' id='line_1_29' title="bbox 1091 306 2775 404; baseline -0.004 -1"><span class='ocrx_word' id='word_1_228' title='bbox 1091 312 1492 404; x_wconf 72' lang='lat' dir='ltr'><strong>Tuaenont</strong></span> <span class='ocrx_word' id='word_1_229' title='bbox 1528 339 1891 400; x_wconf 72' lang='lat' dir='ltr'><strong>DESPUT/E</strong></span> <span class='ocrx_word' id='word_1_230' title='bbox 1922 306 2318 398; x_wconf 65' lang='lat' dir='ltr'><strong>LAUuA&#39;rto</strong></span> <span class='ocrx_word' id='word_1_231' title='bbox 2364 336 2775 396; x_wconf 70' lang='lat' dir='ltr'><strong>FUNElsRlS.</strong></span> 
     </span>
    </p>
   </div>
   <div class='ocr_carea' id='block_1_30' title="bbox 222 442 1895 528">
    <p class='ocr_par' dir='ltr' id='par_1_30' title="bbox 222 451 1882 528">
     <span class='ocr_line' id='line_1_30' title="bbox 222 451 1882 528; baseline -0.006 -16"><span class='ocrx_word' id='word_1_232' title='bbox 222 514 231 523; x_wconf 69' lang='grc'><strong>,</strong></span> <span class='ocrx_word' id='word_1_233' title='bbox 317 458 600 528; x_wconf 81' lang='grc' dir='ltr'>ὑμετέρων</span> <span class='ocrx_word' id='word_1_234' title='bbox 626 456 925 525; x_wconf 77' lang='grc' dir='ltr'>ἐξέπεμπε,</span> <span class='ocrx_word' id='word_1_235' title='bbox 968 456 1156 519; x_wconf 86' lang='grc' dir='ltr'>κακῶς</span> <span class='ocrx_word' id='word_1_236' title='bbox 1202 455 1317 515; x_wconf 60' lang='grc' dir='ltr'>καὶ,</span> <span class='ocrx_word' id='word_1_237' title='bbox 1355 455 1531 523; x_wconf 82' lang='grc' dir='ltr'>λέγων</span> <span class='ocrx_word' id='word_1_238' title='bbox 1562 454 1659 506; x_wconf 73' lang='grc' dir='ltr'>καὶ</span> <span class='ocrx_word' id='word_1_239' title='bbox 1686 451 1882 516; x_wconf 84' lang='grc' dir='ltr'>ποιῶν,</span> 
     </span>
    </p>
   </div>
   <div class='ocr_carea' id='block_1_31' title="bbox 2002 442 3561 528">
    <p class='ocr_par' dir='ltr' id='par_1_31' title="bbox 2002 442 3561 516">
     <span class='ocr_line' id='line_1_31' title="bbox 2002 442 3561 516; baseline -0.003 -15"><span class='ocrx_word' id='word_1_240' title='bbox 2002 458 2048 501; x_wconf 81' lang='lat' dir='ltr'><strong>tt</strong></span> <span class='ocrx_word' id='word_1_241' title='bbox 2088 447 2215 514; x_wconf 86' lang='lat' dir='ltr'><strong>quis</strong></span> <span class='ocrx_word' id='word_1_242' title='bbox 2246 457 2489 501; x_wconf 74' lang='lat' dir='ltr'><strong>vestrum</strong></span> <span class='ocrx_word' id='word_1_243' title='bbox 2516 447 2835 516; x_wconf 74' lang='lat' dir='ltr'><strong>legationem</strong></span> <span class='ocrx_word' id='word_1_244' title='bbox 2863 445 2930 500; x_wconf 87' lang='lat' dir='ltr'><strong>de.</strong></span> <span class='ocrx_word' id='word_1_245' title='bbox 2956 459 3087 514; x_wconf 84' lang='lat' dir='ltr'><strong>pace</strong></span> <span class='ocrx_word' id='word_1_246' title='bbox 3115 444 3181 498; x_wconf 84' lang='lat' dir='ltr'><strong>ad</strong></span> <span class='ocrx_word' id='word_1_247' title='bbox 3210 458 3336 498; x_wconf 88' lang='lat' dir='ltr'><strong>euut</strong></span> <span class='ocrx_word' id='word_1_248' title='bbox 3358 442 3561 496; x_wconf 83' lang='lat' dir='ltr'><strong>obiret.</strong></span> 
     </span>
    </p>
   </div>
   <div class='ocr_carea' id='block_1_32' title="bbox 3452 330 3562 393">
    <p class='ocr_par' dir='ltr' id='par_1_32' title="bbox 3452 330 3562 393">
     <span class='ocr_line' id='line_1_32' title="bbox 3452 330 3562 393; baseline 0.018 -3"><span class='ocrx_word' id='word_1_249' title='bbox 3452 330 3562 393; x_wconf 69' lang='lat'><strong>9.58</strong></span> 
     </span>
    </p>
   </div>
   <div class='ocr_carea' id='block_1_33' title="bbox 1990 535 3563 609">
    <p class='ocr_par' dir='ltr' id='par_1_33' title="bbox 1990 535 3563 609">
     <span class='ocr_line' id='line_1_33' title="bbox 1990 535 3563 609; baseline -0.005 -13"><span class='ocrx_word' id='word_1_250' title='bbox 1990 541 2157 596; x_wconf 93' lang='lat' dir='ltr'><strong>Scitis</strong></span> <span class='ocrx_word' id='word_1_251' title='bbox 2188 553 2328 609; x_wconf 89' lang='lat' dir='ltr'><strong>quos</strong></span> <span class='ocrx_word' id='word_1_252' title='bbox 2351 550 2618 598; x_wconf 84' lang='lat' dir='ltr'><strong>vestrum,</strong></span> <span class='ocrx_word' id='word_1_253' title='bbox 2653 538 2793 591; x_wconf 88' lang='lat' dir='ltr'><strong>male</strong></span> <span class='ocrx_word' id='word_1_254' title='bbox 2818 538 2999 590; x_wconf 72' lang='lat' dir='ltr'><strong>Verbis</strong></span> <span class='ocrx_word' id='word_1_255' title='bbox 3029 554 3093 595; x_wconf 77' lang='lat' dir='ltr'><strong>ac</strong></span> <span class='ocrx_word' id='word_1_256' title='bbox 3128 537 3289 591; x_wconf 85' lang='lat' dir='ltr'><strong>rebus</strong></span> <span class='ocrx_word' id='word_1_257' title='bbox 3322 535 3563 597; x_wconf 83' lang='lat' dir='ltr'><strong>habitus,</strong></span> 
     </span>
    </p>
   </div>
   <div class='ocr_carea' id='block_1_34' title="bbox 1988 628 3566 699">
    <p class='ocr_par' dir='ltr' id='par_1_34' title="bbox 1988 628 3566 699">
     <span class='ocr_line' id='line_1_34' title="bbox 1988 628 3566 699; baseline -0.006 -12"><span class='ocrx_word' id='word_1_258' title='bbox 1988 633 2073 687; x_wconf 83' lang='lat' dir='ltr'><strong>vir</strong></span> <span class='ocrx_word' id='word_1_259' title='bbox 2125 631 2561 686; x_wconf 77' lang='lat' dir='ltr'><strong>contumeliosus</strong></span> <span class='ocrx_word' id='word_1_260' title='bbox 2620 631 2887 683; x_wconf 76' lang='lat' dir='ltr'><strong>emiserit.</strong></span> <span class='ocrx_word' id='word_1_261' title='bbox 2927 629 3035 683; x_wconf 80' lang='lat' dir='ltr'><strong>Res</strong></span> <span class='ocrx_word' id='word_1_262' title='bbox 3086 643 3236 699; x_wconf 75' lang='lat' dir='ltr'><strong>ergo,</strong></span> <span class='ocrx_word' id='word_1_263' title='bbox 3268 629 3377 681; x_wconf 89' lang='lat' dir='ltr'><strong>Deo</strong></span> <span class='ocrx_word' id='word_1_264' title='bbox 3424 628 3566 680; x_wconf 83' lang='lat' dir='ltr'><strong>bene</strong></span> 
     </span>
    </p>
   </div>
   <div class='ocr_carea' id='block_1_35' title="bbox 1988 719 3562 793">
    <p class='ocr_par' dir='ltr' id='par_1_35' title="bbox 1988 719 3562 793">
     <span class='ocr_line' id='line_1_35' title="bbox 1988 719 3562 793; baseline -0.005 -15"><span class='ocrx_word' id='word_1_265' title='bbox 1988 725 2234 793; x_wconf 81' lang='lat' dir='ltr'><strong>auspice,</strong></span> <span class='ocrx_word' id='word_1_266' title='bbox 2272 724 2475 777; x_wconf 86' lang='lat' dir='ltr'><strong>bonum</strong></span> <span class='ocrx_word' id='word_1_267' title='bbox 2548 723 2757 791; x_wconf 77' lang='lat' dir='ltr'><strong>accepit</strong></span> <span class='ocrx_word' id='word_1_268' title='bbox 2808 722 2993 781; x_wconf 74' lang='lat' dir='ltr'><strong>tinem,</strong></span> <span class='ocrx_word' id='word_1_269' title='bbox 3042 720 3352 785; x_wconf 85' lang='lat' dir='ltr'><strong>evenitque,</strong></span> <span class='ocrx_word' id='word_1_270' title='bbox 3418 719 3562 786; x_wconf 87' lang='lat' dir='ltr'><strong>qqu</strong></span> 
     </span>
    </p>
   </div>
   <div class='ocr_carea' id='block_1_36' title="bbox 1990 812 3557 883">
    <p class='ocr_par' dir='ltr' id='par_1_36' title="bbox 1990 812 3557 883">
     <span class='ocr_line' id='line_1_36' title="bbox 1990 812 3557 883; baseline -0.003 -16"><span class='ocrx_word' id='word_1_271' title='bbox 1990 813 2372 883; x_wconf 79' lang='lat' dir='ltr'><strong>precabantur.</strong></span> <span class='ocrx_word' id='word_1_272' title='bbox 2412 813 2518 880; x_wconf 87' lang='lat' dir='ltr'><strong>Qui</strong></span> <span class='ocrx_word' id='word_1_273' title='bbox 2553 830 2717 883; x_wconf 84' lang='lat' dir='ltr'><strong>porro</strong></span> <span class='ocrx_word' id='word_1_274' title='bbox 2743 816 2822 868; x_wconf 89' lang='lat' dir='ltr'><strong>sic</strong></span> <span class='ocrx_word' id='word_1_275' title='bbox 2853 815 2989 867; x_wconf 63' lang='lat' dir='ltr'><strong>bene</strong></span> <span class='ocrx_word' id='word_1_276' title='bbox 3022 828 3132 865; x_wconf 84' lang='lat' dir='ltr'><strong>rem</strong></span> <span class='ocrx_word' id='word_1_277' title='bbox 3148 812 3335 881; x_wconf 79' lang='lat' dir='ltr'><strong>gessit,</strong></span> <span class='ocrx_word' id='word_1_278' title='bbox 3367 826 3557 865; x_wconf 90' lang='lat' dir='ltr'><strong>eorum</strong></span> 
     </span>
    </p>
   </div>
   <div class='ocr_carea' id='block_1_37' title="bbox 1994 906 3562 977">
    <p class='ocr_par' dir='ltr' id='par_1_37' title="bbox 1994 906 3562 977">
     <span class='ocr_line' id='line_1_37' title="bbox 1994 906 3562 977; baseline -0.002 -16"><span class='ocrx_word' id='word_1_279' title='bbox 1994 909 2190 965; x_wconf 87' lang='lat' dir='ltr'><strong>merito</strong></span> <span class='ocrx_word' id='word_1_280' title='bbox 2213 910 2398 963; x_wconf 91' lang='lat' dir='ltr'><strong>audiat</strong></span> <span class='ocrx_word' id='word_1_281' title='bbox 2440 910 2700 974; x_wconf 66' lang='lat' dir='ltr'><strong>saltator,</strong></span> <span class='ocrx_word' id='word_1_282' title='bbox 2751 908 2952 977; x_wconf 80' lang='lat' dir='ltr'><strong>quibus</strong></span> <span class='ocrx_word' id='word_1_283' title='bbox 2988 922 3107 961; x_wconf 88' lang='lat' dir='ltr'><strong>eam</strong></span> <span class='ocrx_word' id='word_1_284' title='bbox 3139 907 3368 961; x_wconf 86' lang='lat' dir='ltr'><strong>salutem</strong></span> <span class='ocrx_word' id='word_1_285' title='bbox 3400 906 3562 969; x_wconf 67' lang='lat' dir='ltr'><strong>fet-it;</strong></span> 
     </span>
    </p>
   </div>
   <div class='ocr_carea' id='block_1_38' title="bbox 1991 1000 3558 1070">
    <p class='ocr_par' dir='ltr' id='par_1_38' title="bbox 1991 1000 3558 1070">
     <span class='ocr_line' id='line_1_38' title="bbox 1991 1000 3558 1070; baseline -0.003 -14"><span class='ocrx_word' id='word_1_286' title='bbox 1991 1010 2155 1070; x_wconf 87' lang='lat' dir='ltr'><strong>atque</strong></span> <span class='ocrx_word' id='word_1_287' title='bbox 2197 1014 2317 1070; x_wconf 87' lang='lat' dir='ltr'><strong>post</strong></span> <span class='ocrx_word' id='word_1_288' title='bbox 2352 1003 2519 1055; x_wconf 88' lang='lat' dir='ltr'><strong>Deum</strong></span> <span class='ocrx_word' id='word_1_289' title='bbox 2555 1003 2624 1055; x_wconf 84' lang='lat' dir='ltr'><strong>ab</strong></span> <span class='ocrx_word' id='word_1_290' title='bbox 2667 1000 2747 1056; x_wconf 82' lang='lat' dir='ltr'><strong>eis</strong></span> <span class='ocrx_word' id='word_1_291' title='bbox 2806 1001 3127 1064; x_wconf 87' lang='lat' dir='ltr'><strong>houoretur,</strong></span> <span class='ocrx_word' id='word_1_292' title='bbox 3188 1000 3558 1066; x_wconf 75' lang='lat' dir='ltr'><strong>maioresque.</strong></span> 
     </span>
    </p>
   </div>
   <div class='ocr_carea' id='block_1_39' title="bbox 1997 1090 3568 1157">
    <p class='ocr_par' dir='ltr' id='par_1_39' title="bbox 1997 1090 3568 1157">
     <span class='ocr_line' id='line_1_39' title="bbox 1997 1090 3568 1157; baseline -0.003 -12"><span class='ocrx_word' id='word_1_293' title='bbox 1997 1103 2057 1145; x_wconf 91' lang='lat' dir='ltr'><strong>ut</strong></span> <span class='ocrx_word' id='word_1_294' title='bbox 2088 1093 2179 1145; x_wconf 88' lang='lat' dir='ltr'><strong>ttlli</strong></span> <span class='ocrx_word' id='word_1_295' title='bbox 2230 1094 2366 1147; x_wconf 84' lang='lat' dir='ltr'><strong>tales</strong></span> <span class='ocrx_word' id='word_1_296' title='bbox 2420 1094 2704 1146; x_wconf 81' lang='lat' dir='ltr'><strong>hominum</strong></span> <span class='ocrx_word' id='word_1_297' title='bbox 2747 1092 2929 1146; x_wconf 87' lang='lat' dir='ltr'><strong>studio</strong></span> <span class='ocrx_word' id='word_1_298' title='bbox 2961 1090 3162 1145; x_wconf 76' lang='lat' dir='ltr'><strong>fuerint</strong></span> <span class='ocrx_word' id='word_1_299' title='bbox 3191 1104 3431 1157; x_wconf 84' lang='lat' dir='ltr'><strong>unquam</strong></span> <span class='ocrx_word' id='word_1_300' title='bbox 3473 1098 3568 1141; x_wconf 87' lang='lat' dir='ltr'><strong>aut</strong></span> 
     </span>
    </p>
   </div>
   <div class='ocr_carea' id='block_1_40' title="bbox 1954 1185 2830 1254">
    <p class='ocr_par' dir='ltr' id='par_1_40' title="bbox 1954 1185 2830 1254">
     <span class='ocr_line' id='line_1_40' title="bbox 1954 1185 2830 1254; baseline 0.003 -18"><span class='ocrx_word' id='word_1_301' title='bbox 1954 1200 1970 1209; x_wconf 77' lang='lat'><strong>&#39;</strong></span> <span class='ocrx_word' id='word_1_302' title='bbox 1993 1192 2274 1254; x_wconf 87' lang='lat' dir='ltr'><strong>putentur,</strong></span> <span class='ocrx_word' id='word_1_303' title='bbox 2320 1187 2557 1240; x_wconf 84' lang='lat' dir='ltr'><strong>honores</strong></span> <span class='ocrx_word' id='word_1_304' title='bbox 2578 1185 2830 1253; x_wconf 80' lang='lat' dir='ltr'><strong>accipiat.</strong></span> 
     </span>
    </p>
   </div>
   <div class='ocr_carea' id='block_1_41' title="bbox 2064 1272 3568 1347">
    <p class='ocr_par' dir='ltr' id='par_1_41' title="bbox 2064 1272 3568 1347">
     <span class='ocr_line' id='line_1_41' title="bbox 2064 1272 3568 1347; baseline -0.003 -16"><span class='ocrx_word' id='word_1_305' title='bbox 2064 1276 2145 1331; x_wconf 85' lang='lat' dir='ltr'><strong>Sit</strong></span> <span class='ocrx_word' id='word_1_306' title='bbox 2177 1291 2303 1331; x_wconf 80' lang='lat' dir='ltr'><strong>vero</strong></span> <span class='ocrx_word' id='word_1_307' title='bbox 2342 1278 2435 1346; x_wconf 87' lang='lat' dir='ltr'><strong>qui</strong></span> <span class='ocrx_word' id='word_1_308' title='bbox 2476 1288 2739 1347; x_wconf 85' lang='lat' dir='ltr'><strong>opponat,</strong></span> <span class='ocrx_word' id='word_1_309' title='bbox 2784 1277 3022 1346; x_wconf 81' lang='lat' dir='ltr'><strong>quadam</strong></span> <span class='ocrx_word' id='word_1_310' title='bbox 3088 1289 3198 1328; x_wconf 90' lang='lat' dir='ltr'><strong>rem</strong></span> <span class='ocrx_word' id='word_1_311' title='bbox 3246 1272 3568 1343; x_wconf 81' lang='lat' dir='ltr'><strong>deceptione</strong></span> 
     </span>
    </p>
   </div>
   <div class='ocr_carea' id='block_1_42' title="bbox 1989 1363 3567 1439">
    <p class='ocr_par' dir='ltr' id='par_1_42' title="bbox 1989 1363 3567 1439">
     <span class='ocr_line' id='line_1_42' title="bbox 1989 1363 3567 1439; baseline -0.004 -17"><span class='ocrx_word' id='word_1_312' title='bbox 1989 1378 2195 1439; x_wconf 74' lang='lat' dir='ltr'><strong>gestam</strong></span> <span class='ocrx_word' id='word_1_313' title='bbox 2235 1385 2297 1425; x_wconf 83' lang='lat' dir='ltr'><strong>ac</strong></span> <span class='ocrx_word' id='word_1_314' title='bbox 2328 1386 2420 1438; x_wconf 87' lang='lat' dir='ltr'><strong>per</strong></span> <span class='ocrx_word' id='word_1_315' title='bbox 2447 1384 2691 1423; x_wconf 66' lang='lat' dir='ltr'><strong>srenam.</strong></span> <span class='ocrx_word' id='word_1_316' title='bbox 2712 1363 2866 1422; x_wconf 79' lang='lat' dir='ltr'><strong>Haud</strong></span> <span class='ocrx_word' id='word_1_317' title='bbox 2892 1366 3169 1422; x_wconf 71' lang='lat' dir='ltr'><strong>enimvero</strong></span> <span class='ocrx_word' id='word_1_318' title='bbox 3195 1369 3392 1435; x_wconf 84' lang='lat' dir='ltr'><strong>utquis</strong></span> <span class='ocrx_word' id='word_1_319' title='bbox 3419 1380 3567 1419; x_wconf 73' lang='lat' dir='ltr'><strong>suum</strong></span> 
     </span>
    </p>
   </div>
   <div class='ocr_carea' id='block_1_43' title="bbox 1991 1457 3564 1527">
    <p class='ocr_par' dir='ltr' id='par_1_43' title="bbox 1991 1457 3564 1527">
     <span class='ocr_line' id='line_1_43' title="bbox 1991 1457 3564 1527; baseline -0.001 -15"><span class='ocrx_word' id='word_1_320' title='bbox 1991 1459 2058 1513; x_wconf 85' lang='lat' dir='ltr'><strong>sit</strong></span> <span class='ocrx_word' id='word_1_321' title='bbox 2091 1462 2290 1514; x_wconf 90' lang='lat' dir='ltr'><strong>utentis</strong></span> <span class='ocrx_word' id='word_1_322' title='bbox 2331 1475 2396 1514; x_wconf 89' lang='lat' dir='ltr'><strong>ac</strong></span> <span class='ocrx_word' id='word_1_323' title='bbox 2455 1471 2603 1515; x_wconf 87' lang='lat' dir='ltr'><strong>recte</strong></span> <span class='ocrx_word' id='word_1_324' title='bbox 2637 1461 2966 1514; x_wconf 82' lang='lat' dir='ltr'><strong>sententiam</strong></span> <span class='ocrx_word' id='word_1_325' title='bbox 3019 1458 3167 1513; x_wconf 73' lang='lat' dir='ltr'><strong>ferre</strong></span> <span class='ocrx_word' id='word_1_326' title='bbox 3226 1458 3368 1513; x_wconf 83' lang='lat' dir='ltr'><strong>sciat</strong></span> <span class='ocrx_word' id='word_1_327' title='bbox 3418 1475 3432 1522; x_wconf 88' lang='lat'><strong>;</strong></span> <span class='ocrx_word' id='word_1_328' title='bbox 3470 1457 3564 1527; x_wconf 88' lang='lat' dir='ltr'><strong>qui</strong></span> 
     </span>
    </p>
   </div>
   <div class='ocr_carea' id='block_1_44' title="bbox 1995 1550 3552 1621">
    <p class='ocr_par' dir='ltr' id='par_1_44' title="bbox 1995 1550 3552 1621">
     <span class='ocr_line' id='line_1_44' title="bbox 1995 1550 3552 1621; baseline -0.001 -17"><span class='ocrx_word' id='word_1_329' title='bbox 1995 1550 2280 1613; x_wconf 88' lang='lat' dir='ltr'><strong>nimirum.</strong></span> <span class='ocrx_word' id='word_1_330' title='bbox 2314 1552 2513 1606; x_wconf 88' lang='lat' dir='ltr'><strong>neduttt</strong></span> <span class='ocrx_word' id='word_1_331' title='bbox 2565 1552 2890 1621; x_wconf 88' lang='lat' dir='ltr'><strong>simpliciter</strong></span> <span class='ocrx_word' id='word_1_332' title='bbox 2914 1553 2968 1605; x_wconf 92' lang='lat' dir='ltr'><strong>in</strong></span> <span class='ocrx_word' id='word_1_333' title='bbox 3008 1567 3095 1606; x_wconf 89' lang='lat' dir='ltr'><strong>res</strong></span> <span class='ocrx_word' id='word_1_334' title='bbox 3136 1566 3258 1621; x_wconf 64' lang='lat' dir='ltr'><strong>quae</strong></span> <span class='ocrx_word' id='word_1_335' title='bbox 3291 1558 3552 1620; x_wconf 76' lang='lat' dir='ltr'><strong>aguntur,</strong></span> 
     </span>
    </p>
   </div>
   <div class='ocr_carea' id='block_1_45' title="bbox 1993 1644 3566 1714">
    <p class='ocr_par' dir='ltr' id='par_1_45' title="bbox 1993 1644 3566 1714">
     <span class='ocr_line' id='line_1_45' title="bbox 1993 1644 3566 1714; baseline -0.001 -17"><span class='ocrx_word' id='word_1_336' title='bbox 1993 1644 2089 1698; x_wconf 90' lang='lat' dir='ltr'><strong>sed</strong></span> <span class='ocrx_word' id='word_1_337' title='bbox 2119 1653 2177 1698; x_wconf 91' lang='lat' dir='ltr'><strong>et</strong></span> <span class='ocrx_word' id='word_1_338' title='bbox 2204 1645 2422 1698; x_wconf 86' lang='lat' dir='ltr'><strong>abunde</strong></span> <span class='ocrx_word' id='word_1_339' title='bbox 2453 1646 2505 1697; x_wconf 92' lang='lat' dir='ltr'><strong>in</strong></span> <span class='ocrx_word' id='word_1_340' title='bbox 2542 1645 2781 1698; x_wconf 85' lang='lat' dir='ltr'><strong>animum</strong></span> <span class='ocrx_word' id='word_1_341' title='bbox 2824 1645 3061 1714; x_wconf 77' lang='lat' dir='ltr'><strong>agentis,</strong></span> <span class='ocrx_word' id='word_1_342' title='bbox 3111 1659 3175 1698; x_wconf 86' lang='lat' dir='ltr'><strong>ac</strong></span> <span class='ocrx_word' id='word_1_343' title='bbox 3228 1645 3456 1698; x_wconf 89' lang='lat' dir='ltr'><strong>omnino</strong></span> <span class='ocrx_word' id='word_1_344' title='bbox 3507 1651 3566 1696; x_wconf 88' lang='lat' dir='ltr'><strong>ttt</strong></span> 
     </span>
    </p>
   </div>
   <div class='ocr_carea' id='block_1_46' title="bbox 1992 1736 3564 1808">
    <p class='ocr_par' dir='ltr' id='par_1_46' title="bbox 1992 1736 3564 1808">
     <span class='ocr_line' id='line_1_46' title="bbox 1992 1736 3564 1808; baseline 0 -19"><span class='ocrx_word' id='word_1_345' title='bbox 1992 1738 2159 1791; x_wconf 77' lang='lat' dir='ltr'><strong>verbo</strong></span> <span class='ocrx_word' id='word_1_346' title='bbox 2190 1737 2394 1802; x_wconf 86' lang='lat' dir='ltr'><strong>dicam,</strong></span> <span class='ocrx_word' id='word_1_347' title='bbox 2448 1737 2503 1791; x_wconf 89' lang='lat' dir='ltr'><strong>itt</strong></span> <span class='ocrx_word' id='word_1_348' title='bbox 2566 1752 2653 1802; x_wconf 79' lang='lat' dir='ltr'><strong>ea,</strong></span> <span class='ocrx_word' id='word_1_349' title='bbox 2704 1739 2906 1808; x_wconf 87' lang='lat' dir='ltr'><strong>qttihtts</strong></span> <span class='ocrx_word' id='word_1_350' title='bbox 2964 1738 3087 1793; x_wconf 82' lang='lat' dir='ltr'><strong>ﬁnis</strong></span> <span class='ocrx_word' id='word_1_351' title='bbox 3134 1737 3331 1792; x_wconf 69' lang='lat' dir='ltr'><strong>habt-at</strong></span> <span class='ocrx_word' id='word_1_352' title='bbox 3393 1736 3564 1790; x_wconf 75' lang='lat' dir='ltr'><strong>videri</strong></span> 
     </span>
    </p>
   </div>
   <div class='ocr_carea' id='block_1_47' title="bbox 1988 1828 3568 1901">
    <p class='ocr_par' dir='ltr' id='par_1_47' title="bbox 1988 1828 3568 1901">
     <span class='ocr_line' id='line_1_47' title="bbox 1988 1828 3568 1901; baseline 0.001 -18"><span class='ocrx_word' id='word_1_353' title='bbox 1988 1830 2185 1896; x_wconf 87' lang='lat' dir='ltr'><strong>bonus,</strong></span> <span class='ocrx_word' id='word_1_354' title='bbox 2222 1842 2318 1884; x_wconf 87' lang='lat' dir='ltr'><strong>aut</strong></span> <span class='ocrx_word' id='word_1_355' title='bbox 2351 1845 2459 1884; x_wconf 86' lang='lat' dir='ltr'><strong>non</strong></span> <span class='ocrx_word' id='word_1_356' title='bbox 2487 1832 2692 1895; x_wconf 83' lang='lat' dir='ltr'><strong>bonus,</strong></span> <span class='ocrx_word' id='word_1_357' title='bbox 2747 1831 3131 1901; x_wconf 86' lang='lat' dir='ltr'><strong>aspiciendum</strong></span> <span class='ocrx_word' id='word_1_358' title='bbox 3162 1833 3385 1885; x_wconf 89' lang='lat' dir='ltr'><strong>sentiat.</strong></span> <span class='ocrx_word' id='word_1_359' title='bbox 3456 1828 3568 1884; x_wconf 73' lang='lat' dir='ltr'><strong>Nec</strong></span> 
     </span>
    </p>
   </div>
   <div class='ocr_carea' id='block_1_48' title="bbox 1987 1907 3564 1993">
    <p class='ocr_par' dir='ltr' id='par_1_48' title="bbox 1987 1907 3564 1993">
     <span class='ocr_line' id='line_1_48' title="bbox 1987 1907 3564 1993; baseline -0.001 -16"><span class='ocrx_word' id='word_1_360' title='bbox 1987 1922 2133 1977; x_wconf 85' lang='lat' dir='ltr'><strong>enim</strong></span> <span class='ocrx_word' id='word_1_361' title='bbox 2174 1923 2331 1992; x_wconf 81' lang='lat' dir='ltr'><strong>cujus</strong></span> <span class='ocrx_word' id='word_1_362' title='bbox 2352 1924 2583 1991; x_wconf 80' lang='lat' dir='ltr'><strong>&#39;gerendi</strong></span> <span class='ocrx_word' id='word_1_363' title='bbox 2618 1924 2763 1977; x_wconf 82' lang='lat' dir='ltr'><strong>ratio</strong></span> <span class='ocrx_word' id='word_1_364' title='bbox 2795 1929 3061 1993; x_wconf 80' lang='lat' dir='ltr'><strong>quosdam</strong></span> <span class='ocrx_word' id='word_1_365' title='bbox 3088 1925 3241 1987; x_wconf 81' lang='lat' dir='ltr'><strong>latet,</strong></span> <span class='ocrx_word' id='word_1_366' title='bbox 3268 1924 3321 1977; x_wconf 89' lang='lat' dir='ltr'><strong>in</strong></span> <span class='ocrx_word' id='word_1_367' title='bbox 3352 1907 3564 1976; x_wconf 64' lang='lat' dir='ltr'><strong>crin&#39;teu</strong></span> 
     </span>
    </p>
   </div>
   <div class='ocr_carea' id='block_1_49' title="bbox 1988 2014 3569 2087">
    <p class='ocr_par' dir='ltr' id='par_1_49' title="bbox 1988 2014 3569 2087">
     <span class='ocr_line' id='line_1_49' title="bbox 1988 2014 3569 2087; baseline 0.002 -18"><span class='ocrx_word' id='word_1_368' title='bbox 1988 2014 2169 2069; x_wconf 82' lang='lat' dir='ltr'><strong>statim</strong></span> <span class='ocrx_word' id='word_1_369' title='bbox 2223 2017 2526 2071; x_wconf 73' lang='lat' dir='ltr'><strong>vocandum</strong></span> <span class='ocrx_word' id='word_1_370' title='bbox 2549 2017 2620 2072; x_wconf 85' lang='lat' dir='ltr'><strong>sit</strong></span> <span class='ocrx_word' id='word_1_371' title='bbox 2652 2034 2666 2071; x_wconf 91' lang='lat'>:</span> <span class='ocrx_word' id='word_1_372' title='bbox 2708 2017 2841 2082; x_wconf 84' lang='lat' dir='ltr'><strong>quin</strong></span> <span class='ocrx_word' id='word_1_373' title='bbox 2875 2018 2944 2071; x_wconf 88' lang='lat' dir='ltr'><strong>iis</strong></span> <span class='ocrx_word' id='word_1_374' title='bbox 2968 2032 3206 2087; x_wconf 87' lang='lat' dir='ltr'><strong>quoque,</strong></span> <span class='ocrx_word' id='word_1_375' title='bbox 3244 2030 3383 2087; x_wconf 92' lang='lat' dir='ltr'><strong>quos</strong></span> <span class='ocrx_word' id='word_1_376' title='bbox 3411 2015 3569 2071; x_wconf 77' lang='lat' dir='ltr'><strong>valde</strong></span> 
     </span>
    </p>
   </div>
   <div class='ocr_carea' id='block_1_50' title="bbox 1987 2105 3567 2177">
    <p class='ocr_par' dir='ltr' id='par_1_50' title="bbox 1987 2105 3567 2177">
     <span class='ocr_line' id='line_1_50' title="bbox 1987 2105 3567 2177; baseline 0.001 -19"><span class='ocrx_word' id='word_1_377' title='bbox 1987 2105 2193 2160; x_wconf 82' lang='lat' dir='ltr'><strong>amicos</strong></span> <span class='ocrx_word' id='word_1_378' title='bbox 2227 2106 2514 2173; x_wconf 82' lang='lat' dir='ltr'><strong>habemus,</strong></span> <span class='ocrx_word' id='word_1_379' title='bbox 2540 2122 2937 2177; x_wconf 83' lang='lat' dir='ltr'><strong>nonnunquam</strong></span> <span class='ocrx_word' id='word_1_380' title='bbox 2968 2107 3257 2162; x_wconf 86' lang='lat' dir='ltr'><strong>consilium</strong></span> <span class='ocrx_word' id='word_1_381' title='bbox 3288 2106 3567 2160; x_wconf 83' lang='lat' dir='ltr'><strong>occultate</strong></span> 
     </span>
    </p>
   </div>
   <div class='ocr_carea' id='block_1_51' title="bbox 1989 2194 3568 2266">
    <p class='ocr_par' dir='ltr' id='par_1_51' title="bbox 1989 2194 3568 2266">
     <span class='ocr_line' id='line_1_51' title="bbox 1989 2194 3568 2266; baseline -0.001 -17"><span class='ocrx_word' id='word_1_382' title='bbox 1989 2205 2234 2266; x_wconf 65' lang='lat' dir='ltr'><strong>praestet.</strong></span> <span class='ocrx_word' id='word_1_383' title='bbox 2269 2194 2339 2251; x_wconf 86' lang='lat' dir='ltr'><strong>Ut</strong></span> <span class='ocrx_word' id='word_1_384' title='bbox 2381 2197 2528 2251; x_wconf 89' lang='lat' dir='ltr'><strong>enim</strong></span> <span class='ocrx_word' id='word_1_385' title='bbox 2567 2197 2703 2252; x_wconf 91' lang='lat' dir='ltr'><strong>nihil</strong></span> <span class='ocrx_word' id='word_1_386' title='bbox 2726 2197 2954 2264; x_wconf 85' lang='lat' dir='ltr'><strong>bonum,</strong></span> <span class='ocrx_word' id='word_1_387' title='bbox 3014 2198 3099 2251; x_wconf 77' lang='lat' dir='ltr'><strong>vel</strong></span> <span class='ocrx_word' id='word_1_388' title='bbox 3136 2196 3181 2252; x_wconf 91' lang='lat' dir='ltr'><strong>si</strong></span> <span class='ocrx_word' id='word_1_389' title='bbox 3236 2197 3417 2264; x_wconf 48' lang='lat' dir='ltr'><strong>dicas.</strong></span> <span class='ocrx_word' id='word_1_390' title='bbox 3444 2211 3568 2265; x_wconf 72' lang='lat' dir='ltr'><strong>qum</strong></span> 
     </span>
    </p>
   </div>
   <div class='ocr_carea' id='block_1_52' title="bbox 1991 2287 3566 2357">
    <p class='ocr_par' dir='ltr' id='par_1_52' title="bbox 1991 2287 3566 2357">
     <span class='ocr_line' id='line_1_52' title="bbox 1991 2287 3566 2357; baseline -0.003 -14"><span class='ocrx_word' id='word_1_391' title='bbox 1991 2287 2227 2343; x_wconf 80' lang='lat' dir='ltr'><strong>maxime</strong></span> <span class='ocrx_word' id='word_1_392' title='bbox 2255 2296 2522 2357; x_wconf 81' lang='lat' dir='ltr'><strong>putantur</strong></span> <span class='ocrx_word' id='word_1_393' title='bbox 2557 2291 2717 2355; x_wconf 77' lang='lat' dir='ltr'><strong>bona,</strong></span> <span class='ocrx_word' id='word_1_394' title='bbox 2745 2289 2850 2342; x_wconf 88' lang='lat' dir='ltr'><strong>nisi</strong></span> <span class='ocrx_word' id='word_1_395' title='bbox 2903 2298 2962 2343; x_wconf 90' lang='lat' dir='ltr'><strong>ut</strong></span> <span class='ocrx_word' id='word_1_396' title='bbox 3006 2288 3183 2352; x_wconf 88' lang='lat' dir='ltr'><strong>aiunt,</strong></span> <span class='ocrx_word' id='word_1_397' title='bbox 3219 2288 3358 2343; x_wconf 87' lang='lat' dir='ltr'><strong>bene</strong></span> <span class='ocrx_word' id='word_1_398' title='bbox 3409 2289 3504 2342; x_wconf 88' lang='lat' dir='ltr'><strong>tiat</strong></span> <span class='ocrx_word' id='word_1_399' title='bbox 3552 2303 3566 2339; x_wconf 74' lang='grc' dir='ltr'><strong>ι</strong></span> 
     </span>
    </p>
   </div>
   <div class='ocr_carea' id='block_1_53' title="bbox 1991 2381 3569 2452">
    <p class='ocr_par' dir='ltr' id='par_1_53' title="bbox 1991 2381 3569 2452">
     <span class='ocr_line' id='line_1_53' title="bbox 1991 2381 3569 2452; baseline -0.003 -14"><span class='ocrx_word' id='word_1_400' title='bbox 1991 2384 2072 2438; x_wconf 91' lang='lat' dir='ltr'><strong>sic</strong></span> <span class='ocrx_word' id='word_1_401' title='bbox 2115 2392 2171 2438; x_wconf 92' lang='lat' dir='ltr'><strong>et</strong></span> <span class='ocrx_word' id='word_1_402' title='bbox 2221 2384 2407 2438; x_wconf 88' lang='lat' dir='ltr'><strong>omnia</strong></span> <span class='ocrx_word' id='word_1_403' title='bbox 2465 2385 2606 2439; x_wconf 88' lang='lat' dir='ltr'><strong>bona</strong></span> <span class='ocrx_word' id='word_1_404' title='bbox 2662 2382 2999 2448; x_wconf 77' lang='lat' dir='ltr'><strong>existimem,</strong></span> <span class='ocrx_word' id='word_1_405' title='bbox 3040 2391 3195 2437; x_wconf 85' lang='lat' dir='ltr'><strong>utea</strong></span> <span class='ocrx_word' id='word_1_406' title='bbox 3238 2382 3363 2452; x_wconf 91' lang='lat' dir='ltr'><strong>quis</strong></span> <span class='ocrx_word' id='word_1_407' title='bbox 3422 2381 3569 2436; x_wconf 88' lang='lat' dir='ltr'><strong>bono</strong></span> 
     </span>
    </p>
   </div>
   <div class='ocr_carea' id='block_1_54' title="bbox 1992 2474 3568 2547">
    <p class='ocr_par' dir='ltr' id='par_1_54' title="bbox 1992 2474 3568 2547">
     <span class='ocr_line' id='line_1_54' title="bbox 1992 2474 3568 2547; baseline -0.003 -17"><span class='ocrx_word' id='word_1_408' title='bbox 1992 2474 2180 2530; x_wconf 88' lang='lat' dir='ltr'><strong>animo</strong></span> <span class='ocrx_word' id='word_1_409' title='bbox 2197 2477 2549 2546; x_wconf 79' lang='lat' dir='ltr'><strong>aggrediatur</strong></span> <span class='ocrx_word' id='word_1_410' title='bbox 2592 2494 2607 2541; x_wconf 85' lang='lat'><strong>;</strong></span> <span class='ocrx_word' id='word_1_411' title='bbox 2641 2477 2811 2545; x_wconf 83' lang='lat' dir='ltr'><strong>quod,</strong></span> <span class='ocrx_word' id='word_1_412' title='bbox 2844 2476 3187 2547; x_wconf 84' lang='lat' dir='ltr'><strong>iuquam,ad</strong></span> <span class='ocrx_word' id='word_1_413' title='bbox 3244 2476 3364 2545; x_wconf 87' lang='lat' dir='ltr'><strong>ejus</strong></span> <span class='ocrx_word' id='word_1_414' title='bbox 3396 2475 3568 2529; x_wconf 89' lang='lat' dir='ltr'><strong>animi</strong></span> 
     </span>
    </p>
   </div>
   <div class='ocr_carea' id='block_1_55' title="bbox 1992 2567 3569 2638">
    <p class='ocr_par' dir='ltr' id='par_1_55' title="bbox 1992 2567 3569 2638">
     <span class='ocr_line' id='line_1_55' title="bbox 1992 2567 3569 2638; baseline -0.001 -16"><span class='ocrx_word' id='word_1_415' title='bbox 1992 2568 2333 2638; x_wconf 85' lang='lat' dir='ltr'><strong>propositum</strong></span> <span class='ocrx_word' id='word_1_416' title='bbox 2389 2569 2609 2623; x_wconf 88' lang='lat' dir='ltr'><strong>attinet.</strong></span> <span class='ocrx_word' id='word_1_417' title='bbox 2672 2567 2799 2623; x_wconf 68' lang='lat' dir='ltr'><strong>llazc</strong></span> <span class='ocrx_word' id='word_1_418' title='bbox 2861 2569 3010 2635; x_wconf 87' lang='lat' dir='ltr'><strong>dico,</strong></span> <span class='ocrx_word' id='word_1_419' title='bbox 3063 2569 3208 2638; x_wconf 87' lang='lat' dir='ltr'><strong>quod</strong></span> <span class='ocrx_word' id='word_1_420' title='bbox 3263 2578 3471 2638; x_wconf 85' lang='lat' dir='ltr'><strong>spectat</strong></span> <span class='ocrx_word' id='word_1_421' title='bbox 3502 2569 3569 2621; x_wconf 85' lang='lat' dir='ltr'><strong>ad</strong></span> 
     </span>
    </p>
   </div>
   <div class='ocr_carea' id='block_1_56' title="bbox 1993 2661 3570 2732">
    <p class='ocr_par' dir='ltr' id='par_1_56' title="bbox 1993 2661 3570 2732">
     <span class='ocr_line' id='line_1_56' title="bbox 1993 2661 3570 2732; baseline -0.003 -15"><span class='ocrx_word' id='word_1_422' title='bbox 1993 2664 2252 2719; x_wconf 78' lang='lat' dir='ltr'><strong>amicos:</strong></span> <span class='ocrx_word' id='word_1_423' title='bbox 2299 2663 2428 2732; x_wconf 89' lang='lat' dir='ltr'><strong>quid</strong></span> <span class='ocrx_word' id='word_1_424' title='bbox 2494 2662 2640 2716; x_wconf 87' lang='lat' dir='ltr'><strong>enim</strong></span> <span class='ocrx_word' id='word_1_425' title='bbox 2688 2662 2758 2717; x_wconf 86' lang='lat' dir='ltr'><strong>de</strong></span> <span class='ocrx_word' id='word_1_426' title='bbox 2789 2661 3042 2716; x_wconf 87' lang='lat' dir='ltr'><strong>hostibus</strong></span> <span class='ocrx_word' id='word_1_427' title='bbox 3079 2663 3225 2716; x_wconf 85' lang='lat' dir='ltr'><strong>dicto</strong></span> <span class='ocrx_word' id='word_1_428' title='bbox 3287 2662 3361 2717; x_wconf 86' lang='lat' dir='ltr'><strong>sit</strong></span> <span class='ocrx_word' id='word_1_429' title='bbox 3413 2676 3570 2730; x_wconf 86' lang='lat' dir='ltr'><strong>opus,</strong></span> 
     </span>
    </p>
   </div>
   <div class='ocr_carea' id='block_1_57' title="bbox 1993 2754 3575 2827">
    <p class='ocr_par' dir='ltr' id='par_1_57' title="bbox 1993 2754 3575 2827">
     <span class='ocr_line' id='line_1_57' title="bbox 1993 2754 3575 2827; baseline -0.003 -17"><span class='ocrx_word' id='word_1_430' title='bbox 1993 2772 2132 2827; x_wconf 87' lang='lat' dir='ltr'><strong>quos</strong></span> <span class='ocrx_word' id='word_1_431' title='bbox 2164 2757 2364 2827; x_wconf 87' lang='lat' dir='ltr'><strong>utquis</strong></span> <span class='ocrx_word' id='word_1_432' title='bbox 2385 2755 2604 2810; x_wconf 85' lang='lat' dir='ltr'><strong>licentia</strong></span> <span class='ocrx_word' id='word_1_433' title='bbox 2622 2755 2817 2810; x_wconf 88' lang='lat' dir='ltr'><strong>bellica</strong></span> <span class='ocrx_word' id='word_1_434' title='bbox 2841 2754 3199 2824; x_wconf 85' lang='lat' dir='ltr'><strong>decipiensin</strong></span> <span class='ocrx_word' id='word_1_435' title='bbox 3232 2754 3417 2823; x_wconf 78' lang='lat' dir='ltr'><strong>fugam</strong></span> <span class='ocrx_word' id='word_1_436' title='bbox 3450 2763 3575 2823; x_wconf 79' lang='lat' dir='ltr'><strong>agat</strong></span> 
     </span>
    </p>
   </div>
   <div class='ocr_carea' id='block_1_58' title="bbox 1995 2847 3571 2919">
    <p class='ocr_par' dir='ltr' id='par_1_58' title="bbox 1995 2847 3571 2919">
     <span class='ocr_line' id='line_1_58' title="bbox 1995 2847 3571 2919; baseline -0.003 -14"><span class='ocrx_word' id='word_1_437' title='bbox 1995 2850 2316 2919; x_wconf 79' lang='lat' dir='ltr'><strong>fundatque,</strong></span> <span class='ocrx_word' id='word_1_438' title='bbox 2352 2849 2616 2918; x_wconf 84' lang='lat' dir='ltr'><strong>majorem</strong></span> <span class='ocrx_word' id='word_1_439' title='bbox 2650 2858 3019 2917; x_wconf 86' lang='lat' dir='ltr'><strong>consequatur</strong></span> <span class='ocrx_word' id='word_1_440' title='bbox 3072 2847 3325 2917; x_wconf 67' lang='lat' dir='ltr'><strong>gloriam,</strong></span> <span class='ocrx_word' id='word_1_441' title='bbox 3407 2863 3571 2918; x_wconf 73' lang='lat' dir='ltr'><strong>quam</strong></span> 
     </span>
    </p>
   </div>
   <div class='ocr_carea' id='block_1_59' title="bbox 1996 2940 3576 3011">
    <p class='ocr_par' dir='ltr' id='par_1_59' title="bbox 1996 2940 3576 3011">
     <span class='ocr_line' id='line_1_59' title="bbox 1996 2940 3576 3011; baseline -0.001 -15"><span class='ocrx_word' id='word_1_442' title='bbox 1996 2951 2057 2996; x_wconf 88' lang='lat' dir='ltr'><strong>ut</strong></span> <span class='ocrx_word' id='word_1_443' title='bbox 2088 2951 2281 3011; x_wconf 86' lang='lat' dir='ltr'><strong>aperto</strong></span> <span class='ocrx_word' id='word_1_444' title='bbox 2326 2950 2504 2995; x_wconf 88' lang='lat' dir='ltr'><strong>marte</strong></span> <span class='ocrx_word' id='word_1_445' title='bbox 2554 2942 2878 3003; x_wconf 79' lang='lat' dir='ltr'><strong>decernens,</strong></span> <span class='ocrx_word' id='word_1_446' title='bbox 2929 2940 3173 2994; x_wconf 81' lang='lat' dir='ltr'><strong>obtineat</strong></span> <span class='ocrx_word' id='word_1_447' title='bbox 3223 2941 3368 3009; x_wconf 84' lang='lat' dir='ltr'><strong>quod</strong></span> <span class='ocrx_word' id='word_1_448' title='bbox 3428 2942 3576 3009; x_wconf 86' lang='lat' dir='ltr'><strong>prior</strong></span> 
     </span>
    </p>
   </div>
   <div class='ocr_carea' id='block_1_60' title="bbox 2001 3030 3572 3099">
    <p class='ocr_par' dir='ltr' id='par_1_60' title="bbox 2001 3030 3572 3099">
     <span class='ocr_line' id='line_1_60' title="bbox 2001 3030 3572 3099; baseline -0.001 -15"><span class='ocrx_word' id='word_1_449' title='bbox 2001 3032 2219 3099; x_wconf 84' lang='lat' dir='ltr'><strong>quidem</strong></span> <span class='ocrx_word' id='word_1_450' title='bbox 2258 3031 2505 3093; x_wconf 83' lang='lat' dir='ltr'><strong>victoria.</strong></span> <span class='ocrx_word' id='word_1_451' title='bbox 2551 3030 2697 3083; x_wconf 89' lang='lat' dir='ltr'><strong>nulla</strong></span> <span class='ocrx_word' id='word_1_452' title='bbox 2730 3030 2943 3099; x_wconf 86' lang='lat' dir='ltr'><strong>jactura</strong></span> <span class='ocrx_word' id='word_1_453' title='bbox 2964 3030 3285 3099; x_wconf 85' lang='lat' dir='ltr'><strong>imperatori</strong></span> <span class='ocrx_word' id='word_1_454' title='bbox 3319 3040 3572 3092; x_wconf 77' lang='lat' dir='ltr'><strong>constet:</strong></span> 
     </span>
    </p>
   </div>
   <div class='ocr_carea' id='block_1_61' title="bbox 319 3121 1895 3197">
    <p class='ocr_par' dir='ltr' id='par_1_61' title="bbox 319 3124 1895 3197">
     <span class='ocr_line' id='line_1_61' title="bbox 319 3124 1895 3197; baseline 0.001 -18"><span class='ocrx_word' id='word_1_455' title='bbox 319 3125 515 3197; x_wconf 75' lang='grc' dir='ltr'>Γραφὴ</span> <span class='ocrx_word' id='word_1_456' title='bbox 538 3128 633 3179; x_wconf 70' lang='grc' dir='ltr'>καὶ</span> <span class='ocrx_word' id='word_1_457' title='bbox 658 3127 724 3178; x_wconf 71' lang='grc' dir='ltr'><strong>τὰ</strong></span> <span class='ocrx_word' id='word_1_458' title='bbox 746 3125 855 3178; x_wconf 84' lang='grc' dir='ltr'>τῶν</span> <span class='ocrx_word' id='word_1_459' title='bbox 888 3126 1136 3197; x_wconf 75' lang='grc' dir='ltr'>ρητόρων</span> <span class='ocrx_word' id='word_1_460' title='bbox 1164 3125 1257 3177; x_wconf 72' lang='grc' dir='ltr'>καὶ</span> <span class='ocrx_word' id='word_1_461' title='bbox 1275 3124 1583 3193; x_wconf 80' lang='grc' dir='ltr'>φιλοσόφων</span> <span class='ocrx_word' id='word_1_462' title='bbox 1611 3127 1895 3195; x_wconf 72' lang='grc' dir='ltr'>συγγράμ-</span> 
     </span>
    </p>
   </div>
   <div class='ocr_carea' id='block_1_62' title="bbox 2002 3121 3571 3197">
    <p class='ocr_par' dir='ltr' id='par_1_62' title="bbox 2002 3121 3571 3192">
     <span class='ocr_line' id='line_1_62' title="bbox 2002 3121 3571 3192; baseline -0.001 -16"><span class='ocrx_word' id='word_1_463' title='bbox 2002 3123 2068 3177; x_wconf 89' lang='lat' dir='ltr'><strong>ad</strong></span> <span class='ocrx_word' id='word_1_464' title='bbox 2138 3123 2497 3192; x_wconf 82' lang='lat' dir='ltr'><strong>posteriorem</strong></span> <span class='ocrx_word' id='word_1_465' title='bbox 2549 3131 2732 3176; x_wconf 86' lang='lat' dir='ltr'><strong>autem</strong></span> <span class='ocrx_word' id='word_1_466' title='bbox 2795 3135 3023 3175; x_wconf 86' lang='lat' dir='ltr'><strong>necesse</strong></span> <span class='ocrx_word' id='word_1_467' title='bbox 3083 3121 3279 3175; x_wconf 78' lang='lat' dir='ltr'><strong>haheat</strong></span> <span class='ocrx_word' id='word_1_468' title='bbox 3345 3137 3571 3177; x_wconf 87' lang='lat' dir='ltr'><strong>suorum</strong></span> 
     </span>
    </p>
   </div>
   <div class='ocr_carea' id='block_1_63' title="bbox 324 3214 1891 3288">
    <p class='ocr_par' dir='ltr' id='par_1_63' title="bbox 324 3214 1891 3288">
     <span class='ocr_line' id='line_1_63' title="bbox 324 3214 1891 3288; baseline -0.001 -16"><span class='ocrx_word' id='word_1_469' title='bbox 324 3236 490 3288; x_wconf 78' lang='grc' dir='ltr'>ματα.</span> <span class='ocrx_word' id='word_1_470' title='bbox 526 3218 649 3271; x_wconf 82' lang='grc' dir='ltr'>Ὀτι</span> <span class='ocrx_word' id='word_1_471' title='bbox 677 3216 732 3270; x_wconf 78' lang='grc' dir='ltr'><strong>δὲ</strong></span> <span class='ocrx_word' id='word_1_472' title='bbox 756 3216 849 3270; x_wconf 68' lang='grc' dir='ltr'>καὶ</span> <span class='ocrx_word' id='word_1_473' title='bbox 875 3216 1011 3284; x_wconf 80' lang='grc' dir='ltr'>πρὸς</span> <span class='ocrx_word' id='word_1_474' title='bbox 1046 3215 1173 3278; x_wconf 78' lang='grc' dir='ltr'>τοὺς</span> <span class='ocrx_word' id='word_1_475' title='bbox 1202 3214 1302 3267; x_wconf 83' lang='grc' dir='ltr'>οὐκ</span> <span class='ocrx_word' id='word_1_476' title='bbox 1330 3216 1555 3285; x_wconf 67' lang='grc' dir='ltr'><strong>ἐχθροὺς</strong></span> <span class='ocrx_word' id='word_1_477' title='bbox 1589 3215 1747 3279; x_wconf 74' lang='grc' dir='ltr'>ὄντας</span> <span class='ocrx_word' id='word_1_478' title='bbox 1778 3218 1891 3281; x_wconf 76' lang='grc' dir='ltr'><strong>ἐξε-</strong></span> 
     </span>
    </p>
   </div>
   <div class='ocr_carea' id='block_1_64' title="bbox 325 3301 1891 3378">
    <p class='ocr_par' dir='ltr' id='par_1_64' title="bbox 325 3301 1891 3378">
     <span class='ocr_line' id='line_1_64' title="bbox 325 3301 1891 3378; baseline -0.001 -14"><span class='ocrx_word' id='word_1_479' title='bbox 325 3329 408 3364; x_wconf 85' lang='grc' dir='ltr'><strong>στι</strong></span> <span class='ocrx_word' id='word_1_480' title='bbox 437 3310 678 3363; x_wconf 84' lang='grc' dir='ltr'>τοιοῦτόν</span> <span class='ocrx_word' id='word_1_481' title='bbox 705 3325 761 3362; x_wconf 88' lang='grc' dir='ltr'>τι</span> <span class='ocrx_word' id='word_1_482' title='bbox 803 3308 1086 3378; x_wconf 83' lang='grc' dir='ltr'>πράττειν,</span> <span class='ocrx_word' id='word_1_483' title='bbox 1124 3309 1152 3361; x_wconf 87' lang='grc' dir='ltr'><strong>ὁ</strong></span> <span class='ocrx_word' id='word_1_484' title='bbox 1197 3306 1311 3377; x_wconf 80' lang='grc' dir='ltr'>βίος</span> <span class='ocrx_word' id='word_1_485' title='bbox 1356 3301 1512 3372; x_wconf 74' lang='grc' dir='ltr'>οὗτος</span> <span class='ocrx_word' id='word_1_486' title='bbox 1564 3307 1709 3372; x_wconf 70' lang='grc' dir='ltr'>ἄπας</span> <span class='ocrx_word' id='word_1_487' title='bbox 1744 3310 1891 3363; x_wconf 80' lang='grc' dir='ltr'>συνί-</span> 
     </span>
    </p>
   </div>
   <div class='ocr_carea' id='block_1_65' title="bbox 325 3393 1891 3469">
    <p class='ocr_par' dir='ltr' id='par_1_65' title="bbox 325 3393 1891 3469">
     <span class='ocr_line' id='line_1_65' title="bbox 325 3393 1891 3469; baseline 0.001 -17"><span class='ocrx_word' id='word_1_488' title='bbox 325 3416 535 3469; x_wconf 84' lang='grc' dir='ltr'>στησιν.</span> <span class='ocrx_word' id='word_1_489' title='bbox 561 3396 717 3453; x_wconf 73' lang='grc' dir='ltr'>Οὕτω</span> <span class='ocrx_word' id='word_1_490' title='bbox 746 3397 857 3468; x_wconf 87' lang='grc' dir='ltr'><strong>γὰρ</strong></span> <span class='ocrx_word' id='word_1_491' title='bbox 879 3396 974 3451; x_wconf 71' lang='grc' dir='ltr'>καὶ</span> <span class='ocrx_word' id='word_1_492' title='bbox 1002 3398 1197 3467; x_wconf 75' lang='grc' dir='ltr'>ίατροὶ,</span> <span class='ocrx_word' id='word_1_493' title='bbox 1217 3397 1312 3449; x_wconf 71' lang='grc' dir='ltr'>καὶ</span> <span class='ocrx_word' id='word_1_494' title='bbox 1336 3397 1536 3461; x_wconf 78' lang='grc' dir='ltr'>πάντες</span> <span class='ocrx_word' id='word_1_495' title='bbox 1561 3393 1641 3461; x_wconf 77' lang='grc' dir='ltr'><strong>οἷς</strong></span> <span class='ocrx_word' id='word_1_496' title='bbox 1672 3398 1891 3468; x_wconf 79' lang='grc' dir='ltr'>βοηθεῖν</span> 
     </span>
    </p>
   </div>
   <div class='ocr_carea' id='block_1_66' title="bbox 325 3487 1893 3563">
    <p class='ocr_par' dir='ltr' id='par_1_66' title="bbox 325 3487 1893 3563">
     <span class='ocr_line' id='line_1_66' title="bbox 325 3487 1893 3563; baseline -0.001 -18"><span class='ocrx_word' id='word_1_497' title='bbox 325 3496 474 3546; x_wconf 73' lang='grc' dir='ltr'>ἔστιν</span> <span class='ocrx_word' id='word_1_498' title='bbox 518 3491 699 3563; x_wconf 76' lang='grc' dir='ltr'>ἔργον,</span> <span class='ocrx_word' id='word_1_499' title='bbox 748 3487 1011 3552; x_wconf 66' lang='grc' dir='ltr'>πολλάκις</span> <span class='ocrx_word' id='word_1_500' title='bbox 1058 3489 1503 3558; x_wconf 81' lang='grc' dir='ltr'>διαπράττονται,</span> <span class='ocrx_word' id='word_1_501' title='bbox 1538 3490 1601 3542; x_wconf 86' lang='grc' dir='ltr'><strong>τὺ</strong></span> <span class='ocrx_word' id='word_1_502' title='bbox 1646 3493 1893 3544; x_wconf 76' lang='grc' dir='ltr'>συνοῖσον</span> 
     </span>
    </p>
   </div>
   <div class='ocr_carea' id='block_1_67' title="bbox 326 3580 1893 3653">
    <p class='ocr_par' dir='ltr' id='par_1_67' title="bbox 326 3580 1893 3653">
     <span class='ocr_line' id='line_1_67' title="bbox 326 3580 1893 3653; baseline 0.001 -18"><span class='ocrx_word' id='word_1_503' title='bbox 326 3584 681 3653; x_wconf 73' lang='grc' dir='ltr'>ἐργαζόμενοι</span> <span class='ocrx_word' id='word_1_504' title='bbox 715 3583 893 3636; x_wconf 81' lang='grc' dir='ltr'>πάντα</span> <span class='ocrx_word' id='word_1_505' title='bbox 922 3583 1159 3653; x_wconf 81' lang='grc' dir='ltr'>τρόπον’</span> <span class='ocrx_word' id='word_1_506' title='bbox 1191 3582 1286 3635; x_wconf 76' lang='grc' dir='ltr'>καὶ</span> <span class='ocrx_word' id='word_1_507' title='bbox 1318 3580 1503 3651; x_wconf 74' lang='grc' dir='ltr'>εὕροις</span> <span class='ocrx_word' id='word_1_508' title='bbox 1533 3582 1599 3635; x_wconf 83' lang='grc' dir='ltr'>ἂν</span> <span class='ocrx_word' id='word_1_509' title='bbox 1647 3583 1893 3653; x_wconf 75' lang='grc' dir='ltr'><strong>ζητήσας</strong></span> 
     </span>
    </p>
   </div>
   <div class='ocr_carea' id='block_1_68' title="bbox 329 3672 1896 3745">
    <p class='ocr_par' dir='ltr' id='par_1_68' title="bbox 329 3672 1896 3745">
     <span class='ocr_line' id='line_1_68' title="bbox 329 3672 1896 3745; baseline 0 -17"><span class='ocrx_word' id='word_1_510' title='bbox 329 3675 648 3744; x_wconf 77' lang='grc' dir='ltr'>προσωπεῖα</span> <span class='ocrx_word' id='word_1_511' title='bbox 678 3674 1072 3745; x_wconf 80' lang='grc' dir='ltr'>περιθεμένους</span> <span class='ocrx_word' id='word_1_512' title='bbox 1103 3674 1205 3726; x_wconf 82' lang='grc' dir='ltr'>οὐκ</span> <span class='ocrx_word' id='word_1_513' title='bbox 1254 3673 1473 3740; x_wconf 82' lang='grc' dir='ltr'>ὀλίγους</span> <span class='ocrx_word' id='word_1_514' title='bbox 1517 3672 1628 3726; x_wconf 78' lang='grc' dir='ltr'><strong>τῶν</strong></span> <span class='ocrx_word' id='word_1_515' title='bbox 1657 3674 1896 3744; x_wconf 79' lang='grc' dir='ltr'>ἀρίστων</span> 
     </span>
    </p>
   </div>
   <div class='ocr_carea' id='block_1_69' title="bbox 326 3763 1901 3837">
    <p class='ocr_par' dir='ltr' id='par_1_69' title="bbox 326 3763 1901 3837">
     <span class='ocr_line' id='line_1_69' title="bbox 326 3763 1901 3837; baseline -0.001 -17"><span class='ocrx_word' id='word_1_516' title='bbox 326 3765 553 3837; x_wconf 75' lang='grc' dir='ltr'>ἀνδρῶν,</span> <span class='ocrx_word' id='word_1_517' title='bbox 573 3765 716 3819; x_wconf 81' lang='grc' dir='ltr'>ὥστε</span> <span class='ocrx_word' id='word_1_518' title='bbox 745 3764 1018 3835; x_wconf 78' lang='grc' dir='ltr'>μεγίστων</span> <span class='ocrx_word' id='word_1_519' title='bbox 1037 3764 1134 3818; x_wconf 81' lang='grc' dir='ltr'>καὶ</span> <span class='ocrx_word' id='word_1_520' title='bbox 1157 3763 1443 3835; x_wconf 78' lang='grc' dir='ltr'>προδήλων</span> <span class='ocrx_word' id='word_1_521' title='bbox 1473 3765 1660 3819; x_wconf 82' lang='grc' dir='ltr'>κακῶν</span> <span class='ocrx_word' id='word_1_522' title='bbox 1696 3766 1830 3836; x_wconf 78' lang='grc' dir='ltr'><strong>ρυσθ</strong></span> <span class='ocrx_word' id='word_1_523' title='bbox 1842 3767 1901 3835; x_wconf 72' lang='grc' dir='ltr'><strong>ῆ-</strong></span> 
     </span>
    </p>
   </div>
   <div class='ocr_carea' id='block_1_70' title="bbox 327 3854 1900 3928">
    <p class='ocr_par' dir='ltr' id='par_1_70' title="bbox 327 3854 1900 3928">
     <span class='ocr_line' id='line_1_70' title="bbox 327 3854 1900 3928; baseline 0 -18"><span class='ocrx_word' id='word_1_524' title='bbox 327 3873 436 3922; x_wconf 81' lang='grc' dir='ltr'>ναι,</span> <span class='ocrx_word' id='word_1_525' title='bbox 473 3857 568 3910; x_wconf 85' lang='grc' dir='ltr'><strong>καί</strong></span> <span class='ocrx_word' id='word_1_526' title='bbox 598 3854 700 3909; x_wconf 77' lang='grc' dir='ltr'>πού</span> <span class='ocrx_word' id='word_1_527' title='bbox 733 3857 829 3910; x_wconf 67' lang='grc' dir='ltr'><strong>κα)⁸</strong></span> <span class='ocrx_word' id='word_1_528' title='bbox 869 3858 1056 3926; x_wconf 80' lang='grc' dir='ltr'>τυχεῖν</span> <span class='ocrx_word' id='word_1_529' title='bbox 1085 3856 1331 3924; x_wconf 83' lang='grc' dir='ltr'>ἀγαθῶν,</span> <span class='ocrx_word' id='word_1_530' title='bbox 1375 3857 1546 3928; x_wconf 74' lang='grc' dir='ltr'>χωρὶς</span> <span class='ocrx_word' id='word_1_531' title='bbox 1578 3855 1673 3909; x_wconf 84' lang='grc' dir='ltr'>τοῦ</span> <span class='ocrx_word' id='word_1_532' title='bbox 1705 3874 1900 3925; x_wconf 85' lang='grc' dir='ltr'>πειρα-</span> 
     </span>
    </p>
   </div>
   <div class='ocr_carea' id='block_1_71' title="bbox 329 3948 1899 4025">
    <p class='ocr_par' dir='ltr' id='par_1_71' title="bbox 329 3948 1899 4025">
     <span class='ocr_line' id='line_1_71' title="bbox 329 3948 1899 4025; baseline 0 -23"><span class='ocrx_word' id='word_1_533' title='bbox 329 3949 490 4019; x_wconf 78' lang='grc' dir='ltr'>θῆναι</span> <span class='ocrx_word' id='word_1_534' title='bbox 537 3948 725 4003; x_wconf 80' lang='grc' dir='ltr'>δεινῶν</span> <span class='ocrx_word' id='word_1_535' title='bbox 768 3950 1014 4012; x_wconf 73' lang='grc' dir='ltr'>ἐκείνους</span> <span class='ocrx_word' id='word_1_536' title='bbox 1045 3950 1173 4014; x_wconf 78' lang='grc' dir='ltr'>τοὺς</span> <span class='ocrx_word' id='word_1_537' title='bbox 1206 3950 1267 4003; x_wconf 82' lang='grc' dir='ltr'>οὐ</span> <span class='ocrx_word' id='word_1_538' title='bbox 1323 3950 1510 4012; x_wconf 84' lang='grc' dir='ltr'>κακῶς</span> <span class='ocrx_word' id='word_1_539' title='bbox 1542 3949 1899 4025; x_wconf 73' lang='grc' dir='ltr'>ἐξηπατημὲ-</span> 
     </span>
    </p>
   </div>
   <div class='ocr_carea' id='block_1_72' title="bbox 329 4040 994 4111">
    <p class='ocr_par' dir='ltr' id='par_1_72' title="bbox 329 4040 994 4111">
     <span class='ocr_line' id='line_1_72' title="bbox 329 4040 994 4111; baseline 0.003 -17"><span class='ocrx_word' id='word_1_540' title='bbox 329 4059 472 4107; x_wconf 85' lang='grc' dir='ltr'>νους,</span> <span class='ocrx_word' id='word_1_541' title='bbox 501 4042 687 4111; x_wconf 83' lang='grc' dir='ltr'>φίλους</span> <span class='ocrx_word' id='word_1_542' title='bbox 721 4057 787 4111; x_wconf 87' lang='grc' dir='ltr'><strong>γε</strong></span> <span class='ocrx_word' id='word_1_543' title='bbox 811 4040 994 4096; x_wconf 74' lang='grc' dir='ltr'>ὄντας.</span> 
     </span>
    </p>
   </div>
   <div class='ocr_carea' id='block_1_73' title="bbox 1997 3212 3576 3285">
    <p class='ocr_par' dir='ltr' id='par_1_73' title="bbox 1997 3212 3576 3285">
     <span class='ocr_line' id='line_1_73' title="bbox 1997 3212 3576 3285; baseline -0.001 -16"><span class='ocrx_word' id='word_1_544' title='bbox 1997 3215 2184 3285; x_wconf 87' lang='lat' dir='ltr'><strong>plures</strong></span> <span class='ocrx_word' id='word_1_545' title='bbox 2216 3216 2487 3269; x_wconf 86' lang='lat' dir='ltr'><strong>amittere.</strong></span> <span class='ocrx_word' id='word_1_546' title='bbox 2516 3213 2700 3268; x_wconf 82' lang='lat' dir='ltr'><strong>Habeo</strong></span> <span class='ocrx_word' id='word_1_547' title='bbox 2724 3214 2924 3268; x_wconf 85' lang='lat' dir='ltr'><strong>asserti</strong></span> <span class='ocrx_word' id='word_1_548' title='bbox 2957 3217 3218 3283; x_wconf 72' lang='lat' dir='ltr'><strong>patrduos</strong></span> <span class='ocrx_word' id='word_1_549' title='bbox 3252 3228 3376 3267; x_wconf 89' lang='lat' dir='ltr'><strong>cttm</strong></span> <span class='ocrx_word' id='word_1_550' title='bbox 3398 3212 3576 3268; x_wconf 86' lang='lat' dir='ltr'><strong>histo-</strong></span> 
     </span>
    </p>
   </div>
   <div class='ocr_carea' id='block_1_74' title="bbox 2000 3306 3577 3378">
    <p class='ocr_par' dir='ltr' id='par_1_74' title="bbox 2000 3306 3577 3378">
     <span class='ocr_line' id='line_1_74' title="bbox 2000 3306 3577 3378; baseline -0.002 -15"><span class='ocrx_word' id='word_1_551' title='bbox 2000 3309 2161 3373; x_wconf 90' lang='lat' dir='ltr'><strong>riant,</strong></span> <span class='ocrx_word' id='word_1_552' title='bbox 2204 3318 2315 3365; x_wconf 90' lang='lat' dir='ltr'><strong>tum</strong></span> <span class='ocrx_word' id='word_1_553' title='bbox 2358 3308 2562 3378; x_wconf 85' lang='lat' dir='ltr'><strong>poesint</strong></span> <span class='ocrx_word' id='word_1_554' title='bbox 2589 3323 2605 3373; x_wconf 88' lang='lat'><strong>;</strong></span> <span class='ocrx_word' id='word_1_555' title='bbox 2631 3316 2869 3376; x_wconf 89' lang='lat' dir='ltr'><strong>suntque</strong></span> <span class='ocrx_word' id='word_1_556' title='bbox 2900 3306 3057 3375; x_wconf 89' lang='lat' dir='ltr'><strong>plena</strong></span> <span class='ocrx_word' id='word_1_557' title='bbox 3092 3306 3361 3376; x_wconf 83' lang='lat' dir='ltr'><strong>ejusmodi</strong></span> <span class='ocrx_word' id='word_1_558' title='bbox 3388 3321 3577 3361; x_wconf 82' lang='lat' dir='ltr'><strong>exem-</strong></span> 
     </span>
    </p>
   </div>
   <div class='ocr_carea' id='block_1_75' title="bbox 2000 3397 3571 3468">
    <p class='ocr_par' dir='ltr' id='par_1_75' title="bbox 2000 3397 3571 3468">
     <span class='ocr_line' id='line_1_75' title="bbox 2000 3397 3571 3468; baseline 0 -15"><span class='ocrx_word' id='word_1_559' title='bbox 2000 3399 2105 3468; x_wconf 87' lang='lat' dir='ltr'><strong>plis</strong></span> <span class='ocrx_word' id='word_1_560' title='bbox 2125 3414 2249 3453; x_wconf 88' lang='lat' dir='ltr'><strong>cum</strong></span> <span class='ocrx_word' id='word_1_561' title='bbox 2283 3398 2568 3468; x_wconf 87' lang='lat' dir='ltr'><strong>Scriptura</strong></span> <span class='ocrx_word' id='word_1_562' title='bbox 2597 3413 2776 3461; x_wconf 86' lang='lat' dir='ltr'><strong>sacra,</strong></span> <span class='ocrx_word' id='word_1_563' title='bbox 2823 3407 2941 3451; x_wconf 90' lang='lat' dir='ltr'><strong>tum</strong></span> <span class='ocrx_word' id='word_1_564' title='bbox 2976 3406 3260 3453; x_wconf 88' lang='lat' dir='ltr'><strong>oratorum</strong></span> <span class='ocrx_word' id='word_1_565' title='bbox 3300 3413 3364 3452; x_wconf 89' lang='lat' dir='ltr'><strong>ac</strong></span> <span class='ocrx_word' id='word_1_566' title='bbox 3387 3397 3571 3468; x_wconf 81' lang='lat' dir='ltr'><strong>philo-</strong></span> 
     </span>
    </p>
   </div>
   <div class='ocr_carea' id='block_1_76' title="bbox 2000 3487 3575 3559">
    <p class='ocr_par' dir='ltr' id='par_1_76' title="bbox 2000 3487 3575 3559">
     <span class='ocr_line' id='line_1_76' title="bbox 2000 3487 3575 3559; baseline -0.002 -13"><span class='ocrx_word' id='word_1_567' title='bbox 2000 3494 2298 3559; x_wconf 75' lang='lat' dir='ltr'><strong>sepliorum</strong></span> <span class='ocrx_word' id='word_1_568' title='bbox 2335 3493 2566 3559; x_wconf 84' lang='lat' dir='ltr'><strong>scripta.</strong></span> <span class='ocrx_word' id='word_1_569' title='bbox 2619 3487 2687 3544; x_wconf 88' lang='lat' dir='ltr'><strong>Ut</strong></span> <span class='ocrx_word' id='word_1_570' title='bbox 2717 3498 2899 3544; x_wconf 87' lang='lat' dir='ltr'><strong>autem</strong></span> <span class='ocrx_word' id='word_1_571' title='bbox 2953 3489 3009 3544; x_wconf 91' lang='lat' dir='ltr'><strong>in</strong></span> <span class='ocrx_word' id='word_1_572' title='bbox 3067 3504 3162 3544; x_wconf 84' lang='lat' dir='ltr'><strong>eos</strong></span> <span class='ocrx_word' id='word_1_573' title='bbox 3207 3504 3422 3558; x_wconf 91' lang='lat' dir='ltr'><strong>quoque</strong></span> <span class='ocrx_word' id='word_1_574' title='bbox 3481 3489 3575 3559; x_wconf 90' lang='lat' dir='ltr'><strong>qui</strong></span> 
     </span>
    </p>
   </div>
   <div class='ocr_carea' id='block_1_77' title="bbox 1998 3580 3579 3652">
    <p class='ocr_par' dir='ltr' id='par_1_77' title="bbox 1998 3580 3579 3652">
     <span class='ocr_line' id='line_1_77' title="bbox 1998 3580 3579 3652; baseline -0.002 -14"><span class='ocrx_word' id='word_1_575' title='bbox 1998 3599 2108 3638; x_wconf 87' lang='lat' dir='ltr'><strong>non</strong></span> <span class='ocrx_word' id='word_1_576' title='bbox 2142 3594 2270 3637; x_wconf 90' lang='lat' dir='ltr'><strong>sunt</strong></span> <span class='ocrx_word' id='word_1_577' title='bbox 2300 3585 2485 3638; x_wconf 86' lang='lat' dir='ltr'><strong>hostes</strong></span> <span class='ocrx_word' id='word_1_578' title='bbox 2507 3581 2713 3651; x_wconf 83' lang='lat' dir='ltr'><strong>aliquid</strong></span> <span class='ocrx_word' id='word_1_579' title='bbox 2752 3581 3027 3652; x_wconf 81' lang='lat' dir='ltr'><strong>ejusmodi</strong></span> <span class='ocrx_word' id='word_1_580' title='bbox 3079 3582 3354 3637; x_wconf 89' lang='lat' dir='ltr'><strong>committi</strong></span> <span class='ocrx_word' id='word_1_581' title='bbox 3386 3580 3579 3645; x_wconf 77' lang='lat' dir='ltr'><strong>possit,</strong></span> 
     </span>
    </p>
   </div>
   <div class='ocr_carea' id='block_1_78' title="bbox 1997 3672 3578 3729">
    <p class='ocr_par' dir='ltr' id='par_1_78' title="bbox 1997 3672 3578 3729">
     <span class='ocr_line' id='line_1_78' title="bbox 1997 3672 3578 3729; baseline -0.003 -1"><span class='ocrx_word' id='word_1_582' title='bbox 1997 3676 2289 3728; x_wconf 83' lang='lat' dir='ltr'><strong>universus</strong></span> <span class='ocrx_word' id='word_1_583' title='bbox 2322 3674 2506 3729; x_wconf 59' lang='lat' dir='ltr'><strong>saeculi</strong></span> <span class='ocrx_word' id='word_1_584' title='bbox 2551 3687 2688 3728; x_wconf 80' lang='lat' dir='ltr'><strong>usus</strong></span> <span class='ocrx_word' id='word_1_585' title='bbox 2741 3674 3053 3729; x_wconf 84' lang='lat' dir='ltr'><strong>conﬁrmat.</strong></span> <span class='ocrx_word' id='word_1_586' title='bbox 3093 3672 3186 3728; x_wconf 89' lang='lat' dir='ltr'><strong>Sic</strong></span> <span class='ocrx_word' id='word_1_587' title='bbox 3228 3672 3375 3727; x_wconf 90' lang='lat' dir='ltr'><strong>enim</strong></span> <span class='ocrx_word' id='word_1_588' title='bbox 3416 3672 3578 3726; x_wconf 86' lang='lat' dir='ltr'><strong>etiam</strong></span> 
     </span>
    </p>
   </div>
   <div class='ocr_carea' id='block_1_79' title="bbox 1996 3763 3581 3835">
    <p class='ocr_par' dir='ltr' id='par_1_79' title="bbox 1996 3763 3581 3835">
     <span class='ocr_line' id='line_1_79' title="bbox 1996 3763 3581 3835; baseline -0.004 -14"><span class='ocrx_word' id='word_1_589' title='bbox 1996 3766 2219 3826; x_wconf 86' lang='lat' dir='ltr'><strong>medici.</strong></span> <span class='ocrx_word' id='word_1_590' title='bbox 2254 3780 2320 3819; x_wconf 90' lang='lat' dir='ltr'><strong>ae</strong></span> <span class='ocrx_word' id='word_1_591' title='bbox 2372 3765 2614 3820; x_wconf 82' lang='lat' dir='ltr'><strong>universi</strong></span> <span class='ocrx_word' id='word_1_592' title='bbox 2647 3765 2841 3835; x_wconf 79' lang='lat' dir='ltr'><strong>juvare</strong></span> <span class='ocrx_word' id='word_1_593' title='bbox 2905 3765 3196 3826; x_wconf 86' lang='lat' dir='ltr'><strong>habentes,</strong></span> <span class='ocrx_word' id='word_1_594' title='bbox 3256 3763 3401 3818; x_wconf 87' lang='lat' dir='ltr'><strong>haud</strong></span> <span class='ocrx_word' id='word_1_595' title='bbox 3452 3777 3581 3817; x_wconf 86' lang='lat' dir='ltr'><strong>raro</strong></span> 
     </span>
    </p>
   </div>
   <div class='ocr_carea' id='block_1_80' title="bbox 1998 3854 3578 3927">
    <p class='ocr_par' dir='ltr' id='par_1_80' title="bbox 1998 3854 3578 3927">
     <span class='ocr_line' id='line_1_80' title="bbox 1998 3854 3578 3927; baseline -0.004 -14"><span class='ocrx_word' id='word_1_596' title='bbox 1998 3860 2257 3924; x_wconf 87' lang='lat' dir='ltr'><strong>habeant,</strong></span> <span class='ocrx_word' id='word_1_597' title='bbox 2293 3859 2428 3913; x_wconf 90' lang='lat' dir='ltr'><strong>nihil</strong></span> <span class='ocrx_word' id='word_1_598' title='bbox 2462 3873 2574 3911; x_wconf 90' lang='lat' dir='ltr'><strong>non</strong></span> <span class='ocrx_word' id='word_1_599' title='bbox 2607 3867 2853 3927; x_wconf 77' lang='lat' dir='ltr'><strong>agentes,</strong></span> <span class='ocrx_word' id='word_1_600' title='bbox 2888 3865 2947 3910; x_wconf 88' lang='lat' dir='ltr'><strong>ut</strong></span> <span class='ocrx_word' id='word_1_601' title='bbox 2977 3857 3123 3924; x_wconf 89' lang='lat' dir='ltr'><strong>quod</strong></span> <span class='ocrx_word' id='word_1_602' title='bbox 3155 3857 3231 3910; x_wconf 90' lang='lat' dir='ltr'><strong>sit</strong></span> <span class='ocrx_word' id='word_1_603' title='bbox 3287 3857 3446 3917; x_wconf 79' lang='lat' dir='ltr'><strong>utile,</strong></span> <span class='ocrx_word' id='word_1_604' title='bbox 3497 3854 3578 3907; x_wconf 79' lang='lat' dir='ltr'><strong>fn—</strong></span> 
     </span>
    </p>
   </div>
   <div class='ocr_carea' id='block_1_81' title="bbox 2001 3948 3575 4023">
    <p class='ocr_par' dir='ltr' id='par_1_81' title="bbox 2001 3948 3575 4023">
     <span class='ocr_line' id='line_1_81' title="bbox 2001 3948 3575 4023; baseline -0.006 -16"><span class='ocrx_word' id='word_1_605' title='bbox 2001 3953 2151 4007; x_wconf 85' lang='lat' dir='ltr'><strong>ciant</strong></span> <span class='ocrx_word' id='word_1_606' title='bbox 2188 3968 2204 4017; x_wconf 88' lang='lat'><strong>;</strong></span> <span class='ocrx_word' id='word_1_607' title='bbox 2235 3960 2401 4020; x_wconf 89' lang='lat' dir='ltr'><strong>atque</strong></span> <span class='ocrx_word' id='word_1_608' title='bbox 2456 3956 2515 4003; x_wconf 88' lang='lat' dir='ltr'><strong>ut</strong></span> <span class='ocrx_word' id='word_1_609' title='bbox 2564 3949 2790 4017; x_wconf 81' lang='lat' dir='ltr'><strong>adjicias</strong></span> <span class='ocrx_word' id='word_1_610' title='bbox 2841 3948 3109 4023; x_wconf 78' lang='lat' dir='ltr'><strong>animum,</strong></span> <span class='ocrx_word' id='word_1_611' title='bbox 3166 3948 3416 4001; x_wconf 81' lang='lat' dir='ltr'><strong>invenias</strong></span> <span class='ocrx_word' id='word_1_612' title='bbox 3467 3962 3575 3999; x_wconf 84' lang='lat' dir='ltr'><strong>nun</strong></span> 
     </span>
    </p>
   </div>
   <div class='ocr_carea' id='block_1_82' title="bbox 2002 4040 3584 4113">
    <p class='ocr_par' dir='ltr' id='par_1_82' title="bbox 2002 4040 3584 4113">
     <span class='ocr_line' id='line_1_82' title="bbox 2002 4040 3584 4113; baseline -0.008 -14"><span class='ocrx_word' id='word_1_613' title='bbox 2002 4059 2208 4113; x_wconf 81' lang='lat' dir='ltr'><strong>paucos</strong></span> <span class='ocrx_word' id='word_1_614' title='bbox 2239 4042 2387 4097; x_wconf 78' lang='lat' dir='ltr'><strong>viros</strong></span> <span class='ocrx_word' id='word_1_615' title='bbox 2449 4040 2710 4110; x_wconf 77' lang='lat' dir='ltr'><strong>Optimos,</strong></span> <span class='ocrx_word' id='word_1_616' title='bbox 2754 4055 3013 4109; x_wconf 84' lang='lat' dir='ltr'><strong>personas</strong></span> <span class='ocrx_word' id='word_1_617' title='bbox 3051 4048 3420 4101; x_wconf 86' lang='lat' dir='ltr'><strong>assutnentes,</strong></span> <span class='ocrx_word' id='word_1_618' title='bbox 3473 4052 3584 4105; x_wconf 81' lang='lat' dir='ltr'><strong>quo</strong></span> 
     </span>
    </p>
   </div>
   <div class='ocr_carea' id='block_1_83' title="bbox 330 4110 3635 4206">
    <p class='ocr_par' dir='ltr' id='par_1_83' title="bbox 330 4110 3635 4206">
     <span class='ocr_line' id='line_1_83' title="bbox 330 4110 3635 4206; baseline -0.003 -12"><span class='ocrx_word' id='word_1_619' title='bbox 330 4138 430 4195; x_wconf 89' lang='lat' dir='ltr'><strong>sibi</strong></span> <span class='ocrx_word' id='word_1_620' title='bbox 463 4139 602 4192; x_wconf 83' lang='lat' dir='ltr'><strong>bene</strong></span> <span class='ocrx_word' id='word_1_621' title='bbox 626 4138 881 4206; x_wconf 89' lang='lat' dir='ltr'><strong>deceptos</strong></span> <span class='ocrx_word' id='word_1_622' title='bbox 901 4134 1108 4190; x_wconf 88' lang='lat' dir='ltr'><strong>amicos</strong></span> <span class='ocrx_word' id='word_1_623' title='bbox 1154 4149 1184 4189; x_wconf 89' lang='lat' dir='ltr'><strong>a</strong></span> <span class='ocrx_word' id='word_1_624' title='bbox 1212 4133 1467 4190; x_wconf 79' lang='lat' dir='ltr'><strong>maximis</strong></span> <span class='ocrx_word' id='word_1_625' title='bbox 1491 4149 1555 4189; x_wconf 85' lang='lat' dir='ltr'><strong>ac</strong></span> <span class='ocrx_word' id='word_1_626' title='bbox 1599 4134 1903 4204; x_wconf 82' lang='lat' dir='ltr'><strong>perspicuis</strong></span> <span class='ocrx_word' id='word_1_627' title='bbox 1948 4137 2107 4191; x_wconf 85' lang='lat' dir='ltr'><strong>malis</strong></span> <span class='ocrx_word' id='word_1_628' title='bbox 2168 4135 2387 4206; x_wconf 81' lang='lat' dir='ltr'><strong>possint</strong></span> <span class='ocrx_word' id='word_1_629' title='bbox 2451 4133 2684 4204; x_wconf 87' lang='lat' dir='ltr'><strong>eripere,</strong></span> <span class='ocrx_word' id='word_1_630' title='bbox 2740 4141 2904 4201; x_wconf 88' lang='lat' dir='ltr'><strong>atque</strong></span> <span class='ocrx_word' id='word_1_631' title='bbox 2962 4145 3023 4187; x_wconf 87' lang='lat' dir='ltr'><strong>ut</strong></span> <span class='ocrx_word' id='word_1_632' title='bbox 3102 4133 3178 4186; x_wconf 87' lang='lat' dir='ltr'><strong>ilti</strong></span> <span class='ocrx_word' id='word_1_633' title='bbox 3223 4132 3441 4187; x_wconf 87' lang='lat' dir='ltr'><strong>tandem</strong></span> <span class='ocrx_word' id='word_1_634' title='bbox 3482 4133 3584 4186; x_wconf 87' lang='lat' dir='ltr'><strong>ali-</strong></span> <span class='ocrx_word' id='word_1_635' title='bbox 3628 4110 3635 4129; x_wconf 47' lang='grc'><strong><em>³</em></strong></span> 
     </span>
    </p>
   </div>
   <div class='ocr_carea' id='block_1_84' title="bbox 330 4229 1896 4301">
    <p class='ocr_par' dir='ltr' id='par_1_84' title="bbox 330 4229 1896 4301">
     <span class='ocr_line' id='line_1_84' title="bbox 330 4229 1896 4301; baseline 0 -16"><span class='ocrx_word' id='word_1_636' title='bbox 330 4231 547 4301; x_wconf 85' lang='lat' dir='ltr'><strong>quando</strong></span> <span class='ocrx_word' id='word_1_637' title='bbox 576 4230 837 4285; x_wconf 87' lang='lat' dir='ltr'><strong>malorum</strong></span> <span class='ocrx_word' id='word_1_638' title='bbox 854 4229 1097 4300; x_wconf 88' lang='lat' dir='ltr'><strong>periculo</strong></span> <span class='ocrx_word' id='word_1_639' title='bbox 1111 4230 1374 4300; x_wconf 80' lang='lat' dir='ltr'><strong>exempti,</strong></span> <span class='ocrx_word' id='word_1_640' title='bbox 1404 4231 1545 4284; x_wconf 82' lang='lat' dir='ltr'><strong>bona</strong></span> <span class='ocrx_word' id='word_1_641' title='bbox 1591 4232 1896 4285; x_wconf 89' lang='lat' dir='ltr'><strong>obtineant.</strong></span> 
     </span>
    </p>
   </div>
   <div class='ocr_carea' id='block_1_85' title="bbox 398 4322 1904 4394">
    <p class='ocr_par' dir='ltr' id='par_1_85' title="bbox 398 4322 1904 4394">
     <span class='ocr_line' id='line_1_85' title="bbox 398 4322 1904 4394; baseline -0.001 -17"><span class='ocrx_word' id='word_1_642' title='bbox 398 4325 477 4377; x_wconf 81' lang='grc' dir='ltr'><strong>οὐ</strong></span> <span class='ocrx_word' id='word_1_643' title='bbox 510 4322 618 4394; x_wconf 79' lang='grc' dir='ltr'><strong>μὴν</strong></span> <span class='ocrx_word' id='word_1_644' title='bbox 647 4322 781 4377; x_wconf 65' lang='grc' dir='ltr'>ἀλλὰ</span> <span class='ocrx_word' id='word_1_645' title='bbox 811 4323 908 4376; x_wconf 78' lang='grc' dir='ltr'>καὶ</span> <span class='ocrx_word' id='word_1_646' title='bbox 936 4322 1167 4385; x_wconf 77' lang='grc' dir='ltr'>πολλούς</span> <span class='ocrx_word' id='word_1_647' title='bbox 1196 4339 1350 4385; x_wconf 84' lang='grc' dir='ltr'>τινας</span> <span class='ocrx_word' id='word_1_648' title='bbox 1378 4322 1621 4390; x_wconf 80' lang='grc' dir='ltr'>ἀγαθοὺς</span> <span class='ocrx_word' id='word_1_649' title='bbox 1651 4324 1746 4376; x_wconf 73' lang='grc' dir='ltr'>καὶ</span> <span class='ocrx_word' id='word_1_650' title='bbox 1779 4324 1904 4376; x_wconf 78' lang='grc' dir='ltr'>νοῦν</span> 
     </span>
    </p>
   </div>
   <div class='ocr_carea' id='block_1_86' title="bbox 331 4406 1906 4486">
    <p class='ocr_par' dir='ltr' id='par_1_86' title="bbox 331 4406 1906 4486">
     <span class='ocr_line' id='line_1_86' title="bbox 331 4406 1906 4486; baseline 0 -17"><span class='ocrx_word' id='word_1_651' title='bbox 331 4416 558 4486; x_wconf 75' lang='grc' dir='ltr'>ἔχοντας</span> <span class='ocrx_word' id='word_1_652' title='bbox 610 4415 743 4478; x_wconf 81' lang='grc' dir='ltr'>ῐδοις</span> <span class='ocrx_word' id='word_1_653' title='bbox 809 4416 879 4469; x_wconf 81' lang='grc' dir='ltr'>ἂν</span> <span class='ocrx_word' id='word_1_654' title='bbox 931 4415 1141 4485; x_wconf 71' lang='grc' dir='ltr'>ἑτέροις</span> <span class='ocrx_word' id='word_1_655' title='bbox 1201 4406 1605 4486; x_wconf 59' lang='grc' dir='ltr'>παραινοῦντας</span> <span class='ocrx_word' id='word_1_656' title='bbox 1675 4416 1906 4469; x_wconf 82' lang='grc' dir='ltr'>τοιαῦτα</span> 
     </span>
    </p>
   </div>
   <div class='ocr_carea' id='block_1_87' title="bbox 2082 4318 3589 4390">
    <p class='ocr_par' dir='ltr' id='par_1_87' title="bbox 2082 4318 3589 4390">
     <span class='ocr_line' id='line_1_87' title="bbox 2082 4318 3589 4390; baseline -0.003 -12"><span class='ocrx_word' id='word_1_657' title='bbox 2082 4321 2192 4378; x_wconf 87' lang='lat' dir='ltr'><strong>Sed</strong></span> <span class='ocrx_word' id='word_1_658' title='bbox 2225 4331 2277 4375; x_wconf 87' lang='lat' dir='ltr'><strong>et</strong></span> <span class='ocrx_word' id='word_1_659' title='bbox 2304 4321 2449 4375; x_wconf 77' lang='lat' dir='ltr'><strong>viros</strong></span> <span class='ocrx_word' id='word_1_660' title='bbox 2480 4320 2667 4390; x_wconf 88' lang='lat' dir='ltr'><strong>plures</strong></span> <span class='ocrx_word' id='word_1_661' title='bbox 2697 4318 2837 4389; x_wconf 81' lang='lat' dir='ltr'><strong>frugi</strong></span> <span class='ocrx_word' id='word_1_662' title='bbox 2889 4334 2956 4373; x_wconf 89' lang='lat' dir='ltr'><strong>ac</strong></span> <span class='ocrx_word' id='word_1_663' title='bbox 2987 4318 3276 4389; x_wconf 76' lang='lat' dir='ltr'><strong>prudentia</strong></span> <span class='ocrx_word' id='word_1_664' title='bbox 3320 4328 3589 4385; x_wconf 85' lang='lat' dir='ltr'><strong>praestan-</strong></span> 
     </span>
    </p>
   </div>
   <div class='ocr_carea' id='block_1_88' title="bbox 2012 4411 3584 4481">
    <p class='ocr_par' dir='ltr' id='par_1_88' title="bbox 2012 4411 3584 4481">
     <span class='ocr_line' id='line_1_88' title="bbox 2012 4411 3584 4481; baseline -0.003 -11"><span class='ocrx_word' id='word_1_665' title='bbox 2012 4426 2116 4476; x_wconf 85' lang='lat' dir='ltr'><strong>tes,</strong></span> <span class='ocrx_word' id='word_1_666' title='bbox 2144 4414 2392 4481; x_wconf 65' lang='lat' dir='ltr'><strong>haecipsa</strong></span> <span class='ocrx_word' id='word_1_667' title='bbox 2425 4412 2856 4466; x_wconf 87' lang='lat' dir='ltr'><strong>aliiseonsulere</strong></span> <span class='ocrx_word' id='word_1_668' title='bbox 2892 4411 3105 4476; x_wconf 79' lang='lat' dir='ltr'><strong>videas,</strong></span> <span class='ocrx_word' id='word_1_669' title='bbox 3141 4428 3263 4466; x_wconf 82' lang='lat' dir='ltr'><strong>cum</strong></span> <span class='ocrx_word' id='word_1_670' title='bbox 3301 4427 3387 4464; x_wconf 78' lang='lat' dir='ltr'><strong>res</strong></span> <span class='ocrx_word' id='word_1_671' title='bbox 3408 4412 3584 4466; x_wconf 74' lang='lat' dir='ltr'><strong>fet-at:</strong></span> 
     </span>
    </p>
   </div>
   <div class='ocr_carea' id='block_1_89' title="bbox 330 4504 1895 4596">
    <p class='ocr_par' dir='ltr' id='par_1_89' title="bbox 330 4505 1895 4592">
     <span class='ocr_line' id='line_1_89' title="bbox 330 4505 1895 4592; baseline -0.001 -30"><span class='ocrx_word' id='word_1_672' title='bbox 330 4511 619 4579; x_wconf 75' lang='grc' dir='ltr'>πράττειν,</span> <span class='ocrx_word' id='word_1_673' title='bbox 650 4506 792 4560; x_wconf 77' lang='grc' dir='ltr'>οὕτω</span> <span class='ocrx_word' id='word_1_674' title='bbox 815 4506 1023 4592; x_wconf 42' lang='grc' dir='ltr'>’δεῆσαν</span> <span class='ocrx_word' id='word_1_675' title='bbox 1050 4522 1064 4535; x_wconf 81' lang='lat'><strong><em>°</em></strong></span> <span class='ocrx_word' id='word_1_676' title='bbox 1102 4507 1196 4560; x_wconf 75' lang='grc' dir='ltr'>καὶ</span> <span class='ocrx_word' id='word_1_677' title='bbox 1223 4505 1291 4559; x_wconf 75' lang='grc' dir='ltr'>αὖ</span> <span class='ocrx_word' id='word_1_678' title='bbox 1321 4508 1541 4577; x_wconf 69' lang='grc' dir='ltr'>ἑτέρους</span> <span class='ocrx_word' id='word_1_679' title='bbox 1590 4505 1731 4560; x_wconf 75' lang='grc' dir='ltr'>οὕτω</span> <span class='ocrx_word' id='word_1_680' title='bbox 1767 4509 1895 4561; x_wconf 68' lang='lat'><strong>010-</strong></span> 
     </span>
    </p>
   </div>
   <div class='ocr_carea' id='block_1_90' title="bbox 2002 4504 3585 4596">
    <p class='ocr_par' dir='ltr' id='par_1_90' title="bbox 2012 4504 3585 4578">
     <span class='ocr_line' id='line_1_90' title="bbox 2012 4504 3585 4578; baseline -0.003 -15"><span class='ocrx_word' id='word_1_681' title='bbox 2012 4508 2203 4578; x_wconf 85' lang='lat' dir='ltr'><strong>sicqtte</strong></span> <span class='ocrx_word' id='word_1_682' title='bbox 2236 4506 2376 4561; x_wconf 84' lang='lat' dir='ltr'><strong>alios</strong></span> <span class='ocrx_word' id='word_1_683' title='bbox 2422 4504 2681 4559; x_wconf 84' lang='lat' dir='ltr'><strong>demirari</strong></span> <span class='ocrx_word' id='word_1_684' title='bbox 2712 4505 2806 4573; x_wconf 88' lang='lat' dir='ltr'><strong>qui</strong></span> <span class='ocrx_word' id='word_1_685' title='bbox 2839 4505 2921 4558; x_wconf 86' lang='lat' dir='ltr'><strong>sic</strong></span> <span class='ocrx_word' id='word_1_686' title='bbox 2967 4506 3200 4574; x_wconf 70' lang='lat' dir='ltr'><strong>egerint,</strong></span> <span class='ocrx_word' id='word_1_687' title='bbox 3244 4514 3380 4558; x_wconf 88' lang='lat' dir='ltr'><strong>utet</strong></span> <span class='ocrx_word' id='word_1_688' title='bbox 3435 4518 3585 4574; x_wconf 74' lang='lat' dir='ltr'><strong>gesta</strong></span> 
     </span>
    </p>
   </div>
   <div class='ocr_carea' id='block_1_91' title="bbox 339 4596 1895 4671">
    <p class='ocr_par' dir='ltr' id='par_1_91' title="bbox 339 4598 1895 4671">
     <span class='ocr_line' id='line_1_91' title="bbox 339 4598 1895 4671; baseline -0.001 -19"><span class='ocrx_word' id='word_1_689' title='bbox 339 4600 618 4671; x_wconf 71' lang='grc' dir='ltr'>μάζοντας</span> <span class='ocrx_word' id='word_1_690' title='bbox 667 4600 795 4662; x_wconf 81' lang='grc' dir='ltr'>τοὺς</span> <span class='ocrx_word' id='word_1_691' title='bbox 843 4600 1295 4668; x_wconf 73' lang='grc' dir='ltr'>ἐργασαμένους,</span> <span class='ocrx_word' id='word_1_692' title='bbox 1333 4598 1409 4662; x_wconf 84' lang='grc' dir='ltr'>ὼς</span> <span class='ocrx_word' id='word_1_693' title='bbox 1458 4600 1551 4652; x_wconf 82' lang='grc' dir='ltr'>καὶ</span> <span class='ocrx_word' id='word_1_694' title='bbox 1605 4600 1895 4668; x_wconf 73' lang='grc' dir='ltr'>συγγραφῇ</span> 
     </span>
    </p>
   </div>
   <div class='ocr_carea' id='block_1_92' title="bbox 2002 4596 3588 4671">
    <p class='ocr_par' dir='ltr' id='par_1_92' title="bbox 2010 4596 3588 4663">
     <span class='ocr_line' id='line_1_92' title="bbox 2010 4596 3588 4663; baseline -0.006 -8"><span class='ocrx_word' id='word_1_695' title='bbox 2010 4602 2065 4655; x_wconf 94' lang='lat' dir='ltr'><strong>in</strong></span> <span class='ocrx_word' id='word_1_696' title='bbox 2092 4596 2520 4655; x_wconf 81' lang='lat' dir='ltr'><strong>commentarios</strong></span> <span class='ocrx_word' id='word_1_697' title='bbox 2559 4597 2821 4652; x_wconf 78' lang='lat' dir='ltr'><strong>referant.</strong></span> <span class='ocrx_word' id='word_1_698' title='bbox 2847 4597 2984 4651; x_wconf 82' lang='lat' dir='ltr'><strong>Cum</strong></span> <span class='ocrx_word' id='word_1_699' title='bbox 3016 4596 3099 4650; x_wconf 90' lang='lat' dir='ltr'><strong>sic</strong></span> <span class='ocrx_word' id='word_1_700' title='bbox 3125 4612 3255 4663; x_wconf 75' lang='lat' dir='ltr'><strong>ergo</strong></span> <span class='ocrx_word' id='word_1_701' title='bbox 3283 4597 3398 4649; x_wconf 70' lang='lat' dir='ltr'><strong>haec</strong></span> <span class='ocrx_word' id='word_1_702' title='bbox 3418 4597 3588 4650; x_wconf 71' lang='lat' dir='ltr'><strong>hahe-</strong></span> 
     </span>
    </p>
   </div>
   <div class='ocr_carea' id='block_1_93' title="bbox 336 4676 1900 4763">
    <p class='ocr_par' dir='ltr' id='par_1_93' title="bbox 336 4676 1900 4763">
     <span class='ocr_line' id='line_1_93' title="bbox 336 4676 1900 4763; baseline -0.003 -17"><span class='ocrx_word' id='word_1_703' title='bbox 336 4692 677 4763; x_wconf 76' lang='grc' dir='ltr'>παραδοῦναι</span> <span class='ocrx_word' id='word_1_704' title='bbox 700 4691 771 4745; x_wconf 81' lang='grc' dir='ltr'>τὰ</span> <span class='ocrx_word' id='word_1_705' title='bbox 796 4690 1186 4760; x_wconf 83' lang='grc' dir='ltr'>πεπραγμένα.</span> <span class='ocrx_word' id='word_1_706' title='bbox 1233 4676 1379 4744; x_wconf 68' lang='grc' dir='ltr'>Ὅτε</span> <span class='ocrx_word' id='word_1_707' title='bbox 1409 4690 1593 4744; x_wconf 85' lang='grc' dir='ltr'>τοίνυν</span> <span class='ocrx_word' id='word_1_708' title='bbox 1620 4691 1775 4745; x_wconf 82' lang='grc' dir='ltr'><strong>ταῦθ’</strong></span> <span class='ocrx_word' id='word_1_709' title='bbox 1807 4688 1900 4742; x_wconf 79' lang='grc' dir='ltr'><strong>οὓ-</strong></span> 
     </span>
    </p>
   </div>
   <div class='ocr_carea' id='block_1_94' title="bbox 333 4780 1907 4854">
    <p class='ocr_par' dir='ltr' id='par_1_94' title="bbox 333 4780 1907 4854">
     <span class='ocr_line' id='line_1_94' title="bbox 333 4780 1907 4854; baseline -0.001 -17"><span class='ocrx_word' id='word_1_710' title='bbox 333 4801 440 4849; x_wconf 81' lang='grc' dir='ltr'><strong>τως</strong></span> <span class='ocrx_word' id='word_1_711' title='bbox 471 4784 606 4854; x_wconf 77' lang='grc' dir='ltr'>ἔχει,</span> <span class='ocrx_word' id='word_1_712' title='bbox 641 4783 735 4836; x_wconf 75' lang='grc' dir='ltr'><strong>καὶ</strong></span> <span class='ocrx_word' id='word_1_713' title='bbox 774 4780 1006 4844; x_wconf 82' lang='grc' dir='ltr'>πολλοὺς</span> <span class='ocrx_word' id='word_1_714' title='bbox 1038 4782 1361 4852; x_wconf 80' lang='grc' dir='ltr'>κεκτήμεθα</span> <span class='ocrx_word' id='word_1_715' title='bbox 1385 4783 1499 4837; x_wconf 86' lang='grc' dir='ltr'><strong>τῶν</strong></span> <span class='ocrx_word' id='word_1_716' title='bbox 1535 4800 1594 4836; x_wconf 80' lang='grc' dir='ltr'><strong>τι</strong></span> <span class='ocrx_word' id='word_1_717' title='bbox 1624 4784 1907 4853; x_wconf 79' lang='grc' dir='ltr'>νεωτέρων</span> 
     </span>
    </p>
   </div>
   <div class='ocr_carea' id='block_1_95' title="bbox 338 4862 1909 4945">
    <p class='ocr_par' dir='ltr' id='par_1_95' title="bbox 338 4862 1909 4945">
     <span class='ocr_line' id='line_1_95' title="bbox 338 4862 1909 4945; baseline -0.001 -15"><span class='ocrx_word' id='word_1_718' title='bbox 338 4875 567 4930; x_wconf 75' lang='grc' dir='ltr'>καὶτῶν</span> <span class='ocrx_word' id='word_1_719' title='bbox 610 4872 983 4944; x_wconf 80' lang='grc' dir='ltr'>παλαιοτέρων</span> <span class='ocrx_word' id='word_1_720' title='bbox 1015 4862 1231 4936; x_wconf 77' lang='grc' dir='ltr'>πολλοῖς</span> <span class='ocrx_word' id='word_1_721' title='bbox 1271 4891 1383 4927; x_wconf 91' lang='grc' dir='ltr'>τισι</span> <span class='ocrx_word' id='word_1_722' title='bbox 1419 4874 1642 4944; x_wconf 82' lang='grc' dir='ltr'>τρόποις</span> <span class='ocrx_word' id='word_1_723' title='bbox 1677 4891 1909 4945; x_wconf 87' lang='grc' dir='ltr'>συνηγο-</span> 
     </span>
    </p>
   </div>
   <div class='ocr_carea' id='block_1_96' title="bbox 345 4963 1911 5037">
    <p class='ocr_par' dir='ltr' id='par_1_96' title="bbox 345 4963 1911 5037">
     <span class='ocr_line' id='line_1_96' title="bbox 345 4963 1911 5037; baseline -0.001 -16"><span class='ocrx_word' id='word_1_724' title='bbox 345 4969 568 5035; x_wconf 77' lang='grc' dir='ltr'>ροῦντας</span> <span class='ocrx_word' id='word_1_725' title='bbox 602 4963 683 5034; x_wconf 83' lang='grc' dir='ltr'>τῷ</span> <span class='ocrx_word' id='word_1_726' title='bbox 721 4969 1032 5037; x_wconf 82' lang='grc' dir='ltr'>πράγματι,</span> <span class='ocrx_word' id='word_1_727' title='bbox 1060 4965 1306 5035; x_wconf 84' lang='grc' dir='ltr'>δηλονότι</span> <span class='ocrx_word' id='word_1_728' title='bbox 1340 4966 1401 5017; x_wconf 79' lang='grc' dir='ltr'>τὸ</span> <span class='ocrx_word' id='word_1_729' title='bbox 1434 4967 1708 5036; x_wconf 78' lang='grc' dir='ltr'>ἡμέτερον</span> <span class='ocrx_word' id='word_1_730' title='bbox 1749 4968 1911 5019; x_wconf 79' lang='grc' dir='ltr'>τοῦτο</span> 
     </span>
    </p>
   </div>
   <div class='ocr_carea' id='block_1_97' title="bbox 336 5055 1906 5129">
    <p class='ocr_par' dir='ltr' id='par_1_97' title="bbox 336 5055 1906 5129">
     <span class='ocr_line' id='line_1_97' title="bbox 336 5055 1906 5129; baseline -0.001 -16"><span class='ocrx_word' id='word_1_731' title='bbox 336 5061 544 5129; x_wconf 76' lang='grc' dir='ltr'>δρᾶμα,</span> <span class='ocrx_word' id='word_1_732' title='bbox 585 5058 784 5128; x_wconf 75' lang='grc' dir='ltr'>ἄριστα</span> <span class='ocrx_word' id='word_1_733' title='bbox 828 5057 928 5128; x_wconf 79' lang='grc' dir='ltr'>μὲν</span> <span class='ocrx_word' id='word_1_734' title='bbox 966 5055 1270 5127; x_wconf 72' lang='grc' dir='ltr'>διανοηθὲν,</span> <span class='ocrx_word' id='word_1_735' title='bbox 1316 5056 1514 5125; x_wconf 80' lang='grc' dir='ltr'>ἄριστα</span> <span class='ocrx_word' id='word_1_736' title='bbox 1544 5057 1600 5110; x_wconf 70' lang='grc' dir='ltr'><strong>δὲ</strong></span> <span class='ocrx_word' id='word_1_737' title='bbox 1640 5057 1906 5128; x_wconf 82' lang='grc' dir='ltr'>πραχθὲν,</span> 
     </span>
    </p>
   </div>
   <div class='ocr_carea' id='block_1_98' title="bbox 335 5147 1910 5220">
    <p class='ocr_par' dir='ltr' id='par_1_98' title="bbox 335 5147 1910 5220">
     <span class='ocr_line' id='line_1_98' title="bbox 335 5147 1910 5220; baseline -0.001 -16"><span class='ocrx_word' id='word_1_738' title='bbox 335 5152 532 5220; x_wconf 76' lang='grc' dir='ltr'>ἄριστα</span> <span class='ocrx_word' id='word_1_739' title='bbox 557 5150 617 5203; x_wconf 65' lang='grc' dir='ltr'><strong>δι</strong></span> <span class='ocrx_word' id='word_1_740' title='bbox 646 5148 839 5214; x_wconf 75' lang='grc' dir='ltr'>ἐκϐὰν,</span> <span class='ocrx_word' id='word_1_741' title='bbox 873 5151 935 5202; x_wconf 81' lang='grc' dir='ltr'>οὐ</span> <span class='ocrx_word' id='word_1_742' title='bbox 968 5149 1132 5217; x_wconf 83' lang='grc' dir='ltr'>μόνον</span> <span class='ocrx_word' id='word_1_743' title='bbox 1154 5148 1309 5200; x_wconf 76' lang='grc' dir='ltr'>οὐδὲν</span> <span class='ocrx_word' id='word_1_744' title='bbox 1343 5147 1412 5201; x_wconf 79' lang='grc' dir='ltr'>ἂν</span> <span class='ocrx_word' id='word_1_745' title='bbox 1441 5149 1668 5211; x_wconf 61' lang='lat' dir='ltr'><strong>eluito);</strong></span> <span class='ocrx_word' id='word_1_746' title='bbox 1697 5150 1910 5212; x_wconf 83' lang='grc' dir='ltr'>δέξαιτο</span> 
     </span>
    </p>
   </div>
   <div class='ocr_carea' id='block_1_99' title="bbox 342 5239 1912 5314">
    <p class='ocr_par' dir='ltr' id='par_1_99' title="bbox 342 5239 1912 5314">
     <span class='ocr_line' id='line_1_99' title="bbox 342 5239 1912 5314; baseline -0.002 -19"><span class='ocrx_word' id='word_1_747' title='bbox 342 5243 569 5314; x_wconf 78' lang='grc' dir='ltr'>μέμψιν,</span> <span class='ocrx_word' id='word_1_748' title='bbox 599 5240 735 5294; x_wconf 70' lang='grc' dir='ltr'>ἀλλὰ</span> <span class='ocrx_word' id='word_1_749' title='bbox 756 5241 850 5293; x_wconf 85' lang='grc' dir='ltr'>καὶ</span> <span class='ocrx_word' id='word_1_750' title='bbox 886 5239 1011 5300; x_wconf 75' lang='grc' dir='ltr'>τοὺς</span> <span class='ocrx_word' id='word_1_751' title='bbox 1046 5239 1270 5307; x_wconf 79' lang='grc' dir='ltr'>μείζους</span> <span class='ocrx_word' id='word_1_752' title='bbox 1321 5240 1604 5298; x_wconf 66' lang='grc' dir='ltr'>ἐπαίνους.</span> <span class='ocrx_word' id='word_1_753' title='bbox 1650 5240 1912 5310; x_wconf 71' lang='grc' dir='ltr'>Ὠφιλησε</span> 
     </span>
    </p>
   </div>
   <div class='ocr_carea' id='block_1_100' title="bbox 342 5327 1916 5415">
    <p class='ocr_par' dir='ltr' id='par_1_100' title="bbox 342 5327 1916 5415">
     <span class='ocr_line' id='line_1_100' title="bbox 342 5327 1916 5415; baseline -0.008 -29"><span class='ocrx_word' id='word_1_754' title='bbox 342 5334 439 5402; x_wconf 73' lang='grc' dir='ltr'>μὲν</span> <span class='ocrx_word' id='word_1_755' title='bbox 476 5334 585 5403; x_wconf 85' lang='grc' dir='ltr'><strong>γὰρ</strong></span> <span class='ocrx_word' id='word_1_756' title='bbox 612 5332 782 5400; x_wconf 79' lang='grc' dir='ltr'>ὑμᾶς,</span> <span class='ocrx_word' id='word_1_757' title='bbox 808 5330 1010 5399; x_wconf 72' lang='grc' dir='ltr'>ἔϐλαψε</span> <span class='ocrx_word' id='word_1_758' title='bbox 1038 5330 1095 5383; x_wconf 80' lang='grc' dir='ltr'><strong>δὲ</strong></span> <span class='ocrx_word' id='word_1_759' title='bbox 1122 5331 1251 5391; x_wconf 75' lang='grc' dir='ltr'>τοὺς</span> <span class='ocrx_word' id='word_1_760' title='bbox 1280 5327 1537 5415; x_wconf 64' lang='grc' dir='ltr'>ἐχθροὺς,</span> <span class='ocrx_word' id='word_1_761' title='bbox 1568 5332 1695 5394; x_wconf 73' lang='grc' dir='ltr'>τοὺς</span> <span class='ocrx_word' id='word_1_762' title='bbox 1738 5334 1793 5385; x_wconf 78' lang='grc' dir='ltr'><strong>δὲ</strong></span> <span class='ocrx_word' id='word_1_763' title='bbox 1827 5335 1916 5401; x_wconf 70' lang='grc' dir='ltr'><strong>φι..</strong></span> 
     </span>
    </p>
   </div>
   <div class='ocr_carea' id='block_1_101' title="bbox 338 5422 1916 5492">
    <p class='ocr_par' dir='ltr' id='par_1_101' title="bbox 338 5422 1916 5492">
     <span class='ocr_line' id='line_1_101' title="bbox 338 5422 1916 5492; baseline 0.001 -16"><span class='ocrx_word' id='word_1_764' title='bbox 338 5425 465 5488; x_wconf 80' lang='grc' dir='ltr'>λους</span> <span class='ocrx_word' id='word_1_765' title='bbox 493 5424 644 5478; x_wconf 73' lang='grc' dir='ltr'>οὐδὲν</span> <span class='ocrx_word' id='word_1_766' title='bbox 675 5423 1007 5492; x_wconf 72' lang='grc' dir='ltr'>ἐζημίωσεν.</span> <span class='ocrx_word' id='word_1_767' title='bbox 1063 5422 1241 5474; x_wconf 79' lang='grc' dir='ltr'>Ὀκνῶ</span> <span class='ocrx_word' id='word_1_768' title='bbox 1271 5424 1380 5491; x_wconf 72' lang='grc' dir='ltr'>γὰρ</span> <span class='ocrx_word' id='word_1_769' title='bbox 1406 5422 1604 5486; x_wconf 82' lang='grc' dir='ltr'>εἰπεῖν,</span> <span class='ocrx_word' id='word_1_770' title='bbox 1637 5423 1713 5486; x_wconf 83' lang='grc' dir='ltr'>ὡς</span> <span class='ocrx_word' id='word_1_771' title='bbox 1742 5424 1836 5476; x_wconf 72' lang='grc' dir='ltr'><strong>καί</strong></span> <span class='ocrx_word' id='word_1_772' title='bbox 1862 5442 1916 5478; x_wconf 86' lang='grc' dir='ltr'>τι</span> 
     </span>
    </p>
   </div>
   <div class='ocr_carea' id='block_1_102' title="bbox 343 5511 1917 5589">
    <p class='ocr_par' dir='ltr' id='par_1_102' title="bbox 343 5511 1917 5589">
     <span class='ocr_line' id='line_1_102' title="bbox 343 5511 1917 5589; baseline -0.001 -19"><span class='ocrx_word' id='word_1_773' title='bbox 343 5518 798 5589; x_wconf 71' lang='grc' dir='ltr'>πρωεκὲρδανον,</span> <span class='ocrx_word' id='word_1_774' title='bbox 819 5516 974 5568; x_wconf 71' lang='grc' dir='ltr'>αὐτοὶ</span> <span class='ocrx_word' id='word_1_775' title='bbox 1002 5515 1098 5580; x_wconf 80' lang='grc' dir='ltr'>μὲν</span> <span class='ocrx_word' id='word_1_776' title='bbox 1117 5511 1269 5575; x_wconf 75' lang='grc' dir='ltr'>ὄντες</span> <span class='ocrx_word' id='word_1_777' title='bbox 1288 5515 1339 5565; x_wconf 78' lang='grc' dir='ltr'>οἱ</span> <span class='ocrx_word' id='word_1_778' title='bbox 1363 5514 1457 5576; x_wconf 69' lang='grc' dir='ltr'>τὰ,</span> <span class='ocrx_word' id='word_1_779' title='bbox 1480 5514 1728 5579; x_wconf 83' lang='grc' dir='ltr'>δαπάνας</span> <span class='ocrx_word' id='word_1_780' title='bbox 1755 5534 1917 5586; x_wconf 85' lang='grc' dir='ltr'>ποιη-</span> 
     </span>
    </p>
   </div>
   <div class='ocr_carea' id='block_1_103' title="bbox 342 5601 1918 5679">
    <p class='ocr_par' dir='ltr' id='par_1_103' title="bbox 342 5601 1918 5679">
     <span class='ocr_line' id='line_1_103' title="bbox 342 5601 1918 5679; baseline -0.001 -17"><span class='ocrx_word' id='word_1_781' title='bbox 342 5612 574 5679; x_wconf 71' lang='grc' dir='ltr'>σάμενοι</span> <span class='ocrx_word' id='word_1_782' title='bbox 597 5608 707 5661; x_wconf 80' lang='grc' dir='ltr'>τῶν</span> <span class='ocrx_word' id='word_1_783' title='bbox 749 5604 1010 5670; x_wconf 72' lang='grc' dir='ltr'>ὁπλιτῶν,</span> <span class='ocrx_word' id='word_1_784' title='bbox 1054 5605 1164 5658; x_wconf 85' lang='grc' dir='ltr'><strong>τῶν</strong></span> <span class='ocrx_word' id='word_1_785' title='bbox 1201 5608 1468 5675; x_wconf 70' lang='grc' dir='ltr'>τριήρων,</span> <span class='ocrx_word' id='word_1_786' title='bbox 1495 5606 1603 5659; x_wconf 80' lang='grc' dir='ltr'>τῶν</span> <span class='ocrx_word' id='word_1_787' title='bbox 1634 5606 1810 5660; x_wconf 79' lang='grc' dir='ltr'>ἄλλων</span> <span class='ocrx_word' id='word_1_788' title='bbox 1843 5601 1918 5661; x_wconf 81' lang='grc' dir='ltr'>ὧν</span> 
     </span>
    </p>
   </div>
   <div class='ocr_carea' id='block_1_104' title="bbox 342 5697 1919 5769">
    <p class='ocr_par' dir='ltr' id='par_1_104' title="bbox 342 5697 1919 5769">
     <span class='ocr_line' id='line_1_104' title="bbox 342 5697 1919 5769; baseline -0.001 -15"><span class='ocrx_word' id='word_1_789' title='bbox 342 5700 629 5755; x_wconf 64' lang='grc' dir='ltr'>ἐϐούλοντο</span> <span class='ocrx_word' id='word_1_790' title='bbox 681 5698 932 5751; x_wconf 71' lang='grc' dir='ltr'>πάντων*</span> <span class='ocrx_word' id='word_1_791' title='bbox 978 5697 1130 5750; x_wconf 80' lang='grc' dir='ltr'>αὐτοὶ</span> <span class='ocrx_word' id='word_1_792' title='bbox 1163 5698 1222 5750; x_wconf 67' lang='grc' dir='ltr'><strong>δὲ</strong></span> <span class='ocrx_word' id='word_1_793' title='bbox 1259 5699 1420 5750; x_wconf 71' lang='grc' dir='ltr'>πάλιν</span> <span class='ocrx_word' id='word_1_794' title='bbox 1471 5700 1522 5749; x_wconf 76' lang='grc' dir='ltr'>οἱ</span> <span class='ocrx_word' id='word_1_795' title='bbox 1576 5698 1919 5769; x_wconf 73' lang='grc' dir='ltr'>λογιζόμενοι</span> 
     </span>
    </p>
   </div>
   <div class='ocr_carea' id='block_1_105' title="bbox 346 5786 1921 5860">
    <p class='ocr_par' dir='ltr' id='par_1_105' title="bbox 346 5786 1921 5860">
     <span class='ocr_line' id='line_1_105' title="bbox 346 5786 1921 5860; baseline 0 -17"><span class='ocrx_word' id='word_1_796' title='bbox 346 5793 571 5857; x_wconf 74' lang='grc' dir='ltr'>ταύτας,</span> <span class='ocrx_word' id='word_1_797' title='bbox 616 5792 691 5853; x_wconf 75' lang='grc' dir='ltr'>ὼς</span> <span class='ocrx_word' id='word_1_798' title='bbox 745 5786 813 5859; x_wconf 70' lang='grc' dir='ltr'>ἦν</span> <span class='ocrx_word' id='word_1_799' title='bbox 867 5788 1051 5852; x_wconf 69' lang='grc' dir='ltr'>αὐτοῖς</span> <span class='ocrx_word' id='word_1_800' title='bbox 1107 5788 1480 5858; x_wconf 66' lang='grc' dir='ltr'>βονλομέντρις,</span> <span class='ocrx_word' id='word_1_801' title='bbox 1515 5788 1696 5860; x_wconf 72' lang='grc' dir='ltr'>ἇσπερ</span> <span class='ocrx_word' id='word_1_802' title='bbox 1754 5792 1921 5859; x_wconf 71' lang='grc' dir='ltr'>ἡμεῖς</span> 
     </span>
    </p>
   </div>
   <div class='ocr_carea' id='block_1_106' title="bbox 2007 4689 3584 4760">
    <p class='ocr_par' dir='ltr' id='par_1_106' title="bbox 2007 4689 3584 4760">
     <span class='ocr_line' id='line_1_106' title="bbox 2007 4689 3584 4760; baseline -0.008 -10"><span class='ocrx_word' id='word_1_803' title='bbox 2007 4703 2124 4756; x_wconf 83' lang='lat' dir='ltr'><strong>aut,</strong></span> <span class='ocrx_word' id='word_1_804' title='bbox 2155 4692 2422 4760; x_wconf 87' lang='lat' dir='ltr'><strong>multique</strong></span> <span class='ocrx_word' id='word_1_805' title='bbox 2459 4691 2619 4747; x_wconf 89' lang='lat' dir='ltr'><strong>nobis</strong></span> <span class='ocrx_word' id='word_1_806' title='bbox 2658 4703 2783 4744; x_wconf 88' lang='lat' dir='ltr'><strong>cum</strong></span> <span class='ocrx_word' id='word_1_807' title='bbox 2808 4690 3161 4750; x_wconf 85' lang='lat' dir='ltr'><strong>recentiores,</strong></span> <span class='ocrx_word' id='word_1_808' title='bbox 3200 4697 3316 4741; x_wconf 89' lang='lat' dir='ltr'><strong>tum</strong></span> <span class='ocrx_word' id='word_1_809' title='bbox 3349 4689 3584 4755; x_wconf 81' lang='lat' dir='ltr'><strong>antiqui,</strong></span> 
     </span>
    </p>
   </div>
   <div class='ocr_carea' id='block_1_107' title="bbox 2008 4776 3584 4851">
    <p class='ocr_par' dir='ltr' id='par_1_107' title="bbox 2008 4776 3584 4851">
     <span class='ocr_line' id='line_1_107' title="bbox 2008 4776 3584 4851; baseline -0.006 -12"><span class='ocrx_word' id='word_1_810' title='bbox 2008 4784 2199 4839; x_wconf 81' lang='lat' dir='ltr'><strong>multis</strong></span> <span class='ocrx_word' id='word_1_811' title='bbox 2254 4781 2620 4851; x_wconf 74' lang='lat' dir='ltr'><strong>astipulantur</strong></span> <span class='ocrx_word' id='word_1_812' title='bbox 2677 4778 2877 4841; x_wconf 90' lang='lat' dir='ltr'><strong>modis,</strong></span> <span class='ocrx_word' id='word_1_813' title='bbox 2932 4777 3154 4845; x_wconf 88' lang='lat' dir='ltr'><strong>planum</strong></span> <span class='ocrx_word' id='word_1_814' title='bbox 3208 4776 3286 4840; x_wconf 77' lang='lat' dir='ltr'><strong>iit,</strong></span> <span class='ocrx_word' id='word_1_815' title='bbox 3340 4786 3584 4830; x_wconf 79' lang='lat' dir='ltr'><strong>nostram</strong></span> 
     </span>
    </p>
   </div>
   <div class='ocr_carea' id='block_1_108' title="bbox 2011 4868 3587 4945">
    <p class='ocr_par' dir='ltr' id='par_1_108' title="bbox 2011 4868 3587 4945">
     <span class='ocr_line' id='line_1_108' title="bbox 2011 4868 3587 4945; baseline -0.005 -16"><span class='ocrx_word' id='word_1_816' title='bbox 2011 4876 2281 4939; x_wconf 74' lang='lat' dir='ltr'><strong>fabulam,</strong></span> <span class='ocrx_word' id='word_1_817' title='bbox 2317 4875 2526 4945; x_wconf 86' lang='lat' dir='ltr'><strong>optime</strong></span> <span class='ocrx_word' id='word_1_818' title='bbox 2561 4872 2784 4942; x_wconf 87' lang='lat' dir='ltr'><strong>quidem</strong></span> <span class='ocrx_word' id='word_1_819' title='bbox 2833 4869 3209 4929; x_wconf 77' lang='lat' dir='ltr'><strong>adinventam,</strong></span> <span class='ocrx_word' id='word_1_820' title='bbox 3273 4868 3587 4936; x_wconf 84' lang='lat' dir='ltr'><strong>Optimeque</strong></span> 
     </span>
    </p>
   </div>
   <div class='ocr_carea' id='block_1_109' title="bbox 2011 4963 3589 5035">
    <p class='ocr_par' dir='ltr' id='par_1_109' title="bbox 2011 4963 3589 5035">
     <span class='ocr_line' id='line_1_109' title="bbox 2011 4963 3589 5035; baseline -0.006 -15"><span class='ocrx_word' id='word_1_821' title='bbox 2011 4968 2210 5033; x_wconf 83' lang='lat' dir='ltr'><strong>lusant,</strong></span> <span class='ocrx_word' id='word_1_822' title='bbox 2242 4967 2561 5035; x_wconf 89' lang='lat' dir='ltr'><strong>optimoque</strong></span> <span class='ocrx_word' id='word_1_823' title='bbox 2590 4963 2948 5018; x_wconf 87' lang='lat' dir='ltr'><strong>nihilominus</strong></span> <span class='ocrx_word' id='word_1_824' title='bbox 2980 4968 3181 5015; x_wconf 81' lang='lat' dir='ltr'><strong>eventu</strong></span> <span class='ocrx_word' id='word_1_825' title='bbox 3231 4973 3589 5015; x_wconf 85' lang='lat' dir='ltr'><strong>consumma-</strong></span> 
     </span>
    </p>
   </div>
   <div class='ocr_carea' id='block_1_110' title="bbox 2013 5048 3587 5122">
    <p class='ocr_par' dir='ltr' id='par_1_110' title="bbox 2013 5048 3587 5122">
     <span class='ocr_line' id='line_1_110' title="bbox 2013 5048 3587 5122; baseline -0.006 -11"><span class='ocrx_word' id='word_1_826' title='bbox 2013 5066 2151 5122; x_wconf 85' lang='lat' dir='ltr'><strong>tam,</strong></span> <span class='ocrx_word' id='word_1_827' title='bbox 2175 5058 2377 5112; x_wconf 81' lang='lat' dir='ltr'><strong>uedutu</strong></span> <span class='ocrx_word' id='word_1_828' title='bbox 2410 5055 2546 5110; x_wconf 89' lang='lat' dir='ltr'><strong>ttulli</strong></span> <span class='ocrx_word' id='word_1_829' title='bbox 2569 5054 2767 5108; x_wconf 86' lang='lat' dir='ltr'><strong>merito</strong></span> <span class='ocrx_word' id='word_1_830' title='bbox 2817 5048 3236 5120; x_wconf 87' lang='lat' dir='ltr'><strong>reprehensioni</strong></span> <span class='ocrx_word' id='word_1_831' title='bbox 3289 5048 3587 5103; x_wconf 81' lang='lat' dir='ltr'><strong>obnoxiam</strong></span> 
     </span>
    </p>
   </div>
   <div class='ocr_carea' id='block_1_111' title="bbox 2012 5139 3587 5217">
    <p class='ocr_par' dir='ltr' id='par_1_111' title="bbox 2012 5139 3587 5217">
     <span class='ocr_line' id='line_1_111' title="bbox 2012 5139 3587 5217; baseline -0.007 -11"><span class='ocrx_word' id='word_1_832' title='bbox 2012 5153 2212 5214; x_wconf 75' lang='lat' dir='ltr'><strong>videri,</strong></span> <span class='ocrx_word' id='word_1_833' title='bbox 2235 5151 2327 5204; x_wconf 85' lang='lat' dir='ltr'><strong>sed</strong></span> <span class='ocrx_word' id='word_1_834' title='bbox 2346 5158 2399 5204; x_wconf 90' lang='lat' dir='ltr'><strong>et</strong></span> <span class='ocrx_word' id='word_1_835' title='bbox 2423 5147 2703 5217; x_wconf 74' lang='lat' dir='ltr'><strong>praeclaris</strong></span> <span class='ocrx_word' id='word_1_836' title='bbox 2735 5144 2989 5200; x_wconf 78' lang='lat' dir='ltr'><strong>laudibus</strong></span> <span class='ocrx_word' id='word_1_837' title='bbox 3018 5157 3142 5197; x_wconf 89' lang='lat' dir='ltr'><strong>esse</strong></span> <span class='ocrx_word' id='word_1_838' title='bbox 3198 5141 3450 5209; x_wconf 74' lang='lat' dir='ltr'><strong>dignam.</strong></span> <span class='ocrx_word' id='word_1_839' title='bbox 3479 5139 3587 5195; x_wconf 84' lang='lat' dir='ltr'><strong>Vo-</strong></span> 
     </span>
    </p>
   </div>
   <div class='ocr_carea' id='block_1_112' title="bbox 2018 5236 3596 5324">
    <p class='ocr_par' dir='ltr' id='par_1_112' title="bbox 2018 5236 3596 5303">
     <span class='ocr_line' id='line_1_112' title="bbox 2018 5236 3596 5303; baseline -0.007 -3"><span class='ocrx_word' id='word_1_840' title='bbox 2018 5245 2103 5300; x_wconf 91' lang='lat' dir='ltr'><strong>bis</strong></span> <span class='ocrx_word' id='word_1_841' title='bbox 2128 5258 2265 5299; x_wconf 83' lang='lat' dir='ltr'><strong>sane</strong></span> <span class='ocrx_word' id='word_1_842' title='bbox 2288 5240 2581 5298; x_wconf 90' lang='lat' dir='ltr'><strong>commodo</strong></span> <span class='ocrx_word' id='word_1_843' title='bbox 2602 5238 2729 5303; x_wconf 79' lang='lat' dir='ltr'><strong>fuit,</strong></span> <span class='ocrx_word' id='word_1_844' title='bbox 2762 5238 3015 5292; x_wconf 85' lang='lat' dir='ltr'><strong>hostibus</strong></span> <span class='ocrx_word' id='word_1_845' title='bbox 3034 5243 3218 5290; x_wconf 90' lang='lat' dir='ltr'><strong>autem</strong></span> <span class='ocrx_word' id='word_1_846' title='bbox 3239 5236 3466 5300; x_wconf 85' lang='lat' dir='ltr'><strong>damno,</strong></span> <span class='ocrx_word' id='word_1_847' title='bbox 3495 5249 3596 5289; x_wconf 89' lang='lat' dir='ltr'><strong>nee</strong></span> 
     </span>
    </p>
   </div>
   <div class='ocr_carea' id='block_1_113' title="bbox 2010 5327 3586 5406">
    <p class='ocr_par' dir='ltr' id='par_1_113' title="bbox 2010 5327 3586 5406">
     <span class='ocr_line' id='line_1_113' title="bbox 2010 5327 3586 5406; baseline -0.007 -15"><span class='ocrx_word' id='word_1_848' title='bbox 2010 5338 2315 5406; x_wconf 80' lang='lat' dir='ltr'><strong>quidquam</strong></span> <span class='ocrx_word' id='word_1_849' title='bbox 2351 5334 2591 5403; x_wconf 86' lang='lat' dir='ltr'><strong>denique</strong></span> <span class='ocrx_word' id='word_1_850' title='bbox 2615 5331 2813 5386; x_wconf 84' lang='lat' dir='ltr'><strong>amicis</strong></span> <span class='ocrx_word' id='word_1_851' title='bbox 2835 5331 3196 5385; x_wconf 86' lang='lat' dir='ltr'><strong>detrimento.</strong></span> <span class='ocrx_word' id='word_1_852' title='bbox 3225 5327 3380 5398; x_wconf 76' lang='lat' dir='ltr'><strong>Piget</strong></span> <span class='ocrx_word' id='word_1_853' title='bbox 3411 5328 3586 5389; x_wconf 87' lang='lat' dir='ltr'><strong>enim,</strong></span> 
     </span>
    </p>
   </div>
   <div class='ocr_carea' id='block_1_114' title="bbox 2021 5422 3701 5497">
    <p class='ocr_par' dir='ltr' id='par_1_114' title="bbox 2021 5422 3701 5497">
     <span class='ocr_line' id='line_1_114' title="bbox 2021 5422 3701 5497; baseline -0.006 -14"><span class='ocrx_word' id='word_1_854' title='bbox 2021 5442 2081 5483; x_wconf 88' lang='lat' dir='ltr'><strong>ut</strong></span> <span class='ocrx_word' id='word_1_855' title='bbox 2099 5439 2154 5484; x_wconf 91' lang='lat' dir='ltr'><strong>et</strong></span> <span class='ocrx_word' id='word_1_856' title='bbox 2190 5427 2332 5483; x_wconf 89' lang='lat' dir='ltr'><strong>lucri</strong></span> <span class='ocrx_word' id='word_1_857' title='bbox 2366 5426 2576 5497; x_wconf 87' lang='lat' dir='ltr'><strong>aliquid</strong></span> <span class='ocrx_word' id='word_1_858' title='bbox 2604 5435 2916 5494; x_wconf 85' lang='lat' dir='ltr'><strong>reportasse</strong></span> <span class='ocrx_word' id='word_1_859' title='bbox 2939 5425 3121 5478; x_wconf 89' lang='lat' dir='ltr'><strong>dicam</strong></span> <span class='ocrx_word' id='word_1_860' title='bbox 3151 5441 3166 5476; x_wconf 88' lang='lat'><strong>:</strong></span> <span class='ocrx_word' id='word_1_861' title='bbox 3204 5426 3299 5491; x_wconf 91' lang='lat' dir='ltr'><strong>qui</strong></span> <span class='ocrx_word' id='word_1_862' title='bbox 3328 5422 3430 5491; x_wconf 89' lang='lat' dir='ltr'><strong>ipsi</strong></span> <span class='ocrx_word' id='word_1_863' title='bbox 3457 5435 3596 5489; x_wconf 86' lang='lat' dir='ltr'><strong>quas</strong></span> <span class='ocrx_word' id='word_1_864' title='bbox 3688 5474 3701 5487; x_wconf 63' lang='grc'><strong>,</strong></span> 
     </span>
    </p>
   </div>
   <div class='ocr_carea' id='block_1_115' title="bbox 2020 5512 3595 5586">
    <p class='ocr_par' dir='ltr' id='par_1_115' title="bbox 2020 5512 3595 5586">
     <span class='ocr_line' id='line_1_115' title="bbox 2020 5512 3595 5586; baseline -0.006 -13"><span class='ocrx_word' id='word_1_865' title='bbox 2020 5519 2282 5575; x_wconf 78' lang='lat' dir='ltr'><strong>fecissent</strong></span> <span class='ocrx_word' id='word_1_866' title='bbox 2306 5529 2574 5586; x_wconf 79' lang='lat' dir='ltr'><strong>expensas</strong></span> <span class='ocrx_word' id='word_1_867' title='bbox 2614 5515 2668 5568; x_wconf 91' lang='lat' dir='ltr'><strong>itt</strong></span> <span class='ocrx_word' id='word_1_868' title='bbox 2718 5513 2992 5584; x_wconf 77' lang='lat' dir='ltr'><strong>stipendia</strong></span> <span class='ocrx_word' id='word_1_869' title='bbox 3028 5514 3284 5576; x_wconf 88' lang='lat' dir='ltr'><strong>militum,</strong></span> <span class='ocrx_word' id='word_1_870' title='bbox 3343 5512 3595 5565; x_wconf 76' lang='lat' dir='ltr'><strong>triremes</strong></span> 
     </span>
    </p>
   </div>
   <div class='ocr_carea' id='block_1_116' title="bbox 2022 5606 3596 5676">
    <p class='ocr_par' dir='ltr' id='par_1_116' title="bbox 2022 5606 3596 5676">
     <span class='ocr_line' id='line_1_116' title="bbox 2022 5606 3596 5676; baseline -0.008 -11"><span class='ocrx_word' id='word_1_871' title='bbox 2022 5611 2368 5666; x_wconf 86' lang='lat' dir='ltr'><strong>adornandas</strong></span> <span class='ocrx_word' id='word_1_872' title='bbox 2416 5623 2481 5663; x_wconf 85' lang='lat' dir='ltr'><strong>ac</strong></span> <span class='ocrx_word' id='word_1_873' title='bbox 2527 5607 2799 5676; x_wconf 85' lang='lat' dir='ltr'><strong>reliquum</strong></span> <span class='ocrx_word' id='word_1_874' title='bbox 2864 5606 2991 5661; x_wconf 90' lang='lat' dir='ltr'><strong>belli</strong></span> <span class='ocrx_word' id='word_1_875' title='bbox 3036 5615 3381 5674; x_wconf 79' lang='lat' dir='ltr'><strong>apparatum,</strong></span> <span class='ocrx_word' id='word_1_876' title='bbox 3434 5615 3596 5669; x_wconf 88' lang='lat' dir='ltr'><strong>quem</strong></span> 
     </span>
    </p>
   </div>
   <div class='ocr_carea' id='block_1_117' title="bbox 2022 5699 3596 5769">
    <p class='ocr_par' dir='ltr' id='par_1_117' title="bbox 2022 5699 3596 5769">
     <span class='ocr_line' id='line_1_117' title="bbox 2022 5699 3596 5769; baseline -0.006 -12"><span class='ocrx_word' id='word_1_877' title='bbox 2022 5703 2354 5767; x_wconf 73' lang='lat' dir='ltr'><strong>Voluisseut,</strong></span> <span class='ocrx_word' id='word_1_878' title='bbox 2376 5716 2480 5755; x_wconf 79' lang='lat' dir='ltr'><strong>suo</strong></span> <span class='ocrx_word' id='word_1_879' title='bbox 2519 5701 2870 5769; x_wconf 86' lang='lat' dir='ltr'><strong>postmodum</strong></span> <span class='ocrx_word' id='word_1_880' title='bbox 2913 5699 3182 5752; x_wconf 82' lang='lat' dir='ltr'><strong>arbitratu</strong></span> <span class='ocrx_word' id='word_1_881' title='bbox 3214 5702 3596 5762; x_wconf 77' lang='lat' dir='ltr'><strong>coutputautes</strong></span> 
     </span>
    </p>
   </div>
   <div class='ocr_carea' id='block_1_118' title="bbox 2029 5787 3593 5864">
    <p class='ocr_par' dir='ltr' id='par_1_118' title="bbox 2029 5787 3593 5864">
     <span class='ocr_line' id='line_1_118' title="bbox 2029 5787 3593 5864; baseline -0.007 -15"><span class='ocrx_word' id='word_1_882' title='bbox 2029 5794 2355 5864; x_wconf 67' lang='lat' dir='ltr'><strong>receperint,</strong></span> <span class='ocrx_word' id='word_1_883' title='bbox 2392 5792 2550 5849; x_wconf 84' lang='lat' dir='ltr'><strong>nobis</strong></span> <span class='ocrx_word' id='word_1_884' title='bbox 2587 5794 2793 5859; x_wconf 77' lang='lat' dir='ltr'><strong>integre</strong></span> <span class='ocrx_word' id='word_1_885' title='bbox 2818 5789 3192 5850; x_wconf 74' lang='lat' dir='ltr'><strong>reddentibus,</strong></span> <span class='ocrx_word' id='word_1_886' title='bbox 3228 5801 3287 5839; x_wconf 84' lang='lat' dir='ltr'><strong>ac</strong></span> <span class='ocrx_word' id='word_1_887' title='bbox 3326 5800 3394 5839; x_wconf 86' lang='lat' dir='ltr'><strong>ne</strong></span> <span class='ocrx_word' id='word_1_888' title='bbox 3425 5787 3593 5838; x_wconf 81' lang='lat' dir='ltr'><strong>missa</strong></span> 
     </span>
    </p>
   </div>
  </div>
