3950 6440
481 303 586 364 2:39

1658 308 2061 370 MANUELIS
2097 309 2540 395 PAL/EOLOGI
3605 335 3696 400 2ςο

482 417 699 483 quidem
757 431 888 471 voce
919 419 984 470 ad
1048 416 1308 473 indicium
1349 422 1569 492 angusti
1631 425 1889 492 pectoris.
1920 424 2036 480 llaec

2150 422 2494 492 ἀπεδίδομεν,
2551 425 2718 494 μηδὲν
2773 428 2935 497 λόγον
2989 432 3310 505 ποιούμενοι
3357 443 3698 516 μικροψυχίαν

481 525 612 576 ergo
667 510 851 564 omnia
909 512 1108 578 nequid
1174 515 1456 581 vituperii,
1491 515 1585 569 sed
1641 531 1696 570 et
1752 519 2049 574 maximam

480 597 654 651 τρι-λιιι
679 601 926 666 gloriam,
990 603 1132 668 quod
1175 605 1252 658 sic
1284 605 1574 660 commodo
1616 617 1766 678 gesta
1811 611 1940 666 sint.
1979 615 2050 667 At

480 705 655 756 neque
690 701 796 744 tota
831 692 907 744 illi
949 695 1083 747 inita
1125 697 1267 749 ratio
1303 712 1413 750 rem
1451 701 1681 752 omnino
1732 700 1931 756 fabula!
1968 705 2048 757 si-

478 780 656 832 milem
690 783 1046 837 concesserit.
1087 783 1357 852 Equidem
1401 789 1593 856 optimi
1637 790 1802 863 huij
1827 794 2045 848 consilii

476 882 666 927 auctor
703 877 871 928 multa
898 893 993 944 spe
1023 891 1160 940 erat,
1191 881 1478 935 utmolitio
1509 898 1604 950 per
1640 887 1784 938 hunc
1823 888 2046 942 modum

486 975 634 1022 esset
679 982 1032 1034 successura,
1062 972 1140 1024 uti
1172 986 1386 1040 quoque
1415 976 1680 1030 successit
1715 979 2046 1049 profuitque.

550 1159 769 1213 Veritus
796 1170 996 1226 tamen,
1022 1160 1165 1228 quod
1192 1171 1335 1217 esset
1356 1160 1625 1228 futurum,
1645 1164 2045 1234 incompertum

477 1262 555 1305 est
590 1253 757 1317 enim,
809 1253 1091 1320 hostisque
1129 1253 1492 1308 nihilominus
1525 1255 1763 1309 furorem
1800 1259 1995 1314 timens
2030 1277 2044 1314 :

479 1345 652 1398 multo
686 1346 830 1398 enim
865 1348 954 1399 ille
986 1345 1039 1398 in
1076 1361 1177 1402 nos
1202 1346 1386 1401 furore
1414 1359 1569 1402 erat:
1599 1351 1802 1419 aliquid
1828 1368 2046 1421 quaque

478 1436 529 1489 in
567 1439 824 1492 secundis
875 1439 1183 1493 habendum
1217 1457 1402 1495 srcum
1431 1446 1729 1515 cogitabat.
1769 1445 1835 1499 Ut
1882 1446 2044 1499 nimi-

477 1544 595 1582 rum
619 1530 889 1597 siquidem
914 1530 1192 1584 excideret
1216 1546 1242 1583 a
1272 1540 1576 1602 proposito,
1605 1551 1666 1590 ac
1694 1551 1868 1604 neque
1894 1537 2048 1588 blan-

476 1620 632 1674 ditiis
681 1621 948 1674 immitem
985 1623 1135 1676 illum
1174 1625 1428 1678 emollire
1466 1637 1672 1694 posset.
1707 1643 1882 1694 neque
1919 1642 2042 1680 eum

484 1727 581 1766 ceu
628 1713 775 1764 larva
809 1713 1019 1780 objecta
1051 1727 1380 1782 perterrere,
1425 1726 1534 1770 tum
1571 1718 1712 1786 quod
1749 1716 2040 1771 Fratresin

475 1803 678 1856 vicinia
744 1804 1034 1859 habiturus
1087 1815 1256 1868 esset,
1307 1816 1419 1860 tum
1470 1820 1788 1878 exspectato
1845 1826 2040 1867 eorum

475 1895 640 1952 causa
692 1894 1012 1950 Latinorum
1065 1900 1323 1961 adventu,
1362 1910 1491 1958 tunc
1519 1903 1756 1970 demum,
1789 1909 2037 1974 secundo,

475 1998 532 2041 ut
564 1989 736 2052 aiunt,
767 2006 949 2052 cursu,
983 1991 1108 2046 talia
1139 2004 1348 2062 ageret.
1381 1996 1541 2052 Viros
1575 2014 1767 2054 omnes
1793 2003 1883 2069 qui
1915 1987 2041 2069 pru-

473 2080 654 2134 dentia
682 2077 950 2150 pollerent
980 2083 1035 2137 in
1065 2099 1235 2138 unum
1268 2099 1506 2156 cogeret,
1540 2092 1802 2160 omnique
1824 2094 2043 2147 sublato

473 2171 766 2234 velamine,
803 2186 865 2224 ac
894 2181 1079 2226 amoto
1113 2172 1260 2241 fuco,
1301 2179 1432 2245 quid
1461 2180 1529 2233 ab
1560 2181 1716 2234 initio
1747 2184 1914 2236 animi
1945 2185 2044 2239 ha-

471 2264 704 2327 buisset,
732 2265 946 2319 sincera
972 2270 1200 2323 veritate
1235 2270 1496 2326 ediceret.
1529 2273 1671 2327 Nihil
1703 2291 1808 2329 non
1839 2276 2038 2344 egisse,

469 2367 529 2410 ut
578 2373 644 2410 ne
678 2359 746 2412 ab
779 2360 972 2416 amicis
1014 2365 1261 2432 separari
1314 2366 1698 2434 contingeret:
1746 2380 1858 2422 tum
1911 2387 2040 2425 vero

468 2453 783 2506 ostenderet
820 2453 1113 2510 frustratos
1167 2467 1421 2522 conatus,
1471 2461 1717 2529 nihilque
1761 2462 1874 2529 jam
1923 2464 2036 2530 spei

468 2557 777 2610 superesse,
829 2555 888 2600 ut
934 2547 1107 2602 hostis
1142 2551 1485 2605 reconciliari
1519 2554 1678 2607 vellet
1713 2573 1726 2608 :
1779 2565 2038 2622 praeterea

469 2634 620 2688 omni
669 2638 964 2691 verborum
1019 2640 1239 2710 alioque
1271 2655 1492 2707 conatu,
1531 2655 1796 2711 quantum
1851 2648 2040 2702 liceret

470 2739 569 2794 per
603 2724 942 2791 facultatem,
973 2744 1165 2784 eorum
1200 2734 1468 2786 excitaret
1497 2737 1752 2802 spiritus,
1785 2731 2039 2807 esset'que

469 2825 684 2880 auctnr,
722 2827 778 2870 ut
809 2835 876 2871 ne
911 2837 967 2874 se
1005 2837 1242 2889 unquam
1275 2825 1590 2883 inlidelibus
1631 2829 1912 2894 dederent,
1943 2832 2038 2899 qui

469 2908 718 2962 moribus
749 2925 813 2962 ac
842 2911 1140 2982 dogmatis,
1176 2915 1494 2984 legibusque
1519 2931 1581 2971 ac
1618 2919 1876 2974 omnibus
1917 2922 2038 2977 aliis

469 3001 630 3055 nobis
668 3018 897 3070 prorsus
952 3008 1214 3061 contrarii
1254 3020 1493 3064 essent:
1547 3013 1676 3079 quin
1722 3029 1834 3080 pra:
1883 3025 2035 3070 tanto

2154 515 2508 583 ἐμφαίνοντα.
2545 519 2734 572 Ταῦτα
2762 522 2944 577 τοίνυν
2977 525 3216 594 ᾶπαντα,
3255 530 3453 600 ἥκιστα
3473 535 3566 602 μέν
3587 515 3696 592 τινα

2157 603 2388 673 μέμψιν.
2414 607 2574 672 δόξαν
2607 609 2664 662 δὲ
2717 612 2984 683 μεγίστην
3029 618 3188 687 φέρει
3218 621 3296 690 τῷ
3329 625 3461 692 πρὸς
3489 627 3545 678 τι
3580 646 3704 698 συμ.

2153 697 2319 784 φέρον
2343 701 2719 772 γεγενημένῳ.
2739 705 2829 756 κού
2862 705 2971 776 μὴν
2999 709 3116 760 ἀλλ’
3148 712 3269 764 οὐδὲ
3295 715 3540 784 καθαρῶς
3561 697 3704 775 τοῦτο

2147 771 2369 841 δίδωσιν
2399 792 2637 846 ἐοικέναι
2674 771 2978 864 δράματι-ό
3007 801 3118 865 πᾶς
3171 804 3386 858 ἐκείνου
3438 771 3703 880 ’λογισμοςῐ

2150 874 2258 931 Ἦν
2296 882 2395 949 μὲν
2429 886 2788 958 γάρισφόδρα
2839 888 3060 953 εύελπις
3109 895 3136 946 ὀ
3183 894 3281 965 τὴν
3311 874 3536 968 ἀρίστην
3561 874 3704 972 τήνδε

2151 972 2351 1042 πρᾶξιν
2367 973 2675 1044 διανοηθεὶς
2698 977 3032 1049 ὲκϐήσεσθαί
3056 983 3103 1035 οί
3122 985 3516 1057 τούγχείρημα,
3535 988 3706 1062 ὥσπερ

2149 1064 2318 1133 ἀνέϐη
2355 1066 2448 1118 καὶ
2475 1064 2654 1135 ὤνησέ
2697 1085 2782 1136 γε.

2218 1153 2420 1215 Δεδιὼς
2462 1151 2554 1207 οὖν
2594 1156 2747 1226 ὅμως
2792 1158 2852 1212 τὸ
2902 1161 3125 1228 μέλλονο
3169 1165 3402 1233 ἀόρατον
3449 1167 3591 1235 γάρ·
3622 1169 3709 1222 καὶ

2148 1242 2248 1313 τὴν
2287 1243 2378 1296 τοῦ
2419 1246 2613 1314 ἐχθροῦ
2655 1249 2891 1318 μανίανο
2931 1251 3081 1321 δεινὴ
3112 1254 3221 1324 γὰρ
3266 1251 3335 1326 ἦν
3371 1256 3491 1307 καθ’
3527 1259 3704 1326 ήμῶν·

2149 1337 2468 1405 ἐνεθυμεῖτο
2517 1342 2611 1392 καὶ
2643 1340 2897 1412 δεύτερόν
2927 1362 3002 1398 τι.
3035 1339 3142 1398 Ἶίν
3175 1347 3232 1399 δε
3260 1350 3410 1401 τουτὶ
3447 1350 3506 1400 τὸ
3536 1350 3708 1402 δεύτε-

2154 1441 2265 1497 ρον,
2317 1431 2390 1492 ῶς
2437 1432 2502 1482 ἂν
2547 1433 2801 1506 ἀποτύχῃ
2845 1433 2942 1488 τοῦ
2989 1439 3384 1508 προκειμένου,
3435 1443 3528 1493 καὶ
3580 1444 3706 1513 μήτε

2148 1523 2268 1582 ταῖς
2297 1518 2562 1584 θωπείαις
2601 1525 2816 1596 μαλάξῃ
2849 1527 2947 1598 τὴν
2975 1529 3254 1600 ἀνήμερον
3281 1532 3497 1601 ἐκείνην
3519 1532 3705 1604 ψυχήν,

2151 1614 2290 1679 μήτε
2330 1613 2748 1682 μορμολύξηται
2793 1619 3018 1689 ταύτην,
3065 1620 3144 1691 τῷ
3184 1637 3244 1674 τε
3293 1624 3420 1685 τοὺς
3463 1625 3707 1694 Φρερίους

2149 1705 2475 1773 προσοίκους
2507 1709 2676 1775 σχεῖν,
2704 1711 2772 1780 τῇ
2804 1727 2862 1762 τε
2893 1711 2983 1764 διὰ
3025 1714 3249 1779 τούτους
3291 1717 3706 1790 προσδοκωμένη

2151 1795 2260 1850 τῶν
2295 1798 2542 1850 Λατίνων
2585 1799 2790 1867 ἀφίξει,
2821 1806 2942 1854 τότε
2979 1803 3169 1857 λοιπὸν
3216 1805 3370 1860 κατὰ
3415 1807 3703 1877 δεύτερον,

2152 1885 2180 1938 ὅ
2211 1901 2361 1953 φασι,
2393 1887 2616 1954 πλοῦν,
2650 1890 2854 1957 πρᾶξαι
2886 1894 3088 1948 τοιάδε.
3119 1896 3335 1959 Πάντας
3367 1892 3448 1961 οἷς
3474 1899 3562 1952 νοῦ
3625 1915 3709 1968 με·

2153 1974 2251 2045 τῆν
2289 1978 2662 2048 συναθροίσαι,
2696 1982 2790 2032 καὶ
2833 1982 3142 2053 εἰλικρινῶς
3173 1986 3416 2050 ἐξειπεῖν
3454 1986 3706 2058 περιελὼν

2150 2068 2297 2123 ἀπαν
2341 2070 2626 2141 κάλυμμα,
2668 2074 2768 2143 τὴν
2818 2073 3056 2144 ὲξαρχῆς
3107 2078 3308 2131 ἑαυτοῦ
3357 2079 3707 2150 γνώμην·ὠς

2150 2160 2258 2229 ἀρα
2301 2163 2476 2214 πάντα
2529 2166 2739 2226 γένοιτο
2786 2165 2928 2236 ὑπὲρ
2967 2165 3062 2220 τοῦ
3108 2170 3184 2239 μὴ
3229 2174 3576 2242 χωρισθῆναι
3607 2175 3708 2225 τῶν

2151 2253 2512 2322 φιλουμένων,
2547 2255 2718 2322 δεῖξαί
2752 2274 2810 2309 τε
2844 2261 2944 2328 τὴν
2979 2262 3312 2332 διαμαρτίαν
3341 2266 3442 2334 τῆς
3472 2267 3710 2336 ἐγχειρή-

2152 2360 2310 2410 σεως,
2342 2351 2435 2398 καὶ
2469 2347 2543 2408 ὼς
2569 2349 2666 2417 οὐχ
2701 2349 3088 2404 ὑπολέλειπται
3124 2372 3208 2416 τις
3245 2357 3406 2420 ἐλπὶς
3433 2357 3710 2426 διαλλαγῆ-

2151 2455 2239 2489 ναι
2273 2441 2363 2489 τὸν
2413 2440 2725 2510 ἄνθρωπον.
2768 2439 2904 2497 Εἶτα
2947 2446 3216 2517 διεγεῖραι
3246 2451 3466 2513 τούτοις
3495 2452 3556 2502 τὸ
3585 2453 3710 2520 99$-

2149 2549 2321 2602 νημα,
2358 2532 2530 2586 ἆπασι
2566 2537 2658 2588 καὶ
2681 2536 2860 2604 λόγοις
2892 2542 2984 2591 καὶ
3015 2543 3261 2610 τρόποις,
3299 2543 3425 2598 ὅσον
3457 2545 3601 2615 αύτῷ
3628 2545 3708 2598 δυο

2148 2624 2308 2676 νατόν
2330 2642 2341 2653 ·
2369 2627 2466 2678 καὶ
2498 2627 2932 2696 συμϐουλεῦσαι,
2957 2633 3034 2702 μὴ
3064 2635 3201 2701 σφᾶς
3227 2636 3432 2702 αὐτοὺς
3460 2641 3568 2700 τοῖς
3595 2644 3711 2692 ασεο

2149 2716 2300 2768 6έσιν
2333 2717 2590 2787 ἐθελῆσαι
2628 2722 2921 2790 προδοῦναι
2956 2726 3161 2792 μηδένα
3188 2729 3420 2795 τρόπον,
3452 2730 3501 2782 οἳ
3533 2730 3594 2800 δὴ
3623 2732 3708 2783 καὶ

2147 2816 2257 2872 τοῖς
2288 2813 2456 2877 ἔθεσι,
2499 2816 2592 2867 καὶ
2636 2818 2748 2880 τοῖς
2791 2818 3050 2889 δόγμασι,
3091 2821 3187 2874 καὶ
3231 2827 3353 2887 τοῖς
3393 2827 3598 2894 νόμοις,
3623 2826 3709 2878 καὶ

2145 2907 2259 2968 τοῖς
2293 2905 2470 2969 ἄλλοις
2503 2907 2727 2976 ἅπασιν,
2761 2911 2891 2979 ήμῖν
2933 2913 3309 2969 ὲναντιὸτιτοι
3362 2918 3708 2987 τυγχάνουσιν

2147 2995 2334 3058 ὄντες·
2372 2999 2510 3052 ἀλλά
2556 3001 2662 3070 πρὸ
2695 3002 2854 3054 τοῦδε
2885 3004 3058 3056 κακοῦ
3105 3006 3330 3061 ἅπαντα
3374 3015 3464 3062 καὶ
3505 3011 3707 3078 διανοη-

470 3093 636 3156 malo,
669 3094 806 3148 nihil
838 3111 946 3149 non
984 3096 1298 3168 designare,
1325 3117 1484 3170 agere
1516 3118 1580 3156 ac
1617 3103 1725 3172 pati
1765 3107 1988 3161 mallent
2023 3128 2036 3164 :

2148 3089 2330 3160 θῆναι,
2360 3092 2453 3144 καὶ
2488 3095 2714 3163 πρᾶξαι,
2746 3098 2837 3147 καὶ
2888 3096 3081 3150 παθεῖν
3135 3101 3436 3170 ἐθελῆσαι·
3488 3103 3707 3171 ὑποσχέ-

466 3185 817 3250 promitteret
838 3201 1058 3255 quoque
1086 3190 1167 3243 eis
1194 3205 1252 3244 se
1279 3195 1760 3260 ceinmoriturnm,
1784 3199 1945 3252 modo
1970 3216 2038 3255 ne

467 3275 574 3343 ipsi
600 3291 748 3329 arma
783 3277 1106 3347 abjicereut,
1138 3281 1230 3334 sed
1260 3281 1383 3336 forti
1407 3284 1594 3337 animo
1615 3288 1896 3344 studerent
1922 3293 2038 3345 vin-

467 3369 670 3433 dicare,
704 3382 869 3439 utque
895 3373 976 3426 vel
1003 3375 1242 3442 gloriose
1283 3377 1568 3440 caderent,
1602 3381 1682 3433 vel
1743 3383 1809 3435 de.
1860 3384 2034 3438 hosti-

467 3461 572 3516 bus
611 3464 1031 3533 triumpharent.
1060 3466 1218 3532 Quod
1239 3469 1284 3523 si
1312 3479 1460 3522 tanta
1497 3471 1546 3524 vi
1571 3472 1893 3542 eloquentizn
1919 3479 2038 3546 pul-

465 3553 626 3618 leret,
667 3565 726 3610 ut
778 3557 830 3610 in
865 3574 1022 3611 suam
1058 3560 1177 3612 illos
1217 3561 1542 3615 sententiam
1588 3566 1848 3627 traheret,
1903 3569 2035 3622 nihil

467 3648 606 3702 ultra
633 3652 914 3719 negotium
943 3662 1184 3719 urgeret,
1209 3653 1302 3706 sed
1339 3654 1391 3706 in
1426 3655 1530 3709 hoc
1557 3665 1761 3711 tantum
1791 3660 2036 3716 intentus

462 3749 631 3806 esset,
669 3750 728 3794 ut
764 3739 1008 3797 Rhodios
1059 3758 1221 3812 quam
1271 3756 1454 3814 posset
1481 3748 1677 3802 blande
1713 3754 2033 3806 remitteret.

467 3831 568 3884 Sin
621 3843 802 3886 autcm
852 3834 926 3888 ibi
957 3850 1077 3902 qua:
1113 3847 1298 3891 essent
1344 3839 1395 3892 in
1435 3823 1551 3908 ipso
1586 3841 1789 3909 egisset
1825 3846 2034 3910 omnia,

463 3923 830 3993 dixissetque,
865 3923 1067 3979 frustra
1097 3942 1153 3981 se
1191 3929 1326 3982 eniti
1373 3931 1704 3997 adverteret,
1736 3934 2033 4004 ignemque,

462 4015 608 4082 quod
639 4017 812 4079 aiunt,
834 4017 1054 4081 ca'dere,
1093 4035 1153 4072 ac
1172 4027 1348 4086 petras
1381 4037 1552 4075 serere
1572 4039 1589 4074 :
1622 4033 1750 4077 tunc
1777 4025 1933 4090 plane
1959 4026 2036 4079 fa—

463 4108 728 4161 cultatem
757 4107 977 4174 faceret,
1010 4110 1214 4180 aliquid
1246 4112 1508 4166 moliendi
1545 4129 1641 4181 pro
1661 4130 1758 4168 sua
1791 4116 2033 4183 ipsorum

465 4199 659 4263 salute,
687 4210 977 4269 postquam
1006 4205 1150 4257 malo
1178 4205 1436 4274 impares,
1472 4205 1606 4258 nihil
1642 4207 1780 4260 ultra
1814 4217 2037 4274 possent

467 4293 755 4347 resistere:
785 4306 1029 4350 moneret
1048 4312 1175 4350 vero
1195 4299 1412 4366 quando
1435 4307 1581 4351 tanta
1603 4299 1684 4352 vis
1703 4301 1854 4364 mali,
1877 4302 2038 4354 adco-

464 4400 571 4453 que
601 4387 881 4441 exhausta:
932 4390 1092 4453 vires,
1126 4405 1246 4451 eos,
1302 4391 1392 4457 qui
1429 4401 1654 4458 possmt
1695 4393 1838 4445 ferre
1874 4406 2033 4460 0pcm

2143 3181 2268 3234 σθαι
2314 3198 2373 3234 τε
2411 3183 2592 3246 αὐτοῖς
2638 3185 3151 3254 συναποθανεῖσθαι,
3197 3189 3274 3260 μὴ
3327 3193 3706 3262 καταθεμένοις

2141 3275 2207 3328 τὰ
2231 3275 2392 3338 ὅπλα,
2430 3276 2545 3328 ἀλλ’
2573 3279 2938 3346 ἀμυνομένοις
2971 3282 3256 3351 ἀνδρείως,
3293 3285 3441 3338 ὥστε
3475 3287 3606 3355 μετά
3630 3287 3704 3338 δό-

2142 3363 2236 3432 ξης
2284 3367 2490 3429 πεσεῖν,
2534 3365 2566 3436 ἢ
2614 3368 2873 3436 τρόπαιον
2923 3371 3029 3422 ἀπὸ
3075 3373 3184 3424 τῶν
3233 3374 3458 3445 ἐχθρῶν
3502 3375 3707 3444 στῆσαι.

2140 3457 2261 3511 Κᾶν
2291 3457 2431 3510 οὕτω
2466 3458 2694 3526 γένηται
2738 3460 2984 3526 πιθανὸς,
3029 3463 3104 3526 ὡς
3148 3465 3356 3530 αὐτοὺς
3386 3469 3709 3536 ὁμολογῆσαι

2138 3552 2206 3619 τῇ
2237 3549 2427 3602 τούτου
2461 3550 2674 3622 γνώμῃ,
2708 3553 2784 3622 μὴ
2820 3556 3136 3625 περαιτέρω
3171 3561 3474 3629 προϐῆναι,
3503 3559 3614 3613 ἀλλ’
3635 3562 3708 3620 είς

2137 3643 2298 3695 τοῦτο
2331 3643 2490 3709 μόνον
2531 3643 2679 3709 ἰδεῖν,
2720 3647 2870 3708 ὅπως
2902 3649 3224 3719 ἀποπέμψει
3266 3651 3517 3717 Ῥοδίους
3547 3654 3710 3723 ήδὲως

2140 3735 2260 3788 ὅσον
2312 3729 2422 3788 οἷόν
2461 3752 2542 3788 τε.
2579 3735 2639 3788 Εί
2677 3736 2733 3788 δὲ
2771 3738 2836 3808 δὴ
2875 3741 3115 3809 ποιήσας
3168 3746 3260 3794 καὶ
3319 3745 3492 3798 εἰπὼν
3547 3748 3612 3798 τά
3637 3747 3710 3805 είς

2139 3825 2347 3878 ἐκεῖνον
2395 3825 2616 3896 ἥκοντα,
2664 3829 2824 3896 γνοίη
2851 3829 3129 3898 τηνάλλως
3165 3832 3600 3903 ἀγωνιζόμενος,
3632 3837 3712 3898 εἰς

2138 3918 2259 3987 πῦρ
2287 3934 2350 3971 τε
2379 3917 2621 3986 fait-air,
2655 3922 2755 3973 καὶ
2787 3921 3009 3988 πέτρας
3029 3925 3332 3993 σπείρων,
3359 3929 3484 3981 τότε
3513 3928 3576 3998 δὴ
3597 3926 3712 3979 δοῦ-

2137 4029 2225 4066 ναι
2269 4013 2598 4084 συγγνώμην
2652 4015 2860 4079 αὐτοῖς,
2894 4019 2942 4066 εί
2984 4018 3254 4086 πράξαιέν
3283 4037 3345 4074 τι
3376 4022 3518 4091 πρὸς
3545 4039 3712 4090 σωτηη

2142 4109 2286 4174 ρίαν,
2331 4107 2405 4174 μὴ
2445 4107 2763 4174 δυναμένοις
2805 4110 3054 4178 ἀντέχειν
3078 4112 3161 4165 ἔτι
3186 4133 3194 4140 ·
3223 4114 3328 4167 καὶ
3357 4117 3707 4187 παραινέσαι,

2138 4197 2214 4260 ὡς
2246 4198 2436 4268 ἐπειδὴ
2466 4199 2524 4252 τὸ
2561 4200 2812 4254 σύντονον
2844 4203 3035 4267 κακὸν,
3075 4206 3170 4258 καὶ¹
3196 4206 3257 4258 τὸ
3296 4211 3402 4276 τῆς
3432 4209 3711 4278 δυνάμεως

2138 4290 2388 4353 ἀσθενὲς,
2434 4292 2664 4348 συνωθεῖ
2695 4295 2824 4357 τοὺς
2864 4298 3196 4363 δυναμένους
3247 4300 3444 4363 αὐτοῖς
3500 4301 3710 4371 βοηθεῖν

2141 4381 2397 4450 ζητῆσαι,
2424 4383 2556 4452 πρὸς
2607 4385 2734 4448 τοὺς
2781 4387 2875 4438 ἐπὶ
2905 4386 3040 4456 τῷδε
3084 4392 3552 4458 παραγεγονότας
3583 4394 3714 4463 dips-

463 4480 854 4547 eompellerent
883 4497 1152 4550 quaerere,
1178 4489 1344 4552 penes
1377 4481 1619 4546 Fratres,
1645 4484 1736 4552 qui
1777 4498 1840 4537 ea
1873 4499 2030 4538 occa-

2144 4475 2288 4543 ρίους
2318 4473 2476 4527 τοῦτο
2508 4476 2764 4543 γενέσθαι
2792 4478 2826 4548 ἢ
2862 4480 2991 4547 πρὸς
3025 4479 3214 4550 ἕτερόν
3242 4497 3370 4536 τινα
3401 4483 3514 4536 τῶν
3539 4461 3711 4538 ἀπάν·

463 4570 619 4624 sione
643 4571 944 4635 venissent,
970 4589 1136 4643 supra
1170 4589 1332 4640 quam
1361 4589 1525 4644 penes
1549 4576 1688 4629 ullos
1722 4576 1861 4630 alios
1883 4592 2031 4631 rnor-

465 4665 620 4727 tales,
656 4663 774 4732 ejus
804 4663 1045 4719 ferendae
1076 4681 1226 4734 spem
1251 4667 1412 4718 sitam
1443 4681 1585 4719 esse.
1622 4664 1712 4720 Sic.
1739 4667 1884 4720 enim
1911 4684 2032 4722 mo-

463 4754 544 4807 dis
570 4754 828 4808 onmibns
851 4755 1254 4810 conducibilius
1275 4771 1417 4809 esse.
1445 4756 1586 4810 Bene
1606 4772 1738 4827 ergo
1759 4759 2030 4827 dicebam,

466 4863 578 4901 rrm
599 4863 706 4900 non
728 4848 953 4901 omnino
977 4847 1175 4900 fabulae
1197 4849 1430 4902 similem
1457 4848 1734 4904 habuisse.
1759 4849 1860 4916 Qui
1883 4853 2028 4908 enim

466 4939 518 4992 id
550 4939 801 4994 absolute
830 4941 1048 5008 agentis
1090 4940 1306 5003 fraude,
1349 4957 1470 4995 cum
1509 4957 1596 4996 res
1632 4945 1696 4998 ad
1737 4953 2030 5014 utrumque

466 5032 707 5097 haberet,
763 5043 977 5085 essetne
1013 5033 1219 5096 futura,
1263 5033 1475 5087 necne?
1505 5033 1661 5099 Quod
1692 5039 1834 5092 enim
1863 5054 1893 5092 a
1923 5040 2028 5094 Ba-

458 5126 652 5195 jazetis
700 5126 983 5178 voluntate
1040 5125 1316 5193 penderet,
1366 5141 1525 5195 quam
1563 5127 1652 5182 ille
1697 5131 1845 5183 omni
1882 5142 2028 5187 retro

461 5227 707 5287 tempore
737 5218 803 5270 ab
835 5216 982 5270 omni
1021 5217 1379 5272 humanitatis
1401 5233 1568 5273 sensu
1603 5220 1835 5276 alienam
1866 5225 2026 5276 exhi-

463 5308 694 5369 buis:et,
727 5308 884 5374 longe
919 5322 1046 5359 vero
1077 5306 1258 5360 simile
1286 5315 1424 5371 erat,
1459 5319 1767 5364 manentem
1801 5311 2024 5380 impium

468 5401 520 5453 in
557 5401 726 5469 priori
759 5399 888 5451 :illa
919 5399 1292 5466 contentione,
1323 5400 1441 5453 vale
1466 5401 1515 5453 ci
1555 5400 1852 5464 dieturum,
1884 5404 2029 5471 quod

459 5505 766 5559 congruum
817 5498 980 5542 esset.
1022 5491 1113 5543 Sic
1156 5500 1335 5543 autem
1382 5506 1447 5544 eo
1506 5505 1778 5557 manente,
1821 5509 1884 5548 ac
1930 5510 2027 5562 pro

464 5599 636 5647 more,
664 5581 944 5636 voluntate
971 5597 1033 5637 ac
1057 5583 1215 5652 genio
1257 5593 1469 5648 utente,
1505 5600 1601 5651 par
1635 5600 1853 5639 rursum
1884 5596 2022 5650 erat,

466 5686 524 5728 ut
561 5689 687 5743 spes
723 5671 996 5741 Fratrum,
1034 5677 1087 5729 in
1133 5691 1296 5744 quam
1333 5677 1498 5730 erecti
1535 5676 1698 5730 domo
1723 5678 2024 5741 solverant,

465 5781 694 5821 evasura
717 5776 856 5821 esset
882 5783 896 5834 ;
920 5768 1136 5838 quando
1158 5784 1254 5840 pro
1279 5768 1440 5838 l’elop
1480 5769 1630 5822 nncsi
1658 5768 1905 5823 utilitatis
1930 5786 2020 5823 ra-

2137 4584 2266 4620 των.
2305 4567 2405 4638 Eii;
2436 4569 2545 4639 γὰρ
2577 4568 2644 4622 ἀν
2675 4569 2850 4642 ταύτῃ
2881 4571 3089 4640 βέλτιον
3127 4573 3349 4627 πάντων
3386 4581 3580 4630 ἕνεκα.
3605 4579 3714 4630 Κα-

2136 4660 2242 4720 λῶς
2269 4661 2375 4728 ἄρα
2404 4655 2580 4726 εἷπον,
2598 4660 2674 4723 ὼς
2697 4662 2819 4714 οὐδὲ
2843 4663 3080 4732 δράματι
3105 4663 3364 4736 καθαρῶς
3391 4669 3542 4721 ἔοικε
3565 4670 3712 4720 τουτὶ

2133 4748 2386 4820 τοῦργον.
2442 4751 2565 4814 Πῶς
2593 4755 2700 4820 γὰρ
2732 4754 2796 4806 ἂν
2840 4756 2924 4824 είη
2965 4755 3210 4826 ἀκριῦῶς
3247 4758 3621 4828 σοφιζομένου
3654 4760 3712 4811 τὸ

2134 4845 2486 4915 ἀμφιρῤεπὲς
2535 4846 2752 4908 πάντως
2798 4846 2880 4912 ὃν,
2927 4846 3069 4901 ὥστε
3124 4851 3386 4915 γενέσθαι
3446 4860 3542 4908 καὶ
3595 4857 3708 4922 μή’;

2147 4939 2366 5010 Ἐπειδὴ
2393 4940 2500 5010 γὰρ
2525 4938 2622 5009 τὴν
2655 4943 2881 5011 είρήνην
2911 4943 3168 5009 γενέσθαι
3189 4947 3287 5016 τῆς
3310 4947 3408 5000 τοῦ
3433 4949 3710 5017 Παγιαζέο

2133 5050 2229 5085 του
2273 5030 2498 5101 γνώμης
2532 5032 2824 5104 ἐξήρτητο,
2856 5035 3372 5108 ἀπανθρωποτάτης
3401 5040 3708 5109 δειχθείσης

2133 5128 2244 5187 τοῖς
2284 5124 2521 5192 πρόσθεν
2555 5125 2726 5179 ἅπασι
2763 5127 2999 5197 χρόνοις,
3030 5132 3130 5180 οὐκ
3173 5131 3405 5194 ἀπεικὸς
3433 5128 3502 5202 ἦν
3535 5134 3710 5201 μεῖναι

2133 5216 2224 5268 τὸν
2259 5215 2420 5268 ἄθεον
2451 5217 2509 5269 ἐν
2543 5220 2610 5285 τῇ
2654 5221 2899 5288 προτέρᾳ
2956 5220 3279 5291 φιλονεικίᾳ,
3313 5222 3600 5293 ἐρρῶσθαι
3637 5222 3708 5288 τῷ

2134 5309 2467 5376 προσήκοντι
2510 5309 2833 5378 φράσαντα·
2881 5312 2977 5363 καὶ
3028 5313 3318 5381 μείναντος
3369 5316 3430 5366 ὲν
3467 5316 3546 5382 τῷ
3579 5313 3706 5383 χρὴ·

2134 5399 2260 5450 σθαι
2293 5400 2358 5466 τῇ
2389 5397 2581 5468 γνώμῃ
2617 5415 2675 5450 τε
2710 5401 2805 5452 καὶ
2838 5403 2902 5471 τῇ
2937 5403 3118 5470 φύσει,
3145 5405 3293 5466 εἰκὸς
3324 5399 3397 5473 ἦν
3433 5402 3588 5466 αὖθις
3616 5403 3706 5455 καὶ

2131 5492 2228 5550 τὰς
2261 5489 2481 5552 ἐλπίδας
2529 5493 2637 5552 τοῖς
2669 5493 2918 5562 Φρερίοις
2952 5496 3102 5557 τέλος
3132 5496 3317 5548 λαϐεῖν
3357 5495 3487 5564 μεθ’
3515 5491 3588 5546 ὧν
3635 5495 3708 5546 οῖ-

2133 5581 2292 5634 κοθεν
2325 5584 2640 5650 κεκίνηνται
2664 5599 2678 5612 °
2727 5586 2849 5637 ἐπεὶ
2880 5585 2940 5638 τὸ
2981 5591 3045 5656 τῇ
3081 5589 3478 5658 Πελοποννήσῳ
3528 5591 3704 5640 συνοῖ-

2137 5690 2252 5734 σον.
2291 5675 2365 5743 μὴ
2405 5675 2680 5746 δυναμένῃ
2737 5677 2862 5729 καθ’
2914 5679 3081 5749 αὐτὴν
3119 5680 3512 5755 διασώζεσθαι,
3551 5679 3706 5732 τοῦτο

2137 5763 2296 5834 οἶμαι
2331 5763 2469 5819 εἶναι
2513 5768 2811 5821 δέδεικταιο
2860 5772 3075 5828 πάντων
3110 5775 3232 5838 τοὺς
3265 5774 3534 5842 Φρερίους
3569 5789 3702 5840 προ·
