3950 6432
256 346 347 409 2‘31

1036 340 1438 403 TIIEODORI
1480 284 1845 400 I)ESPOTIE
1882 329 2283 394 LAUDATIO
2307 328 2725 392 FUNEBRIS.

3407 328 3516 391 262

257 462 508 529 τιμῆσαι.
551 460 803 514 Συνοϊσον
829 459 886 513 δέ
916 438 1061 528 λέγω
1089 457 1185 512 νῦν
1214 458 1276 511 τὸ
1310 459 1369 511 ἐν
1408 460 1521 518 τοῖς
1555 456 1828 538 βλάπτου-

1961 450 2107 525 ione,
2141 464 2247 503 non
2281 448 2632 516 valentisper
2653 448 2888 516 seipsam
2915 442 3125 499 servari
3156 444 3516 505 incolumem;

263 565 347 602 σιν
391 541 580 621 ἦττον.
618 547 758 602 οὔτε
808 547 990 603 τοίνυν
1041 546 1138 602 τοῦ
1168 546 1448 617 δράματος
1479 546 1667 607 ἕνεκα.
1708 544 1834 598 οὔτε

273 640 373 710 τῆς
401 641 582 704 αίτίας
608 640 678 694 δι’
704 640 773 711 ἢν
800 639 864 693 τὸ
902 639 1112 709 δρᾶμα,
1147 638 1411 708 μέμψαιτ’
1456 636 1523 691 ἄν
1552 655 1635 699 τις
1671 637 1836 692 αὐτὸν

263 729 481 795 δικαίως
508 747 524 762 ·
555 730 755 784 οὐκοῦν
773 730 883 784 οὐδ’
900 730 1041 801 ὅπερ
1059 728 1332 795 ἐϐούλετο,
1361 729 1428 801 ἢν
1451 728 1703 800 ἀποτύχῃ
1733 727 1837 797 τῆς

265 823 474 893 ἀγαθῆς
504 823 742 885 ἐλπίδος.
783 821 1036 892 Ὦσπερεὶ
1064 821 1173 892 γὰρ
1204 822 1304 892 ἤδη
1339 820 1833 891 κεφαλαιούμενος,

270 914 502 970 συνελὼν
536 916 605 968 τὰ
636 915 765 984 περὶ
798 914 966 969 τῶνδε
1020 914 1416 986 προειρημένα,
1460 914 1736 984 πυθοίμην
1770 914 1836 968 ἂν

266 1009 437 1080 ἡδέως
481 1009 684 1070 παντὸς
723 1007 929 1070 εἰδότος
972 1006 1040 1060 τὰ
1087 1007 1210 1060 τότε
1245 1008 1571 1078 πράγματα,
1615 1009 1707 1061 καὶ
1747 1006 1834 1060 νοῦ

270 1099 491 1169 μετρίου
526 1100 874 1168 μετέχοντος,
901 1097 955 1150 τί
986 1115 1119 1151 ποτε
1150 1097 1341 1152 τοῦτον
1377 1099 1546 1170 ἐχρῆν
1581 1101 1775 1164 ποιεῖν,
1801 1100 1834 1169 ἢ

264 1189 319 1243 τί
347 1192 437 1243 καὶ
467 1178 864 1259 συμϐουλεύεῇ
897 1191 1008 1253 τοῖς
1034 1188 1224 1255 αὑτοῦ,
1257 1189 1396 1258 μετὰ
1426 1190 1487 1242 τὸ
1521 1191 1702 1244 πάντα
1738 1189 1838 1258 μὲν

267 1281 602 1350 ἐργάσασθαι
633 1281 701 1334 τὰ
743 1281 936 1335 δέοντα
986 1281 1189 1345 καλῶς,
1221 1281 1419 1334 ἀνῦσαι
1447 1281 1504 1334 δέ
1541 1281 1706 1352 μηδὲν
1746 1281 1839 1334 δυ-

267 1373 522 1442 νηθῆναι,
561 1372 764 1443 πολλῆς
799 1374 899 1444 μὲν
927 1372 1094 1444 οὔσης
1122 1373 1405 1445 δυνάμεως
1445 1377 1554 1438 τοῖς
1599 1373 1836 1444 ἐχθροῖς,

267 1465 467 1533 πολλῆς
506 1465 560 1516 δὲ
591 1464 710 1533 ἅμα
747 1465 1099 1534 κακοηθείατ,
1146 1467 1240 1518 καὶ
1268 1462 1549 1535 γοητείας,
1577 1467 1671 1519 καὶ
1701 1468 1841 1520 πάν-

265 1574 376 1610 των
415 1559 514 1625 μὲν
558 1555 853 1625 Ἰλλυριῶν,
891 1558 987 1611 καὶ
1006 1556 1231 1623 Μυσῶν,
1261 1558 1357 1608 καὶ
1382 1557 1707 1627 Τριϐαλλῶν
1732 1558 1834 1629 ήδη

266 1649 719 1718 κεκρατημένων,
764 1649 1022 1719 στρατιᾶς
1053 1648 1108 1701 δέ
1156 1649 1257 1716 τῆς
1284 1648 1486 1719 πολλῆς
1514 1652 1573 1701 ἐν
1597 1651 1840 1704 Νικοπό-

266 1741 351 1793 is:
381 1739 843 1810 καταδληθείσης,
870 1740 968 1810 τὴν
998 1742 1059 1792 ἐκ
1094 1740 1344 1794 Παιόνων
1373 1741 1540 1810 λέγω,
1574 1746 1669 1799 καὶ
1699 1745 1839 1796 Κελ-

264 1832 398 1897 τῶν,
423 1834 517 1885 καὶ
546 1831 799 1884 Γαλατῶν
836 1832 945 1885 τῶν
977 1831 1249 1902 ἐσπερίων
1282 1835 1728 1906 συνειλεγμένηνο
1760 1830 1837 1891 ὧν
1873 1812 1913 1867 Β

266 1926 334 1993 δὴ
379 1924 590 1979 πάντων
618 1924 875 1996 ἔφριττον
910 1928 1004 1979 καὶ
1046 1926 1186 1995 μόνα
1222 1928 1288 1981 τὰ
1327 1927 1566 1997 ὀνόματα
1596 1930 1654 1981 τὸ
1696 1928 1834 2000 βαρ-

271 2018 501 2089 ϐαρικὸν
527 2020 671 2072 ἅπαν
697 2037 713 2053 ο
745 2019 838 2072 καὶ
865 2018 975 2072 τῶν
1008 2020 1110 2089 μὲν
1156 2022 1595 2090 συμμαχούντων
1627 2022 1835 2091 ἀτυχη-

276 2111 499 2175 σάντων,
525 2111 556 2181 ἦ
588 2111 683 2164 καὶ
710 2109 1057 2181 ἡττηθέντων
1086 2111 1245 2164 ἐνίων
1275 2113 1510 2186 κακίστῃ
1541 2114 1707 2184 μοίρᾳ
1737 2112 1834 2166 καὶ¹

279 2206 335 2255 ἐν
357 2205 566 2275 ἠπείρῳ
592 2203 687 2257 καὶ
721 2205 779 2256 ἐν
813 2203 1079 2275 θαλάσσῃ,
1109 2205 1232 2274 ἐμοὶ
1262 2204 1318 2258 δέ
1345 2204 1454 2257 τῶν
1486 2205 1836 2276 πραγμάτων

284 2294 589 2364 ἐληλυθέναι
643 2294 946 2349 δοκούντων
974 2294 1063 2348 ἐπ’
1109 2280 1335 2367 ἔσχατον
1390 2296 1498 2349 τῶν
1546 2296 1738 2350 δεινῶν
1768 2300 1834 2367 τῇ

284 2388 568 2459 τηλικαύτῃ
607 2387 879 2459 συνδρομῇ
908 2388 1018 2442 τῶν
1048 2390 1258 2457 κακῶν,
1290 2389 1386 2443 καὶ
1438 2389 1613 2443 ταῦτα
1643 2390 1838 2460 χρόνον

271 2478 331 2531 οὗ
347 2497 408 2533 ,ω
435 2479 641 2548 συχνόν.

339 2571 582 2641 Συμϐου)
594 2571 736 2625 εύειν
754 2571 860 2626 ἔδει
886 2573 998 2634 τοῖς
1021 2572 1210 2635 αὐτοῦ,
1236 2575 1395 2642 φαῖεν
1422 2574 1487 2629 ἄν
1508 2568 1653 2638 τινες
1684 2575 1836 2639 ἴσως,

266 2665 365 2718 καὶ
394 2664 483 2717 διὰ
513 2665 732 2719 πάντων
780 2664 995 2732 ἐνάγειν
1026 2666 1224 2730 αὐτοὺς
1262 2669 1342 2728 εἰς
1374 2665 1557 2732 τοῦτο,
1582 2666 1837 2732 δέξασθαι

266 2756 498 2825 θελῆσαι
534 2757 829 2827 προθύμως
883 2757 973 2810 τὸν
1025 2757 1167 2829 ὑπὲρ
1216 2758 1497 2820 εύσε6;ίας
1544 2760 1636 2813 καὶ
1680 2760 1841 2831 δόξης

269 2848 524 2915 θάνατον,
574 2850 738 2903 αὐτόν
786 2867 848 2919 γε
904 2852 1122 2922 πρῶτον
1178 2851 1464 2923 πρόθυμον
1520 2852 1649 2906 ὄντα
1706 2856 1839 2923 πρὸς

269 2942 447 2994 τοῦτο.
491 2940 809 3011 ’Υπέρευγε.
862 2943 971 2996 Καὶ
1000 2943 1052 2996 τί
1082 2942 1202 2996 ποτ’
1225 2939 1294 3013 ἦν
1323 2944 1494 2996 ποιῶν
1525 2944 1716 3015 ἕτερον
1747 2945 1842 2998 τὸν

270 3031 477 3102 προτοῦ
526 3034 704 3087 πάντα
735 3034 946 3105 χρόνον,
974 3035 1079 3098 ἕως
1112 3035 1232 3098 ἐξὸν
1263 3029 1331 3106 ἦν
1364 3035 1515 3105 αὐτῷ
1555 3038 1650 3089 καὶ
1700 3053 1762 3087 συ
1772 3055 1841 3104 μ-

1937 542 2015 597 uti
2047 541 2162 610 jam
2196 539 2462 611 probasse
2496 540 2759 606 arbitror,
2791 538 3070 592 universis
3121 536 3246 592 aliis
3299 536 3517 592 Fratres

1938 630 2298 703 praetulisset.
2341 629 2445 685 Hic
2490 644 2663 700 porro
2709 631 2834 685 dico
2871 630 3027 696 utile,
3073 628 3219 700 quod
3261 629 3315 681 in
3357 630 3519 681 malis

1940 726 2013 782 sit
2043 725 2227 780 minus
2254 738 2485 781 nocens.
2520 721 2708 792 Neque
2737 737 2868 792 ergo
2898 731 2956 777 ut
2988 730 3206 792 spectes
3246 722 3516 783 fabulam,

1939 834 2079 874 neve
2112 827 2173 872 ιιι
2199 819 2317 885 ejus
2348 831 2575 872 causam
2603 816 2801 871 merito
2822 816 2945 884 quis
2966 815 3085 868 viro
3117 815 3369 869 detrahat
3394 831 3408 882 ;
3430 829 3518 868 er-

1941 927 2011 982 go
2041 926 2219 979 neque
2270 910 2401 964 illud
2437 910 2711 979 vituperet
2741 909 2884 978 quod
2920 894 3176 962 versaha‘t
3206 909 3422 967 animo,
3458 919 3520 961 ut

1938 1017 2033 1072 spe
2066 1003 2208 1057 bona
2236 1001 2534 1056 frustratus
2564 1010 2732 1057 esset.
2765 1001 2926 1054 Velut
2951 1000 3096 1053 enim
3128 1014 3340 1054 summa
3370 999 3522 1053 colli-

1940 1107 2111 1169 gens,
2149 1107 2271 1162 quae
2303 1093 2408 1147 hoc
2462 1093 2731 1147 hactenus
2779 1092 2892 1147 dixi
2930 1102 3280 1161 argumento,
3327 1092 3535 1151 lubens,

1938 1198 2178 1253 quaeram
2213 1184 2282 1238 ab
2308 1184 2456 1237 omni
2494 1199 2686 1254 gnaro,
2720 1196 2781 1237 ut
2821 1198 2912 1237 res
2949 1193 3078 1237 tunc
3128 1184 3419 1246 haberent,
3457 1197 3521 1235 ac

1937 1275 2023 1331 vel
2055 1276 2330 1330 modicum
2366 1275 2652 1344 prudentia
2681 1284 2895 1335 ornato.
2927 1274 3055 1343 quid
3098 1289 3222 1329 eum
3255 1290 3355 1343 par
3382 1283 3525 1327 esset

1941 1366 2143 1433 facere,
2180 1367 2397 1436 quodve
2428 1368 2547 1421 suis
2575 1367 2708 1420 dare
2748 1365 3066 1429 consilium,
3101 1367 3193 1420 ubi
3227 1365 3340 1436 jam
3380 1380 3520 1435 pra:-

1941 1464 2086 1519 stitis
2132 1464 2412 1528 omnibus,
2450 1464 2495 1517 si
2542 1480 2649 1533 qua
2693 1478 2874 1533 opera:
2905 1464 3144 1532 pretium
3178 1462 3520 1524 viderentur,

1940 1557 2077 1612 nihil
2114 1570 2295 1611 tamen
2333 1555 2598 1610 valuisset
2640 1556 2937 1618 conficere,
2980 1569 3045 1609 ac
3074 1569 3196 1609 cum
3245 1554 3386 1608 vires
3421 1554 3522 1610 ho-

1940 1652 2106 1706 stium
2133 1650 2381 1720 ingentes
2414 1659 2619 1713 essent,
2652 1648 2941 1718 multaque
2974 1646 3050 1700 illi
3087 1646 3296 1700 astutia
3323 1660 3385 1700 ac
3410 1646 3524 1699 cal-

1942 1742 2155 1796 liditate
2177 1749 2362 1797 essent
2392 1740 2633 1810 praediti,
2666 1739 2895 1810 jamque
2923 1737 3090 1811 Illyrii
3122 1753 3337 1802 omnes,
3362 1736 3527 1807 Mysi-

1948 1848 2056 1905 que
2100 1849 2164 1889 ac
2187 1832 2422 1887 Triballi
2460 1832 2703 1902 superati
2734 1832 2991 1896 fuissent,
3020 1828 3325 1899 ingensque
3349 1843 3525 1883 carens

1946 1925 2225 1981 exercitus
2258 1925 2323 1979 ad
2343 1924 2670 1993 Nicopolim,
2709 1937 2775 1976 ex
2811 1921 3137 1986 Pannoniis,
3155 1920 3435 1988 Celtisque
3463 1934 3528 1973 ac

1949 2019 2221 2072 occiduis“
2241 2016 2454 2071 Gatatis
2514 2015 2591 2085 (I)
2645 2014 2934 2076 collectus,
2979 2004 3220 2081 quorum
3271 2011 3522 2065 omnium

1951 2110 2093 2164 nuda
2117 2123 2337 2178 quoque
2362 2111 2581 2161 nomina
2604 2106 2825 2160 Barbari
2849 2106 3110 2169 horrent;
3136 2118 3262 2157 cum
3289 2103 3528 2171 denique

1950 2193 2085 2259 socii
2113 2203 2256 2257 haud
2294 2211 2579 2255 uterentur
2612 2213 2875 2269 prospera
2911 2196 3152 2263 fortuna,
3189 2210 3254 2251 ac
3299 2194 3525 2265 quidam

1950 2294 2114 2350 ctiam
2144 2293 2285 2348 mala
2318 2300 2490 2358 sorte,
2529 2300 2672 2346 terra
2703 2305 2768 2346 ac
2798 2288 2934 2345 mari
2979 2286 3219 2359 superati
3251 2285 3485 2341 fuissent
3511 2300 3529 2349 ;

1952 2387 2197 2456 mihique
2231 2393 2382 2440 tanto
2416 2387 2683 2439 malorum
2737 2399 3014 2438 concursu
3067 2398 3157 2437 res
3184 2380 3252 2434 ad
3280 2388 3528 2435 extrema

1948 2494 2046 2549 per
2075 2479 2300 2549 longum
2332 2478 2384 2532 id
2415 2478 2664 2532 deductae
2693 2484 2911 2545 tempus
2934 2473 3275 2533 viderentur.

2028 2571 2180 2630 Erat.
2211 2569 2469 2638 inquiunt
2501 2567 2692 2637 aliqui,
2723 2563 3121 2620 consulendum
3150 2564 3288 2622 suis.
3312 2576 3376 2617 ac
3409 2575 3532 2616 mu-

1952 2665 2040 2720 dis
2065 2663 2326 2717 omnibus
2372 2662 2455 2716 eis
2485 2658 2853 2724 suadendum,
2898 2665 2960 2712 ut
3002 2659 3215 2711 alacres
3257 2654 3398 2709 mori
3434 2667 3534 2721 pro

1950 2759 2156 2828 pietate
2191 2755 2437 2820 mallent,
2471 2768 2598 2808 cum
2632 2753 2845 2822 primus
2872 2758 2927 2806 et
2964 2751 3081 2819 ipse
3113 2748 3312 2803 alacris
3338 2761 3530 2800 exem-

1949 2853 2039 2922 plo
2066 2850 2299 2920 prasiret.
2326 2847 2471 2901 Belle
2492 2845 2737 2916 quidem.
2766 2843 2907 2910 Quid
2933 2843 3216 2898 enimvero
3241 2839 3392 2895 aliud
3416 2848 3537 2892 toto
3606 2884 3617 2895 .

1939 2953 2061 3024 jam
2096 2953 2219 2999 aeto
2239 2950 2431 3014 egerat
2457 2950 2721 3010 tempore,
2742 2937 2984 3008 quandiu
3011 2936 3168 2989 licuit
3184 2950 3310 2989 cum
3329 2947 3536 2987 censu.

1950 3039 2062 3092 Icre
2087 3036 2295 3106 Optima
2328 3049 2579 3104 qumque,
2610 3041 2723 3086 tum
2752 3029 2954 3101 agere?
2991 3026 3097 3082 Sed
3129 3037 3184 3082 et
3222 3025 3536 3090 blanditiis.

272 3124 575 3186 ϐουλεύειν,
626 3128 723 3180 καὶ
768 3128 1032 3197 πράττειν
1059 3128 1128 3182 τά
1172 3144 1236 3196 γε
1271 3128 1538 3184 δοκοῦντα
1572 3132 1841 3199 κράτιστα

1951 3129 2146 3198 inquit,
2182 3136 2300 3181 erat
2328 3125 2617 3191 utendu‘m,
2650 3122 2971 3192 optimaque
3023 3118 3330 3175 meonomia
3374 3114 3535 3172 erant

271 3214 448 3284 eiut;
489 3220 649 3272 ’Δλλὰ
694 3219 792 3273 καὶ
849 3219 1116 3283 θωπείαις
1146 3221 1407 3291 χρῆσθαι,
1441 3222 1627 3292 φησὶν,
1657 3222 1847 3293 ἐχρῆν,

274 3314 370 3365 καὶ
404 3312 793 3381 ὑπισχνεῖσθαι,
833 3312 1046 3382 μεγάλα
1078 3312 1197 3384 μετ’
1224 3313 1547 3383 οἰκονομίας
1591 3314 1846 3385 ἀρίστης.

276 3406 388 3458 Καὶ
417 3403 534 3467 πῶς
568 3405 636 3458 ἂν
667 3399 735 3476 ἦν
765 3403 928 3458 αὐτὸν
956 3405 1161 3479 ἑτέρως
1189 3406 1423 3476 χρῆσθαι
1455 3409 1577 3472 ταῖς
1611 3406 1853 3476 συμϐου-

276 3495 434 3563 hic;
465 3496 667 3561 Ἔστω,
697 3496 862 3568 φησίν
884 3510 899 3527 ·
932 3495 1041 3550 ἔδει
1073 3497 1130 3549 δέ
1174 3492 1242 3551 αὖ
1306 3498 1530 3551 κάκεῖνο
1575 3498 1849 3569 φορτικῶ-

276 3605 435 3658 τςρον
453 3587 634 3652 αὐτοῖς
660 3586 1022 3654 ἐπιτίθεσθαι,
1050 3587 1145 3641 καί
1170 3605 1276 3641 που
1306 3589 1706 3658 προσαπειλεῖν
1731 3590 1854 3642 ἐπι-

277 3680 545 3750 τιμῶντα,
588 3680 918 3744 ὀνειδίζοντα
976 3681 1077 3734 καὶ
1127 3680 1353 3749 βοῶντα,
1404 3684 1502 3735 καὶ
1559 3682 1736 3735 πάντα
1783 3682 1855 3734 τὰ

278 3771 505 3824 τοιαῦτα
536 3770 794 3824 ποιοῦντα
828 3771 970 3841 μετὰ
1004 3771 1207 3839 πολλῆς
1236 3774 1337 3840 τῆς
1364 3766 1854 3842 ὕπερϐολῆς.Ἀλλ⁹

278 3864 397 3933 ᾔδει
438 3862 652 3931 βλάψων
702 3862 965 3925 ἐπιεικῶς
992 3879 1007 3895 ο
1056 3863 1270 3932 ὀνήσων
1301 3863 1358 3916 δὲ
1388 3863 1644 3930 οὐδαμῶς
1673 3877 1686 3892 ·
1729 3863 1853 3916 ὅθεν

279 3957 342 4007 τὸ
395 3954 728 4024 τραχύτερον
782 3955 1075 4025 φάρμακον
1130 3954 1452 4027 τραύμασιν
1502 3955 1710 4024 ὀργῶσι
1762 3956 1856 4009 καὶ

282 4047 709 4115 φλεγμαίνουσιν
737 4046 837 4099 οὐκ
867 4047 1104 4115 ἐπέθηκε
1129 4046 1454 4116 τηνικαῦτα,
1482 4046 1685 4118 προτοῦ
1717 4049 1853 4100 πολ⁴

282 4138 439 4197 irim;
482 4136 693 4198 ἐπιθεὶς
745 4138 1134 4208 συμφερόντως
1181 4140 1318 4207 μετὰ
1351 4138 1679 4209 θαυμαστῆς
1730 4139 1854 4191 ἐπι-

178 4260 195 4273 -
284 4230 523 4299 στήμης.
558 4230 622 4282 Τί
648 4229 764 4293 οὖν,
792 4223 836 4282 ὦ
865 4231 986 4288 τὰν,
1034 4230 1224 4301 ἕτερον
1270 4231 1410 4298 πρὸς
1440 4230 1575 4285 Θεοῦ
1608 4231 1857 4300 παρῆκεν

283 4324 488 4384 ἐκεῖνος
534 4320 643 4374 τῶν
696 4337 758 4388 γε
807 4321 1037 4374 δεόντων
1090 4320 1858 4393 πεπρᾶχθαιςλπενδοῦναι

281 4415 496 4476 τούτοις
552 4430 632 4466 σοι
690 4412 841 4466 δοκεῖ
894 4412 1176 4482 βέλτιστον
1236 4408 1377 4468 εἷναι
1406 4453 1423 4478 ,
1473 4415 1584 4467 τῶν
1639 4414 1856 4468 ἀσεδῶν

283 4504 624 4571 ὑποταγῆναι
658 4503 844 4573 ζυγῷξ
886 4505 1047 4557 Ἀλλὰ
1078 4505 1337 4559 κάκιστόν
1367 4524 1425 4558 τε
1455 4509 1673 4562 πάντων
1695 4507 1856 4561 τοῦτο

281 4597 444 4660 αὐτὸς
482 4595 721 4665 ἐνόμιζε,
770 4595 869 4649 καὶ
900 4595 998 4665 τῆς
1037 4595 1176 4658 ἰδίας
1209 4598 1413 4668 ἀρετῆς
1445 4598 1541 4650 καὶ
1589 4599 1686 4651 τοῦ
1719 4601 1855 4669 σχή-

286 4706 455 4755 ματος
507 4688 708 4751 τελέως
758 4687 988 4759 ἀπᾷδον.
1041 4686 1207 4740 Ἀλλὰ
1240 4689 1635 4759 Χριστιανικὴν
1679 4692 1855 4763 ἀρχὴν

281 4780 561 4846 δέξασθαι,
590 4781 623 4850 ἦ
661 4781 756 4833 καὶ
785 4781 899 4841 τοῖς
948 4778 1141 4832 ἔθεσιν·
1165 4778 1348 4833 αὐτῶν
1374 4779 1602 4848 ἄμεινον
1639 4782 1855 4851 συμὸή-

290 4872 475 4926 σεσθαι
503 4873 717 4942 ἔμελλε,
739 4872 994 4943 καὶπρὸς
1020 4872 1081 4925 τὸ
1121 4870 1337 4941 βοηθεῖν
1367 4871 1713 4943 ἐξαρκέσειν,
1743 4876 1863 4945 ἄρι-

296 4968 386 5020 στά
416 4982 501 5032 γε.
549 4964 766 5036 Ἐπειδὴ
808 4965 919 5033 γὰρ
949 4965 1019 5018 τὰ
1066 4965 1166 5035 μὲν
1194 4964 1346 5019 δεινὰ
1376 4964 1675 5035 ὑπερέσχε,
1706 4966 1867 5019 δυνα-

288 5058 377 5109 τὸν
402 5057 460 5110 δέ
491 5058 593 5108 οὐκ
637 5054 703 5126 ἦν
736 5056 948 5109 πείθειν
983 5056 1184 5118 αὐτοὺς
1232 5046 1519 5125 ἐκεῖνον,ἢ
1561 5055 1863 5124 βιάσασθαι

286 5146 411 5206 τοὺς
458 5145 626 5197 πάλαι.
678 5146 980 5215 προγόνους
1029 5143 1402 5215 μιμήσασθαι,
1449 5145 1596 5197 δυοῖν
1631 5144 1867 5215 θάτερον

290 5237 696 5302 ὑπολέλειπται,
722 5238 755 5309 ἢ
791 5238 888 5308 τὴν
916 5238 1025 5290 τῶν
1053 5237 1315 5308 Τούρκων
1345 5239 1547 5310 ἀρχὴν,
1586 5239 1618 5309 ἢ
1654 5240 1754 5308 τὴν
1783 5239 1863 5292 εί-

361 5435 440 5506 (I)
492 5432 655 5506 Celtis
692 5450 753 5486 ac
785 5434 1017 5506 occiduis
1049 5432 1278 5488 Galatia.
1334 5434 1594 5506 Eamdem
1632 5442 1851 5503 gentem

289 5504 563 5574 intelligit,
590 5519 785 5573 nempe
813 5504 1017 5569 Gallos,
1053 5519 1287 5574 quorum
1321 5506 1486 5559 ardor
1515 5505 1568 5559 in
1620 5519 1688 5559 eo
1719 5518 1855 5572 prae-

288 5575 365 5630 Iio
394 5575 609 5634 enituit.
646 5584 708 5629 ut
736 5574 1025 5628 attibierint
1053 5575 1214 5643 primi
1238 5588 1484 5642 'pugnam
1508 5575 1853 5629 committere

289 5644 757 5713 obtinueriutque.
800 5645 894 5697 sed
951 5646 1098 5698 exitu
1140 5659 1332 5713 parum
1384 5644 1648 5709 secundo,
1688 5658 1853 5711 quem

290 5713 503 5770 Manuel
528 5716 612 5768 hic
637 5713 973 5783 perstringit,
997 5712 1201 5784 aliique
1218 5729 1341 5767 cum
1375 5716 1699 5769 nostri.lutn
1720 5712 1862 5765 Tur-

289 5787 395 5840 εἱσι
423 5786 745 5854 scriptorcs,
776 5786 1023 5853 pluribus
1054 5791 1300 5840 narrant.
1330 5784 1532 5854 Igtttwit
1570 5784 1854 5854 Bajalctes

1957 3237 2154 3289 magna
2181 3220 2430 3290 quaedam
2456 3216 2847 3289 promittenda.
2884 3212 2988 3279 Qui
3014 3227 3146 3268 vero
3186 3213 3345 3267 aliter
3375 3221 3537 3282 pote-

1954 3322 2041 3370 rat
2066 3311 2409 3368 consulere?
2442 3312 2597 3375 Esto,
2628 3308 2806 3378 inquit
2836 3323 2851 3362 :
2886 3307 2990 3363 hoc
3017 3321 3239 3378 quoque
3268 3305 3537 3374 adjicien-

1952 3406 2078 3461 dum
2099 3415 2240 3468 erat,
2261 3413 2342 3466 ut,
2362 3405 2610 3474 inquam,
2637 3400 2927 3457 molestior
2953 3400 3258 3471 ingrueret,
3283 3414 3347 3455 ac
3369 3414 3540 3469 quan-

1952 3498 2137 3567 doque
2170 3497 2337 3552 etiarn
2383 3496 2702 3563 increpans,
2737 3496 2916 3549 minas
2950 3494 3298 3563 adjungeret,
3328 3507 3533 3559 expro-

1954 3590 2160 3656 braret,
2198 3590 2482 3649 clamaret,
2517 3602 2582 3643 ac
2610 3585 2888 3656 ejusmodi
2915 3587 3103 3641 omnia
3146 3584 3317 3638 multo
3344 3598 3537 3637 exees—
3594 3592 3598 3597 ’

1953 3696 2016 3734 su
2044 3688 2353 3749 praestaret.
2377 3678 2576 3733 Verum
2602 3686 2831 3732 noverat
2863 3678 2976 3733 haec
3000 3690 3231 3746 prorsus
3261 3676 3535 3738 nocitura,

1953 3788 2018 3828 ac
2047 3789 2116 3828 ne
2160 3769 2804 3839 minimumprofutura.
2854 3757 3228 3834 Quamobrem
3270 3768 3539 3822 abstinuit

1942 3864 2235 3918 ansrerius
2259 3873 2387 3916 tunc
2409 3861 2714 3916 remedium
2740 3860 3081 3927 exasperatis
3107 3875 3172 3913 ac
3195 3858 3537 3913 inﬂammato

1957 3954 2184 4009 humore
2216 3951 2556 4008 tumentibus
2588 3951 2764 4020 plagis
2795 3950 3081 4014 adhibere,
3113 3950 3206 4020 qui
3233 3964 3377 4018 stupe
3401 3948 3535 4003 olim

1956 4049 2193 4105 mirabili
2219 4058 2336 4102 arte
2359 4044 2656 4100 commoda
2679 4045 3040 4099 adhibuisset.
3067 4043 3210 4110 Quid
3233 4058 3364 4112 ergo
3387 4041 3537 4096 aliud

1950 4143 2136 4206 sodes,
2156 4156 2252 4210 per
2273 4138 2439 4193 Deum
2467 4136 2722 4192 omisisse
2743 4138 3013 4202 videatur,
3038 4152 3227 4192 eorum
3258 4152 3380 4206 quae
3402 4151 3542 4202 prae-

1955 4245 2105 4301 stare
2133 4241 2278 4287 esset
2312 4246 2496 4300 opera»
2524 4229 2822 4298 ,pretinm?
2863 4230 2995 4284 Idne
3045 4229 3315 4298 optimum
3356 4240 3538 4299 putes.

1956 4333 2018 4380 ut
2066 4324 2367 4378 infidelium
2391 4324 2524 4393 jugo
2547 4323 2743 4388 subjici
2770 4323 3018 4377 sineret?
3063 4323 3117 4376 Id
3143 4338 3277 4378 vero
3306 4323 3398 4378 ille
3423 4340 3544 4377 om-

1960 4415 2113 4468 nium
2152 4413 2454 4483 pessimum
2487 4413 2883 4476 arbitrabatur,
2915 4428 3125 4481 suaque
3155 4427 3385 4482 prorsus
3412 4427 3539 4465 cum

1885 4481 1936 4542 υ
1962 4481 2180 4570 virtute,
2207 4515 2319 4559 tum
2351 4519 2586 4573 persona
2606 4505 2892 4573 indignum
2921 4520 2937 4558 :
2968 4481 3411 4559 Christianorum
3437 4522 3542 4559 an-

1965 4607 2071 4651 tem
2104 4595 2390 4664 imperinm
2436 4597 2643 4660 subire,
2683 4595 2827 4664 quod
2875 4602 2930 4648 et
2969 4595 3142 4665 magis
3173 4609 3362 4649 eorum
3406 4610 3543 4649 con-

1964 4696 2183 4756 grueret
2224 4686 2490 4751 moribus,
2548 4687 2799 4755 satisque
2858 4686 3085 4740 haberet
3127 4686 3191 4738 ad
3245 4686 3543 4746 aitxilium.

1962 4780 2125 4847 longe
2156 4779 2447 4848 optimum.
2477 4780 2619 4846 Quia
2641 4780 2788 4833 enim
2818 4778 2957 4830 mala
2987 4779 3415 4846 exsuperabant,
3441 4793 3544 4831 nec

1963 4872 2080 4926 fieri
2105 4881 2334 4941 poterat,
2375 4883 2435 4926 ut
2457 4887 2551 4927 eos
2578 4872 2667 4924 Ille
2692 4871 2745 4924 in
2774 4870 3106 4925 sententiam
3133 4870 3399 4931 traheret,
3423 4882 3546 4923 aut-

1959 4979 2027 5020 ve
2062 4967 2128 5018 ad
2155 4966 2428 5034 majorum
2471 4979 2701 5020 suorum
2742 4964 3104 5018 imitationem
3137 4972 3380 5032 cogeret,
3409 4963 3546 5017 duo-

1960 5070 2084 5110 rum
2109 5055 2345 5110 alterum
2373 5064 2493 5110 erat
2532 5055 2831 5127 reliquum,
2859 5062 2921 5105 ut
2945 5061 3042 5106 aut
3074 5051 3413 5116 Tttrcorum,
3448 5062 3543 5108 aut

1961 5146 2109 5215 quod
2155 5146 2499 5211 dicebamus,
2551 5146 3000 5200 Christianorum
3064 5143 3316 5199 subirent
3367 5144 3547 5215 impe-

1961 5240 2130 5293 rium.
2167 5239 2464 5293 Videbatur
2489 5253 2620 5309 ergo
2647 5237 2824 5292 modis
2847 5236 3107 5292 omnibus
3130 5247 3390 5307 praestare
3416 5238 3546 5292 ἐτι-ει-
3643 5240 3649 5309 ξ

1961 5435 2354 5508 captn’Jnanni
2417 5434 2759 5508 Nivernensi,
2814 5434 2993 5490 Caroli
3033 5435 3219 5508 Galla}
3258 5437 3401 5506 regis
3452 5452 3548 5507 pa-
3654 5414 3663 5446 ί

1963 5500 2145 5569 ιι-ιίοιίζ
2193 5525 2356 5576 quem
2396 5508 2442 5560 is
2474 5507 2723 5560 subsidio
2774 5509 2998 5561 miserat
3047 5500 3549 5576 Sigismnuitoh'ob

1963 5574 2330 5632 reverentiam
2379 5577 2663 5641 sanguinis
2701 5578 2852 5645 regii.
2894 5592 2959 5631 ac
2991 5578 3237 5645 quinque
3272 5574 3548 5645 capitibus

1966 5662 2193 5771 auorum
2227 5651 2488 5772 dlonatnm
2542 5647 2695 5700 abire
2731 5644 3265 5718 permisit,’rctiquis
3314 5644 3548 5712 captivis

2007 5733 2085 5772 Ire
2118 5735 2244 5773 ιιιιιιι
2273 5730 2403 5773 aus.
2572 5724 2581 5727 “

2007 5733 2085 5772 Ire
2109 5733 2403 5787 jugutaus.
