3950 6452
409 335 516 397 9.(23

1597 320 1997 393 MANUELIS
2044 316 2497 377 PALt‘EULOGl

3571 317 3672 382 εθι

405 454 550 496 trum
592 438 922 496 dominium.
950 437 1196 493 Duorum
1225 436 1370 492 enim
1404 437 1773 506 ingruentium
1814 435 1982 487 malo-

2119 430 2338 498 ιημένην
2367 427 2555 479 λοιπὸν
2584 425 2863 491 δέξασθαι.
2913 426 3121 479 Ἐδῦκει
3154 427 3348 483 τοίνυν
3379 423 3522 484 εῖναι
3560 430 3677 498 βελο-

407 550 551 594 rum.
586 534 786 588 melius
819 532 971 598 illud,
1005 532 1152 601 quod
1190 547 1296 586 non
1324 531 1499 600 pejus,
1522 530 1681 599 juxta
1712 527 1854 598 quod
1889 525 1986 578 ha-

409 631 498 681 bet
539 630 729 682 tritum
777 627 1054 694 adagium.
1105 625 1378 691 Quocirca
1423 630 1788 692 praeoptatttm
1839 617 1987 688 quod

410 725 605 786 let-ius,
642 732 807 791 atque
834 721 885 774 id
916 720 1085 774 multa
1124 718 1488 787 ingenuitate,
1512 715 1800 785 plenisque
1833 710 1988 766 boni-

409 826 518 869 tate
552 816 823 870 moribus.
856 812 926 868 Ut.
955 811 1211 865 Fratrum
1253 811 1328 863 illi
1374 808 1740 863 dominationi
1776 806 1988 861 manci-

409 909 523 977 pari
559 910 784 971 vellent,
830 907 1192 962 constitutum
1245 904 1477 957 habebat
1511 902 1818 968 indulgere,
1852 898 1987 954 nihil

412 998 556 1051 facto
581 1012 915 1067 succensens
944 1013 957 1060 ;
991 997 1222 1050 fundens
1244 1012 1374 1049 vero
1401 996 1668 1059 aboculis
1696 992 1987 1063 lacrymas,

413 1103 526 1148 tum
548 1100 773 1161 propter
796 1093 1088 1143 charorum
1112 1105 1140 1141 a
1167 1104 1225 1141 se
1247 1088 1671 1155 separationcm,
1704 1095 1815 1139 tum
1843 1085 1992 1154 quod

414 1186 530 1238 suis
562 1199 660 1253 pro
691 1184 756 1235 iis
780 1182 1043 1250 periculis
1072 1182 1345 1249 sospitare
1369 1196 1475 1234 non
1501 1191 1708 1249 posset.
1734 1178 1825 1233 Sic
1843 1178 1992 1233 enim

414 1284 672 1346 parentes
703 1290 925 1343 quoque
959 1286 1339 1343 corttparatum
1367 1275 1596 1337 habent,
1629 1288 1755 1327 cum
1782 1271 1996 1326 charis-

416 1371 552 1424 sima
590 1369 820 1437 pignora
849 1368 1105 1437 ablegant
1136 1369 1189 1420 in
1219 1368 1477 1429 alienam,
1500 1366 1644 1435 quod
1671 1365 1774 1420 nisi
1807 1365 1994 1436 sejun-

416 1465 520 1516 ctis
545 1462 614 1515 ab
650 1461 886 1514 invicem
918 1462 1071 1514 salus
1104 1475 1212 1514 non
1248 1467 1488 1514 constet.
1528 1459 1626 1512 Sin
1652 1468 1836 1512 autem
1885 1472 1993 1513 me-

418 1553 552 1605 liora
577 1552 867 1620 cligerent,
889 1560 950 1602 ut
975 1530 1235 1602 nit-uirum
1262 1564 1411 1613 spem
1441 1550 1634 1602 bonam
1656 1548 1996 1617 praetenden-

419 1657 521 1711 tes,
560 1646 758 1700 bellum
788 1648 1167 1699 instaurarent
1198 1643 1465 1698 adversus
1493 1642 1789 1704 Barbaros.
1818 1656 1884 1695 ac
1914 1641 1996 1695 vel

419 1740 532 1792 Deo
562 1742 788 1808 auspice
816 1741 1125 1802 vincerent,
1177 1738 1261 1791 vel
1297 1752 1395 1806 pro
1446 1736 1702 1805 libertate
1737 1750 1801 1789 ac
1825 1733 1994 1806 gloria

420 1843 747 1901 pugnantes,
779 1832 965 1900 gravia
990 1845 1225 1900 qumque
1253 1830 1576 1899 tolerarent,
1614 1827 1838 1883 laudare
1868 1841 2001 1880 con-

423 1926 631 1990 silium,
669 1942 732 1980 ac
765 1941 864 1995 pro
898 1925 1111 1979 viribus
1141 1926 1406 1988 excitare,
1441 1923 1717 1994 simulque
1749 1923 2000 1993 polliceri

424 2035 531 2071 una
577 2019 1080 2083 commoriturum;
1128 2032 1192 2071 ac
1226 2032 1353 2071 vero
1391 2017 1627 2071 alacrem
1672 2016 1831 2071 valde
1859 2030 2017 2085 prae--

427 2118 600 2175 stare,
637 2109 748 2165 illis
776 2116 1137 2178 praeeuntem.
1248 2110 1251 2117 '

493 2328 595 2395 Qui
631 2329 711 2383 sic
734 2344 863 2397 ergo
895 2328 1063 2383 animi
1098 2329 1342 2394 haberet,
1373 2331 1665 2401 cumquod
1701 2339 1915 2401 spectat
1938 2331 2005 2385 ad

424 2420 631 2490 ipsum,
662 2429 776 2474 tum
823 2423 963 2490 quod
1007 2421 1070 2476 ad
1104 2437 1256 2490 suos,
1288 2425 1547 2493 quodque
1579 2424 1644 2478 ad
1676 2424 1905 2486 amicos,
1946 2441 2011 2481 ac

426 2513 570 2578 quod
616 2511 680 2565 ad
713 2526 929 2574 omnes,
964 2527 1132 2580 quam
1153 2511 1319 2582 iusta:
1352 2513 1726 2567 accusationis
1759 2514 2013 2568 videatur

358 2652 366 2658 .
430 2602 651 2657 dedisse
682 2615 906 2655 causam
931 2598 1112 2666 iQuis
1138 2600 1210 2653 ita
1234 2601 1300 2653 ad
1333 2600 1669 2654 calumniam
1703 2611 2011 2669 promptus,

428 2699 487 2744 ut
527 2705 625 2760 pro
667 2705 820 2743 more
850 2689 1179 2742 calumniari
1214 2690 1432 2758 possit?
1457 2688 1632 2754 Quam
1674 2704 2015 2759 exsuperan-

408 2764 537 2836 tem
573 2783 990 2851 procacitatem,
1034 2796 1199 2851 quem
1246 2783 1383 2837 adeo
1422 2784 1780 2837 temerarium
1818 2800 1882 2839 ac
1914 2785 2017 2837 im-

428 2874 727 2943 pudentem
754 2874 835 2929 sic
855 2874 1075 2929 abunde
1102 2874 1363 2943 praeclara
1392 2883 1544 2945 gesta
1566 2890 1676 2929 non
1708 2875 1871 2931 facile
1894 2892 2039 2931 con-t

429 2964 656 3020 fundant
677 2967 862 3034 ?Quos
891 2966 1031 3022 adeo
1055 2968 1397 3034 prazl‘raclos,
1423 2983 1563 3037 quos
1588 2984 1877 3038 procaces,
1907 2986 2016 3025 non

428 3060 683 3130 elingues
717 3060 989 3115 reddant?
1019 3060 1175 3125 Quod
1203 3075 1287 3125 os,
1322 3076 1430 3139 non
1458 3061 1604 3116 aliud
1633 3077 1662 3116 e
1688 3077 1747 3117 re
1784 3061 2012 3126 habens,

428 3166 594 3219 quam
631 3160 689 3204 ut
720 3152 774 3205 in
802 3166 997 3206 omnes
1024 3151 1286 3220 deinceps
1321 3153 1580 3216 insaniat,
1612 3155 1761 3207 omni
1794 3155 2011 3224 ablega-

431 3251 492 3291 to
527 3241 757 3311 pudore,
794 3240 884 3294 illa
911 3255 1018 3295 non
1043 3240 1378 3295 obstruant?
1402 3240 1538 3306 lmo,
1565 3243 1707 3311 quod
1731 3257 1815 3310 os,
1848 3259 2012 3313 quam

430 3333 675 3402 linguam
697 3331 1043 3390 maledicam,
1067 3333 1119 3384 in
1150 3332 1583 3386 benedicentiam
1610 3348 1673 3386 ac
1696 3333 1884 3388 Iaudes
1905 3348 2014 3388 non

431 3433 757 3476 convertant
780 3422 803 3474 2
823 3420 1020 3476 Nonne
1051 3422 1340 3491 prudentia
1373 3424 1598 3487 comite,
1632 3423 1875 3480 bonitate
1899 3440 2016 3479 mo-

433 3531 579 3576 rum,
613 3530 678 3568 ac
703 3514 930 3569 scientia
962 3514 1185 3583 politica
1214 3516 1384 3583 gessit
1413 3515 1639 3570 omnia?
1662 3518 1830 3572 Plane
1853 3518 2015 3573 adni-

434 3619 535 3657 xus
558 3612 661 3667 est,
698 3603 945 3672 quandiu
970 3603 1137 3684 paris
1165 3586 1342 3673 potuit
1378 3606 1766 3671 gubernaculis
1796 3608 2015 3672 cedere;

436 3710 536 3749 nec
559 3694 628 3748 ab
650 3696 730 3749 eis
753 3696 1059 3763 excipiente
1082 3703 1401 3764 tempestate
1416 3698 1709 3762 abscessit,
1734 3700 1872 3753 nihil
1898 3713 2020 3768 par-

432 3786 571 3839 tium
602 3786 866 3838 omittens
895 3787 1049 3853 probi
1077 3788 1489 3854 gubernatoris,
1522 3788 1776 3858 loquens,
1812 3805 2017 3844 consu-

432 3877 574 3939 lens,
625 3891 881 3938 monens,
928 3876 1170 3933 defectos
1216 3878 1417 3932 animis
1457 3882 1712 3952 erigens;
1770 3884 2018 3939 excitans

435 3971 797 4032 dormientes,
829 3970 1017 4023 animo
1068 3971 1295 4026 intentis
1319 3973 1567 4041 jubens;
1614 3990 1808 4028 omnes
1839 3976 1904 4028 ad
1939 3975 2022 4028 in-

435 4064 693 4115 stantiam
728 4065 910 4131 operis
938 4074 1211 4132 praecepto
1245 4080 1585 4133 provocans;
1625 4082 1791 4135 agens
1821 4067 1939 4136 ipse
1957 4084 2021 4123 ac

437 4161 727 4221 pra-stans,
753 4171 864 4223 quo
897 4157 1176 4224 navigium
1221 4167 1388 4210 vento
1424 4159 1656 4211 adverso
1689 4174 1752 4212 ac
1782 4162 2019 4228 procella

436 4245 728 4307 iactatum,
759 4256 943 4315 posset
970 4249 1259 4317 praesentis
1290 4248 1564 4318 naufragii
1592 4252 1903 4318 periculum
1931 4266 2024 4304 ca-

436 4352 585 4390 vere.

512 4556 606 4613 llis
640 4559 826 4626 itaque
889 4575 1061 4630 supra
1105 4561 1353 4620 omnium
1401 4563 1718 4633 opinionem
1765 4561 2025 4618 continue

439 4648 674 4716 instans,
704 4651 770 4706 ad
807 4653 1041 4707 multum
1076 4655 1210 4709 satis
1242 4662 1464 4724 tempus
1493 4654 1693 4708 avertit
1753 4656 1895 4709 mala
1931 4668 2028 4710 :at

440 4759 563 4796 cum
599 4746 860 4814 deinceps
895 4746 1040 4799 renti
1070 4746 1223 4801 rabie
1249 4746 1523 4810 furerent,
1555 4762 1619 4801 ac
1649 4763 1800 4802 mare
1826 4750 2026 4803 sacvius

444 4837 733 4901 ferociret;
773 4852 1010 4908 rasaque
1033 4840 1140 4892 alia
1169 4840 1392 4909 quidem
1416 4839 1758 4902 fatiscerent.
1786 4841 1889 4895 alia
1910 4839 2025 4911 jam

442 4928 682 4981 contrita
706 4940 930 4993 essent;
960 4931 1254 5000 navisque,
1289 4941 1347 4983 ut
1367 4932 1541 4986 verbo
1571 4931 1772 4996 dicam,
1810 4931 2024 4989 frenum

442 5030 749 5091 respueret,
780 5021 982 5091 vixque
1003 5037 1114 5075 non
1145 5023 1486 5092 loqueretur,
1517 5040 1639 5077 mox
1674 5026 1776 5079 nisi
1810 5027 2027 5081 fortuna

446 5126 674 5180 mutata,
710 5130 837 5169 esse
870 5113 1271 5182 mergendam:
1307 5115 1398 5169 ille
1449 5117 1805 5174 nihilominus
1850 5134 2030 5190 quan-

445 5224 610 5278 quam
644 5206 781 5262 illud
820 5208 1205 5275 exasperatius
1259 5208 1422 5274 foret,
1456 5225 1622 5281 seque
1655 5212 1773 5279 ipso
1810 5215 2029 5281 gravius

446 5299 620 5361 tierct,
656 5297 1001 5367 providendo
1052 5297 1313 5365 instabat,
1363 5317 1630 5377 suamque
1672 5303 1819 5357 illam
1853 5305 2031 5359 omni-

448 5389 666 5442 modam
693 5387 950 5443 virtutem
982 5389 1401 5447 ditiicnltatibus
1425 5409 1734 5463 opponens,
1761 5395 2029 5449 hactenus

452 5481 758 5534 conabatur
789 5482 1066 5551 navigium
1093 5498 1337 5548 servare,
1364 5499 1426 5540 ac
1454 5487 1604 5540 velut
1629 5486 1682 5540 in
1704 5496 1941 5556 portum,
1976 5488 2029 5540 in

453 5573 602 5640 pacis
633 5574 925 5642 tranquilla
963 5574 1313 5642 subducere;
1347 5593 1665 5647 quanquam
1699 5593 1889 5648 parum
1917 5580 2034 5632 abe-

453 5671 560 5727 rat,
597 5670 658 5715 ut
705 5678 774 5718 ne
827 5668 977 5734 pacis
1014 5682 1166 5736 spetn
1218 5684 1440 5723 onmem
1492 5670 1804 5740 abiecisset.
1846 5669 2033 5737 Neque

453 5758 601 5809 eu'm
636 5765 757 5811 crat
808 5758 901 5827 qui
936 5760 1175 5815 nesciret
1229 5761 1424 5828 hostis,
1456 5778 1562 5831 qua
1616 5761 1875 5837 indolem,
1926 5777 2033 5831 ‘1"a

2042 3121 2084 3173 C

2087 523 2218 574 τίων
2245 521 2278 590 ἡ
2304 518 2411 572 τῶν
2446 518 2694 588 Φρερίων
2725 518 2899 572 ἅπασι
2933 520 3180 585 τρόποις.
3212 520 3426 574 Κακῶν
3460 521 3569 593 γὰρ
3612 523 3674 594 δὴ

2088 613 2494 684 προκειμένων,
2523 613 2584 664 τὸ
2614 612 2689 682 μὴ
2718 616 2900 682 χεῖρον
2936 612 3171 683 βέλτιον,
3205 615 3357 669 κατὰ
3384 616 3478 669 τὸν
3516 616 3680 688 θρυλ-

2089 706 2355 774 λούμενον
2411 705 2592 769 λόγον.
2640 704 2807 757 Ὥστε
2850 706 2911 757 τὸ
2953 706 3296 778 κουφότερον
3326 707 3557 778 ᾕρηται,
3590 710 3684 761 καὶ

2090 798 2247 850 τοῦτό
2279 815 2342 865 γε
2382 798 2517 866 μετά
2549 796 2747 861 πολλῆς
2792 798 2891 867 τῆς
2924 798 3387 868 εὐγνωμοσύνης,
3421 800 3514 851 καὶ
3557 800 3684 870 τρό-

2094 904 2196 939 που
2230 887 2495 955 γέμοντος
2529 886 2885 956 ἁγαθότητος.
2926 887 3293 956 Βουλομένοις
3326 888 3432 957 μὲν
3463 891 3574 958 γὰρ
3602 889 3683 942 δέ-

2097 979 2287 1043 ξασθαι
2318 980 2416 1048 τὴν
2447 979 2751 1049 είρημένην
2803 980 2998 1049 ἀρχὴν,
3053 984 3367 1051 συγχωρεῖν
3407 980 3685 1044 ἐϐούλετο,

2099 1075 2233 1140 μήτε
2266 1071 2645 1141 ὀργιζόμενος,
2692 1072 2786 1124 καὶ
2834 1073 3071 1142 δάκρυον
3114 1073 3430 1143 ἐκπέμπων
3457 1074 3565 1125 τῶν
3590 1074 3688 1141 ὀφ-

2097 1163 2343 1233 θαλμῶν,
2377 1166 2441 1234 τῇ
2484 1181 2540 1216 τε
2585 1152 2865 1218 διαστάσει
2888 1156 3020 1218 ’τῶν
3077 1166 3454 1234 φιλουμένων,
3484 1167 3582 1217 καὶ
3614 1165 3689 1233 τῷ

2102 1257 2175 1327 μὴ
2223 1257 2483 1310 δύνασθαι
2542 1257 2681 1329 ὑπὲρ
2740 1257 2890 1325 σφῶν
2925 1257 3434 1326 προκινδυνεύοντα
3466 1259 3691 1321 τούτους

2101 1350 2289 1403 σῶσαι.
2321 1349 2491 1403 Τοῦτο
2524 1352 2633 1403 καί
2655 1349 2877 1416 γονεῦσι
2909 1350 3227 1419 συμῆαίνει,
3261 1351 3349 1413 εἰς
3381 1350 3691 1421 ἀλλοδαπὴν

2097 1443 2166 1494 τὶ
2219 1441 2450 1510 φίλτατα
2466 1441 2841 1510 νπὲμπουσιν,
2871 1441 3093 1494 ἐπειδὰν
3125 1441 3231 1494 οὐκ
3264 1440 3365 1512 ἐξῇ
3423 1439 3693 1504 σώζεσθαι

2103 1535 2177 1604 μὴ
2232 1534 2613 1602 διακριθέιτας
2667 1535 2934 1603 ἀλλήλων.
2993 1534 3491 1604 Προαιρουμένους
3523 1532 3580 1585 δὲ
3629 1532 3694 1584 τὰ

2102 1626 2319 1697 βελτίω.
2348 1627 2549 1695 δηλαδὴ
2575 1627 2635 1679 τὸ
2658 1628 2918 1695 πολεμεῖν
2940 1629 3054 1689 τοῖς
3084 1626 3401 1696 βαρϐάροις
3430 1627 3531 1694 τὴν
3558 1625 3692 1691 ἁγα-

2103 1720 2202 1785 ea»
2233 1720 2710 1789 προϐαλλομένους
2733 1719 2947 1787 ἐλπίδα,
2976 1719 3073 1773 καὶ
3098 1719 3131 1788 ἢ
3155 1719 3322 1789 νικᾷν
3348 1720 3417 1789 τῇ
3445 1716 3536 1771 τοῦ
3563 1712 3692 1769 Θεοῦ

2106 1812 2420 1882 συμμαχία,
2450 1812 2484 1878 ἦ
2516 1812 2697 1864 πάντα
2733 1811 2922 1881 φέρειν
2952 1811 3023 1863 τὰ
3069 1809 3344 1879 δυσχερῆ,
3374 1807 3523 1876 ὑπὲρ
3555 1805 3697 1859 ἐλευ-

2105 1906 2293 1975 θερίας
2326 1904 2777 1974 ἀποδυσαμένους
2831 1904 2923 1955 καὶ
2970 1901 3149 1969 δόξης,
3195 1903 3455 1975 ἐπαινεῖν
3504 1900 3696 1962 αὐτοὺς

2105 1995 2205 2064 τῆς
2226 1996 2472 2064 γνώμης,
2498 1995 2592 2047 καὶ
2621 1991 2948 2063 παροξύνειν
2970 1995 3146 2046 ὁπόσα
3177 1992 3434 2057 δύναιτο,
3452 1993 3546 2046 καὶ
3578 2008 3696 2043 συν-

2107 2087 2402 2141 αποθανεῖν
2455 2087 2638 2149 αὐτοῖς
2686 2084 3045 2154 ὑποσχέσθαι.
3094 2086 3190 2137 καὶ
3224 2085 3501 2154 πράττειν
3547 2081 3696 2136 τοῦτο

2112 2179 2257 2249 μάλα
2287 2178 2611 2249 προθύμως,
2641 2177 2949 2249 ἡγούμενος
2979 2175 3162 2238 αὐτοῖς
3192 2176 3524 2243 ἑπομένοις.

2181 2318 2370 2379 Οὕτως
2419 2312 2513 2371 οὖν
2562 2316 2703 2386 ἔχων
2734 2313 3036 2383 ’λογισμῶν
3067 2313 3164 2367 καὶ
3197 2312 3339 2384 περὶ
3389 2311 3582 2376 αὐτοῦ,
3612 2311 3698 2365 καὶ

2113 2429 2155 2464 π
2189 2413 2241 2481 pl.
2270 2411 2377 2464 τῶν
2411 2410 2582 2473 ἰδίων,
2610 2410 2705 2461 καί
2735 2406 3004 2477 περὶτῶν
3044 2405 3242 2475 φίλων,
3274 2405 3374 2458 καὶ
3413 2405 3545 2474 περὶ
3572 2405 3700 2457 πάν-

2112 2520 2244 2569 των,
2284 2503 2406 2554 τινα
2441 2501 2657 2555 δικαίαν
2692 2498 2950 2569 ἀφςρμὴν
2995 2497 3306 2567 παρέσχετ⁹
3354 2498 3425 2551 ἂν
3475 2496 3701 2567 κατηγό-

2119 2611 2265 2666 ροις;
2313 2591 2410 2654 Τίς
2462 2591 2528 2645 ἂν
2579 2591 2687 2645 τῶν
2722 2589 3125 2643 διαϐαλλόντων
3157 2589 3411 2652 εὐκόλως
3445 2590 3699 2660 χρήσαιτο

2115 2690 2228 2750 τοῖς
2280 2685 2540 2749 είωθόσι;
2580 2684 2758 2752 Πόσης
2815 2683 3146 2752 ἰταμότητος
3193 2682 3544 2754 ὑπερϐολὴν,
3586 2683 3695 2735 τίνα

2119 2779 2326 2850 θρασὺν
2361 2780 2458 2832 καὶ
2489 2779 2847 2848 ἀναίσχυντον
2877 2776 2978 2829 οὐκ
3010 2776 3261 2845 εὐχερῶς
3297 2776 3609 2847 ἀπέτρεψεν
3638 2774 3696 2827 ἂν

2120 2872 2182 2923 τὸ
2238 2872 2377 2937 μετα
2434 2870 2759 2939 περιουσίας
2806 2867 3064 2938 λαμπρὸν
3093 2868 3203 2919 τῶν
3245 2866 3470 2937 ἔργων;
3517 2867 3695 2927 Ποίους

2122 2964 2395 3024 αὐθάδεις,
2449 2963 2600 3024 τίνας
2650 2961 2948 3033 προπετεῖς
2989 2961 3089 3012 οὐκ
3121 2958 3188 3013 ἂν
3230 2959 3493 3028 ἀφώνους
3522 2958 3696 3026 εἰργα-

2127 3072 2295 3119 cato;
2349 3056 2504 3107 Ποῖον
2561 3054 2661 3107 οὐκ
2714 3053 2781 3106 ἂν
2840 3050 3129 3123 ἀπέρῤαψε
3191 3051 3400 3119 στόμα,
3456 3050 3617 3121 μηδέν
3650 3065 3694 3100 τι

2120 3146 2399 3217 προύργου
2439 3145 2787 3211 ποιούμενον,
2837 3143 2954 3196 ἀλλ’
2988 3143 3021 3213 ἢ
3053 3145 3115 3195 τὸ
3148 3144 3301 3196 κατὰ
3333 3142 3553 3194 πάντων
3584 3139 3697 3207 ἑξῆς

2119 3240 2328 3309 ληρεῖν,
2377 3237 2655 3309 ἐρρῶσθαι
2709 3236 2864 3305 πάσῃ
2900 3235 3118 3303 φράσαν
3168 3234 3359 3299 αἱδοῖ;
3405 3233 3619 3289 Μᾶλλον
3647 3229 3697 3282 δὲ

2121 3335 2280 3385 ποῖον
2314 3331 2415 3396 μὲν
2448 3331 2648 3398 στόμα,
2682 3328 2845 3381 ποίαν
2872 3328 2928 3380 δὲ
2956 3326 3204 3394 γλῶτταν
3239 3327 3585 3396 βλάσφημον,
3607 3322 3697 3375 οὐκ

2121 3426 2191 3480 ἂν
2218 3427 2354 3494 πρὸς
2388 3422 2666 3492 εὐφημίαν
2699 3420 3033 3490 μετέϐαλεν;
3072 3420 3147 3473 Oti
3180 3421 3302 3488 γὰρ
3347 3423 3656 3488 φρονήσεως
3680 3453 3693 3474 ,

2120 3520 2180 3569 οὗ
2213 3516 2588 3587 χρηστότητος
2617 3555 2630 3579 ,
2685 3514 2786 3565 οὐκ
2839 3514 3155 3580 ἑπιστῆμης
3186 3512 3483 3581 πολιτικῆς
3516 3503 3698 3562 ἅπανθ’

2122 3611 2219 3662 ὅσα
2250 3608 2566 3676 πέπρακται
2590 3606 2727 3674 τῷδε
2760 3603 2988 3674 τάνδρίς
3026 3604 3279 3673 Ἀντεῖχε
3310 3605 3432 3673 μὲν,
3455 3603 3555 3663 ἕως
3580 3598 3695 3667 ἐξῆν

2121 3702 2233 3762 τοῖς
2254 3698 2430 3762 οἴαξιν
2462 3700 2632 3750 εἴκειν
2662 3697 2721 3749 τὸ
2755 3697 2939 3748 πλοῖον
2963 3713 2977 3727 ·
3007 3699 3099 3747 καὶ
3127 3699 3371 3766 χειμῶνι
3401 3695 3693 3767 χρώμενος,

2122 3790 2331 3842 τούτων
2360 3789 2459 3841 οὐκ
2489 3788 2777 3855 ἀφίστατο,
2813 3789 2907 3838 καὶ
2937 3786 3087 3840 τᾶλλ’
3137 3787 3271 3855 ἑξῆς
3329 3786 3507 3839 πάντα
3542 3782 3695 3835 ποιῶν

2122 3887 2187 3935 τα
2220 3883 2329 3936 τῶν
2383 3881 2606 3949 ἁγαθίῖεν
2659 3881 3010 3951 ναυκλήρων,
3056 3880 3263 3947 λέγων,
3302 3874 3694 3948 συμϐουλεύων,

2124 3975 2437 4045 παραινῶν,
2481 3974 2877 4046 ἀναθαῤῥύνων
2910 3973 3038 4035 τοὺς
3075 3974 3551 4033 καταπίπτοντας,
3595 3969 3696 4020 διυ-

2126 4071 2335 4134 πνίζων
2357 4069 2484 4130 τοὺς
2512 4067 2902 4131 καθεύδοντας,
2930 4064 3390 4132 διακελευόμενος
3412 4065 3523 4124 τοῖς
3546 4076 3697 4112 σπου·

2125 4163 2402 4225 δὰζουσιν,
2445 4160 2752 4212 ἐπιτάττων
2783 4158 3039 4226 ἐνεργοὺς
3073 4156 3327 4219 ἅπαντας
3361 4152 3523 4221 εἶναι,
3550 4151 3695 4209 αὑτδς

2127 4254 2336 4313 ἐκεῖνος
2399 4249 2893 4320 διαπραττόμενος,
2919 4249 2988 4301 δι’
3026 4243 3102 4300 ὧν
3135 4248 3201 4302 ἂν
3244 4244 3318 4319 ἦν
3358 4247 3433 4318 μὴ
3469 4240 3674 4300 καταὸα
3748 4232 3759 4247 ’

2131 4324 2526 4410 πτισίιῆναιθῒὸ
2564 4340 2795 4410 σκάφος,
2820 4342 3127 4413 δυσηνεμίᾳ
3157 4342 3253 4394 καὶ
3283 4342 3437 4410 σάλῳ
3486 4336 3692 4408 χρώμε-

2059 4469 2101 4523 D
2129 4450 2240 4487 νον.
2321 4438 2334 4452 ⁹

2203 4568 2397 4623 Ταῦτά
2421 4585 2504 4621 τοι
2530 4566 2825 4630 διαπαντὸς
2850 4567 3221 4638 ἐργαζόμενος
3245 4568 3391 4638 ὑπὲρ
3415 4567 3509 4625 τὰς
3533 4561 3696 4616 ἀπαν-

2127 4678 2240 4715 των
2289 4662 2472 4727 δόξας,
2522 4660 2618 4713 ἐπὶ
2658 4662 2869 4729 μακρόν
2906 4676 3028 4713 τινα
3078 4661 3275 4729 χρόνον
3324 4642 3598 4726 ἀπέτρεπε
3632 4648 3698 4701 τὰ

2127 4754 2277 4807 δεινά
2299 4768 2313 4783 ο
2340 4751 2458 4805 εἶτα
2480 4751 2591 4805 τῶν
2614 4752 2834 4820 ἀνέμων
2860 4749 3049 4816 ὥσπερ
3080 4749 3427 4813 λυσσώντων,
3454 4745 3545 4798 καὶ
3579 4757 3697 4811 μαι·
3746 4762 3757 4767 ·

2130 4845 2366 4914 νομένης
2416 4844 2760 4913 ἀγριώτερον
2810 4843 2909 4911 τῆς
2959 4842 3260 4913 θαλάσσης,
3310 4841 3407 4894 καὶ
3461 4835 3567 4889 τῶν
3605 4829 3695 4898 μὲν

2133 4935 2342 4988 σκευῶν
2377 4934 2527 5002 αὐτῷ
2563 4933 2939 5003 πονησάντων.
2967 4933 3134 4987 τινῶν
3164 4933 3221 4985 δὲ
3267 4930 3363 4985 καὶ
3394 4921 3694 4992 συντριϐένο

2131 5044 2260 5089 των,
2298 5026 2399 5096 ήδη
2430 5025 2528 5094 τῆς
2560 5042 2619 5077 τε
2657 5024 2814 5089 νεὼς,
2857 5024 2933 5087 ὡς
2980 5024 3114 5087 ἔπος
3148 5026 3345 5088 εἰπεῖν,
3377 5008 3694 5089 ἀφηνιαξού·’

2124 5134 2257 5188 σης,
2282 5120 2378 5171 καὶ
2423 5120 2653 5185 μονονοὺ
2690 5117 2877 5183 φωνὴν
2904 5116 3182 5185 ἀφιείσης,
3209 5115 3283 5178 ὡς
3313 5114 3511 5168 αὐτίκα
3542 5116 3692 5159 κατα-

2132 5210 2357 5263 δὺσεται
2414 5209 2489 5279 μὴ
2531 5207 2950 5278 μεταϐαλούσης
3002 5208 3143 5279 αὐτῇ
3178 5207 3279 5277 τῆς
3328 5206 3534 5273 τύχης’
3582 5195 3607 5244 ό
3638 5190 3687 5243 δὲ

2135 5301 2229 5352 καὶ
2281 5300 2484 5368 μᾶλλον
2525 5299 2920 5369 ἁγριαινούσης
2953 5299 3188 5368 ἐκείνης,
3222 5299 3315 5352 καὶ
3345 5296 3431 5349 ἀεὶ
3462 5291 3688 5361 χιιιλιετιω⁸

2134 5394 2299 5461 τέρας
2346 5391 2516 5461 αὐτῆς
2559 5391 2877 5460 γινομένης,
2903 5390 3095 5459 ἔμενεν
3129 5394 3187 5442 ὲν
3225 5388 3302 5459 τῷ
3334 5380 3682 5456 προνοεῖσοα¹υ

2137 5486 2233 5538 καὶ
2260 5485 2379 5545 τοῖς
2403 5483 2730 5556 ⁶δυσχερείαις
2763 5482 3008 5545 ἀντιθεὶς
3042 5483 3141 5552 τὴν
3172 5483 3231 5534 ἐν
3264 5479 3410 5545 αὐτῷ
3441 5464 3686 5556 παντοδαξ

2137 5576 2246 5647 πὴν
2278 5575 2504 5645 ἀρετὴν,
2538 5575 2799 5643 ἐπειρᾶτο
2825 5573 3116 5635 διασώζειν
3156 5575 3235 5625 ἔτι
3278 5571 3339 5624 τὸ
3382 5554 3682 5647 πλοίοντξαῖ

2138 5645 2213 5732 ibi
2250 5670 2339 5719 ἐπὶ
2374 5668 2570 5735 λιμένα
2601 5665 2700 5736 τὴν
2747 5666 2973 5736 εἰρήνην
3004 5665 3162 5717 τοῦτο
3196 5656 3473 5727 κατάγειν.
3505 5645 3680 5741 Καέτιι

2138 5762 2345 5827 ταύτης
2404 5758 2601 5826 ἤλπιζε
2660 5754 2967 5831 τεύξεοθμι,
3017 5755 3212 5827 μικροῦ
3266 5753 3395 5814 δεῖν,
3431 5744 3673 5805 οὖθαρ-(δί’

2524 5950 2547 5963 ο
