3950 6432
260 361 359 426 207

1037 347 1450 417 THEODORI
1489 341 1854 408 DESPOT/E
1900 337 2294 402 LAUDATIO
2334 333 2745 398 FUNEBRIS.

3286 291 3310 408 ξ
3409 327 3516 390 9.98

269 480 464 551 σοῦσης
499 478 556 533 δὲ
611 477 776 550 μέχρι
811 474 1052 539 παντόςί
1095 474 1161 527 ’Ὤ
1184 470 1426 540 ,νεφέλης
1462 465 1704 539 ζοφερᾶς
1736 467 1834 519 καὶ

1953 460 2246 516 luratura!
2284 457 2330 514 0
2361 457 2720 530 caliginosam
2761 455 3101 524 densamque
3153 452 3380 516 nubem,
3410 467 3517 522 qua

267 575 518 645 παχείας,
546 571 780 642 ἀφείσης
827 567 1107 640 χάλαζαν,
1142 565 1426 637 βλάψασαν
1473 561 1600 631 ἑξῆς
1652 560 1834 614 πᾶσαν

274 668 530 741 βλάστην,
567 667 666 720 xa‘t
703 665 814 719 πᾶν
865 662 1070 733 ὡραῖον
1095 699 1109 725 ,
1159 658 1257 713 καὶ
1297 656 1473 726 λήϊον,
1507 655 1602 707 καὶ
1641 651 1834 722 φυτὸν,

270 761 361 814 καὶ
389 757 528 819 ὅλως
559 757 684 810 ὅσον
710 756 774 807 ἐκ
801 753 905 821 γῆς
930 752 1011 814 είς
1047 751 1239 822 χρείαν
1283 747 1316 813 ἣ
1354 745 1690 818 παραψυχήν
1723 745 1836 796 ἐστι

267 853 374 911 τοῖς
393 848 748 920 ἀνθρώποιςί
777 847 841 899 Ὢ
876 845 1107 914 βροντῆς
1135 840 1538 910 ἀποτροπαίου,
1573 835 1838 905 σεισάσης

269 939 390 994 νοῦν
420 936 499 1010 τῷ
543 937 808 1006 πατάγῳί
856 937 920 990 Ὢ
967 933 1236 1000 τυφῶνος,
1263 930 1576 1001 ὀφθαλμοὺς
1609 928 1839 1000 καρδίας

268 1028 666 1101 πηρῶσαντοςι
702 1027 766 1078 Ὢ
800 1023 1087 1096 κεραυνῶν
1115 1021 1392 1094 φοϐερῶν,
1423 1022 1591 1088 ὀξέως
1634 1021 1840 1090 φρένας

265 1123 705 1196 λυμηναμένωνί
762 1121 827 1174 ’Ὠ
873 1121 1202 1192 πρηστῆρος
1265 1119 1536 1190 ὀλεθρίου.
1596 1116 1841 1179 διανοίας

267 1215 740 1287 ἀποτεφροῦντοςί
781 1215 845 1267 ’Ὠ
898 1214 1136 1284 πληγῆς,
1178 1213 1347 1284 λῆρον
1396 1212 1685 1280 δεικνύσης
1734 1211 1841 1264 πᾶν

267 1309 623 1380 ἀλεξητήριον
655 1307 987 1380 φάρμακονί
1026 1307 1093 1360 Ὤ
1121 1324 1214 1378 μοι
1248 1305 1504 1368 πένθους,
1537 1303 1709 1373 πέρας
1740 1304 1841 1356 οὐκ

267 1401 512 1473 ἔχοντοςί
552 1400 615 1452 Ὢ
645 1399 796 1470 ζωῆς
828 1399 891 1454 οὺ
932 1399 1201 1471 φορητῆς,
1234 1399 1282 1450 εἰ
1322 1396 1400 1468 μὴ
1435 1396 1505 1450 δι’
1535 1395 1842 1459 εὐσέϐειαν,

267 1495 339 1559 ὡς
390 1496 492 1548 οὐκ
542 1492 620 1548 ἔτ’
649 1493 710 1547 ὃν
754 1492 950 1563 ἐφετὸν
1004 1491 1064 1546 τὸ
1122 1491 1245 1564 ζῇν,
1293 1490 1421 1563 ἐμοὶ
1467 1489 1570 1560 μὲν
1603 1488 1844 1559 μάλιστα

267 1589 505 1643 πάντωνο
562 1585 756 1640 ἔπειτα
810 1586 906 1640 καὶ
950 1586 1119 1640 πᾶσιν
1172 1584 1428 1648 ἐκείνοις,
1480 1581 1679 1643 οἵτινές
1722 1596 1842 1643 σου,

265 1682 383 1753 φίλε
419 1678 580 1747 Θεοῦ,
617 1666 718 1750 τήν
748 1676 914 1748 φύσιν
950 1677 1028 1740 ὠς
1057 1676 1346 1747 ἐξαίρετος
1386 1675 1627 1746 ᾔδεσανί
1668 1671 1844 1725 Τοῦτο

263 1768 330 1845 ἦν
365 1771 476 1842 ἀρα
524 1771 728 1836 ἐκεῖνα,
757 1768 829 1822 τὰ
875 1766 1162 1839 πόρρωθεν
1202 1765 1486 1836 μηνύοντα
1535 1759 1844 1833 μεταϐολὴν

268 1865 610 1937 πραγμάτων
666 1861 760 1916 ἐπὶ
817 1861 898 1915 τά
944 1859 1134 1932 χείρω.
1200 1859 1395 1928 Ἡμεῖς
1440 1857 1498 1912 δὲ
1546 1855 1842 1926 βλέποντες

269 1957 576 2030 ἐπηδῶμεν,
617 1954 940 2026 νομίζοντες
987 1951 1210 2006 ἔσεσθαι
1269 1951 1332 2004 τὸ
1379 1949 1554 2004 δεινὸν
1587 1948 1679 2007 ἐπὶ
1713 1946 1844 2010 τοὺς

272 2054 538 2124 ἐχθροὺς,
595 2050 752 2104 ἐνίων
804 2033 962 2103 τοιῗτο
1016 2047 1462 2119 μαντευομένων.
1507 2045 1644 2099 Νυνὶ
1675 2043 1719 2097 δ’
1750 2043 1846 2096 ἐκ-

276 2148 460 2208 ϐάντος
490 2143 586 2198 τοῦ
645 2143 821 2200 κακοῦ
871 2142 994 2199 καθ’
1052 2141 1250 2212 ήμῶν,
1301 2141 1396 2194 καὶ
1443 2138 1842 2209 καθαψαμένου

287 2240 591 2309 περιφανῶς
621 2240 869 2303 πάντων,
905 2237 982 2300 ὡς
1027 2237 1181 2299 ὄντος
1228 2235 1327 2306 μὲν
1360 2233 1504 2288 οὕτω
1559 2231 1845 2302 μεγίστου,

291 2332 424 2396 δντος
461 2332 517 2386 δέ
567 2331 712 2387 οὕτω
757 2329 981 2400 πικροῦ,
1015 2329 1168 2392 ὄντος
1205 2327 1264 2382 δὲ
1290 2326 1651 2401 ἀδιορθώτορ,
1682 2325 1838 2379 οὐδὲν

283 2426 400 2482 ἄλλο
423 2425 676 2478 λείπεται
716 2423 749 2494 ἢ
780 2425 879 2493 ζῇν
911 2425 968 2476 ἐν
1004 2421 1290 2492 ἀθυμίαις,
1318 2419 1758 2489 ὀλοφυρομένους
1782 2435 1844 2471 τε

272 2520 363 2573 καὶ
405 2517 743 2581 πενθοῦντας
776 2517 872 2571 τὸν
917 2515 1098 2571 πάντα
1149 2514 1365 2586 χρόνον.
1400 2515 1475 2569 Οὐ
1531 2514 1640 2583 μήν
1670 2528 1734 2580 γε
1776 2511 1847 2564 δι’

268 2613 481 2664 ἐκεῖνον
539 2608 721 2674 αὐτὸν,
773 2607 830 2670 ὃς
875 2607 986 2662 τῶν
1039 2607 1323 2678 ἡμετέρων
1349 2605 1556 2658 τούτων
1590 2603 1844 2657 ἀπαλλα-

266 2707 407 2772 γεὶς,
449 2698 736 2771 τελμάτων
759 2706 828 2753 τε
861 2699 958 2754 καὶ
998 2697 1165 2767 ζόφου
1213 2694 1413 2751 πολλοῦ
1462 2696 1632 2767 μηδὲν
1658 2697 1848 2765 διαφε-

270 2795 498 2866 ρόντων,
531 2791 668 2862 πρὸς
711 2792 812 2864 τὴν
858 2790 1082 2862 αἰθρίαν
1108 2789 1327 2860 ἐκείνην
1355 2789 1455 2861 τὴν
1483 2788 1720 2860 ἄληκτον
1749 2788 1848 2841 καὶ

266 2888 365 2958 τὴν
387 2885 582 2956 ἀγήρω
615 2885 763 2955 ζωὴν
796 2882 1020 2954 μετέϐη·
1055 2882 1173 2946 πῶς
1226 2881 1336 2952 γάρ
1363 2897 1377 2947 ;
1434 2879 1574 2935 ἀλλά
1596 2879 1664 2933 δι’
1695 2881 1848 2950 ἡμᾶς

269 2979 490 3044 αὐτοὺς,
521 2976 573 3032 οἳ
601 2977 689 3031 διὰ
742 2975 906 3048 μόνον
948 2975 1011 3028 τὸ
1062 2976 1310 3040 πενθεῖν,
1362 2973 1439 3037 ὡς
1490 2973 1660 3039 ἔοικε,
1687 2989 1852 3025 κατε-

269 3070 600 3141 λείφθημεν.
650 3069 763 3124 Καὶ
813 3069 898 3124 ὅτι
944 3067 1102 3123 ταῦθ’
1150 3065 1325 3129 οὕτως
1377 3065 1514 3137 ἔχει,
1549 3065 1848 3136 σκοπῶμεν

272 3165 669 3235 ἀκριϐέστερον
697 3161 897 3234 ταύτῃ.

354 3256 596 3318 Ἐκεῖνος
651 3254 812 3325 ἡμῶν
863 3252 1126 3319 διαστὰς,
1176 3251 1449 3323 τετύχηκε
1519 3255 1619 3324 μὲν
1671 3253 1846 3310 Θεοῦ·

273 3348 652 3419 ἐγγέγραπται
710 3346 767 3400 δέ
823 3347 903 3416 τῷ
958 3345 1066 3400 τῶν
1119 3345 1411 3418 μακαρίων
1458 3346 1629 3418 χορῷ,
1665 3348 1722 3400 ἐν
1769 3341 1855 3413 οἷς

273 3441 467 3495 πολλοὶ
495 3440 591 3495 καὶ
624 3438 736 3492 τῶν
765 3437 916 3509 αῦτῷ
947 3437 1358 3508 προσηκόντων*
1403 3440 1590 3510 πατήρ
1619 3457 1679 3492 τε
1710 3440 1849 3495 πάν-

268 3549 349 3586 ταί
392 3531 618 3600 ἀγαθὸς,
673 3531 771 3585 καὶ
824 3531 1010 3602 μήτηρ
1049 3529 1203 3585 οὐδὲν
1229 3530 1428 3600 ἦττωνο
1457 3529 1600 3584 οὕτω
1641 3531 1748 3602 γάρ
1783 3549 1852 3602 με

273 3624 458 3680 πείθει
488 3623 714 3698 θαρρεῖν
761 3623 823 3678 τδ
852 3624 985 3696 παρ’
1017 3624 1201 3688 αὐτοῖς
1254 3623 1500 3690 εὐσεϐὲς,
1534 3625 1630 3679 καὶ
1655 3626 1714 3680 τὸ
1742 3625 1853 3680 τῶν

272 3716 498 3786 τρόπων
529 3715 704 3781 είιθές⁹
733 3715 937 3789 ἀρίστη
977 3734 1038 3771 τε
1091 3715 1412 3788 ἀδελφότης,
1443 3718 1540 3772 καὶ
1568 3719 1853 3788 προγόνων

271 3808 489 3880 ὅμιλος,
520 3807 619 3863 καὶ
652 3807 752 3862 οὐκ
781 3807 956 3876 ὀλίγοι
985 3806 1092 3861 τῶν
1123 3806 1313 3877 φίλων.
1353 3809 1416 3862 El
1448 3809 1578 3878 γοῦν
1617 3812 1710 3864 καὶ
1743 3810 1854 3864 τῶν

271 3901 568 3974 ἐρωμένων
605 3899 764 3970 ήμῶν
795 3898 1159 3971 κεχώρισται,
1216 3895 1300 3964 οἷς
1362 3899 1545 3955 συνὼν
1587 3901 1852 3973 ἡδόμενος

271 3992 526 4060 διετέλει,
557 3991 693 4046 ἀλλά
725 3991 788 4045 τὺ
823 3993 1064 4046 συνεῖναι
1111 3991 1302 4045 τοῦτον
1339 3993 1453 4055 τοῖς
1489 3991 1714 4061 φύσασι,
1749 3993 1848 4046 καὶ

275 4085 498 4148 πολλοῖς
524 4085 636 4139 τῶν
658 4087 943 4154 συγγενῶν
985 4083 1080 4138 καὶ
1115 4083 1387 4155 συνήθων,
1432 4085 1591 4155 ἡμῶν
1623 4100 1689 4153 γε
1717 4086 1854 4140 πάν-

272 4197 384 4243 τως
410 4179 511 4248 οὐχ
555 4178 768 4249 ἥττοσι,
815 4177 908 4232 καὶ
940 4177 1076 4246 πρός
1111 4193 1175 4245 γε
1223 4177 1307 4230 ἔτι
1367 4179 1480 4240 τοῖς
1532 4179 1850 4249 μακαρίοις,

273 4269 370 4322 καὶ
410 4271 513 4322 σὺν
543 4268 728 4331 αὐτοῖς
764 4266 841 4338 τῷ
869 4266 1014 4340 Θεῷ,
1047 4266 1231 4337 πολλῷ
1277 4266 1343 4320 ἂν
1377 4267 1526 4338 ἥδιον
1555 4267 1731 4337 τούτῳ
1762 4269 1855 4337 γέ-

272 4377 422 4413 νοιτο
463 4358 561 4412 τοῦ
607 4359 728 4430 μεθ’
758 4359 916 4430 ήμῶν
966 4357 1127 4426 εἶναι,
1157 4359 1213 4412 εῐ
1255 4377 1317 4428 γε
1357 4360 1450 4413 καὶ
1474 4361 1854 4433 παραϐάλλειν

273 4452 400 4516 ἐξόν
435 4455 608 4506 ἐστιν.
642 4452 806 4521 Ἡμῖν
857 4452 914 4504 δέ
960 4452 1170 4506 τούτων
1219 4437 1586 4523 ζημιωθεῖσιν
1617 4456 1771 4509 οὐδέν
1800 4472 1853 4508 τι

1941 555 2153 624 grando
2198 551 2366 607 missa
2429 550 2666 620 depluit',
2729 565 2891 604 omne
2923 549 3178 618 deinceps
3219 547 3520 617 deperdens

1939 660 2186 716 germen,
2210 657 2538 714 omnemque
2563 641 2822 706 fructum,
2845 657 2909 697 ac
2934 650 3166 711 segetes.
3193 655 3520 710 omnemque

1941 738 2219 801 arborem,
2265 752 2328 792 ac
2359 735 2404 792 si
2445 735 2579 807 quid
2615 736 2839 790 omnino
2879 745 3022 790 terra
3055 733 3328 805 germinat
3374 733 3520 801 quod

1943 833 2199 888 humanae
2233 832 2356 886 vita:
2386 830 2676 902 refrigerio
2699 830 2803 885 sit!
2833 828 2877 884 0
2907 828 3251 898 deprecabile
3290 829 3521 888 tonitru,

1943 923 2090 993 quod
2124 921 2366 977 animum
2396 919 2610 991 fragore
2640 921 2953 976 concussit!
2986 921 3028 972 Ο
3074 919 3394 989 typhonem,
3431 917 3522 986 qui

1943 1012 2134 1068 oculos
2166 1011 2347 1068 cordis
2370 1011 2627 1066 caecavit!
2665 1008 2710 1066 Ο
2741 1011 3010 1065 horrenda
3037 1009 3290 1075 fulmina,
3323 1009 3524 1079 quibus

1945 1104 2129 1161 statim
2166 1120 2320 1162 mens
2381 1104 2582 1159 oblaesa
2620 1105 2728 1159 sit!
2779 1101 2824 1157 0
2853 1103 3150 1159 exitiosum
3186 1111 3525 1171 praesterem,

1944 1198 2162 1254 animos
2209 1199 2635 1253 incinerantem!
2668 1195 2712 1252 0
2742 1197 2978 1267 plagam,
3025 1195 3331 1252 remedium
3366 1210 3525 1249 omne

1945 1303 2332 1355 aven-uncum,
2387 1305 2560 1360 nugas
2603 1289 3020 1344 ostendentem!
3066 1289 3110 1343 Ο
3145 1288 3352 1343 luctum
3391 1287 3526 1341 mihi

1945 1382 2259 1438 inﬁnitum!
2303 1375 2349 1437 0
2386 1383 2576 1446 vitam,
2605 1382 2708 1437 nisi
2740 1381 2864 1437 solo
2898 1381 3123 1452 pietatis
3162 1380 3388 1445 intuitu,
3427 1379 3525 1434 mi-

1945 1478 2093 1532 nime
2151 1475 2462 1545 ferendam,
2515 1478 2660 1550 quod
2709 1478 2855 1534 haud
2890 1478 3028 1534 ultra
3061 1478 3115 1533 in
3149 1478 3290 1534 votis
3321 1476 3526 1538 haben-

1946 1571 2076 1626 dum
2110 1571 2184 1627 sit
2213 1573 2398 1629 vivere
2425 1590 2440 1641 ;
2471 1588 2596 1630 cum
2627 1573 2902 1644 praecipue
2926 1572 3082 1639 mihi,
3115 1581 3227 1628 tum
3263 1573 3373 1627 illis
3403 1573 3528 1626 uni-

1949 1665 2150 1733 versis,
2214 1667 2306 1737 qui
2339 1678 2513 1731 tuam,
2553 1665 2730 1721 amice
2763 1665 2882 1732 Dei,
2915 1665 3156 1721 indolem
3184 1673 3530 1734 perspectam

1950 1757 2239 1825 haberent,
2271 1774 2432 1828 quam
2477 1759 2685 1813 eximia
2739 1767 2902 1813 esset.
2956 1759 3086 1814 Erat
3123 1758 3224 1814 boc
3254 1758 3413 1829 plane
3442 1758 3530 1812 illa

1945 1859 2163 1906 ostensa
2185 1868 2304 1922 quae
2323 1852 2561 1908 futuram
2598 1870 2781 1910 rerum
2806 1855 2859 1909 in
2897 1854 3143 1908 deterius
3167 1836 3530 1906 mutationem

1945 1943 2155 2013 pridem
2189 1945 2598 2016 significabant.
2634 1946 2745 2003 Nos
2767 1962 2934 2018 porro
2965 1947 3211 2003 videntes
3258 1944 3531 2016 gestieba-

1947 2050 2090 2100 mus,
2130 2037 2224 2106 qui
2280 2040 2648 2106 quorumdam
2705 2040 2961 2109 persuasi
2990 2037 3286 2104 vaticiniis,
3325 2037 3533 2091 malum

1945 2129 1998 2182 in
2053 2130 2242 2186 hostes
2307 2133 2622 2187 vertendum
2711 2145 3048 2202 putaremus.
3131 2131 3288 2186 Nunc
3346 2137 3531 2185 autem

1943 2233 2235 2292 postquam
2266 2223 2397 2279 illud
2430 2225 2485 2279 in
2515 2240 2617 2281 nos
2658 2227 2861 2292 evenit,
2904 2239 3205 2296 omnesque
3241 2225 3444 2295 palam,
3475 2235 3534 2278 ut

1942 2317 2088 2386 quod
2123 2316 2194 2372 ita
2246 2319 2572 2386 maximum,
2618 2321 2691 2375 ita
2727 2321 3010 2384 acerbum,
3041 2335 3104 2375 ac
3139 2319 3256 2375 sine
3288 2317 3534 2373 remedio

1942 2408 2198 2476 exsistat,
2233 2409 2498 2478 affecerit,
2543 2412 2684 2466 nihil
2735 2412 2882 2468 aliud
2922 2412 3193 2483 reliquum
3234 2420 3338 2476 est,
3367 2401 3532 2481 quam

1947 2512 2006 2555 ut
2037 2501 2287 2572 lugentes
2312 2505 2783 2570 aclamentantes,
2818 2513 2996 2561 totum
3012 2506 3285 2575 deinceps
3315 2514 3534 2574 tempus

1946 2592 2001 2648 in
2043 2595 2309 2651 maestitia
2359 2598 2660 2654 vivamus:
2703 2614 2813 2654 non
2843 2599 3066 2670 quidem
3099 2611 3325 2670 propter
3352 2598 3531 2663 illum,

1946 2686 2042 2756 qui
2080 2687 2150 2742 ab
2205 2689 2461 2746 humanis
2518 2691 2662 2759 istis,
2715 2693 2803 2747 vix
2838 2694 3142 2764 quidquam
3178 2709 3416 2761 acoeno,
3469 2709 3535 2748 ac

1948 2778 2119 2832 multa
2141 2779 2394 2852 caligine,
2420 2782 2660 2840 diversis
2686 2785 2975 2852 liberatus,
3005 2787 3069 2840 ad
3103 2787 3534 2842 indefectihilem

1943 2872 2114 2937 Illam,
2143 2887 2208 2928 ac
2241 2875 2382 2930 senii
2421 2879 2665 2932 nesciam
2700 2880 3054 2936 serenitatem
3088 2880 3393 2936 transivit.
3429 2878 3537 2947 Qui

1949 2965 2096 3021 enim
2133 2965 2207 3020 ita
2234 2969 2556 3038 possimus?
2585 2972 2684 3027 sed
2724 2981 2946 3044 propter
2970 2989 3071 3030 nos
3101 2974 3271 3044 ipsos,
3301 2975 3396 3044 qui
3421 2975 3538 3029 sola

1965 3075 2133 3117 causa
2164 3060 2383 3134 lugendi
2418 3065 2703 3122 videamur
2723 3067 2920 3123 relicti.
2954 3069 3046 3124 Sic
3077 3079 3256 3124 autem
3288 3085 3404 3124 rem
3445 3070 3540 3125 ha-

1875 3180 1920 3242 c
1951 3153 2104 3220 bere,
2136 3171 2234 3226 per
2258 3158 2405 3214 hunc
2430 3159 2651 3214 modum
2671 3163 2986 3218 accuratius
3014 3165 3391 3233 exquiramus.

2029 3247 2123 3303 Ille
2169 3248 2238 3303 ab
2273 3247 2514 3305 humana
2542 3253 2946 3309 consuetudine
2978 3254 3272 3325 abjunctus
3295 3297 3310 3323 ,
3367 3256 3538 3313 Deum

1961 3349 2299 3398 consecutus
2324 3352 2407 3397 est
2434 3362 2447 3409 ;
2482 3342 2692 3414 fuitque
2714 3344 3014 3415 inscriptus
3040 3347 3322 3404 beatorum
3346 3350 3538 3415 choro,

1956 3431 2100 3487 inter
2126 3448 2267 3504 quos
2299 3436 2456 3489 multi
2485 3445 2614 3492 sunt
2654 3437 2773 3507 ejus
2814 3440 3068 3508 cognati;
3114 3455 3237 3495 eum
3274 3449 3432 3512 pater
3457 3445 3542 3500 vir

1956 3521 2219 3591 optimus,
2283 3531 2400 3579 tum
2429 3536 2605 3582 mater
2663 3528 2799 3582 nihil
2834 3528 2926 3584 illo
2976 3531 3237 3586 deterior.
3268 3533 3360 3588 Sic
3390 3535 3539 3589 enim

1956 3614 2213 3670 ﬁduciam
2245 3615 2374 3672 facit
2405 3631 2596 3672 eorum
2627 3619 2824 3688 pietas,
2861 3635 2926 3676 ac
2968 3637 3184 3678 morum
3217 3627 3490 3684 rectitude
3521 3645 3537 3680 :

1955 3707 2164 3778 Optima
2227 3723 2452 3778 quoque
2507 3708 2742 3764 fratrum
2813 3713 3116 3782 sodalitas,
3170 3731 3235 3771 ac
3303 3733 3536 3773 avorum

1955 3801 2144 3865 turba,
2210 3802 2485 3871 amicique
2519 3804 2723 3872 plures.
2764 3803 3091 3875 Quanquam
3129 3823 3259 3880 ergo
3293 3826 3321 3865 a
3355 3813 3536 3879 nobis,

1956 3908 2094 3963 quos
2134 3909 2323 3949 amore
2375 3905 2820 3966 prosequeretur,
2859 3913 2921 3953 ac
2951 3915 3189 3969 quorum
3223 3903 3540 3961 delectaba-

1959 3993 2047 4039 tur
2079 3986 2518 4053 consuetudine,
2565 3987 2732 4044 fuerit
2784 4004 3109 4062 separatus;
3170 3997 3317 4066 quod
3353 4007 3533 4054 tamen

1956 4091 2083 4132 cum
2147 4079 2491 4147 parentibus,
2529 4081 2830 4152 multisque
2887 4096 3249 4153 cognatorum
3277 4104 3343 4145 ac
3372 4090 3539 4147 famt-
3573 4144 3576 4146 .

1957 4169 2197 4236 liarium,
2232 4171 2370 4226 nihil
2396 4173 2624 4230 omnino
2656 4175 2820 4230 nobis
2849 4176 3227 4237 deterioribus
3260 4193 3424 4253 agat;
3467 4185 3536 4240 ad

1957 4263 2074 4320 haec
2126 4279 2255 4320 vero
2291 4280 2416 4321 eum
2447 4266 2641 4332 beatis,
2676 4269 2905 4341 ipsoque
2940 4271 3166 4344 insuper
3213 4276 3346 4343 Deo,
3381 4278 3542 4350 longe

1958 4356 2150 4427 utique
2188 4357 2494 4427 jucundius
2554 4357 2773 4428 habeat,
2807 4378 2974 4434 quam
3006 4375 3066 4420 ut
3100 4381 3412 4426 versaretur
3445 4389 3543 4427 no-

1958 4448 2192 4515 biscum,
2229 4459 2288 4504 ut
2329 4449 2496 4505 ullam
2528 4453 2608 4508 rei
2645 4457 3119 4526 comparationem
3152 4460 3292 4516 inire
3342 4465 3543 4521 conde-

272 4543 668 4613 παραπλήσιον
705 4541 1046 4611 συμϐέϐηκε.
1101 4541 1257 4605 Τίνος
1291 4540 1402 4610 γὰρ
1433 4541 1501 4596 ἂν
1533 4545 1628 4596 καὶ
1670 4542 1847 4614 τύχοι-

1959 4548 2115 4596 ceat:
2152 4541 2312 4596 nobis
2333 4551 2536 4610 autem,
2570 4545 2664 4612 qui
2696 4545 2893 4600 horum
2914 4545 3216 4605 fecerimus
3238 4553 3540 4623 jacturam,

276 4651 384 4704 μεν
412 4633 642 4703 τάνδρὸς
672 4633 884 4685 ἐκείνου
931 4631 1244 4702 βελτίονοςς
1297 4632 1468 4703 Δῆλον
1509 4633 1585 4697 ὡς
1614 4629 1850 4697 οὐδενός·

276 4731 403 4793 πῶς
441 4729 574 4800 γὰρ,
609 4728 700 4782 τοῦ
756 4727 1006 4799 μηδαμοῦ
1047 4728 1240 4794 δντος;
1285 4727 1426 4782 Ἀλλ’
1453 4728 1577 4782 οὐδὲ
1606 4730 1856 4801 λυπηρὸν

276 4821 472 4893 ἐκείνῳ
509 4820 872 4891 συμϐήσεται,
908 4819 1059 4890 ζωῆς
1103 4821 1203 4890 τῆς
1239 4820 1549 4890 ἀπεράντου
1583 4839 1856 4894 μετεσχη-

286 4913 422 4978 κότι,
469 4911 568 4965 καὶ
600 4910 759 4980 δόξης
789 4905 881 4974 αὖ,
922 4911 1023 4964 καὶ
1052 4913 1286 4983 τρυφῆς,
1331 4910 1553 4982 ἀλήκτῳ
1583 4910 1684 4982 βίῳ
1715 4928 1855 4982 συμ-

291 5002 617 5057 ϐαινουσῶν.
656 4999 821 5072 Ἥμῖν
851 4999 898 5054 δ’
930 5001 1176 5056 οἰκοῦσιν
1207 5002 1288 5055 ἐτι
1327 5002 1391 5055 τὸ
1423 5001 1604 5072 σῶμα,
1644 5001 1857 5055 πολλῶν

279 5093 473 5147 κακῶν
527 5091 704 5145 αἴτιον
756 5088 911 5146 εἶπεν
967 5092 1035 5146 ἂν
1087 5093 1339 5159 Πλάτων,
1395 5092 1612 5156 πολλοῖς
1645 5094 1857 5164 ἀνάγκη

287 5182 591 5255 μίγνυσθαι
619 5185 734 5250 τοῖς
766 5185 984 5250 δεινοῖς,
1009 5177 1086 5238 ὧν
1124 5185 1176 5238 οἱ
1214 5185 1588 5255 μεταστάντες
1611 5185 1861 5252 ἀπηλλά-

278 5294 486 5349 γησαν.

352 5545 432 5600 οὐ
463 5543 624 5614 μόνον
648 5543 831 5598 τοίνυν
861 5543 1210 5615 ἀπήλλακται
1238 5546 1571 5617 δυσχερειῶν
1597 5548 1681 5602 ὅτι
1712 5548 1865 5604 πλεί-

283 5657 456 5706 στων,
487 5637 554 5700 ἃς
598 5637 815 5707 ἀνάγκη
851 5637 942 5690 τὸν
976 5639 1169 5710 θνητὸν
1203 5643 1545 5710 περινοστεῖν
1576 5641 1729 5696 τόνδε
1775 5643 1866 5696 κό-

1961 4633 2098 4688 nihil
2125 4634 2394 4703 ejusmodi
2427 4635 2633 4691 evenit.
2669 4635 2804 4690 Nam
2839 4639 2965 4707 quid
3000 4641 3075 4695 rei
3107 4643 3382 4710 possimus
3407 4662 3543 4701 eon-

1959 4725 2138 4795 sequi,
2173 4735 2234 4781 ut
2269 4727 2402 4782 illud
2432 4728 2549 4783 viro
2610 4729 2870 4800 praestet?
2916 4729 3112 4800 Liquet
3154 4737 3378 4791 omnino
3428 4754 3543 4793 non

1959 4832 2121 4887 posse
2170 4819 2495 4889 quidquam.
2551 4820 2834 4887 Quomodo
2885 4822 3052 4889 enim,
3104 4840 3226 4880 cum
3280 4828 3419 4883 nihil
3473 4834 3545 4887 sit

1962 4907 2112 4962 tale?
2144 4907 2214 4962 At
2254 4925 2432 4980 neque
2464 4911 2620 4964 triste
2651 4910 2782 4981 quid
2815 4911 2894 4966 illi
2925 4912 3209 4980 acciderit,
3237 4917 3331 4985 qui
3365 4918 3544 4976 factus

1962 4997 2033 5052 sit
2058 4998 2332 5070 particeps
2367 5000 2799 5056 interminabilis
2835 5003 2980 5068 vitae,
3030 5004 3328 5077 gloriaeque
3365 5019 3420 5065 et
3443 5027 3544 5066 vo-

1961 5087 2208 5158 luptatis,
2266 5107 2389 5161 quae
2423 5094 2547 5146 vitae
2582 5093 2658 5146 illi
2696 5093 3052 5151 indefecﬁbili
3115 5113 3374 5168 congruae
3410 5103 3544 5160 sint.

1963 5179 2133 5236 Nobis
2170 5193 2358 5240 autem
2386 5184 2484 5256 qui
2509 5200 2711 5254 corpus
2767 5186 2944 5241 adhuc
2967 5187 3310 5246 domicilium
3346 5193 3549 5250 habea-

1964 5289 2112 5341 mus,
2173 5278 2319 5346 quod
2345 5278 2502 5334 Plato
2524 5280 2765 5350 plurium
2800 5280 3072 5344 malorum
3103 5297 3330 5340 causam
3363 5291 3550 5358 appel-

1963 5367 2123 5438 lavit,
2161 5383 2387 5427 necesse
2437 5373 2509 5428 sit
2544 5372 2731 5429 multis
2755 5372 3026 5443 implicari
3069 5377 3252 5444 malis,
3284 5392 3317 5434 a
3347 5381 3551 5450 quibus

1965 5459 2212 5517 defuncti
2235 5463 2438 5520 saeculo
2468 5472 2599 5520 sunt
2624 5464 2866 5521 liberati.
3179 5527 3201 5550 θ

2038 5552 2247 5609 Nedum
2308 5571 2438 5626 erga
2468 5573 2499 5612 a
2529 5557 2799 5614 molestiis
2843 5560 3098 5630 plurimis
3135 5562 3398 5619 liberatus
3445 5571 3546 5629 est,

1968 5662 2109 5717 quas
2144 5663 2370 5706 necesse
2409 5659 2494 5706 est
2541 5653 2808 5708 mundum
2846 5655 2990 5710 hunc
3023 5655 3429 5726 corruptibilem
3455 5656 3552 5710 ob-

285 5746 450 5798 σμον’
479 5728 616 5783 ἀλλά
643 5729 740 5782 καὶ
798 5728 908 5781 τῶν
937 5729 1190 5783 ἐνταυθοῖ
1219 5731 1404 5786 καλῶν
1437 5731 1847 5803 όνομαζομένωι

1968 5741 2180 5810 vagari,
2218 5743 2311 5796 sed
2360 5755 2414 5799 et
2439 5744 2581 5799 bona
2646 5745 2850 5801 nostris
2897 5747 2975 5802 sic
3022 5747 3350 5812 nuncupatis
3391 5748 3554 5818 longe

283 5822 471 5893 πολλῷ
504 5821 835 5890 κρειττόνων
862 5821 1152 5892 τετῦχηκε.
1206 5824 1289 5878 Τά
1337 5827 1446 5896 γὰρ
1485 5828 1602 5880 ἐκεῖ
1633 5827 1777 5882 καλά
1801 5845 1847 5881 τε

1953 5831 2186 5903 potiora
2207 5833 2438 5906 adeptus
2455 5846 2556 5896 est.
2582 5836 2714 5904 Quae
2763 5839 2907 5895 enim
2937 5855 3054 5895 aevo
3078 5841 3169 5894 illo
3184 5839 3409 5910 pulchra
3426 5852 3554 5896 sunt
3645 5827 3647 5830 0

525 5918 798 5979 Ρλτιιοι..
838 5917 955 5978 Gn.
999 5917 1193 5979 CLVI.

3082 5931 3154 5993 10

2331 6015 2350 6041 ο
