3950 6426
464 299 568 358 2ΐὶ9

1659 305 2060 366 MANUELIS
2107 306 2563 370 PALEOIDGI
3607 317 3698 382 300

463 438 523 470 ut:
562 418 698 472 bona
759 427 912 472 tanto
964 417 1169 473 nosuis
1226 417 1564 487 praecellunt,
1625 431 1830 488 quanto
1865 423 2034 477 incor‘

2156 424 2249 477 καὶ
2290 425 2470 494 ἀγαθὰ
2527 423 2772 494 τοσούτῳ
2833 424 3062 498 προῦχει
3115 425 3228 480 τῶν
3277 427 3543 494 ἐνταυθοῖ,
3593 432 3701 486 ὅσον

463 512 740 583 ruptibilia
800 511 1133 582 cort‘uptioni
1191 511 1477 568 obnoxiis:
1540 521 1860 584 tantumque
1912 516 2044 571 illud

461 611 750 663 amborum
771 606 1184 670 discrinu-n,.ut
1215 619 1393 677 neque
1413 607 1598 673 lingua
1632 607 1810 662 doceri
1831 615 2044 678 possit:

460 711 699 756 mentem
729 715 948 770 quoque
984 700 1134 754 carni
1165 699 1440 770 alligatam
1470 701 1623 756 intus
1656 701 1941 754 cadentem
1982 717 2047 756 ac

459 796 658 848 victam
694 793 956 848 ostendit.
999 792 1104 846 Sed
1141 803 1194 847 et
1224 808 1290 847 eo
1320 793 1703 863 quoque.vit:e
1734 793 1881 848 illius
1910 792 2046 847 deli-

459 891 556 944 ciae
584 895 866 957 praestant,
897 886 1042 956 quod
1079 900 1107 937 a
1139 894 1325 940 nostra
1369 886 1456 939 illa
1480 886 1715 940 colluvie
1736 901 1887 954 pura:
1910 887 2042 940 sint.

460 982 563 1040 llic
594 983 740 1038 enim
768 995 835 1034 ne
862 979 1088 1034 minima
1135 980 1358 1050 quidem
1402 979 1590 1034 laetitia
1627 986 1730 1042 est,
1772 982 1839 1032 ad
1870 994 2046 1048 usque

463 1079 624 1132 tinem
671 1074 934 1142 omnique
977 1087 1203 1143 prorsus
1258 1073 1656 1144 injucunditate
1721 1086 1922 1126 vacans
1981 1086 2047 1127 ac

463 1174 737 1226 molestia.
803 1169 981 1236 Atque
1014 1167 1148 1220 adeo
1181 1174 1238 1220 ut
1289 1165 1584 1235 diligenter
1611 1174 1823 1220 tantum
1855 1164 2043 1218 consi-

459 1268 744 1328 deremus,
802 1261 1033 1331 liquebit
1079 1259 1260 1329 plane,
1297 1267 1355 1312 ut
1416 1258 1700 1311 molestior
1730 1273 1856 1327 pars
1881 1271 2046 1326 supeo

461 1358 572 1410 rior
608 1357 698 1410 sit.
732 1355 874 1420 Quin
935 1362 988 1405 et
1021 1351 1159 1404 illud
1213 1349 1376 1404 nobis
1439 1347 1662 1403 cumulo
1715 1349 2042 1403 incumbens

459 1453 688 1512 malum,
713 1449 874 1514 longe
908 1444 1234 1499 maestitiam
1289 1443 1663 1498 molestiorem
1699 1440 1850 1496 facit.
1894 1441 2040 1496 Prac-

457 1545 630 1599 sentis
653 1542 855 1611 quippe
880 1540 980 1594 teri
1015 1538 1217 1604 tristia,
1247 1538 1484 1591 iuaximo
1504 1537 1607 1590 hoc
1623 1536 1833 1591 obrutis
1849 1535 2039 1602 ﬂuctu,

459 1637 645 1690 multis
671 1635 918 1705 partibus
948 1633 1203 1702 graviora
1228 1631 1400 1684 fiunt:
1434 1629 1662 1698 ipsaque
1693 1628 1850 1693 adeo,
1872 1628 2041 1696 siqua

457 1731 600 1783 bona
650 1742 713 1780 ac
768 1725 950 1779 dulcia
1011 1726 1254 1776 humano
1308 1737 1411 1776 usu
1460 1728 1865 1788 nuncupantur,
1887 1734 1958 1773 ne
1986 1716 2041 1772 id

2151 516 2399 570 ἀθάνατα
2433 515 2667 587 θνητῶν.
2723 517 2833 572 Καὶ
2879 521 2994 571 τοῖν
3039 519 3186 572 δυοῖν
3228 519 3286 572 τὸ
3317 519 3565 590 διάφορον
3593 514 3701 577 οὔτε

2152 609 2370 682 γλώττῃ
2429 609 2726 673 διδακτὸν,
2784 609 2909 664 νοῦν
2963 628 3024 664 τε
3095 613 3261 682 σαρκὶ
3318 607 3702 684 δεσμούμενον,

2149 703 2283 756 εἴσω
2330 704 2605 756 πίπτοντα
2643 703 2912 758 δείκνυσι.
2967 705 3300 758 Πλεωεκτεί
3330 695 3386 758 δὲ
3421 699 3518 759 κάν
3545 705 3703 778 τούτῳ

2149 794 2216 847 τὰ
2242 794 2338 863 τῆς
2365 793 2723 858 ἀπολαύσεως
2754 795 2854 866 τῆς
2889 789 3026 861 ἐκεῖ,
3051 797 3132 850 ὃτι
3163 797 3480 851 παντάπασι
3509 797 3706 868 καθαρά

2153 887 2261 940 τῶν
2315 887 2604 959 ἡμετέρων
2657 891 2892 942 τουτωνὶ
2949 889 3260 959 συρφετῶν.
3323 889 3582 943 Ἐνταῦθα
3608 891 3705 961 γὰρ

2149 979 2258 1032 οὐδ’
2291 979 2472 1032 ὁτιοῦν
2511 981 2629 1032 ὲστι
2656 979 2765 1034 τῶν
2795 981 2876 1043 εἰς
2904 975 3255 1050 εὖφροσύνην
3297 979 3387 1032 διὰ
3415 979 3594 1042 τέλους
3623 996 3706 1033 κα-

2150 1071 2382 1142 θαρεῦον
2424 1073 2643 1144 ἀηδίας.
2693 1067 2873 1128 Μόνον
2925 1073 3035 1145 γὰρ
3077 1065 3172 1127 οὖν
3227 1071 3523 1126 σκοποῦσιν
3557 1075 3704 1142 ἀκρι-
3777 1103 3789 1113 ο

2146 1167 2429 1237 δέστερον,
2461 1168 2933 1240 ὲπικρατέστερον
2967 1159 3328 1238 εὑρεθήσεται
3368 1167 3428 1221 τὸ
3470 1168 3708 1237 δυσχερέ-

2149 1278 2345 1331 στερον
2380 1243 2584 1330 μέρος..
2626 1261 2788 1316 Ἀλλὰ
2839 1262 2947 1332 μὴν
2977 1263 3072 1314 καὶ
3103 1263 3252 1315 τοῦθ’
3288 1263 3422 1332 ἡμῖν
3452 1261 3706 1314 ἐπίκειται

2147 1353 2206 1405 τὸ
2245 1353 2435 1422 δεινὸν,
2489 1354 2886 1425 χαλεπωτέραν
2932 1355 3134 1424 κομιδῆ
3184 1355 3286 1426 τὴν
3326 1352 3568 1423 ἀθυμίαν
3601 1369 3708 1405 ποι-

2145 1440 2260 1495 οῦν.
2299 1442 2380 1494 Τά
2423 1459 2482 1496 τε
2536 1443 2646 1512 γάρ
2680 1443 2882 1514 ἀνιαρά
2910 1442 3006 1496 τοῦ
3039 1447 3314 1515 παρόντος
3355 1445 3469 1514 βίον
3500 1443 3628 1496 πολύ
3661 1461 3708 1496 τι

2147 1535 2513 1606 χαλεπώτερα
2547 1537 2820 1605 γίγνεται,
2875 1537 3335 1608 βεϐαπτισμένοις
3369 1539 3473 1591 ὑπὸ
3503 1537 3593 1591 τοῦ
3624 1555 3707 1608 με-

2145 1626 2333 1694 γίστου
2382 1615 2658 1698 minuto;—
2678 1629 2869 1684 τούτου
2898 1646 2910 1660 ⁸
2961 1631 3058 1682 καὶ
3113 1630 3148 1684 ἃ.
3193 1631 3340 1684 καλά
3373 1647 3434 1684 τε
3463 1632 3562 1684 ικαὶ
3588 1629 3705 1700 ἡδέα

2148 1724 2678 1792 προσαγορεύομεν,
2720 1719 2840 1776 οὐδὲ
2892 1723 3026 1792 γοῦν
3073 1724 3148 1788 ὡς
3194 1725 3310 1794 ἔχει
3376 1723 3589 1792 φύσεως
3636 1723 3705 1775 ἔτι

457 1822 677 1889 quidem
721 1818 864 1886 quod
927 1816 1129 1869 habent
1177 1821 1408 1878 natura,
1467 1813 1705 1881 amplius
1761 1811 2034 1865 videntur.

2148 1790 2424 1881 φαίνεται.
2469 1790 2664 1868 καίτοι
2716 1816 2769 1868 τί
2811 1790 2913 1868 καὶὴ
2965 1790 3262 1887 μέμνημαι
3320 1790 3502 1871 καλῶν
3543 1833 3599 1869 τε
3627 1811 3706 1867 καὶ

454 1914 821 1981 Quanquam,
861 1909 989 1978 quid
1025 1909 1296 1962 bonorum
1329 1906 1550 1959 memini
1581 1913 1743 1975 atque
1768 1905 2038 1970 dulcium,

455 2005 681 2075 quando
716 2005 784 2058 iis
817 2017 1065 2073 quoque,
1101 2017 1222 2069 qua:
1258 1999 1487 2054 delicias
1541 2000 1798 2064 habeant,
1833 2000 2042 2066 absque

2139 1906 2335 1977 ἡδέων,
2383 1907 2533 1959 ὁπότ’
2583 1907 2694 1960 οὐδ’
2733 1908 2960 1962 ἀνεκτόν
3022 1913 3138 1962 ἔστι
3188 1911 3300 1962 τῶν
3362 1909 3706 1964 ἀπολαυστῶν

2139 1999 2438 2052 ἀπολαύειν
2473 1999 2606 2053 ἄνευ
2641 2003 2857 2054 ἐκείνου
2899 2002 2993 2054 τοῦ
3051 2003 3390 2074 μακαρίτου,
3441 1999 3558 2056 οὐδὲ
3588 2019 3705 2054 ταυ-

456 2101 627 2152 beata:
681 2095 959 2150 memoria:
1003 2095 1120 2148 viro
1171 2091 1304 2156 frui,
1367 2091 1570 2146 malum
1604 2101 1689 2147 est
1721 2106 1827 2145 non
1863 2090 2034 2144 fcren-

2139 2092 2266 2161 τησὶ
2296 2092 2397 2162 τῆς
2424 2093 2668 2160 ἀκτῖνος,
2709 2088 2933 2166 ἧστινος
2962 2096 3172 2158 ἐκεῖνος
3203 2097 3536 2166 ἐστέρηται;
3582 2091 3705 2148 Ἀλλ’

452 2194 616 2256 dum;
680 2197 850 2256 utque
916 2187 998 2242 vel
1036 2185 1138 2240 bos
1190 2177 1375 2239 radios
1423 2185 1598 2250 dicas,
1653 2197 1891 2254 quorum
1950 2181 2034 2236 ille

2139 2185 2351 2238 οὐδὲτὸ
2388 2187 2672 2251 εὐεκτεῖν,
2712 2187 2811 2240 καὶ
2868 2189 2967 2242 ὅσα
3017 2187 3141 2241 καθ’
3188 2190 3335 2243 αὐτά
3387 2188 3548 2253 καλὰ,
3591 2185 3705 2256 περὶ

453 2299 620 2340 usura
680 2282 927 2352 privatus
982 2278 1074 2333 sit.
1107 2276 1214 2332 Sed
1249 2291 1352 2332 nec
1388 2277 1532 2330 bona
1585 2275 1858 2341 valetudo,
1893 2288 1957 2328 ac
1991 2272 2034 2328 si

2141 2279 2402 2331 πλείστου
2449 2279 2649 2345 γένοιτ’
2685 2280 2751 2335 ἂν
2782 2283 2912 2351 ἡμῖν
2945 2281 3046 2336 ἔτι.
3079 2282 3293 2349 Πόθεν;
3337 2278 3432 2344 Οἷς
3485 2269 3548 2350 γε
3593 2279 3705 2352 μηδ’

452 2394 558 2448 qua
587 2384 715 2431 sunt
739 2388 834 2444 per
859 2388 916 2428 se
947 2373 1114 2434 bona,
1136 2371 1318 2440 magni
1338 2369 1596 2439 deinceps
1626 2384 1654 2422 a
1682 2369 1839 2422 nobis
1862 2368 1991 2421 fiant
2019 2383 2034 2421 :

2142 2371 2278 2423 αὑ;ὸ
2307 2372 2366 2424 τὸ
2395 2371 2495 2442 ζῇν
2545 2372 2752 2440 ἀγαθὸν
2784 2375 2919 2437 ὅλως
2963 2377 3237 2442 φαίνεται.
3291 2374 3366 2426 Τὸ
3410 2373 3517 2445 γὰρ
3551 2389 3706 2440 κεχω-

447 2470 732 2542 quomodo
779 2463 1210 2545 enimuquibns
1245 2477 1314 2517 ne
1371 2463 1552 2530 ipsum
1602 2461 1823 2530 quidem
1855 2460 2034 2514 vivere

2145 2463 2330 2533 ρίοοαι
2379 2464 2445 2526 τὸ.
2480 2465 2736 2535 σώματα,
2786 2459 2863 2521 ὧν
2901 2466 2958 2520 αἱ
3007 2467 3177 2537 ψυχαὶ
3215 2465 3536 2536 ἀχώριστοι,
3574 2461 3707 2515 οὐδὲν

451 2577 681 2634 prorsus
738 2560 988 2616 videatur
1023 2555 1281 2612 bonum?
1332 2554 1487 2620 Quod
1521 2553 1667 2608 enim
1699 2567 1892 2607 eorum
1929 2553 2034 2608 sint

2143 2554 2206 2624 ἐᾷ
2231 2552 2340 2606 τῶν
2371 2555 2619 2623 τερπνῶν
2651 2555 2908 2628 καθαρῶς
2934 2559 2991 2610 ὲν
3025 2556 3102 2628 τῷ
3123 2556 3493 2628 καθεστηκότι
3519 2554 3704 2622 μένειν.

449 2662 705 2726 separata
734 2667 988 2721 corpora,
1022 2663 1256 2718 quorum
1285 2645 1636 2717 inseparabili
1668 2645 1887 2700 vinculo
1913 2645 2034 2699 aui-

2142 2645 2238 2699 καὶ
2270 2647 2419 2701 τοῦθ’
2452 2649 2479 2702 ὃ
2511 2649 2730 2720 λέγεται
2760 2650 2997 2721 τερπνὸν
3022 2650 3102 2704 ἔτι
3133 2650 3444 2721 κρίνεσθαι.

450 2753 524 2807 mi
554 2749 730 2820 juncti
775 2753 980 2812 essent,
1033 2743 1246 2798 nullum
1279 2740 1598 2797 delectabile
1638 2739 1865 2795 omnino
1899 2746 2154 2796 constare
2208 2739 2360 2809 sinit,
2391 2751 2558 2814 utque
2624 2743 2808 2799 adhuc
2864 2744 3011 2813 quod
3058 2745 3288 2812 dicitur,
3350 2744 3524 2813 reipsa
3574 2741 3699 2800 dele—

445 2841 650 2899 ctabile
680 2847 920 2911 putetur.

521 2937 602 2992 llli
635 2935 854 3005 quidem
880 2933 1048 2988 multa
1067 2931 1233 3003 pedes
1262 2931 1530 3002 gravitate
1559 2931 1725 2988 sociis
1764 2929 2025 3003 martyri—
2110 2983 2113 2987 .

450 3033 553 3088 bus
585 3029 786 3084 choros
817 3028 1041 3090 ducent,
1069 3025 1164 3092 qui
1196 3040 1376 3096 neque
1410 3025 1498 3080 hic
1529 3025 1780 3081 incedere
1811 3033 2030 3098 poterat

449 3127 541 3179 ubi
571 3123 799 3178 morbus
817 3121 1165 3178 obtinuisset.
1196 3118 1349 3174 Mitto
1365 3119 1512 3174 enim
1543 3118 1728 3175 dicere
1757 3119 1878 3191 ejus
1905 3120 2034 3176 illos
2064 3152 2108 3209 ρ

445 3233 546 3288 pro
579 3218 782 3271 virtute
813 3208 1030 3276 cursus,
1059 3211 1307 3283 quandiu
1339 3211 1568 3267 facultas
1613 3221 1731 3267 erat
1773 3230 1788 3267 :
1821 3212 2040 3284 eﬂulget

446 3325 577 3364 vero
630 3308 848 3362 animus
896 3306 1096 3360 nedum
1149 3313 1375 3376 propter
1407 3303 1531 3359 fidei
1566 3304 1741 3359 zelum
1783 3321 1797 3358 :
1834 3305 2034 3375 quippe

2157 3299 2492 3369 Ἀστράπτει
2525 3298 2584 3350 δὲ
2617 3301 2650 3368 ἡ
2689 3297 2838 3369 ψυχὴ
2896 3297 2959 3350 οὐ
2996 3299 3156 3368 μόνον
3186 3297 3285 3352 διὰ
3325 3297 3414 3351 τὸν
3448 3296 3581 3362 ὑπὲρ
3610 3291 3696 3360 τῆς

447 3405 499 3458 in
529 3418 595 3458 eo
637 3401 840 3456 multus
874 3399 1124 3469 vigebat;
1195 3406 1483 3468 propterve
1549 3397 1786 3467 pericula
1839 3396 2034 3466 quibus

2143 3393 2381 3454 πίστεως
2415 3391 2598 3461 ζῆλον,
2642 3391 2813 3455 πολὺς
2853 3392 2960 3462 γὰρ
2999 3388 3066 3463 ἦν
3095 3392 3240 3462 παρ’
3271 3391 3441 3462 αὐτῷ,
3470 3387 3560 3443 καὶ
3586 3386 3697 3445 τοὺς

443 3507 546 3558 pro
575 3498 736 3560 gente
787 3488 1082 3543 defunctus
1128 3487 1244 3542 sit:
1285 3487 1455 3541 multa
1501 3486 1768 3556 siquidem
1803 3487 1940 3542 obiit
1972 3502 2034 3542 ac

2142 3483 2285 3556 ὑπὲρ
2311 3483 2405 3536 τοῦ
2449 3483 2644 3552 γένους
2687 3483 2990 3550 κινδύνους,
3031 3476 3270 3548 πολλοὺς
3297 3485 3406 3557 γὰρ
3442 3481 3697 3547 ἀνεδέχετο

444 3586 638 3638 crebra
669 3600 683 3636 :
720 3581 812 3637 sed
847 3581 971 3650 quia
1003 3588 1115 3636 toto
1143 3580 1307 3635 etiam
1341 3595 1572 3648 corpore
1602 3595 1632 3634 a
1671 3581 1796 3634 mali
1821 3579 2034 3636 acerbi-

2139 3577 2235 3630 καὶ
2263 3576 2506 3640 πυκνούς
2527 3594 2541 3608 ·
2574 3575 2690 3631 ἀλλ’
2718 3569 2801 3630 ὅτι
2839 3577 2933 3630 καὶ
2962 3573 3054 3631 τοῦ
3087 3577 3348 3647 σώματος
3377 3575 3519 3646 αὺτῷ
3548 3585 3696 3626 κατα-

441 3687 555 3731 tate
582 3676 699 3730 dire
728 3675 993 3739 lacerato,
1019 3689 1086 3728 ne
1141 3675 1368 3728 verbum
1422 3674 1640 3741 quidem
1679 3680 1739 3726 ut
1776 3687 2034 3741 magnum

2139 3669 2472 3740 τεμνομένου
2496 3672 2560 3740 τῇ
2589 3667 2681 3723 τοῦ
2710 3669 2883 3724 κακοῦ
2909 3663 3225 3741 δριμύτητι,
3253 3670 3431 3736 οὐδὲν,
3457 3668 3517 3722 οὐ
3547 3664 3693 3736 μέγα,

441 3778 537 3822 aut
567 3782 793 3837 parvum
824 3765 998 3830 dicas,
1035 3764 1322 3834 degeneris
1351 3764 1564 3818 miserit
1611 3764 1814 3819 indicio
1839 3763 2030 3829 animi,

2139 3761 2196 3814 οὐ
2223 3763 2458 3831 σμικρὸν
2491 3762 2644 3833 ῥῆμα
2665 3763 2983 3833 προήγαγεν
3013 3762 3265 3830 ἀγεννὲς,
3292 3763 3325 3834 ἢ
3355 3755 3695 3833 μικροψυχίαν

440 3878 619 3932 quove
646 3869 932 3929 augustum
959 3867 1151 3928 pectus
1175 3856 1428 3928 proderet
1461 3867 1667 3928 :atque
1691 3860 1850 3924 adeo,
1884 3857 2032 3929 quod

2139 3859 2477 3928 ὑποφαῖνον⁶
2531 3859 2736 3929 μᾶλλον
2783 3859 2840 3911 δὲ
2898 3859 3010 3912 οὐδ’
3049 3860 3269 3925 ὁτιοῦν,
3328 3860 3356 3913 ὃ
3401 3857 3474 3930 μὴ
3515 3851 3694 3921 πολλῆς

441 3969 550 4006 tton
583 3951 810 4005 multam
843 3950 1067 4004 haberet
1099 3949 1401 4019 gratiarum
1461 3950 1758 4015 actionem,
1805 3951 1883 4005 uti
1912 3950 2028 4020 jam

2139 3953 2307 4023 ἔγεμε
2349 3941 2447 4022 τῆς
2479 3953 2864 4024 εὐχαριστίας,
2893 3952 2968 4016 ὡς
3019 3954 3046 4005 ό
3075 3952 3232 4020 λόγος
3270 3950 3552 4024 προλαὸὼν
3578 3946 3696 3998 ἔδει·

441 4045 696 4114 superius
727 4045 904 4098 oratio
935 4042 1196 4096 ostendit.
1232 4039 1600 4108 Quamobrem
1635 4043 1744 4105 ille,
1781 4057 1812 4116 ᾳ
1867 4044 2032 4112 palae-

2139 4045 2246 4111 ξεν.
2279 4045 2435 4098 Ὠστ’
2490 4047 2700 4109 ἐκεῖνος
2753 4045 2814 4110 ἐξ
2865 4042 3095 4114 ἀγώνων
3139 4045 3283 4114 πρὸς
3331 4044 3621 4113 στεφάνους
3645 4052 3695 4087 τε

427 4127 553 4192 Slt'n
589 4137 653 4190 ad
682 4151 914 4190 coronas
935 4150 998 4187 ac
1033 4134 1459 4215 praemia,atque
1493 4147 1523 4184 a
1569 4133 1936 4188 deterioribus
1975 4142 2030 4188 et

2139 4142 2227 4192 καὶ
2259 4139 2418 4209 γέρα,
2461 4138 2559 4191 καὶ
2593 4137 2700 4190 ὑπὸ
2727 4138 2836 4191 τῶν
2872 4133 3225 4208 φαυλοτέρων
3263 4155 3322 4191 τε
3351 4137 3444 4189 καὶ
3480 4133 3693 4206 ῥεόντων

437 4228 600 4281 fluxis
654 4227 719 4279 ad
749 4228 955 4294 potiora
1010 4239 1072 4277 ac
1106 4223 1224 4278 sine
1262 4232 1409 4276 motu
1470 4225 1775 4278 constantia
1806 4234 2030 4279 vocatus

2139 4232 2224 4285 ἐπὶ
2256 4235 2323 4284 τὰ
2362 4229 2600 4300 κρείττω
2627 4229 2722 4282 καὶ
2767 4230 2844 4300 μὴ
2875 4229 3176 4319 κινούμενα
3221 4229 3506 4300 κέκληται·
3544 4223 3687 4293 ἡμεῖς

443 4319 543 4370 t'uit
578 4335 590 4380 ;
627 4331 722 4370 nos
758 4328 941 4368 autem
975 4322 1112 4367 utet
1146 4321 1274 4368 ante
1309 4313 1586 4380 dicebam,
1617 4322 1730 4369 toto
1762 4315 2026 4386 deinceps

2139 4323 2183 4376 δὲ
2224 4323 2353 4393 ἀρα,
2386 4321 2461 4385 ὡς
2503 4321 2570 4390 δὴ
2612 4321 2707 4373 καὶ
2741 4313 3030 4392 προῠφηνξ
3071 4321 3161 4373 τόν
3221 4338 3286 4390 γε
3332 4321 3457 4387 ἑξῆς
3490 4319 3690 4370 ἅπαντα

446 4422 690 4478 tempore
719 4407 859 4460 male
895 4405 1139 4460 habituri
1175 4420 1410 4473 sumus;
1443 4408 1536 4477 qui
1568 4422 1634 4463 eo
1679 4408 1901 4478 quidem
1929 4425 2024 4463 ca-

2139 4415 2322 4486 ιιρόνον
2373 4411 2562 4472 κακῶς
2599 4411 3020 4481 διακεισόμεθα-
3055 4411 3415 4481 ἐστερημένοι
3463 4406 3557 4476 μὲν
3597 4400 3687 4454 αὑ·

441 4517 685 4565 reamus,
716 4516 876 4570 quem
912 4499 1065 4554 nullo
1091 4499 1200 4554 alio
1228 4514 1478 4556 essemus
1513 4502 1850 4571 redempturi
1877 4519 1892 4566 ;
1928 4518 2016 4556 ca-

2139 4506 2239 4576 ποῦ,
2272 4503 2331 4557 ὃν
2385 4502 2452 4557 ἂν
2504 4501 2597 4554 τοῦ
2669 4503 2872 4564 παντὸς
2918 4503 3308 4572 ἡλλαξόμεθα,
3353 4493 3688 4566 ἐστερημένοι

2211 2921 2378 3000 Αὖτῷ
2429 2927 2531 3000 μὲν
2585 2911 2682 2983 οῦν
2731 2926 2782 2981 oi
2837 2927 2995 2993 πόδες
3050 2925 3385 3001 χορεύσουσι
3435 2927 3568 3000 μετὰ
3609 2923 3702 2978 τῶν

2142 3021 2446 3093 μαρτύρων
2488 3023 2704 3092 σεμνῶς
2746 3021 2910 3090 ἄγαν,
2961 3021 3039 3092 τῷ
3079 3022 3215 3093 μηδὲ
3267 3022 3506 3093 βαδίζειν
3533 3018 3698 3074 ἐνθάδε

2138 3116 2428 3182 δύνασθαι,
2469 3116 2612 3186 μετά
2661 3114 2722 3168 τὸ
2773 3115 2870 3187 τὴν
2920 3115 3077 3168 νόσον
3132 3116 3562 3188 κεκρατηκέναι.
3607 3108 3697 3164 Ἐῶ

2149 3206 2263 3277 γὰρ
2288 3207 2471 3274 λέγειν
2504 3207 2630 3268 τοὺς
2656 3205 2797 3275 ὑπὲρ
2816 3205 3014 3276 ἀρετῆς
3041 3201 3312 3276 δρόμους,
3335 3206 3441 3270 ἕως
3469 3203 3590 3273 ὲξῆν
3619 3195 3694 3272 ἦν.

439 4609 657 4649 ruamus
681 4608 810 4648 vero
847 4592 916 4648 iis
941 4585 1164 4662 quoque
1200 4591 1385 4657 bonis,
1427 4606 1666 4661 quorum
1702 4592 1794 4646 ille
1828 4605 2022 4648 auctor

437 4696 609 4749 esset,
658 4700 763 4754 qua
803 4685 1057 4754 praebens
1088 4681 1154 4738 ad
1197 4681 1372 4738 instar
1406 4682 1600 4749 fontis,
1637 4685 1729 4753 qui
1765 4700 2020 4738 nonnun-

438 4795 600 4850 quam
631 4777 926 4837 consulens
952 4791 1046 4830 seu
1076 4776 1224 4831 omni
1255 4775 1420 4830 modo
1456 4776 1771 4845 providens.

514 4871 808 4925 Enimvero
838 4869 1016 4922 sentio
1043 4866 1186 4922 haud
1221 4882 1351 4922 sane
1373 4869 1716 4925 conclusisse
1745 4884 1759 4923 :
1791 4885 2018 4940 vosque,

427 4978 562 5018 cum
613 4976 855 5032 prwsens
887 4961 1203 5015 auditorum
1243 4975 1468 5026 corona,
1506 4972 1617 5015 tum
1660 4963 1704 5017 si
1745 4962 1839 5032 qui
1881 4963 2021 5019 forte

439 5069 669 5122 usquam
718 5053 933 5106 huncce
988 5053 1452 5106 commentarium
1495 5054 1687 5108 lecturi
1737 5055 1893 5119 estis,
1927 5072 2018 5109 ve-

431 5145 583 5198 niam
617 5145 785 5198 errati
819 5157 977 5213 rogo.
1014 5142 1146 5212 Ejus
1193 5143 1382 5199 forsan
1417 5146 1576 5200 dolor
1608 5147 1661 5202 in
1698 5161 1863 5202 causa
1896 5148 2018 5211 fuit,

434 5237 526 5304 qui
564 5237 900 5292 hebetiorem
933 5237 1183 5292 molestia
1209 5239 1454 5292 animum
1491 5239 1704 5296 fecerit.
1728 5240 2014 5306 Quodnam

432 5345 564 5384 vero
613 5329 743 5383 illud
785 5331 1079 5384 erratum?
1126 5331 1246 5386 Jam
1290 5347 1410 5386 sum
1443 5332 1709 5387 dicturus.
1750 5332 2016 5387 Nimirum

433 5424 810 5493 pronuntiavi,
839 5425 1012 5477 virum
1047 5426 1206 5481 nobis
1236 5427 1504 5496 optimum
1531 5442 1594 5481 ac
1621 5427 1823 5481 eximie
1846 5427 2018 5481 dilec-

431 5523 570 5582 tum,
595 5514 820 5569 omnino
845 5516 1248 5572 immortalibus
1275 5519 1433 5572 bonis
1454 5529 1705 5587 oportere
1730 5521 2014 5572 «leuatum.

431 5605 486 5659 ld
519 5607 682 5676 plane
717 5623 933 5666 verum.
986 5609 1078 5664 Sic
1109 5614 1254 5664 enim
1296 5611 1585 5680 probatum
1616 5612 1856 5664 arbitror
1896 5626 2015 5666 eam

425 5713 575 5767 spem
611 5700 830 5754 decere.
871 5701 982 5756 Nos
1031 5714 1239 5766 autem,
1286 5703 1463 5773 ipsius
1493 5703 1764 5772 jacturam
1800 5719 2026 5772 passos,-

421 5791 518 5860 qui
551 5793 922 5850 maximorum
956 5805 1121 5867 atque
1155 5797 1391 5868 plurium
1424 5797 1582 5852 nobis
1611 5797 1880 5851 bonorum
1921 5813 2019 5851 au-

2129 4597 2186 4649 δὲ
2223 4594 2319 4648 καὶ
2351 4593 2459 4646 τῶν
2495 4591 2736 4661 ἀγαθῶν,
2771 4585 2845 4646 ὧν
2877 4592 3053 4656 αἴτιος
3103 4588 3171 4662 ἦν
3221 4594 3446 4652 ἐκεῖνος,
3492 4587 3554 4637 τὰ
3601 4582 3686 4650 μὲν

2125 4687 2300 4748 διδοὺς
2346 4686 2421 4748 ὼς
2472 4683 2582 4739 ἀπό
2638 4685 2848 4755 πηγῆς,
2879 4683 2949 4738 τὰ
2981 4683 3038 4752 δέ
3088 4699 3190 4736 που
3246 4668 3681 4750 συμϐουλεύωνῆ

2126 4783 2529 4851 προνοούμενος
2567 4777 2788 4832 ἅπαντα
2817 4776 3045 4847 τρόπον.

2211 4871 2376 4925 Ἀλλὰ
2415 4871 2528 4940 γὰρ
2572 4869 2909 4939 αίσθάνομαι
2954 4869 3055 4938 οὐχ
3089 4869 3258 4938 ὑγιῶς
3306 4866 3680 4940 concrepat/1?

2127 4963 2224 5017 καὶ
2245 4961 2362 5016 δότε
2399 4979 2490 5032 μοι
2519 4961 2854 5031 συγγνώμην
2886 4961 3233 5030 ἡμαρτηκότι
3265 4962 3320 5017 οι
3343 4977 3402 5012 τε
3435 4957 3680 5025 παρόντες

2121 5056 2420 5127 ἀκροαταὶ,
2453 5058 2549 5110 καὶ
2585 5057 2634 5108 οἱ
2680 5055 2760 5125 τῷ
2793 5055 3195 5126 συγγράμματι
3227 5057 3401 5125 τούτῳ
3463 5045 3677 5109 όπουδῆ·

2127 5165 2260 5202 ποτε
2290 5149 2452 5218 τυχὸν
2496 5147 2900 5219 ἐντευξόμενοι.
2927 5147 3087 5209 Ἴσως
3117 5164 3207 5217 μοι
3243 5148 3306 5201 τὸ
3341 5147 3509 5205 πάθος
3535 5137 3677 5191 τοῦτο

2124 5242 2518 5311 προύξένησεν,
2554 5243 2936 5312 ἐργασάμενον
2961 5241 3206 5313 ἀμὸλύτε
3216 5258 3310 5312 ρον
3336 5240 3424 5292 τὸν
3457 5232 3592 5289 νοῦν.
3611 5221 3675 5278 Ἦ

2121 5335 2271 5388 δὲτὸ
2312 5335 2661 5406 ἀμάρτημα;
2720 5335 2859 5406 Ἤδη
2905 5336 3065 5402 λέξω.
3113 5333 3502 5405 Ἀπεφηνάμην
3544 5321 3670 5378 εῖναι

2119 5427 2234 5480 δεῖν
2265 5429 2357 5480 τὸν
2397 5427 2620 5500 ἄριστον
2656 5431 2805 5498 ’ἡμῖν
2855 5431 2950 5482 καὶ
2991 5429 3360 5499 διαφερόντως
3392 5412 3672 5491 πεφιλημέ’

2123 5531 2214 5571 νον
2263 5520 2321 5572 ὲν
2368 5520 2593 5588 ἀγαθοῖς
2624 5521 2949 5591 ἀκηράτοιςο
2977 5521 3124 5576 τοῦτ’
3146 5520 3366 5591 ἀληθές⁶
3399 5515 3535 5570 οὕτω
3566 5506 3666 5578 γάρ

2120 5611 2369 5674 ἐλπίζειν
2415 5616 2730 5683 προσήκειν.
2776 5610 2933 5684 οἶμαι
2992 5617 3290 5685 δεδεῖχθαι·
3344 5612 3483 5682 ὑμᾶς
3532 5602 3574 5657 δ’
3610 5600 3664 5652 δν

2120 5703 2320 5768 λύπαις
2365 5706 2457 5758 τὸν
2488 5707 2667 5760 πάντα
2717 5707 2933 5777 χρόνον,
2990 5710 3152 5762 αὐτόν
3184 5725 3246 5779 γε
3279 5709 3442 5778 δήπου
3476 5701 3666 5767 ζημίυν

2122 5795 2338 5862 θέντας,
2369 5798 2426 5862 ὃς
2455 5793 2522 5869 ἦν
2555 5801 2726 5863 αἴτιος
2759 5799 2910 5870 ὑμῖν,
2957 5802 3047 5855 καὶ
3082 5798 3150 5873 ἧν
3173 5803 3258 5868 ἂν,
3292 5801 3342 5852 εί
3365 5814 3423 5866 γε
3460 5784 3658 5860 περιῆν»
