3950 6438
457 362 564 424 383
1649 361 2055 423 MANUELIS
2091 361 2550 425 PALEOLOGI
3619 363 3712 428 3M

455 481 554 550 piti
582 496 596 534 :
625 479 711 534 cui
743 478 833 534 illa
861 477 1262 546 concorporalis
1288 495 1349 533 nc
1373 479 1602 535 cohazres
1625 481 1858 548 exstitit,
1878 482 2034 552 juxta

2164 481 2366 552 Σωτῆρι
2408 479 2634 552 Χριστῷ
2660 479 2806 551 ’τῆς
2842 481 3054 554 κεφαλῇ
3089 482 3189 554 τῆς
3233 482 3558 556 Ἐκκλησίας
3586 483 3717 539 ἀπά-

456 573 765 627 doctrinam
802 570 992 636 Pauli;
1032 571 1086 624 in
1119 588 1221 642 quo
1257 571 1446 640 utique
1481 571 1764 628 Salvatore
1811 588 1877 628 ac
1912 575 2040 639 Deo,

2164 590 2277 644 της,
2310 574 2435 645 ητις
2463 574 2658 644 ἐκείνῳ
2684 574 3022 644 σόσσωμος
3068 578 3169 631 καὶ
3210 580 3718 648 συγκληρονόμος,

455 661 634 732 lapide
655 678 862 716 summa
887 663 1139 730 angulari
1161 703 1176 727 ,
1209 665 1381 716 omnis
1405 663 1692 731 wdiﬁcutio
1709 674 2010 718 constructa
2027 680 2046 718 :

2164 664 2296 718 κατά
2323 663 2426 734 τὴν
2465 664 2683 718 Παύλου
2714 665 3095 735 διδασκαλίαν,
3132 664 3406 738 πρὸς-’ὅν
3439 686 3500 738 γε
3529 669 3591 740 δὴ
3623 671 3721 724 Σω-

459 769 586 808 nam
618 752 772 806 Pauli
804 753 999 806 iterum
1039 753 1317 822 usurpabo
1354 754 1521 808 verba
1557 771 1573 808 :
1607 754 1795 806 crescit
1827 754 1881 807 in
1913 764 2047 808 tem-

2164 758 2294 829 ιῆρα
2339 760 2439 813 καὶ⁴
2476 759 2612 814 Θεὸν
2667 760 2848 815 λίθον
2902 763 3346 834 ἀκρογωνιαῖον
3377 765 3521 818 ὄντα
3567 765 3724 820 πᾶσα

457 845 607 913 plum
628 855 893 900 sanctum.
919 831 1100 915 Atque
1121 853 1180 900 ut
1204 847 1318 900 haec
1337 846 1542 914 pariter
1557 845 1876 911 videantur,
1900 846 2048 902 haud

2164 849 2440 921 οικοδομὴ
2471 831 3096 924 συναρμολογουμένή
3119 872 3132 886 ·
3158 856 3254 908 καὶ
3292 855 3402 926 γὰρ
3422 857 3490 910 τὰ
3527 856 3722 911 Παύλου

458 939 618 1008 plane
652 953 834 1007 operae
865 938 1105 1007 pretium
1139 938 1234 1003 sit,
1267 951 1324 992 ut
1344 954 1468 993 cum
1497 953 1595 1008 pro
1627 939 1749 1010 ejus
1780 939 1847 995 ad
1876 939 2048 995 Deum

2164 944 2321 999 πᾶλιν
2353 943 2467 1012 ἐρῶ
2491 959 2504 972 ⁸
2541 944 2716 1010 αὔξει
2775 949 2865 1014 είς
2917 948 3073 1002 ναὸν
3102 947 3299 1016 ἅγιον.
3330 947 3442 1002 Καὶ
3490 949 3538 1002 εί
3582 949 3726 1002 ταυτὶ

459 1031 824 1102 proiectione,
864 1046 928 1086 ac
959 1031 1123 1086 bonis
1149 1047 1272 1102 qua:
1310 1041 1393 1087 est
1425 1046 1779 1102 consecutus,
1809 1034 2053 1104 gauden-

457 1125 588 1179 dum
621 1135 788 1191 esset,
829 1133 940 1177 tum
975 1125 1150 1178 nostri
1189 1139 1381 1190 causa,
1418 1139 1483 1179 ac
1520 1137 1745 1195 propter
1789 1133 2042 1181 nostram

2164 1133 2303 1197 εἰκὸς
2364 1132 2532 1187 ἕνεκα
2573 1134 2678 1204 τῆς
2729 1134 2865 1206 πρὸς
2914 1135 3051 1189 Θεὸν
3100 1137 3318 1190 ἐκείνου
3361 1137 3603 1208 πορείας,
3644 1137 3727 1192 καὶ

452 1226 752 1284 iacturam,
783 1217 978 1287 grandi
1018 1217 1245 1275 tristitia
1279 1217 1614 1288 impleamur
1649 1235 1713 1274 ac
1743 1221 2048 1285 mmstitia;

2164 1215 2228 1274 Iw
2253 1240 2311 1277 τε
2343 1224 2649 1294 τετύχηκεν
2687 1224 2939 1294 ἀγαθῶν,
2979 1227 3104 1280 τότε
3137 1226 3206 1280 δι’
3240 1228 3392 1297 ἡμᾶς
3421 1227 3616 1292 αὐτοὺς
3643 1229 3727 1282 καὶ

461 1325 529 1363 ne
569 1309 794 1378 quando
827 1309 927 1363 ista
960 1312 1168 1364 morosi
1201 1309 1338 1374 sint,
1374 1326 1439 1364 ac
1479 1311 1601 1382 ejus
1643 1313 1738 1382 qui
1769 1314 1873 1368 sibi
1903 1314 2046 1379 laata,

2164 1313 2259 1386 τὴν
2289 1317 2575 1388 ἡμετέραν
2615 1317 2827 1387 ζημίαν
2871 1317 3052 1388 λύπης
3107 1335 3168 1372 τε
3199 1320 3323 1373 καὶ
3371 1319 3605 1388 ἀθυμίας
3635 1335 3728 1390 μα⁸

438 1401 641 1456 dilecti
677 1402 984 1456 commodis
1016 1413 1339 1472 anteponat.
1369 1402 1444 1458 Ut
1476 1405 1604 1473 quis
1649 1406 1793 1459 enim
1835 1405 2049 1462 sincere

2164 1411 2304 1480 κρᾶς
2358 1409 2727 1480 πληροῦσθαιο
2767 1412 2982 1484 μήποτε
3033 1411 3210 1466 ταῦτα
3266 1411 3534 1475 αὐθάδους
3581 1407 3649 1484 ᾗ,
3677 1411 3730 1463 τὸ

457 1503 622 1561 amet,
668 1497 896 1550 multam
939 1496 1134 1551 lubens
1156 1495 1465 1551 molestiam
1495 1497 1700 1564 tulerit,
1728 1513 1839 1567 quo
1869 1497 2052 1554 charis

2164 1501 2354 1556 ἑαυτοῦ
2439 1503 2830 1574 προκρίνοντος
2884 1504 2984 1575 ἡδὺ
3039 1504 3154 1570 τοῦ,
3219 1504 3280 1557 ὃν
3323 1504 3489 1573 φιλεῖ,
3538 1502 3729 1572 συμφέ-

450 1589 514 1641 in
549 1588 721 1658 gloria
760 1589 969 1644 versari
996 1604 1058 1644 ac
1091 1590 1419 1646 remissione
1450 1605 1586 1660 pura
1617 1606 1647 1644 a
1676 1589 1903 1647 crimine
1921 1607 2053 1647 con-

2164 1612 2367 1665 ροντος.
2401 1596 2505 1649 Τδν
2554 1598 2664 1666 γὰρ
2720 1595 2937 1667 ἀληθῶς
2993 1596 3252 1666 φιλοῦντα
3282 1596 3419 1650 πολύ
3460 1612 3514 1650 τι
3555 1595 3730 1669 δάκνον

453 1697 678 1737 cessum
709 1684 800 1737 sit.
2155 1689 2405 1759 δέχεσθαι
2455 1689 2584 1760 χρὴ,
2639 1688 2781 1744 ὥστε
2832 1689 3036 1756 ἐξεῖναι
3090 1691 3218 1754 τοὺς
3271 1690 3585 1760 ἐρωμένους
3618 1687 3728 1760 δόξῃ

2162 1787 2256 1840 καὶ
2287 1785 2541 1858 ῥᾳστώνῃ
2587 1787 2826 1838 συνεῖναι
2872 1785 3090 1856 καθαρᾷ
3127 1784 3406 1856 διαϐολῆς.

534 1885 640 1940 Sed
668 1894 721 1940 ct
765 1895 993 1941 matrem
1070 1887 1400 1958 quandoque
1449 1903 1479 1943 a
1532 1887 1798 1944 viduitate
1866 1887 2052 1955 ﬁliam,

2235 1877 2394 1940 Ἴδοις
2421 1876 2466 1929 δ’
2495 1878 2560 1932 ἄν
2607 1895 2713 1931 που
2743 1879 2837 1932 καὶ
2867 1878 3084 1949 μητέρα
3130 1878 3273 1947 μετὰ
3303 1876 3534 1950 χηρείαν
3563 1878 3719 1949 κόρην

463 1995 628 2045 quam
685 1983 1028 2054 unigenitam
1085 1999 1149 2039 ac
1196 1984 1484 2054 pulchram
1557 1985 1774 2051 habeat,
1826 2001 1924 2057 pro
1945 1999 2052 2056 qua

2164 1972 2430 2041 μονογενῆ
2465 1973 2558 2025 καὶ
2594 1971 2790 2042 καλὴν,
2830 1967 2970 2042 ὑπὲρ
2998 1965 3064 2042 ἧς
3108 1972 3206 2024 καὶ
3235 1971 3338 2041 τὴν
3380 1970 3523 2043 ζωὴν
3553 1972 3614 2026 ἂν
3635 1970 3726 2024 ἐδί-

463 2078 629 2132 vitam
655 2093 873 2148 quoque
909 2079 1176 2133 traditura
1202 2086 1342 2145 erat,
1372 2079 1610 2136 alienam
1643 2080 1698 2134 in
1741 2080 2048 2150 regionem,

2164 2065 2270 2128 5ου,
2303 2064 2384 2128 είς
2417 2064 2729 2136 ἀλλοδαπήν
2758 2080 2882 2118 τινα
2917 2065 3272 2133 πέμπουσαν,
3323 2065 3479 2136 ἀνδρὶ
3508 2061 3727 2134 λαμπρῷ

461 2174 773 2229 clarissimo
816 2173 956 2238 viro,
1009 2173 1348 2244 jungeudam
1403 2174 1686 2229 destinare
1728 2174 1917 2228 videas
1949 2188 2054 2240 ;ac

2164 2156 2676 2228 συναφθησομένην,
2739 2158 2833 2210 καὶ
2879 2157 3114 2229 δάκρυον
3165 2157 3269 2224 μέν
3324 2157 3581 2226 ἀφιεῖσαν
3631 2155 3724 2207 τῶν

460 2267 736 2335 lacrymas
783 2264 1006 2334 quidem
1064 2279 1163 2334 pro
1233 2264 1402 2335 prolis
1467 2265 1837 2336 separatione,
1886 2280 2050 2334 quam

2164 2250 2456 2320 ὀφθαλμῶν
2481 2249 2558 2320 τῷ
2589 2249 2859 2320 χωρισμῷ
2896 2250 2998 2321 τῆς
3030 2249 3245 2316 παιδὸς,
3295 2249 3372 2311 ὡς
3405 2246 3507 2301 οὐκ
3533 2245 3590 2299 ὃν
3615 2244 3723 2297 οὔτε

461 2370 568 2410 non
596 2355 774 2419 liceat,
804 2371 905 2410 nec
927 2355 1200 2420 sitfacile,
1238 2354 1466 2425 forsque
1501 2355 1668 2410 etiam
1721 2369 1824 2409 nec
1867 2355 2054 2424 possi-

2164 2344 2366 2414 ῥᾴδιον,
2395 2342 2519 2396 οὔτε
2540 2343 2705 2412 τυχὸν
2731 2342 2960 2397 δυνατὸν
2991 2343 3210 2414 ἐκείνην
3242 2341 3399 2404 αὖθις
3428 2336 3720 2393 θεάσασθαι·

460 2450 570 2504 bile
603 2459 662 2503 ut
697 2437 896 2504 iterum
921 2448 1130 2515 videat,
1160 2448 1231 2504 ab
1255 2447 1436 2503 oculis
1487 2447 1708 2502 mittere
1751 2464 1766 2513 ;
1819 2446 2055 2516 ejusque

2164 2436 2259 2506 τὴν
2281 2438 2489 2505 ταύτης
2515 2427 2564 2488 δ⁴
2583 2434 2677 2488 οὖν
2703 2435 3058 2506 εὐδαιμονίαν
3089 2434 3450 2506 προτιθεῖσαν
3481 2432 3577 2499 τῆς
3607 2431 3726 2490 ἰδίας

459 2542 826 2598 nihilominus
855 2541 1082 2596 felicem
1115 2541 1398 2596 fortunam
1429 2554 1545 2596 sure
1573 2539 1748 2609 ipsius
1786 2539 2055 2610 voluptati

2164 2528 2540 2590 ἀπολαύσεως.
2581 2529 2808 2582 "nam;
2849 2528 3036 2599 μέντοι
3090 2528 3185 2581 καὶ
3215 2527 3504 2592 κλαίουσα,
3530 2525 3604 2588 ὡς
3624 2538 3726 2576 τευ·

459 2633 740 2705 prael'erre.
801 2631 1117 2687 Delectatur
1177 2647 1312 2689 sane
1367 2647 1686 2701 quanquam
1745 2632 1947 2702 lugeat,
1997 2641 2057 2687 ut

2164 2621 2393 2692 ξομένης
2442 2613 2668 2688 ἀγαθῶν
2730 2621 2832 2692 τῆς
2883 2621 3348 2691 φιλτάτης·,καὶ
3385 2619 3448 2672 τὸ
3496 2618 3594 2689 ἡδὺ
3641 2615 3724 2684 τὴν

461 2726 626 2794 cujus
659 2724 991 2779 charissima
1025 2724 1208 2793 proles
1245 2723 1319 2778 sit
1371 2725 1640 2794 adeptura
1699 2723 1865 2788 bona,
1897 2739 2057 2794 snpe-

2164 2713 2351 2784 ἀηδίαν
2410 2713 2783 2784 παρέρχεται·
2824 2713 2949 2766 οὐδέ
3004 2713 3112 2784 γὰρ
3167 2713 3236 2766 ἂν
3275 2711 3452 2775 ἄλλως
3505 2710 3718 2778 ἔπεμπε.

463 2825 667 2886 ratque
717 2816 1024 2869 molestiam
1075 2817 1366 2884 voluptas:
1421 2831 1600 2885 neque
1651 2816 1796 2871 enim
1848 2815 2056 2887 alioqui

2164 2806 2323 2858 Δοκεῖ
2353 2805 2461 2874 γάρ
2497 2822 2586 2874 μοι
2627 2805 2893 2874 ἡττᾶσθαι
2940 2804 3004 2858 τὸ
3037 2804 3246 2859 λυποῦν
3282 2804 3390 2860 ὐπὸ
3419 2804 3518 2874 τῆς
3547 2800 3718 2872 χαρᾶς,

457 2909 804 2964 destinatura
837 2917 976 2963 erat.
1013 2906 1283 2963 Existimo
1318 2908 1587 2978 siquidem
1621 2922 1651 2962 a
1676 2910 1880 2979 gaudio
1912 2911 2059 2966 vinci

461 3002 782 3066 tristitiam,
814 3010 874 3055 ut
913 3003 1200 3072 contingat
1245 3003 1606 3059 charissimos
1638 3003 1777 3057 bene
1831 3004 2055 3069 habere,

466 3098 540 3150 ab
566 3111 632 3150 eo
666 3094 814 3163 quod
839 3106 1092 3150 amantes
1135 3095 1428 3150 molestum
1469 3094 1752 3166 quidpiam
1789 3111 1855 3151 ac
1899 3096 2059 3150 triste

463 3187 670 3242 ferant.
710 3186 781 3242 Ut
814 3202 986 3257 porro
1016 3188 1159 3242 hanc
1183 3187 1508 3242 aluulemur
1541 3179 1796 3253 matrem,
1827 3189 2055 3243 multam

465 3281 772 3349 quamdam
827 3279 1267 3335 consolati-onem
1318 3294 1749 3349 consequemur,
1779 3282 1912 3351 quin
1946 3282 2057 3338 imo

467 3373 715 3427 imtitiam
746 3387 846 3441 pro
872 3372 1159 3442 abjectiori
1207 3373 1454 3428 tristitia.
1481 3372 1620 3429 Volo
1652 3383 1838 3430 autem
1874 3375 2058 3431 adhuc

465 3465 788 3521 rationibus
816 3467 923 3531 uti,
983 3476 1039 3521 ut
1061 3467 1255 3538 majori
1286 3467 1486 3524 solatio
1524 3469 1718 3524 melior
1744 3469 1905 3524 nobis
1941 3470 2060 3541 opi-

466 3557 569 3610 nio
598 3557 860 3612 obtineat.

541 3650 811 3719 Equidem
866 3660 925 3705 ut
962 3652 1257 3709 credamus
1304 3654 1531 3710 charum
1578 3663 1855 3722 nostrum,
1889 3657 2059 3712 malo-

463 3757 592 3796 rum
626 3741 738 3796 illic
771 3741 908 3799 dare
939 3757 1158 3814 pinnas,
1192 3760 1371 3816 neque
1400 3761 1502 3803 nos
1526 3748 1702 3803 dolori
1739 3747 2056 3817 depascenti

467 3836 607 3890 ullas
640 3835 834 3892 demus
869 3837 1122 3895 inducias
1156 3856 1170 3892 :
1205 3853 1270 3894 ac
1293 3839 1338 3894 si
1363 3839 1489 3910 quis
1512 3839 1724 3894 nitatur
1757 3841 2054 3907 consolari,

467 3943 537 3980 ne
576 3927 624 3982 ei
655 3943 819 3982 aures
847 3933 1352 3986 accommodemus.
1381 3929 1711 4002 Quanquam
1751 3941 1939 3986 orator
1961 3933 2055 3997 sit,

465 4035 780 4089 quanquam
814 4021 1204 4091 philosophus,
1243 4037 1563 4091 quanquam
1588 4038 1689 4093 pro
1729 4022 2058 4092 eloquentia:

463 4112 522 4168 -vi
565 4128 760 4182 magna
807 4113 982 4180 possit
1019 4127 1085 4168 ac
1135 4113 1423 4183 glorietur,
1472 4113 1725 4169 insanire
1770 4115 2060 4169 existime-

462 4219 619 4270 mus,
639 4214 699 4256 ut
729 4219 787 4258 se
803 4219 1200 4273 persuasurum
1225 4213 1429 4274 speret.
1460 4203 1788 4276 Quanquam
1814 4206 2056 4261 delirans

447 4295 659 4361 .instet,
692 4296 972 4364 lapidibus
1007 4296 1441 4352 submoveamus
1468 4307 1632 4367 atque
1671 4299 1915 4368 injuriis.
1959 4299 2054 4353 Sin

463 4394 657 4439 autem
675 4385 781 4440 .ille
809 4385 978 4439 Deum
1003 4385 1253 4453 timebat,
1285 4386 1562 4458 [idemque
1600 4388 1651 4442 in
1676 4388 1830 4442 illum
1877 4389 2057 4443 since-

2164 4381 2310 4435 δεῖτο
2354 4383 2456 4453 μὲν
2491 4384 2702 4448 ἐκεῖνος
2754 4383 2846 4438 τὸν
2889 4384 3044 4448 Θεὸν,
3091 4384 3189 4456 τὴν
3227 4386 3286 4438 δέ
3342 4385 3481 4455 πρὺς
3529 4380 3718 4434 ἐκεῖνον

457 4478 744 4532 -rissimam
766 4479 1046 4534 .servavit
1081 4495 1098 4545 ;
1128 4488 1386 4548 parentes
1429 4480 1642 4536 honore
1687 4483 2057 4552 prosequeba-

2164 4474 2344 4528 πίστιν
2403 4476 2886 4546 ἀκραιφνεστάτην
2932 4476 3320 4549 διατετήρηκε,
3368 4478 3461 4531 καὶ
3514 4469 3717 4527 διετέλει

456 4582 578 4634 1111⁸,
612 4586 674 4625 ac
701 4587 833 4627 suos
855 4572 1082 4640 quidem
1141 4573 1556 4639 demerebatur,
1606 4579 1739 4643 quin
1769 4582 1825 4628 et
1869 4587 2055 4630 extra-

2164 4567 2342 4636 τιμῶν
2369 4567 2583 4636 γονέας,
2609 4570 2707 4622 καὶ
2732 4569 2859 4630 τοὺς
2892 4569 2992 4638 μὲν
3024 4569 3189 4632 ἰδίους
3219 4570 3394 4624 ποιῶν
3423 4562 3502 4630 εὖ,
3536 4563 3717 4636 μᾶλλον

2155 1039 2434 1107 ξυνδοκεῖ,
2479 1039 2556 1110 μὴ
2608 1041 2732 1112 οὐχὶ
2772 1041 3105 1113 γιγνόμενον
3163 1037 3222 1118 ᾗ,
3284 1042 3375 1096 ὅτε
3425 1042 3634 1114 χαίρειν
3667 1037 3726 1112 ἦν

2162 2896 2229 2951 ἂν
2259 2897 2352 2969 ἐξῇ
2381 2897 2509 2961 τοὺς
2558 2897 2874 2969 ἐρωμένους
2906 2892 2968 2952 εὖ
3019 2895 3238 2965 παθεῖν,
3274 2899 3384 2952 ἀπὸ
3413 2895 3505 2950 τοῦ
3557 2894 3720 2966 φέρειν

2160 2989 2358 3042 δάκνον
2409 3003 2462 3041 τι
2498 2989 2594 3041 καὶ
2640 2988 2886 3060 λυπηρὸν
2928 2988 3057 3052 τοὺς
3117 2987 3391 3060 ἐρῶντας.
3446 2987 3652 3056 Ταύτην
3678 2983 3720 3036 τί

2163 3078 2676 3151 ζηλώσαιμενοτὴν
2711 3080 2947 3153 μητέρα,
2999 3080 3203 3151 πολλῆς
3251 3097 3401 3145 τινος
3443 3073 3719 3147 τευξόμεθα

2162 3173 2263 3244 τῆς
2309 3173 2669 3244 παραμυθίας
2693 3188 2706 3202 ⁸
2741 3173 2947 3244 μᾶλλον
2995 3171 3055 3227 δέ
3090 3175 3207 3243 ,τῆς
3244 3171 3585 3245 εὐφροσύνης
3623 3165 3724 3222 ἀντὶ

2086 3239 2129 3297 C
2163 3239 2508 3337 φαυλοτέρας
2535 3239 3038 3336 λύπηςίΒούλομᾰι
3076 3266 3121 3320 δ’
3144 3239 3228 3320 ἐτι
3268 3239 3570 3338 χρησασθαι
3599 3261 3726 3328 λογι·

2164 3360 2343 3429 σμοῖς,
2397 3359 2537 3414 ὥστε
2601 3358 2740 3428 μετὰ
2794 3358 3048 3429 μείζονος
3097 3361 3198 3431 τῆς
3260 3357 3610 3431 παραμυθίας
3641 3351 3725 3421 τὴν

2161 3453 2375 3522 ἀμείνω
2415 3451 2575 3518 δόξαν
2604 3454 2902 3523 κρατῆσαι.

2235 3641 2298 3694 El
2334 3639 2434 3710 μὲν
2465 3634 2560 3694 οὖν
2605 3638 2939 3710 πιστεύομεν
2973 3642 3065 3695 τὸν
3096 3643 3246 3713 ἡμῖν
3280 3642 3553 3715 ἐρώμενον
3588 3637 3724 3696 δίκας

2164 3733 2400 3786 ἐκτίνειν
2435 3734 2552 3786 ἐκεῖ
2595 3733 2807 3800 κακῶν,
2847 3734 2977 3804 μήθ’
3020 3736 3184 3806 ἡμεῖς
3213 3735 3517 3811 ᾀνακωχὴν
3544 3732 3617 3802 τῷ
3640 3745 3726 3784 κα-

2161 3826 2436 3880 τεσθίοντι
2466 3827 2650 3897 δῶμεν
2681 3827 2846 3881 πάθει
2872 3843 2889 3861 ο
2920 3828 3015 3882 καὶ
3046 3828 3103 3881 ετ
3128 3847 3212 3892 τις
3258 3831 3446 3902 ἔτερος
3470 3829 3609 3899 ἡμᾶς
3639 3838 3724 3876 πα·

2164 3918 2532 3988 ραμυθεῖσθαι
2552 3919 2814 3989 πειρῷτο,
2844 3919 2964 3990 μηδ’
2990 3921 3329 3992 ὑποσχῶμεν
3350 3920 3496 3991 αὐτῷ
3523 3919 3585 3974 τὰ
3605 3909 3716 3970 ὦτα.

2161 4011 2280 4064 Κᾶν
2309 4006 2547 4083 ῥήτωρῇ
2582 4011 2684 4065 κᾶν
2717 4012 3030 4081 φιλόσοφος,
3059 4013 3160 4068 κᾶν
3180 4016 3248 4086 τῇ
3277 4014 3377 4086 τῆς
3407 4009 3617 4073 πειθοῦς
3644 4009 3697 4059 δυ

2159 4103 2322 4174 νάμει
2343 4105 2556 4176 μεγάλα
2573 4105 2669 4159 καὶ
2692 4105 2916 4176 δύνηται
2943 4107 3040 4160 καὶ
3056 4110 3254 4179 φρονῇ,
3277 4105 3560 4179 μαίνεσθαι
3587 4101 3699 4166 δοξά

2162 4214 2346 4268 σωμεν
2376 4198 2562 4266 αὐτὸν,
2586 4198 2880 4264 ἐλπίζοντά
2898 4217 3028 4254 ποτε
3048 4200 3282 4258 πείσειν.
3304 4201 3425 4256 Κᾶν
3452 4195 3716 4264 ἐπικέηται

2159 4289 2366 4362 ληρῶν,
2395 4290 2564 4355 λίθοις
2590 4293 2682 4346 καὶ
2724 4291 2951 4363 ὕϐρεσιν
2989 4293 3433 4366 ἀποπέμψωμεν.
3462 4291 3522 4346 El
3545 4291 3588 4344 δ’
3609 4289 3710 4353 ἐφο-

451 4676 606 4716 -neos
634 4673 901 4732 quantum
941 4662 1170 4728 liceret;
1198 4677 1298 4718 nec
1329 4665 1452 4733 ejus
1500 4664 1728 4718 omnino
1775 4665 1886 4720 vita
1929 4665 2063 4722 sinit

469 4751 741 4819 dubitare,
775 4753 868 4807 sed
895 4768 1095 4809 sumus
1125 4755 1381 4822 persuasi
1442 4770 1547 4808 una
1579 4771 1703 4810 cum
1726 4759 2061 4829 martyribus

467 4854 720 4915 agentem
781 4847 1004 4912 choros,
1057 4844 1324 4915 paradisi,
1411 4849 1579 4917 potiri
1642 4849 1802 4905 bonis
1853 4866 1921 4906 ne
1958 4865 2060 4921 pro

457 4936 661 5008 inclyti
717 4936 818 4990 viri
875 4936 1027 4989 obitu
1059 4937 1376 4992 immodica
1429 4940 1654 4994 tristitia
1707 4942 2057 5011 impleamur,

473 5029 612 5082 sicut
643 5027 753 5080 illis
781 5028 872 5096 qui
887 5041 1031 5094 spem
1051 5042 1154 5080 non
1174 5026 1866 5098 habent,.inquitdivinum
1896 5041 2062 5102 caput

459 5116 678 5171 Paulus
715 5134 729 5170 :
761 5117 856 5171 sed
890 5117 970 5170 vel
1001 5118 1226 5173 omnino
1270 5117 1675 5176 absorbeantur
1751 5123 1992 5178 tristiora
2027 5139 2057 5178 a

466 5225 574 5278 spe
617 5209 855 5273 meliori,
919 5216 1016 5263 aut
1070 5220 1222 5266 certe
1268 5213 1560 5282 praevaleat
1627 5215 1738 5279 illa,
1762 5232 1874 5286 quo
1929 5225 2061 5272 sunt

465 5302 687 5371 potiora
721 5318 850 5371 quae
882 5314 1200 5372 sperantur,
1248 5322 1314 5362 ac
1367 5309 1535 5364 animi
1592 5311 2058 5380 contemplatione

466 5393 748 5459 sciuntur,
802 5410 966 5464 quam
1024 5399 1348 5465 .prasentia,
1399 5415 1463 5454 ac
1499 5415 1562 5455 ea
1611 5417 1736 5469 qua:
1768 5403 2054 5457 videntur.

465 5486 679 5551 Quidni
731 5497 916 5542 autem
953 5488 1080 5544 dico
1139 5491 1288 5560 quod
1344 5501 1432 5547 est
1482 5493 1724 5563 amplius
1776 5493 1798 5547 1
1858 5495 2056 5550 Certus

472 5581 679 5651 quippe
740 5593 884 5645 sum,
947 5589 1006 5635 ut
1039 5582 1163 5636 data
1223 5585 1470 5653 optione,
1536 5586 1618 5640 vel
1667 5596 1797 5655 post
1851 5588 2054 5642 multos

466 5673 743 5727 decursos
794 5688 994 5739 annos,
1047 5690 1388 5747 regnumque
1442 5675 1913 5743 administratum,
1991 5693 2055 5733 ac

466 5765 812 5832 uoluptatem
877 5777 1219 5836 perceptam,
1267 5769 1685 5837 plurimumque
1728 5768 2053 5824 felicitatem

463 5851 788 5908 caelestibus
828 5854 988 5911 bonis
1011 5856 1222 5927 perfrui
1268 5859 1481 5925 liceret,
1533 5866 1628 5913 aut
1685 5859 1874 5913 statim
1931 5874 2052 5915 mo-

2165 4661 2220 4714 δὲ
2277 4661 2512 4715 καθόσον
2566 4661 2737 4732 ἐχρῆν
2785 4663 3040 4724 καὶτοὺς
3086 4661 3431 4730 ἀλλοτρίους,
3461 4660 3550 4713 καὶ
3597 4652 3714 4712 ὅλως

2164 4751 2278 4804 οὐδ’
2312 4753 2639 4820 ἀμφιγνοεῖν
2669 4752 2698 4804 ὁ
2746 4751 2944 4806 τούτου
2971 4753 3157 4806 δίδωσι
3188 4753 3325 4823 βίος,
3362 4751 3502 4806 ἀλλὰ
3547 4741 3718 4800 πεπεί-

2166 4841 2342 4912 σμεθα
2375 4843 2540 4896 αὐτὸν
2590 4843 2698 4896 τῶν
2741 4845 2800 4898 ἐν
2839 4844 2918 4914 τῷ
2952 4846 3267 4916 παραδείσῳ
3318 4843 3495 4897 καλῶν
3537 4835 3718 4893 (mole-

2163 4933 2447 4998 λαυκέναι,
2490 4937 2859 5005 συγχορευτὸν
2892 4939 3023 4990 ὅντα
3073 4939 3188 4997 τοῖς
3222 4938 3480 5008 μάρτυσι,
3528 4927 3602 5000 μὴ
3631 4939 3716 4976 κα-

2162 5027 2395 5098 τηφείας
2455 5029 2704 5098 ἀμέτρου
2764 5028 3112 5100 πληρὼμεθα
3173 5029 3312 5100 ὑπὲρ
3371 5023 3574 5079 ἐκείνου
3633 5010 3712 5067 τοῦ

2164 5121 2328 5186 πάνυ,
2361 5117 2567 5188 ὥσπερ
2595 5123 2648 5174 oi
2681 5121 2766 5188 μὴ
2795 5121 3044 5190 ἔχοντες
3078 5121 3322 5181 ἐλπίδα.
3358 5115 3519 5186 φησὶν
3549 5111 3579 5177 ὴ
3609 5104 3712 5157 θεία

2145 5199 2377 5282 ’κεφαλὴ
2415 5212 2648 5275 Παῦλος’
2673 5213 2850 5283 ἀλλ’ἢ
2886 5214 3086 5276 τελέως
3120 5210 3484 5279 καταποθήτω
3515 5201 3580 5254 τὰ
3605 5197 3712 5248 δυσ·

2163 5306 2461 5376 χερέστερα
2491 5304 2596 5357 ὑπὸ
2627 5306 2734 5357 τῶν
2766 5305 3154 5375 χρηστοτέρων
3179 5303 3410 5358 ἐλπίδων
3435 5336 3450 5364 ,
3489 5295 3520 5365 ἢ
3548 5289 3712 5344 πλεον“

2161 5399 2392 5452 εκτείτω
2437 5397 2592 5466 γοῦν,
2631 5398 2742 5467 ὅσῳ
2789 5415 2854 5465 γε
2888 5400 3122 5468 κρείττω
3167 5398 3238 5451 τὰ
3298 5381 3614 5457 ἐλπιζόμενά
3656 5387 3708 5425 τε

2163 5494 2252 5544 καὶ
2288 5491 2644 5560 θεωρούμενα
2672 5490 2780 5543 τῶν
2809 5507 2874 5556 γε
2907 5490 3196 5562 παρόντων
3225 5491 3318 5542 καὶ
3363 5473 3702 5562 βλεπομένων-

2162 5583 2274 5637 Καὶ
2305 5583 2356 5635 τι
2389 5557 2464 5653 μὴ
2496 5557 2640 5650 λέγω
2668 5581 2728 5634 τὸ
2753 5581 2939 5652 μεῖξον
2956 5601 2970 5649 ;
2989 5557 3277 5652 ’Πείθομαι
3311 5578 3435 5648 γὰρ.
3467 5572 3535 5631 ὡς
3571 5557 3702 5653 αἱρέῗ

2163 5694 2298 5738 σεως
2336 5647 2468 5745 ὑμῖν
2517 5647 2902 5745 προτεθείσης,
3006 5676 3147 5745 μετὰ
3181 5647 3398 5746 μακρὰν
3429 5661 3583 5730 ζωὴνν
3607 5647 3702 5746 dm}

2162 5766 2458 5838 βασιλείαν,
2511 5767 2606 5818 καὶ
2649 5765 2885 5837 τρυφὴν,
2921 5766 3016 5820 καὶ
3049 5763 3394 5834 εὐδαιμονίαν
3447 5755 3523 5808 ὅτι
3568 5737 3698 5848 die."

2163 5834 2298 5930 στην
2339 5857 2465 5914 ’τῶν
2518 5834 2787 5929 οὐρανίων
2824 5858 3060 5929 ἀγαθῶν
3103 5856 3424 5918 ἀπολαῦσαι,
3473 5847 3504 5921 ἢ
3555 5834 3698 5895 εὐθὺς
