3950 6432
266 386 367 446 305

1023 390 1422 452 THEODORI
1469 391 1834 452 DESPOTAi
1866 392 2260 453 LAUDATIO
2302 393 2711 466 FUNEBRIS.

3421 386 3548 449 306*

267 498 685 569 ἀπαλλαγέντας
714 499 921 556 τούτων
943 505 1151 574 τυχεῖν,
1179 504 1288 577 πρὸ
1317 504 1412 559 τοῦ
1442 506 1592 572 τινὸς
1625 508 1736 563 τῶν
1767 509 1855 562 el-

1980 505 2153 561 ientes
2187 522 2250 560 ea
2304 507 2596 576 consequi,
2660 503 2823 559 nullis
2879 502 3148 558 hactenus
3177 498 3533 571 praefatorum

271 595 524 666 ρημένων
569 597 886 665 μετασχεῖν,
916 597 1013 667 τῆς
1042 597 1305 668 δευτέρας
1331 599 1551 664 πάντως
1581 601 1648 654 ἂν
1675 602 1841 672 γενήο

272 685 432 741 σεσθε
475 687 693 757 μοίρας,
739 689 904 742 κάκεῖ
938 689 1048 742 τῶν
1093 691 1222 761 τῇδε
1253 692 1680 763 προκρίναντες.
1715 691 1842 756 Πῶς

239 777 360 848 ,ηοῦν
386 778 449 830 οὐ
482 779 834 833 παντάπασιν
865 780 1088 848 ἄτοπον,
1122 785 1170 834 εί
1204 782 1348 854 ἅπερ
1397 783 1630 848 ἕκαστος
1662 784 1843 855 ἐαυτῷ

275 869 546 938 βούλεται,
594 868 771 923 ταῦτα
817 870 895 939 μὴ
943 871 1086 943 ὑπὲρ
1148 874 1260 926 τῶν
1306 863 1478 944 φίλων
1524 875 1840 945 θελήσειε-ις

285 964 684 1035 Ἐνθυμὼμεθα
727 964 784 1016 δὲ
815 959 1072 1019 κάκεῖνο·
1126 967 1176 1020 εί
1202 969 1268 1020 ἐκ
1315 968 1409 1022 τοῦ
1444 969 1653 1040 σφόδρα
1693 968 1845 1024 τόνδε

273 1055 540 1125 φιλεῖσθαι
573 1056 707 1128 παρ’
755 1057 936 1127 ἡμῶν,
987 1059 1318 1125 ἀπελθόντος
1372 1043 1702 1133 ὀδυρόμεθα,
1749 1063 1846 1116 και

273 1149 370 1216 τὴν
402 1147 546 1219 ζωὴν
573 1149 744 1219 χείρω
780 1149 1100 1220 νομίζομεν,
1140 1151 1172 1222 ἡ
1209 1153 1257 1206 εί
1302 1153 1557 1217 θανόντες
1601 1154 1849 1224 ἀπηλλά-

275 1238 470 1309 ξαμεν,
507 1239 794 1310 πρόδηλον,
817 1241 901 1294 ὅτι
931 1242 1186 1307 κάκεῖνος
1216 1243 1390 1312 φιλῶν
1425 1245 1591 1316 ἡμᾶς,
1624 1245 1850 1315 φίλτρον

276 1328 546 1400 μηδαμῶς
575 1331 800 1385 ἔλαττον
826 1333 1046 1386 τουτουῖ
1072 1333 1169 1386 τοῦ
1205 1336 1337 1406 παρ’
1360 1336 1517 1406 ἡμῶν
1547 1337 1685 1406 πρὸς
1711 1338 1854 1390 έκεῖ-

275 1441 388 1488 νον,
439 1422 538 1493 τὴν
581 1425 843 1494 ταχίστην
895 1424 964 1479 ἃν
1022 1426 1314 1497 ἡγάπησεν
1361 1429 1644 1496 ἀπελθεῖν,
1690 1431 1851 1502 ἡμῶν

277 1515 486 1568 ἐκείνου
520 1516 995 1585 προαπελθόντων.
1028 1519 1138 1573 Καὶ
1175 1521 1325 1590 μάλα
1356 1522 1606 1585 εἰκότως.
1641 1522 1704 1575 Εἰ
1741 1523 1852 1593 γὰρ

277 1603 344 1676 ἧν
369 1607 505 1677 ἡμῖν
535 1607 716 1678 εὑρεῖν
753 1610 1108 1682 παραμυθίαν
1137 1614 1239 1683 τῆς
1268 1613 1471 1683 λύπης,
1518 1615 1758 1686 κάκείνῳ
1787 1615 1854 1670 ἂν

279 1700 523 1768 γένοιτοο
546 1701 598 1754 εί
626 1701 727 1774 οὐχ
773 1698 885 1757 οἶόν
932 1721 992 1760 τε
1021 1705 1179 1776 ἡμῖν,
1230 1705 1343 1760 οὐδ’
1374 1708 1572 1779 ἐκείνῳ
1635 1709 1855 1774 πάντως

280 1793 347 1847 ἂν
385 1788 480 1865 ἦν.

350 1931 428 1984 Τὸ
459 1931 557 1996 μὲν
602 1933 696 1988 οὖν
732 1935 1002 2006 ἑπόμενον
1043 1939 1157 2004 τοῖς
1201 1941 1520 2012 εἰρημένοις
1567 1942 1746 2005 ἐστὶν,
1773 1942 1852 2006 ὡς

275 2026 390 2104 ’ἄρα
413 2028 660 2096 κρεῖττον
683 2029 944 2085 ἀπελθεῖν
969 2032 1076 2102 πρὸ
1090 2033 1203 2087 τῶν
1225 2034 1644 2105 φιλουμένων,ἣ
1673 2035 1856 2098 ζῶντα

291 2120 489 2173 τούτων
512 2120 822 2190 στερεῖσθαι
846 2124 913 2190 τῇ
954 2123 1288 2192 μεταστάσει
1322 2123 1432 2177 τῶν
1454 2124 1606 2195 τῇδε.
1642 2124 1785 2193 Ἐγὼ
1809 2123 1858 2178 δ’

301 2207 386 2266 οὖν
406 2213 554 2283 ὅμως
578 2215 856 2284 χρήσομαι
887 2217 1244 2288 μετριωτέρῳ
1270 2217 1350 2288 τῷ
1374 2216 1540 2287 λόγῳ.
1569 2218 1647 2287 Φη
1660 2216 1719 2286 μὶ
1742 2211 1860 2281 οὖν,

312 2307 378 2371 ὥς
403 2309 448 2360 si
472 2325 558 2372 τις
601 2309 739 2380 ἡμῖν
784 2309 1024 2378 κάκείνῳ
1061 2307 1377 2379 προῦθηκεν
1430 2309 1664 2381 αἵρεσιν,
1713 2299 1864 2379 ἡμᾶς

308 2401 500 2455 ἐκείνου
548 2401 1003 2473 προαπελθεῖν,ἡ
1047 2403 1379 2470 τούναντίον,
1422 2403 1583 2474 ἡμῶν
1629 2404 1861 2468 ἐκεῖνον,

297 2492 546 2546 ὑπόθεσιν
569 2494 868 2567 παρέσχετ³
897 2494 964 2548 ἂν
995 2494 1356 2567 ἀμφοτέροις,
1385 2496 1449 2550 οὐ
1486 2495 1680 2567 ῥᾳδίαν
1709 2495 1867 2567 έχου-

293 2601 392 2639 σαν
420 2586 622 2654 κρίσιν.
674 2586 800 2640 Είτε
859 2587 969 2656 γὰρ
1005 2587 1172 2642 καλὸν
1215 2593 1278 2642 τὸ
1319 2591 1444 2660 ζῇν,
1488 2589 1623 2643 ἀλλά
1671 2589 1732 2642 τὸ
1766 2588 1866 2643 σὺν

291 2680 438 2752 λύπῃ
466 2681 702 2752 διηνεκεῖ
736 2683 1091 2738 παντάπασιν
1147 2684 1460 2755 ἀφόρητονσ
1502 2684 1615 2738 εἴτε
1674 2685 1866 2738 ἐπιθυ-

296 2774 473 2846 μητὸν
498 2775 848 2846 ἀπηλλάχθαί
868 2774 984 2830 τῶν
1011 2775 1356 2841 λυπούντων,
1389 2776 1528 2831 ἀλλὰ
1557 2776 1620 2830 τὸ
1648 2776 1740 2831 διὰ
1772 2775 1869 2830 θα-

291 2868 480 2933 νάτου,
511 2868 637 2936 δνγε
665 2867 939 2940 πέφρικεν
969 2868 1116 2931 ἄπας
1157 2868 1471 2941 ἄνθρωπος,
1503 2866 1566 2924 οὗ
1603 2887 1692 2940 μοι
1719 2869 1871 2925 δοκεῖ

297 2960 482 3032 ῥᾴδιον
535 2957 674 3015 εἶναι
721 2960 970 3030 θελῆσαι.
1022 2961 1113 3025 Ὣς
1155 2957 1252 3017 οὖν
1301 2961 1471 3033 μηδὲν
1519 2960 1774 3033 εὔκριτον
1809 2960 1870 3016 ὃν

295 3053 432 3124 ἡμῖν
453 3053 582 3122 περὶ
608 3053 818 3108 τούτων
836 3054 1018 3124 εὑρεῖν
1047 3051 1274 3125 ζητοῦσι
1300 3054 1360 3108 τὸ
1385 3054 1618 3134 βέλτιον,
1656 3053 1872 3123 στέργω

301 3144 402 3216 μὲν
438 3143 500 3198 τὺ
534 3145 600 3215 τῇ
636 3143 868 3216 προνοίᾳ
911 3144 1094 3211 δόξαν,
1126 3135 1352 3212 ἄμεινον
1383 3143 1744 3214 οἰκονομούσῃ
1800 3144 1872 3198 τά

295 3239 422 3293 καθ’
452 3239 622 3308 ἡμᾶς,
657 3241 690 3308 ἡ
730 3239 894 3307 ἡμεῖς
931 3237 1261 3308 βουλόμεθα.
1299 3235 1434 3301 Θεὸς
1465 3238 1567 3306 μὲν
1608 3236 1716 3307 γὰρ
1749 3236 1872 3289 ἐπί-

297 3346 513 3396 σταται,
547 3332 635 3384 καὶ
663 3330 909 3398 δύναται,
944 3330 1040 3384 καὶ
1075 3329 1351 3400 βούλεταί,
1383 3330 1445 3383 τὸ
1476 3331 1612 3384 πᾶσι
1651 3328 1873 3383 λυσιτε-

297 3424 464 3494 λῆσον
483 3441 498 3457 ο
531 3425 694 3496 ἡμεῖς
721 3425 780 3478 δὲ
814 3425 924 3478 τῶν
954 3425 1216 3497 χειρόνων
1242 3423 1559 3494 ὀρεγόμεθα
1582 3423 1870 3490 πολλάκις,

297 3516 368 3570 τά
411 3514 606 3585 βελτίω
646 3515 1018 3581 διαπτύοντες,
1067 3514 1244 3586 παρδν
1289 3513 1457 3586 ἔχειν,
1491 3517 1588 3570 καὶ
1628 3503 1701 3568 τά
1750 3513 1876 3570 καθ’

298 3607 462 3678 ἡμῶν
495 3605 678 3661 αὐτῶν
709 3607 833 3661 ἀντὶ
881 3607 991 3661 τῶν
1043 3607 1188 3678 ὑπὲρ
1228 3608 1387 3677 ἡμῶν
1419 3605 1742 3674 ἀγνοοῦντες
1791 3608 1879 3677 ἐρ-

297 3698 607 3769 γαζόμεθα.
641 3698 798 3754 Ὠστ’
829 3693 985 3771 οἶμαι
1013 3701 1108 3754 καὶ
1150 3700 1212 3752 τὸ
1241 3700 1466 3770 ἄμεινον
1501 3698 1760 3769 οὐδαμῶς
1793 3701 1878 3755 ἑνι-

298 3793 482 3850 ταῦθα
510 3793 790 3850 λέλεκται.

372 4013 467 4084 Μὴ
494 4012 558 4085 δὴ
589 4013 858 4084 πρότερον
882 4012 979 4066 τοῦ
1005 4012 1112 4068 νεὼ
1140 4013 1517 4086 προέλθωμεν,
1549 4013 1680 4085 πρὶν
1708 4012 1741 4084 ἡ
1768 4005 1882 4077 τοῖς

300 4104 589 4172 λογισμοῖς
607 4101 901 4174 ἐπιτρέψαι
926 4104 1133 4173 τοσῷδε
1158 4105 1321 4175 μόνον
1347 4105 1593 4174 χρῆσθαι
1619 4107 1686 4174 τῇ
1708 4100 1880 4174 λύπῃ,

301 4203 412 4269 ὅσῳ
438 4199 576 4270 μηδὲ
605 4198 696 4252 τὸν
717 4197 852 4251 Θεὸν
880 4195 1189 4267 παροξῦναι
1219 4197 1296 4268 τῷ
1320 4197 1418 4268 τῆς
1440 4195 1678 4268 ἀθυμίας
1714 4196 1886 4266 ὑπερ-

301 4294 582 4355 ϐάλλοντι,
647 4293 782 4362 μήτε
841 4291 935 4345 τὸν
994 4291 1276 4361 ἐρώμενον
1336 4289 1582 4345 ἀνιᾶσαι.
1639 4283 1721 4342 Ἦ
1776 4288 1884 4358 γὰρ

300 4386 613 4446 ἀνιάσεται,
649 4386 699 4437 εί
729 4385 790 4438 τὸ
819 4382 962 4437 θεῖον
995 4382 1464 4454 παροργίσαιμεν,
1498 4379 1790 4436 καὶταῦτα
1815 4380 1884 4435 δι’

1947 601 2250 668 perceptis,
2289 611 2633 668 postremum
2661 598 2764 652 hoc
2797 596 3023 650 omnino
3052 593 3354 655 electuros,
3383 599 3551 678 postj

1945 693 2218 748 habentes
2247 707 2369 762 qua:
2397 699 2533 747 sunt
2565 691 2664 746 αενί
2722 689 3031 760 ρτωεεηιίε,
3068 689 3137 743 iis
3177 702 3298 754 quae
3340 685 3532 741 fttturi.

1944 779 2137 836 Nonne
2167 797 2295 852 ergo
2341 796 2574 851 prorsus
2610 779 2937 841 absurdum.
2977 787 3036 834 ut
3069 793 3190 848 qua:
3241 777 3345 832 sibi
3383 777 3538 844 quis-

1946 889 2053 945 que
2085 874 2235 939 velit,
2266 889 2327 928 ea
2361 874 2498 928 nolit
2521 887 2621 945 pro
2666 872 2861 927 amicis
2893 871 3042 926 ?Sed
3074 881 3128 926 et
3156 871 3286 924 illttd
3332 885 3536 940 pense-

1948 982 2092 1032 mus,
2132 949 2405 1036 sitfuidem
2473 981 2541 1022 eo
2580 966 2728 1036 quod
2787 965 3039 1035 impense
3098 979 3366 1026 amemus,
3440 977 3539 1032 pro

1948 1059 2493 1129 defunctolugemus,
2536 1058 2816 1128 vitamque
2859 1059 3187 1113 deteriorem
3256 1067 3536 1127 putamus.

1950 1167 2114 1222 quam
2162 1150 2210 1208 si
2265 1151 2469 1206 mortui
2518 1166 2767 1207 essemus
2824 1168 2847 1218 ς
2900 1149 3305 1221 liquct'palam
3362 1157 3421 1203 ut
3482 1160 3536 1203 et

1952 1245 2040 1300 ille
2062 1259 2161 1298 nos
2182 1260 2398 1307 amans,
2419 1245 2584 1314 idque
2617 1260 2680 1300 ea
2729 1245 2936 1301 amoris
2963 1246 3175 1316 vi,quae
3194 1245 3330 1299 nihil
3357 1255 3544 1299 nostro

1951 1340 2264 1395 mortalium
2290 1343 2468 1404 cedat,
2486 1355 2650 1410 quam
2679 1341 2949 1397 citissime
2980 1343 3118 1396 mori
3149 1341 3437 1405 voluisset,
3478 1351 3538 1394 ut

1953 1432 2046 1488 illo
2067 1447 2169 1488 nos
2193 1433 2407 1503 priores
2441 1434 2894 1490 decessissemus.
2932 1435 3105 1506 Atque
3133 1435 3184 1490 id
3215 1435 3432 1490 merito.
3459 1434 3547 1488 Si-

1955 1529 2173 1598 quidem
2207 1529 2350 1584 enim
2387 1530 2638 1585 levamen
2687 1529 2921 1585 tristitiae
2977 1529 3222 1584 invenire
3257 1544 3548 1599 possumus

1953 1629 2141 1691 posset
2161 1631 2215 1678 et
2237 1622 2326 1679 ille
2358 1640 2374 1690 ;
2411 1623 2496 1677 sin
2526 1638 2636 1678 non
2697 1638 3028 1694 possumus,
3054 1639 3160 1679 nec
3188 1622 3276 1678 ille
3324 1622 3549 1677 omnino

1955 1723 2163 1784 posset.

2031 1942 2087 1998 Id
2113 1959 2243 2013 ergo
2274 1959 2337 1999 ex
2370 1944 2536 1998 dictis
2568 1959 2920 2015 consequens
2948 1944 3006 2000 fit
3039 1954 3303 2016 praestare
3336 1954 3394 2001 ut
3426 1955 3554 2000 ante

1961 2035 2161 2091 charos
2186 2035 2446 2113 decedas,
2468 2044 2632 2105 quam
2667 2045 2729 2092 ut
2755 2038 2946 2094 vivens
2980 2039 3048 2096 iis
3071 2041 3308 2110 priveris
3355 2055 3549 2095 eorum

1964 2130 2357 2201 migrationea
2413 2129 2543 2184 vita.
2604 2128 2717 2201 Ego
2773 2131 3136 2188 nihilominus
3191 2133 3551 2187 moderatiori

1953 2235 2223 2280 .sermone
2275 2229 2446 2274 utar:
2497 2219 2624 2275 dico
2681 2224 2835 2293 ergo,
2891 2231 2950 2278 ut
2999 2223 3121 2294 quis
3173 2225 3334 2279 nobis
3366 2225 3555 2294 illique

1966 2312 2278 2383 eligendum
2321 2321 2676 2383 proponeret,
2707 2323 2767 2368 ut
2808 2325 2903 2371 aut
2933 2315 3034 2387 ipsi
3088 2317 3301 2397 priores
3335 2317 3427 2371 illo
3463 2317 3558 2372 de-

1968 2411 2314 2478 cederemus,
2338 2400 2444 2465 'aut
2465 2425 2496 2465 e
2524 2409 2838 2474 contra,ille
2864 2411 3029 2467 nobis
3055 2413 3207 2481 prior
3260 2425 3554 2482 argumen-

1971 2511 2085 2558 tum
2120 2503 2376 2572 utrisque
2404 2502 2673 2573 praeberet
2704 2503 2848 2559 haud
2875 2503 3089 2574 judicio
3142 2504 3323 2560 facile.
3366 2503 3556 2570 Quan-

1968 2610 2132 2665 quam
2156 2595 2305 2650 enim
2335 2595 2542 2650 bouum
2572 2604 2660 2650 est
2701 2596 2909 2662 vivere,
2960 2596 3078 2668 jugi
3129 2605 3315 2652 tamen
3372 2597 3558 2651 vivere

1970 2688 2218 2752 tristitia,
2249 2687 2476 2742 omnino
2507 2687 2874 2743 intolerabile.
2897 2687 3226 2759 Quanquam
3253 2703 3384 2744 vero
3401 2698 3560 2758 opta-

1970 2780 2080 2838 bile
2129 2795 2158 2835 a
2186 2780 2437 2836 tristibus
2465 2779 2712 2848 liberari,
2736 2787 2993 2837 uttamen
3012 2797 3109 2854 per
3129 2790 3379 2848 mortem,
3395 2797 3558 2850 quam

1971 2887 2164 2930 omnes
2197 2874 2448 2934 horrent.
2479 2871 2628 2927 haud
2662 2873 2809 2930 ullus
2840 2880 2976 2944 puto
3010 2873 3175 2930 facile
3211 2875 3265 2928 in
3308 2875 3557 2928 animum

1974 2965 2223 3031 inducat,
2284 2973 2346 3020 ut
2377 2965 2527 3024 velit.
2559 2964 2852 3036 Tanquam
2909 2982 3042 3036 ergo
3094 2967 3298 3037 quibus
3345 2965 3560 3036 p0tio‘ra

1973 3054 2406 3127 inquirentibus,
2428 3059 2571 3114 haud
2591 3057 2752 3114 facile
2781 3058 2906 3112 site
2931 3071 2991 3112 re
3019 3056 3290 3127 judicare,
3324 3056 3564 3112 libentes

1901 3176 1944 3236 ς
1976 3148 2378 3217 amplectamur
2401 3150 2554 3220 quod
2577 3150 2752 3206 visum
2790 3158 2877 3205 est
2916 3149 3296 3220 providentiae,
3341 3159 3560 3204 nostras

1973 3255 2063 3297 res
2096 3241 2290 3298 melius
2320 3241 2664 3312 dispensanti
2688 3257 2853 3313 quam
2883 3242 2966 3296 vel
3020 3243 3125 3311 ipsi
3168 3241 3421 3297 velimus.
3457 3241 3560 3296 Sa-

1975 3349 2045 3390 ne
2066 3334 2210 3390 euim
2246 3333 2390 3390 Deus
2422 3335 2605 3390 omnia
2643 3335 2767 3398 scit,
2817 3342 3108 3406 potestque
3156 3350 3221 3390 ac
3253 3334 3370 3390 vult
3415 3335 3563 3403 q'uod

1977 3423 2250 3480 universis
2288 3425 2560 3482 conducat
2587 3440 2725 3482 :nos
2754 3435 2938 3481 autem
2970 3440 3080 3481 nou
3113 3440 3239 3480 raro
3292 3425 3564 3481 deteriora

1977 3517 2308 3587 appetimus,
2347 3518 2548 3587 spretis
2575 3519 2735 3574 bonis
2770 3533 2895 3574 cum
2928 3518 3145 3572 illorum
3178 3517 3334 3587 copia
3362 3533 3565 3587 suppe-

1978 3612 2043 3666 tit
2079 3630 2096 3674 ;
2125 3625 2334 3680 proque
2368 3627 2436 3667 eo
2463 3620 2521 3666 ut
2544 3612 2708 3668 nobis
2740 3612 2883 3667 bona
2915 3627 3234 3681 operemur,
3281 3627 3377 3681 per
3409 3611 3567 3680 igno-

1979 3701 2216 3756 rantiam
2259 3716 2377 3770 quae
2413 3703 2570 3757 nobis
2606 3711 2737 3758 sunt
2767 3701 2907 3756 mala
2928 3702 3164 3770 agimus.
3195 3699 3564 3766 Quamobrem

1981 3791 2238 3848 existimo
2279 3807 2627 3863 nequaquam
2652 3794 2741 3849 hic
2767 3792 2936 3848 fuisse
2961 3793 3165 3848 dictum
3192 3791 3337 3861 quod
3370 3791 3581 3847 melius.

1981 3892 2086 3940 est.

2053 4021 2132 4078 Ne
2157 4023 2313 4092 prius
2344 4037 2476 4094 ergo
2511 4022 2714 4093 templo
2746 4037 3028 4092 exeamus,
3055 4027 3218 4093 quam
3246 4024 3397 4079 utita
3422 4023 3572 4078 dun-

1986 4124 2138 4171 taxat
2155 4114 2434 4171 tristitiam
2453 4113 2654 4170 animis
2679 4115 3079 4185 permittamus,
3103 4125 3162 4170 ut
3195 4117 3313 4186 ejus
3338 4131 3568 4174 excessu

1986 4209 2214 4265 minime
2248 4207 2416 4264 Deum
2459 4208 2765 4273 irritemus,
2801 4216 2963 4262 autve
2992 4207 3254 4262 dilectum
3315 4207 3570 4262 oﬂ‘enda-

1987 4315 2129 4354 mus.
2169 4299 2314 4354 Sane
2361 4299 2508 4353 enim
2571 4295 2818 4352 futurum
2863 4306 3036 4353 estut
3088 4297 3178 4353 ille
3233 4297 3566 4376 oﬂ‘endatur,

1989 4391 2260 4462 siquidem
2289 4389 2694 4445 irrita-verimus
2723 4388 2894 4444 Deum
2924 4407 2938 4456 ;
2969 4388 3131 4460 idque
3157 4389 3278 4460 ejus
3321 4392 3573 4460 cumpri-

300 4479 472 4532 αὑτὸν
507 4479 604 4531 καὶ
632 4477 734 4547 τὴν
781 4477 991 4530 ἐνθένδε
1021 4475 1178 4530 τοῦδε
1227 4475 1480 4544 πορείαν.
1526 4473 1802 4543 Δείξωμεν
1827 4473 1870 4527 δι

1990 4485 2097 4541 mis
2126 4500 2314 4550 causa,
2345 4498 2408 4538 ac
2426 4491 2646 4554 propter
2676 4482 3057 4553 migrationem
3091 4482 3263 4550 ipsius
3287 4483 3355 4536 ab
3382 4484 3575 4538 huma-

301 4570 402 4624 καὶ
433 4571 560 4630 τοὺς
591 4567 852 4638 ἐραστὰς,
882 4567 962 4637 τῷ
991 4567 1307 4624 ἀναλίσκειν
1333 4568 1473 4640 ὑπὲρ
1501 4571 1596 4639 τῆς
1624 4566 1716 4621 τοῦ
1749 4569 1887 4638 ἐρω-

305 4663 377 4733 μέ
393 4680 477 4717 1ου
499 4661 706 4731 ψυχῆς,
731 4660 881 4724 ὅπως
909 4659 976 4714 ἂν
1004 4660 1235 4723 ἕκαστος
1283 4659 1524 4722 δύναιτο,
1561 4664 1658 4712 καὶ
1706 4660 1886 4730 κρίνοι

304 4754 542 4826 πρέπειν
588 4752 758 4823 αὐτῷ.
797 4751 970 4805 Τοῦτο
1019 4753 1127 4823 γὰρ
1177 4752 1372 4823 ἐκείνῳ
1431 4753 1589 4823 μόνον
1643 4769 1886 4806 συνεισε-

309 4847 530 4915 νεγκεῖν
563 4846 767 4909 πάντες
796 4845 1016 4915 ἔχομεν,
1049 4845 1145 4899 καὶ
1173 4844 1336 4899 τοῦτο
1365 4845 1434 4899 αὖ
1463 4845 1728 4910 ἐπίδειξις
1757 4845 1890 4915 ἀλη-

317 4938 546 5007 θεστάτη
577 4935 824 4989 λείπεται
858 4935 958 4998 τῆς
977 4937 1056 5000 είς
1087 4937 1298 4990 ἐκεῖνον
1325 4937 1546 5007 ἀγάπης
1572 4953 1587 4968 ·
1624 4937 1721 4991 καὶ
1753 4953 1887 4990 συν-

310 5031 450 5084 οἰσει
502 5029 603 5100 μὲν
632 5027 874 5096 κάκείνῳ
917 5028 1194 5099 ἀνθρώπῳ
1234 5029 1528 5099 πεφυκότι,
1598 5031 1694 5084 καὶ
1731 5027 1888 5100 πηλῷ

309 5121 387 5191 τῷ
418 5122 634 5192 σώματι
687 5119 862 5190 τούτῳ
896 5122 1279 5190 συγγεγονότι,
1323 5116 1367 5190 ᾧ
1406 5121 1482 5194 μὴ
1525 5117 1637 5176 οἷόν
1666 5139 1724 5175 τε
1761 5138 1890 5176 συν-

310 5214 442 5267 όντα
486 5211 726 5282 καθαρὸν
790 5213 1139 5266 παντάπασιν
1173 5213 1464 5283 εὑρεθῆναι
1490 5230 1506 5248 ’
1558 5213 1797 5268 συνοίσει
1832 5213 1890 5268 δὲ

311 5306 411 5357 καὶ
444 5305 598 5374 ὑμῖν,
621 5303 718 5358 ἅτε
739 5303 804 5374 δὴ
833 5305 928 5357 καὶ
956 5305 1080 5359 δέον
1100 5305 1516 5377 ἀποπληροῦσιν
1535 5307 1690 5378 ἀνδρὶ
1715 5307 1893 5360 πάντα

310 5397 512 5465 ἀγαθῷ
549 5399 646 5450 καὶ
693 5398 954 5472 δεσπότῃ,
1007 5400 1102 5452 καὶ
1132 5398 1292 5472 αίτίῳ
1323 5417 1387 5469 γε
1418 5399 1628 5454 πολλῶν
1659 5400 1752 5454 καὶ
1795 5417 1895 5470 με-

313 5477 502 5557 γάλων
533 5491 754 5558 ἀγαθῶν
801 5492 1069 5561 γεγονότι,
1117 5495 1216 5547 καὶ
1273 5493 1369 5547 νῦν
1399 5497 1665 5566 μεγίστην
1717 5494 1893 5564 ἔχοντι

313 5581 502 5652 χώραν
525 5582 679 5652 παρά
716 5583 858 5652 Θεῷ,
890 5585 987 5637 καὶ
1030 5585 1348 5656 τευξομένῳ
1393 5586 1668 5656 μείζονος,
1699 5587 1830 5640 ὅταν
1861 5588 1894 5658 ἡ

311 5675 472 5744 κοινὴ
508 5672 603 5726 τοῦ
653 5674 848 5742 γένους
898 5676 1052 5731 ἑστία
1081 5681 1176 5730 καὶ
1212 5680 1396 5749 μήτηρ
1447 5679 1543 5750 ἡδε
1591 5678 1664 5747 γῆ
1708 5677 1896 5750 ἀποδῷ

315 5767 398 5838 τῷ
425 5765 706 5836 πνεύματι
750 5769 812 5820 τὸ
856 5773 1203 5841 συνεργῆσαν
1253 5772 1413 5842 σῶμα
1450 5771 1586 5840 πρὸς
1613 5773 1682 5826 τὰ
1728 5772 1895 5839 καλὰ,

317 5863 400 5925 εἰς
431 5858 593 5926 δόξαν
625 5874 686 5912 τε
720 5860 816 5915 καὶ
837 5861 1182 5935 εὐφροσύνην
1215 5863 1454 5934 αἰώνιον,
1489 5857 1565 5919 ὧν
1607 5864 1700 5918 καὶ
1735 5865 1896 5933 ἡμεῖς

1992 4577 2098 4632 nis.
2133 4576 2214 4630 Eo
2239 4585 2419 4642 autem
2461 4575 2564 4644 ipsi
2609 4589 2710 4629 nos
2750 4584 3023 4628 amatores
3076 4575 3451 4639 ostendamus,
3515 4585 3576 4631 ut

1992 4682 2092 4738 pro
2130 4667 2289 4722 chari.
2332 4665 2514 4720 anima
2571 4666 2978 4734 impendamus,
3045 4674 3312 4735 quantum
3373 4667 3577 4736 cuique

1991 4757 2154 4811 liceat
2187 4770 2250 4810 ac
2281 4765 2431 4826 putet
2468 4770 2528 4810 se
2553 4756 2768 4809 decere.
2802 4751 2858 4807 ld
2890 4753 3035 4808 enim
3083 4754 3262 4809 solum
3327 4750 3582 4811 universi

1992 4848 2045 4902 in
2073 4862 2199 4901 eum
2225 4845 2481 4901 conferre
2516 4845 2786 4900 habemus
2825 4857 3037 4913 :eaque
3077 4844 3304 4898 omnino
3348 4845 3575 4900 verissi-

1992 4957 2079 4997 ma
2116 4948 2307 5004 restat,
2369 4949 2572 4994 nostra:
2624 4938 2679 4991 in
2728 4937 2880 5012 illum
2933 4935 3248 4990 dilectionis
3302 4936 3574 4998 ostensio,

1992 5030 2167 5088 Porro
2215 5042 2421 5094 autem.
2465 5030 2540 5084 illi
2597 5043 2820 5100 quoque
2868 5027 3185 5093 contulerit,
3238 5026 3334 5097 qui
3405 5025 3576 5081 fuerit

1993 5121 2179 5184 homo,
2212 5121 2378 5189 inque
2436 5133 2594 5173 coeno
2646 5130 2880 5186 corpore
2929 5115 3277 5180 habitaverit,
3338 5133 3576 5187 quocum

1993 5223 2160 5265 nemo
2184 5210 2410 5263 omnino
2443 5221 2616 5277 purus
2642 5205 3048 5273 possitversari
3099 5221 3113 5259 :
3149 5205 3241 5260 sed
3306 5214 3362 5261 et
3417 5207 3574 5261 vobis

1996 5301 2263 5366 conferat,
2299 5310 2558 5370 tanquam
2582 5298 2677 5364 qui
2700 5297 2890 5354 oﬂicio
2909 5297 3286 5370 defungamini
3318 5299 3372 5353 in
3399 5301 3573 5355 virum

1997 5393 2268 5465 optimum
2293 5407 2358 5446 ac
2388 5391 2698 5460 despotam,
2745 5388 3100 5459 pluriumque
3131 5405 3193 5444 ac
3242 5403 3570 5458 magnorum

1999 5487 2271 5541 bonorum
2303 5491 2582 5538 auctorem
2613 5499 2634 5546 ;
2661 5481 2828 5550 inque
2855 5482 3105 5551 eum,qui
3141 5495 3288 5536 nunc
3321 5494 3578 5551 maguum

2001 5579 2143 5648 apud
2184 5577 2353 5634 Deum
2389 5578 2571 5631 locum
2615 5575 2834 5642 habeat,
2865 5575 3046 5646 sitque
3106 5577 3406 5645 adepturus
3455 5588 3577 5627 am-

2000 5674 2254 5744 pliorem,
2281 5668 2502 5738 quando
2533 5666 2846 5723 communis
2877 5668 3096 5738 generis
3130 5670 3324 5722 domus
3353 5681 3417 5720 ac
3460 5679 3580 5718 ma.-

2005 5775 2107 5830 ter,
2142 5773 2287 5820 terra
2313 5761 2527 5832 spiritui
2558 5775 2758 5830 corpus
2795 5761 3002 5825 reddet,
3030 5775 3140 5830 quo
3188 5758 3348 5812 bonis
3392 5757 3579 5826 operi”-

2005 5860 2108 5917 bus
2135 5868 2217 5914 est
2245 5873 2378 5915 usus
2411 5857 2797 5923 instrumento,
2832 5853 2898 5908 ad
2948 5853 3175 5922 gloriam
3208 5867 3272 5906 ac
3332 5849 3580 5906 laetitiam
