  <div class='ocr_page' id='page_1' title='image "/cluster/home/n/w/nwhite01/storage/ocr_20150623/156/coo.31924054870617/161.png"; bbox 0 0 3950 6430; ppageno 0'>
   <div class='ocr_carea' id='block_1_1' title="bbox 464 324 570 382">
    <p class='ocr_par' dir='ltr' id='par_1_1' title="bbox 464 324 570 382">
     <span class='ocr_line' id='line_1_1' title="bbox 464 324 570 382; baseline 0.019 -2"><span class='ocrx_word' id='word_1_1' title='bbox 464 324 570 382; x_wconf 72' lang='lat'><strong>307</strong></span> 
     </span>
    </p>
   </div>
   <div class='ocr_carea' id='block_1_2' title="bbox 1658 333 2547 402">
    <p class='ocr_par' dir='ltr' id='par_1_2' title="bbox 1658 333 2547 402">
     <span class='ocr_line' id='line_1_2' title="bbox 1658 333 2547 402; baseline 0.01 -9"><span class='ocrx_word' id='word_1_2' title='bbox 1658 333 2059 396; x_wconf 73' lang='lat' dir='ltr'><strong>MANUELIS</strong></span> <span class='ocrx_word' id='word_1_3' title='bbox 2099 339 2185 398; x_wconf 89' lang='lat' dir='ltr'><strong>PA</strong></span> <span class='ocrx_word' id='word_1_4' title='bbox 2197 338 2547 402; x_wconf 74' lang='lat' dir='ltr'><strong>LEOLOGI</strong></span> 
     </span>
    </p>
   </div>
   <div class='ocr_carea' id='block_1_3' title="bbox 3599 351 3692 417">
    <p class='ocr_par' dir='ltr' id='par_1_3' title="bbox 3599 351 3692 417">
     <span class='ocr_line' id='line_1_3' title="bbox 3599 351 3692 417; baseline 0.032 -3"><span class='ocrx_word' id='word_1_5' title='bbox 3599 351 3692 417; x_wconf 66' lang='lat'><strong>308</strong></span> 
     </span>
    </p>
   </div>
   <div class='ocr_carea' id='block_1_4' title="bbox 461 442 2015 522">
    <p class='ocr_par' dir='ltr' id='par_1_4' title="bbox 461 442 2015 518">
     <span class='ocr_line' id='line_1_4' title="bbox 461 442 2015 518; baseline 0.008 -28"><span class='ocrx_word' id='word_1_6' title='bbox 461 448 744 503; x_wconf 68' lang='lat' dir='ltr'><strong>aeternam,</strong></span> <span class='ocrx_word' id='word_1_7' title='bbox 769 455 929 508; x_wconf 87' lang='lat' dir='ltr'><strong>qnam</strong></span> <span class='ocrx_word' id='word_1_8' title='bbox 954 455 1053 494; x_wconf 90' lang='lat' dir='ltr'><strong>nos</strong></span> <span class='ocrx_word' id='word_1_9' title='bbox 1076 442 1284 496; x_wconf 88' lang='lat' dir='ltr'><strong>utinatn</strong></span> <span class='ocrx_word' id='word_1_10' title='bbox 1315 458 1721 513; x_wconf 83' lang='lat' dir='ltr'><strong>consequamur</strong></span> <span class='ocrx_word' id='word_1_11' title='bbox 1738 448 2015 518; x_wconf 89' lang='lat' dir='ltr'><strong>propitiun</strong></span> 
     </span>
    </p>
   </div>
   <div class='ocr_carea' id='block_1_5' title="bbox 2136 442 3690 522">
    <p class='ocr_par' dir='ltr' id='par_1_5' title="bbox 2137 449 3690 522">
     <span class='ocr_line' id='line_1_5' title="bbox 2137 449 3690 522; baseline 0.006 -20"><span class='ocrx_word' id='word_1_12' title='bbox 2137 450 2422 522; x_wconf 73' lang='grc' dir='ltr'><strong>τύχοιμεν,</strong></span> <span class='ocrx_word' id='word_1_13' title='bbox 2473 451 2634 504; x_wconf 80' lang='grc' dir='ltr'><strong>ἵλεων</strong></span> <span class='ocrx_word' id='word_1_14' title='bbox 2669 449 2953 515; x_wconf 80' lang='grc' dir='ltr'>ποιοῦντες</span> <span class='ocrx_word' id='word_1_15' title='bbox 3003 452 3099 507; x_wconf 83' lang='grc' dir='ltr'><strong>τὸν</strong></span> <span class='ocrx_word' id='word_1_16' title='bbox 3129 452 3265 510; x_wconf 87' lang='grc' dir='ltr'>Θεδν</span> <span class='ocrx_word' id='word_1_17' title='bbox 3323 453 3528 514; x_wconf 74' lang='grc' dir='ltr'>ἐκείνου</span> <span class='ocrx_word' id='word_1_18' title='bbox 3572 463 3690 516; x_wconf 79' lang='grc' dir='ltr'>τάν-</span> 
     </span>
    </p>
   </div>
   <div class='ocr_carea' id='block_1_6' title="bbox 464 530 1480 588">
    <p class='ocr_par' dir='ltr' id='par_1_6' title="bbox 464 530 1480 588">
     <span class='ocr_line' id='line_1_6' title="bbox 464 530 1480 588; baseline 0.005 -5"><span class='ocrx_word' id='word_1_19' title='bbox 464 530 628 584; x_wconf 82' lang='lat' dir='ltr'><strong>nobis</strong></span> <span class='ocrx_word' id='word_1_20' title='bbox 655 530 945 586; x_wconf 83' lang='lat' dir='ltr'><strong>reddentcs</strong></span> <span class='ocrx_word' id='word_1_21' title='bbox 980 534 1078 586; x_wconf 79' lang='lat' dir='ltr'><strong>viri</strong></span> <span class='ocrx_word' id='word_1_22' title='bbox 1108 533 1256 588; x_wconf 88' lang='lat' dir='ltr'><strong>illius</strong></span> <span class='ocrx_word' id='word_1_23' title='bbox 1291 535 1480 588; x_wconf 83' lang='lat' dir='ltr'><strong>Deum.</strong></span> 
     </span>
    </p>
   </div>
   <div class='ocr_carea' id='block_1_7' title="bbox 533 621 2036 703">
    <p class='ocr_par' dir='ltr' id='par_1_7' title="bbox 533 621 2036 703">
     <span class='ocr_line' id='line_1_7' title="bbox 533 621 2036 703; baseline 0.007 -28"><span class='ocrx_word' id='word_1_24' title='bbox 533 621 658 678; x_wconf 67' lang='lat' dir='ltr'><strong>“me</strong></span> <span class='ocrx_word' id='word_1_25' title='bbox 690 639 790 676; x_wconf 91' lang='lat' dir='ltr'><strong>nos</strong></span> <span class='ocrx_word' id='word_1_26' title='bbox 828 623 946 690; x_wconf 90' lang='lat' dir='ltr'><strong>tibi,</strong></span> <span class='ocrx_word' id='word_1_27' title='bbox 993 625 1170 679; x_wconf 89' lang='lat' dir='ltr'><strong>divina</strong></span> <span class='ocrx_word' id='word_1_28' title='bbox 1225 627 1430 691; x_wconf 84' lang='lat' dir='ltr'><strong>anima,</strong></span> <span class='ocrx_word' id='word_1_29' title='bbox 1467 645 1589 698; x_wconf 72' lang='lat' dir='ltr'><strong>qua:</strong></span> <span class='ocrx_word' id='word_1_30' title='bbox 1629 630 1828 685; x_wconf 82' lang='lat' dir='ltr'><strong>multas</strong></span> <span class='ocrx_word' id='word_1_31' title='bbox 1882 624 2036 703; x_wconf 84' lang='lat' dir='ltr'><strong>prius</strong></span> 
     </span>
    </p>
   </div>
   <div class='ocr_carea' id='block_1_8' title="bbox 462 717 2032 792">
    <p class='ocr_par' dir='ltr' id='par_1_8' title="bbox 462 717 2032 792">
     <span class='ocr_line' id='line_1_8' title="bbox 462 717 2032 792; baseline 0.009 -26"><span class='ocrx_word' id='word_1_32' title='bbox 462 723 793 785; x_wconf 74' lang='lat' dir='ltr'><strong>ornatasque</strong></span> <span class='ocrx_word' id='word_1_33' title='bbox 825 717 1173 772; x_wconf 79' lang='lat' dir='ltr'><strong>laudationes</strong></span> <span class='ocrx_word' id='word_1_34' title='bbox 1196 721 1527 788; x_wconf 85' lang='lat' dir='ltr'><strong>susceperis,</strong></span> <span class='ocrx_word' id='word_1_35' title='bbox 1567 721 1751 791; x_wconf 86' lang='lat' dir='ltr'><strong>sisque</strong></span> <span class='ocrx_word' id='word_1_36' title='bbox 1785 734 2032 792; x_wconf 81' lang='lat' dir='ltr'><strong>postmo-</strong></span> 
     </span>
    </p>
   </div>
   <div class='ocr_carea' id='block_1_9' title="bbox 459 805 2033 881">
    <p class='ocr_par' dir='ltr' id='par_1_9' title="bbox 459 805 2033 881">
     <span class='ocr_line' id='line_1_9' title="bbox 459 805 2033 881; baseline 0.01 -24"><span class='ocrx_word' id='word_1_37' title='bbox 459 805 589 859; x_wconf 89' lang='lat' dir='ltr'><strong>dum</strong></span> <span class='ocrx_word' id='word_1_38' title='bbox 618 823 646 860; x_wconf 92' lang='lat' dir='ltr'><strong>a</strong></span> <span class='ocrx_word' id='word_1_39' title='bbox 689 808 877 862; x_wconf 89' lang='lat' dir='ltr'><strong>multis</strong></span> <span class='ocrx_word' id='word_1_40' title='bbox 903 819 1252 878; x_wconf 86' lang='lat' dir='ltr'><strong>susceptura,</strong></span> <span class='ocrx_word' id='word_1_41' title='bbox 1305 825 1368 864; x_wconf 87' lang='lat' dir='ltr'><strong>ac</strong></span> <span class='ocrx_word' id='word_1_42' title='bbox 1392 811 1458 865; x_wconf 88' lang='lat' dir='ltr'><strong>iis</strong></span> <span class='ocrx_word' id='word_1_43' title='bbox 1489 813 1578 881; x_wconf 88' lang='lat' dir='ltr'><strong>qui</strong></span> <span class='ocrx_word' id='word_1_44' title='bbox 1621 823 1819 870; x_wconf 90' lang='lat' dir='ltr'><strong>ornate</strong></span> <span class='ocrx_word' id='word_1_45' title='bbox 1845 816 2033 873; x_wconf 88' lang='lat' dir='ltr'><strong>dicere</strong></span> 
     </span>
    </p>
   </div>
   <div class='ocr_carea' id='block_1_10' title="bbox 461 899 2031 976">
    <p class='ocr_par' dir='ltr' id='par_1_10' title="bbox 461 899 2031 976">
     <span class='ocr_line' id='line_1_10' title="bbox 461 899 2031 976; baseline 0.006 -22"><span class='ocrx_word' id='word_1_46' title='bbox 461 902 670 969; x_wconf 81' lang='lat' dir='ltr'><strong>possint</strong></span> <span class='ocrx_word' id='word_1_47' title='bbox 706 918 719 954; x_wconf 91' lang='lat'><strong>:</strong></span> <span class='ocrx_word' id='word_1_48' title='bbox 751 899 972 971; x_wconf 84' lang='lat' dir='ltr'><strong>quando</strong></span> <span class='ocrx_word' id='word_1_49' title='bbox 1006 901 1138 954; x_wconf 91' lang='lat' dir='ltr'><strong>nihil</strong></span> <span class='ocrx_word' id='word_1_50' title='bbox 1171 902 1318 957; x_wconf 86' lang='lat' dir='ltr'><strong>aliud</strong></span> <span class='ocrx_word' id='word_1_51' title='bbox 1371 903 1647 959; x_wconf 81' lang='lat' dir='ltr'><strong>defunctis</strong></span> <span class='ocrx_word' id='word_1_52' title='bbox 1689 906 1756 961; x_wconf 88' lang='lat' dir='ltr'><strong>ad</strong></span> <span class='ocrx_word' id='word_1_53' title='bbox 1787 909 2031 976; x_wconf 61' lang='lat' dir='ltr'><strong>gloriam</strong></span> 
     </span>
    </p>
   </div>
   <div class='ocr_carea' id='block_1_11' title="bbox 459 991 2031 1066">
    <p class='ocr_par' dir='ltr' id='par_1_11' title="bbox 459 991 2031 1066">
     <span class='ocr_line' id='line_1_11' title="bbox 459 991 2031 1066; baseline 0.005 -23"><span class='ocrx_word' id='word_1_54' title='bbox 459 993 602 1048; x_wconf 83' lang='lat' dir='ltr'><strong>valet</strong></span> <span class='ocrx_word' id='word_1_55' title='bbox 636 993 897 1048; x_wconf 86' lang='lat' dir='ltr'><strong>conferri.</strong></span> <span class='ocrx_word' id='word_1_56' title='bbox 948 991 1122 1048; x_wconf 83' lang='lat' dir='ltr'><strong>Porro</strong></span> <span class='ocrx_word' id='word_1_57' title='bbox 1171 995 1362 1051; x_wconf 91' lang='lat' dir='ltr'><strong>videns</strong></span> <span class='ocrx_word' id='word_1_58' title='bbox 1411 1013 1532 1066; x_wconf 73' lang='lat' dir='ltr'><strong>quze</strong></span> <span class='ocrx_word' id='word_1_59' title='bbox 1565 1007 1721 1053; x_wconf 85' lang='lat' dir='ltr'><strong>erant</strong></span> <span class='ocrx_word' id='word_1_60' title='bbox 1772 1000 2031 1063; x_wconf 85' lang='lat' dir='ltr'><strong>aliorum,</strong></span> 
     </span>
    </p>
   </div>
   <div class='ocr_carea' id='block_1_12' title="bbox 454 1085 2019 1156">
    <p class='ocr_par' dir='ltr' id='par_1_12' title="bbox 454 1085 2019 1156">
     <span class='ocr_line' id='line_1_12' title="bbox 454 1085 2019 1156; baseline 0.006 -18"><span class='ocrx_word' id='word_1_61' title='bbox 454 1085 678 1152; x_wconf 76' lang='lat' dir='ltr'><strong>gavisus</strong></span> <span class='ocrx_word' id='word_1_62' title='bbox 726 1101 846 1140; x_wconf 90' lang='lat' dir='ltr'><strong>sum</strong></span> <span class='ocrx_word' id='word_1_63' title='bbox 884 1098 1080 1141; x_wconf 88' lang='lat' dir='ltr'><strong>:erant</strong></span> <span class='ocrx_word' id='word_1_64' title='bbox 1114 1087 1385 1156; x_wconf 90' lang='lat' dir='ltr'><strong>siquidem</strong></span> <span class='ocrx_word' id='word_1_65' title='bbox 1416 1088 1552 1144; x_wconf 85' lang='lat' dir='ltr'><strong>bona</strong></span> <span class='ocrx_word' id='word_1_66' title='bbox 1583 1091 1762 1154; x_wconf 84' lang='lat' dir='ltr'><strong>valde,</strong></span> <span class='ocrx_word' id='word_1_67' title='bbox 1782 1101 1911 1147; x_wconf 89' lang='lat' dir='ltr'><strong>etut</strong></span> <span class='ocrx_word' id='word_1_68' title='bbox 1939 1109 2019 1146; x_wconf 35' lang='lat' dir='ltr'><strong>ar,</strong></span> 
     </span>
    </p>
   </div>
   <div class='ocr_carea' id='block_1_13' title="bbox 455 1177 2029 1254">
    <p class='ocr_par' dir='ltr' id='par_1_13' title="bbox 455 1177 2029 1254">
     <span class='ocr_line' id='line_1_13' title="bbox 455 1177 2029 1254; baseline 0.007 -26"><span class='ocrx_word' id='word_1_69' title='bbox 455 1177 1220 1246; x_wconf 75' lang='lat' dir='ltr'><strong>gumentoessentfacultatis</strong></span> <span class='ocrx_word' id='word_1_70' title='bbox 1277 1181 1516 1250; x_wconf 78' lang='lat' dir='ltr'><strong>dicendi,</strong></span> <span class='ocrx_word' id='word_1_71' title='bbox 1566 1179 1882 1254; x_wconf 83' lang='lat' dir='ltr'><strong>quanquam</strong></span> <span class='ocrx_word' id='word_1_72' title='bbox 1942 1187 2029 1240; x_wconf 87' lang='lat' dir='ltr'><strong>di-</strong></span> 
     </span>
    </p>
   </div>
   <div class='ocr_carea' id='block_1_14' title="bbox 453 1270 2026 1345">
    <p class='ocr_par' dir='ltr' id='par_1_14' title="bbox 453 1270 2026 1345">
     <span class='ocr_line' id='line_1_14' title="bbox 453 1270 2026 1345; baseline 0.009 -27"><span class='ocrx_word' id='word_1_73' title='bbox 453 1279 637 1325; x_wconf 64' lang='lat' dir='ltr'><strong>centes</strong></span> <span class='ocrx_word' id='word_1_74' title='bbox 672 1270 932 1340; x_wconf 71' lang='lat' dir='ltr'><strong>subjectae</strong></span> <span class='ocrx_word' id='word_1_75' title='bbox 965 1273 1039 1326; x_wconf 93' lang='lat' dir='ltr'><strong>rei</strong></span> <span class='ocrx_word' id='word_1_76' title='bbox 1069 1272 1230 1342; x_wconf 84' lang='lat' dir='ltr'><strong>longe</strong></span> <span class='ocrx_word' id='word_1_77' title='bbox 1271 1274 1513 1345; x_wconf 88' lang='lat' dir='ltr'><strong>impares</strong></span> <span class='ocrx_word' id='word_1_78' title='bbox 1541 1288 1718 1331; x_wconf 87' lang='lat' dir='ltr'><strong>erant.</strong></span> <span class='ocrx_word' id='word_1_79' title='bbox 1751 1277 1842 1333; x_wconf 90' lang='lat' dir='ltr'><strong>Sic</strong></span> <span class='ocrx_word' id='word_1_80' title='bbox 1881 1279 2026 1334; x_wconf 89' lang='lat' dir='ltr'><strong>enim</strong></span> 
     </span>
    </p>
   </div>
   <div class='ocr_carea' id='block_1_15' title="bbox 448 1363 2029 1436">
    <p class='ocr_par' dir='ltr' id='par_1_15' title="bbox 448 1363 2029 1436">
     <span class='ocr_line' id='line_1_15' title="bbox 448 1363 2029 1436; baseline 0.008 -22"><span class='ocrx_word' id='word_1_81' title='bbox 448 1363 675 1419; x_wconf 88' lang='lat' dir='ltr'><strong>omnino</strong></span> <span class='ocrx_word' id='word_1_82' title='bbox 715 1365 947 1427; x_wconf 86' lang='lat' dir='ltr'><strong>accidat,</strong></span> <span class='ocrx_word' id='word_1_83' title='bbox 1018 1375 1074 1420; x_wconf 91' lang='lat' dir='ltr'><strong>ut</strong></span> <span class='ocrx_word' id='word_1_84' title='bbox 1135 1366 1258 1436; x_wconf 90' lang='lat' dir='ltr'><strong>quis</strong></span> <span class='ocrx_word' id='word_1_85' title='bbox 1321 1377 1468 1422; x_wconf 91' lang='lat' dir='ltr'><strong>tuam</strong></span> <span class='ocrx_word' id='word_1_86' title='bbox 1526 1369 1768 1425; x_wconf 83' lang='lat' dir='ltr'><strong>indolem</strong></span> <span class='ocrx_word' id='word_1_87' title='bbox 1801 1371 2029 1427; x_wconf 90' lang='lat' dir='ltr'><strong>laudare</strong></span> 
     </span>
    </p>
   </div>
   <div class='ocr_carea' id='block_1_16' title="bbox 451 1457 2027 1534">
    <p class='ocr_par' dir='ltr' id='par_1_16' title="bbox 451 1457 2027 1534">
     <span class='ocr_line' id='line_1_16' title="bbox 451 1457 2027 1534; baseline 0.007 -26"><span class='ocrx_word' id='word_1_88' title='bbox 451 1458 762 1511; x_wconf 85' lang='lat' dir='ltr'><strong>tentaverit.</strong></span> <span class='ocrx_word' id='word_1_89' title='bbox 792 1457 904 1513; x_wconf 84' lang='lat' dir='ltr'><strong>Mea</strong></span> <span class='ocrx_word' id='word_1_90' title='bbox 941 1469 1122 1513; x_wconf 87' lang='lat' dir='ltr'><strong>autem</strong></span> <span class='ocrx_word' id='word_1_91' title='bbox 1159 1461 1275 1517; x_wconf 73' lang='lat' dir='ltr'><strong>inec</strong></span> <span class='ocrx_word' id='word_1_92' title='bbox 1333 1461 1474 1515; x_wconf 89' lang='lat' dir='ltr'><strong>haud</strong></span> <span class='ocrx_word' id='word_1_93' title='bbox 1527 1463 1643 1517; x_wconf 92' lang='lat' dir='ltr'><strong>scio</strong></span> <span class='ocrx_word' id='word_1_94' title='bbox 1671 1463 1853 1534; x_wconf 88' lang='lat' dir='ltr'><strong>qualia</strong></span> <span class='ocrx_word' id='word_1_95' title='bbox 1905 1464 2027 1520; x_wconf 79' lang='lat' dir='ltr'><strong>aliis</strong></span> 
     </span>
    </p>
   </div>
   <div class='ocr_carea' id='block_1_17' title="bbox 449 1549 2027 1625">
    <p class='ocr_par' dir='ltr' id='par_1_17' title="bbox 449 1549 2027 1625">
     <span class='ocr_line' id='line_1_17' title="bbox 449 1549 2027 1625; baseline 0.008 -25"><span class='ocrx_word' id='word_1_96' title='bbox 449 1550 557 1601; x_wconf 83' lang='lat' dir='ltr'><strong>sint</strong></span> <span class='ocrx_word' id='word_1_97' title='bbox 594 1549 863 1606; x_wconf 89' lang='lat' dir='ltr'><strong>habenda.</strong></span> <span class='ocrx_word' id='word_1_98' title='bbox 886 1551 1025 1618; x_wconf 86' lang='lat' dir='ltr'><strong>Quin</strong></span> <span class='ocrx_word' id='word_1_99' title='bbox 1081 1553 1191 1606; x_wconf 92' lang='lat' dir='ltr'><strong>imo</strong></span> <span class='ocrx_word' id='word_1_100' title='bbox 1219 1553 1380 1624; x_wconf 87' lang='lat' dir='ltr'><strong>plane</strong></span> <span class='ocrx_word' id='word_1_101' title='bbox 1405 1553 1542 1618; x_wconf 88' lang='lat' dir='ltr'><strong>scio,</strong></span> <span class='ocrx_word' id='word_1_102' title='bbox 1568 1555 1743 1625; x_wconf 82' lang='lat' dir='ltr'><strong>palam</strong></span> <span class='ocrx_word' id='word_1_103' title='bbox 1792 1557 2027 1613; x_wconf 75' lang='lat' dir='ltr'><strong>deiicere</strong></span> 
     </span>
    </p>
   </div>
   <div class='ocr_carea' id='block_1_18' title="bbox 449 1637 2023 1714">
    <p class='ocr_par' dir='ltr' id='par_1_18' title="bbox 449 1637 2023 1714">
     <span class='ocr_line' id='line_1_18' title="bbox 449 1637 2023 1714; baseline 0.008 -27"><span class='ocrx_word' id='word_1_104' title='bbox 449 1652 479 1687; x_wconf 75' lang='grc' dir='ltr'>σι</span> <span class='ocrx_word' id='word_1_105' title='bbox 510 1637 586 1691; x_wconf 82' lang='lat' dir='ltr'><strong>rei</strong></span> <span class='ocrx_word' id='word_1_106' title='bbox 623 1638 910 1707; x_wconf 78' lang='lat' dir='ltr'><strong>dignitate,</strong></span> <span class='ocrx_word' id='word_1_107' title='bbox 948 1650 1108 1709; x_wconf 87' lang='lat' dir='ltr'><strong>atque</strong></span> <span class='ocrx_word' id='word_1_108' title='bbox 1133 1641 1407 1710; x_wconf 83' lang='lat' dir='ltr'><strong>jejuniora</strong></span> <span class='ocrx_word' id='word_1_109' title='bbox 1432 1659 1554 1698; x_wconf 82' lang='lat' dir='ltr'><strong>esse.</strong></span> <span class='ocrx_word' id='word_1_110' title='bbox 1581 1660 1743 1714; x_wconf 89' lang='lat' dir='ltr'><strong>quam</strong></span> <span class='ocrx_word' id='word_1_111' title='bbox 1789 1654 1846 1699; x_wconf 93' lang='lat' dir='ltr'><strong>ut</strong></span> <span class='ocrx_word' id='word_1_112' title='bbox 1879 1655 2023 1700; x_wconf 89' lang='lat' dir='ltr'><strong>tuam</strong></span> 
     </span>
    </p>
   </div>
   <div class='ocr_carea' id='block_1_19' title="bbox 447 1730 2021 1807">
    <p class='ocr_par' dir='ltr' id='par_1_19' title="bbox 447 1730 2021 1807">
     <span class='ocr_line' id='line_1_19' title="bbox 447 1730 2021 1807; baseline 0.006 -23"><span class='ocrx_word' id='word_1_113' title='bbox 447 1730 585 1784; x_wconf 86' lang='lat' dir='ltr'><strong>satis</strong></span> <span class='ocrx_word' id='word_1_114' title='bbox 613 1731 1287 1800; x_wconf 62' lang='lat' dir='ltr'><strong>virtutemnlaudaveriut,</strong></span> <span class='ocrx_word' id='word_1_115' title='bbox 1320 1746 1484 1790; x_wconf 88' lang='lat' dir='ltr'><strong>antve</strong></span> <span class='ocrx_word' id='word_1_116' title='bbox 1522 1739 1752 1807; x_wconf 91' lang='lat' dir='ltr'><strong>propius</strong></span> <span class='ocrx_word' id='word_1_117' title='bbox 1794 1739 1860 1792; x_wconf 89' lang='lat' dir='ltr'><strong>ad</strong></span> <span class='ocrx_word' id='word_1_118' title='bbox 1902 1755 2021 1793; x_wconf 86' lang='lat' dir='ltr'><strong>eam</strong></span> 
     </span>
    </p>
   </div>
   <div class='ocr_carea' id='block_1_20' title="bbox 2138 542 2285 610">
    <p class='ocr_par' dir='ltr' id='par_1_20' title="bbox 2138 542 2285 610">
     <span class='ocr_line' id='line_1_20' title="bbox 2138 542 2285 610; baseline 0.027 -16"><span class='ocrx_word' id='word_1_119' title='bbox 2138 542 2285 610; x_wconf 81' lang='grc' dir='ltr'>δρός.</span> 
     </span>
    </p>
   </div>
   <div class='ocr_carea' id='block_1_21' title="bbox 2213 633 3692 713">
    <p class='ocr_par' dir='ltr' id='par_1_21' title="bbox 2213 633 3692 713">
     <span class='ocr_line' id='line_1_21' title="bbox 2213 633 3692 713; baseline 0.011 -26"><span class='ocrx_word' id='word_1_120' title='bbox 2213 633 2405 692; x_wconf 81' lang='grc' dir='ltr'>Ταῦτά</span> <span class='ocrx_word' id='word_1_121' title='bbox 2435 656 2542 704; x_wconf 90' lang='grc' dir='ltr'>σοι,</span> <span class='ocrx_word' id='word_1_122' title='bbox 2577 639 2696 692; x_wconf 74' lang='grc' dir='ltr'>θεία</span> <span class='ocrx_word' id='word_1_123' title='bbox 2725 638 2896 710; x_wconf 73' lang='grc' dir='ltr'>ψυχὴ,</span> <span class='ocrx_word' id='word_1_124' title='bbox 2931 641 3064 712; x_wconf 80' lang='grc' dir='ltr'>παρ’</span> <span class='ocrx_word' id='word_1_125' title='bbox 3091 639 3268 713; x_wconf 73' lang='grc' dir='ltr'>ἡμῶν,</span> <span class='ocrx_word' id='word_1_126' title='bbox 3305 644 3502 710; x_wconf 84' lang='grc' dir='ltr'>πολλάς</span> <span class='ocrx_word' id='word_1_127' title='bbox 3528 664 3584 701; x_wconf 80' lang='grc' dir='ltr'><strong>τε</strong></span> <span class='ocrx_word' id='word_1_128' title='bbox 3609 650 3692 704; x_wconf 78' lang='grc' dir='ltr'>καὶ</span> 
     </span>
    </p>
   </div>
   <div class='ocr_carea' id='block_1_22' title="bbox 2139 729 3692 810">
    <p class='ocr_par' dir='ltr' id='par_1_22' title="bbox 2139 729 3692 810">
     <span class='ocr_line' id='line_1_22' title="bbox 2139 729 3692 810; baseline 0.007 -29"><span class='ocrx_word' id='word_1_129' title='bbox 2139 731 2310 794; x_wconf 81' lang='grc' dir='ltr'>καλὰς</span> <span class='ocrx_word' id='word_1_130' title='bbox 2341 729 2618 800; x_wconf 77' lang='grc' dir='ltr'><strong>εὐφημίας</strong></span> <span class='ocrx_word' id='word_1_131' title='bbox 2646 730 2742 782; x_wconf 73' lang='grc' dir='ltr'><strong>καὶ</strong></span> <span class='ocrx_word' id='word_1_132' title='bbox 2777 729 3063 801; x_wconf 79' lang='grc' dir='ltr'><strong>δεξαμένῳ</strong></span> <span class='ocrx_word' id='word_1_133' title='bbox 3104 735 3392 810; x_wconf 78' lang='grc' dir='ltr'>πρότερον.</span> <span class='ocrx_word' id='word_1_134' title='bbox 3426 736 3518 790; x_wconf 77' lang='grc' dir='ltr'><strong>καὶ</strong></span> <span class='ocrx_word' id='word_1_135' title='bbox 3556 737 3692 804; x_wconf 82' lang='grc' dir='ltr'>δεξο-</span> 
     </span>
    </p>
   </div>
   <div class='ocr_carea' id='block_1_23' title="bbox 2143 821 3694 893">
    <p class='ocr_par' dir='ltr' id='par_1_23' title="bbox 2143 821 3694 893">
     <span class='ocr_line' id='line_1_23' title="bbox 2143 821 3694 893; baseline 0.006 -19"><span class='ocrx_word' id='word_1_136' title='bbox 2143 822 2290 892; x_wconf 69' lang='grc' dir='ltr'>μένιρ</span> <span class='ocrx_word' id='word_1_137' title='bbox 2322 823 2640 891; x_wconf 81' lang='grc' dir='ltr'>μετέπειτα,</span> <span class='ocrx_word' id='word_1_138' title='bbox 2673 821 2827 893; x_wconf 85' lang='grc' dir='ltr'>παρὰ</span> <span class='ocrx_word' id='word_1_139' title='bbox 2858 821 3070 880; x_wconf 78' lang='grc' dir='ltr'>πολλῶν</span> <span class='ocrx_word' id='word_1_140' title='bbox 3098 842 3158 878; x_wconf 88' lang='grc' dir='ltr'><strong>τε</strong></span> <span class='ocrx_word' id='word_1_141' title='bbox 3189 829 3286 882; x_wconf 76' lang='grc' dir='ltr'>καὶ</span> <span class='ocrx_word' id='word_1_142' title='bbox 3321 826 3504 881; x_wconf 76' lang='grc' dir='ltr'>καλῶν</span> <span class='ocrx_word' id='word_1_143' title='bbox 3536 830 3611 892; x_wconf 79' lang='grc' dir='ltr'>εις</span> <span class='ocrx_word' id='word_1_144' title='bbox 3639 831 3694 884; x_wconf 85' lang='grc' dir='ltr'><strong>τδ</strong></span> 
     </span>
    </p>
   </div>
   <div class='ocr_carea' id='block_1_24' title="bbox 2136 913 3694 985">
    <p class='ocr_par' dir='ltr' id='par_1_24' title="bbox 2136 913 3694 985">
     <span class='ocr_line' id='line_1_24' title="bbox 2136 913 3694 985; baseline 0.007 -21"><span class='ocrx_word' id='word_1_145' title='bbox 2136 913 2316 982; x_wconf 83' lang='grc' dir='ltr'>λέγειν</span> <span class='ocrx_word' id='word_1_146' title='bbox 2338 931 2351 944; x_wconf 87' lang='grc'><strong>·</strong></span> <span class='ocrx_word' id='word_1_147' title='bbox 2377 915 2497 967; x_wconf 67' lang='grc' dir='ltr'>ἐπεὶ</span> <span class='ocrx_word' id='word_1_148' title='bbox 2526 914 2696 984; x_wconf 80' lang='grc' dir='ltr'>μηδὲν</span> <span class='ocrx_word' id='word_1_149' title='bbox 2723 915 2911 980; x_wconf 72' lang='grc' dir='ltr'>ἕτερον</span> <span class='ocrx_word' id='word_1_150' title='bbox 2943 916 3280 984; x_wconf 70' lang='grc' dir='ltr'><strong>εἰσενεγκεῖν</strong></span> <span class='ocrx_word' id='word_1_151' title='bbox 3323 918 3404 982; x_wconf 74' lang='grc' dir='ltr'>εις</span> <span class='ocrx_word' id='word_1_152' title='bbox 3429 919 3582 985; x_wconf 81' lang='grc' dir='ltr'>δόξαν</span> <span class='ocrx_word' id='word_1_153' title='bbox 3610 923 3694 975; x_wconf 83' lang='grc' dir='ltr'><strong>λέ-</strong></span> 
     </span>
    </p>
   </div>
   <div class='ocr_carea' id='block_1_25' title="bbox 2137 1005 3694 1081">
    <p class='ocr_par' dir='ltr' id='par_1_25' title="bbox 2137 1005 3694 1081">
     <span class='ocr_line' id='line_1_25' title="bbox 2137 1005 3694 1081; baseline 0.006 -23"><span class='ocrx_word' id='word_1_154' title='bbox 2137 1008 2352 1059; x_wconf 86' lang='grc' dir='ltr'>λειπται</span> <span class='ocrx_word' id='word_1_155' title='bbox 2381 1007 2491 1070; x_wconf 82' lang='grc' dir='ltr'>τοῖς</span> <span class='ocrx_word' id='word_1_156' title='bbox 2515 1008 2844 1077; x_wconf 77' lang='grc' dir='ltr'>οἰχομένοις.</span> <span class='ocrx_word' id='word_1_157' title='bbox 2873 1007 2954 1060; x_wconf 83' lang='grc' dir='ltr'><strong>Τὰ</strong></span> <span class='ocrx_word' id='word_1_158' title='bbox 2979 1008 3079 1078; x_wconf 84' lang='grc' dir='ltr'>μὲν</span> <span class='ocrx_word' id='word_1_159' title='bbox 3104 1005 3197 1065; x_wconf 83' lang='grc' dir='ltr'><strong>οὖν</strong></span> <span class='ocrx_word' id='word_1_160' title='bbox 3224 1014 3373 1081; x_wconf 74' lang='grc' dir='ltr'>παρὰ</span> <span class='ocrx_word' id='word_1_161' title='bbox 3399 1013 3505 1068; x_wconf 86' lang='grc' dir='ltr'><strong>τῶν</strong></span> <span class='ocrx_word' id='word_1_162' title='bbox 3531 1015 3694 1068; x_wconf 73' lang='grc' dir='ltr'><strong>ἄλλων</strong></span> 
     </span>
    </p>
   </div>
   <div class='ocr_carea' id='block_1_26' title="bbox 2139 1095 3698 1172">
    <p class='ocr_par' dir='ltr' id='par_1_26' title="bbox 2139 1095 3698 1172">
     <span class='ocr_line' id='line_1_26' title="bbox 2139 1095 3698 1172; baseline 0.006 -20"><span class='ocrx_word' id='word_1_163' title='bbox 2139 1099 2283 1166; x_wconf 80' lang='grc' dir='ltr'>ἰδὼν,</span> <span class='ocrx_word' id='word_1_164' title='bbox 2337 1098 2513 1170; x_wconf 78' lang='grc' dir='ltr'>ἥσθην</span> <span class='ocrx_word' id='word_1_165' title='bbox 2542 1115 2557 1131; x_wconf 77' lang='grc' dir='ltr'><strong>σ</strong></span> <span class='ocrx_word' id='word_1_166' title='bbox 2586 1099 2728 1153; x_wconf 79' lang='grc' dir='ltr'>καλὰ</span> <span class='ocrx_word' id='word_1_167' title='bbox 2779 1099 2888 1169; x_wconf 69' lang='grc' dir='ltr'><strong>γὰρ</strong></span> <span class='ocrx_word' id='word_1_168' title='bbox 2929 1095 2998 1172; x_wconf 76' lang='grc' dir='ltr'>ἦν</span> <span class='ocrx_word' id='word_1_169' title='bbox 3045 1101 3270 1171; x_wconf 82' lang='grc' dir='ltr'>κομιδῆ,</span> <span class='ocrx_word' id='word_1_170' title='bbox 3327 1105 3418 1158; x_wconf 73' lang='grc' dir='ltr'><strong>καὶ</strong></span> <span class='ocrx_word' id='word_1_171' title='bbox 3463 1105 3698 1172; x_wconf 81' lang='grc' dir='ltr'>γλῶτταν</span> 
     </span>
    </p>
   </div>
   <div class='ocr_carea' id='block_1_27' title="bbox 2134 1189 3695 1263">
    <p class='ocr_par' dir='ltr' id='par_1_27' title="bbox 2134 1189 3695 1263">
     <span class='ocr_line' id='line_1_27' title="bbox 2134 1189 3695 1263; baseline 0.006 -21"><span class='ocrx_word' id='word_1_172' title='bbox 2134 1190 2350 1258; x_wconf 83' lang='grc' dir='ltr'>ἀγαθὴν</span> <span class='ocrx_word' id='word_1_173' title='bbox 2407 1189 2789 1260; x_wconf 81' lang='grc' dir='ltr'><strong>μαρτυροῦντα</strong></span> <span class='ocrx_word' id='word_1_174' title='bbox 2836 1191 2951 1254; x_wconf 86' lang='grc' dir='ltr'>τοῖς</span> <span class='ocrx_word' id='word_1_175' title='bbox 3000 1192 3310 1263; x_wconf 78' lang='grc' dir='ltr'><strong>εἰρηκόσιν,</strong></span> <span class='ocrx_word' id='word_1_176' title='bbox 3339 1196 3385 1248; x_wconf 79' lang='grc' dir='ltr'>εί</span> <span class='ocrx_word' id='word_1_177' title='bbox 3431 1195 3525 1251; x_wconf 70' lang='grc' dir='ltr'>καὶ</span> <span class='ocrx_word' id='word_1_178' title='bbox 3570 1197 3695 1251; x_wconf 74' lang='grc' dir='ltr'>πολὺ</span> 
     </span>
    </p>
   </div>
   <div class='ocr_carea' id='block_1_28' title="bbox 2133 1281 3693 1360">
    <p class='ocr_par' dir='ltr' id='par_1_28' title="bbox 2133 1281 3693 1360">
     <span class='ocr_line' id='line_1_28' title="bbox 2133 1281 3693 1360; baseline 0.004 -25"><span class='ocrx_word' id='word_1_179' title='bbox 2133 1281 2227 1335; x_wconf 79' lang='grc' dir='ltr'><strong>τοῦ</strong></span> <span class='ocrx_word' id='word_1_180' title='bbox 2261 1282 2629 1352; x_wconf 79' lang='grc' dir='ltr'><strong>προκειμένου</strong></span> <span class='ocrx_word' id='word_1_181' title='bbox 2657 1283 2963 1358; x_wconf 74' lang='grc' dir='ltr'>διήμαρτον</span> <span class='ocrx_word' id='word_1_182' title='bbox 3008 1287 3055 1338; x_wconf 87' lang='grc' dir='ltr'>οἱ</span> <span class='ocrx_word' id='word_1_183' title='bbox 3090 1284 3368 1351; x_wconf 81' lang='grc' dir='ltr'>λέγοντες.</span> <span class='ocrx_word' id='word_1_184' title='bbox 3397 1286 3566 1342; x_wconf 79' lang='grc' dir='ltr'>Τοῦτο</span> <span class='ocrx_word' id='word_1_185' title='bbox 3595 1289 3693 1360; x_wconf 84' lang='grc' dir='ltr'>γὰρ</span> 
     </span>
    </p>
   </div>
   <div class='ocr_carea' id='block_1_29' title="bbox 2133 1374 3696 1450">
    <p class='ocr_par' dir='ltr' id='par_1_29' title="bbox 2133 1374 3696 1450">
     <span class='ocr_line' id='line_1_29' title="bbox 2133 1374 3696 1450; baseline 0.005 -24"><span class='ocrx_word' id='word_1_186' title='bbox 2133 1374 2325 1426; x_wconf 81' lang='grc' dir='ltr'>παθεῖν</span> <span class='ocrx_word' id='word_1_187' title='bbox 2356 1375 2574 1446; x_wconf 80' lang='grc' dir='ltr'><strong>ἀνάγκη</strong></span> <span class='ocrx_word' id='word_1_188' title='bbox 2609 1377 2724 1440; x_wconf 84' lang='grc' dir='ltr'>τοῖς</span> <span class='ocrx_word' id='word_1_189' title='bbox 2769 1376 2867 1428; x_wconf 80' lang='grc' dir='ltr'>σοῦ</span> <span class='ocrx_word' id='word_1_190' title='bbox 2894 1377 2996 1444; x_wconf 79' lang='grc' dir='ltr'>τὴν</span> <span class='ocrx_word' id='word_1_191' title='bbox 3023 1376 3187 1446; x_wconf 80' lang='grc' dir='ltr'>φύσιν</span> <span class='ocrx_word' id='word_1_192' title='bbox 3229 1378 3477 1434; x_wconf 77' lang='grc' dir='ltr'>ἐπαινεῖν</span> <span class='ocrx_word' id='word_1_193' title='bbox 3507 1397 3696 1450; x_wconf 76' lang='grc' dir='ltr'>πειρωο</span> 
     </span>
    </p>
   </div>
   <div class='ocr_carea' id='block_1_30' title="bbox 2135 1463 3695 1536">
    <p class='ocr_par' dir='ltr' id='par_1_30' title="bbox 2135 1463 3695 1536">
     <span class='ocr_line' id='line_1_30' title="bbox 2135 1463 3695 1536; baseline 0.005 -18"><span class='ocrx_word' id='word_1_194' title='bbox 2135 1463 2338 1533; x_wconf 84' lang='grc' dir='ltr'>μένοις.</span> <span class='ocrx_word' id='word_1_195' title='bbox 2371 1466 2538 1536; x_wconf 78' lang='grc' dir='ltr'><strong>Τάμὰ</strong></span> <span class='ocrx_word' id='word_1_196' title='bbox 2565 1467 2621 1520; x_wconf 72' lang='grc' dir='ltr'>δὲ</span> <span class='ocrx_word' id='word_1_197' title='bbox 2670 1465 2845 1519; x_wconf 81' lang='grc' dir='ltr'>ταῦτα</span> <span class='ocrx_word' id='word_1_198' title='bbox 2888 1468 2992 1520; x_wconf 83' lang='grc' dir='ltr'>οὐκ</span> <span class='ocrx_word' id='word_1_199' title='bbox 3030 1465 3148 1524; x_wconf 79' lang='grc' dir='ltr'>οἴδα</span> <span class='ocrx_word' id='word_1_200' title='bbox 3183 1473 3295 1534; x_wconf 89' lang='grc' dir='ltr'>τοῖς</span> <span class='ocrx_word' id='word_1_201' title='bbox 3330 1470 3509 1530; x_wconf 76' lang='grc' dir='ltr'>ἄλλοις</span> <span class='ocrx_word' id='word_1_202' title='bbox 3547 1473 3695 1526; x_wconf 75' lang='grc' dir='ltr'>ὁποῖα</span> 
     </span>
    </p>
   </div>
   <div class='ocr_carea' id='block_1_31' title="bbox 2129 1555 3696 1642">
    <p class='ocr_par' dir='ltr' id='par_1_31' title="bbox 2129 1555 3696 1642">
     <span class='ocr_line' id='line_1_31' title="bbox 2129 1555 3696 1642; baseline 0.004 -32"><span class='ocrx_word' id='word_1_203' title='bbox 2129 1557 2296 1622; x_wconf 81' lang='grc' dir='ltr'>δόξει.</span> <span class='ocrx_word' id='word_1_204' title='bbox 2324 1557 2541 1612; x_wconf 80' lang='grc' dir='ltr'>Μᾶλλον</span> <span class='ocrx_word' id='word_1_205' title='bbox 2585 1558 2642 1611; x_wconf 83' lang='grc' dir='ltr'><strong>δὲ</strong></span> <span class='ocrx_word' id='word_1_206' title='bbox 2678 1559 2738 1632; x_wconf 70' lang='grc' dir='ltr'><strong>εὖ</strong></span> <span class='ocrx_word' id='word_1_207' title='bbox 2773 1555 2897 1613; x_wconf 66' lang='grc' dir='ltr'>οἶδα</span> <span class='ocrx_word' id='word_1_208' title='bbox 2945 1563 3166 1624; x_wconf 84' lang='grc' dir='ltr'>πάντως</span> <span class='ocrx_word' id='word_1_209' title='bbox 3205 1562 3469 1626; x_wconf 80' lang='grc' dir='ltr'>ἔπιεικῶς</span> <span class='ocrx_word' id='word_1_210' title='bbox 3521 1561 3696 1642; x_wconf 65' lang='grc' dir='ltr'>λειπό-</span> 
     </span>
    </p>
   </div>
   <div class='ocr_carea' id='block_1_32' title="bbox 2134 1649 3695 1726">
    <p class='ocr_par' dir='ltr' id='par_1_32' title="bbox 2134 1649 3695 1726">
     <span class='ocr_line' id='line_1_32' title="bbox 2134 1649 3695 1726; baseline 0.003 -22"><span class='ocrx_word' id='word_1_211' title='bbox 2134 1668 2272 1721; x_wconf 88' lang='grc' dir='ltr'>μενα</span> <span class='ocrx_word' id='word_1_212' title='bbox 2308 1653 2403 1722; x_wconf 78' lang='grc' dir='ltr'><strong>τῆς</strong></span> <span class='ocrx_word' id='word_1_213' title='bbox 2439 1649 2619 1717; x_wconf 81' lang='grc' dir='ltr'>ἀξίας,</span> <span class='ocrx_word' id='word_1_214' title='bbox 2649 1654 2742 1706; x_wconf 73' lang='grc' dir='ltr'><strong>καὶ</strong></span> <span class='ocrx_word' id='word_1_215' title='bbox 2775 1654 2866 1710; x_wconf 82' lang='grc' dir='ltr'><strong>τοῦ</strong></span> <span class='ocrx_word' id='word_1_216' title='bbox 2895 1653 2994 1726; x_wconf 78' lang='grc' dir='ltr'>τὴν</span> <span class='ocrx_word' id='word_1_217' title='bbox 3033 1655 3134 1724; x_wconf 82' lang='grc' dir='ltr'><strong>σὴν</strong></span> <span class='ocrx_word' id='word_1_218' title='bbox 3163 1655 3370 1726; x_wconf 80' lang='grc' dir='ltr'>ἀρετὴν</span> <span class='ocrx_word' id='word_1_219' title='bbox 3396 1655 3568 1718; x_wconf 85' lang='grc' dir='ltr'>καλῶς</span> <span class='ocrx_word' id='word_1_220' title='bbox 3591 1655 3695 1722; x_wconf 77' lang='grc' dir='ltr'><strong>ἐξυ-</strong></span> 
     </span>
    </p>
   </div>
   <div class='ocr_carea' id='block_1_33' title="bbox 2133 1739 3690 1816">
    <p class='ocr_par' dir='ltr' id='par_1_33' title="bbox 2133 1739 3690 1816">
     <span class='ocr_line' id='line_1_33' title="bbox 2133 1739 3690 1816; baseline 0.003 -23"><span class='ocrx_word' id='word_1_221' title='bbox 2133 1739 2360 1814; x_wconf 80' lang='grc' dir='ltr'>μνῆσαι,</span> <span class='ocrx_word' id='word_1_222' title='bbox 2401 1745 2597 1815; x_wconf 76' lang='grc' dir='ltr'><strong>ἢγοῦν</strong></span> <span class='ocrx_word' id='word_1_223' title='bbox 2655 1746 2826 1812; x_wconf 76' lang='grc' dir='ltr'>ἐγγὺς</span> <span class='ocrx_word' id='word_1_224' title='bbox 2866 1745 3157 1814; x_wconf 76' lang='grc' dir='ltr'>ἐφικέσθαι</span> <span class='ocrx_word' id='word_1_225' title='bbox 3201 1747 3299 1801; x_wconf 71' lang='grc' dir='ltr'>τοῦ</span> <span class='ocrx_word' id='word_1_226' title='bbox 3355 1748 3690 1816; x_wconf 84' lang='grc' dir='ltr'>γιγνομένου.</span> 
     </span>
    </p>
   </div>
   <div class='ocr_carea' id='block_1_34' title="bbox 447 1820 2015 1909">
    <p class='ocr_par' dir='ltr' id='par_1_34' title="bbox 447 1821 2015 1896">
     <span class='ocr_line' id='line_1_34' title="bbox 447 1821 2015 1896; baseline 0.008 -24"><span class='ocrx_word' id='word_1_227' title='bbox 447 1821 805 1876; x_wconf 77' lang='lat' dir='ltr'><strong>accesserint.</strong></span> <span class='ocrx_word' id='word_1_228' title='bbox 833 1823 912 1876; x_wconf 90' lang='lat' dir='ltr'><strong>Tu</strong></span> <span class='ocrx_word' id='word_1_229' title='bbox 945 1835 1133 1878; x_wconf 89' lang='lat' dir='ltr'><strong>autem</strong></span> <span class='ocrx_word' id='word_1_230' title='bbox 1190 1825 1330 1880; x_wconf 87' lang='lat' dir='ltr'><strong>bene</strong></span> <span class='ocrx_word' id='word_1_231' title='bbox 1388 1826 1526 1891; x_wconf 88' lang='lat' dir='ltr'><strong>scio,</strong></span> <span class='ocrx_word' id='word_1_232' title='bbox 1575 1841 1674 1896; x_wconf 91' lang='lat' dir='ltr'><strong>pro</strong></span> <span class='ocrx_word' id='word_1_233' title='bbox 1719 1827 1794 1881; x_wconf 90' lang='lat' dir='ltr'><strong>tui</strong></span> <span class='ocrx_word' id='word_1_234' title='bbox 1828 1828 1882 1882; x_wconf 92' lang='lat' dir='ltr'><strong>in</strong></span> <span class='ocrx_word' id='word_1_235' title='bbox 1935 1844 2015 1884; x_wconf 87' lang='lat' dir='ltr'><strong>me</strong></span> 
     </span>
    </p>
   </div>
   <div class='ocr_carea' id='block_1_35' title="bbox 2136 1820 3691 1909">
    <p class='ocr_par' dir='ltr' id='par_1_35' title="bbox 2136 1831 3691 1909">
     <span class='ocr_line' id='line_1_35' title="bbox 2136 1831 3691 1909; baseline 0 -21"><span class='ocrx_word' id='word_1_236' title='bbox 2136 1837 2200 1888; x_wconf 81' lang='grc' dir='ltr'><strong>Σὺ</strong></span> <span class='ocrx_word' id='word_1_237' title='bbox 2230 1835 2275 1889; x_wconf 80' lang='grc' dir='ltr'>δ’</span> <span class='ocrx_word' id='word_1_238' title='bbox 2304 1831 2362 1888; x_wconf 83' lang='grc' dir='ltr'>εὖ</span> <span class='ocrx_word' id='word_1_239' title='bbox 2399 1831 2496 1890; x_wconf 81' lang='grc' dir='ltr'>οἷδ’</span> <span class='ocrx_word' id='word_1_240' title='bbox 2526 1837 2605 1890; x_wconf 85' lang='grc' dir='ltr'>ὅτι</span> <span class='ocrx_word' id='word_1_241' title='bbox 2657 1836 2734 1906; x_wconf 82' lang='grc' dir='ltr'>τῷ</span> <span class='ocrx_word' id='word_1_242' title='bbox 2766 1837 2904 1907; x_wconf 80' lang='grc' dir='ltr'>πρὸς</span> <span class='ocrx_word' id='word_1_243' title='bbox 2939 1840 3086 1908; x_wconf 80' lang='grc' dir='ltr'>ἡμᾶς</span> <span class='ocrx_word' id='word_1_244' title='bbox 3148 1841 3444 1909; x_wconf 84' lang='grc' dir='ltr'>μεμηνότι,</span> <span class='ocrx_word' id='word_1_245' title='bbox 3498 1841 3588 1890; x_wconf 83' lang='grc' dir='ltr'>καὶ</span> <span class='ocrx_word' id='word_1_246' title='bbox 3624 1838 3691 1907; x_wconf 82' lang='grc' dir='ltr'><strong>τῷ</strong></span> 
     </span>
    </p>
   </div>
   <div class='ocr_carea' id='block_1_36' title="bbox 444 1913 2019 1990">
    <p class='ocr_par' dir='ltr' id='par_1_36' title="bbox 444 1913 2019 1990">
     <span class='ocr_line' id='line_1_36' title="bbox 444 1913 2019 1990; baseline 0.008 -26"><span class='ocrx_word' id='word_1_247' title='bbox 444 1913 651 1968; x_wconf 88' lang='lat' dir='ltr'><strong>amoris</strong></span> <span class='ocrx_word' id='word_1_248' title='bbox 706 1925 896 1982; x_wconf 70' lang='lat' dir='ltr'><strong>(nstro,</strong></span> <span class='ocrx_word' id='word_1_249' title='bbox 942 1931 1052 1986; x_wconf 87' lang='lat' dir='ltr'><strong>quo</strong></span> <span class='ocrx_word' id='word_1_250' title='bbox 1113 1918 1251 1974; x_wconf 87' lang='lat' dir='ltr'><strong>meis</strong></span> <span class='ocrx_word' id='word_1_251' title='bbox 1297 1920 1472 1989; x_wconf 83' lang='lat' dir='ltr'><strong>magis</strong></span> <span class='ocrx_word' id='word_1_252' title='bbox 1525 1920 1789 1990; x_wconf 81' lang='lat' dir='ltr'><strong>gaudeas,</strong></span> <span class='ocrx_word' id='word_1_253' title='bbox 1855 1937 2019 1990; x_wconf 90' lang='lat' dir='ltr'><strong>quam</strong></span> 
     </span>
    </p>
   </div>
   <div class='ocr_carea' id='block_1_37' title="bbox 442 2006 2022 2081">
    <p class='ocr_par' dir='ltr' id='par_1_37' title="bbox 442 2006 2022 2081">
     <span class='ocr_line' id='line_1_37' title="bbox 442 2006 2022 2081; baseline 0.006 -22"><span class='ocrx_word' id='word_1_254' title='bbox 442 2006 621 2060; x_wconf 85' lang='lat' dir='ltr'><strong>amica</strong></span> <span class='ocrx_word' id='word_1_255' title='bbox 655 2007 838 2078; x_wconf 85' lang='lat' dir='ltr'><strong>quiete</strong></span> <span class='ocrx_word' id='word_1_256' title='bbox 869 2009 962 2078; x_wconf 85' lang='lat' dir='ltr'><strong>qui</strong></span> <span class='ocrx_word' id='word_1_257' title='bbox 996 2009 1144 2064; x_wconf 86' lang='lat' dir='ltr'><strong>illam</strong></span> <span class='ocrx_word' id='word_1_258' title='bbox 1161 2023 1588 2081; x_wconf 88' lang='lat' dir='ltr'><strong>persequuntur,</strong></span> <span class='ocrx_word' id='word_1_259' title='bbox 1616 2028 1742 2068; x_wconf 89' lang='lat' dir='ltr'><strong>cum</strong></span> <span class='ocrx_word' id='word_1_260' title='bbox 1769 2028 1832 2068; x_wconf 88' lang='lat' dir='ltr'><strong>ea</strong></span> <span class='ocrx_word' id='word_1_261' title='bbox 1866 2013 2022 2069; x_wconf 84' lang='lat' dir='ltr'><strong>laetus</strong></span> 
     </span>
    </p>
   </div>
   <div class='ocr_carea' id='block_1_38' title="bbox 442 2097 2024 2174">
    <p class='ocr_par' dir='ltr' id='par_1_38' title="bbox 442 2097 2024 2174">
     <span class='ocr_line' id='line_1_38' title="bbox 442 2097 2024 2174; baseline 0.008 -26"><span class='ocrx_word' id='word_1_262' title='bbox 442 2097 734 2165; x_wconf 82' lang='lat' dir='ltr'><strong>susripies,</strong></span> <span class='ocrx_word' id='word_1_263' title='bbox 775 2107 888 2152; x_wconf 92' lang='lat' dir='ltr'><strong>tum</strong></span> <span class='ocrx_word' id='word_1_264' title='bbox 947 2100 1174 2156; x_wconf 89' lang='lat' dir='ltr'><strong>habebis</strong></span> <span class='ocrx_word' id='word_1_265' title='bbox 1226 2103 1485 2160; x_wconf 88' lang='lat' dir='ltr'><strong>omnibus</strong></span> <span class='ocrx_word' id='word_1_266' title='bbox 1533 2105 1770 2174; x_wconf 84' lang='lat' dir='ltr'><strong>potiora.</strong></span> <span class='ocrx_word' id='word_1_267' title='bbox 1829 2104 1936 2159; x_wconf 85' lang='lat' dir='ltr'><strong>Sed</strong></span> <span class='ocrx_word' id='word_1_268' title='bbox 1969 2114 2024 2160; x_wconf 88' lang='lat' dir='ltr'><strong>et</strong></span> 
     </span>
    </p>
   </div>
   <div class='ocr_carea' id='block_1_39' title="bbox 381 2189 2019 2264">
    <p class='ocr_par' dir='ltr' id='par_1_39' title="bbox 381 2189 2019 2264">
     <span class='ocr_line' id='line_1_39' title="bbox 381 2189 2019 2264; baseline 0.012 -30"><span class='ocrx_word' id='word_1_269' title='bbox 381 2235 384 2242; x_wconf 81' lang='grc'><strong>,</strong></span> <span class='ocrx_word' id='word_1_270' title='bbox 443 2201 562 2250; x_wconf 88' lang='lat' dir='ltr'><strong>vos,</strong></span> <span class='ocrx_word' id='word_1_271' title='bbox 640 2189 943 2258; x_wconf 91' lang='lat' dir='ltr'><strong>auditores,</strong></span> <span class='ocrx_word' id='word_1_272' title='bbox 1010 2195 1236 2248; x_wconf 84' lang='lat' dir='ltr'><strong>arduam</strong></span> <span class='ocrx_word' id='word_1_273' title='bbox 1305 2205 1616 2264; x_wconf 86' lang='lat' dir='ltr'><strong>spectantes</strong></span> <span class='ocrx_word' id='word_1_274' title='bbox 1678 2199 2019 2253; x_wconf 85' lang='lat' dir='ltr'><strong>molitionem</strong></span> 
     </span>
    </p>
   </div>
   <div class='ocr_carea' id='block_1_40' title="bbox 439 2276 2018 2358">
    <p class='ocr_par' dir='ltr' id='par_1_40' title="bbox 439 2276 2018 2358">
     <span class='ocr_line' id='line_1_40' title="bbox 439 2276 2018 2358; baseline 0.008 -27"><span class='ocrx_word' id='word_1_275' title='bbox 439 2276 656 2331; x_wconf 70' lang='lat' dir='ltr'><strong>Veniam</strong></span> <span class='ocrx_word' id='word_1_276' title='bbox 691 2279 870 2334; x_wconf 88' lang='lat' dir='ltr'><strong>daturi</strong></span> <span class='ocrx_word' id='word_1_277' title='bbox 904 2282 1060 2349; x_wconf 93' lang='lat' dir='ltr'><strong>estis,</strong></span> <span class='ocrx_word' id='word_1_278' title='bbox 1092 2293 1149 2337; x_wconf 89' lang='lat' dir='ltr'><strong>ut</strong></span> <span class='ocrx_word' id='word_1_279' title='bbox 1181 2285 1361 2341; x_wconf 86' lang='lat' dir='ltr'><strong>minus</strong></span> <span class='ocrx_word' id='word_1_280' title='bbox 1393 2285 1612 2340; x_wconf 88' lang='lat' dir='ltr'><strong>licuerit</strong></span> <span class='ocrx_word' id='word_1_281' title='bbox 1646 2302 1794 2342; x_wconf 89' lang='lat' dir='ltr'><strong>mare</strong></span> <span class='ocrx_word' id='word_1_282' title='bbox 1819 2289 2018 2358; x_wconf 83' lang='lat' dir='ltr'><strong>cotylis</strong></span> 
     </span>
    </p>
   </div>
   <div class='ocr_carea' id='block_1_41' title="bbox 441 2368 2016 2447">
    <p class='ocr_par' dir='ltr' id='par_1_41' title="bbox 441 2368 2016 2447">
     <span class='ocr_line' id='line_1_41' title="bbox 441 2368 2016 2447; baseline 0.01 -27"><span class='ocrx_word' id='word_1_283' title='bbox 441 2368 644 2434; x_wconf 87' lang='lat' dir='ltr'><strong>metiri,</strong></span> <span class='ocrx_word' id='word_1_284' title='bbox 675 2381 995 2444; x_wconf 84' lang='lat' dir='ltr'><strong>tantumque</strong></span> <span class='ocrx_word' id='word_1_285' title='bbox 1019 2377 1168 2429; x_wconf 85' lang='lat' dir='ltr'><strong>velut</strong></span> <span class='ocrx_word' id='word_1_286' title='bbox 1197 2392 1228 2430; x_wconf 81' lang='grc' dir='ltr'><strong>ο</strong></span> <span class='ocrx_word' id='word_1_287' title='bbox 1247 2379 1476 2447; x_wconf 88' lang='lat' dir='ltr'><strong>perenni</strong></span> <span class='ocrx_word' id='word_1_288' title='bbox 1498 2379 1722 2436; x_wconf 81' lang='lat' dir='ltr'><strong>ﬂumine</strong></span> <span class='ocrx_word' id='word_1_289' title='bbox 1743 2382 2016 2436; x_wconf 88' lang='lat' dir='ltr'><strong>modicum</strong></span> 
     </span>
    </p>
   </div>
   <div class='ocr_carea' id='block_1_42' title="bbox 440 2461 2019 2543">
    <p class='ocr_par' dir='ltr' id='par_1_42' title="bbox 440 2461 2019 2543">
     <span class='ocr_line' id='line_1_42' title="bbox 440 2461 2019 2543; baseline 0.01 -29"><span class='ocrx_word' id='word_1_290' title='bbox 440 2461 568 2529; x_wconf 89' lang='lat' dir='ltr'><strong>quid</strong></span> <span class='ocrx_word' id='word_1_291' title='bbox 596 2463 930 2528; x_wconf 85' lang='lat' dir='ltr'><strong>haurientes,</strong></span> <span class='ocrx_word' id='word_1_292' title='bbox 963 2470 1294 2537; x_wconf 77' lang='lat' dir='ltr'><strong>gustandum</strong></span> <span class='ocrx_word' id='word_1_293' title='bbox 1324 2472 1744 2539; x_wconf 83' lang='lat' dir='ltr'><strong>praebuerimus,</strong></span> <span class='ocrx_word' id='word_1_294' title='bbox 1767 2488 1877 2543; x_wconf 87' lang='lat' dir='ltr'><strong>quo</strong></span> <span class='ocrx_word' id='word_1_295' title='bbox 1899 2474 2019 2543; x_wconf 86' lang='lat' dir='ltr'><strong>ejus</strong></span> 
     </span>
    </p>
   </div>
   <div class='ocr_carea' id='block_1_43' title="bbox 437 2558 2018 2657">
    <p class='ocr_par' dir='ltr' id='par_1_43' title="bbox 437 2558 2018 2657">
     <span class='ocr_line' id='line_1_43' title="bbox 437 2558 2018 2657; baseline 0.01 -51"><span class='ocrx_word' id='word_1_296' title='bbox 437 2568 581 2657; x_wconf 73' lang='lat' dir='ltr'><strong>aqua</strong></span> <span class='ocrx_word' id='word_1_297' title='bbox 615 2571 780 2625; x_wconf 89' lang='lat' dir='ltr'><strong>quam</strong></span> <span class='ocrx_word' id='word_1_298' title='bbox 812 2558 883 2613; x_wconf 85' lang='lat' dir='ltr'><strong>sit</strong></span> <span class='ocrx_word' id='word_1_299' title='bbox 912 2559 1108 2628; x_wconf 88' lang='lat' dir='ltr'><strong>dulcis,</strong></span> <span class='ocrx_word' id='word_1_300' title='bbox 1145 2577 1424 2633; x_wconf 81' lang='lat' dir='ltr'><strong>quamque</strong></span> <span class='ocrx_word' id='word_1_301' title='bbox 1458 2563 1704 2634; x_wconf 88' lang='lat' dir='ltr'><strong>limpida,</strong></span> <span class='ocrx_word' id='word_1_302' title='bbox 1750 2581 1816 2620; x_wconf 73' lang='lat' dir='ltr'><strong>ex</strong></span> <span class='ocrx_word' id='word_1_303' title='bbox 1862 2578 2018 2636; x_wconf 84' lang='lat' dir='ltr'><strong>parte</strong></span> 
     </span>
    </p>
   </div>
   <div class='ocr_carea' id='block_1_44' title="bbox 436 2648 913 2715">
    <p class='ocr_par' dir='ltr' id='par_1_44' title="bbox 436 2648 913 2715">
     <span class='ocr_line' id='line_1_44' title="bbox 436 2648 913 2715; baseline 0.017 -16"><span class='ocrx_word' id='word_1_304' title='bbox 436 2648 558 2715; x_wconf 81' lang='lat' dir='ltr'><strong>ipsa</strong></span> <span class='ocrx_word' id='word_1_305' title='bbox 586 2648 913 2707; x_wconf 85' lang='lat' dir='ltr'><strong>innotuerit.</strong></span> 
     </span>
    </p>
   </div>
   <div class='ocr_carea' id='block_1_45' title="bbox 447 2867 1298 2904">
    <p class='ocr_par' dir='ltr' id='par_1_45' title="bbox 447 2867 1298 2904">
     <span class='ocr_line' id='line_1_45' title="bbox 447 2867 1298 2904; baseline 0.006 -5"><span class='ocrx_word' id='word_1_306' title='bbox 447 2867 1298 2904; x_wconf 48' lang='grc' dir='ltr'><strong>*ξ’-’Μ</strong></span> 
     </span>
    </p>
   </div>
   <div class='ocr_carea' id='block_1_46' title="bbox 2127 1927 3692 2002">
    <p class='ocr_par' dir='ltr' id='par_1_46' title="bbox 2127 1927 3692 2002">
     <span class='ocr_line' id='line_1_46' title="bbox 2127 1927 3692 2002; baseline 0.001 -22"><span class='ocrx_word' id='word_1_307' title='bbox 2127 1927 2345 1997; x_wconf 78' lang='grc' dir='ltr'>χαίρειν</span> <span class='ocrx_word' id='word_1_308' title='bbox 2377 1931 2494 1991; x_wconf 84' lang='grc' dir='ltr'>τοῖς</span> <span class='ocrx_word' id='word_1_309' title='bbox 2526 1929 2681 1997; x_wconf 76' lang='grc' dir='ltr'>ἐμοῖς</span> <span class='ocrx_word' id='word_1_310' title='bbox 2711 1929 2936 1996; x_wconf 78' lang='grc' dir='ltr'>μᾶλλον,</span> <span class='ocrx_word' id='word_1_311' title='bbox 2975 1930 3008 2002; x_wconf 82' lang='grc' dir='ltr'>ἢ</span> <span class='ocrx_word' id='word_1_312' title='bbox 3039 1930 3117 2000; x_wconf 83' lang='grc' dir='ltr'>τῷ</span> <span class='ocrx_word' id='word_1_313' title='bbox 3150 1930 3424 2002; x_wconf 77' lang='grc' dir='ltr'>ῥᾳθυμεῖν</span> <span class='ocrx_word' id='word_1_314' title='bbox 3462 1930 3512 1983; x_wconf 78' lang='grc' dir='ltr'><strong>οἱ</strong></span> <span class='ocrx_word' id='word_1_315' title='bbox 3549 1929 3692 1982; x_wconf 74' lang='grc' dir='ltr'>τοῦτο</span> 
     </span>
    </p>
   </div>
   <div class='ocr_carea' id='block_1_47' title="bbox 2125 2017 3692 2094">
    <p class='ocr_par' dir='ltr' id='par_1_47' title="bbox 2125 2017 3692 2094">
     <span class='ocr_line' id='line_1_47' title="bbox 2125 2017 3692 2094; baseline 0.003 -24"><span class='ocrx_word' id='word_1_316' title='bbox 2125 2017 2437 2083; x_wconf 82' lang='grc' dir='ltr'>διώκοντες,</span> <span class='ocrx_word' id='word_1_317' title='bbox 2469 2019 2564 2073; x_wconf 74' lang='grc' dir='ltr'><strong>καὶ</strong></span> <span class='ocrx_word' id='word_1_318' title='bbox 2614 2021 2849 2092; x_wconf 75' lang='grc' dir='ltr'>ὑποδέξῃ</span> <span class='ocrx_word' id='word_1_319' title='bbox 2878 2022 3051 2075; x_wconf 83' lang='grc' dir='ltr'>ταῦτα</span> <span class='ocrx_word' id='word_1_320' title='bbox 3096 2023 3195 2075; x_wconf 82' lang='grc' dir='ltr'><strong>σὺν</strong></span> <span class='ocrx_word' id='word_1_321' title='bbox 3243 2024 3573 2094; x_wconf 77' lang='grc' dir='ltr'>εὐφροσύνῃ,</span> <span class='ocrx_word' id='word_1_322' title='bbox 3606 2017 3692 2074; x_wconf 69' lang='grc' dir='ltr'><strong>καὶ</strong></span> 
     </span>
    </p>
   </div>
   <div class='ocr_carea' id='block_1_48' title="bbox 2123 2113 3692 2183">
    <p class='ocr_par' dir='ltr' id='par_1_48' title="bbox 2123 2113 3692 2183">
     <span class='ocr_line' id='line_1_48' title="bbox 2123 2113 3692 2183; baseline 0.002 -20"><span class='ocrx_word' id='word_1_323' title='bbox 2123 2113 2486 2182; x_wconf 83' lang='grc' dir='ltr'>προτιμήσεις</span> <span class='ocrx_word' id='word_1_324' title='bbox 2516 2113 2628 2166; x_wconf 87' lang='grc' dir='ltr'><strong>τῶν</strong></span> <span class='ocrx_word' id='word_1_325' title='bbox 2649 2113 2824 2166; x_wconf 77' lang='grc' dir='ltr'><strong>ἄλλων</strong></span> <span class='ocrx_word' id='word_1_326' title='bbox 2846 2114 3084 2166; x_wconf 85' lang='grc' dir='ltr'>πάντων.</span> <span class='ocrx_word' id='word_1_327' title='bbox 3119 2113 3507 2183; x_wconf 83' lang='grc' dir='ltr'>Συγγνώσεσθε</span> <span class='ocrx_word' id='word_1_328' title='bbox 3527 2114 3580 2166; x_wconf 72' lang='grc' dir='ltr'>δὲ</span> <span class='ocrx_word' id='word_1_329' title='bbox 3609 2113 3692 2166; x_wconf 81' lang='grc' dir='ltr'>καὶ</span> 
     </span>
    </p>
   </div>
   <div class='ocr_carea' id='block_1_49' title="bbox 2126 2201 3689 2276">
    <p class='ocr_par' dir='ltr' id='par_1_49' title="bbox 2126 2201 3689 2276">
     <span class='ocr_line' id='line_1_49' title="bbox 2126 2201 3689 2276; baseline -0.002 -18"><span class='ocrx_word' id='word_1_330' title='bbox 2126 2205 2311 2276; x_wconf 78' lang='grc' dir='ltr'>ὑμεῖς,</span> <span class='ocrx_word' id='word_1_331' title='bbox 2345 2201 2390 2260; x_wconf 83' lang='grc' dir='ltr'>ὧ</span> <span class='ocrx_word' id='word_1_332' title='bbox 2440 2207 2729 2276; x_wconf 81' lang='grc' dir='ltr'>παρόντες,</span> <span class='ocrx_word' id='word_1_333' title='bbox 2763 2205 2859 2260; x_wconf 82' lang='grc' dir='ltr'>τοῦ</span> <span class='ocrx_word' id='word_1_334' title='bbox 2916 2206 3324 2275; x_wconf 73' lang='grc' dir='ltr'>ἐγχειρήματος</span> <span class='ocrx_word' id='word_1_335' title='bbox 3369 2206 3429 2260; x_wconf 84' lang='grc' dir='ltr'><strong>τὸ</strong></span> <span class='ocrx_word' id='word_1_336' title='bbox 3481 2206 3689 2266; x_wconf 79' lang='grc' dir='ltr'>ἄναντες</span> 
     </span>
    </p>
   </div>
   <div class='ocr_carea' id='block_1_50' title="bbox 2123 2295 3687 2367">
    <p class='ocr_par' dir='ltr' id='par_1_50' title="bbox 2123 2295 3687 2367">
     <span class='ocr_line' id='line_1_50' title="bbox 2123 2295 3687 2367; baseline 0 -19"><span class='ocrx_word' id='word_1_337' title='bbox 2123 2295 2456 2361; x_wconf 73' lang='grc' dir='ltr'>ἐννοοῦντες,</span> <span class='ocrx_word' id='word_1_338' title='bbox 2492 2297 2542 2348; x_wconf 79' lang='grc' dir='ltr'>εἰ</span> <span class='ocrx_word' id='word_1_339' title='bbox 2583 2297 2658 2367; x_wconf 78' lang='grc' dir='ltr'><strong>μὴ</strong></span> <span class='ocrx_word' id='word_1_340' title='bbox 2690 2295 2945 2359; x_wconf 78' lang='grc' dir='ltr'>κοτύλαις</span> <span class='ocrx_word' id='word_1_341' title='bbox 2977 2296 3042 2348; x_wconf 80' lang='grc' dir='ltr'>τὸ</span> <span class='ocrx_word' id='word_1_342' title='bbox 3076 2295 3318 2364; x_wconf 80' lang='grc' dir='ltr'>πέλαγος</span> <span class='ocrx_word' id='word_1_343' title='bbox 3348 2297 3687 2366; x_wconf 73' lang='grc' dir='ltr'>μεμετρήκα-</span> 
     </span>
    </p>
   </div>
   <div class='ocr_carea' id='block_1_51' title="bbox 2127 2387 3688 2458">
    <p class='ocr_par' dir='ltr' id='par_1_51' title="bbox 2127 2387 3688 2458">
     <span class='ocr_line' id='line_1_51' title="bbox 2127 2387 3688 2458; baseline -0.003 -17"><span class='ocrx_word' id='word_1_344' title='bbox 2127 2405 2249 2458; x_wconf 86' lang='grc' dir='ltr'>μεν,</span> <span class='ocrx_word' id='word_1_345' title='bbox 2285 2387 2403 2442; x_wconf 80' lang='grc' dir='ltr'><strong>ἀλλ’</strong></span> <span class='ocrx_word' id='word_1_346' title='bbox 2428 2387 2506 2451; x_wconf 82' lang='grc' dir='ltr'>ὡς</span> <span class='ocrx_word' id='word_1_347' title='bbox 2538 2389 2601 2442; x_wconf 84' lang='grc' dir='ltr'>ὲκ</span> <span class='ocrx_word' id='word_1_348' title='bbox 2633 2389 2884 2458; x_wconf 81' lang='grc' dir='ltr'>ποταμοῦ</span> <span class='ocrx_word' id='word_1_349' title='bbox 2912 2405 3058 2450; x_wconf 89' lang='grc' dir='ltr'>τινος</span> <span class='ocrx_word' id='word_1_350' title='bbox 3091 2388 3327 2442; x_wconf 82' lang='grc' dir='ltr'>ἁεννάου</span> <span class='ocrx_word' id='word_1_351' title='bbox 3369 2387 3688 2456; x_wconf 79' lang='grc' dir='ltr'>ἀρυσάμενοι</span> 
     </span>
    </p>
   </div>
   <div class='ocr_carea' id='block_1_52' title="bbox 2121 2476 3689 2550">
    <p class='ocr_par' dir='ltr' id='par_1_52' title="bbox 2121 2476 3689 2550">
     <span class='ocr_line' id='line_1_52' title="bbox 2121 2476 3689 2550; baseline -0.002 -17"><span class='ocrx_word' id='word_1_352' title='bbox 2121 2480 2247 2533; x_wconf 75' lang='grc' dir='ltr'>ὅσον</span> <span class='ocrx_word' id='word_1_353' title='bbox 2284 2476 2400 2534; x_wconf 77' lang='grc' dir='ltr'>οἷόν</span> <span class='ocrx_word' id='word_1_354' title='bbox 2434 2498 2516 2546; x_wconf 85' lang='grc' dir='ltr'><strong>τε,</strong></span> <span class='ocrx_word' id='word_1_355' title='bbox 2550 2481 2862 2549; x_wconf 76' lang='grc' dir='ltr'>δεδώκαμεν</span> <span class='ocrx_word' id='word_1_356' title='bbox 2890 2481 3022 2550; x_wconf 82' lang='grc' dir='ltr'>ὑμῖν</span> <span class='ocrx_word' id='word_1_357' title='bbox 3067 2480 3395 2548; x_wconf 80' lang='grc' dir='ltr'>γεύσασθαι,</span> <span class='ocrx_word' id='word_1_358' title='bbox 3423 2479 3499 2542; x_wconf 76' lang='grc' dir='ltr'>ὡς</span> <span class='ocrx_word' id='word_1_359' title='bbox 3543 2479 3606 2532; x_wconf 77' lang='grc' dir='ltr'><strong>ἂν</strong></span> <span class='ocrx_word' id='word_1_360' title='bbox 3635 2477 3689 2530; x_wconf 80' lang='grc' dir='ltr'>τὸ</span> 
     </span>
    </p>
   </div>
   <div class='ocr_carea' id='block_1_53' title="bbox 2122 2557 3690 2643">
    <p class='ocr_par' dir='ltr' id='par_1_53' title="bbox 2122 2557 3690 2643">
     <span class='ocr_line' id='line_1_53' title="bbox 2122 2557 3690 2643; baseline 0 -19"><span class='ocrx_word' id='word_1_361' title='bbox 2122 2573 2356 2640; x_wconf 80' lang='grc' dir='ltr'>πότιμον</span> <span class='ocrx_word' id='word_1_362' title='bbox 2389 2574 2599 2627; x_wconf 74' lang='grc' dir='ltr'>ἐκείνου</span> <span class='ocrx_word' id='word_1_363' title='bbox 2630 2575 2726 2628; x_wconf 81' lang='grc' dir='ltr'>καὶ</span> <span class='ocrx_word' id='word_1_364' title='bbox 2763 2573 2956 2636; x_wconf 80' lang='grc' dir='ltr'>διειδὲς</span> <span class='ocrx_word' id='word_1_365' title='bbox 2987 2573 3099 2628; x_wconf 77' lang='grc' dir='ltr'><strong>ἀπὸ</strong></span> <span class='ocrx_word' id='word_1_366' title='bbox 3128 2572 3226 2626; x_wconf 74' lang='grc' dir='ltr'>τοῦ</span> <span class='ocrx_word' id='word_1_367' title='bbox 3263 2573 3464 2643; x_wconf 72' lang='grc' dir='ltr'>μέρους</span> <span class='ocrx_word' id='word_1_368' title='bbox 3491 2557 3690 2640; x_wconf 66' lang='grc' dir='ltr'>γένοιτο</span> 
     </span>
    </p>
   </div>
   <div class='ocr_carea' id='block_1_54' title="bbox 2120 2663 2304 2734">
    <p class='ocr_par' dir='ltr' id='par_1_54' title="bbox 2120 2663 2304 2734">
     <span class='ocr_line' id='line_1_54' title="bbox 2120 2663 2304 2734; baseline 0.011 -18"><span class='ocrx_word' id='word_1_369' title='bbox 2120 2663 2304 2734; x_wconf 80' lang='grc' dir='ltr'>δῆλον.</span> 
     </span>
    </p>
   </div>
   <div class='ocr_carea' id='block_1_55' title="bbox 1301 2875 3656 2911">
    <p class='ocr_par' dir='ltr' id='par_1_55' title="bbox 1301 2875 3656 2911">
     <span class='ocr_line' id='line_1_55' title="bbox 1301 2875 3656 2911; baseline 0.003 -7"><span class='ocrx_word' id='word_1_370' title='bbox 1301 2875 3656 2911; x_wconf 62' lang='lat' dir='ltr'><em>W</em></span> 
     </span>
    </p>
   </div>
   <div class='ocr_carea' id='block_1_56' title="bbox 1351 3069 2764 3191">
    <p class='ocr_par' dir='ltr' id='par_1_56' title="bbox 1351 3069 2764 3191">
     <span class='ocr_line' id='line_1_56' title="bbox 1351 3069 2764 3191; baseline 0.006 -8"><span class='ocrx_word' id='word_1_371' title='bbox 1351 3070 1509 3185; x_wconf 84' lang='lat' dir='ltr'><strong>SC</strong></span> <span class='ocrx_word' id='word_1_372' title='bbox 1532 3071 1817 3185; x_wconf 70' lang='lat' dir='ltr'><strong>lT/E</strong></span> <span class='ocrx_word' id='word_1_373' title='bbox 1900 3071 2155 3186; x_wconf 86' lang='lat' dir='ltr'><strong>SEN</strong></span> <span class='ocrx_word' id='word_1_374' title='bbox 2177 3069 2454 3190; x_wconf 88' lang='lat' dir='ltr'><strong>TEN</strong></span> <span class='ocrx_word' id='word_1_375' title='bbox 2475 3078 2764 3191; x_wconf 66' lang='lat' dir='ltr'><strong>TIZE</strong></span> 
     </span>
    </p>
   </div>
   <div class='ocr_carea' id='block_1_57' title="bbox 1577 3276 2525 3338">
    <p class='ocr_par' dir='ltr' id='par_1_57' title="bbox 1577 3276 2525 3338">
     <span class='ocr_line' id='line_1_57' title="bbox 1577 3276 2525 3338; baseline 0.008 -7"><span class='ocrx_word' id='word_1_376' title='bbox 1577 3277 1664 3332; x_wconf 81' lang='lat' dir='ltr'><strong>AC</strong></span> <span class='ocrx_word' id='word_1_377' title='bbox 1713 3276 1944 3334; x_wconf 77' lang='lat' dir='ltr'><strong>VELUT</strong></span> <span class='ocrx_word' id='word_1_378' title='bbox 1996 3278 2525 3338; x_wconf 82' lang='lat' dir='ltr'><strong>PROVERBIALES</strong></span> 
     </span>
    </p>
   </div>
   <div class='ocr_carea' id='block_1_58' title="bbox 547 3418 3572 3510">
    <p class='ocr_par' dir='ltr' id='par_1_58' title="bbox 547 3418 3572 3510">
     <span class='ocr_line' id='line_1_58' title="bbox 547 3418 3572 3510; baseline 0.006 -33"><span class='ocrx_word' id='word_1_379' title='bbox 547 3418 800 3492; x_wconf 86' lang='lat' dir='ltr'><strong>Quibus</strong></span> <span class='ocrx_word' id='word_1_380' title='bbox 835 3435 950 3481; x_wconf 87' lang='lat' dir='ltr'><strong>ceu</strong></span> <span class='ocrx_word' id='word_1_381' title='bbox 1005 3421 1275 3500; x_wconf 81' lang='lat' dir='ltr'><strong>gemmis</strong></span> <span class='ocrx_word' id='word_1_382' title='bbox 1338 3419 1794 3482; x_wconf 88' lang='lat' dir='ltr'><strong>iiiustrissimis</strong></span> <span class='ocrx_word' id='word_1_383' title='bbox 1827 3422 2066 3484; x_wconf 83' lang='lat' dir='ltr'><strong>intexta</strong></span> <span class='ocrx_word' id='word_1_384' title='bbox 2123 3425 2446 3488; x_wconf 85' lang='lat' dir='ltr'><strong>Manuelis</strong></span> <span class='ocrx_word' id='word_1_385' title='bbox 2500 3427 2749 3504; x_wconf 84' lang='lat' dir='ltr'><strong>Oratio,</strong></span> <span class='ocrx_word' id='word_1_386' title='bbox 2806 3429 3104 3510; x_wconf 75' lang='lat' dir='ltr'><strong>prteeiare</strong></span> <span class='ocrx_word' id='word_1_387' title='bbox 3158 3430 3572 3510; x_wconf 89' lang='lat' dir='ltr'><strong>splendorem</strong></span> 
     </span>
    </p>
   </div>
   <div class='ocr_carea' id='block_1_59' title="bbox 1955 3526 2167 3589">
    <p class='ocr_par' dir='ltr' id='par_1_59' title="bbox 1955 3526 2167 3589">
     <span class='ocr_line' id='line_1_59' title="bbox 1955 3526 2167 3589; baseline 0.009 -3"><span class='ocrx_word' id='word_1_388' title='bbox 1955 3526 2167 3589; x_wconf 77' lang='lat' dir='ltr'><strong>babeL</strong></span> 
     </span>
    </p>
   </div>
   <div class='ocr_carea' id='block_1_60' title="bbox 490 3793 1888 3864">
    <p class='ocr_par' dir='ltr' id='par_1_60' title="bbox 490 3793 1888 3864">
     <span class='ocr_line' id='line_1_60' title="bbox 490 3793 1888 3864; baseline -0.004 -18"><span class='ocrx_word' id='word_1_389' title='bbox 490 3796 731 3864; x_wconf 69' lang='lat' dir='ltr'><strong>Maximos</strong></span> <span class='ocrx_word' id='word_1_390' title='bbox 763 3797 980 3864; x_wconf 68' lang='lat' dir='ltr'><strong>maxime</strong></span> <span class='ocrx_word' id='word_1_391' title='bbox 1004 3793 1156 3864; x_wconf 87' lang='lat' dir='ltr'><strong>decet</strong></span> <span class='ocrx_word' id='word_1_392' title='bbox 1182 3793 1426 3864; x_wconf 56' lang='lat' dir='ltr'><strong>probatio:</strong></span> <span class='ocrx_word' id='word_1_393' title='bbox 1494 3863 1501 3864; x_wconf 13' lang='grc' dir='ltr'>ί</span> <span class='ocrx_word' id='word_1_394' title='bbox 1655 3862 1663 3864; x_wconf 20' lang='grc' dir='ltr'><em>Α</em></span> <span class='ocrx_word' id='word_1_395' title='bbox 1829 3854 1840 3863; x_wconf 42' lang='lat'><em>.</em></span> <span class='ocrx_word' id='word_1_396' title='bbox 1878 3853 1888 3864; x_wconf 38' lang='lat'><strong><em>.</em></strong></span> 
     </span>
    </p>
   </div>
   <div class='ocr_carea' id='block_1_61' title="bbox 490 3855 2012 3918">
    <p class='ocr_par' dir='ltr' id='par_1_61' title="bbox 490 3855 2012 3918">
     <span class='ocr_line' id='line_1_61' title="bbox 490 3855 2012 3918; baseline -0.005 -9"><span class='ocrx_word' id='word_1_397' title='bbox 490 3857 713 3916; x_wconf 82' lang='lat' dir='ltr'><strong>Accidat,</strong></span> <span class='ocrx_word' id='word_1_398' title='bbox 744 3866 799 3906; x_wconf 91' lang='lat' dir='ltr'><strong>ut</strong></span> <span class='ocrx_word' id='word_1_399' title='bbox 835 3857 957 3906; x_wconf 81' lang='lat' dir='ltr'><strong>nihil</strong></span> <span class='ocrx_word' id='word_1_400' title='bbox 993 3855 1142 3905; x_wconf 89' lang='lat' dir='ltr'><strong>etiam</strong></span> <span class='ocrx_word' id='word_1_401' title='bbox 1168 3855 1309 3917; x_wconf 86' lang='lat' dir='ltr'><strong>dans,</strong></span> <span class='ocrx_word' id='word_1_402' title='bbox 1341 3857 1586 3918; x_wconf 85' lang='lat' dir='ltr'><strong>delectes,</strong></span> <span class='ocrx_word' id='word_1_403' title='bbox 1617 3862 1774 3917; x_wconf 87' lang='lat' dir='ltr'><strong>utque</strong></span> <span class='ocrx_word' id='word_1_404' title='bbox 1799 3855 2012 3904; x_wconf 82' lang='lat' dir='ltr'><strong>vicissim</strong></span> 
     </span>
    </p>
   </div>
   <div class='ocr_carea' id='block_1_62' title="bbox 424 3919 892 3980">
    <p class='ocr_par' dir='ltr' id='par_1_62' title="bbox 424 3919 892 3980">
     <span class='ocr_line' id='line_1_62' title="bbox 424 3919 892 3980; baseline -0.015 -8"><span class='ocrx_word' id='word_1_405' title='bbox 424 3923 587 3972; x_wconf 82' lang='lat' dir='ltr'><strong>dando</strong></span> <span class='ocrx_word' id='word_1_406' title='bbox 610 3919 892 3980; x_wconf 83' lang='lat' dir='ltr'><strong>displiceas.</strong></span> 
     </span>
    </p>
   </div>
   <div class='ocr_carea' id='block_1_63' title="bbox 488 3979 1394 4041">
    <p class='ocr_par' dir='ltr' id='par_1_63' title="bbox 488 3979 1394 4041">
     <span class='ocr_line' id='line_1_63' title="bbox 488 3979 1394 4041; baseline -0.001 -10"><span class='ocrx_word' id='word_1_407' title='bbox 488 3985 571 4032; x_wconf 90' lang='lat' dir='ltr'><strong>Sic</strong></span> <span class='ocrx_word' id='word_1_408' title='bbox 593 3979 748 4031; x_wconf 79' lang='lat' dir='ltr'><strong>virtus</strong></span> <span class='ocrx_word' id='word_1_409' title='bbox 773 3993 921 4041; x_wconf 86' lang='lat' dir='ltr'><strong>quam</strong></span> <span class='ocrx_word' id='word_1_410' title='bbox 957 3979 1149 4029; x_wconf 78' lang='lat' dir='ltr'><strong>fortuna</strong></span> <span class='ocrx_word' id='word_1_411' title='bbox 1177 3986 1394 4040; x_wconf 59' lang='lat' dir='ltr'><strong>praestat.</strong></span> 
     </span>
    </p>
   </div>
   <div class='ocr_carea' id='block_1_64' title="bbox 485 4043 1216 4102">
    <p class='ocr_par' dir='ltr' id='par_1_64' title="bbox 485 4043 1216 4102">
     <span class='ocr_line' id='line_1_64' title="bbox 485 4043 1216 4102; baseline -0.004 -9"><span class='ocrx_word' id='word_1_412' title='bbox 485 4043 592 4094; x_wconf 84' lang='lat' dir='ltr'><strong>Non</strong></span> <span class='ocrx_word' id='word_1_413' title='bbox 618 4045 777 4092; x_wconf 84' lang='lat' dir='ltr'><strong>latent</strong></span> <span class='ocrx_word' id='word_1_414' title='bbox 798 4055 1082 4102; x_wconf 78' lang='lat' dir='ltr'><strong>magnorum</strong></span> <span class='ocrx_word' id='word_1_415' title='bbox 1112 4054 1216 4090; x_wconf 90' lang='lat' dir='ltr'><strong>res.</strong></span> 
     </span>
    </p>
   </div>
   <div class='ocr_carea' id='block_1_65' title="bbox 487 4099 2013 4164">
    <p class='ocr_par' dir='ltr' id='par_1_65' title="bbox 487 4099 2013 4164">
     <span class='ocr_line' id='line_1_65' title="bbox 487 4099 2013 4164; baseline -0.005 -9"><span class='ocrx_word' id='word_1_416' title='bbox 487 4104 662 4155; x_wconf 71' lang='lat' dir='ltr'><strong>Virtus</strong></span> <span class='ocrx_word' id='word_1_417' title='bbox 714 4116 796 4151; x_wconf 88' lang='lat' dir='ltr'><strong>res</strong></span> <span class='ocrx_word' id='word_1_418' title='bbox 820 4099 901 4151; x_wconf 78' lang='lat' dir='ltr'><strong>est</strong></span> <span class='ocrx_word' id='word_1_419' title='bbox 927 4104 1232 4152; x_wconf 72' lang='lat' dir='ltr'><strong>desiderium</strong></span> <span class='ocrx_word' id='word_1_420' title='bbox 1259 4102 1467 4160; x_wconf 80' lang='lat' dir='ltr'><strong>habens,</strong></span> <span class='ocrx_word' id='word_1_421' title='bbox 1487 4103 1732 4164; x_wconf 80' lang='lat' dir='ltr'><strong>bonisque</strong></span> <span class='ocrx_word' id='word_1_422' title='bbox 1755 4099 2013 4152; x_wconf 86' lang='lat' dir='ltr'><strong>attrahen-</strong></span> 
     </span>
    </p>
   </div>
   <div class='ocr_carea' id='block_1_66' title="bbox 424 4165 1747 4228">
    <p class='ocr_par' dir='ltr' id='par_1_66' title="bbox 424 4165 1747 4228">
     <span class='ocr_line' id='line_1_66' title="bbox 424 4165 1747 4228; baseline -0.006 -7"><span class='ocrx_word' id='word_1_423' title='bbox 424 4172 518 4228; x_wconf 88' lang='lat' dir='ltr'><strong>dls,</strong></span> <span class='ocrx_word' id='word_1_424' title='bbox 552 4166 738 4228; x_wconf 85' lang='lat' dir='ltr'><strong>majori</strong></span> <span class='ocrx_word' id='word_1_425' title='bbox 761 4177 909 4228; x_wconf 80' lang='lat' dir='ltr'><strong>supra</strong></span> <span class='ocrx_word' id='word_1_426' title='bbox 935 4170 1218 4228; x_wconf 82' lang='lat' dir='ltr'><strong>magnetem</strong></span> <span class='ocrx_word' id='word_1_427' title='bbox 1248 4165 1542 4228; x_wconf 82' lang='lat' dir='ltr'><strong>efﬁcacitate</strong></span> <span class='ocrx_word' id='word_1_428' title='bbox 1571 4166 1747 4228; x_wconf 70' lang='lat' dir='ltr'><strong>pollet.</strong></span> 
     </span>
    </p>
   </div>
   <div class='ocr_carea' id='block_1_67' title="bbox 490 4221 2015 4289">
    <p class='ocr_par' dir='ltr' id='par_1_67' title="bbox 490 4221 2015 4289">
     <span class='ocr_line' id='line_1_67' title="bbox 490 4221 2015 4289; baseline -0.007 -11"><span class='ocrx_word' id='word_1_429' title='bbox 490 4221 769 4289; x_wconf 59' lang='lat' dir='ltr'><strong>Quod&#39;quis</strong></span> <span class='ocrx_word' id='word_1_430' title='bbox 790 4221 1054 4286; x_wconf 43' lang='lat' dir='ltr'><strong>habenda]</strong></span> <span class='ocrx_word' id='word_1_431' title='bbox 1077 4226 1228 4275; x_wconf 90' lang='lat' dir='ltr'><strong>etiam</strong></span> <span class='ocrx_word' id='word_1_432' title='bbox 1257 4241 1267 4273; x_wconf 90' lang='lat'>:</span> <span class='ocrx_word' id='word_1_433' title='bbox 1296 4238 1350 4274; x_wconf 82' lang='lat' dir='ltr'><strong>ac</strong></span> <span class='ocrx_word' id='word_1_434' title='bbox 1375 4226 1505 4286; x_wconf 90' lang='lat' dir='ltr'><strong>quod</strong></span> <span class='ocrx_word' id='word_1_435' title='bbox 1527 4221 1607 4273; x_wconf 74' lang='lat' dir='ltr'><strong>est</strong></span> <span class='ocrx_word' id='word_1_436' title='bbox 1627 4225 1752 4286; x_wconf 85' lang='lat' dir='ltr'><strong>ipse,</strong></span> <span class='ocrx_word' id='word_1_437' title='bbox 1775 4226 1869 4274; x_wconf 87' lang='lat' dir='ltr'><strong>hoc</strong></span> <span class='ocrx_word' id='word_1_438' title='bbox 1891 4221 2015 4272; x_wconf 81' lang='lat' dir='ltr'><strong>alios</strong></span> 
     </span>
    </p>
   </div>
   <div class='ocr_carea' id='block_1_68' title="bbox 426 4289 940 4355">
    <p class='ocr_par' dir='ltr' id='par_1_68' title="bbox 426 4289 940 4355">
     <span class='ocr_line' id='line_1_68' title="bbox 426 4289 940 4355; baseline -0.012 -15"><span class='ocrx_word' id='word_1_439' title='bbox 426 4303 632 4355; x_wconf 80' lang='lat' dir='ltr'><strong>quoque</strong></span> <span class='ocrx_word' id='word_1_440' title='bbox 668 4289 940 4355; x_wconf 51' lang='lat' dir='ltr'><strong>existimat:</strong></span> 
     </span>
    </p>
   </div>
   <div class='ocr_carea' id='block_1_69' title="bbox 491 4346 2014 4412">
    <p class='ocr_par' dir='ltr' id='par_1_69' title="bbox 491 4346 2014 4412">
     <span class='ocr_line' id='line_1_69' title="bbox 491 4346 2014 4412; baseline -0.005 -9"><span class='ocrx_word' id='word_1_441' title='bbox 491 4346 676 4403; x_wconf 75' lang='lat' dir='ltr'><strong>Natura</strong></span> <span class='ocrx_word' id='word_1_442' title='bbox 702 4350 821 4412; x_wconf 92' lang='lat' dir='ltr'><strong>quid</strong></span> <span class='ocrx_word' id='word_1_443' title='bbox 845 4351 1114 4400; x_wconf 82' lang='lat' dir='ltr'><strong>violentum</strong></span> <span class='ocrx_word' id='word_1_444' title='bbox 1141 4354 1244 4411; x_wconf 87' lang='lat' dir='ltr'><strong>est;</strong></span> <span class='ocrx_word' id='word_1_445' title='bbox 1290 4361 1393 4412; x_wconf 16' lang='lat' dir='ltr'><strong>nec,</strong></span> <span class='ocrx_word' id='word_1_446' title='bbox 1414 4352 1472 4398; x_wconf 86' lang='lat' dir='ltr'><strong>ut</strong></span> <span class='ocrx_word' id='word_1_447' title='bbox 1521 4346 1637 4412; x_wconf 86' lang='lat' dir='ltr'><strong>q_uis</strong></span> <span class='ocrx_word' id='word_1_448' title='bbox 1677 4347 1844 4412; x_wconf 80' lang='lat' dir='ltr'><strong>aliquo</strong></span> <span class='ocrx_word' id='word_1_449' title='bbox 1887 4347 2014 4396; x_wconf 82' lang='lat' dir='ltr'><strong>velit</strong></span> 
     </span>
    </p>
   </div>
   <div class='ocr_carea' id='block_1_70' title="bbox 427 4409 1760 4474">
    <p class='ocr_par' dir='ltr' id='par_1_70' title="bbox 427 4409 1760 4474">
     <span class='ocr_line' id='line_1_70' title="bbox 427 4409 1760 4474; baseline -0.008 -8"><span class='ocrx_word' id='word_1_450' title='bbox 427 4409 1002 4474; x_wconf 74' lang='lat' dir='ltr'><strong>trabere,inadrersam</strong></span> <span class='ocrx_word' id='word_1_451' title='bbox 1050 4409 1238 4474; x_wconf 85' lang='lat' dir='ltr'><strong>partem</strong></span> <span class='ocrx_word' id='word_1_452' title='bbox 1289 4410 1434 4459; x_wconf 80' lang='lat' dir='ltr'><strong>facile</strong></span> <span class='ocrx_word' id='word_1_453' title='bbox 1486 4409 1760 4474; x_wconf 82' lang='lat' dir='ltr'><strong>inﬂexerit.</strong></span> 
     </span>
    </p>
   </div>
   <div class='ocr_carea' id='block_1_71' title="bbox 492 4473 2009 4537">
    <p class='ocr_par' dir='ltr' id='par_1_71' title="bbox 492 4473 2009 4537">
     <span class='ocr_line' id='line_1_71' title="bbox 492 4473 2009 4537; baseline -0.004 -12"><span class='ocrx_word' id='word_1_454' title='bbox 492 4478 587 4537; x_wconf 88' lang='lat' dir='ltr'><strong>Qui</strong></span> <span class='ocrx_word' id='word_1_455' title='bbox 608 4473 768 4522; x_wconf 82' lang='lat' dir='ltr'><strong>malus</strong></span> <span class='ocrx_word' id='word_1_456' title='bbox 788 4483 866 4522; x_wconf 75' lang='lat' dir='ltr'><strong>est</strong></span> <span class='ocrx_word' id='word_1_457' title='bbox 890 4474 939 4522; x_wconf 90' lang='lat' dir='ltr'><strong>in</strong></span> <span class='ocrx_word' id='word_1_458' title='bbox 966 4473 1127 4535; x_wconf 80' lang='lat' dir='ltr'><strong>genus</strong></span> <span class='ocrx_word' id='word_1_459' title='bbox 1155 4480 1208 4530; x_wconf 80' lang='lat' dir='ltr'><strong>et</strong></span> <span class='ocrx_word' id='word_1_460' title='bbox 1234 4486 1370 4530; x_wconf 88' lang='lat' dir='ltr'><strong>suos,</strong></span> <span class='ocrx_word' id='word_1_461' title='bbox 1405 4474 1656 4537; x_wconf 81' lang='lat' dir='ltr'><strong>utiqueet</strong></span> <span class='ocrx_word' id='word_1_462' title='bbox 1678 4473 1725 4519; x_wconf 89' lang='lat' dir='ltr'><strong>in</strong></span> <span class='ocrx_word' id='word_1_463' title='bbox 1747 4473 1967 4537; x_wconf 86' lang='lat' dir='ltr'><strong>seipsum</strong></span> <span class='ocrx_word' id='word_1_464' title='bbox 1997 4484 2009 4519; x_wconf 92' lang='lat'><strong>:</strong></span> 
     </span>
    </p>
   </div>
   <div class='ocr_carea' id='block_1_72' title="bbox 425 4533 2014 4598">
    <p class='ocr_par' dir='ltr' id='par_1_72' title="bbox 425 4533 2014 4598">
     <span class='ocr_line' id='line_1_72' title="bbox 425 4533 2014 4598; baseline -0.004 -11"><span class='ocrx_word' id='word_1_465' title='bbox 425 4533 546 4587; x_wconf 83' lang='lat' dir='ltr'><strong>Nam</strong></span> <span class='ocrx_word' id='word_1_466' title='bbox 582 4549 697 4598; x_wconf 85' lang='lat' dir='ltr'><strong>pars</strong></span> <span class='ocrx_word' id='word_1_467' title='bbox 721 4533 1011 4598; x_wconf 66' lang='lat' dir='ltr'><strong>continetur</strong></span> <span class='ocrx_word' id='word_1_468' title='bbox 1047 4539 1095 4585; x_wconf 90' lang='lat' dir='ltr'><strong>iu</strong></span> <span class='ocrx_word' id='word_1_469' title='bbox 1127 4541 1252 4584; x_wconf 87' lang='lat' dir='ltr'><strong>toto.</strong></span> <span class='ocrx_word' id='word_1_470' title='bbox 1291 4538 1353 4598; x_wconf 76' lang='lat' dir='ltr'><strong>At</strong></span> <span class='ocrx_word' id='word_1_471' title='bbox 1379 4535 1462 4595; x_wconf 90' lang='lat' dir='ltr'><strong>qui</strong></span> <span class='ocrx_word' id='word_1_472' title='bbox 1497 4535 1667 4598; x_wconf 54' lang='lat' dir='ltr'><strong>gnatus</strong></span> <span class='ocrx_word' id='word_1_473' title='bbox 1691 4537 1842 4583; x_wconf 83' lang='lat' dir='ltr'><strong>estin</strong></span> <span class='ocrx_word' id='word_1_474' title='bbox 1881 4533 2014 4595; x_wconf 82' lang='lat' dir='ltr'><strong>seip-</strong></span> 
     </span>
    </p>
   </div>
   <div class='ocr_carea' id='block_1_73' title="bbox 425 4591 1520 4659">
    <p class='ocr_par' dir='ltr' id='par_1_73' title="bbox 425 4591 1520 4659">
     <span class='ocr_line' id='line_1_73' title="bbox 425 4591 1520 4659; baseline -0.005 -11"><span class='ocrx_word' id='word_1_475' title='bbox 425 4614 558 4659; x_wconf 84' lang='lat' dir='ltr'><strong>sum,</strong></span> <span class='ocrx_word' id='word_1_476' title='bbox 583 4591 630 4646; x_wconf 82' lang='lat' dir='ltr'><strong>in</strong></span> <span class='ocrx_word' id='word_1_477' title='bbox 649 4610 811 4659; x_wconf 83' lang='lat' dir='ltr'><strong>quem</strong></span> <span class='ocrx_word' id='word_1_478' title='bbox 834 4597 986 4645; x_wconf 87' lang='lat' dir='ltr'><strong>alium</strong></span> <span class='ocrx_word' id='word_1_479' title='bbox 1013 4600 1168 4659; x_wconf 88' lang='lat' dir='ltr'><strong>possit</strong></span> <span class='ocrx_word' id='word_1_480' title='bbox 1190 4591 1520 4659; x_wconf 80' lang='lat' dir='ltr'><strong>essebonus?</strong></span> 
     </span>
    </p>
   </div>
   <div class='ocr_carea' id='block_1_74' title="bbox 488 4657 2012 4726">
    <p class='ocr_par' dir='ltr' id='par_1_74' title="bbox 488 4657 2012 4726">
     <span class='ocr_line' id='line_1_74' title="bbox 488 4657 2012 4726; baseline -0.006 -14"><span class='ocrx_word' id='word_1_481' title='bbox 488 4657 624 4722; x_wconf 83' lang='lat' dir='ltr'><strong>Opus</strong></span> <span class='ocrx_word' id='word_1_482' title='bbox 648 4658 780 4726; x_wconf 75' lang='lat' dir='ltr'><strong>bene</strong></span> <span class='ocrx_word' id='word_1_483' title='bbox 805 4672 829 4706; x_wconf 88' lang='lat' dir='ltr'><strong>a</strong></span> <span class='ocrx_word' id='word_1_484' title='bbox 855 4657 1100 4726; x_wconf 80' lang='lat' dir='ltr'><strong>principio</strong></span> <span class='ocrx_word' id='word_1_485' title='bbox 1135 4657 1494 4726; x_wconf 74' lang='lat' dir='ltr'><strong>excogitatum,</strong></span> <span class='ocrx_word' id='word_1_486' title='bbox 1529 4658 1810 4726; x_wconf 66' lang='lat' dir='ltr'><strong>meliusque</strong></span> <span class='ocrx_word' id='word_1_487' title='bbox 1838 4669 2012 4718; x_wconf 64' lang='lat' dir='ltr'><strong>perae-</strong></span> 
     </span>
    </p>
   </div>
   <div class='ocr_carea' id='block_1_75' title="bbox 427 4719 2009 4782">
    <p class='ocr_par' dir='ltr' id='par_1_75' title="bbox 427 4719 2009 4782">
     <span class='ocr_line' id='line_1_75' title="bbox 427 4719 2009 4782; baseline -0.001 -12"><span class='ocrx_word' id='word_1_488' title='bbox 427 4719 552 4782; x_wconf 68' lang='lat' dir='ltr'><strong>tum,</strong></span> <span class='ocrx_word' id='word_1_489' title='bbox 614 4734 670 4771; x_wconf 87' lang='lat' dir='ltr'><strong>ac</strong></span> <span class='ocrx_word' id='word_1_490' title='bbox 720 4721 817 4782; x_wconf 80' lang='lat' dir='ltr'><strong>line</strong></span> <span class='ocrx_word' id='word_1_491' title='bbox 843 4719 1077 4782; x_wconf 85' lang='lat' dir='ltr'><strong>donatum</strong></span> <span class='ocrx_word' id='word_1_492' title='bbox 1121 4721 1339 4782; x_wconf 75' lang='lat' dir='ltr'><strong>optimo,</strong></span> <span class='ocrx_word' id='word_1_493' title='bbox 1372 4731 1472 4766; x_wconf 87' lang='lat' dir='ltr'><strong>non</strong></span> <span class='ocrx_word' id='word_1_494' title='bbox 1522 4719 1826 4782; x_wconf 12' lang='lat' dir='ltr'><strong>uisirditino</strong></span> <span class='ocrx_word' id='word_1_495' title='bbox 1887 4728 2009 4769; x_wconf 92' lang='lat' dir='ltr'><strong>nutu</strong></span> 
     </span>
    </p>
   </div>
   <div class='ocr_carea' id='block_1_76' title="bbox 427 4779 2012 4845">
    <p class='ocr_par' dir='ltr' id='par_1_76' title="bbox 427 4779 2012 4845">
     <span class='ocr_line' id='line_1_76' title="bbox 427 4779 2012 4845; baseline 0 -15"><span class='ocrx_word' id='word_1_496' title='bbox 427 4779 608 4833; x_wconf 84' lang='lat' dir='ltr'><strong>factum</strong></span> <span class='ocrx_word' id='word_1_497' title='bbox 634 4797 744 4833; x_wconf 85' lang='lat' dir='ltr'><strong>esse</strong></span> <span class='ocrx_word' id='word_1_498' title='bbox 781 4779 961 4845; x_wconf 88' lang='lat' dir='ltr'><strong>liquet.</strong></span> <span class='ocrx_word' id='word_1_499' title='bbox 997 4781 1057 4830; x_wconf 87' lang='lat' dir='ltr'><strong>Ut</strong></span> <span class='ocrx_word' id='word_1_500' title='bbox 1102 4785 1236 4830; x_wconf 88' lang='lat' dir='ltr'><strong>enim</strong></span> <span class='ocrx_word' id='word_1_501' title='bbox 1283 4781 1342 4829; x_wconf 91' lang='lat' dir='ltr'><strong>ad</strong></span> <span class='ocrx_word' id='word_1_502' title='bbox 1380 4793 1548 4845; x_wconf 91' lang='lat' dir='ltr'><strong>_unum</strong></span> <span class='ocrx_word' id='word_1_503' title='bbox 1600 4781 1818 4845; x_wconf 85' lang='lat' dir='ltr'><strong>aliquem</strong></span> <span class='ocrx_word' id='word_1_504' title='bbox 1863 4781 2012 4830; x_wconf 86' lang='lat' dir='ltr'><strong>mira-</strong></span> 
     </span>
    </p>
   </div>
   <div class='ocr_carea' id='block_1_77' title="bbox 423 4841 2012 4903">
    <p class='ocr_par' dir='ltr' id='par_1_77' title="bbox 423 4841 2012 4903">
     <span class='ocr_line' id='line_1_77' title="bbox 423 4841 2012 4903; baseline -0.001 -9"><span class='ocrx_word' id='word_1_505' title='bbox 423 4846 577 4894; x_wconf 80' lang='lat' dir='ltr'><strong>bilem</strong></span> <span class='ocrx_word' id='word_1_506' title='bbox 653 4841 1036 4893; x_wconf 51' lang='lat' dir='ltr'><strong>llnem’multa</strong></span> <span class='ocrx_word' id='word_1_507' title='bbox 1102 4841 1490 4901; x_wconf 85' lang='lat' dir='ltr'><strong>concurrerint,</strong></span> <span class='ocrx_word' id='word_1_508' title='bbox 1555 4841 1719 4903; x_wconf 78' lang='lat' dir='ltr'><strong>neque</strong></span> <span class='ocrx_word' id='word_1_509' title='bbox 1785 4843 2012 4892; x_wconf 65' lang='lat' dir='ltr'><strong>humanae</strong></span> 
     </span>
    </p>
   </div>
   <div class='ocr_carea' id='block_1_78' title="bbox 424 4905 1940 4968">
    <p class='ocr_par' dir='ltr' id='par_1_78' title="bbox 424 4905 1940 4968">
     <span class='ocr_line' id='line_1_78' title="bbox 424 4905 1940 4968; baseline -0.001 -14"><span class='ocrx_word' id='word_1_510' title='bbox 424 4906 494 4955; x_wconf 85' lang='lat' dir='ltr'><strong>sit</strong></span> <span class='ocrx_word' id='word_1_511' title='bbox 517 4906 736 4963; x_wconf 86' lang='lat' dir='ltr'><strong>virtutis,</strong></span> <span class='ocrx_word' id='word_1_512' title='bbox 759 4919 928 4968; x_wconf 86' lang='lat' dir='ltr'><strong>neque</strong></span> <span class='ocrx_word' id='word_1_513' title='bbox 955 4918 1128 4968; x_wconf 88' lang='lat' dir='ltr'><strong>eorum</strong></span> <span class='ocrx_word' id='word_1_514' title='bbox 1156 4917 1268 4968; x_wconf 72' lang='lat' dir='ltr'><strong>qum</strong></span> <span class='ocrx_word' id='word_1_515' title='bbox 1297 4919 1321 4950; x_wconf 68' lang='grc' dir='ltr'><strong>ε</strong></span> <span class='ocrx_word' id='word_1_516' title='bbox 1350 4917 1462 4953; x_wconf 80' lang='lat' dir='ltr'><strong>casu</strong></span> <span class='ocrx_word' id='word_1_517' title='bbox 1491 4909 1544 4953; x_wconf 88' lang='lat' dir='ltr'><strong>et</strong></span> <span class='ocrx_word' id='word_1_518' title='bbox 1570 4905 1763 4968; x_wconf 78' lang='lat' dir='ltr'><strong>fortuna</strong></span> <span class='ocrx_word' id='word_1_519' title='bbox 1818 4911 1940 4968; x_wconf 78' lang='lat' dir='ltr'><strong>sint.</strong></span> 
     </span>
    </p>
   </div>
   <div class='ocr_carea' id='block_1_79' title="bbox 493 4966 2009 5031">
    <p class='ocr_par' dir='ltr' id='par_1_79' title="bbox 493 4966 2009 5031">
     <span class='ocr_line' id='line_1_79' title="bbox 493 4966 2009 5031; baseline -0.001 -14"><span class='ocrx_word' id='word_1_520' title='bbox 493 4969 624 5020; x_wconf 86' lang='lat' dir='ltr'><strong>idem</strong></span> <span class='ocrx_word' id='word_1_521' title='bbox 646 4969 812 5018; x_wconf 83' lang='lat' dir='ltr'><strong>valent</strong></span> <span class='ocrx_word' id='word_1_522' title='bbox 839 4966 1062 5031; x_wconf 79' lang='lat' dir='ltr'><strong>prosperi</strong></span> <span class='ocrx_word' id='word_1_523' title='bbox 1085 4966 1302 5031; x_wconf 78' lang='lat' dir='ltr'><strong>hostium</strong></span> <span class='ocrx_word' id='word_1_524' title='bbox 1329 4979 1603 5026; x_wconf 83' lang='lat' dir='ltr'><strong>successus,</strong></span> <span class='ocrx_word' id='word_1_525' title='bbox 1631 4978 1688 5015; x_wconf 89' lang='lat' dir='ltr'><strong>ac</strong></span> <span class='ocrx_word' id='word_1_526' title='bbox 1737 4966 2009 5020; x_wconf 70' lang='lat' dir='ltr'><strong>imminuta</strong></span> 
     </span>
    </p>
   </div>
   <div class='ocr_carea' id='block_1_80' title="bbox 426 5027 1935 5087">
    <p class='ocr_par' dir='ltr' id='par_1_80' title="bbox 426 5027 1935 5087">
     <span class='ocr_line' id='line_1_80' title="bbox 426 5027 1935 5087; baseline -0.002 -7"><span class='ocrx_word' id='word_1_527' title='bbox 426 5027 1003 5086; x_wconf 66' lang='lat' dir='ltr'><strong>adversariorum&#39;vires,</strong></span> <span class='ocrx_word' id='word_1_528' title='bbox 1031 5041 1086 5078; x_wconf 88' lang='lat' dir='ltr'><strong>ac</strong></span> <span class='ocrx_word' id='word_1_529' title='bbox 1120 5029 1289 5075; x_wconf 80' lang='lat' dir='ltr'><strong>clades</strong></span> <span class='ocrx_word' id='word_1_530' title='bbox 1331 5040 1528 5087; x_wconf 87' lang='lat' dir='ltr'><strong>eorum;</strong></span> <span class='ocrx_word' id='word_1_531' title='bbox 1574 5042 1630 5076; x_wconf 91' lang='lat' dir='ltr'><strong>ac</strong></span> <span class='ocrx_word' id='word_1_532' title='bbox 1671 5041 1700 5077; x_wconf 90' lang='lat' dir='ltr'><strong>e</strong></span> <span class='ocrx_word' id='word_1_533' title='bbox 1745 5037 1935 5079; x_wconf 85' lang='lat' dir='ltr'><strong>contra.</strong></span> 
     </span>
    </p>
   </div>
   <div class='ocr_carea' id='block_1_81' title="bbox 489 5090 2010 5154">
    <p class='ocr_par' dir='ltr' id='par_1_81' title="bbox 489 5090 2010 5154">
     <span class='ocr_line' id='line_1_81' title="bbox 489 5090 2010 5154; baseline 0.001 -14"><span class='ocrx_word' id='word_1_534' title='bbox 489 5093 666 5154; x_wconf 89' lang='lat' dir='ltr'><strong>Solent</strong></span> <span class='ocrx_word' id='word_1_535' title='bbox 678 5090 893 5154; x_wconf 72' lang='lat' dir='ltr'><strong>primum</strong></span> <span class='ocrx_word' id='word_1_536' title='bbox 911 5092 1033 5154; x_wconf 83' lang='lat' dir='ltr'><strong>ciam</strong></span> <span class='ocrx_word' id='word_1_537' title='bbox 1057 5095 1218 5150; x_wconf 75' lang='lat' dir='ltr'><strong>gesta,</strong></span> <span class='ocrx_word' id='word_1_538' title='bbox 1235 5093 1542 5154; x_wconf 84' lang='lat' dir='ltr'><strong>postmodum</strong></span> <span class='ocrx_word' id='word_1_539' title='bbox 1559 5091 1766 5154; x_wconf 84' lang='lat' dir='ltr'><strong>frontem</strong></span> <span class='ocrx_word' id='word_1_540' title='bbox 1780 5093 2010 5144; x_wconf 89' lang='lat' dir='ltr'><strong>induere.</strong></span> 
     </span>
    </p>
   </div>
   <div class='ocr_carea' id='block_1_82' title="bbox 424 5151 2012 5264">
    <p class='ocr_par' dir='ltr' id='par_1_82' title="bbox 424 5151 2012 5264">
     <span class='ocr_line' id='line_1_82' title="bbox 424 5151 2012 5264; baseline -0.001 -61"><span class='ocrx_word' id='word_1_541' title='bbox 424 5215 448 5264; x_wconf 49' lang='grc' dir='ltr'><strong><em>ἲ</em></strong></span> <span class='ocrx_word' id='word_1_542' title='bbox 491 5151 751 5264; x_wconf 66' lang='lat' dir='ltr'><strong>Uthqsies</strong></span> <span class='ocrx_word' id='word_1_543' title='bbox 773 5151 964 5202; x_wconf 88' lang='lat' dir='ltr'><strong>delecti</strong></span> <span class='ocrx_word' id='word_1_544' title='bbox 988 5156 1105 5210; x_wconf 88' lang='lat' dir='ltr'><strong>sint,</strong></span> <span class='ocrx_word' id='word_1_545' title='bbox 1121 5154 1266 5202; x_wconf 89' lang='lat' dir='ltr'><strong>triste</strong></span> <span class='ocrx_word' id='word_1_546' title='bbox 1288 5153 1452 5215; x_wconf 87' lang='lat' dir='ltr'><strong>potius</strong></span> <span class='ocrx_word' id='word_1_547' title='bbox 1470 5152 1653 5214; x_wconf 89' lang='lat' dir='ltr'><strong>aliquid</strong></span> <span class='ocrx_word' id='word_1_548' title='bbox 1673 5153 2012 5215; x_wconf 83' lang='lat' dir='ltr'><strong>ierant,quam</strong></span> 
     </span>
     <span class='ocr_line' id='line_1_83' title="bbox 444 5228 654 5264; baseline 0 0"><span class='ocrx_word' id='word_1_549' title='bbox 444 5228 612 5264; x_wconf 78' lang='lat' dir='ltr'><strong>ecerin</strong></span> <span class='ocrx_word' id='word_1_550' title='bbox 642 5253 654 5264; x_wconf 93' lang='lat'><strong>.</strong></span> 
     </span>
    </p>
   </div>
   <div class='ocr_carea' id='block_1_83' title="bbox 444 5219 654 5265">
    <p class='ocr_par' dir='ltr' id='par_1_83' title="bbox 444 5219 654 5265">
     <span class='ocr_line' id='line_1_84' title="bbox 444 5219 654 5265; baseline 0.005 -1"><span class='ocrx_word' id='word_1_551' title='bbox 444 5219 654 5265; x_wconf 62' lang='lat' dir='ltr'><strong>Ecerilll.</strong></span> 
     </span>
    </p>
   </div>
   <div class='ocr_carea' id='block_1_84' title="bbox 489 5275 2011 5340">
    <p class='ocr_par' dir='ltr' id='par_1_84' title="bbox 489 5275 2011 5340">
     <span class='ocr_line' id='line_1_85' title="bbox 489 5275 2011 5340; baseline -0.001 -13"><span class='ocrx_word' id='word_1_552' title='bbox 489 5279 698 5328; x_wconf 73' lang='lat' dir='ltr'><strong>Multum</strong></span> <span class='ocrx_word' id='word_1_553' title='bbox 724 5281 925 5340; x_wconf 74' lang='lat' dir='ltr'><strong>praestat</strong></span> <span class='ocrx_word' id='word_1_554' title='bbox 962 5277 1022 5324; x_wconf 81' lang='lat' dir='ltr'><strong>ab</strong></span> <span class='ocrx_word' id='word_1_555' title='bbox 1075 5275 1152 5340; x_wconf 86' lang='lat' dir='ltr'><strong>eis</strong></span> <span class='ocrx_word' id='word_1_556' title='bbox 1184 5275 1433 5339; x_wconf 84' lang='lat' dir='ltr'><strong>accipere,</strong></span> <span class='ocrx_word' id='word_1_557' title='bbox 1459 5275 1545 5339; x_wconf 89' lang='lat' dir='ltr'><strong>qui</strong></span> <span class='ocrx_word' id='word_1_558' title='bbox 1581 5291 1655 5328; x_wconf 79' lang='lat' dir='ltr'><strong>:ex</strong></span> <span class='ocrx_word' id='word_1_559' title='bbox 1683 5277 1855 5336; x_wconf 71' lang='lat' dir='ltr'><strong>debito</strong></span> <span class='ocrx_word' id='word_1_560' title='bbox 1880 5290 2011 5340; x_wconf 67' lang='lat' dir='ltr'><strong>prm-</strong></span> 
     </span>
    </p>
   </div>
   <div class='ocr_carea' id='block_1_85' title="bbox 423 5338 1148 5401">
    <p class='ocr_par' dir='ltr' id='par_1_85' title="bbox 423 5338 1148 5401">
     <span class='ocr_line' id='line_1_86' title="bbox 423 5338 1148 5401; baseline -0.003 -13"><span class='ocrx_word' id='word_1_561' title='bbox 423 5345 577 5399; x_wconf 81' lang='lat' dir='ltr'><strong>stant,</strong></span> <span class='ocrx_word' id='word_1_562' title='bbox 605 5338 751 5401; x_wconf 85' lang='lat' dir='ltr'><strong>quam</strong></span> <span class='ocrx_word' id='word_1_563' title='bbox 775 5338 858 5399; x_wconf 90' lang='lat' dir='ltr'><strong>qui</strong></span> <span class='ocrx_word' id='word_1_564' title='bbox 886 5349 944 5385; x_wconf 83' lang='lat' dir='ltr'><strong>ex</strong></span> <span class='ocrx_word' id='word_1_565' title='bbox 972 5339 1148 5400; x_wconf 85' lang='lat' dir='ltr'><strong>gratia.</strong></span> 
     </span>
    </p>
   </div>
   <div class='ocr_carea' id='block_1_86' title="bbox 493 5399 2008 5462">
    <p class='ocr_par' dir='ltr' id='par_1_86' title="bbox 493 5399 2008 5462">
     <span class='ocr_line' id='line_1_87' title="bbox 493 5399 2008 5462; baseline -0.001 -13"><span class='ocrx_word' id='word_1_566' title='bbox 493 5401 584 5449; x_wconf 85' lang='lat' dir='ltr'><strong>Ubi</strong></span> <span class='ocrx_word' id='word_1_567' title='bbox 620 5399 762 5448; x_wconf 80' lang='lat' dir='ltr'><strong>malis</strong></span> <span class='ocrx_word' id='word_1_568' title='bbox 798 5399 1030 5462; x_wconf 77' lang='lat' dir='ltr'><strong>fatiscens</strong></span> <span class='ocrx_word' id='word_1_569' title='bbox 1072 5413 1348 5462; x_wconf 74' lang='lat' dir='ltr'><strong>generosus</strong></span> <span class='ocrx_word' id='word_1_570' title='bbox 1380 5406 1588 5460; x_wconf 87' lang='lat' dir='ltr'><strong>animus,</strong></span> <span class='ocrx_word' id='word_1_571' title='bbox 1647 5401 1696 5450; x_wconf 88' lang='lat' dir='ltr'><strong>in</strong></span> <span class='ocrx_word' id='word_1_572' title='bbox 1731 5415 1818 5450; x_wconf 86' lang='lat' dir='ltr'><strong>sua</strong></span> <span class='ocrx_word' id='word_1_573' title='bbox 1845 5399 2008 5448; x_wconf 82' lang='lat' dir='ltr'><strong>minus</strong></span> 
     </span>
    </p>
   </div>
   <div class='ocr_carea' id='block_1_87' title="bbox 424 5460 2017 5525">
    <p class='ocr_par' dir='ltr' id='par_1_87' title="bbox 424 5460 2017 5525">
     <span class='ocr_line' id='line_1_88' title="bbox 424 5460 2017 5525; baseline 0.002 -17"><span class='ocrx_word' id='word_1_574' title='bbox 424 5460 612 5523; x_wconf 85' lang='lat' dir='ltr'><strong>aliquid</strong></span> <span class='ocrx_word' id='word_1_575' title='bbox 643 5462 846 5520; x_wconf 80' lang='lat' dir='ltr'><strong>dignum</strong></span> <span class='ocrx_word' id='word_1_576' title='bbox 871 5460 1182 5525; x_wconf 80' lang='lat' dir='ltr'><strong>ingenuitate</strong></span> <span class='ocrx_word' id='word_1_577' title='bbox 1220 5477 1292 5512; x_wconf 85' lang='lat' dir='ltr'><strong>.ac</strong></span> <span class='ocrx_word' id='word_1_578' title='bbox 1331 5463 1577 5525; x_wconf 85' lang='lat' dir='ltr'><strong>abiectius</strong></span> <span class='ocrx_word' id='word_1_579' title='bbox 1599 5464 1860 5513; x_wconf 81' lang='lat' dir='ltr'><strong>inclinavit</strong></span> <span class='ocrx_word' id='word_1_580' title='bbox 1885 5477 1896 5511; x_wconf 91' lang='lat'><strong>:</strong></span> <span class='ocrx_word' id='word_1_581' title='bbox 1920 5476 2017 5525; x_wconf 70' lang='lat' dir='ltr'><strong>sm—</strong></span> 
     </span>
    </p>
   </div>
   <div class='ocr_carea' id='block_1_88' title="bbox 424 5523 2015 5630">
    <p class='ocr_par' dir='ltr' id='par_1_88' title="bbox 424 5523 2015 5630">
     <span class='ocr_line' id='line_1_89' title="bbox 424 5523 2015 5630; baseline 0.003 -63"><span class='ocrx_word' id='word_1_582' title='bbox 424 5535 540 5630; x_wconf 66' lang='lat' dir='ltr'><strong>ptus</strong></span> <span class='ocrx_word' id='word_1_583' title='bbox 561 5525 766 5582; x_wconf 85' lang='lat' dir='ltr'><strong>quidem</strong></span> <span class='ocrx_word' id='word_1_584' title='bbox 822 5525 871 5571; x_wconf 90' lang='lat' dir='ltr'><strong>in</strong></span> <span class='ocrx_word' id='word_1_585' title='bbox 928 5524 1049 5572; x_wconf 88' lang='lat' dir='ltr'><strong>illud</strong></span> <span class='ocrx_word' id='word_1_586' title='bbox 1090 5523 1524 5588; x_wconf 52' lang='lat' dir='ltr'><strong>procurritajam</strong></span> <span class='ocrx_word' id='word_1_587' title='bbox 1575 5531 1742 5578; x_wconf 88' lang='lat' dir='ltr'><strong>autem</strong></span> <span class='ocrx_word' id='word_1_588' title='bbox 1790 5523 2015 5585; x_wconf 83' lang='lat' dir='ltr'><strong>proxime</strong></span> 
     </span>
     <span class='ocr_line' id='line_1_90' title="bbox 444 5584 2015 5630; baseline 0 0"><span class='ocrx_word' id='word_1_589' title='bbox 444 5589 662 5630; x_wconf 87' lang='lat' dir='ltr'><strong>acturus.</strong></span> <span class='ocrx_word' id='word_1_590' title='bbox 688 5596 837 5630; x_wconf 85' lang='lat' dir='ltr'><strong>ouem</strong></span> <span class='ocrx_word' id='word_1_591' title='bbox 862 5584 932 5630; x_wconf 77' lang='lat' dir='ltr'><strong>rei</strong></span> <span class='ocrx_word' id='word_1_592' title='bbox 973 5587 1292 5630; x_wconf 80' lang='lat' dir='ltr'><strong>turpitudinis</strong></span> <span class='ocrx_word' id='word_1_593' title='bbox 1316 5586 1504 5630; x_wconf 75' lang='lat' dir='ltr'><strong>nigeal-</strong></span> <span class='ocrx_word' id='word_1_594' title='bbox 1537 5588 1713 5630; x_wconf 72' lang='lat' dir='ltr'><strong>resilit-</strong></span> <span class='ocrx_word' id='word_1_595' title='bbox 1741 5589 2015 5630; x_wconf 81' lang='lat' dir='ltr'><strong>maiorioua</strong></span> 
     </span>
    </p>
   </div>
   <div class='ocr_carea' id='block_1_89' title="bbox 444 5584 2016 5651">
    <p class='ocr_par' dir='ltr' id='par_1_89' title="bbox 444 5584 2016 5651">
     <span class='ocr_line' id='line_1_91' title="bbox 444 5584 2016 5651; baseline 0.001 -20"><span class='ocrx_word' id='word_1_596' title='bbox 444 5585 667 5651; x_wconf 56' lang='lat' dir='ltr'><strong>acturus,</strong></span> <span class='ocrx_word' id='word_1_597' title='bbox 688 5596 837 5642; x_wconf 85' lang='lat' dir='ltr'><strong>quem</strong></span> <span class='ocrx_word' id='word_1_598' title='bbox 862 5584 934 5651; x_wconf 81' lang='lat' dir='ltr'><strong>rei</strong></span> <span class='ocrx_word' id='word_1_599' title='bbox 973 5584 1292 5651; x_wconf 83' lang='lat' dir='ltr'><strong>turpitudinis</strong></span> <span class='ocrx_word' id='word_1_600' title='bbox 1316 5584 1505 5650; x_wconf 78' lang='lat' dir='ltr'><strong>pigeat,</strong></span> <span class='ocrx_word' id='word_1_601' title='bbox 1537 5588 1714 5645; x_wconf 79' lang='lat' dir='ltr'><strong>resilit,</strong></span> <span class='ocrx_word' id='word_1_602' title='bbox 1741 5584 2016 5647; x_wconf 83' lang='lat' dir='ltr'><strong>majorique</strong></span> 
     </span>
    </p>
   </div>
   <div class='ocr_carea' id='block_1_90' title="bbox 423 5645 2016 5712">
    <p class='ocr_par' dir='ltr' id='par_1_90' title="bbox 423 5645 2016 5712">
     <span class='ocr_line' id='line_1_92' title="bbox 423 5645 2016 5712; baseline 0.005 -21"><span class='ocrx_word' id='word_1_603' title='bbox 423 5647 629 5712; x_wconf 64' lang='lat' dir='ltr'><strong>t&#39;eryore</strong></span> <span class='ocrx_word' id='word_1_604' title='bbox 657 5645 897 5712; x_wconf 76' lang='lat' dir='ltr'><strong>impetum</strong></span> <span class='ocrx_word' id='word_1_605' title='bbox 924 5645 972 5696; x_wconf 92' lang='lat' dir='ltr'><strong>in</strong></span> <span class='ocrx_word' id='word_1_606' title='bbox 992 5645 1190 5712; x_wconf 77' lang='lat' dir='ltr'><strong>bonum</strong></span> <span class='ocrx_word' id='word_1_607' title='bbox 1216 5645 1444 5707; x_wconf 78' lang='lat' dir='ltr'><strong>resumit,</strong></span> <span class='ocrx_word' id='word_1_608' title='bbox 1481 5645 1716 5712; x_wconf 75' lang='lat' dir='ltr'><strong>priorque</strong></span> <span class='ocrx_word' id='word_1_609' title='bbox 1760 5645 2016 5700; x_wconf 76' lang='lat' dir='ltr'><strong>contentio</strong></span> 
     </span>
    </p>
   </div>
   <div class='ocr_carea' id='block_1_91' title="bbox 424 5705 1065 5760">
    <p class='ocr_par' dir='ltr' id='par_1_91' title="bbox 424 5705 1065 5760">
     <span class='ocr_line' id='line_1_93' title="bbox 424 5705 1065 5760; baseline 0.011 -7"><span class='ocrx_word' id='word_1_610' title='bbox 424 5705 578 5754; x_wconf 88' lang='lat' dir='ltr'><strong>multa</strong></span> <span class='ocrx_word' id='word_1_611' title='bbox 600 5710 884 5758; x_wconf 76' lang='lat' dir='ltr'><strong>accessione</strong></span> <span class='ocrx_word' id='word_1_612' title='bbox 913 5710 1065 5760; x_wconf 90' lang='lat' dir='ltr'><strong>redit.</strong></span> 
     </span>
    </p>
   </div>
   <div class='ocr_carea' id='block_1_92' title="bbox 2153 3787 3664 3858">
    <p class='ocr_par' dir='ltr' id='par_1_92' title="bbox 2153 3787 3664 3858">
     <span class='ocr_line' id='line_1_94' title="bbox 2153 3787 3664 3858; baseline 0.001 -22"><span class='ocrx_word' id='word_1_613' title='bbox 2153 3787 2683 3858; x_wconf 10' lang='lat' dir='ltr'><strong>[Laeedarmoniorumi</strong></span> <span class='ocrx_word' id='word_1_614' title='bbox 2709 3789 2888 3838; x_wconf 88' lang='lat' dir='ltr'><strong>scitum</strong></span> <span class='ocrx_word' id='word_1_615' title='bbox 2909 3801 3203 3851; x_wconf 88' lang='lat' dir='ltr'><strong>responsum</strong></span> <span class='ocrx_word' id='word_1_616' title='bbox 3230 3801 3247 3837; x_wconf 87' lang='lat'><strong>:</strong></span> <span class='ocrx_word' id='word_1_617' title='bbox 3277 3789 3497 3854; x_wconf 66' lang='lat' dir='ltr'><strong>Pugnant</strong></span> <span class='ocrx_word' id='word_1_618' title='bbox 3517 3793 3565 3838; x_wconf 82' lang='lat' dir='ltr'><strong>ut</strong></span> <span class='ocrx_word' id='word_1_619' title='bbox 3594 3799 3664 3838; x_wconf 85' lang='lat' dir='ltr'><strong>mo</strong></span> 
     </span>
    </p>
   </div>
   <div class='ocr_carea' id='block_1_93' title="bbox 2116 3851 2763 3907">
    <p class='ocr_par' dir='ltr' id='par_1_93' title="bbox 2116 3851 2763 3907">
     <span class='ocr_line' id='line_1_95' title="bbox 2116 3851 2763 3907; baseline -0.002 -8"><span class='ocrx_word' id='word_1_620' title='bbox 2116 3851 2280 3907; x_wconf 84' lang='lat' dir='ltr'><strong>riluri,</strong></span> <span class='ocrx_word' id='word_1_621' title='bbox 2300 3856 2458 3900; x_wconf 82' lang='lat' dir='ltr'><strong>etnon</strong></span> <span class='ocrx_word' id='word_1_622' title='bbox 2483 3851 2763 3900; x_wconf 82' lang='lat' dir='ltr'><strong>morientur.</strong></span> 
     </span>
    </p>
   </div>
   <div class='ocr_carea' id='block_1_94' title="bbox 2181 3910 3683 3973">
    <p class='ocr_par' dir='ltr' id='par_1_94' title="bbox 2181 3910 3683 3973">
     <span class='ocr_line' id='line_1_96' title="bbox 2181 3910 3683 3973; baseline -0.001 -14"><span class='ocrx_word' id='word_1_623' title='bbox 2181 3912 2274 3969; x_wconf 87' lang='lat' dir='ltr'><strong>Qui</strong></span> <span class='ocrx_word' id='word_1_624' title='bbox 2309 3911 2781 3973; x_wconf 84' lang='lat' dir='ltr'><strong>multisdestitutos</strong></span> <span class='ocrx_word' id='word_1_625' title='bbox 2801 3919 2896 3969; x_wconf 91' lang='lat' dir='ltr'><strong>est,</strong></span> <span class='ocrx_word' id='word_1_626' title='bbox 2921 3910 3216 3973; x_wconf 87' lang='lat' dir='ltr'><strong>quibuscum</strong></span> <span class='ocrx_word' id='word_1_627' title='bbox 3245 3911 3501 3961; x_wconf 85' lang='lat' dir='ltr'><strong>ambitiosa</strong></span> <span class='ocrx_word' id='word_1_628' title='bbox 3527 3916 3683 3961; x_wconf 81' lang='lat' dir='ltr'><strong>osten-</strong></span> 
     </span>
    </p>
   </div>
   <div class='ocr_carea' id='block_1_95' title="bbox 2117 3971 3682 4030">
    <p class='ocr_par' dir='ltr' id='par_1_95' title="bbox 2117 3971 3682 4030">
     <span class='ocr_line' id='line_1_97' title="bbox 2117 3971 3682 4030; baseline -0.003 -8"><span class='ocrx_word' id='word_1_629' title='bbox 2117 3973 2280 4022; x_wconf 69' lang='lat' dir='ltr'><strong>tanda)</strong></span> <span class='ocrx_word' id='word_1_630' title='bbox 2332 3971 2534 4022; x_wconf 83' lang='lat' dir='ltr'><strong>virtutis</strong></span> <span class='ocrx_word' id='word_1_631' title='bbox 2588 3976 2858 4023; x_wconf 84' lang='lat' dir='ltr'><strong>certamina</strong></span> <span class='ocrx_word' id='word_1_632' title='bbox 2905 3971 3198 4030; x_wconf 79' lang='lat' dir='ltr'><strong>cemmiltat,</strong></span> <span class='ocrx_word' id='word_1_633' title='bbox 3264 3975 3402 4022; x_wconf 84' lang='lat' dir='ltr'><strong>velut</strong></span> <span class='ocrx_word' id='word_1_634' title='bbox 3444 3973 3682 4022; x_wconf 78' lang='lat' dir='ltr'><strong>remissior</strong></span> 
     </span>
    </p>
   </div>
   <div class='ocr_carea' id='block_1_96' title="bbox 2117 4032 3685 4096">
    <p class='ocr_par' dir='ltr' id='par_1_96' title="bbox 2117 4032 3685 4096">
     <span class='ocr_line' id='line_1_98' title="bbox 2117 4032 3685 4096; baseline -0.001 -16"><span class='ocrx_word' id='word_1_635' title='bbox 2117 4032 2365 4082; x_wconf 88' lang='lat' dir='ltr'><strong>obeundis</strong></span> <span class='ocrx_word' id='word_1_636' title='bbox 2385 4034 2555 4096; x_wconf 80' lang='lat' dir='ltr'><strong>gloriae</strong></span> <span class='ocrx_word' id='word_1_637' title='bbox 2586 4048 2755 4096; x_wconf 16' lang='lat' dir='ltr'><strong>causa,</strong></span> <span class='ocrx_word' id='word_1_638' title='bbox 2783 4033 3031 4082; x_wconf 89' lang='lat' dir='ltr'><strong>laboribus</strong></span> <span class='ocrx_word' id='word_1_639' title='bbox 3065 4035 3252 4094; x_wconf 83' lang='lat' dir='ltr'><strong>evadit,</strong></span> <span class='ocrx_word' id='word_1_640' title='bbox 3281 4035 3574 4096; x_wconf 87' lang='lat' dir='ltr'><strong>bonumque,</strong></span> <span class='ocrx_word' id='word_1_641' title='bbox 3597 4044 3685 4095; x_wconf 91' lang='lat' dir='ltr'><strong>quo</strong></span> 
     </span>
    </p>
   </div>
   <div class='ocr_carea' id='block_1_97' title="bbox 2115 4093 3157 4157">
    <p class='ocr_par' dir='ltr' id='par_1_97' title="bbox 2115 4093 3157 4157">
     <span class='ocr_line' id='line_1_99' title="bbox 2115 4093 3157 4157; baseline 0.001 -14"><span class='ocrx_word' id='word_1_642' title='bbox 2115 4096 2295 4157; x_wconf 83' lang='lat' dir='ltr'><strong>rarius,</strong></span> <span class='ocrx_word' id='word_1_643' title='bbox 2322 4093 2597 4156; x_wconf 62' lang='lat' dir='ltr'><strong>eo&#39;ubique</strong></span> <span class='ocrx_word' id='word_1_644' title='bbox 2630 4095 2956 4147; x_wconf 88' lang='lat' dir='ltr'><strong>admiratione</strong></span> <span class='ocrx_word' id='word_1_645' title='bbox 2982 4096 3157 4157; x_wconf 86' lang='lat' dir='ltr'><strong>majus.</strong></span> 
     </span>
    </p>
   </div>
   <div class='ocr_carea' id='block_1_98' title="bbox 2182 4155 3683 4221">
    <p class='ocr_par' dir='ltr' id='par_1_98' title="bbox 2182 4155 3683 4221">
     <span class='ocr_line' id='line_1_100' title="bbox 2182 4155 3683 4221; baseline -0.001 -18"><span class='ocrx_word' id='word_1_646' title='bbox 2182 4156 2410 4221; x_wconf 66' lang='lat' dir='ltr'><strong>Magnum</strong></span> <span class='ocrx_word' id='word_1_647' title='bbox 2433 4155 2551 4218; x_wconf 84' lang='lat' dir='ltr'><strong>quid</strong></span> <span class='ocrx_word' id='word_1_648' title='bbox 2587 4157 2814 4221; x_wconf 76' lang='lat' dir='ltr'><strong>absolute</strong></span> <span class='ocrx_word' id='word_1_649' title='bbox 2838 4157 2910 4205; x_wconf 77' lang='lat' dir='ltr'><strong>vir</strong></span> <span class='ocrx_word' id='word_1_650' title='bbox 2949 4155 3162 4221; x_wconf 79' lang='lat' dir='ltr'><strong>quisque</strong></span> <span class='ocrx_word' id='word_1_651' title='bbox 3188 4157 3444 4221; x_wconf 75' lang='lat' dir='ltr'><strong>ingenuus</strong></span> <span class='ocrx_word' id='word_1_652' title='bbox 3469 4169 3480 4204; x_wconf 93' lang='lat'><strong>:</strong></span> <span class='ocrx_word' id='word_1_653' title='bbox 3515 4159 3563 4205; x_wconf 87' lang='lat' dir='ltr'><strong>al</strong></span> <span class='ocrx_word' id='word_1_654' title='bbox 3583 4155 3683 4221; x_wconf 81' lang='lat' dir='ltr'><strong>cum</strong></span> 
     </span>
    </p>
   </div>
   <div class='ocr_carea' id='block_1_99' title="bbox 2115 4215 3685 4280">
    <p class='ocr_par' dir='ltr' id='par_1_99' title="bbox 2115 4215 3685 4280">
     <span class='ocr_line' id='line_1_101' title="bbox 2115 4215 3685 4280; baseline -0.001 -16"><span class='ocrx_word' id='word_1_655' title='bbox 2115 4215 2462 4280; x_wconf 72' lang='lat' dir='ltr'><strong>multismalis</strong></span> <span class='ocrx_word' id='word_1_656' title='bbox 2485 4218 2803 4266; x_wconf 74' lang='lat' dir='ltr'><strong>extrinsecus</strong></span> <span class='ocrx_word' id='word_1_657' title='bbox 2828 4215 3204 4280; x_wconf 76' lang='lat' dir='ltr'><strong>ingruentibus,</strong></span> <span class='ocrx_word' id='word_1_658' title='bbox 3242 4215 3347 4280; x_wconf 55' lang='lat' dir='ltr'><strong>i&#39;psa</strong></span> <span class='ocrx_word' id='word_1_659' title='bbox 3377 4232 3570 4280; x_wconf 88' lang='lat' dir='ltr'><strong>quoque</strong></span> <span class='ocrx_word' id='word_1_660' title='bbox 3615 4219 3685 4263; x_wconf 93' lang='lat' dir='ltr'><strong>in-</strong></span> 
     </span>
    </p>
   </div>
   <div class='ocr_carea' id='block_1_100' title="bbox 2117 4279 3682 4341">
    <p class='ocr_par' dir='ltr' id='par_1_100' title="bbox 2117 4279 3682 4341">
     <span class='ocr_line' id='line_1_102' title="bbox 2117 4279 3682 4341; baseline -0.001 -15"><span class='ocrx_word' id='word_1_661' title='bbox 2117 4279 2704 4341; x_wconf 66' lang='lat' dir='ltr'><strong>ternainsurrexerint.</strong></span> <span class='ocrx_word' id='word_1_662' title='bbox 2727 4279 2955 4341; x_wconf 76' lang='lat' dir='ltr'><strong>prodigio</strong></span> <span class='ocrx_word' id='word_1_663' title='bbox 2986 4280 3163 4327; x_wconf 88' lang='lat' dir='ltr'><strong>similis</strong></span> <span class='ocrx_word' id='word_1_664' title='bbox 3214 4279 3298 4329; x_wconf 80' lang='lat' dir='ltr'><strong>hic</strong></span> <span class='ocrx_word' id='word_1_665' title='bbox 3320 4281 3432 4329; x_wconf 77' lang='lat' dir='ltr'><strong>talis</strong></span> <span class='ocrx_word' id='word_1_666' title='bbox 3457 4281 3682 4333; x_wconf 87' lang='lat' dir='ltr'><strong>videatur,</strong></span> 
     </span>
    </p>
   </div>
   <div class='ocr_carea' id='block_1_101' title="bbox 2115 4339 3599 4410">
    <p class='ocr_par' dir='ltr' id='par_1_101' title="bbox 2115 4339 3599 4410">
     <span class='ocr_line' id='line_1_103' title="bbox 2115 4339 3599 4410; baseline 0.001 -21"><span class='ocrx_word' id='word_1_667' title='bbox 2115 4339 2278 4410; x_wconf 51' lang='lat' dir='ltr'><strong>ut&#39;i&#39;ei</strong></span> <span class='ocrx_word' id='word_1_668' title='bbox 2328 4347 2520 4410; x_wconf 65' lang='lat' dir='ltr'><strong>partem</strong></span> <span class='ocrx_word' id='word_1_669' title='bbox 2563 4339 2790 4410; x_wconf 61' lang='lat' dir='ltr'><strong>alteram,</strong></span> <span class='ocrx_word' id='word_1_670' title='bbox 2839 4339 3022 4410; x_wconf 76' lang='lat' dir='ltr'><strong>nedum</strong></span> <span class='ocrx_word' id='word_1_671' title='bbox 3061 4341 3247 4410; x_wconf 83' lang='lat' dir='ltr'><strong>ambas,</strong></span> <span class='ocrx_word' id='word_1_672' title='bbox 3295 4341 3599 4410; x_wconf 80' lang='lat' dir='ltr'><strong>eluctaverit.</strong></span> 
     </span>
    </p>
   </div>
   <div class='ocr_carea' id='block_1_102' title="bbox 2179 4400 3685 4465">
    <p class='ocr_par' dir='ltr' id='par_1_102' title="bbox 2179 4400 3685 4465">
     <span class='ocr_line' id='line_1_104' title="bbox 2179 4400 3685 4465; baseline -0.001 -16"><span class='ocrx_word' id='word_1_673' title='bbox 2179 4400 2242 4449; x_wconf 90' lang='lat' dir='ltr'><strong>Ut</strong></span> <span class='ocrx_word' id='word_1_674' title='bbox 2266 4400 2378 4462; x_wconf 83' lang='lat' dir='ltr'><strong>quis</strong></span> <span class='ocrx_word' id='word_1_675' title='bbox 2403 4401 2590 4452; x_wconf 89' lang='lat' dir='ltr'><strong>invitus</strong></span> <span class='ocrx_word' id='word_1_676' title='bbox 2615 4405 2874 4463; x_wconf 82' lang='lat' dir='ltr'><strong>afﬁciatur,</strong></span> <span class='ocrx_word' id='word_1_677' title='bbox 2911 4403 3096 4451; x_wconf 89' lang='lat' dir='ltr'><strong>iubens</strong></span> <span class='ocrx_word' id='word_1_678' title='bbox 3139 4409 3312 4452; x_wconf 80' lang='lat' dir='ltr'><strong>autem</strong></span> <span class='ocrx_word' id='word_1_679' title='bbox 3340 4404 3538 4465; x_wconf 79' lang='lat' dir='ltr'><strong>pietatis</strong></span> <span class='ocrx_word' id='word_1_680' title='bbox 3575 4412 3685 4460; x_wconf 83' lang='lat' dir='ltr'><strong>ergo</strong></span> 
     </span>
    </p>
   </div>
   <div class='ocr_carea' id='block_1_103' title="bbox 2117 4459 3685 4527">
    <p class='ocr_par' dir='ltr' id='par_1_103' title="bbox 2117 4459 3685 4527">
     <span class='ocr_line' id='line_1_105' title="bbox 2117 4459 3685 4527; baseline 0.001 -19"><span class='ocrx_word' id='word_1_681' title='bbox 2117 4459 2264 4527; x_wconf 65' lang='lat' dir='ltr'><strong>(erat,</strong></span> <span class='ocrx_word' id='word_1_682' title='bbox 2284 4459 2415 4512; x_wconf 79' lang='lat' dir='ltr'><strong>haud</strong></span> <span class='ocrx_word' id='word_1_683' title='bbox 2439 4477 2701 4514; x_wconf 60' lang='lat' dir='ltr'><strong>inornmune</strong></span> <span class='ocrx_word' id='word_1_684' title='bbox 2744 4459 2997 4526; x_wconf 56' lang='lat' dir='ltr'><strong>pratmium</strong></span> <span class='ocrx_word' id='word_1_685' title='bbox 3031 4459 3384 4527; x_wconf 74' lang='lat' dir='ltr'><strong>consequatur,</strong></span> <span class='ocrx_word' id='word_1_686' title='bbox 3431 4465 3526 4512; x_wconf 89' lang='lat' dir='ltr'><strong>imo</strong></span> <span class='ocrx_word' id='word_1_687' title='bbox 3550 4459 3685 4511; x_wconf 72' lang='lat' dir='ltr'><strong>etiam</strong></span> 
     </span>
    </p>
   </div>
   <div class='ocr_carea' id='block_1_104' title="bbox 2115 4524 3714 4590">
    <p class='ocr_par' dir='ltr' id='par_1_104' title="bbox 2115 4524 3714 4590">
     <span class='ocr_line' id='line_1_106' title="bbox 2115 4524 3714 4590; baseline 0 -20"><span class='ocrx_word' id='word_1_688' title='bbox 2115 4524 2318 4590; x_wconf 88' lang='lat' dir='ltr'><strong>omnino</strong></span> <span class='ocrx_word' id='word_1_689' title='bbox 2341 4529 2514 4586; x_wconf 85' lang='lat' dir='ltr'><strong>majus.</strong></span> <span class='ocrx_word' id='word_1_690' title='bbox 2542 4541 2689 4590; x_wconf 89' lang='lat' dir='ltr'><strong>quam</strong></span> <span class='ocrx_word' id='word_1_691' title='bbox 2717 4524 2770 4576; x_wconf 76' lang='lat' dir='ltr'><strong>ut</strong></span> <span class='ocrx_word' id='word_1_692' title='bbox 2795 4529 2995 4588; x_wconf 89' lang='lat' dir='ltr'><strong>proprio</strong></span> <span class='ocrx_word' id='word_1_693' title='bbox 3019 4527 3133 4589; x_wconf 88' lang='lat' dir='ltr'><strong>quis</strong></span> <span class='ocrx_word' id='word_1_694' title='bbox 3171 4524 3380 4577; x_wconf 82' lang='lat' dir='ltr'><strong>consilio</strong></span> <span class='ocrx_word' id='word_1_695' title='bbox 3397 4539 3453 4574; x_wconf 88' lang='lat' dir='ltr'><strong>ac</strong></span> <span class='ocrx_word' id='word_1_696' title='bbox 3481 4528 3714 4576; x_wconf 54' lang='lat' dir='ltr'><strong>volutata“</strong></span> 
     </span>
    </p>
   </div>
   <div class='ocr_carea' id='block_1_105' title="bbox 2114 4589 2955 4646">
    <p class='ocr_par' dir='ltr' id='par_1_105' title="bbox 2114 4589 2955 4646">
     <span class='ocr_line' id='line_1_107' title="bbox 2114 4589 2955 4646; baseline 0.006 -14"><span class='ocrx_word' id='word_1_697' title='bbox 2114 4589 2188 4646; x_wconf 87' lang='lat' dir='ltr'><strong>te,</strong></span> <span class='ocrx_word' id='word_1_698' title='bbox 2218 4589 2455 4636; x_wconf 91' lang='lat' dir='ltr'><strong>malorum</strong></span> <span class='ocrx_word' id='word_1_699' title='bbox 2480 4589 2657 4638; x_wconf 68' lang='lat' dir='ltr'><strong>noiam</strong></span> <span class='ocrx_word' id='word_1_700' title='bbox 2689 4591 2955 4637; x_wconf 86' lang='lat' dir='ltr'><strong>sustineat.</strong></span> 
     </span>
    </p>
   </div>
   <div class='ocr_carea' id='block_1_106' title="bbox 2118 4647 3684 4716">
    <p class='ocr_par' dir='ltr' id='par_1_106' title="bbox 2118 4647 3684 4716">
     <span class='ocr_line' id='line_1_108' title="bbox 2118 4647 3684 4716; baseline -0.008 -12"><span class='ocrx_word' id='word_1_701' title='bbox 2118 4707 2146 4716; x_wconf 56' lang='grc' dir='ltr'><strong>η</strong></span> <span class='ocrx_word' id='word_1_702' title='bbox 2177 4647 2518 4716; x_wconf 67' lang='lat' dir='ltr'><strong>Solentamici</strong></span> <span class='ocrx_word' id='word_1_703' title='bbox 2554 4651 2876 4716; x_wconf 77' lang='lat' dir='ltr'><strong>congaudere</strong></span> <span class='ocrx_word' id='word_1_704' title='bbox 2895 4650 3230 4716; x_wconf 75' lang='lat' dir='ltr'><strong>gaudentibus</strong></span> <span class='ocrx_word' id='word_1_705' title='bbox 3253 4652 3443 4709; x_wconf 79' lang='lat' dir='ltr'><strong>amicis,</strong></span> <span class='ocrx_word' id='word_1_706' title='bbox 3480 4659 3536 4697; x_wconf 85' lang='lat' dir='ltr'><strong>ac</strong></span> <span class='ocrx_word' id='word_1_707' title='bbox 3583 4655 3684 4694; x_wconf 88' lang='lat' dir='ltr'><strong>cum</strong></span> 
     </span>
    </p>
   </div>
   <div class='ocr_carea' id='block_1_107' title="bbox 2114 4710 3021 4772">
    <p class='ocr_par' dir='ltr' id='par_1_107' title="bbox 2114 4710 3021 4772">
     <span class='ocr_line' id='line_1_109' title="bbox 2114 4710 3021 4772; baseline 0.007 -18"><span class='ocrx_word' id='word_1_708' title='bbox 2114 4710 2290 4772; x_wconf 85' lang='lat' dir='ltr'><strong>iisdem</strong></span> <span class='ocrx_word' id='word_1_709' title='bbox 2316 4712 2541 4772; x_wconf 87' lang='lat' dir='ltr'><strong>tristibus</strong></span> <span class='ocrx_word' id='word_1_710' title='bbox 2584 4710 2774 4772; x_wconf 84' lang='lat' dir='ltr'><strong>pariter</strong></span> <span class='ocrx_word' id='word_1_711' title='bbox 2818 4710 3021 4761; x_wconf 46' lang='lat' dir='ltr'><strong>tris—tari.</strong></span> 
     </span>
    </p>
   </div>
   <div class='ocr_carea' id='block_1_108' title="bbox 2182 4769 3685 4835">
    <p class='ocr_par' dir='ltr' id='par_1_108' title="bbox 2182 4769 3685 4835">
     <span class='ocr_line' id='line_1_110' title="bbox 2182 4769 3685 4835; baseline -0.007 -13"><span class='ocrx_word' id='word_1_712' title='bbox 2182 4771 2384 4835; x_wconf 82' lang='lat' dir='ltr'><strong>Ohrutis</strong></span> <span class='ocrx_word' id='word_1_713' title='bbox 2409 4769 2624 4822; x_wconf 64' lang='lat' dir='ltr'><strong>tristitiae</strong></span> <span class='ocrx_word' id='word_1_714' title='bbox 2647 4773 2879 4822; x_wconf 87' lang='lat' dir='ltr'><strong>ﬂuctibus</strong></span> <span class='ocrx_word' id='word_1_715' title='bbox 2901 4776 3093 4828; x_wconf 86' lang='lat' dir='ltr'><strong>animis.</strong></span> <span class='ocrx_word' id='word_1_716' title='bbox 3120 4773 3417 4835; x_wconf 83' lang='lat' dir='ltr'><strong>praesentior</strong></span> <span class='ocrx_word' id='word_1_717' title='bbox 3440 4769 3567 4819; x_wconf 85' lang='lat' dir='ltr'><strong>nulla</strong></span> <span class='ocrx_word' id='word_1_718' title='bbox 3581 4778 3685 4816; x_wconf 91' lang='lat' dir='ltr'><strong>con-</strong></span> 
     </span>
    </p>
   </div>
   <div class='ocr_carea' id='block_1_109' title="bbox 2112 4833 2958 4896">
    <p class='ocr_par' dir='ltr' id='par_1_109' title="bbox 2112 4833 2958 4896">
     <span class='ocr_line' id='line_1_111' title="bbox 2112 4833 2958 4896; baseline 0 -13"><span class='ocrx_word' id='word_1_719' title='bbox 2112 4833 2313 4892; x_wconf 82' lang='lat' dir='ltr'><strong>solatio,</strong></span> <span class='ocrx_word' id='word_1_720' title='bbox 2333 4848 2479 4896; x_wconf 86' lang='lat' dir='ltr'><strong>quam</strong></span> <span class='ocrx_word' id='word_1_721' title='bbox 2515 4835 2676 4883; x_wconf 84' lang='lat' dir='ltr'><strong>luctus</strong></span> <span class='ocrx_word' id='word_1_722' title='bbox 2709 4843 2958 4884; x_wconf 77' lang='lat' dir='ltr'><strong>occurrat.</strong></span> 
     </span>
    </p>
   </div>
   <div class='ocr_carea' id='block_1_110' title="bbox 2176 4896 3392 4946">
    <p class='ocr_par' dir='ltr' id='par_1_110' title="bbox 2176 4896 3392 4946">
     <span class='ocr_line' id='line_1_112' title="bbox 2176 4896 3392 4946; baseline 0.002 -2"><span class='ocrx_word' id='word_1_723' title='bbox 2176 4897 2308 4945; x_wconf 86' lang='lat' dir='ltr'><strong>Bona</strong></span> <span class='ocrx_word' id='word_1_724' title='bbox 2361 4896 2644 4945; x_wconf 83' lang='lat' dir='ltr'><strong>abscondita</strong></span> <span class='ocrx_word' id='word_1_725' title='bbox 2675 4898 2834 4946; x_wconf 85' lang='lat' dir='ltr'><strong>maius</strong></span> <span class='ocrx_word' id='word_1_726' title='bbox 2866 4896 3166 4945; x_wconf 89' lang='lat' dir='ltr'><strong>desiderium</strong></span> <span class='ocrx_word' id='word_1_727' title='bbox 3189 4896 3392 4946; x_wconf 86' lang='lat' dir='ltr'><strong>habent.</strong></span> 
     </span>
    </p>
   </div>
   <div class='ocr_carea' id='block_1_111' title="bbox 2181 4957 3680 5018">
    <p class='ocr_par' dir='ltr' id='par_1_111' title="bbox 2181 4957 3680 5018">
     <span class='ocr_line' id='line_1_113' title="bbox 2181 4957 3680 5018; baseline 0 -13"><span class='ocrx_word' id='word_1_728' title='bbox 2181 4957 2344 5016; x_wconf 73' lang='lat' dir='ltr'><strong>Egere</strong></span> <span class='ocrx_word' id='word_1_729' title='bbox 2381 4962 2459 5006; x_wconf 82' lang='lat' dir='ltr'><strong>vel</strong></span> <span class='ocrx_word' id='word_1_730' title='bbox 2490 4957 2623 5018; x_wconf 80' lang='lat' dir='ltr'><strong>ipsos</strong></span> <span class='ocrx_word' id='word_1_731' title='bbox 2645 4957 2991 5018; x_wconf 88' lang='lat' dir='ltr'><strong>opulentiores</strong></span> <span class='ocrx_word' id='word_1_732' title='bbox 3031 4959 3372 5008; x_wconf 79' lang='lat' dir='ltr'><strong>sublimiorem</strong></span> <span class='ocrx_word' id='word_1_733' title='bbox 3399 4960 3543 5010; x_wconf 89' lang='lat' dir='ltr'><strong>dono,</strong></span> <span class='ocrx_word' id='word_1_734' title='bbox 3577 4963 3680 5010; x_wconf 65' lang='lat' dir='ltr'><strong>qua,</strong></span> 
     </span>
    </p>
   </div>
   <div class='ocr_carea' id='block_1_112' title="bbox 2117 5017 3681 5080">
    <p class='ocr_par' dir='ltr' id='par_1_112' title="bbox 2117 5017 3681 5080">
     <span class='ocr_line' id='line_1_114' title="bbox 2117 5017 3681 5080; baseline -0.005 -14"><span class='ocrx_word' id='word_1_735' title='bbox 2117 5019 2368 5079; x_wconf 87' lang='lat' dir='ltr'><strong>inquiunt,</strong></span> <span class='ocrx_word' id='word_1_736' title='bbox 2406 5017 2619 5077; x_wconf 78' lang='lat' dir='ltr'><strong>ratiOne,</strong></span> <span class='ocrx_word' id='word_1_737' title='bbox 2655 5017 2704 5066; x_wconf 87' lang='lat' dir='ltr'><strong>in</strong></span> <span class='ocrx_word' id='word_1_738' title='bbox 2728 5022 2868 5080; x_wconf 87' lang='lat' dir='ltr'><strong>aquis</strong></span> <span class='ocrx_word' id='word_1_739' title='bbox 2901 5027 3032 5074; x_wconf 84' lang='lat' dir='ltr'><strong>nata.</strong></span> <span class='ocrx_word' id='word_1_740' title='bbox 3074 5020 3330 5069; x_wconf 72' lang='lat' dir='ltr'><strong>cmlestem</strong></span> <span class='ocrx_word' id='word_1_741' title='bbox 3375 5017 3574 5067; x_wconf 88' lang='lat' dir='ltr'><strong>imbrem</strong></span> <span class='ocrx_word' id='word_1_742' title='bbox 3599 5023 3681 5059; x_wconf 84' lang='lat' dir='ltr'><strong>ne-</strong></span> 
     </span>
    </p>
   </div>
   <div class='ocr_carea' id='block_1_113' title="bbox 2119 5081 3139 5131">
    <p class='ocr_par' dir='ltr' id='par_1_113' title="bbox 2119 5081 3139 5131">
     <span class='ocr_line' id='line_1_115' title="bbox 2119 5081 3139 5131; baseline -0.002 -2"><span class='ocrx_word' id='word_1_743' title='bbox 2119 5085 2393 5129; x_wconf 77' lang='lat' dir='ltr'><strong>cessmnm</strong></span> <span class='ocrx_word' id='word_1_744' title='bbox 2418 5081 2620 5130; x_wconf 83' lang='lat' dir='ltr'><strong>habent.</strong></span> <span class='ocrx_word' id='word_1_745' title='bbox 2649 5086 2698 5128; x_wconf 93' lang='lat' dir='ltr'><strong>ul</strong></span> <span class='ocrx_word' id='word_1_746' title='bbox 2725 5083 2934 5131; x_wconf 80' lang='lat' dir='ltr'><strong>fructum</strong></span> <span class='ocrx_word' id='word_1_747' title='bbox 2960 5082 3139 5130; x_wconf 84' lang='lat' dir='ltr'><strong>ferant.</strong></span> 
     </span>
    </p>
   </div>
   <div class='ocr_carea' id='block_1_114' title="bbox 2184 5142 3679 5204">
    <p class='ocr_par' dir='ltr' id='par_1_114' title="bbox 2184 5142 3679 5204">
     <span class='ocr_line' id='line_1_116' title="bbox 2184 5142 3679 5204; baseline -0.001 -14"><span class='ocrx_word' id='word_1_748' title='bbox 2184 5144 2326 5200; x_wconf 89' lang='lat' dir='ltr'><strong>Quod</strong></span> <span class='ocrx_word' id='word_1_749' title='bbox 2363 5156 2533 5189; x_wconf 83' lang='lat' dir='ltr'><strong>eorum</strong></span> <span class='ocrx_word' id='word_1_750' title='bbox 2559 5149 2785 5202; x_wconf 84' lang='lat' dir='ltr'><strong>separata</strong></span> <span class='ocrx_word' id='word_1_751' title='bbox 2811 5146 2913 5192; x_wconf 88' lang='lat' dir='ltr'><strong>sint.</strong></span> <span class='ocrx_word' id='word_1_752' title='bbox 2939 5156 3164 5203; x_wconf 81' lang='lat' dir='ltr'><strong>rorpOra,</strong></span> <span class='ocrx_word' id='word_1_753' title='bbox 3194 5155 3400 5204; x_wconf 90' lang='lat' dir='ltr'><strong>quorum</strong></span> <span class='ocrx_word' id='word_1_754' title='bbox 3444 5142 3679 5204; x_wconf 69' lang='lat' dir='ltr'><strong>insepara-</strong></span> 
     </span>
    </p>
   </div>
   <div class='ocr_carea' id='block_1_115' title="bbox 2115 5200 3679 5261">
    <p class='ocr_par' dir='ltr' id='par_1_115' title="bbox 2115 5200 3679 5261">
     <span class='ocr_line' id='line_1_117' title="bbox 2115 5200 3679 5261; baseline -0.003 -11"><span class='ocrx_word' id='word_1_755' title='bbox 2115 5200 2204 5252; x_wconf 86' lang='lat' dir='ltr'><strong>bili</strong></span> <span class='ocrx_word' id='word_1_756' title='bbox 2238 5205 2433 5253; x_wconf 73' lang='lat' dir='ltr'><strong>\‘inculo</strong></span> <span class='ocrx_word' id='word_1_757' title='bbox 2454 5206 2600 5250; x_wconf 89' lang='lat' dir='ltr'><strong>animi</strong></span> <span class='ocrx_word' id='word_1_758' title='bbox 2621 5200 2776 5252; x_wconf 72' lang='lat' dir='ltr'><strong>iuncti</strong></span> <span class='ocrx_word' id='word_1_759' title='bbox 2813 5213 3002 5261; x_wconf 84' lang='lat' dir='ltr'><strong>essent,</strong></span> <span class='ocrx_word' id='word_1_760' title='bbox 3027 5200 3240 5252; x_wconf 59' lang='lat' dir='ltr'><strong>mullum</strong></span> <span class='ocrx_word' id='word_1_761' title='bbox 3270 5201 3563 5252; x_wconf 84' lang='lat' dir='ltr'><strong>delectabile</strong></span> <span class='ocrx_word' id='word_1_762' title='bbox 3585 5209 3679 5261; x_wconf 73' lang='lat' dir='ltr'><strong>ot‘ﬂ‘</strong></span> 
     </span>
    </p>
   </div>
   <div class='ocr_carea' id='block_1_116' title="bbox 2112 5258 3679 5375">
    <p class='ocr_par' dir='ltr' id='par_1_116' title="bbox 2112 5258 3679 5375">
     <span class='ocr_line' id='line_1_118' title="bbox 2118 5258 3679 5328; baseline -0.003 -16"><span class='ocrx_word' id='word_1_763' title='bbox 2118 5267 2234 5312; x_wconf 84' lang='lat' dir='ltr'><strong>uino</strong></span> <span class='ocrx_word' id='word_1_764' title='bbox 2259 5274 2486 5314; x_wconf 85' lang='lat' dir='ltr'><strong>constare</strong></span> <span class='ocrx_word' id='word_1_765' title='bbox 2507 5266 2644 5321; x_wconf 88' lang='lat' dir='ltr'><strong>sinit,</strong></span> <span class='ocrx_word' id='word_1_766' title='bbox 2670 5272 2822 5328; x_wconf 87' lang='lat' dir='ltr'><strong>utque</strong></span> <span class='ocrx_word' id='word_1_767' title='bbox 2857 5258 3015 5314; x_wconf 79' lang='lat' dir='ltr'><strong>adhuc</strong></span> <span class='ocrx_word' id='word_1_768' title='bbox 3041 5267 3172 5327; x_wconf 92' lang='lat' dir='ltr'><strong>quod</strong></span> <span class='ocrx_word' id='word_1_769' title='bbox 3194 5267 3394 5325; x_wconf 89' lang='lat' dir='ltr'><strong>dicitur,</strong></span> <span class='ocrx_word' id='word_1_770' title='bbox 3425 5261 3576 5324; x_wconf 88' lang='lat' dir='ltr'><strong>reipsa</strong></span> <span class='ocrx_word' id='word_1_771' title='bbox 3599 5258 3679 5304; x_wconf 74' lang='lat' dir='ltr'><strong>de-</strong></span> 
     </span>
     <span class='ocr_line' id='line_1_119' title="bbox 2112 5325 2592 5375; baseline 0.004 -2"><span class='ocrx_word' id='word_1_772' title='bbox 2112 5325 2348 5375; x_wconf 80' lang='lat' dir='ltr'><strong>lectabile</strong></span> <span class='ocrx_word' id='word_1_773' title='bbox 2372 5334 2592 5375; x_wconf 80' lang='lat' dir='ltr'><strong>putetur.</strong></span> 
     </span>
    </p>
   </div>
   <div class='ocr_carea' id='block_1_117' title="bbox 2133 5329 2592 5377">
    <p class='ocr_par' dir='ltr' id='par_1_117' title="bbox 2133 5329 2592 5377">
     <span class='ocr_line' id='line_1_120' title="bbox 2133 5329 2592 5377; baseline 0.007 -4"><span class='ocrx_word' id='word_1_774' title='bbox 2133 5329 2348 5377; x_wconf 77' lang='lat' dir='ltr'><strong>ertabile</strong></span> <span class='ocrx_word' id='word_1_775' title='bbox 2372 5334 2592 5377; x_wconf 74' lang='lat' dir='ltr'><strong>putetur.</strong></span> 
     </span>
    </p>
   </div>
   <div class='ocr_carea' id='block_1_118' title="bbox 2179 5343 3674 5450">
    <p class='ocr_par' dir='ltr' id='par_1_118' title="bbox 2179 5343 3674 5450">
     <span class='ocr_line' id='line_1_121' title="bbox 2179 5343 2592 5376; baseline 0.017 -7"><span class='ocrx_word' id='word_1_776' title='bbox 2179 5343 2240 5374; x_wconf 57' lang='grc' dir='ltr'>ειη</span> <span class='ocrx_word' id='word_1_777' title='bbox 2285 5343 2312 5374; x_wconf 88' lang='lat' dir='ltr'><strong>ll</strong></span> <span class='ocrx_word' id='word_1_778' title='bbox 2406 5343 2592 5376; x_wconf 77' lang='lat' dir='ltr'><strong>lilellil&#39;.</strong></span> 
     </span>
     <span class='ocr_line' id='line_1_122' title="bbox 2179 5343 3674 5450; baseline 0.001 -14"><span class='ocrx_word' id='word_1_779' title='bbox 2179 5343 2433 5437; x_wconf 51' lang='lat' dir='ltr'><strong>Utor;qu</strong></span> <span class='ocrx_word' id='word_1_780' title='bbox 2457 5389 2585 5437; x_wconf 88' lang='lat' dir='ltr'><strong>felici</strong></span> <span class='ocrx_word' id='word_1_781' title='bbox 2611 5401 2846 5438; x_wconf 86' lang='lat' dir='ltr'><strong>successu</strong></span> <span class='ocrx_word' id='word_1_782' title='bbox 2885 5389 3068 5439; x_wconf 79' lang='lat' dir='ltr'><strong>invidia</strong></span> <span class='ocrx_word' id='word_1_783' title='bbox 3101 5389 3365 5450; x_wconf 86' lang='lat' dir='ltr'><strong>conlietur,</strong></span> <span class='ocrx_word' id='word_1_784' title='bbox 3409 5397 3468 5450; x_wconf 81' lang='lat' dir='ltr'><strong>eo</strong></span> <span class='ocrx_word' id='word_1_785' title='bbox 3493 5389 3674 5450; x_wconf 59' lang='lat' dir='ltr'><strong>compa:</strong></span> 
     </span>
    </p>
   </div>
   <div class='ocr_carea' id='block_1_119' title="bbox 2115 5448 3673 5515">
    <p class='ocr_par' dir='ltr' id='par_1_119' title="bbox 2115 5448 3673 5515">
     <span class='ocr_line' id='line_1_123' title="bbox 2115 5448 3673 5515; baseline -0.008 -17"><span class='ocrx_word' id='word_1_786' title='bbox 2115 5457 2274 5515; x_wconf 75' lang='lat' dir='ltr'><strong>ratum</strong></span> <span class='ocrx_word' id='word_1_787' title='bbox 2299 5459 2397 5515; x_wconf 75' lang='lat' dir='ltr'><strong>est,</strong></span> <span class='ocrx_word' id='word_1_788' title='bbox 2456 5454 2586 5512; x_wconf 90' lang='lat' dir='ltr'><strong>quod</strong></span> <span class='ocrx_word' id='word_1_789' title='bbox 2641 5450 2796 5501; x_wconf 78' lang='lat' dir='ltr'><strong>invidi</strong></span> <span class='ocrx_word' id='word_1_790' title='bbox 2838 5451 3050 5500; x_wconf 89' lang='lat' dir='ltr'><strong>aliorum</strong></span> <span class='ocrx_word' id='word_1_791' title='bbox 3094 5448 3358 5515; x_wconf 83' lang='lat' dir='ltr'><strong>prosperis</strong></span> <span class='ocrx_word' id='word_1_792' title='bbox 3386 5448 3533 5497; x_wconf 86' lang='lat' dir='ltr'><strong>rebus</strong></span> <span class='ocrx_word' id='word_1_793' title='bbox 3571 5449 3673 5488; x_wconf 83' lang='lat' dir='ltr'><strong>suas</strong></span> 
     </span>
    </p>
   </div>
   <div class='ocr_carea' id='block_1_120' title="bbox 2115 5511 3392 5567">
    <p class='ocr_par' dir='ltr' id='par_1_120' title="bbox 2115 5511 3392 5567">
     <span class='ocr_line' id='line_1_124' title="bbox 2115 5511 3392 5567; baseline 0.009 -12"><span class='ocrx_word' id='word_1_794' title='bbox 2115 5511 2270 5559; x_wconf 90' lang='lat' dir='ltr'><strong>minui</strong></span> <span class='ocrx_word' id='word_1_795' title='bbox 2295 5511 2615 5562; x_wconf 83' lang='lat' dir='ltr'><strong>arbitrentur.</strong></span> <span class='ocrx_word' id='word_1_796' title='bbox 3094 5511 3110 5515; x_wconf 72' lang='grc'><em>’</em></span> <span class='ocrx_word' id='word_1_797' title='bbox 3214 5511 3222 5513; x_wconf 51' lang='grc'><strong><em>“</em></strong></span> <span class='ocrx_word' id='word_1_798' title='bbox 3385 5560 3392 5567; x_wconf 94' lang='grc'><strong>.</strong></span> 
     </span>
    </p>
   </div>
   <div class='ocr_carea' id='block_1_121' title="bbox 2181 5559 3672 5635">
    <p class='ocr_par' dir='ltr' id='par_1_121' title="bbox 2181 5559 3672 5635">
     <span class='ocr_line' id='line_1_125' title="bbox 2181 5559 3672 5635; baseline 0.006 -15"><span class='ocrx_word' id='word_1_799' title='bbox 2181 5559 2436 5635; x_wconf 75' lang='lat' dir='ltr'><strong>Existimo</strong></span> <span class='ocrx_word' id='word_1_800' title='bbox 2458 5588 2484 5622; x_wconf 87' lang='lat' dir='ltr'><strong>a</strong></span> <span class='ocrx_word' id='word_1_801' title='bbox 2512 5559 2695 5635; x_wconf 79' lang='lat' dir='ltr'><strong>gaudio</strong></span> <span class='ocrx_word' id='word_1_802' title='bbox 2722 5573 2849 5623; x_wconf 76' lang='lat' dir='ltr'><strong>vinci</strong></span> <span class='ocrx_word' id='word_1_803' title='bbox 2901 5575 3169 5635; x_wconf 83' lang='lat' dir='ltr'><strong>tristitiam,</strong></span> <span class='ocrx_word' id='word_1_804' title='bbox 3199 5578 3253 5621; x_wconf 87' lang='lat' dir='ltr'><strong>ut</strong></span> <span class='ocrx_word' id='word_1_805' title='bbox 3301 5560 3545 5635; x_wconf 49' lang='lat' dir='ltr'><strong>cull&#39;tinfi?l</strong></span> <span class='ocrx_word' id='word_1_806' title='bbox 3569 5559 3672 5635; x_wconf 52' lang='grc' dir='ltr'><strong>φεῖ</strong></span> 
     </span>
    </p>
   </div>
   <div class='ocr_carea' id='block_1_122' title="bbox 2114 5628 3669 5704">
    <p class='ocr_par' dir='ltr' id='par_1_122' title="bbox 2114 5628 3669 5704">
     <span class='ocr_line' id='line_1_126' title="bbox 2114 5628 3669 5704; baseline -0.005 -24"><span class='ocrx_word' id='word_1_807' title='bbox 2114 5632 2335 5704; x_wconf 74' lang='lat' dir='ltr'><strong>rissimos</strong></span> <span class='ocrx_word' id='word_1_808' title='bbox 2360 5637 2494 5704; x_wconf 87' lang='lat' dir='ltr'><strong>bene</strong></span> <span class='ocrx_word' id='word_1_809' title='bbox 2513 5628 2752 5704; x_wconf 40' lang='lat' dir='ltr'><strong>Thahere.</strong></span> <span class='ocrx_word' id='word_1_810' title='bbox 2795 5636 2855 5685; x_wconf 87' lang='lat' dir='ltr'><strong>ab</strong></span> <span class='ocrx_word' id='word_1_811' title='bbox 2879 5650 2940 5687; x_wconf 91' lang='lat' dir='ltr'><strong>eo</strong></span> <span class='ocrx_word' id='word_1_812' title='bbox 2987 5638 3122 5700; x_wconf 89' lang='lat' dir='ltr'><strong>quod</strong></span> <span class='ocrx_word' id='word_1_813' title='bbox 3158 5628 3387 5686; x_wconf 76' lang='lat' dir='ltr'><strong>amantes</strong></span> <span class='ocrx_word' id='word_1_814' title='bbox 3425 5628 3669 5679; x_wconf 81' lang='lat' dir='ltr'><strong>molestum</strong></span> 
     </span>
    </p>
   </div>
   <div class='ocr_carea' id='block_1_123' title="bbox 2115 5697 2818 5758">
    <p class='ocr_par' dir='ltr' id='par_1_123' title="bbox 2115 5697 2818 5758">
     <span class='ocr_line' id='line_1_127' title="bbox 2115 5697 2818 5758; baseline 0.01 -16"><span class='ocrx_word' id='word_1_815' title='bbox 2115 5697 2364 5758; x_wconf 88' lang='lat' dir='ltr'><strong>quidpiam</strong></span> <span class='ocrx_word' id='word_1_816' title='bbox 2385 5710 2441 5748; x_wconf 89' lang='lat' dir='ltr'><strong>ac</strong></span> <span class='ocrx_word' id='word_1_817' title='bbox 2465 5699 2606 5747; x_wconf 88' lang='lat' dir='ltr'><strong>triste</strong></span> <span class='ocrx_word' id='word_1_818' title='bbox 2639 5700 2818 5749; x_wconf 85' lang='lat' dir='ltr'><strong>ferant.</strong></span> 
     </span>
    </p>
   </div>
  </div>
