3950 6424
3681 267 3707 289 q

486 349 588 414 311
1647 352 2049 414 MANUELIS
2093 353 2538 416 PALEOLOGI
2927 365 2934 372 '
3622 351 3716 419 312

490 485 556 524 ea
586 467 807 539 praemia
841 467 1126 535 divinitus,
1165 477 1224 524 ut
1247 469 1464 523 Manucl
1509 469 1744 540 imperio
1765 481 2000 540 paterno
2035 471 2325 540 potiretur,
2356 469 2673 526 Andronico
2722 467 3088 539 primogenito
3117 476 3174 524 et
3203 465 3412 524 Joanne
3441 467 3715 526 Andronici

493 559 604 614 ﬁlio
626 574 851 630 prorsus
869 558 1131 615 exclusis.
1165 557 1492 630 Quanquam
1517 561 1662 614 enim
1689 561 1755 615 ad
1788 560 2128 629 Bajazetum,
2148 560 2424 617 Amuratis
2462 561 2630 615 lilium
2665 557 3034 615 Barbarorum
3061 566 3375 627 tyrannum,
3394 557 3446 612 hi
3471 557 3575 614 duo
3606 574 3718 629 pro-

490 648 771 718 fugerunt,
795 649 1025 718 ejusque
1055 649 1229 718 capiis
1259 647 1627 703 auxiliaribus
1655 647 1850 719 adjnti,
1891 649 2426 718 Constantinopolim
2453 657 2814 718 occuparunt,
2875 647 3205 716 imperatore
3233 643 3444 699 Joanne
3477 654 3642 715 patre,
3661 662 3718 703 ae

490 737 736 793 Manuele
767 737 899 803 lilio,
922 737 1019 806 qui
1043 737 1187 806 capti
1225 746 1377 801 sunt,
1411 737 1465 792 in
1501 737 1669 794 duros
1702 743 1958 794 carceres
1986 738 2291 808 compactis
2323 753 2336 790 :
2371 747 2553 793 tamen
2608 735 2798 792 favore
2820 733 3040 805 propitii
3086 731 3340 787 Numinis
3398 731 3594 787 factum
3621 741 3716 798 est,

489 835 549 880 ut
589 834 784 881 exacto
815 825 1058 881 triennio
1084 825 1217 880 salvi
1248 825 1471 880 tandem
1505 827 1820 890 evaderent,
1854 826 2062 883 frustra
2096 825 2381 882 multoties
2408 834 2664 882 monente
2685 813 2946 894 Bajazeto
2976 834 3232 896 tyranno,
3260 831 3321 876 ut
3351 822 3714 878 interﬁceren-

489 923 599 967 tur.
635 912 906 967 Nimirum
963 914 1152 982 nequit
1175 912 1228 966 in
1251 927 1346 967 eos
1378 911 1616 966 humana
1675 912 1867 968 saevire
1893 914 2212 980 crudelitas,
2243 928 2382 983 quos
2409 914 2593 970 divina
2641 913 2980 984 providentia
3045 911 3197 983 tegit.
3262 911 3540 980 Bajazetus
3591 911 3719 980 ipse,

489 1011 695 1056 mutata
721 1002 1007 1056 voluntate
1037 1001 1290 1071 pristina,
1322 999 1625 1056 Manuelem
1654 1001 1895 1056 restituit
1929 1020 1943 1057 :
1975 1001 2295 1059 Andronico
2325 1010 2382 1058 et
2409 1000 2619 1058 Joanne
2653 1003 2708 1057 in
2741 1003 2923 1056 aulam
2956 1016 3113 1086 sua‘n
3165 999 3489 1072 deportatis,
3523 998 3612 1054 ubi
3649 999 3723 1054 vi-

487 1095 635 1140 ctnm
674 1086 959 1154 haberent,
995 1101 1159 1156 quam
1201 1086 1292 1141 diu
1324 1087 1649 1156 superstites
1683 1098 1890 1144 essent.
1925 1087 2098 1145 Tanta
2128 1105 2260 1146 vero
2298 1091 2673 1161 magnitudine
2700 1091 2866 1146 animi
2891 1091 3150 1161 praeditus
3183 1101 3305 1144 erat
3333 1087 3544 1144 Manuel
3565 1087 3722 1158 impe-

484 1182 658 1240 rator,
691 1181 751 1228 ut
781 1189 906 1227 cum
933 1173 1221 1242 Bajazetus
1253 1174 1578 1229 immensam
1608 1175 1678 1230 ab
1703 1189 1770 1231 eo
1796 1177 2044 1246 pecuniae
2081 1177 2186 1233 vim
2219 1187 2492 1247 posceret;
2522 1186 2690 1250 atque
2749 1178 2828 1234 uti
2865 1193 3021 1234 suam
3052 1177 3105 1232 in
3151 1176 3336 1232 aulam
3383 1174 3608 1239 veniret,
3640 1173 3725 1230 ad-

487 1262 676 1315 hibitis
711 1260 970 1332 gravibus
999 1261 1201 1326 minis;
1230 1260 1533 1328 mandaret,
1575 1263 1628 1316 in
1681 1272 1878 1318 neutro
1926 1265 2144 1335 tyranni
2183 1267 2478 1336 postulatis
2515 1275 2757 1338 pareret.
2804 1265 3167 1323 Existimabat
3217 1251 3366 1319 enim
3410 1261 3724 1318 fortissimus

488 1349 764 1417 princeps,
801 1347 967 1404 etiam
1001 1348 1302 1404 debilitatis
1330 1349 1545 1420 imperii
1581 1350 1864 1420 Byzantini
1912 1352 2308 1418 viribus,nihil
2337 1365 2530 1412 contra
2558 1357 2878 1426 dignitatem
2933 1355 3051 1424 ejus
3084 1353 3190 1410 loci
3233 1363 3399 1420 atque
3430 1351 3652 1415 ordinis,
3673 1350 3722 1405 in

485 1448 646 1498 quem
682 1451 711 1489 a
749 1435 859 1490 Deo
897 1436 1202 1491 collocatus
1233 1445 1402 1502 esset,
1444 1436 1869 1493 admittendum.
1902 1437 2018 1495 Hac
2063 1439 2133 1495 de
2162 1455 2327 1497 causa
2360 1458 2552 1500 rursus
2608 1444 2662 1499 in
2701 1441 3005 1514 periculum
3067 1439 3356 1494 amittendi
3392 1437 3540 1507 regni
3566 1437 3722 1500 venit,

486 1541 611 1580 eum
637 1525 818 1581 denuo
844 1525 1188 1580 manifestam
1219 1526 1438 1596 benigni
1489 1527 1732 1583 numinis
1765 1541 1922 1598 opem
1957 1529 2147 1584 sentit.
2185 1527 2476 1600 Bajazetus
2502 1531 2651 1586 enim
2693 1530 2933 1587 barbaro
2989 1528 3176 1582 furore
3211 1526 3477 1597 percitus,
3509 1523 3724 1580 summis

486 1615 694 1670 viribus
724 1614 1251 1682 Constantinopolim
1290 1614 1504 1669 obsidet
1527 1629 1591 1669 ac
1619 1625 1899 1685 oppugnat
1925 1633 1941 1681 ;
1970 1631 2092 1687 quae
2119 1617 2340 1688 quidem
2374 1617 2593 1674 obsidio
2620 1627 2764 1674 totos
2793 1620 2992 1674 decem
3041 1629 3214 1671 annos
3261 1613 3498 1669 duravit.
3529 1611 3724 1667 Interea

487 1701 702 1757 Manuel
735 1701 978 1757 animum
1010 1702 1160 1781 nullo
1193 1703 1357 1756 modo
1393 1701 1715 1772 despondet,
1744 1703 1838 1758 sed
1864 1712 2151 1773 paternum
2177 1704 2425 1767 imitatus
2464 1694 2783 1770 consulium,
2813 1705 3039 1775 Joanni,
3064 1701 3367 1758 Andronici
3401 1700 3583 1755 fratris
3605 1700 3723 1763 tilio,

489 1792 644 1847 urbis
667 1793 905 1847 obsessae
944 1806 1074 1848 cura
1111 1790 1539 1860 defensioneque
1570 1791 1884 1858 commissa,
1916 1793 1969 1846 in
1998 1791 2208 1848 Italiam
2241 1793 2308 1846 ad
2355 1793 2695 1863 pontificem,
2735 1791 3028 1849 Mediolani
3053 1790 3251 1846 ducem
3278 1798 3334 1845 et
3351 1788 3585 1844 Venetos
3611 1801 3724 1858 pro-

489 1878 937 1935 ficiscitur.Hinc
965 1879 1079 1933 abit
1127 1879 1179 1933 in
1215 1878 1438 1942 Gallias.
1467 1879 1558 1934 ubi
1579 1879 1832 1934 Carolum
1891 1895 2074 1950 regem
2131 1881 2388 1950 phrenesi
2449 1881 2794 1937 laborantem
2829 1883 3054 1952 reperit.
3109 1882 3399 1954 Nusquam
3443 1882 3722 1954 quidquam

484 1969 607 2040 opis
638 1969 913 2038 impetrat.
956 1969 1205 2038 Cumque
1235 1968 1489 2023 merbum
1512 1968 1654 2040 regis
1684 1968 2089 2024 diuturniorem
2121 1969 2238 2025 fore
2273 1969 2632 2040 prospiceret,
2663 1985 2760 2041 per
2794 1970 3145 2026 Germaniam
3176 1981 3234 2027 et
3260 1971 3595 2026 Pannoniam
3626 1969 3716 2024 do-

485 2072 635 2111 mum
670 2058 984 2112 revertitur.
1004 2054 1164 2110 Omni
1195 2056 1491 2112 destitutus
1519 2059 1760 2113 humano
1793 2057 2071 2128 prasidio,
2105 2057 2275 2112 Deum
2323 2058 2426 2113 sibi
2477 2058 2964 2126 praesentissimum
3007 2061 3317 2128 experitur.
3359 2059 3494 2115 Nam
3523 2058 3724 2126 Bajaze-

481 2155 572 2202 tus
602 2147 863 2202 obsessor
895 2147 1044 2202 urbis
1071 2145 1260 2216 praelio
1291 2145 1494 2209 victus,
1529 2147 1579 2200 in
1616 2143 1996 2202 Tamberlanis
2019 2143 2346 2215 Scytharum
2407 2145 2672 2217 principis
2696 2154 3021 2216 potestatem
3055 2147 3227 2214 venit,
3281 2161 3384 2203 nec
3427 2147 3492 2203 ad
3515 2155 3722 2202 mortem

482 2249 659 2306 usque
685 2227 747 2290 se
789 2249 984 2290 rursus
1013 2233 1124 2288 ulla
1162 2233 1374 2288 ratione
1394 2234 1448 2288 in
1490 2233 1796 2289 libertatem
1829 2249 2081 2290 asserere
2111 2234 2312 2305 potuit.
2352 2235 2551 2304 Ingens
2578 2235 2680 2289 hoc
2704 2235 2798 2290 Dei
2834 2235 3158 2291 beneficium
3189 2236 3410 2292 Manuel
3431 2237 3626 2308 hymno
3651 2247 3723 2289 ce-

481 2323 676 2388 lebrat,
703 2338 866 2393 quem
896 2323 988 2378 hic
1017 2323 1071 2376 in
1096 2331 1342 2378 extremo
1372 2321 1630 2391 legimus.
1659 2321 1769 2377 Nec
1799 2321 1972 2376 multo
2004 2329 2150 2392 post,
2184 2331 2245 2378 ut
2271 2338 2402 2380 suos
2433 2339 2464 2379 a
2494 2322 2864 2378 Barbarorum
2895 2324 3113 2392 injuriis
3144 2332 3446 2392 tutaretur,
3475 2325 3720 2381 Isthmum

482 2412 846 2482 Peloponnesi
876 2427 1034 2467 muro
1065 2411 1293 2474 claudit.
1316 2411 1698 2481 exstinctaque
1725 2409 2001 2481 Bajazeto,
2037 2419 2356 2484 perpetuam
2407 2427 2535 2468 cum
2567 2411 2901 2480 Mahometo,
2927 2413 3047 2483 ejus
3075 2413 3208 2480 lilio,
3236 2427 3426 2484 pacem
3450 2411 3598 2468 facit.
3629 2411 3724 2465 Ta-

480 2501 586 2555 lem
613 2510 938 2566 tantumque
977 2501 1304 2571 principem,
1335 2506 1556 2570 tamque
1581 2499 1694 2554 Deo
1720 2498 1970 2564 charum,
2004 2499 2072 2555 ad
2110 2508 2181 2568 te,
2209 2501 2525 2567 Francisce,
2558 2516 2848 2572 procerum
2890 2501 3151 2558 Italorum
3181 2501 3378 2567 decus,
3427 2502 3722 2572 ablegamus

477 2601 540 2646 ut
572 2590 672 2646 tibi
712 2591 881 2647 libros
914 2590 1083 2646 hosce
1117 2603 1268 2654 suos,
1297 2587 1392 2659 qui
1415 2587 1660 2644 rationes
1698 2587 1998 2644 educanda:
2031 2588 2194 2659 regiae
2245 2591 2452 2648 sobolis
2473 2591 2785 2654 continent,
2833 2589 3064 2646 offerat:
3098 2605 3206 2646 non
3238 2593 3385 2662 quod
3417 2603 3470 2648 tu
3525 2603 3722 2662 praece-

478 2683 592 2754 ptis
615 2684 763 2738 hisce
784 2683 1054 2754 indigeas.
1079 2681 1172 2750 qui
1204 2680 1527 2751 jamdudum
1560 2681 1760 2736 maturi
1790 2683 2174 2753 sapientisque
2202 2679 2468 2749 principis
2503 2693 2763 2733 numeros
2787 2677 3010 2746 imples.
3047 2679 3144 2735 sed
3193 2692 3260 2735 ut
3290 2679 3586 2749 aliquando
3606 2674 3721 2732 Phi-

478 2772 614 2842 lippi
643 2772 744 2836 tui,
778 2785 904 2826 cum
937 2771 1167 2826 feliciter
1188 2769 1510 2838 adoleverit,
1538 2770 1736 2826 studiis
1765 2779 1820 2825 et
1842 2771 1965 2827 usui
1995 2770 2261 2826 serviant.
2295 2766 2411 2820 Erit
2457 2774 2662 2832 autem,
2693 2776 2756 2819 ut
2803 2781 2985 2837 spero,
3008 2781 3116 2820 non
3142 2765 3396 2837 ingratus
3427 2767 3518 2823 hic
3545 2767 3719 2833 hospes

477 2861 600 2927 tibi,
633 2860 724 2928 qui
754 2875 880 2916 eum
917 2869 1164 2930 augusta:
1194 2858 1415 2914 familiae
1447 2859 1788 2913 ornamentis
1816 2859 2083 2914 doctrinae
2107 2856 2326 2912 laudem
2376 2855 2686 2924 conjunxit.
2725 2852 2952 2924 Semper
2985 2853 3130 2908 enim
3165 2854 3275 2910 hoc
3319 2853 3587 2924 peculiare
3629 2850 3719 2907 fuit

477 2947 732 3004 Mediceae
758 2948 904 3018 genti
926 2957 1139 3010 vestrm,
1168 2957 1228 3000 ut
1254 2959 1414 3000 omen
1446 2945 1750 2999 doctrinam
1779 2945 2088 3012 liberalem,
2133 2959 2188 3003 et
2219 2947 2366 3002 viros
2387 2959 2452 3000 ex
2477 2959 2539 2999 ea
2562 2943 2762 3006 claros,
2789 2942 3192 2998 humanissime
3217 2945 3716 3014 complecterentur.

475 3036 672 3105 Magno
701 3036 777 3092 illi
815 3035 1040 3101 Cosmo,
1072 3034 1164 3104 qui
1205 3033 1417 3103 primus
1459 3036 1576 3088 suis
1621 3033 1922 3100 praelucere
1962 3034 2269 3105 majoribus
2321 3037 2487 3105 cepit,
2537 3030 2903 3102 Chrysoloras
2929 3041 2986 3089 et
3025 3033 3430 3102 Argyropulus,
3487 3031 3716 3088 homines

473 3125 670 3192 Graeci,
700 3125 1115 3192 litterarumque
1135 3121 1449 3178 Graecarum
1482 3135 1581 3190 per
1630 3120 1839 3175 Italiam
1863 3158 1878 3184 ,
1905 3119 2259 3176 Germaniam
2283 3130 2337 3177 et
2364 3122 2598 3178 Galliam
2649 3129 3063 3191 propagatores.
3103 3119 3158 3173 in
3185 3120 3408 3176 deliciis
3429 3127 3482 3174 et
3530 3117 3716 3173 amori-

473 3214 577 3270 bus
608 3214 780 3268 fuere.
830 3211 1007 3282 Nepos
1048 3219 1230 3265 autem
1261 3210 1382 3280 ejus
1422 3207 1756 3264 Laurentius
1785 3215 1992 3278 quanto
2023 3207 2223 3263 Janum
2267 3208 2545 3264 Lascarim
2595 3216 2784 3262 natum
2813 3222 2878 3263 ex
2926 3206 3288 3278 imperatoria
3323 3209 3491 3280 stirpe
3527 3206 3716 3265 Graeca.

474 3301 816 3358 Demetrium
847 3297 1367 3370 Cltalcocondylam,
1424 3297 1744 3352 Michaelem
1797 3295 2084 3352 Marullum
2131 3297 2557 3352 Tarchaniotam
2591 3297 2862 3351 illustrem
2909 3295 3189 3360 virum,in
3245 3297 3459 3351 honore
3505 3290 3718 3350 habuit?

474 3389 724 3460 Denique
755 3387 988 3445 Cosmus
1032 3395 1205 3458 pater,
1237 3395 1296 3440 ut
1328 3386 1463 3441 alios
1477 3385 1752 3449 omittam,
1786 3384 2054 3452 majorum
2084 3386 2328 3454 vestigiis
2351 3386 2634 3448 insistens,
2654 3399 2781 3440 cum
2811 3384 2934 3438 aliis
2967 3383 3372 3452 rempublicam
3413 3382 3714 3439 litterariam

475 3478 757 3534 beneficiis
778 3476 959 3532 affecit
983 3495 998 3543 ;
1031 3486 1144 3531 tum
1187 3474 1564 3530 nobilissimos
1604 3473 1728 3529 illos
1749 3472 2149 3529 Pandeetarum
2170 3473 2611 3528 Florentinarum
2637 3473 2826 3534 libros,
2851 3481 2958 3526 tam
2979 3481 3168 3527 sancte
3193 3473 3418 3529 saeculis
3439 3481 3518 3529 tot
3547 3471 3717 3525 adser-

475 3575 658 3632 vatos,
688 3566 990 3621 immortali
1013 3579 1112 3620 sua
1145 3579 1272 3619 eum
1305 3564 1468 3618 laude
1490 3563 1776 3617 nobiscum
1797 3562 2249 3618 communicavit.
2279 3562 2482 3617 Horum
2514 3561 2761 3630 exempla
2787 3569 2842 3616 tu
2863 3576 3084 3632 quoque
3103 3563 3298 3632 procul
3327 3563 3493 3618 dubio
3524 3569 3720 3628 semper

471 3657 782 3723 imitabere,
839 3654 932 3725 qui
975 3655 1188 3710 caeteris
1221 3653 1274 3706 in
1303 3653 1470 3708 rebus
1525 3651 1700 3707 avitas
1743 3653 2084 3722 patritasque
2128 3653 2382 3717 virtutes,
2437 3662 2488 3706 et
2557 3650 2774 3721 egregia
2823 3650 2990 3716 facta,
3031 3650 3360 3722 jamdudum
3416 3665 3522 3706 non
3559 3647 3714 3704 solum

471 3745 724 3814 aequasti,
760 3759 948 3800 verum
995 3743 1158 3799 etiam
1195 3755 1451 3810 magnum
1485 3739 1680 3795 iisdem
1733 3739 1917 3797 laudis
1967 3741 2156 3814 gloria:
2190 3741 2471 3812 dignitatis
2493 3739 2837 3809 amplificata:
2868 3739 3150 3795 cumulum
3185 3739 3462 3811 adjecisti.
3497 3733 3695 3792 ναίω

471 3830 642 3888 D.Vll
674 3831 749 3887 ιιι.
788 3831 1014 3888 Januar.
1048 3829 1257 3888 Vienna
1290 3828 1638 3892 Pannonum.

2375 3969 2452 4029 Jo.
2487 3969 2859 4025 Leuncuvws
2896 3966 3229 4025 Germanus.
