3950 6432
269 361 370 426 313

285 513 574 527 ρ--ᾠ

285 521 2558 557 W—

1219 371 1630 475 PRIECEPTA
1661 375 2190 438 EDUCATIONIS
2225 379 2513 445 REGIIE.

3422 384 3526 448 314

586 680 1431 820 ΜΑΝΟΥΗΛ
1505 689 1856 825 ΤΟΥ
1939 687 3211 834 ΠΑΛΑΙΟΛΟΓΟΥ

1047 897 1187 955 ΤΟΥ
1210 899 1751 959 ΕΥΣΕΒΕΣΤΑΤΟΥ
1770 905 1892 961 ΚΑΙ
1921 905 2385 962 ΦΙΛΟΧΡΙΣΤΟΥ
2412 909 2749 967 ΒΑΣΙΛΕΩΣ

417 1018 596 1074 ΠΡΟΣ
628 1020 766 1075 TON
799 1021 1328 1080 ΕΡᾹΣΜΙΩΤΛΤΟΝ
1358 1025 1526 1080 ΥΙΟΝ
1550 1025 1786 1082 ΑΥΤΟΥ
1813 1028 1936 1082 ΚΑΙ
1979 1028 2295 1095 ΒΑΣΙΛΕΔ,
2320 1030 2640 1087 ΙΩΔΝΝΗΝ
2684 1033 2825 1088 TON
2872 1032 3362 1090 ΠΔΛΔῙΟΛΟΓΟΝ

979 1171 1595 1264 ΥΠΟΘΗΚΑΙ
1694 1169 2294 1264 ΒΑΣΙΛΙΚΗΣ
2368 1149 2848 1270 ”ΑΓΩΓΗΣ

1587 1346 1678 1402 ΕΝ
1723 1347 2144 1404 ΚΕΦᾹΛΑΙΟΙΣ
2195 1352 2275 1404 Ρ¹·

796 1653 1774 1820 MANUELIS
1851 1663 2219 1819 PAL
2243 1669 3015 1830 ZEOLOGI

1123 1958 1125 1960 -
1199 1917 1545 1977 RELIGIOSI
1579 1921 1672 1978 ΕΤ
1695 1921 2092 1981 CHRISTIANI
2131 1927 2614 1986 IMPERATORIS

652 2037 745 2094 AD
781 2037 1333 2099 AMABILISSIMUM
1385 2043 1627 2104 FILlUM
1656 2044 1744 2100 ET
1768 2045 2280 2109 IMPERATOREM
2307 2049 2635 2111 JOANNEM
2664 2053 3168 2116 PALEOLOGUM

845 2203 1497 2296 PRAECEPTA
1602 2193 2434 2305 EDUCATIONIS
2515 2217 2958 2308 REGIAE.

1416 2388 1459 2447 C
1488 2388 2004 2452 COMPREHENSA
2046 2395 2366 2458 CAPITIBU
2379 2397 2437 2456 S.

619 2715 998 2784 ΕΠΙΣΤΟΛΗ
1033 2731 1526 2788 amomum.

370 2842 473 2895 Ἐν
500 2840 947 2908 Πελοποννήσῳ
991 2842 1070 2898 σὲ
1103 2843 1326 2910 λιπὼν,
1352 2844 1431 2910 ἐξ
1473 2845 1732 2914 Ἰταλίας
1766 2845 1865 2915 ἐρον

289 2935 542 3010 χόμενος
566 2933 631 3006 (ὣ
661 2934 789 3003 πῶς
837 2935 1108 3007 ἐνεγκεῖν
1155 2936 1465 3006 ἐδυνήθην
1482 2941 1548 3006 ;),
1579 2935 1742 3012 ἦσθα
1794 2939 1866 2992 δὲ

287 3027 530 3080 παιδίον
555 3027 663 3094 ἔτι,
693 3027 793 3080 καὶ
821 3027 1100 3094 παιδείας
1121 3028 1455 3100 οὐυυχνῆς
1471 3031 1746 3102 μετέχων
1766 3031 1866 3086 διὰ

288 3121 404 3187 τὴν
427 3119 692 3186 ἠλικίαν,
721 3120 927 3189 ἄλλως
959 3123 1022 3177 τέ
1047 3139 1147 3178 σοι
1175 3125 1276 3178 καὶ
1315 3123 1428 3194 τῆς
1466 3127 1659 3196 τύχης
1684 3126 1866 3196 ἐμπο-

289 3212 410 3266 δὼν
446 3215 533 3278 εὶς
585 3213 764 3268 τοῦτο
800 3217 1226 3285 γεγενημένης,
1272 3217 1615 3286 ὑποθήκαις
1661 3218 1734 3287 τῇ
1763 3219 1868 3275 δυ-

288 3304 461 3374 νάμει
497 3308 979 3375 συμϐαινούσαις
1014 3306 1366 3379 έρρύθμιζον
1388 3325 1402 3342 ⁶
1432 3311 1503 3364 έν
1533 3307 1630 3378 αἷς
1661 3311 1870 3382 ἐτέρας

289 3399 755 3469 ἐπηγγελλόμην
792 3399 896 3455 σοι
957 3401 1182 3456 δώσειν
1231 3403 1348 3471 τὴν
1391 3404 1650 3474 ,ἠλικίαν
1699 3405 1868 3476 ἀμείο

291 3491 477 3556 σοντι,
528 3491 858 3562 τελεωτέρῳ
894 3493 1014 3560 βίῳ
1060 3496 1435 3564 πρεπούσας.
1485 3497 1652 3567 "Apte
1707 3497 1775 3553 δέ
1803 3516 1872 3570 γε

289 3585 575 3654 μειρακίῳ
597 3588 890 3655 γεγονότι,
917 3587 1017 3642 καὶ
1044 3589 1196 3660 πρὸς
1220 3588 1380 3659 ἡμᾶς
1412 3594 1869 3662 παραγεγονότι,

290 3677 536 3748 φέροντί
568 3695 633 3733 τε
659 3677 737 3749 τῇ
768 3679 943 3750 ψυχῇ
973 3668 1252 3750 παιδείας
1284 3686 1358 3739 οὐ
1386 3683 1631 3754 φαῦλον
1666 3685 1870 3756 μέρος,

289 3773 607 3842 ἐμπειρίαν
636 3787 701 3826 τε
737 3771 954 3840 τόξων,
988 3774 1087 3828 καί
1121 3774 1329 3843 θήρας,
1380 3777 1480 3830 καὶ
1514 3776 1637 3831 τῶν
1675 3780 1873 3833 τοιού-

290 3881 434 3930 των,
463 3859 614 3934 ἦλθε
637 3863 757 3934 μέν
785 3879 884 3918 σοι
913 3865 1052 3935 παρ’
1085 3866 1259 3936 ἡμῶν
1285 3870 1437 3938 πρὸς
1476 3867 1643 3924 ἅπαν
1665 3870 1874 3938 ἐπιτή-

291 3956 488 4026 δευμα
519 3956 958 4025 στρατιωτικὸν
999 3957 1074 4011 τὰ
1104 3959 1454 4028 γιγνόμενα,
1497 3959 1681 4027 εὐθὺς
1720 3960 1873 4028 νεὼς

1888 2736 1938 2793 Δ

2297 2757 2670 2818 EPISTOLA
2710 2759 3229 2820 PROCEHIALIS.

2038 2847 2172 2905 Cum
2208 2865 2272 2906 π
2299 2849 2467 2906 Italia
2487 2852 2719 2918 veniens,
2759 2853 2813 2908 in
2839 2853 3204 2926 Peloponneso
3221 2862 3271 2909 te
3297 2853 3553 2927 relinque;

1967 2957 2078 2997 rem
2101 2943 2174 3014 (ο,
2207 2959 2438 3014 quonam
2469 2945 2525 2998 id
2558 2955 2716 3016 pacto
2741 2957 2799 3001 ut
2833 2947 3084 3017 facerem,
3119 2948 3360 3000 animum
3395 2948 3556 3001 indu-

1969 3051 2084 3090 cere
2107 3036 2253 3105 potui
2283 3035 2322 3106 ί)
2343 3036 2580 3106 puellum
2612 3039 2807 3105 adhuc,
2839 3049 2889 3093 et
2911 3056 3004 3110 per
3025 3047 3235 3094 (etatem
3267 3037 3458 3093 litteris
3481 3048 3556 3093 te-

1968 3127 2146 3180 nuiter
2172 3123 2454 3191 imbutum,
2487 3132 2628 3197 quod
2657 3129 2773 3198 ipsa
2827 3145 3032 3200 quoque
3072 3127 3294 3198 fortuna
3345 3128 3401 3182 in
3457 3125 3557 3181 hoc

1971 3220 2065 3274 tibi
2088 3218 2276 3288 fuisset
2315 3219 2709 3288 impedimento,
2731 3221 3008 3291 praeceptis
3029 3219 3414 3290 informabam,
3439 3235 3558 3288 qua:

1971 3313 2079 3368 tuis
2103 3322 2212 3366 tum
2236 3311 2432 3367 viribus
2459 3312 2870 3381 responderent:
2896 3314 3218 3384 simulatque
3243 3328 3323 3366 me
3353 3311 3449 3366 tibi
3470 3310 3559 3380 [ao

1973 3415 2056 3460 cto
2083 3404 2486 3476 grandiuscula,
2517 3405 2775 3461 daturum
2799 3405 2922 3460 alia
2952 3405 3261 3475 pollicebar,
3297 3404 3416 3458 vitae
3441 3419 3559 3456 ma-

1973 3499 2166 3553 turiori
2213 3499 2594 3554 convenientia.
2636 3497 2796 3553 Nunc
2831 3497 3251 3552 adolescentiam
3299 3497 3555 3564 ingresso,

1972 3600 2023 3646 et
2048 3606 2211 3660 nuper
2247 3591 2317 3652 ad
2347 3607 2440 3645 nos
2461 3606 2686 3659 reverso,
2719 3605 2810 3644 nec
2843 3589 2994 3645 vilem
3019 3587 3342 3644 eruditionis
3356 3597 3562 3658 partem

1974 3685 2153 3738 animo
2179 3699 2354 3738 secum
2389 3683 2580 3754 ferenti
2615 3700 2634 3737 :
2663 3699 2782 3736 cum
2808 3681 3124 3752 sagittandi,
3147 3680 3393 3744 venandi,
3419 3677 3562 3733 alio-

1975 3791 2194 3845 rumque
2217 3775 2409 3828 talium
2442 3774 2638 3844 peritia
2671 3790 2686 3829 :
2719 3773 2884 3827 missa
2908 3771 3120 3842 quidem
3144 3787 3178 3824 a
3209 3771 3358 3823 nobis
3409 3779 3558 3838 sunt,

1975 3868 2066 3923 ubi
2087 3868 2318 3937 primum
2345 3868 2468 3920 navi
2515 3867 2706 3938 fuisses
2739 3879 3140 3936 egressus,qua3
3168 3864 3239 3916 ad
3289 3863 3368 3916 rei
3424 3861 3563 3914 mili-

1980 3960 2113 4025 taris
2137 3959 2372 4014 studium
2406 3974 2715 4030 quocunque
2753 3956 2908 4011 modo
2932 3957 3259 4026 pertinerent
3297 3969 3317 4009 :
3366 3963 3420 4007 at
3466 3951 3564 4006 illa

293 4048 592 4106 ἀποϐάντι
611 4064 626 4079 ο
652 4051 714 4103 al
745 4047 816 4102 δέ
843 4049 1222 4119 ὑποσχέσεις
1247 4053 1434 4119 οὔπω,
1462 4052 1624 4108 εἴποι
1655 4070 1748 4118 τις
1774 4052 1872 4118 ἂν,

1983 4054 2043 4109 de
2087 4053 2275 4124 quibus
2323 4051 2543 4118 dictum,
2600 4051 2866 4123 promissa
2924 4049 3148 4104 necdum
3178 4053 3560 4118 apparuerunt.

296 4137 480 4212 οἶμαι,
531 4141 733 4196 δεινόν
765 4158 833 4212 γε
862 4139 971 4209 τὰς
1020 4142 1172 4212 πρὸς
1199 4143 1432 4216 ῥώμην,
1465 4144 1566 4201 καὶ
1606 4148 1879 4219 πόλεμον

1985 4145 2331 4216 Objecturum
2362 4145 2445 4200 hic
2496 4145 2611 4200 alia
2657 4138 2810 4216 quem
2867 4144 3015 4199 nobis
3062 4142 3316 4206 arbitror,
3370 4139 3566 4192 mirum

296 4233 398 4290 καὶ
437 4233 595 4300 ὅλως
619 4233 722 4301 τὰς
757 4233 867 4289 τοῦ
909 4234 1188 4306 σώματος
1219 4238 1568 4308 ἐπιμελείας
1615 4239 1885 4307 προτιθέ-

293 4347 398 4384 ναι
448 4327 580 4393 τοῦ,
618 4328 734 4396 ὅτῳ
765 4329 843 4384 ἂν
889 4330 1108 4401 ψυχὴν
1157 4331 1259 4386 καὶ
1306 4331 1460 4388 νοῦν
1495 4335 1884 4404 λαμπρότερα

292 4421 662 4491 ἀποφήναις.
699 4420 809 4478 Καὶ
844 4422 917 4478 τὰ
943 4423 1062 4493 μὲν
1107 4424 1398 4493 μηδέποθ’
1461 4425 1880 4498 ὑπεσχημένα,

293 4516 490 4571 ταῦτα
515 4514 585 4568 δὲ
631 4514 831 4570 πάντα
861 4529 963 4570 σοι
1002 4516 1216 4572 δοῦναι
1246 4517 1483 4575 δίκαιον
1511 4519 1586 4575 δν
1625 4519 1839 4588 ἁπλῶς
1863 4537 1879 4554 ο

293 4606 490 4672 αὑτὰς
513 4605 586 4660 δὲ
615 4609 722 4675 τὰς
753 4607 1141 4678 ἐπαγγελίας,
1171 4605 1260 4666 ὧν
1297 4613 1398 4668 καὶ
1434 4613 1583 4668 ὄντα
1619 4614 1886 4684 ἐμαυτὸν

295 4701 619 4770 ὑπόχρεων
659 4701 970 4756 πλείστων
1015 4702 1217 4769 ἓνεκα,
1265 4703 1530 4781 διπλοῦν
1558 4705 1687 4772 ταῖς
1732 4708 1888 4762 ὐπο-

297 4794 603 4864 σχέσεσιν
630 4795 1027 4865 εἰργασάμην.
1054 4795 1311 4865 μηδέπω
1345 4797 1447 4852 σοὶ
1479 4797 1580 4852 καὶ
1623 4797 1742 4852 νῦν
1775 4812 1889 4852 πα-

306 4885 692 4956 ραγεγονέναι
716 4903 730 4917 ο
779 4887 880 4940 καὶ
925 4886 1120 4942 ἵππον
1145 4888 1264 4957 μὲν
1305 4887 1426 4943 τῶν
1469 4889 1754 4958 εὐγενῶν,
1789 4890 1893 4945 καὶ

309 4979 530 5049 ἱέρακα,
574 4979 674 5035 καὶ
721 4982 881 5036 κύνα
929 4980 1294 5052 παρασχεῖν,
1354 4983 1580 5052 λόγους
1631 4983 1702 5038 δὲ
1749 4997 1890 5053 προ-

300 5074 685 5145 τρεπτικοὺς,
750 5073 853 5129 καὶ
902 5075 1193 5144 πατρικὰς
1239 5074 1650 5144 παραινέσεις,
1705 5091 1890 5131 συνε-

299 5167 546 5239 νεγκεῖν
569 5166 688 5236 μὲν
714 5165 1059 5236 δυναμένας
1094 5166 1231 5233 υἱεῖ,
1278 5167 1677 5238 συνενεγκεῖν
1704 5167 1773 5221 δὲ
1811 5167 1892 5234 τῷ

305 5261 514 5328 κοινῷ,
560 5259 766 5329 ὥσπερ
802 5260 1157 5330 ἐξεπίτηδες
1207 5261 1680 5316 ἀναϐάλλεσθαι.
1711 5261 1714 5264 ’
1749 5261 1894 5332 Ἐγὼ

303 5354 376 5407 δὲ
411 5352 634 5408 τοῦτον
665 5351 889 5422 εἴποιμ’
925 5351 1005 5408 ἂν
1034 5353 1261 5410 οὑτωσὶ
1300 5355 1364 5408 τὸ
1403 5353 1639 5423 πρέπον
1676 5352 1890 5418 εἰπεῖν,

1982 4232 2111 4298 sane
2132 4241 2323 4306 videri,
2349 4256 2468 4312 qua:
2496 4240 2565 4295 ad
2614 4241 2800 4306 robur,
2825 4247 2876 4294 et
2944 4237 3161 4301 bellum,
3219 4246 3267 4291 et
3328 4232 3567 4301 corporis

1967 4335 2196 4390 omnino
2237 4349 2423 4388 curam
2447 4340 2704 4403 spectent,
2736 4348 2796 4387 eo
2838 4322 3052 4402 potiora
3099 4328 3244 4390 duci,
3285 4341 3377 4396 per
3429 4323 3568 4396 quod

1985 4427 2146 4484 menti
2172 4437 2220 4482 et
2236 4427 2414 4482 animo
2445 4426 2695 4489 splendor
2741 4425 2940 4496 aliquis
2972 4422 3220 4478 accedere
3250 4417 3416 4490 possit
3440 4415 3571 4472 :iti-

1985 4520 2127 4586 dem,
2154 4535 2272 4591 qua:
2294 4533 2565 4591 nunquam
2596 4518 2692 4573 tibi
2715 4517 2988 4588 pollicitus
3025 4519 3148 4579 sim,
3173 4513 3362 4567 merito
3415 4511 3570 4574 data,

1987 4613 2195 4668 ratione
2231 4612 2467 4682 quadam
2494 4610 2727 4682 simplici
2744 4619 2838 4674 ,°at
2867 4609 2985 4677 ipsa
3037 4606 3320 4676 promissa.
3376 4603 3568 4673 quibus

1987 4706 2308 4777 prastandis
2349 4711 2538 4760 certem
2591 4703 2722 4774 quin
2769 4699 3077 4764 obnoxium,
3126 4695 3422 4768 pollicendo
3491 4710 3572 4748 me

1989 4797 2269 4869 dupliciter
2285 4797 2588 4867 obligarim,
2613 4811 2675 4850 ne
2698 4809 2837 4848 nunc
2861 4791 3070 4862 quidem
3093 4788 3360 4844 exhibita:
3384 4801 3572 4856 equum

1990 4892 2212 4962 denique
2237 4906 2570 4963 generosum,
2604 4897 2653 4944 et
2688 4889 3014 4954 accipitrem,
3062 4893 3112 4938 et
3135 4896 3319 4937 canem
3379 4894 3574 4948 suppe-

1990 4983 2268 5049 ditatum;
2303 4994 2358 5038 at
2390 4983 2657 5038 orationes
2683 4979 2751 5034 ad
2802 4977 3066 5046 pra’clara
3119 4974 3480 5038 cohortantes,
3526 4980 3575 5026 et
3646 5010 3650 5012 -

1994 5076 2224 5130 monitus
2258 5085 2532 5146 paternos,
2591 5072 2832 5140 cumipsi
2883 5068 3024 5140 ﬁlio,
3085 5076 3196 5122 tum
3261 5063 3574 5135 reipublica:

1992 5168 2326 5239 profuturos,
2377 5166 2536 5232 quasi
2593 5165 2656 5219 de
2689 5162 2960 5218 industria
2997 5158 3436 5231 procrastinqri.’
3464 5155 3578 5226 Ego

1994 5278 2115 5318 vero
2147 5261 2340 5330 fateor,
2371 5261 2485 5314 [uec
2516 5275 2622 5315 non
2667 5255 2910 5311 indecore
2942 5254 3080 5320 dici';
3137 5251 3227 5308 sed
3251 5250 3315 5304 ab
3347 5250 3576 5312 homine,

1994 5354 2084 5424 qui
2109 5368 2212 5407 non
2247 5353 2428 5406 omnia
2461 5362 2600 5404 recte
2650 5346 3084 5402 consideruverit.
3115 5345 3229 5400 Par
3251 5344 3393 5398 enim
3440 5351 3578 5406 erat,

304 5449 381 5502 οὐ
401 5445 531 5517 μήν
562 5465 627 5517 γε
655 5445 856 5501 πάντα
894 5446 1094 5514 καλῶς
1126 5447 1556 5514 σκοπήσαντα.
1592 5447 1758 5501 Ἔδει
1785 5446 1894 5518 γάρ

1998 5445 2178 5498 animo
2209 5452 2297 5496 tuo
2330 5441 2543 5506 tenella,
2573 5441 2766 5511 quique
2792 5448 2902 5492 tam
2931 5439 3266 5508 navigatione
3313 5437 3574 5489 diuturna

304 5557 428 5594 σου
446 5537 564 5608 τὴν
582 5542 671 5608 ψυ
676 5537 800 5608 χὴν
818 5541 1210 5609 ἁπαλωτέραν
1229 5536 1450 5604 οὖσαν,
1476 5540 1896 5608 πεπονηκυῖαν

304 5635 411 5688 καὶ
443 5633 580 5698 πλῷ
629 5632 860 5702 μακρῷ,
895 5634 994 5688 καὶ
1037 5634 1347 5704 ἀποδημίᾳ
1391 5634 1639 5705 γονέων,
1679 5633 1896 5688 δοῦναί

306 5744 368 5781 τι
399 5725 788 5798 διαχυθῆναι,
831 5725 994 5794 ὅπως
1022 5727 1097 5797 δὴ
1149 5727 1266 5796 τὴν
1293 5729 1560 5797 ἀθυμίαν
1605 5742 1893 5796 παρωσα-

305 5820 496 5891 μὰνη,
513 5817 908 5890 ἀκμάζουσαν
933 5821 1207 5878 λαϐοῦσα
1234 5824 1596 5894 προθυμίαν,
1617 5820 1897 5901 ἁσμένως

1992 5553 2155 5607 quam
2181 5537 2420 5590 absentia
2439 5543 2740 5605 parentum,
2770 5532 3084 5588 debilitatus
3122 5539 3279 5595 esset,
3310 5530 3394 5584 sui
3444 5541 3577 5579 non-

1993 5629 2126 5684 nihil
2149 5627 2490 5683 exhilarandi
2516 5628 2726 5698 copiam
2757 5627 2932 5695 ﬁeri..-
2998 5635 3054 5678 ut
3079 5637 3298 5695 exputso
3355 5631 3576 5673 mwrnre

1992 5723 2378 5792 alacritatequc
2412 5735 2591 5792 vegeta
2644 5729 2982 5791 recuperata,
3039 5735 3143 5772 non
3195 5716 3439 5784 ignaviae.
3489 5709 3579 5764 sed

1995 5819 2199 5873 honesti
2219 5829 2483 5888 praecepta
2517 5815 2811 5870 tradituros
2852 5812 3120 5866 orationes
3151 5807 3340 5874 cupide
3386 5806 3582 5859 admit-
