3950 6438
189 362 283 429 321

1111 353 1529 421 PRECEP’I‘A
1572 348 2100 420 EDUCATIONIS
2130 347 2419 410 REGLE.

3373 345 3486 407 392

191 483 322 554 πρδς
353 478 457 544 τὰς
493 476 694 552 ἡδονάς
739 473 1004 545 πόλεμον,
1035 471 1100 526 ού
1131 469 1316 540 πάντη
1344 468 1403 522 δὲ
1427 465 1602 528 οὕτως
1630 465 1769 534 ἔχει.

1917 461 2100 518 idetur
2127 476 2277 527 esse,
2307 459 2434 517 belli
2462 460 2582 534 ejus
2609 473 2800 527 causa,
2832 458 2979 530 quod
3013 473 3140 514 cum
3185 457 3486 530 voluptati-

195 575 264 629 Οὐ
294 573 407 644 γὰρ
431 571 636 641 ἡδονῆς
655 568 900 644 ἀμοιρεῖ,
917 563 997 634 τῷ
1028 562 1297 617 συνειδότι
1320 559 1418 614 καὶ
1437 558 1557 619 ταῖς
1585 557 1773 610 ἐλπίσι

194 669 412 738 τέρπειν
443 662 628 728 εἰδώς.
655 661 929 731 Πρόσεστι
958 657 1016 712 δέ
1040 673 1105 726 γε
1135 653 1312 722 τούτῳ
1342 651 1438 706 καὶ
1460 650 1522 704 τὸ
1550 648 1772 719 σεμνὸν,

193 760 284 814 καὶ
311 757 375 812 τὸ
401 755 657 828 διαρκὲς,
685 753 804 808 δντι
821 769 889 823 γε
913 750 1236 806 παντάπασι
1259 744 1509 818 χρηστῷ.
1533 740 1776 797 Τοιαῦτα

193 854 259 908 τὰ
293 851 370 924 μὴ
399 847 770 919 νενοθευμένα
821 845 933 900 τῶν
978 842 1227 914 ἀγαθῶν.
1289 842 1389 894 Ὃν
1439 837 1506 893 ἃν
1535 835 1780 908 ἐραστὴν

196 944 371 999 αὐτῶν
404 940 558 1008 ἅπαξ
586 940 767 1006 λάϐοι,
825 936 1112 1010 χειροῦται
1156 952 1242 1001 τε,
1293 933 1392 988 καὶ
1441 931 1542 986 οὐκ
1584 931 1649 1002 te;
1679 930 1781 1000 τὴν

197 1037 381 1106 ἔφεσιν
422 1033 607 1090 αὐτῶν
648 1029 959 1086 πλανᾶσθαι
1010 1029 1146 1098 πρός
1189 1045 1244 1082 τι
1283 1025 1545 1098 μάταιον.
1592 1023 1686 1094 Τῷ
1724 1022 1782 1075 δὲ

198 1129 473 1200 δευτέρῳ,
505 1127 607 1197 τὴν
641 1125 841 1196 ἡδονὴν
895 1123 1052 1186 τέλος
1104 1122 1305 1193 ἔχοντι,
1356 1119 1481 1174 οὔτε
1532 1119 1784 1173 σύνεστιν

202 1220 352 1275 οὐδὲν
378 1219 552 1287 ὑγιὲς,
572 1216 690 1271 οὔτ’
721 1216 1011 1287 έφέψεται.
1044 1215 1214 1270 Οὐδὲν
1238 1215 1450 1284 γένοιτό
1469 1231 1578 1270 τινι
1612 1213 1786 1286 ἡσθῆ-

205 1331 290 1366 ναι
339 1311 428 1365 διά
478 1309 670 1374 τέλους
721 1309 802 1362 ἑνί
851 1326 931 1380 τῳ
982 1308 1295 1379 πράγματι,
1354 1307 1544 1363 ἀλλο-ιε
1607 1307 1786 1382 ἄλλων

205 1401 535 1474 ὀρεγομένῳ,
570 1399 685 1454 τῶν
707 1396 886 1469 ’μηδὲν
912 1401 989 1462 ῶς
1021 1398 1242 1468 ἀληθῶς
1270 1397 1442 1452 ὄντων
1468 1397 1662 1470 ἡδέων,
1693 1396 1786 1451 καὶ

205 1496 291 1549 διά
324 1492 486 1548 τοῦτο
523 1491 996 1563 μεταπεμπόντων
1023 1489 1113 1544 ἀεὶ
1151 1493 1291 1562 πρὸς
1318 1489 1508 1562 ἔτερα.
1553 1489 1612 1543 '0
1668 1489 1790 1562 τρί-

178 1581 292 1652 ’τος
335 1586 520 1657 μέντοι
577 1585 677 1639 καὶ
731 1586 900 1654 μέσος
951 1582 1116 1637 ἐστωο
1169 1582 1262 1637 ἴνα
1303 1582 1380 1655 μὴ
1420 1580 1676 1654 σκληρῶς
1723 1583 1790 1636 ὲκ

205 1679 512 1751 προοιμίων
558 1677 976 1746 ὲπιτάττοιμεν,
1007 1677 1058 1729 οι
1097 1675 1208 1730 τῶν
1240 1675 1462 1744 ἀγαθῶν
1490 1676 1592 1730 οὐκ
1625 1675 1791 1748 ἐργά-

1880 554 1984 610 bus
2015 554 2177 624 gerit,
2209 553 2306 612 sed
2343 554 2398 611 in
2424 554 2744 610 universum
2777 553 2851 608 ita
2883 563 3203 620 comparata
3236 569 3346 608 non
3377 563 3486 622 est,

1878 642 2240 716 Nequaquam
2288 646 2438 701 enim
2497 647 2800 716 voluptatis
2847 660 3044 713 expers
3093 653 3200 710 est,
3259 659 3386 700 cum
3435 653 3492 700 et

1879 739 2016 794 recti
2047 739 2394 795 conscientia
2435 750 2490 796 et
2518 755 2616 810 spe
2644 741 2918 797 delectare
2948 740 3317 795 consueverit.
3347 741 3489 796 Cum

1868 832 2078 890 eadem
2109 833 2242 901 vita,
2277 834 2498 904 penitus
2535 841 2704 900 bona,
2735 833 3033 904 conjuncta
3071 844 3202 890 sunt
3249 836 3493 905 gravitas

1882 934 2048 994 atque
2081 927 2414 981 constantia.
2451 926 2728 981 Nimirum
2764 925 3036 997 ejusmodi
3088 934 3218 983 sunt
3253 942 3363 981 non
3411 928 3496 982 vi-

1884 1018 2016 1073 tiata
2038 1019 2205 1074 bona.
2231 1018 2630 1090 Quemcunque
2654 1019 2827 1075 semel
2850 1029 3157 1074 amatorem
3198 1019 3286 1075 sui
3332 1030 3494 1075 nacta

1887 1109 2118 1181 fuerint,
2159 1112 2206 1169 is
2237 1122 2291 1168 et
2321 1121 2496 1168 totum
2528 1126 2589 1168 se
2615 1112 2767 1167 dedit
2796 1113 2900 1178 eis,
2936 1127 3038 1167 nec
3068 1113 3136 1168 ad
3165 1113 3332 1168 ullam
3377 1129 3494 1169 rem

1887 1219 2084 1261 vanam
2115 1204 2337 1277 evagari
2364 1205 2722 1274 cupiditatem
2755 1204 2908 1261 sinit.
2939 1205 3133 1270 Alteri,
3180 1206 3341 1275 cujus
3371 1205 3499 1262 ﬁnis
3529 1195 3531 1198 ⁴

1889 1309 1974 1356 est
2003 1299 2277 1368 voluptas,
2336 1313 2438 1354 nec
2469 1299 2614 1354 inest
2641 1299 2768 1354 boni
2809 1299 3134 1370 quidquam,
3192 1315 3294 1355 nec
3323 1300 3500 1354 comi-

1889 1393 2120 1450 labitur.
2153 1391 2299 1449 Fieri
2327 1403 2478 1448 certe
2505 1393 2718 1460 nequit,
2749 1400 2809 1447 ut
2842 1393 2970 1463 quis
2999 1408 3105 1448 una
3133 1408 3194 1449 re
3227 1401 3501 1464 perpetuo

1891 1486 2216 1552 delectetur,
2248 1486 2386 1542 alias
2417 1496 2684 1558 appetens
2713 1487 2838 1553 alia,
2876 1503 3000 1559 qua:
3031 1504 3140 1543 non
3172 1503 3367 1559 reapse
3409 1488 3502 1558 ju-
3596 1527 3603 1532 -

1893 1580 2076 1636 cunda
2103 1587 2258 1647 sunt,
2281 1578 2517 1650 ideoque
2548 1579 2616 1634 ad
2648 1579 2754 1635 alia
2795 1596 3014 1649 semper
3050 1580 3328 1635 hominem
3365 1595 3500 1635 avo-

1893 1681 2044 1730 cant.
2069 1673 2256 1730 Tertia
2281 1689 2437 1739 sane,
2462 1673 2645 1728 media
2671 1675 2923 1744 quaedam
2951 1683 3094 1737 esto,
3123 1689 3211 1737 ne,
3241 1674 3330 1745 qui
3357 1675 3503 1730 bona
3606 1728 3610 1733 .

206 1790 318 1828 ται.
351 1772 537 1824 Ἔστω
581 1769 648 1839 δὴ
688 1769 827 1833 τέως
878 1770 1012 1840 ἡμῖν
1054 1767 1132 1839 μὴ
1161 1767 1446 1831 παντελῶς
1477 1767 1789 1840 ἀπόϐλητον

1912 1780 2008 1822 non
2040 1765 2278 1822 facimus
2301 1767 2434 1838 ipsi,
2462 1767 2652 1823 statim
2685 1765 2754 1822 ab
2783 1765 2942 1821 initio
2973 1774 3252 1836 praecepta
3278 1765 3503 1822 duriora

211 1865 271 1919 τὺ
300 1864 422 1935 ἡδὺ,
445 1861 585 1917 ἔνθα
609 1861 673 1916 ού
709 1859 1077 1933 προσίσταται
1115 1861 1178 1914 τδ
1204 1861 1396 1918 κακόν.

967 2139 1044 2198 Γ’.

297 2259 474 2329 Σαφῶς
503 2257 614 2312 ἴσθι
651 2256 785 2329 βίων
811 2255 910 2328 τὴν
939 2255 1153 2327 αἵρεσιν
1197 2253 1450 2326 γνώμης,
1480 2255 1542 2308 οὐ
1574 2253 1794 2324 φύσεως

239 2352 411 2412 οὖσαν.
439 2352 496 2407 Ἡ
523 2351 686 2423 φύσις
707 2350 814 2424 γάρ
839 2349 1084 2417 Αἰθίοπι,
1105 2349 1201 2404 καὶ
1222 2349 1429 2420 Σκύθῃ,
1449 2349 1545 2402 καὶ
1575 2347 1792 2416 Κελτῷ,

226 2449 318 2504 καί
352 2448 511 2502 πᾶσιν
555 2445 684 2516 ἑξῆς
716 2442 1054 2514 ἀνθρώποις,
1091 2441 1190 2513 μία
1215 2458 1304 2506 τις
1328 2440 1467 2495 οὖσα
1505 2441 1790 2512 τυγχάνει.

232 2541 465 2611 Ὀλίγοις
497 2539 554 2593 δέ
595 2554 741 2592 τισιν
792 2535 1050 2607 ἰδιώμασι
1093 2537 1209 2599 τοῖς
1260 2535 1450 2604 γένεσι
1505 2537 1652 2588 ποιεῖ
1695 2534 1796 2605 τὴν

215 2631 501 2703 διαφοράν.
530 2629 642 2702 Τὴν
671 2627 731 2683 δὶ
761 2629 1088 2698 προαίρεσιν
1113 2627 1356 2698 χαλεπὸν
1393 2627 1492 2681 καὶ
1543 2625 1796 2696 ἀδελφοῖς

217 2724 296 2796 μὴ
330 2722 672 2795 μερίζεσθαι.
717 2719 930 2776 Οὐκοῦν
958 2720 1099 2789 ὅπερ
1143 2720 1280 2790 ἡμῖν
1325 2718 1568 2792 εἴρηται,
1599 2718 1652 2773 οί
1689 2720 1796 2790 βίοι

214 2821 330 2882 τοῖς
358 2816 670 2886 ἀνθρώποις
714 2813 774 2870 οὐ
818 2812 910 2868 διὰ
949 2811 1052 2884 τὴν
1085 2811 1386 2882 ἀμέριστον
1433 2810 1600 2882 φύσιν
1640 2813 1800 2884 μερί-

217 2913 428 2979 ζονται,
457 2909 593 2965 ἀλλὰ
610 2908 700 2964 διὰ
719 2906 821 2978 τὴν
844 2905 1222 2979 μεριζομένην
1245 2904 1595 2977 προαίρεσιν.
1625 2905 1799 2960 Παντὶ

218 3007 276 3062 δὲ
297 3005 400 3078 βίῳ
418 3005 478 3058 τὺ
501 3003 721 3075 ἥδιστον
741 3003 808 3054 έκ
839 2999 1132 3071 συνηθείας
1152 2995 1310 3070 οἶμαι
1336 2999 1796 3070 προσγίγνεσθαι,

220 3100 280 3154 οὐ
315 3097 396 3169 τῷ
425 3093 840 3166 ξυμπεφυκέναι
872 3091 1148 3158 καθάπαξ.
1177 3091 1478 3164 Ἰδοιςλγάρ
1502 3093 1571 3146 ἂν
1605 3092 1800 3164 ἐπίμοο

1776 1886 1781 1892 ι
1817 1831 1866 1891 Β
1897 1858 2200 1915 tradamus.
2229 1831 2502 1914 Nimirum
2539 1866 2770 1914 eatenus
2800 1831 3141 1928 voluptatem
3157 1831 3282 1913 _non
3327 1861 3510 1914 omni.

1893 1967 1968 2008 no
2020 1951 2379 2023 rejiciendam
2423 1951 2717 2019 ducamns,
2752 1960 3028 2022 quatenus
3057 1951 3187 2006 mali
3219 1950 3506 2022 quidpiam

1895 2043 1947 2100 ei
1985 2057 2094 2099 non
2126 2042 2310 2098 adest.
3194 2051 3197 2054 ·

2653 2135 2745 2192 Ill.

1967 2250 2310 2307 Electionem
2339 2251 2537 2307 horum
2569 2251 2696 2308 vitae
2739 2267 3002 2324 generum
3037 2262 3189 2310 certo
3217 2252 3360 2310 scias
3383 2269 3510 2311 esse

1897 2346 2140 2410 consilii,
2206 2361 2316 2402 non
2363 2358 2595 2402 naturae.
2662 2347 2876 2417 Quippe
2925 2354 3182 2402 naturam
3227 2346 3508 2418 Ethiops,

1899 2439 2128 2512 Scytha,
2160 2439 2369 2504 Gallus,
2409 2440 2664 2495 homines
2693 2439 2963 2506 universi,
2999 2456 3164 2495 unam
3199 2442 3508 2511 quamdam

1899 2533 2122 2596 habent,
2169 2530 2490 2588 nationibus
2524 2532 2661 2603 ipsis
2704 2532 2775 2588 ob
2804 2533 3033 2602 exiguas
3063 2533 3333 2602 quasdam
3369 2547 3504 2602 pro-

1896 2623 2161 2695 prietates
2200 2622 2434 2679 invicem
2480 2621 2950 2694 discrepantibus.
2987 2623 3174 2678 Animi
3227 2637 3362 2679 vero
3421 2623 3512 2678 in-

1900 2717 2156 2775 stitutum
2197 2714 2420 2772 diﬂicile
2450 2715 2614 2772 fuerit
2643 2717 2813 2772 etiam
2851 2715 2908 2771 in
2939 2714 3210 2771 fratribus
3237 2730 3350 2770 non
3382 2729 3514 2772 esse

1900 2809 2202 2866 diversum.
2250 2809 2516 2866 Rationes
2545 2823 2678 2879 ergo
2725 2808 2981 2874 vivendi,
3011 2822 3110 2864 ceu
3155 2807 3360 2865 dictum
3407 2817 3514 2887 est,

1901 2917 2012 2958 non
2050 2901 2387 2959 indistincta:
2420 2912 2636 2958 natura:
2683 2903 2898 2960 ratione
2944 2902 3384 2973 distinguuntur,
3417 2903 3514 2958 sed

1902 2998 2120 3052 ratione
2148 2995 2450 3052 scindentis
2477 2985 2538 3051 se
2581 2995 2637 3051 in
2665 2996 2879 3052 diversa
2910 2996 3076 3052 studii
3105 3007 3158 3052 et
3194 2994 3512 3051 electionis.

1903 3087 2095 3146 Cuivis
2121 3097 2306 3145 autem
2336 3088 2623 3160 vitaquod
2647 3088 3114 3158 iucundissimum
3144 3100 3249 3155 est,
3274 3104 3340 3144 ex
3376 3102 3517 3144 con-

220 3191 350 3264 χθόν
371 3206 430 3244 τε
449 3190 544 3244 καὶ
574 3187 781 3258 φαῦλον
805 3186 923 3258 βίον
945 3186 1326 3258 πεφιλημένον
1342 3185 1422 3254 τῷ
1445 3185 1800 3256 κεχρημένῳ,

1912 3180 2201 3238 suetudine
2235 3181 2522 3236 conciliari
2556 3181 2820 3249 arbitror,
2846 3197 2955 3237 non
2989 3197 3018 3236 a
3047 3191 3245 3238 natura
3284 3196 3517 3252 prorsus

222 3276 394 3352 οὗπερ
427 3281 528 3336 οὐκ
561 3280 627 3336 ἂν
657 3278 931 3350 ἠλλάξατο
981 3279 1128 3351 ἀήθη
1179 3279 1425 3349 γέμοντα
1456 3275 1677 3347 ἡδονῆς,
1702 3293 1806 3331 κα-

225 3373 566 3447 θαρευούσης
589 3371 874 3446 μέμψεως.
890 3370 1177 3444 Χρηστέον
1198 3369 1292 3425 οὖν
1323 3369 1390 3424 ἂν
1413 3370 1503 3441 εἴη
1525 3370 1604 3440 τῷ
1625 3368 1808 3440 κρείτ-

226 3485 362 3532 τονι,
387 3467 469 3532 ῶς
495 3467 592 3521 τοῦ
629 3466 807 3538 ἡδέως
851 3467 920 3539 τῇ
969 3465 1167 3538 χρήσει
1214 3461 1559 3535 έφεψομένου
1597 3479 1659 3516 τε
1711 3461 1810 3517 καὶ

228 3581 293 3618 συ
301 3562 677 3636 μὸησομένου.

992 3839 1066 3895 A'.

301 3954 450 4008 Ἰσθι
503 3951 700 4023 καιρὸν
745 3951 1055 4022 ἐπιτήδειον
1100 3949 1234 4005 ὄντα
1293 3968 1380 4006 σοι
1441 3951 1540 4024 τὴν
1595 3951 1814 4024 ἠλικίαν

231 4048 567 4117 ἀκμάζοντι,
609 4048 726 4119 βίον
761 4045 984 4101 ἑλέσθαι
1031 4046 1125 4102 τὸν
1164 4047 1410 4117 ἄριστον,
1447 4046 1544 4101 καὶ
1581 4043 1815 4098 διελθεῖν

229 4141 304 4207 ὡς
335 4142 558 4214 ἄριστα,
595 4142 692 4196 καὶ⁹
721 4140 946 4210 ὲντῆξαι
975 4141 1042 4211 τῇ
1076 4138 1249 4211 ψυχῇ,
1294 4140 1392 4193 καὶ
1425 4137 1813 4208 ἀμετάστατον

232 4233 420 4299 δεῖξαι·
456 4234 538 4286 δτι
588 4248 648 4286 σε
699 4230 777 4300 μὴ
816 4230 1232 4301 προκατείληφε
1273 4229 1333 4282 τὸ
1360 4227 1646 4299 δυσχερές.
1705 4226 1819 4297 Πρὸ

232 4326 345 4395 γὰρ
373 4323 470 4378 τοῦ
507 4323 689 4391 σαυτῷ
724 4320 1064 4392 προστρίψαι
1089 4320 1256 4387 κακὰ,
1291 4321 1464 4392 ῥᾷστα
1497 4321 1565 4375 άν
1606 4336 1690 4372 σοι
1722 4319 1820 4388 γέ-

235 4435 382 4472 νοιτο
407 4416 753 4486 κατορθῶσαι
781 4417 852 4470 τά
881 4414 1084 4484 ἀγαθά.
1132 4415 1237 4472 Ἦν
1275 4413 1333 4468 δὲ
1371 4412 1650 4485 μετάσχῃς
1678 4429 1821 4484 φαυ-

1909 3275 2050 3332 indi.
2084 3273 2219 3330 Nam
2251 3277 2442 3332 videas
2483 3275 2818 3332 laboriosam
2851 3276 3170 3347 malamque
3199 3275 3368 3331 vitam
3401 3274 3518 3330 ali-

1909 3371 1998 3426 cui
2030 3369 2281 3436 a-baram,
2318 3370 2413 3441 qui
2440 3385 2503 3426 ea
2528 3370 2598 3426 sit
2631 3385 2768 3428 usus
2796 3385 2948 3440 :nec
2971 3370 3245 3426 insuetam
3273 3384 3398 3427 cum
3425 3369 3522 3424 illa

1910 3465 2356 3528 commutaverit,
2390 3462 2520 3517 licet
2562 3471 2616 3517 et
2653 3462 2954 3534 voluptatis
2984 3463 3145 3534 plena
3178 3463 3274 3528 sit,
3300 3471 3354 3517 et
3375 3462 3523 3516 vitu-

1912 3555 2069 3627 perio
2110 3555 2365 3611 chareat.
2403 3553 2681 3611 Utendum
2721 3570 2854 3626 ergo
2880 3556 3097 3611 ratione
3128 3555 3254 3611 vita:
3279 3553 3521 3621 meliori,

1913 3663 2082 3718 quam
2146 3661 2282 3703 usus
2332 3647 2450 3718 ipse
2504 3647 2805 3718 jucundam
2858 3659 2922 3704 ac
2990 3659 3203 3720 gratam
3258 3649 3518 3719 paulatim

1913 3740 2130 3797 eiIiciet.

2671 3829 2762 3886 IV.

1989 3940 2145 3998 Scire
2173 3942 2340 3998 debes
2364 3942 2481 4007 tibi,
2517 3943 2611 4013 qui
2642 3958 2792 3998 nunc
2821 3944 2873 3998 in
2909 3944 3033 4014 ipso
3063 3944 3240 4002 aetatis
3272 3961 3332 4001 es
3359 3946 3518 4010 ﬂore.

1917 4045 2380 4107 peropportunum
2443 4037 2547 4091 hoc
2599 4051 2722 4091 esse
2776 4047 2991 4106 tempus
3045 4037 3280 4107 eligendi
3352 4041 3520 4096 vitam

1919 4128 2208 4198 optimam,
2233 4129 2399 4197 quam
2435 4135 2487 4181 et
2521 4128 2946 4198 praeclarissime
2979 4144 3131 4201 agas,
3155 4132 3520 4203 etimprimas

1920 4222 2126 4288 animo,
2151 4230 2204 4277 et
2228 4219 2323 4276 tibi
2356 4220 2636 4290 propriam
2669 4237 2733 4277 ac
2766 4232 3093 4294 perpetuam
3126 4226 3347 4283 reddas.
3380 4227 3526 4285 Nec-

1923 4315 2052 4372 dum
2071 4315 2217 4370 enim
2243 4323 2293 4370 te
2309 4313 2606 4370 difﬁcultas
2629 4315 2973 4386 anticipavit.
2995 4315 3133 4372 Nam
3159 4321 3330 4389 prius,
3355 4337 3522 4392 quam

1925 4409 2044 4492 ipse
2103 4419 2156 4463 te
2187 4407 2336 4462 vitiis
2374 4407 2651 4476 inieceris,
2680 4408 3000 4464 facillimum
3032 4410 3197 4468 fuerit
3234 4429 3325 4469 res
3356 4415 3528 4472 bonas

234 4510 490 4579 λότητος,
514 4506 680 4577 διπλῆ
714 4505 1034 4577 μοχθήσεις.
1064 4503 1246 4558 Πολλά
1291 4504 1571 4574 πονήσεις,
1596 4503 1692 4557 καὶ
1724 4502 1802 4573 έρ·

1927 4510 2093 4570 atque
2125 4498 2416 4568 praeclaras
2452 4513 2637 4571 agere.
2667 4499 2763 4555 Sin
2789 4500 3076 4571 pravitatis
3103 4504 3382 4575 particeps
3409 4507 3528 4563 fac-

235 4617 338 4668 γον
365 4599 526 4652 ἔσται
577 4597 962 4668 ἀπαλλαγῆναι
1015 4594 1112 4651 τοῦ
1155 4595 1400 4666 χείρονος
1447 4594 1595 4649 δυοῖν
1636 4595 1822 4665 χεροῖν

236 4691 522 4762 ἀπονίψει,
574 4690 670 4744 καὶ
699 4688 986 4744 οἰκειῶσαι
1022 4687 1209 4757 σαυτῷ
1247 4687 1311 4741 τὸ
1353 4685 1566 4759 βέλτιον
1599 4685 1824 4757 ἀκριϐεῖ

240 4786 636 4857 προσαρμογῇ,
662 4781 844 4855 χρόνῳ
875 4781 972 4837 καὶ
1009 4781 1171 4854 μόγις
1208 4780 1498 4853 γινομένῃ.
1612 4851 1617 4858 .

993 5072 1072 5128 Ε’.

313 5192 455 5247 Λίαν
490 5208 585 5262 μοι
614 5190 766 5244 δοκεῖ
807 5187 980 5258 σαφὲς
1010 5183 1146 5242 εῐναι
1180 5187 1282 5259 τὴν
1323 5187 1434 5241 τῶν
1472 5185 1826 5258 κρατούντων

239 5283 597 5354 εὐδαιμονίαν
612 5283 716 5354 τῆς
734 5280 1243 5353 παντοκράτορικῆς
1265 5279 1446 5352 χειρὸς
1463 5279 1823 5352 ἐξηρτῆσθαι,

239 5379 434 5450 ἐπειδὴ
466 5379 563 5432 καὶ
591 5376 691 5448 τὴν
737 5374 965 5444 καρδίαν
999 5374 1167 5442 φασὶν
1215 5373 1403 5444 ἐκείνῃ
1451 5373 1626 5444 δήπου
1664 5373 1829 5428 κατέ-

238 5471 460 5543 χεσθαι.
500 5470 620 5541 Χρή
656 5485 715 5521 σε
756 5464 856 5528 ,οὖν
888 5465 1239 5536 εὐδαιμονίας
1261 5467 1473 5537 ἐρῶντα
1504 5467 1708 5538 ταύτην
1752 5468 1826 5520 εί-

239 5566 397 5620 δέναι
422 5564 631 5634 ζητεῖν,
658 5563 782 5617 ὅθεν
805 5562 994 5617 λαϐεῖν
1026 5561 1227 5627 ἔξεστι,
1251 5561 1456 5632 δηλαδὴ
1483 5562 1636 5634 παρὰ
1666 5563 1826 5631 Θεοῦ,

240 5660 475 5714 σεαυτὸν
528 5655 842 5728 παρέχοντα
886 5655 983 5710 τοῦ
1031 5657 1381 5726 εὐδαιμονεῖν
1433 5655 1536 5709 οὐκ
1585 5655 1826 5722 ἀνάξιον.

250 5756 310 5809 '0
347 5753 460 5825 γὰρ
503 5752 578 5825 μὴ
614 5750 930 5822 συμϐαίνων
973 5753 1088 5815 τοῖς
1120 5751 1466 5822 πράγμασιν,
1513 5743 1589 5804 ὧν
1637 5750 1762 5822 ἐρᾷ,
1794 5750 1828 5822 ἢ

236 5847 362 5900 οὐδὲ
385 5848 488 5910 τὴν
522 5843 702 5918 ἀρχὴν
727 5843 868 5898 αύτά
909 5843 1197 5915 κτήσεται,
1239 5842 1345 5898 κᾶν
1387 5843 1625 5916 μάλιστα
1653 5842 1830 5902 ταῦτα

1927 4603 2015 4650 tus
2041 4593 2236 4659 lueris,
2282 4593 2555 4663 duplicem
2593 4594 2906 4649 molestiam
2939 4597 3267 4666 experieris.
3301 4598 3528 4670 Magno-

1923 4700 2056 4758 pere
2083 4684 2384 4754 laborabis,
2417 4693 2474 4740 et
2501 4699 2798 4754 operosum
2842 4687 2969 4750 erit,
2998 4687 3288 4741 ambarum
3319 4698 3378 4743 ut
3406 4707 3528 4745 mu-

1928 4795 2100 4836 nuum
2132 4778 2483 4837 abstersione
2510 4777 2766 4834 libereris
2794 4793 2824 4832 a
2856 4779 3003 4832 malo
3036 4793 3052 4833 :
3091 4787 3146 4834 et
3176 4779 3379 4834 bonum
3426 4783 3526 4838 tibi

1928 4872 2192 4929 concilies
2211 4871 2567 4942 adjunctione
2589 4871 2825 4942 quadam
2850 4879 3130 4937 accurata,
3151 4887 3276 4942 quae
3299 4872 3386 4927 vix
3408 4873 3530 4931 lon-

1930 4981 1998 5036 go
2038 4966 2154 5021 iieri
2189 4974 2437 5036 tempore
2478 4965 2643 5023 solet.

2651 5076 2774 5150 _v.

1999 5193 2314 5251 Admodum
2364 5193 2496 5250 mihi
2529 5193 2750 5248 videtur
2787 5206 2911 5248 esse
2943 5193 3320 5263 perspicuum,
3355 5194 3533 5252 felici-

1931 5294 2100 5341 tatem
2125 5301 2345 5352 eorum,
2377 5283 2470 5356 qui
2496 5300 2678 5340 rerum
2713 5282 3023 5354 potiuntur,
3049 5285 3118 5340 ab
3148 5286 3531 5356 omnipotente

1930 5394 2096 5435 manu
2129 5379 2390 5450 pendere,
2420 5376 2647 5449 quando
2673 5386 2726 5432 et
2751 5392 2850 5432 cor
2893 5376 3136 5447 ipsorum
3169 5380 3358 5434 eadem
3396 5396 3531 5435 con-

1930 5471 2093 5527 tineri
2125 5471 2438 5542 perhibent.
2475 5472 2664 5540 Itaque
2699 5481 2749 5525 te
2778 5469 3056 5527 felicitatis
3091 5471 3351 5544 cupidum
3387 5473 3532 5528 scire

1931 5579 2158 5622 necesse
2185 5573 2290 5630 est,
2327 5579 2448 5619 eam
2480 5563 2554 5618 ibi
2583 5564 2956 5634 quaerendam,
3009 5567 3155 5622 unde
3183 5567 3388 5620 hauriri
3428 5581 3528 5634 po-

1934 5669 2065 5727 test,
2088 5660 2351 5714 nimirum
2374 5673 2404 5713 a
2437 5657 2581 5711 Deo:
2607 5657 2900 5726 praabendo
2933 5658 3280 5728 temetipsum
3311 5669 3417 5710 non
3441 5653 3526 5708 in-

1931 5751 2182 5822 dignum,
2213 5750 2304 5822 qui
2331 5747 2690 5820 prosperitate
2730 5746 2967 5804 fruatur.
2995 5747 3130 5804 Nam
3160 5747 3247 5803 cui
3288 5762 3411 5802 cum
3455 5744 3530 5799 iis

1933 5861 2075 5918 quas
2114 5844 2340 5917 expetit,
2379 5843 2546 5902 rebus
2578 5840 2725 5899 haud
2762 5843 3022 5899 convenit
3056 5861 3069 5899 :
3105 5842 3151 5900 is
3176 5839 3265 5898 vel
3296 5853 3529 5910 prorsus
