3950 6434
211 347 308 412 3-25

1154 343 1576 406 PBIECEPTA
1610 343 2145 408 EDUCATIONIS
2181 342 2469 404 REGI/E.

3379 343 3485 409 32$

208 465 452 521 ἀποδίδου
503 465 640 534 γοῦν
695 462 846 536 αὐτῷ
885 464 951 518 τὸ
993 461 1156 536 χρέος
1205 465 1358 519 ἅπαν
1404 464 1486 527 είς
1519 463 1772 534 δύναμιν.

1900 470 2008 530 ›ῦο;
2047 460 2318 533 quidquid
2369 455 2598 514 omnino
2631 455 2820 521 debes,
2869 453 3148 511 exsolvas.
3185 453 3320 511 Nam
3368 456 3486 512 ﬁeri

217 557 507 612 Ἀδύνατον
538 558 638 628 μὲν
661 558 769 628 γὰρ
796 557 1078 620 παντελῶς
1097 556 1286 629 ἔργοις
1305 558 1456 628 ήμᾶς
1485 556 1779 627 ἐφικέσθαι

204 651 294 706 τοῦ
323 651 598 722 μεγέθους
627 652 737 706 τῶν
769 651 982 706 ἐκεῖθεν
1008 650 1270 721 χαρίτων·
1302 653 1336 721 ὴ
1385 648 1665 720 προθυμία
1700 649 1780 713 δὲ,

205 742 306 815 ἔφη
337 761 446 809 τις,
500 744 603 799 κᾶν
634 747 745 816 ἀπῇ
794 744 855 798 τὸ
902 743 1231 815 κατορθοῦν,
1283 745 1454 813 τιμῆς
1502 741 1654 810 ἀξίαι
1687 741 1781 812 Μὴ

206 836 332 908 γοῦν
364 836 658 891 καλλίστου
698 836 910 890 δανείου
945 837 1130 904 γένοιο
1181 837 1445 900 κάκιστος
1489 838 1778 908 έκτιστής,

208 931 340 1002 μήτε
370 928 431 982 τὸ
480 929 621 995 ἐνὸν,
654 931 792 999 μήτε
819 929 882 983 τὸ
904 929 1090 984 ἐνδέον
1115 930 1457 1000 ἀποπληρῶν
1493 929 1644 1001 αύτῷ
1699 929 1782 1000 τῷ

207 1022 491 1093 βούλεσθαι
527 1019 710 1091 μόνον.
753 1021 1158 1092 ’Δπολαμϐάνει
1205 1022 1266 1076 δὲ
1294 1026 1322 1077 ὁ
1364 1023 1499 1087 Θεὸς
1536 1024 1596 1078 τὸ
1647 1025 1781 1094 παρ’

204 1113 358 1183 ήμῶν
391 1115 751 1184 ὀφειλόμενον
786 1114 847 1168 ού
879 1118 999 1176 ταῖς
1028 1113 1225 1171 ἑαυτοῦ
1258 1116 1468 1187 χερσὶν,
1489 1116 1628 1170 ἀλλὰ
1656 1119 1780 1178 ταῖς

201 1207 308 1258 τῶν
347 1209 622 1277 πενήτων,
666 1207 764 1260 καὶ
809 1206 919 1259 τῶν
949 1207 1128 1270 ἄλλως
1176 1207 1434 1278 βοηθείας
1479 1208 1778 1279 δεομένων.

206 1297 359 1350 Οὕτω
388 1298 497 1367 γὰρ
537 1299 686 1361 εἰκός
713 1299 862 1351 ἐστιν
888 1299 1054 1382 esse»
1082 1299 1183 1371 μὲν
1211 1300 1343 1370 παρ’
1381 1302 1544 1372 ἡμῶν
1569 1301 1776 1368 λαϐεῖν,

203 1393 406 1444 ἐκεῖνον
435 1391 492 1445 δὲ
524 1391 656 1462 ἡμῖν
692 1391 897 1447 δοῦναι.
937 1393 1000 1445 Εἰ
1027 1393 1071 1446 δ’
1098 1393 1220 1458 ἐξὸν
1242 1395 1401 1462 ὀλίγα
1439 1394 1776 1458 ἀποδιδόναι,

202 1484 294 1536 καὶ
344 1482 520 1536 ταῦτα
551 1485 663 1537 τῶν
702 1484 916 1538 ἐκείνου
942 1486 1079 1556 πρὸς
1134 1487 1284 1556 ἡμᾶς
1314 1479 1642 1556 δεδομένων,
1678 1483 1778 1540 εἴτ’

200 1573 468 1645 ὀλιγωρίᾳ
499 1577 689 1646 μακρᾷ
738 1576 1012 1640 συζῶντες
1063 1578 1481 1648 ἀποστεροῦμεν
1533 1579 1778 1644 ἑκόντες,

202 1667 316 1732 πῶς
357 1669 455 1738 μὲν
479 1669 793 1733 ἂνιδικαίως
815 1671 1039 1736 ἐσαῦθις
1061 1672 1256 1741 ἑτέραν
1280 1672 1543 1742 λάϐοιμεν
1575 1671 1774 1744 χάριν;

204 1761 316 1824 πῶς
344 1761 402 1815 δὲ
431 1762 528 1833 τὴν
556 1764 879 1833 ὐπάρξασαν
907 1765 1007 1818 οὐκ
1032 1766 1378 1835 ἀπολέσομεν
1404 1767 1646 1831 πάντως,
1683 1765 1778 1820 καὶ

1893 555 2114 626 quidem
2138 553 2365 609 cumino
2404 549 2618 621 nequit,
2650 556 2709 603 ut
2737 548 2996 618 operibus
3027 548 3236 602 nostris
3279 547 3489 602 beneﬁ-

1890 651 2104 706 ciorum
2144 663 2174 702 a
2209 646 2322 702 Deo
2351 644 2725 716 promotorum
2763 642 3196 712 magnitudinem
3232 656 3490 708 exaeque-

1891 758 2014 797 mus
2037 758 2051 796 :
2075 742 2248 797 animi
2270 749 2456 794 tamen
2485 738 2762 800 alacritas,
2782 738 2928 806 quod
2947 736 3168 804 quidam
3190 736 3346 796 dixit.
3369 749 3492 789 ma»

1892 833 2110 903 gmlieri
2143 841 2406 898 meretur,
2455 830 2712 900 quamvis
2737 829 2880 884 absit
2903 828 3016 897 ipsa
3038 825 3165 889 Iacti
3189 825 3488 895 praestatio.

1891 925 2261 990 Quamobrem
2283 939 2416 980 cave
2435 923 2869 990 pulcherrimum
2894 936 2970 976 aes
2990 921 3228 974 alienum
3252 918 3492 989 pessime

1890 1017 2234 1084 dissolveris,
2273 1031 2376 1072 nec
2406 1015 2460 1072 id
2490 1015 2762 1080 iaciendo,
2811 1015 2953 1084 quod
2993 1020 3172 1083 potes,
3205 1027 3307 1068 nec
3339 1012 3488 1081 quod

1889 1108 2061 1173 deest,
2092 1109 2288 1163 saltem
2333 1123 2431 1177 per
2465 1109 2645 1177 ipsum
2679 1106 2816 1162 velle
2867 1104 3220 1175 complendo.
3273 1103 3492 1174 Recipit

1892 1207 2075 1254 autem
2120 1199 2268 1254 Deus
2311 1197 2386 1262 id,
2425 1197 2573 1267 quod
2607 1211 2639 1252 a
2682 1196 2843 1252 nobis
2873 1194 3124 1258 debetur,
3158 1209 3268 1248 non
3312 1191 3492 1246 mani-

1890 1293 1992 1348 bus
2024 1294 2162 1359 suis,
2215 1291 2312 1347 sed
2356 1305 2658 1362 pauperum
2689 1298 2744 1345 et
2772 1289 2894 1357 opis
2923 1287 3228 1356 egentium.
3252 1285 3490 1341 Namsic

1897 1401 2028 1442 eum
2067 1395 2121 1439 et
2153 1385 2314 1439 nobis
2345 1385 2593 1454 accipere
2634 1394 3066 1438 consentaneum
3105 1391 3208 1442 est,
3241 1388 3294 1436 et
3326 1379 3488 1433 nobis

1891 1478 2068 1550 ipsum
2127 1478 2366 1533 vicissim
2413 1477 2615 1547 largiri.
2646 1474 2802 1542 Quod
2845 1473 2893 1530 si
2927 1473 3240 1529 facultatem
3273 1471 3486 1528 haben-

1890 1577 1973 1624 tes
2022 1567 2218 1638 exigua
2255 1568 2506 1638 quaedam
2552 1565 2838 1631 reddendi,
2867 1575 2936 1620 .et
2979 1563 3198 1634 quidem
3245 1577 3313 1618 ex
3353 1561 3485 1623 illis,

1887 1676 2008 1732 quae
2027 1661 2097 1716 ab
2117 1660 2417 1729 ipso;nobis
2435 1675 2696 1716 concessa
2714 1668 2845 1714 sunt
2858 1673 2919 1714 ea
2933 1657 3485 1728 spontedenegamus,

1887 1769 1953 1809 ex
1989 1756 2244 1810 diuturna
2266 1755 2502 1825 quadam
2528 1752 2795 1817 secordis,
2847 1751 3007 1808 nobis
3043 1748 3491 1816 [θωΰξαι-ἰηιυο-

202 1851 357 1922 δξκην
394 1869 457 1922 γε
493 1855 590 1926 τήν
621 1856 957 1928 γιγνομένην
989 1857 1385 1929 ἀπαραιτήτως
1419 1857 1776 1930 όφλήσομενς

1900 1865 2010 1904 iam
2048 1862 2208 1920 pacto
2245 1847 2688 1920 jurepoterimus
2729 1847 2836 1901 alio
2857 1859 3078 1901 rursum
3101 1841 3264 1914 potiri
3281 1838 3488 1896 beneﬁ-

963 2123 1016 2182 I'.

289 2217 526 2273 λῦτόθενν
554 2217 715 2287 δῆλον
764 2219 826 2275 τὸ
877 2222 1295 2294 ῥηθησόμενον·
1337 2215 1561 2280 λὰκτέον
1592 2226 1678 2299 δή.
1721 2227 1782 2280 '0

229 2313 316 2366 τὸν
343 2314 459 2366 Θεδν
489 2315 715 2386 ἀγαπᾷν
740 2317 800 2370 ού
829 2315 999 2372 θέλων
1029 2319 1139 2372 ὑπὸ
1176 2319 1286 2374 τῶν
1316 2318 1488 2374 αὐτοῦ
1542 2323 1783 2394 μισεῖται

226 2409 544 2477 κτισμάτων.
587 2409 648 2462 '0
691 2409 768 2480 μὴ
806 2409 1150 2482 φοϐούμενος
1191 2411 1362 2466 αὑτὸν
1411 2414 1644 2486 ὀρρωδεῖ
1688 2413 1785 2468 καὶ

211 2499 309 2561 τὰς
345 2501 502 2562 σκιὰς
532 2500 642 2556 τῶν
672 2503 1044 2573 πραγμάτων.
1088 2505 1149 2558 '0
1177 2504 1255 2576 μὴ
1283 2506 1411 2570 τοὺς
1439 2507 1654 2560 ἐκείνου
1685 2521 1788 2576 φυ-

206 2593 417 2646 λάττων
465 2583 686 2662 νόμους,
722 2593 826 2648 κᾶν
863 2595 1041 2665 μέγας
1078 2593 1136 2670 ᾖ,
1185 2598 1292 2651 κᾶν
1339 2596 1620 2669 λαμπρὸς,
1677 2598 1785 2652 κᾶν

206 2685 386 2755 πάσης
492 2687 687 2755 σοφίας
731 2688 1194 2760 πεπληρωμένος,
1228 2689 1326 2761 ούχ
1375 2690 1486 2756 ἕξει
1528 2691 1627 2762 μὲν
1658 2693 1787 2758 τοὺς

209 2776 560 2846 πειθομένους
591 2779 758 2834 αὐτοῦ
791 2782 903 2844 τοῖς
927 2781 1189 2850 δόγμασι,
1223 2782 1509 2838 δουλεύσει
1555 2785 1613 2838 δὲ
1652 2787 1790 2855 μᾶλ-

205 2869 294 2923 λον
339 2871 548 2934 ἐκεῖνος
597 2873 950 2944 ἀνδραπόδων
997 2875 1101 2930 οὐκ
1154 2875 1462 2945 ἀμείνοσιν.
1503 2879 1717 2934 Οὐκοῦν
1761 2881 1792 2934 ό

209 2961 382 3015 θέλων
410 2962 602 3028 εὔνους
627 2965 798 3036 ἔχειν,
838 2963 915 3020 ὧν
943 2966 1122 3039 ἄρχει,
1154 2967 1347 3033 εὔνους
1377 2970 1454 3025 ὢν
1477 2972 1792 3028 διατελείτω

207 3053 282 3123 τῷ
311 3055 482 3125 πνοῆς
523 3056 705 3128 πάσης
738 3058 1056 3129 κρατοῦντι,
1114 3062 1209 3114 καὶ
1249 3061 1399 3132 ζωὴν
1453 3064 1788 3136 παρέχοντι,

1883 1941 2004 2000 cio?
2023 1943 2118 2012 qui
2151 1942 2261 2009 (iet,
2287 1952 2349 1997 ut
2364 1941 2590 1997 omnino
2613 1941 2767 2011 prius
2784 1953 3105 1995 concessum
3125 1953 3232 1992 non
3263 1938 3488 1993 amitta-

1883 2048 2031 2100 mus,
2055 2045 2110 2092 et
2136 2033 2549 2091 inexorabiliter
2577 2031 3118 2104 pmnaiconveniente
3139 2030 3486 2086 mni-temur?

2649 2123 2722 2179 Χ.

1959 2220 2114 2277 Satis
2150 2231 2217 2276 ex
2245 2235 2304 2277 se
2337 2219 2576 2289 parebit,
2603 2221 2747 2290 quod
2771 2217 2973 2274 dicturi
3009 2233 3232 2284 sumus,
3263 2233 3328 2273 ac
3350 2231 3482 2288 pro-

1887 2315 2098 2372 feratur
2134 2322 2290 2370 sane.
2321 2314 2427 2380 Qui
2453 2312 2624 2368 Deum
2646 2313 2876 2382 diligere
2917 2325 3026 2367 non
3075 2313 3212 2376 vult,
3243 2313 3296 2367 ei
3348 2322 3509 2374 sunt.

1889 2409 2090 2466 infesta
2138 2409 2235 2464 Dei
2293 2420 2502 2487 creata.
2533 2407 2638 2474 Qui
2677 2407 2848 2462 Deum
2905 2413 3016 2462 rion
3065 2408 3277 2474 metuit,
3304 2408 3475 2463 etiam

1892 2504 2044 2574 ipsas
2074 2517 2260 2557 rerum
2286 2502 2514 2556 umbras
2552 2499 2836 2556 formidat.
2863 2501 2966 2566 Qui
2992 2500 3138 2568 leges
3165 2501 3339 2570 ipsius
3371 2515 3478 2555 non

1891 2602 2096 2660 servat,
2131 2595 2352 2650 tametsi
2383 2609 2615 2663 magnus
2643 2593 2738 2658 sit,
2769 2595 2985 2650 tametsi
3017 2595 3225 2659 clarus,
3275 2602 3480 2648 tamet-

1890 2689 1937 2745 si
1969 2691 2166 2759 plenus
2210 2686 2362 2742 omni
2414 2685 2732 2756 sapientia:
2785 2695 2970 2741 tamen
3031 2700 3134 2742 nec
3192 2687 3483 2742 habiturus

1893 2792 1998 2847 est,
2024 2782 2119 2851 qui
2142 2779 2382 2836 decretis
2408 2779 2583 2849 ipsius
2608 2779 2992 2850 obtemperent
3029 2797 3042 2833 :
3077 2788 3132 2834 et
3159 2779 3483 2834 servitutem

1894 2874 2080 2944 potius
2103 2873 2313 2929 serviet
2347 2888 2458 2929 non
2477 2874 2826 2942 melioribus,
2852 2887 3017 2942 quam
3047 2873 3166 2942 ipsa
3191 2875 3299 2929 sint
3328 2879 3489 2930 mm-

1894 2964 2061 3034 cipia.
2091 2963 2440 3034 Quapropter
2461 2964 2559 3036 qui
2619 2965 2920 3020 benevolos
2973 2967 3174 3020 habere
3222 2965 3339 3018 vult
3363 2980 3490 3033 eos,

1894 3057 2100 3127 quibus
2129 3055 2388 3127 imperat,
2420 3057 2817 3128 seiuperiliius
2847 3060 3288 3114 benevolentiam
3345 3077 3485 3118 con-

210 3149 303 3200 καὶ
328 3150 464 3217 πρὸς
489 3150 728 3218 τάγαθὸν
764 3150 1008 3205 κινοῦντι
1036 3153 1224 3207 πᾶσαν
1257 3154 1468 3225 ψυχήν.
1495 3154 1586 3209 Ἐν
1637 3156 1788 3232 αὐτῷ

1900 3161 2105 3220 servet,
2137 3151 2193 3206 iu
2222 3151 2381 3222 cujus
2408 3157 2681 3222 potestate
2727 3151 2890 3210 ﬂatus
2938 3157 3123 3212 omnis
3173 3169 3338 3225 est,et
3391 3161 3492 3231 qui

209 3240 314 3311 γὰρ
339 3240 548 3311 ζῶμεν,
585 3244 684 3297 καὶ
713 3245 1039 3316 κινούμεθα,
1073 3248 1168 3302 καὶ
1197 3248 1394 3318 ἐσμέν.
1432 3249 1567 3315 Καὶ,
1598 3253 1794 3320 Αὐτός

209 3333 377 3387 ἐστιν
415 3338 447 3388 ό
498 3335 761 3406 ἐνεργῶν
788 3337 858 3392 ἐν
887 3338 1032 3408 ἡμῖν
1069 3339 1169 3394 καὶ
1209 3340 1538 3428 τὸιθέλειν,
1584 3346 1681 3398 καί
1732 3346 1794 3399 τὸ

207 3427 472 3498 ἐνεργεῖν
523 3428 677 3500 ὑπὲρ
723 3430 836 3501 τῆς
875 3431 1186 3502 εὐδοκίας,
1231 3436 1259 3488 ό
1291 3433 1438 3500 θεῖος
1469 3437 1793 3509 ἀπεφήνατο

212 3519 442 3586 Παῦλος.

939 3705 1048 3766 IA'.

277 3797 348 3850 Σὲ
385 3795 492 3867 πρὸ
536 3797 759 3852 πάντων
813 3797 972 3868 ἄγειν
1019 3800 1103 3854 δεῖ
1143 3802 1244 3870 τὴν
1297 3801 1358 3856 σὲ
1413 3805 1520 3872 προ
1569 3804 1792 3858 πάντων

213 3889 457 3958 ἄγουσαν
483 3889 842 3961 Ἐκκλησίαν,
878 3891 1059 3947 πάντα
1099 3909 1183 3948 σοι
1236 3896 1377 3965 μετὰ
1416 3896 1551 3950 Θεὸν
1603 3914 1793 3966 γιγνο·

213 3985 404 4053 μένην.
438 3973 587 4054 Αὕτη
612 3985 696 4036 σοὶ¹
724 3986 929 4057 μήτηρ,
953 3987 1133 4056 τίτθη,
1155 3988 1497 4057 διδάσκαλος,
1520 3991 1790 4061 πλάστης,

207 4073 498 4142 ἀλείπτης,
523 4073 662 4139 ὁδὸς,
691 4077 786 4128 καὶ
808 4075 1025 4147 ὁδηγὺς,
1051 4079 1146 4132 καὶ
1179 4078 1460 4148 συνεργὸς,
1494 4082 1584 4134 καὶ
1612 4081 1794 4152 παρά-

209 4159 430 4233 κληδις,
488 4163 624 4232 πρὸς
655 4163 682 4217 ὅ
725 4181 777 4216 τι
816 4165 1103 4220 κάλλιστόν
1129 4183 1186 4220 τε
1240 4169 1337 4222 καὶ
1389 4168 1790 4240 μονιμώτατον.

213 4252 385 4306 Οὐδὲν
415 4254 524 4322 γὰρ
554 4253 665 4306 τῶν
698 4254 918 4324 ἐκείνης
946 4255 1102 4326 λῆξιν
1133 4256 1496 4328 δεχομένωνῆ
1526 4259 1793 4331 ἐπίκηρον

208 4347 241 4416 ἢ
277 4345 524 4416 φθαρτόν
551 4349 724 4412 ἐστιν,
752 4346 870 4401 ἀλλ’
893 4349 1088 4415 ἀΐδιον,
1130 4351 1432 4422 ἀκήρατον,
1479 4351 1793 4423 ἄφθαρτον,

210 4437 434 4503 ἀϊδίοις,
487 4437 582 4492 καὶ
633 4441 958 4512 ἀκηράτοις,
1009 4442 1105 4496 καὶ
1154 4443 1458 4514 ἀφθάρτοις
1489 4445 1792 4514 προσῆκον.

1899 3248 2066 3300 vitam
2105 3246 2440 3316 suppeditat,
2487 3261 2822 3317 omnemque
2873 3250 3121 3305 animum
3159 3254 3224 3306 ad
3279 3254 3483 3312 bonum

1898 3339 2154 3410 impellit.
2214 3340 2351 3395 Nam
2387 3341 2439 3395 in
2495 3342 2618 3410 ipso
2654 3341 2920 3408 vivimus,
2973 3355 3030 3400 et
3059 3356 3372 3412 movemur,
3432 3361 3491 3405 et

1896 3445 2110 3486 sumus.
2143 3431 2275 3485 Item
2305 3432 2418 3500 ipse
2447 3443 2545 3494 est,
2572 3433 2664 3502 qui
2697 3434 2873 3503 efficit
2900 3437 2956 3491 in
2986 3439 3158 3500 nobis,
3185 3450 3236 3494 et
3269 3449 3327 3495 ut
3359 3443 3488 3497 υείὶ-

1895 3533 2555 3592 mua,etutprmtemu,
2603 3542 2702 3594 pro
2753 3545 2853 3583 sua
2877 3530 2934 3584 in
2962 3548 3058 3586 nos
3115 3538 3491 3606 propensione,

1895 3618 2366 3687 quemadmodum
2396 3619 2560 3675 divus
2593 3618 2796 3678 Paulus
2830 3623 2925 3678 ait.

2638 3713 2730 3770 XI.

1968 3800 2339 3858 Anteferenda
2380 3803 2476 3858 tibi
2507 3806 2722 3861 cunctis
2755 3807 2920 3863 rebus
2955 3820 3041 3865 est
3068 3810 3334 3880 Ecclesia,
3361 3833 3485 3887 qure

1900 3901 1952 3949 te
1984 3909 2208 3964 quoque
2236 3896 2452 3950 cunctis
2487 3900 2790 3967 anteponit,
2825 3911 2879 3954 et
2911 3901 3091 3958 instar
3120 3907 3368 3962 omnium
3401 3919 3487 3965 est

1899 3986 1995 4042 tibi
2055 3987 2360 4041 secundum
2399 3989 2588 4043 Deum.
2628 3992 2816 4048 Eatibi
2844 3997 3040 4063 mater,
3071 4000 3283 4065 nutrix,
3312 4007 3488 4073 magi-

1896 4088 2035 4143 stra,
2065 4078 2438 4148 informatrix,
2469 4082 2682 4158 .alipta,
2725 4086 2835 4150 via,
2894 4087 2995 4143 vim
3026 4093 3160 4158 dux,
3219 4095 3484 4165 adjut’rix,
3556 4115 3561 4120 ·

1897 4171 2174 4227 iucitatrix
2195 4172 2260 4226 ad
2285 4172 2658 4243 pulcherrima
2687 4178 2924 4248 quaevis,
2951 4192 3009 4236 et
3045 4186 3284 4242 maxime
3313 4189 3484 4244 dura-

1897 4267 2026 4323 bilis
2065 4277 2459 4338 perpetuaque.
2491 4268 2627 4325 Nam
2659 4273 2794 4327 nihil
2829 4290 3046 4344 eorum,
3080 4294 3201 4350 qua:
3224 4281 3326 4339 hac
3358 4300 3488 4340 cono

1900 4363 2167 4427 tinentur,
2205 4363 2293 4417 vel
2328 4363 2662 4429 ﬂuxum,vel
2701 4366 2999 4424 obnoxium
3051 4383 3134 4428 est
3183 4374 3430 4433 interitui
3468 4396 3486 4448 ;

1899 4455 1998 4510 sed
2062 4465 2355 4522 mternum,
2397 4459 2774 4528 corruptionis
2817 4474 2871 4516 et
2905 4464 3164 4523 interitus
3219 4469 3490 4541 expers";

208 4531 321 4583 Καὶ
353 4531 464 4601 γὰρ
486 4534 553 4585 τὰ
582 4533 763 4587 πάντα
795 4535 1168 4604 πνευματικάο
1194 4539 1294 4590 ’καὶ
1326 4538 1418 4592 διὰ
1452 4539 1616 4592 τοῦτο
1661 4539 1788 4592 αἰώ-

1907 4548 2126 4601 οοῑθνιιίε
2171 4555 2228 4602 et
2283 4550 2656 4620 corruptionis
2730 4567 2795 4607 ac
2850 4553 3109 4612 interitus
3158 4564 3488 4629 expertibus

207 4641 327 4687 νια,
371 4624 466 4677 καὶ
494 4625 698 4693 ἀγαθὰ,
737 4627 834 4680 xci.
887 4627 1144 4699 ἀκίνητα·
1179 4628 1217 4682 ἃ.
1271 4631 1363 4682 καὶ
1416 4632 1794 4701 προτιμᾶσθαι

206 4715 291 4769 δεῖ
341 4716 452 4769 τῶν
489 4718 848 4789 σωματικῶν,
893 4719 970 4784 ὠς
1021 4721 1569 4794 συγκεκληρωμένων
1593 4727 1659 4795 τῇ
1692 4742 1799 4779 πα-

219 4806 389 4881 ρούσῃ
417 4807 532 4880 ζωῇ
562 4808 660 4863 καὶ
689 4808 852 4864 πλέον
879 4811 1051 4866 ὄντων
1079 4813 1273 4884 μηδέν.

951 4994 1054 5052 lB'.

289 5087 441 5140 Ἴσον
475 5087 552 5158 τῷ
585 5087 727 5158 πρὸς
751 5091 956 5160 κέντρα
997 5089 1280 5157 λακτίζειν
1309 5089 1370 5144 τὸ
1401 5091 1665 5162 πολεμεῖν
1696 5092 1799 5162 τῆς

219 5177 563 5250 Ἑκκλησίας
600 5184 714 5244 τοῖς
756 5183 1017 5252 δόγμασι.
1065 5185 1298 5256 Χαίρειν
1332 5185 1426 5239 οὗν
1473 5188 1586 5250 τοῖς
1636 5186 1798 5241 τοῦτο

206 5272 466 5326 ποιοῦσιν
509 5275 785 5345 εἰρηκὼς,
817 5275 976 5348 εἴπερ
1021 5278 1124 5332 οὐκ
1164 5279 1286 5332 ἐνὸν
1317 5280 1516 5344 αὐτοὺς
1569 5280 1798 5352 διορθώ-

208 5365 438 5432 σασθαι,
465 5366 566 5436 δρα
598 5384 688 5436 μοι
720 5369 821 5438 τὴν
843 5369 1050 5423 τούτων
1084 5371 1302 5439 μανίαν,
1331 5371 1410 5434 εἰς
1434 5367 1549 5425 οἷον
1571 5373 1799 5438 τούτους

206 5457 387 5512 κακὸν
410 5461 657 5514 ἐνέϐαλε.
678 5462 789 5528 Λὰξ
809 5463 918 5533 γὰρ
940 5446 1126 5520 παίειν
1146 5463 1395 5518 ἐθέλουσι
1420 5465 1519 5536 τὴν
1549 5466 1642 5520 τοῦ
1661 5467 1798 5522 Θεοῦ

202 5549 573 5621 Ἐκκλησίαν,
630 5552 696 5622 ἦν
734 5552 850 5624 ίδίῳ
883 5555 1077 5625 αἵματι
1127 5557 1564 5628 περιεποιήσατο
1589 5598 1605 5626 ,
1644 5559 1800 5613 οὐδὲν

203 5639 341 5697 ἄλλο
360 5643 612 5696 λείπεται
627 5643 860 5708 τούτοις,
882 5647 914 5714 ἢ
934 5633 1224 5718 αῖμάττειν
1243 5651 1410 5715 πόδας
1432 5652 1596 5712 ἰδίους
1616 5667 1800 5722 παρα-

205 5735 384 5806 φορᾶς
419 5731 750 5805 θρασύτητι.
785 5738 856 5790 Σὺ
882 5737 938 5792 δέ
969 5757 1061 5810 μοι
1112 5741 1286 5796 ταῦτα
1313 5743 1580 5797 ἐπίστασο
1607 5745 1802 5812 λιμένα

203 5842 262 5879 τε
294 5827 392 5884 καὶ
425 5828 720 5900 πρόϐολον,
751 5833 844 5886 καὶ
873 5833 1215 5906 ἀμυντήριον
1243 5836 1427 5890 ὅπλον.
1462 5837 1670 5906 Nmis:
1691 5838 1799 5910 γὰρ

1904 4639 2262 4696 conveniens.
2298 4642 2494 4697 Omnia
2525 4657 2764 4712 namque
2793 4648 3098 4714 spiritualia
3131 4655 3280 4717 sunt,
3313 4669 3497 4725 eaque

1904 4741 2124 4803 prepter
2154 4741 2450 4800 etazte‘rna,
2483 4745 2538 4788 et
2560 4735 2723 4800 bona,
2746 4743 2800 4790 et
2851 4739 3080 4792 immota
3114 4759 3126 4794 :
3163 4757 3284 4811 qua}
3315 4755 3366 4799 et
3396 4761 3496 4814 po-

1905 4827 2042 4882 liora
2073 4827 2320 4882 ducenda
2345 4838 2476 4883 sunt
2503 4830 2808 4898 corporeis,
2841 4831 2987 4886 velut
3011 4832 3078 4886 ad
3127 4835 3294 4890 vitam
3347 4839 3497 4897 bane

1902 4919 2327 4989 pertinentibus,
2373 4936 2473 4978 nec
2499 4923 2730 4978 ulterius
2756 4939 2878 4980 sese
2909 4926 3344 4998 porrigentibus.

2643 5014 2756 5072 XII.

1977 5099 2310 5172 Repugnare
2339 5104 2612 5169 dogmatis
2673 5107 2952 5174 Ecclesiae,
3009 5113 3236 5181 perinde
3284 5110 3496 5184 est,‘ac

1903 5189 1949 5243 si
1987 5191 2115 5259 quis
2143 5191 2274 5246 velit
2304 5193 2548 5248 stimulis
2587 5195 3110 5271 calcesimpingere.
3145 5204 3498 5281 Quapropter

1907 5281 2012 5337 hoc
2039 5279 2370 5341 facientibus
2403 5285 2632 5354 longum
2660 5289 2843 5346 valere
2864 5293 3055 5362 justis,
3090 5297 3135 5352 si
3169 5279 3495 5373 corrigi—ue-

1904 5388 2110 5446 queant
2153 5396 2395 5447 ;eorum
2444 5383 2579 5438 mihi
2636 5385 2882 5442 furorem
2942 5393 3193 5463 aspicito,
3250 5399 3304 5452 in
3329 5404 3500 5470 quale.

1906 5474 2113 5528 malum
2139 5476 2449 5545 praecipites
2482 5477 2631 5546 ipsos
2661 5489 2806 5550 agat.
2841 5483 3057 5555 Quippe
3091 5489 3218 5544 dum
3253 5495 3502 5551 calcibus

1907 5567 2210 5622 Ecclesiam
2257 5568 2351 5624 Dei
2387 5567 2552 5625 ferire
2600 5572 2814 5640 volunt,
2850 5592 3014 5647 quam
3052 5581 3170 5649 ipse
3227 5596 3328 5640 suo
3363 5604 3492 5642 san-

1905 5659 2070 5730 guine
2123 5661 2440 5730 acquisivit,
2507 5663 2646 5719 nihil
2701 5677 2871 5736 agunt
2910 5671 3079 5737 aliud,
3131 5687 3293 5743 quam
3347 5677 3496 5748 quod

1906 5753 2138 5807 audacia
2173 5754 2416 5823 quadam
2447 5757 2677 5812 insania:
2705 5762 3055 5832 suosmetipsi
3112 5767 3272 5832 pedes
3301 5784 3500 5824 cruen-

1909 5853 2045 5902 tant.
2080 5844 2146 5900 At
2173 5862 2274 5917 ego
2316 5847 2440 5906 volo
2465 5849 2633 5920 scias,
2664 5852 2758 5908 illa
2785 5853 3041 5925 dOgmata
3077 5867 3292 5928 portum
3332 5862 3494 5927 quasi
