3950 6460
279 381 386 446 3‘27

1442 323 1844 423 MANUTELIS
1882 352 2336 417 PALBOLOGI

3451 336 3555 400 323

275 495 568 570 quemdam
629 506 754 548 esse
822 503 889 545 ac
949 482 1446 558 propugnaculum,
1507 489 1860 548 scutumque.

2003 474 2295 546 αλλόμενοι
2324 471 2607 542 λογισμῶν
2644 472 2934 538 ἐναντίων,
2981 469 3146 533 εὐθὺς
3181 466 3351 522 αὐτοῦ
3382 466 3558 520 κατα-

281 586 591 645 defensioni
618 581 984 652 aptissimum.
1009 579 1221 648 Quippe
1270 591 1396 631 cum
1447 573 1860 628 adversantium

281 679 520 734 invicem
553 675 659 731 sibi
690 673 1096 744 cogitationum
1143 667 1349 723 nimbis
1401 665 1714 727 obruimur,
1768 661 1863 717 ubi

282 770 518 843 primum
553 768 618 822 ad
650 782 713 822 en
735 764 1085 835 confugimus
1106 801 1121 827 ,
1155 759 1507 815 serenitatem
1542 751 1748 826 puram
1781 755 1869 807 iu-

283 861 560 917 venimus.
599 859 704 914 Per
727 858 919 912 eadem
979 856 1106 909 licet
1141 865 1358 907 onmem
1394 850 1640 920 linguam
1671 861 1866 917 super-

285 955 436 1018 bam,
497 965 708 1020 nosque
762 947 1066 1002 mendaciis
1123 945 1561 1016 adgredientem,
1625 942 1866 1010 abigere.

289 1045 424 1112 Quis
453 1043 618 1113 igitur
652 1039 975 1105 Ecclesium,
1014 1052 1134 1107 quae
1161 1051 1384 1092 causam
1443 1034 1632 1088 talium
1682 1040 1866 1087 tauto-

285 1149 519 1204 rumque
538 1116 804 1186 bouorutn
834 1130 1055 1200 praebet,
1100 1129 1261 1184 valde
1283 1127 1518 1195 diligens
1571 1133 1737 1193 atque
1789 1120 1872 1177 fo-

287 1243 443 1292 veus,
471 1236 524 1281 et
582 1226 648 1280 ad
705 1239 824 1278 eam
876 1209 1284 1293 pertinentibus
1346 1219 1654 1289 nimiopere
1705 1217 1872 1272 bene-

288 1322 521 1386 faciens,
553 1319 792 1375 debitam
818 1318 866 1375 ei
903 1319 1134 1389 gratiam
1169 1315 1420 1372 retulerit
1452 1314 1476 1367 ἳ

1017 1409 1155 1465 XIII.

337 1509 652 1580 ‘lnsigniter
677 1516 732 1564 et
761 1505 982 1576 expedit
1011 1512 1069 1559 et
1095 1503 1383 1574 pulchrum
1409 1508 1516 1569 est,
1539 1500 1676 1556 nihil
1707 1512 1874 1571 agere

289 1601 439 1655 mali.
475 1601 687 1670 Quippe
718 1597 944 1669 quidam
971 1595 1129 1667 quasi
1157 1594 1360 1662 gradus
1389 1594 1456 1648 ad
1481 1594 1740 1648 virtutem
1792 1599 1877 1646 est

291 1693 568 1747 malorum
621 1688 1028 1746 exterminatio.
1079 1686 1294 1750 Melius.
1344 1686 1472 1741 boni
1518 1686 1650 1755 quid
1681 1699 1866 1756 agere.

290 1781 568 1851 Principia
593 1795 831 1850 namque
850 1779 986 1834 lines
1035 1778 1392 1833 comitantur.
1413 1776 1877 1842 Pulcherrimum,

293 1888 408 1927 rem
437 1873 734 1926 maximam
759 1871 998 1925 feliciter
1023 1869 1374 1935 efficientem,
1401 1867 1511 1923 Deo
1544 1867 1872 1936 pmclarum

293 1964 512 2019 facinus
543 1973 830 2033 acceptum
865 1961 1004 2015 ferre
1034 1977 1058 2016 :-
1083 1961 1204 2015 sine
1237 1976 1350 2031 quo
1388 1961 1526 2015 nihil
1571 1961 1700 2016 boni
1759 1960 1877 2014 fieri

293 2067 493 2130 potest.
547 2057 650 2124 Qui
706 2056 970 2128 praeditus
1007 2055 1232 2119 virtute,
1292 2054 1538 2108 modeste
1571 2067 1632 2109 se
1686 2053 1879 2123 gerit;

294 2149 727 2223 splendidiorem
762 2148 942 2204 reddit
972 2148 1247 2202 animum.
1289 2146 1360 2200 At
1421 2146 1491 2200 iis
1523 2145 1620 2216 qui
1655 2156 1882 2214 propter

293 2248 539 2306 facinora
571 2259 669 2299 sua
693 2245 836 2311 (quae
867 2254 1000 2296 sane
1024 2254 1223 2306 magna
1256 2237 1392 2302 sint,
1423 2246 1478 2292 et
1513 2235 1882 2304 admirabilia)

295 2337 588 2409 magnifice
602 2342 780 2390 semet
797 2332 1056 2392 efferunt.
1083 2329 1464 2392 metuendum,
1493 2343 1560 2382 ne
1583 2327 1884 2382 laudabilia

294 2442 570 2506 gerentes.
633 2426 738 2498 ipsi
784 2424 890 2481 sibi
928 2424 1262 2479 detrimento
1325 2422 1510 2491 potius
1556 2420 1667 2475 sint
1717 2433 1883 2490 quam

295 2523 616 2585 commodo.
669 2519 883 2590 Quippe
951 2517 1123 2572 Deum
1173 2517 1466 2570 adversum
1498 2513 1885 2584 experientur,

295 2630 350 2674 et
373 2617 476 2688 (uti
501 2614 786 2686 prophetae
839 2610 1026 2667 verbis
1061 2607 1309 2679 utamur)
1357 2622 1472 2678 quo
1498 2613 1659 2678 pacto
1697 2604 1882 2663 subsi-

297 2718 444 2766 stere
464 2715 724 2778 poterunt
749 2705 771 2760 τ

1030 2788 1176 2845 XIV.

368 2889 573 2946 Malum
633 2897 741 2955 est,
793 2886 922 2943 boni
985 2882 1272 2957 quidpiam
1313 2896 1425 2937 non
1475 2881 1681 2949 facere,
1727 2881 1889 2954 cujus

299 2981 569 3040 eﬂiciendi
605 2979 840 3037 facultas
871 2978 1084 3034 aderat.
1121 2975 1244 3032 Non
1271 2975 1421 3032 enim
1456 2972 1668 3031 frustra
1717 2974 1888 3031 creati

299 3091 517 3141 sumus,
549 3088 652 3130 nec
683 3081 744 3128 ut
781 3071 838 3126 in
864 3073 978 3126 otio
1009 3071 1176 3127 vitam
1211 3081 1587 3133 transeamus,
1615 3069 1891 3140 planeque

1990 569 2194 637 Sync,
2221 565 2426 635 λευκὴν
2457 565 2702 635 γαλήνην
2741 563 3100 634 εὑρίσκομεν.
3132 559 3357 626 Ἔξεστι
3398 557 3456 612 δέ
3497 573 3561 625 γε

1965 661 2180 726 τούτοις
2212 658 2508 714 ἀποσοϐεῖν
2551 658 2648 711 καὶ
2680 659 2866 711 πᾶσαν
2897 657 3258 726 ὑπερήφανον
3299 653 3557 721 γλῶσσαν

1965 756 2192 827 ψευδέσι
2226 756 2470 827 ῥήμασιν
2503 751 2792 808 ἐπιοῦσαν.
2823 739 2936 814 Τίς
2970 749 3037 804 ἂν
3066 749 3160 803 οὖν
3193 748 3295 818 τὴν
3318 747 3558 816 Ἐκκλη-

1971 851 2114 913 σίαν,
2143 847 2406 919 τοιούτων
2465 863 2526 900 τε
2577 846 2673 900 καὶ
2726 843 3069 914 τηλικούτων
3113 842 3298 896 αἰτίαν
3349 839 3557 903 οὖσαν,

1971 945 2178 1016 σφόδρα
2203 941 2375 1012 φιλῶν
2399 957 2462 994 τε
2492 939 2589 994 καὶ
2616 939 3002 1007 περιθάλπων,
3023 939 3122 991 καὶ
3141 935 3368 1006 ἀγαθῶν
3397 936 3560 1006 ὑπερ-

1971 1037 2136 1107 ϐολὴν
2166 1037 2283 1100 τοῖς
2317 1035 2456 1105 πρὸς
2483 1032 2706 1104 ἐκείνην
2731 1029 3206 1103 ἑπιδεικνύμενος,
3249 1029 3438 1100 ἀποδῷ
3465 1031 3563 1102 τὴν

1972 1132 2310 1203 γιγνομένην
2345 1129 2538 1202 ἐκείνῃ
2569 1130 2736 1200 χάριν
2752 1144 2768 1194 ;
3183 1148 3198 1153 -

2724 1403 2828 1457 ΙΓ’.

2051 1496 2347 1561 Λυσιτελές
2376 1514 2440 1566 γε
2474 1498 2566 1551 καὶ
2592 1497 2760 1553 καλὸν
2793 1497 2964 1568 μηδέν
2993 1514 3050 1551 τι
3073 1499 3182 1550 τῶν
3205 1497 3394 1550 κακῶν
3416 1497 3569 1565 ὲνερο

1980 1593 2121 1660 γεῖν.
2159 1587 2286 1644 Οἶον
2321 1591 2432 1662 γάρ
2461 1608 2550 1654 τις
2575 1591 2735 1660 βάσις
2757 1593 2838 1654 είς
2871 1591 3076 1661 ἀρετὴν
3108 1593 3140 1661 ή
3172 1591 3285 1644 τῶν
3309 1591 3568 1660 πονηρῶν

1982 1686 2217 1754 ὲκκοπή.
2273 1685 2543 1756 Κρεῖττον
2573 1683 2917 1753 ἐργάσασθαί
2955 1702 3007 1739 τι
3042 1685 3302 1754 χρηστόν.
3347 1685 3568 1756 Ἀρχαῖς

1983 1781 2094 1847 γὰρ
2122 1777 2322 1832 ἕπεται
2373 1779 2528 1846 τέλη.
2566 1777 2896 1840 Κάλλιστον,
2949 1775 3002 1831 τὶ
3058 1776 3317 1846 μέγιστον
3369 1794 3569 1848 κατορ-

1983 1867 2207 1927 θοῦντα.
2229 1868 2307 1940 τῷ
2330 1869 2454 1939 Θεῷ
2483 1870 2802 1938 λογίζεσθαι
2834 1869 2898 1923 τδ
2925 1869 3280 1940 κατόρθωμα·
3309 1862 3372 1923 οὗ
3399 1875 3571 1939 χωρὶς

1982 1963 2138 2018 οὐδέν
2171 1965 2291 2017 ἐστι
2327 1964 2584 2032 γενέσθαι
2608 1965 2721 2018 τῶν
2753 1963 3001 2034 ἀγαθῶν.
3041 1965 3103 2018 '0
3136 1963 3451 2035 μετριάζων
3482 1965 3576 2016 ἐπ’

1982 2058 2154 2129 ἀρετῇ
2181 2055 2446 2128 λαμπρὰν
2497 2055 2797 2126 ἐργάζεται
2847 2057 2949 2128 τὴν
2991 2057 3196 2127 ψυχήν.
3231 2057 3360 2120 Τοῖς
3405 2056 3461 2108 δὲ
3506 2055 3576 2126 δὴ

1987 2152 2134 2222 μέγα
2158 2149 2455 2221 φρονοῦσιν
2480 2150 2577 2204 ἐπὶ
2605 2152 2718 2214 τοῖς
2750 2149 2930 2204 αὐτῶν
2951 2147 3380 2221 κατορθώμασιν
3407 2149 3575 2220 (ἔστω

1982 2242 2040 2297 δὲ
2068 2243 2282 2312 μεγάλα
2306 2243 2399 2296 καὶ
2427 2241 2751 2312 θαυμαστὰ)
2801 2239 2926 2306 δέος
2955 2243 3074 2296 ἐστὶ
3111 2242 3186 2314 μή
3215 2241 3418 2313 μᾶλλον
3445 2241 3570 2312 pis-

1983 2335 2147 2405 ψαιεν
2201 2336 2346 2405 σφᾶς
2398 2333 2626 2399 αὐτοὺς,
2687 2335 2720 2405 ἢ
2775 2334 3118 2405 ώφελήσαιεν
3151 2333 3575 2407 κατορθοῦντες.

1989 2427 2214 2492 Ἐξουσι
2246 2428 2308 2481 τὸ
2334 2427 2494 2482 Θεῖον
2521 2429 3009 2498 ἀντιταττόμενον,
3056 2429 3153 2482 καὶ
3182 2429 3328 2482 κατά
3364 2429 3454 2482 τὸν
3494 2429 3580 2482 εί-

1988 2520 2165 2575 πόντα
2192 2520 2504 2592 προφήτην,
2539 2520 2662 2586 πῶς
2691 2522 2758 2576 ἂν
2791 2520 3042 2576 δύναιντο
3071 2524 3300 2594 στῆναις

2739 2791 2840 2846 1Δ’.

2078 2882 2335 2937 Ἐπειδὰν
2361 2883 2456 2955 ἐξῇ
2484 2901 2538 2939 τι
2574 2884 2846 2951 πράττειν
2877 2885 3065 2951 καλὸν,
3099 2889 3196 2939 καὶ
3227 2884 3286 2940 τδ
3319 2885 3398 2957 μὴ
3433 2886 3583 2957 πρᾶ-

1995 2971 2084 3037 ξαι
2145 2972 2308 3027 τοῦτο
2339 2975 2529 3030 κακόν.
2555 2976 2692 3030 Οὐδὲ
2719 2977 2828 3048 γὰρ
2855 2977 3034 3048 μάτην
3053 2977 3442 3050 παρήχθημεν,
3471 2978 3581 3032 οὐδ’

1993 3068 2182 3138 ἀργῶς
2211 3067 2525 3136 διαϐιῶναι,
2549 3069 2646 3123 καὶ
2676 3071 2968 3141 ἀχρήστως
2997 3071 3144 3141 ἔχειν
3173 3071 3302 3142 ἑξῆς
3337 3073 3578 3137 ἅπαντα,

300 3169 442 3224 nulli
483 3168 660 3224 simus
689 3166 836 3227 usui.
885 3164 1132 3235 lapidum
1181 3164 1358 3220 instar
1388 3163 1442 3218 in
1472 3160 1676 3232 jurgite
1697 3160 1887 3228 jacen-

2002 3159 2296 3228 κατάδτοὺς
2324 3162 2384 3215 ἐν
2413 3163 2492 3231 τῷ
2530 3162 2681 3232 βυθῷ
2730 3163 2937 3229 λίθους.
2982 3167 3184 3237 Χεῖρον
3237 3165 3584 3237 ἐργάσασθαι

302 3263 464 3317 tium.
500 3260 691 3329 Pejus,
716 3257 967 3326 improbe
996 3271 1162 3326 agere
1217 3270 1378 3310 :uam
1407 3255 1475 3310 ad
1518 3268 1685 3323 opera
1745 3251 1890 3308 bona

301 3354 510 3410 conditi
534 3365 750 3408 sumus.
781 3349 1112 3412 Pessimum,
1150 3350 1241 3403 uloi
1271 3348 1404 3419 quid
1438 3346 1569 3402 mali
1611 3354 1891 3418 perpetra-

301 3446 472 3512 veris,
499 3444 549 3498 id
572 3458 798 3514 operam
820 3443 980 3506 dare,
1009 3449 1070 3495 ut
1105 3441 1324 3511 culpam
1347 3441 1401 3494 in
1427 3440 1595 3495 alium
1613 3440 1888 3494 conferas.

304 3535 360 3590 Id
402 3535 605 3590 malum
645 3531 838 3602 primis
882 3530 994 3586 illis
1035 3530 1265 3585 humani
1296 3531 1514 3600 generis
1565 3526 1892 3598 parentibus

305 3629 433 3698 plus
465 3627 681 3690 nocuit,
720 3640 885 3696 quam
931 3622 1078 3693 quod
1120 3623 1277 3678 initio
1334 3623 1506 3692 legem
1563 3620 1890 3676 violassent.

304 3714 577 3770 Nimirum
608 3729 717 3768 non
762 3713 964 3767 malum
999 3711 1166 3776 malo,
1197 3711 1344 3783 quod
1401 3712 1582 3776 aiunt,
1617 3709 1780 3781 quasi
1827 3710 1896 3764 de

305 3807 583 3864 industria
620 3821 738 3861 rem
798 3804 1024 3879 noxiam
1067 3819 1284 3872 semper
1343 3804 1740 3868 cumulemus;
1798 3799 1894 3857 sed

308 3910 404 3958 aut
433 3900 582 3972 quod
607 3900 810 3954 bonum
843 3908 950 3964 est,
985 3913 1237 3969 agamus,
1273 3897 1580 3953 autsaltem
1605 3896 1732 3951 mali
1765 3894 1896 3965 quid

307 3995 683 4065 designantes,
731 3992 892 4046 nobis
912 3991 964 4045 id
1009 3991 1190 4060 ipsum
1233 3990 1601 4046 ascribamus.
1623 3986 1759 4042 Nam
1795 3987 1896 4042 bo-

306 4101 411 4141 nus
441 4092 546 4152 est,
587 4083 906 4154 quicunque
940 4081 1096 4146 vult;
1131 4091 1185 4136 ct
1214 4081 1307 4152 qui
1339 4080 1476 4143 vult,
1501 4078 1702 4135 malus.

1059 4171 1178 4227 XV.

378 4267 947 4324 Admonetlsocrates
996 4265 1273 4320 sententia
1323 4265 1563 4336 quadam
1593 4281 1716 4330 sua,
1762 4266 1902 4322 dan-

306 4363 438 4417 dum
465 4375 711 4430 operam,
753 4368 814 4413 ut
848 4357 1109 4412 omnibus
1147 4355 1454 4426 jucundum
1485 4367 1537 4412 te
1602 4358 1847 4428 pra-.beas
1882 4375 1899 4425 ;

1998 3254 2260 3324 πονηρόν.
2325 3253 2448 3308 Ἐπ’
2493 3258 2724 3326 ἀγαθοῖς
2781 3260 2891 3331 γὰρ
2952 3259 3138 3330 ἔργοις
3203 3259 3581 3331 ἑπλάσθημεν.

1997 3346 2298 3412 Κάκιστον,
2331 3351 2641 3420 ποιήσαντα
2691 3351 2923 3420 φαῦλον,
2971 3353 3289 3409 ἀνατιθέναι
3336 3355 3445 3408 τινὶ
3484 3353 3584 3426 τὴν

1997 3439 2206 3509 μέμψιν
2236 3442 2554 3510 ἐπιχειρεῖν.
2579 3443 2754 3525 Τοῦτο
2775 3445 2835 3499 τὸ
2861 3445 3037 3500 κακδν
3064 3447 3191 3511 τοὺς
3216 3447 3578 3518 προπάτορας

1999 3529 2200 3600 μᾶλλον
2232 3529 2487 3601 ἔϐλαψεν,
2519 3532 2549 3602 ἢ
2583 3534 2644 3586 τὸ
2673 3536 2774 3604 τὴν
2807 3537 2985 3607 ἀρχὴν
3024 3538 3376 3608 παραδῆναι’
3412 3539 3488 3608 μὴ
3520 3538 3589 3610 δὴ

1998 3623 2155 3690 κακῷ
2181 3624 2243 3676 τὸ
2273 3624 2466 3688 κακὸν,
2497 3624 2683 3693 φασιν,
2703 3624 2896 3694 ῶσπερ
2919 3626 3234 3700 ἐξεπίτηδες
3267 3629 3328 3681 τὸ
3350 3627 3590 3699 βλάπτον

1997 3715 2086 3768 ἀεὶ
2123 3715 2554 3785 προσαύξοντεςο
2593 3715 2711 3769 ἀλλ’
2740 3716 2773 3788 ἢ
2807 3717 3055 3788 ποιῶμεν
3086 3720 3411 3793 τάγαθὸν,ῆ
3452 3721 3588 3790 γοῦν

1998 3804 2060 3858 τὸ
2093 3807 2266 3860 κακὸν
2294 3807 2682 3877 ἐργαζόμενοι,
2710 3810 2847 3879 ἡμῖν
2872 3811 3060 3873 αὐτοῖς
3103 3812 3236 3866 αὐτὸ
3271 3814 3590 3884 περιάπτω-

2004 3916 2127 3968 μεν.
2159 3898 2338 3964 Καλὸς
2367 3899 2476 3973 γὰρ
2518 3899 2664 3966 ἄπας
2691 3902 2719 3954 ὁ
2747 3900 2940 3958 θέλωψ
2975 3904 3070 3957 καὶ
3097 3907 3269 3970 κακός
3307 3921 3370 3974 γε
3402 3908 3430 3959 ὁ
3459 3905 3590 3976 βου-

1999 3991 2250 4062 λόμενος.

2752 4175 2851 4232 ΙΕ’.

2086 4263 2408 4337 Ἰσοκράτης
2437 4265 2621 4323 δίδωσι
2653 4269 2905 4341 γνώμην,
2943 4269 3090 4342 ἔχειν
3120 4271 3220 4342 μὲν
3252 4272 3422 4344 ἡδέως
3453 4273 3595 4344 πρὸς

2003 4355 2258 4421 ἅπαντας
2287 4360 2662 4430 παραινοῦσαν
2685 4379 2698 4394 ·
2734 4364 2976 4434 χρῆσθαι
3016 4365 3072 4419 δὲ
3115 4367 3231 4429 τοῖς
3266 4361 3590 4437 βελτίστοις.

309 4452 613 4523 atOptimis
639 4451 930 4506 utendum.
959 4448 1032 4504 Ea
1053 4465 1178 4504 cum
1221 4449 1380 4504 laude
1411 4450 1574 4520 digna
1628 4454 1887 4508 sententia

2010 4451 2100 4502 Δεῖ
2129 4450 2195 4520 δὴ
2226 4453 2328 4521 τῆς
2357 4452 2587 4522 γνώμης
2615 4453 2785 4524 οὔσης
2817 4457 3133 4526 ὲπαινετῆς,
3162 4459 3222 4511 οὑ
3258 4457 3368 4527 μήν
3398 4475 3462 4522 γε
3495 4462 3598 4531 ῥᾳ-

310 4549 402 4611 sit,
431 4560 619 4598 verum
651 4559 759 4597 non
799 4541 985 4596 itidem
1008 4541 1209 4604 facilis,
1239 4542 1376 4596 scita
1405 4545 1887 4599 conunonstranda

2007 4543 2147 4606 δίας,
2179 4546 2355 4616 σοφήν
2377 4545 2481 4598 τιν’
2533 4548 2851 4618 ἐπιστήμην
2902 4524 3280 4603 ἐνδείκνυσθαι
3323 4524 3464 4622 πρὸς

309 4648 395 4694 est
455 4638 616 4703 ratio,
672 4651 780 4705 qua
830 4635 1077 4706 praestari
1121 4634 1318 4704 possit.
1381 4633 1517 4688 Nam
1556 4649 1623 4693 Pe
1664 4637 1901 4705 quisque

311 4731 593 4787 meliorem
639 4729 920 4783 existimat
975 4727 1122 4792 aliis,
1177 4727 1514 4797 dignumque
1571 4737 1780 4793 censet,
1807 4729 1901 4799 qui

311 4823 550 4892 majores
586 4832 640 4877 et
667 4821 908 4876 honores
957 4828 1011 4874 et
1039 4835 1265 4874 munera
1297 4829 1697 4890 consequatur;
1735 4821 1902 4874 adeo-

312 4930 422 4984 que
474 4912 857 4967 difﬁcillimum
893 4911 1066 4976 factu,
1128 4921 1318 4980 gratus
1396 4922 1456 4966 ut
1493 4914 1753 4968 omnibus
1802 4914 1902 4967 ba-

313 5011 499 5062 beare.
542 5005 647 5060 Sed
670 5006 816 5059 enim
850 5013 1074 5059 strenue
1107 5004 1490 5071 laborandum,
1531 5006 1906 5076 expendenda

315 5099 583 5168 pecunia,
616 5098 942 5154 dexteritate
974 5095 1210 5167 quadam
1243 5097 1530 5160 utendum,
1570 5105 1628 5151 ut
1684 5099 1905 5168 egregie

313 5208 428 5246 rem
454 5198 703 5260 praestes.
731 5187 866 5243 Nam
886 5191 978 5259 qui
1001 5191 1239 5244 maxima
1264 5188 1514 5259 quaedam
1537 5191 1768 5260 appetit,
1795 5205 1902 5245 non

315 5292 525 5337 tzmtum
556 5281 819 5336 admirari
863 5297 1084 5350 causas,
1118 5284 1215 5337 sed
1247 5283 1380 5337 eniti
1441 5297 1664 5352 quoque
1719 5283 1902 5353 debet,

316 5386 374 5429 ut
397 5375 759 5445 adipiscatur.

1029 5465 1193 5538 pm.

383 5560 545 5618 Nunc
576 5560 629 5616 id
685 5560 977 5616 dicendum
1013 5563 1185 5627 venit,
1225 5564 1371 5624 quod
1407 5575 1460 5618 et
1495 5580 1592 5635 per
1632 5581 1693 5620 se
1753 5566 1905 5622 dictu

314 5658 612 5727 pulchrum
647 5669 754 5724 est,
789 5665 848 5713 et
885 5657 1128 5712 oratoris
1163 5659 1496 5714 sententiam
1537 5662 1900 5730 comprobat.

313 5749 846 5822 Neminidenegato.
874 5751 1077 5819 quibus
1097 5750 1214 5821 ipse
1261 5753 1566 5823 dignusest
1604 5769 1620 5818 ;
1665 5755 1760 5809 sed
1781 5764 1903 5809 esto

321 5846 604 5915 popularis
649 5859 778 5915 erga
830 5846 1146 5912 unlversos,
1183 5852 1347 5915 atque
1391 5845 1543 5901 aditu
1573 5845 1758 5903 facilis
1797 5865 1810 5915 ;
1849 5856 1908 5904 et

2011 4637 2228 4707 ἐκείνης
2268 4639 2642 4710 ἐκπλήρωσιν.
2675 4640 2862 4694 Οἴεται
2890 4643 3000 4714 γὰρ
3029 4643 3260 4707 ἕκαστος
3301 4641 3442 4698 εἶναι
3485 4647 3600 4699 τῶν

2011 4729 2190 4785 ἄλλων
2218 4731 2488 4802 ἀμείνων,
2519 4735 2615 4787 καὶ
2658 4734 2926 4804 μειζόνων
2959 4736 3105 4803 ἀξιοῖ
3143 4737 3324 4806 τιμῶν
3357 4744 3452 4790 καὶ
3489 4738 3600 4791 δώ-

2014 4839 2126 4892 ρων
2155 4824 2482 4893 τυγχάνεινο
2521 4826 2617 4880 καὶ
2643 4826 2854 4895 γίνεται
2891 4829 3247 4899 παγχάλεπον
3279 4830 3410 4901 ήδὺν
3442 4832 3604 4901 νομί-

2013 4915 2208 4980 ζεσθαι
2237 4919 2399 4971 πᾶσι.
2457 4919 2550 4970 Δεῖ
2593 4920 2777 4989 μέντοι
2830 4921 3016 4986 πόνοις
3064 4923 3451 4994 ἐγκαρτερεῖν,
3504 4927 3604 4979 καὶ

2014 5013 2276 5082 χρήματα
2322 5012 2664 5077 ἀναλίσκειν,
2699 5016 2795 5069 καὶ
2838 5015 3107 5087 δεξιότητι
3145 5019 3406 5090 χρῆσθαι,
3451 5022 3603 5084 ὅπως

2013 5105 2166 5158 τουτὶ
2217 5106 2599 5179 κατορθώσῃς.
2635 5107 2739 5160 Τὸν
2789 5111 2894 5179 γὰρ
2951 5112 3227 5179 μεγίστων
3274 5113 3488 5183 ἐρῶντα
3537 5116 3601 5166 οὐ

2013 5196 2120 5268 χρὴ
2147 5195 2456 5267 θαυμάζειν
2498 5201 2663 5270 μόνον
2708 5204 2778 5255 τά
2812 5202 2991 5269 αἴτια,
3035 5202 3172 5259 ἀλλά
3217 5205 3312 5259 καὶ
3365 5206 3604 5259 κτᾶσθαι

2015 5293 2366 5359 σπουδάζειν.

2753 5480 2873 5547 ις’.

2087 5569 2284 5625 Μέλλει
2325 5568 2420 5623 νῦν
2448 5571 2793 5641 είρήσεσθαι,
2833 5573 2862 5628 δ
2902 5575 2998 5628 καὶ
3044 5575 3170 5628 καθ’
3202 5575 3336 5628 αὐτὸ
3371 5575 3604 5648 ῥηθῆναι

2015 5663 2203 5729 καλὸν,
2259 5664 2356 5717 καὶ
2411 5665 2512 5735 τῆς
2560 5665 2657 5718 τοῦ
2695 5667 2927 5738 ῥήτορος
2977 5668 3210 5739 γνώμης
3255 5669 3603 5722 συστατικὸν·

2016 5755 2240 5827 Μηδένα
2271 5756 2381 5810 τῶν
2404 5757 2554 5830 αὐτῷ
2587 5761 2914 5828 πρεπόντων
2945 5761 3292 5833 ἀποστερεῖν,
3324 5761 3438 5815 ἀλλ’
3465 5757 3604 5816 εἶναι

2021 5847 2121 5916 μέν
2157 5863 2216 5900 σε
2267 5847 2407 5902 πᾶσι
2443 5847 2644 5918 κοινὸν,
2695 5846 2835 5905 εἶναι
2882 5851 2938 5905 δὲ
2986 5852 3312 5910 εὐπρόσιτον
3337 5868 3350 5883 ·
3384 5852 3602 5917 μεταδι-
