3950 6436
288 382 394 447 ἶ³29

1266 368 1682 440 ΡιιιιΕρΕινΤΑ
1724 336 2250 426 ΕΟΗΕᾸΤΙΟΝΙΒ
2292 355 2573 419 naeus.

3448 351 3553 414 3Ἶο

292 500 462 553 δόντα
503 497 601 567 μὲν
651 496 838 565 τιμῆς,
889 493 1246 565 μεταδιδόντα
1284 490 1341 543 δὲ
1370 486 1741 551 ἀστειότητος,
1782 479 1876 534 καὶ

1993 479 2248 524 honorem
2290 465 2628 535 impertiens,
2666 466 2720 517 et
2760 461 3126 517 urbanitatem
3176 452 3473 525 adhibens,
3502 472 3560 516 et

294 585 743 657 προσϐοηθοῦντα
792 587 958 640 πᾶσιν
1004 586 1081 649 ὡς
1120 583 1321 649 ἔξεστι.
1354 579 1466 634 Καὶ
1496 576 1698 645 δεῆσαν
1742 572 1875 625 ἀνα-

293 682 510 737 λίσκειν
566 679 710 749 ὑπὲρ
763 677 1093 748 ἀνθρώπων,
1143 674 1406 746 χαίροντα
1454 668 1615 722 τοῦτο
1671 665 1873 726 ποιεῖν,

304 772 459 833 ὅπως
506 769 936 840 μεγαλοψυχίας,
969 767 1087 821 ἀλλ’
1133 768 1235 820 οὐκ
1260 765 1504 831 ἀνάγκης
1518 755 1756 827 τοῦργον
1787 770 1870 808 νοο

301 862 539 933 μίζοιτο.
567 855 664 924 Οἷς
697 860 848 930 μέντ’
874 859 942 914 ἂν
968 860 1131 921 αὐτὸς
1170 855 1398 927 ἡσθείης
1446 851 1614 905 ἓνεκά
1648 865 1745 901 σου
1773 863 1875 898 πε-

298 956 641 1025 πραγμένοις
694 953 799 1006 ὑπό
843 970 940 1007 του
994 952 1174 1020 φίλου,
1228 947 1439 1009 τούτοις
1468 943 1706 1015 χρῆσθαι
1738 939 1876 1009 πρὸς

298 1044 425 1104 τοὺς
458 1043 704 1113 ἑτέρους.
732 1040 890 1094 Οὕτω
921 1040 1124 1111 πολλὴν
1155 1040 1231 1102 ὼς
1267 1037 1525 1108 μάλιστα,
1575 1033 1671 1088 καὶ
1700 1030 1877 1100 καλὴν

299 1137 400 1206 οὐχ
427 1135 630 1204 ἥκιστα
665 1133 880 1203 σεαυτῷ
910 1131 1097 1201 φιλίαν
1126 1128 1549 1198 ὲπισωρεύσεις.

1041 1224 1140 1278 1Ζ’.

388 1317 608 1386 Ἀμέλει
659 1332 723 1382 γε
777 1315 1001 1368 κάκεῖνο
1055 1314 1206 1367 δοκεῖ
1257 1311 1580 1381 συμὸαίνειν
1628 1307 1758 1379 τῇδε
1808 1310 1877 1378 τῇ

302 1411 518 1480 γνώμη.
551 1409 675 1477 Χρὴ
696 1408 825 1477 γὰρ,
850 1403 1028 1476 οῐμαι,
1061 1406 1186 1471 τοὺς
1208 1403 1611 1474 παραινοῦντας
1635 1401 1878 1454 συνοῖσον

298 1502 461 1570 ἔργον
486 1500 853 1565 ἀσπάζεσθαι,
897 1498 1002 1552 κᾶν
1035 1492 1138 1553 ὦσι
1172 1496 1366 1565 φαῦλοι
1413 1498 1510 1566 τὴν
1539 1494 1733 1564 τύχην,
1772 1491 1879 1545 κᾶν

302 1592 617 1663 μηδαμόθεν
669 1610 751 1647 σοι
792 1592 1085 1663 γνώριμοι.
1139 1592 1242 1645 Ἦν
1281 1591 1338 1644 δέ
1378 1607 1465 1652 τις
1506 1587 1708 1657 βλάψον
1741 1602 1880 1656 συμ-

1979 561 2270 623 universis,
2331 566 2599 626 quantum
2647 562 2827 624 potes,
2881 568 3236 608 succurrens.
3274 555 3431 619 Quod
3482 554 3559 608 .si

1982 650 2268 705 hominum
2318 663 2491 702 causa
2542 645 2817 716 emganda
2851 646 3081 714 pecunia
3123 646 3310 713 fuerit,
3374 650 3477 705 hoc
3505 660 3561 705 et

1980 742 2137 798 laetus
2165 752 2217 797 et
2248 741 2441 795 hilaris
2484 738 2655 793 facies
2708 754 2722 791 :
2757 746 2816 790 ut
2863 752 3001 806 opus
3054 737 3232 806 ipsum
3273 743 3560 808 magnani-

1981 834 2211 899 mitatis,
2247 846 2356 888 non
2393 829 2698 888 coactionis
2730 828 3097 883 existimetur.
3138 829 3268 894 Quae
3292 833 3361 884 ab
3377 835 3557 887 amico

1982 935 2075 982 tna
2106 940 2273 981 causa
2318 923 2582 994 praestita,
2641 920 2910 990 voluptati
2944 921 3039 976 tibi
3077 920 3259 977 forent
3291 941 3305 979 :
3347 940 3411 979 ea
3474 926 3560 978 fac

1983 1019 2107 1073 aliis
2133 1018 2415 1073 exhibeas.
2454 1016 2544 1071 Sic
2572 1023 2626 1069 et
2652 1014 2889 1084 amplam
2928 1015 2982 1066 in
3018 1014 3210 1083 primis
3240 1032 3343 1072 nec
3378 1020 3561 1074 minus

1985 1110 2271 1164 honestam
2301 1109 2398 1163 tibi
2423 1105 2732 1163 cumulabis
2766 1104 3092 1160 amicitiam.

2687 1196 2851 1252 XVII.
3379 1251 3407 1259 ,,

2053 1295 2286 1351 Videtur
2309 1294 2513 1350 etillud
2546 1294 2613 1348 ad
2652 1294 2796 1350 hanc
2819 1301 2966 1349 certe
3007 1294 3284 1363 pertinere
3321 1277 3556 1349 senten-

1985 1387 2421 1457 tiam.Arbitro_r
2447 1390 2597 1441 enim
2652 1401 2771 1453 eos,
2826 1386 2921 1455 qni
2981 1402 3091 1440 rem
3152 1387 3560 1443 conducibilem

1985 1482 2258 1537 monendo
2280 1485 2605 1547 suggerunt,
2641 1478 3051 1546 amplectendos
3088 1495 3208 1534 esse
3237 1496 3254 1548 ;
3311 1483 3565 1550 quamvis

1982 1577 2220 1632 fortunae
2247 1575 2358 1628 sint
2386 1572 2567 1629 tenuis
2585 1572 2856 1635 homines,
2888 1574 3141 1643 quamvis
3196 1589 3264 1628 ex
3314 1590 3373 1630 re
3412 1576 3561 1629 nulla

302 1687 533 1756 ϐουλεύῃ
566 1703 638 1750 τι,
685 1687 733 1740 εί
768 1686 868 1753 μὲν
905 1684 979 1747 ὡς
1011 1683 1320 1748 ἐξαπατῶν,
1359 1680 1430 1734 τὰ
1471 1681 1582 1733 τῶν
1614 1679 1879 1749 ἐχθίστων

1993 1671 2085 1726 tibi
2112 1671 2252 1724 noti.
2282 1668 2378 1723 Sin
2405 1667 2530 1735 quis
2562 1668 2788 1723 noxium
2822 1667 3106 1737 quidpiam
3142 1668 3240 1722 tibi
3291 1670 3564 1728 consulet.

302 1735 1215 1847 Vativwﬁvvotav,
1270 1735 1458 1834 εὐνους
1502 1770 1601 1836 ὢν,
1645 1735 1748 1839 ’τῆς
1782 1770 1882 1839 μὲν

1993 1761 2035 1814 si
2091 1760 2314 1830 quidem
2376 1768 2437 1813 ut
2503 1756 2762 1827 decipiat,
2822 1735 3001 1814 bustis
3058 1761 3266 1814 atrocis
3327 1758 3563 1815 cilicium

303 1869 514 1936 ἀγαθῆς
540 1867 912 1937 προαιρέσεως
941 1866 1273 1938 ἐπαινείσθω
1306 1858 1502 1936 (ταύτῃ
1531 1863 1624 1914 καὶ
1654 1862 1724 1914 τά
1751 1859 1883 1931 παρ’

302 1957 462 2028 ἡμῶν
493 1958 628 2027 πρὸς
688 1957 821 2010 Θεὸν
864 1954 1135 2027 κρίνεται)
1163 1971 1176 1985 ·
1205 1954 1308 2025 τῆς
1351 1953 1397 2004 δ’
1452 1952 1707 2023 εὐηθείας
1742 1951 1883 2019 μήτε

307 2049 719 2115 ὲξουθενείσθω,
768 2050 908 2120 μήτε
951 2047 1321 2117 ὲπιτιμάσθω.
1366 2046 1503 2099 Οὐδὲ
1553 2046 1662 2115 γὰρ
1695 2046 1722 2095 ὁ
1749 2043 1885 2104 Θεὸς

274 2143 511 2214 “κρινῶν
565 2141 1221 2211 καθεδεῖται,έάνοήτους
1287 2137 1382 2191 καὶ
1436 2134 1886 2207 μελαγχολῶντας

310 2236 409 2289 ἀνθ
417 2236 647 2306 ρώπους.
1674 2220 1681 2229 “

1033 2405 1145 2460 Ill'.

381 2503 512 2558 Νυν.
542 2483 625 2556 σοι
656 2502 808 2556 τόνδε
832 2500 925 2554 τὸν
962 2497 1166 2570 τρόπον
1193 2497 1243 2550 oi
1270 2495 1379 2549 τῶν
1410 2493 1625 2565 ἀνδρῶν
1668 2491 1888 2562 ἄριστοί

305 2613 367 2649 τε
402 2596 496 2648 καὶ
522 2595 810 2666 χρήσιμοι,
865 2592 963 2646 καὶ
999 2592 1050 2645 οἱ
1100 2588 1307 2643 τούτων
1353 2588 1608 2651 ἐναντίοι,
1658 2585 1889 2654 γένοιντ’

309 2688 398 2754 ἂν,
424 2683 595 2758 οἶμαι,
636 2670 993 2755 καταφανεῖς,
1028 2684 1167 2752 ὅπερ
1207 2681 1483 2751 ὠφέλιμον
1515 2679 1745 2750 ἄρχουσι
1785 2678 1889 2746 μά-

310 2781 471 2834 λιστα
507 2781 729 2834 πάντων
764 2777 903 2833 ὲστί.
934 2775 1259 2841 Διεξετάσας
1294 2775 1390 2837 τὰς
1419 2773 1623 2825 τούτων
1649 2772 1886 2858 σχέσεις,

313 2877 412 2939 τὰς
446 2874 584 2943 πρὸς
610 2871 670 2925 τὸ
694 2872 868 2935 Θεῖον,
894 2871 993 2933 τὰς
1015 2870 1155 2941 πρὸς
1176 2869 1265 2922 τὸν
1296 2867 1432 2940 βίον,
1466 2868 1567 2930 τὰς
1604 2866 1739 2935 πρὸς
1762 2866 1889 2928 τοὺς

314 2967 525 3033 φίλους,
566 2966 666 3029 τὰς
698 2966 778 3028 εἰς
811 2966 942 3027 τούς
985 2963 1110 3018 καθ’
1145 2956 1288 3030 αἷμα
1336 2962 1740 3032 προσήκοντας,
1788 2957 1887 3012 καὶ

1988 1853 2120 1908 facit
2160 1869 2175 1907 :
2207 1853 2292 1907 sin.
2324 1866 2420 1922 per
2452 1851 2878 1922 ignorationem,
2915 1855 3210 1922 ctetemqui
3238 1854 3565 1914 benevolus,

1988 1941 2256 2011 propositi
2290 1941 2421 1997 boni
2445 1943 2672 1998 nomine
2702 1942 2964 1999 laudetur
3001 1943 3150 2015 (nam
3181 1960 3248 1999 ex
3278 1960 3344 2000 eo
3375 1954 3566 2001 nostra

1988 2046 2209 2103 quoque
2241 2032 2384 2088 Deus
2411 2034 2696 2104 aestimat),
2730 2037 2802 2092 ob
2824 2037 3102 2093 incautam
3140 2051 3271 2090 vero
3303 2035 3569 2107 simplici-

1989 2134 2157 2180 tatem
2233 2140 2337 2180 nec
2372 2130 2712 2198 contemptui
2770 2131 2863 2195 sit,
2921 2144 3027 2184 nec
3110 2129 3565 2198 reprehendatur.

1988 2217 2201 2287 Quippe
2226 2231 2295 2272 ne
2322 2216 2468 2273 Deus
2502 2219 2722 2288 quidem
2759 2235 2861 2291 pro
2915 2219 3173 2276 tribunali
3234 2219 3470 2286 sedebit,
3509 2231 3569 2274 ut

1990 2308 2059 2364 de
2080 2307 2266 2364 stultis
2292 2315 2349 2363 et
2378 2309 2591 2365 insanis
2652 2312 2971 2368 hominibus
3010 2312 3354 2368 sententiam
3398 2311 3565 2367 ferat.

2676 2404 2861 2461 XVIII.

2053 2494 2127 2551 Et
2159 2498 2261 2552 hoc
2284 2499 2505 2568 quidem
2533 2500 2692 2553 modo
2723 2500 2872 2555 viros
2907 2509 3016 2555 tam
3044 2499 3281 2569 optimos
3306 2508 3360 2556 et
3379 2500 3567 2566 utiles,

1991 2601 2153 2655 quam
2175 2601 2365 2643 eorum
2390 2588 2713 2655 dissimiles,
2751 2590 3025 2647 luculente
3041 2593 3176 2645 satis
3204 2598 3289 2660 (ut
3314 2592 3567 2658 equidem

1990 2680 2274 2748 arbitror)’
2309 2697 2572 2751 agnosces
2625 2701 2638 2735 :
2692 2684 2838 2751 quod
2890 2682 3238 2752 principibus
3313 2683 3449 2737 viris
3508 2683 3567 2736 in

1991 2771 2190 2841 primis
2221 2782 2305 2827 est
2334 2774 2483 2829 utile.
2536 2772 2745 2844 Nempe
2796 2790 2920 2830 eum
2995 2775 3397 2844 exploraveris,
3457 2790 3568 2843 quo

1993 2874 2150 2932 pacto
2172 2867 2281 2919 sint
2311 2881 2442 2934 erga
2474 2866 2643 2923 Deum
2674 2867 2876 2931 allecti,
2906 2884 3017 2938 quo
3044 2876 3204 2937 pacto
3247 2877 3591 2937 comparata.

1990 2957 2236 3026 ipsorum
2271 2959 2402 3020 vita,
2443 2975 2553 3029 quo
2612 2970 2771 3030 pacto
2800 2976 2858 3017 se
2902 2969 3100 3032 gerant
3145 2976 3275 3030 erga
3335 2962 3567 3025 amicos,
3669 2994 3679 3005 -

313 3062 399 3122 είς
426 3060 549 3122 τοὺς
578 3058 800 3120 πολίτας
826 3058 923 3110 καὶ
955 3053 1159 3120 ξένους,
1197 3053 1292 3106 καὶ
1319 3053 1393 3116 ὡς
1417 3053 1605 3115 αὐτοῖς
1635 3068 1697 3119 γε
1731 3051 1883 3118 σφίσι

1993 3066 2118 3122 erga
2144 3054 2669 3123 sanguinejunetos,
2701 3070 2828 3125 erga
2856 3056 3005 3111 cives
3032 3066 3087 3108 et
3114 3064 3430 3120 extraneos,
3459 3071 3570 3123 quo

306 3153 381 3205 τὰ
408 3154 530 3207 καθ’
551 3153 744 3215 αὐτοὺς
771 3151 1116 3222 ᾠκονόμητο,
1148 3149 1245 3203 καὶ
1292 3147 1403 3200 τίσι
1440 3146 1540 3216 μὲν
1572 3145 1878 3216 χαίρουσιν,

306 3245 395 3313 ἐφ’
423 3240 505 3308 οἷς
533 3245 591 3298 δὲ
613 3244 967 3314 ἁσχάλλουσι,
1011 3242 1112 3308 τὰς
1158 3240 1323 3296 τῶνδε
1369 3240 1567 3310 φύσεις
1603 3239 1881 3311 εὑρήσεις.

312 3336 426 3395 Καί
457 3353 546 3407 μοι
584 3337 786 3407 μηδένα
826 3337 1085 3406 μισήσας,
1121 3334 1248 3395 τοὺς
1285 3332 1578 3404 φιλητέους
1610 3331 1879 3400 φιλήσει;’

313 3428 412 3481 καὶ
440 3426 721 3498 χρώμενος
755 3423 835 3491 οἷς
866 3426 1112 3496 ἄμεινον,
1161 3425 1262 3478 οὐκ
1295 3424 1597 3493 ἀμελήσεις
1635 3422 1744 3473 τῶν
1789 3419 1884 3474 ἀλ-

313 3520 445 3572 λων.
482 3516 639 3579 Οὕτω
668 3520 761 3572 καὶ
798 3517 1042 3588 κοσμίως
1071 3515 1346 3585 φιλήσεις,
1379 3513 1478 3581 καὶ
1501 3514 1558 3565 ὲν
1593 3512 1670 3580 τῷ
1708 3511 1886 3581 φιλεῖν

312 3612 413 3665 καὶ
445 3610 718 3681 φιλεῖσθαι
761 3609 1063 3679 διαμενεῖς.
1107 3607 1168 3660 '0
1201 3607 1311 3677 γὰρ
1344 3604 1584 3675 εὐχερῶς
1617 3606 1886 3658 συναπτό-

314 3719 481 3773 μενος
511 3703 905 3774 εὐχερέστερον
958 3699 1248 3754 διίσταται.
1305 3697 1479 3752 Τοῦτο
1525 3689 1581 3749 δὲ
1621 3695 1885 3766 φευκτέον

312 3797 445 3853 νοῦν
471 3798 706 3869 ἔχουσιν.

1055 3885 1163 3940 ῙΘ¹.

399 3983 459 4039 '0
496 3983 594 4054 μὲν
629 3980 819 4054 μηδενὶ
854 3977 1128 4033 πιστεύων
1159 3976 1360 4049 ῥᾳδίως
1384 3976 1451 4032 ἀν
1473 3976 1703 4031 αὐτόθεν
1725 3976 1885 4030 αὐτὸν

314 4076 544 4132 ὀλέσειε·
599 4073 802 4136 πάντες
860 4070 970 4142 γὰρ
1018 4070 1264 4141 ἀλλήλων
1302 4067 1569 4138 δεόμεθα,
1603 4071 1651 4122 εί
1699 4067 1887 4137 μέλλει

317 4168 635 4238 διαρκέσειν
680 4166 815 4239 ημῖν
858 4163 922 4216 τὸ
971 4162 1091 4233 ζῇνο
1120 4163 1183 4214 τὸ
1228 4161 1369 4216 πᾶσι
1397 4159 1444 4212 δ’
1497 4159 1565 4213 αὐ
1607 4159 1886 4213 πιστεύειν

314 4261 585 4333 ὀλέθριον,
608 4259 709 4313 οὐκ
736 4257 798 4311 δν
816 4257 1041 4310 δυνατὸν
1062 4254 1368 4325 ἀφεστάναι
1390 4256 1490 4324 τὴν
1515 4251 1884 4306 κακίαντοῦδε

316 4353 416 4408 τοῦ
444 4352 583 4423 βίον.
631 4348 848 4406 Οὐκοῦν
896 4346 1177 4402 ἀπόλωλεν
1223 4346 1389 4411 ἅπας,
1435 4346 1464 4397 ὁ
1505 4345 1642 4397 πᾶσί
1686 4361 1746 4396 τε
1791 4361 1884 4398 πι-

319 4446 552 4512 στεύων,
601 4445 709 4498 καὶ
747 4442 960 4513 μηδενί.
1020 4441 1239 4495 Ὀντοιν
1264 4438 1322 4492 δὲ
1351 4439 1498 4491 δυοῖν
1538 4438 1881 4507 θανασίμοιν,

316 4544 373 4594 εί
401 4539 705 4607 ἀναγκαίαν
734 4535 857 4605 θείη
879 4551 963 4598 τις
989 4532 1221 4587 τουτωνὶ
1245 4530 1348 4602 τὴν
1376 4529 1611 4599 αἵρεσιν,
1633 4533 1888 4599 κρεῖσσον

319 4631 515 4684 παθεῖν
546 4630 654 4682 ἀπὸ
685 4627 782 4681 τοῦ
828 4626 1078 4698 θαρρεῖν,
1118 4625 1153 4694 ἢ
1186 4623 1288 4694 τοῦ
1316 4621 1526 4684 πάντας
1556 4622 1887 4676 ὑποπτεύειν

321 4724 451 4794 ἑξῆς
483 4720 832 4794 ἀνθρώπους.
874 4720 1086 4773 Ἐκεῖνο
1131 4717 1241 4787 γὰρ
1291 4714 1595 4785 ἁπλότητος
1647 4714 1888 4784 ἀμέτρου

323 4817 640 4887 τεκμήριονο
678 4812 841 4868 τοῦτο
876 4810 935 4867 δὲ
961 4807 1407 4880 ὑπερϐαλλούσης
1456 4805 1722 4876 πονηρίας
1751 4804 1891 4858 ἀπό-

336 4904 487 4972 δειξις
513 4906 752 4976 ἐναργής
777 4921 793 4936 ·
826 4904 923 4956 καὶ
968 4900 1236 4970 πονηρίας
1279 4899 1341 4952 τὸ
1384 4897 1676 4963 πολλοστὸν
1706 4898 1890 4951 πᾶσαν

326 4997 579 5065 ἀφέλειαν
636 4999 789 5051 κάτω
838 4995 1056 5064 τίθησιν
1110 4978 1411 5045 ἕνεκατοῦ
1460 4988 1756 5059 βλαὸεροῦ,
1790 4991 1890 5053 τὴν

322 5089 558 5157 ἅμιλλαν
614 5087 1001 5158 ἐργαζόμενον.
1036 5082 1220 5146 Ὀλως
1261 5080 1318 5133 δὲ
1362 5078 1596 5132 ἐνταῦθα
1630 5080 1690 5131 τὸ
1721 5081 1891 5132 κακὸν

318 5182 388 5250 τῇ
426 5179 525 5249 μὲν
553 5180 819 5247 ἁπλότητι
854 5176 943 5229 διὰ
971 5176 1071 5245 τὴν
1099 5171 1429 5244 ὑπερϐολὴν,
1480 5172 1539 5224 οὐ
1570 5171 1671 5241 τὴν
1702 5171 1888 5240 φύσιν,

319 5274 388 5342 τῇ
424 5272 480 5324 δὲ
508 5270 748 5346 πονηρία
780 5267 902 5321 κατ’
931 5268 1118 5337 ἄμφω.
1202 5292 1213 5295 -

1065 5462 1154 5518 ις’.

403 5560 728 5629 ’Υποψόγιιεν
765 5557 1127 5624 δεδειγμένων
1159 5551 1266 5604 τῶν
1314 5550 1447 5621 περὶ
1490 5552 1590 5620 τῆς
1625 5549 1760 5619 πρὸς
1795 5549 1891 5601 ἀλ-

318 5654 514 5724 λήλους
542 5656 777 5713 πίστεως
805 5651 1146 5719 ἀκροτήτων,
1172 5646 1290 5698 δέον
1322 5644 1383 5697 ὃν
1430 5645 1606 5713 μέσην
1635 5643 1852 5712 βαδίσαι
1874 5658 1890 5673 °

317 5745 465 5813 λέγω
489 5745 554 5814 δὴ
590 5744 703 5796 τισὶ
747 5741 1046 5805 πιστεύειν,
1082 5741 1177 5793 καὶ
1208 5738 1353 5791 τισὶν
1390 5738 1643 5789 ἀπιστεῖν
1685 5738 1776 5790 τὸν
1811 5739 1885 5811 μὴ

319 5836 534 5911 θατέρῳ
555 5835 663 5887 τῶν
693 5832 878 5885 κακῶν
911 5831 1386 5901 διαφθαρήσεσθαι
1411 5828 1697 5899 μέλλοντα·
1732 5831 1881 5891 ὅπως

599 5932 868 5995 ΡΑΤιιοι..
906 5932 1027 5993 (in.
1067 5927 1245 5991 CLVI

1915 4405 1962 4461 ι)

1987 3156 2145 3214 pacto
2163 3162 2249 3203 res
2272 3148 2378 3217 ipsi
2393 3163 2526 3204 suas
2552 3147 3141 3213 administraverint,et
3161 3148 3365 3219 quibus
3381 3148 3573 3205 oblec-

1988 3247 2195 3303 tentur,
2212 3256 2240 3293 a
2258 3242 2458 3311 quibus
2475 3242 2839 3297 abhorreant:
2859 3250 2972 3305 tum
2994 3257 3121 3296 vero
3136 3250 3363 3297 naturas
3379 3256 3570 3298 eorum

1987 3331 2702 3402 deprehendesJJiligendos
2717 3334 2931 3404 diliges,
2948 3334 3222 3390 neminem
3241 3336 3368 3391 odio
3386 3350 3572 3405 prosc-

1987 3439 2163 3492 qucns
2200 3426 2432 3482 :etillis
2462 3439 2642 3490 utens,
2669 3428 2871 3498 quibus
2929 3427 3009 3481 uti
3056 3436 3299 3497 praestat,
3344 3435 3573 3483 caeteros

1987 3533 2098 3573 non
2116 3519 2374 3589 negliges.
2424 3520 2516 3575 Sic
2555 3530 2608 3576 et
2640 3521 2743 3581 rite
2788 3520 3002 3590 diliges,
3029 3529 3085 3576 et
3140 3528 3407 3590 perpetuo
3454 3530 3573 3577 tum

1988 3607 2108 3678 ipse
2130 3609 2340 3680 diliges,
2375 3620 2490 3667 tum
2534 3612 2807 3683 diligeris.
2857 3612 2997 3668 Nam
3032 3612 3150 3682 'qni
3200 3614 3358 3669 alteri
3413 3612 3573 3669 facile
3667 3668 3671 3673 .

1984 3699 2257 3770 jungitur,
2283 3700 2505 3758 facilius
2528 3703 2598 3757 ab
2618 3704 2810 3758 eodem
2842 3718 2904 3758 se
2925 3703 3215 3776 disiungit.
3245 3687 3571 3776 uocantem

1988 3791 2277 3847 vitandum
2314 3805 2500 3863 mente
2530 3794 2803 3860 praeditis.

2716 3885 2865 3942 XIX.
2958 3940 2967 3947 ,

2058 3980 2297 4036 Libitum
2323 3980 2412 4036 cui
2442 3979 2627 4048 fuerit,
2654 3981 2857 4045 habere
2891 3981 3095 4036 nemini
3125 3980 3306 4048 fidem,
3341 3982 3387 4038 is
3414 3980 3574 4038 facile

1987 4072 2229 4141 seipsum
2264 4073 2366 4127 hoc
2414 4080 2575 4143 pacto
2626 4072 2949 4143 perdiderit,
3001 4071 3134 4126 Nam
3171 4073 3400 4128 omnino
3432 4074 3576 4129 iudi-

1988 4179 2177 4233 gemus
2200 4162 2338 4218 alter
2365 4163 2617 4230 alterius,
2646 4164 2693 4219 si
2717 4166 2886 4220 vitam
2915 4164 3226 4219 incolnmen
3252 4166 3412 4221 nobis
3452 4180 3575 4220 esse

1987 4251 2572 4313 volumus.Ediverso
2626 4256 2785 4311 fidem
2810 4257 3066 4312 omnibus
3120 4257 3400 4325 adhibere,
3449 4275 3575 4328 per-

1989 4348 2259 4404 niciosum
2284 4358 2390 4414 est,
2439 4364 2567 4403 cum
2633 4349 2752 4405 fieri
2800 4357 3060 4421 nequeat,
3115 4358 3175 4405 ut
3200 4350 3269 4406 ab
3326 4352 3430 4407 hac
3464 4353 3574 4407 vita

1989 4440 2315 4509 improbitas
2335 4441 2497 4496 absit.
2543 4439 2689 4496 Perit
2708 4458 2859 4511 ergo,
2896 4442 3148 4510 quisquis
3173 4443 3432 4500 omnibus
3456 4460 3579 4501 creo

1987 4533 2087 4596 dit,
2111 4540 2164 4588 et
2201 4534 2428 4588 nemini.
2470 4532 2609 4588 Cum
2641 4543 2821 4588 autem
2867 4543 3165 4603 utrumque
3206 4516 3284 4589 sit.
3323 4536 3570 4603 exitiale,

1989 4626 2038 4681 si
2087 4625 2400 4681 necessario
2453 4626 2526 4679 sit
2560 4624 2881 4709 eligendum
2939 4625 3287 4692 alterutrum,
3348 4637 3574 4695 praestat
3682 4635 3691 4641 '

1989 4716 2195 4787 aliquid
2221 4717 2292 4772 ob
2315 4716 2573 4772 ﬁduciam
2601 4717 2731 4785 pali,
2757 4730 2920 4786 quam
2971 4730 3164 4768 omnes
3206 4730 3433 4784 prorsus
3466 4717 3569 4771 ho-

1990 4811 2170 4865 mines
2210 4819 2496 4880 suspectos
2549 4805 3016 4871 habendoaNam
3068 4806 3203 4861 illud
3259 4807 3572 4865 immodica:

1991 4902 2362 4973 simplicitatis
2390 4912 2477 4957 est
2508 4901 2774 4956 indicium
2802 4917 2816 4964 ;
2851 4899 2955 4954 hoc
2989 4897 3212 4954 evidens
3236 4898 3419 4955 nimia:
3450 4918 3573 4970 pr.-.-

1990 4994 2176 5051 vitatis
2214 5001 2618 5064 argumentum.
2673 4991 2894 5045 Minima
2935 5004 3064 5044 vero
3112 4991 3397 5059 pravitatis
3445 5009 3571 5064 pars

1991 5101 2208 5142 omnem
2237 5086 2637 5154 simplicitatem
2668 5092 2911 5153 superat,
2943 5082 3081 5136 nihil
3131 5098 3236 5137 non
3261 5084 3443 5139 studio
3467 5102 3571 5140 no-

1993 5178 2150 5233 cendi
2178 5179 2429 5233 moliens.
2486 5176 2552 5230 Et
2574 5177 2798 5232 omnino
2840 5176 3037 5229 vitiosa
3086 5173 3410 5244 simplicitas
3463 5187 3569 5240 est,

1993 5284 2102 5324 non
2127 5279 2347 5337 natura,
2377 5271 2471 5327 sed
2499 5272 2628 5337 quia
2674 5267 2845 5321 nimia
2878 5266 3149 5335 :pravitas
3189 5278 3391 5335 autem,
3418 5278 3569 5326 utrae-

1995 5376 2104 5432 que
2158 5361 2225 5417 de
2262 5375 2449 5416 Causa.

2064 5445 2068 5449 ’
2688 5450 2805 5505 XX.

2066 5547 2123 5602 In
2144 5560 2205 5602 ea
2232 5546 2360 5613 fide,
2378 5559 2544 5614 quam
2582 5544 2716 5598 alter
2748 5542 3072 5599 adhibemus
3110 5543 3290 5607 alteri,
3320 5559 3445 5600 cum
3470 5558 3539 5601 ex
3568 5584 3571 5587 -

1994 5651 2168 5697 trema
2196 5639 2634 5694 demonstratum
2663 5637 2733 5690 sit
2760 5652 2879 5691 esse
2932 5638 3332 5704 vituperabilia,
3388 5637 3571 5691 media

1995 5733 2357 5789 incedendum
2394 5730 2481 5783 via
2512 5746 2525 5793 ;
2558 5730 2884 5798 quibusdam
2932 5730 3144 5783 scilicet
3177 5738 3236 5783 ut
3268 5727 3478 5796 credat,
3509 5740 3567 5783 et

1991 5824 2320 5896 quibusdam
2350 5840 2457 5877 non
2480 5824 2683 5885 etcdat,
2716 5822 2808 5891 qui
2842 5821 3107 5875 malorum
3156 5820 3416 5874 alterutro
3446 5833 3571 5874 cor-

3157 5916 3221 5975 11
