3950 6428
381 325 484 393 331

377 537 590 605 Quippe
621 537 666 591 si
699 536 858 592 bonis
882 536 1043 592 ﬁdem
1077 552 1187 594 non
1220 538 1498 604 habueris,
1544 544 1767 597 omnino
1797 545 1959 601 malis

377 629 592 695 credes,
625 644 749 684 cum
786 644 1012 686 necesse
1056 630 1148 696 sit,
1181 632 1455 702 aliquibus
1503 634 1766 689 credere:
1822 648 1960 691 ροη-

377 733 594 792 traque,
629 737 794 794 quam
830 725 944 779 lieri
975 739 1074 792 par
1095 733 1233 791 erat,
1268 735 1364 780 aut
1393 727 1659 792 dilIidens,
1709 738 1803 783 aut
1836 744 1958 784 cre-

373 818 529 882 dens,
557 819 757 889 quibus
787 834 900 873 non
953 819 1190 874 debebas
1217 839 1230 885 ;
1271 820 1450 875 facile
1480 823 1869 891 corrumperis,
1903 832 1958 877 et

372 911 596 981 gravius
642 911 888 983 quidem,
951 926 1116 982 quam
1176 912 1414 980 cogitare
1479 914 1680 982 possis.
1741 914 1956 968 Etenim

372 1004 546 1059 farina
579 1004 648 1059 de
683 1003 982 1068 frumento,
1013 1003 1229 1061 duobus
1279 1007 1626 1059 comminuto
1659 1007 1952 1074 lapidibus,

370 1097 644 1151 edicitur:
679 1096 876 1149 horum
909 1109 1058 1160 vero,
1098 1109 1206 1148 non
1267 1094 1445 1149 dicam
1492 1097 1799 1159 amborum,
1858 1096 1955 1150 sed

369 1186 693 1243 alterutrius
723 1200 971 1240 seorsum
1033 1187 1172 1239 mira
1206 1185 1468 1255 perdendi
1499 1186 1582 1240 vis
1607 1197 1713 1239 est.

1074 1275 1214 1331 XXI.

435 1370 677 1426 Omnino
707 1371 808 1426 tibi
842 1379 1029 1424 certus
1058 1371 1268 1424 amicus
1300 1379 1404 1435 est,
1440 1370 1534 1440 qui
1585 1371 1859 1426 admissus
1897 1372 1950 1424 in

362 1467 676 1522 societatem
704 1481 886 1520 rerum
916 1466 1302 1535 gerendarum,
1352 1464 1644 1520 blanditias
1679 1465 1751 1527 ei,
1807 1464 1950 1532 quod

360 1559 604 1629 expedit,
639 1560 939 1628 postponit.
971 1558 1077 1624 Qui
1099 1574 1232 1614 vero
1259 1552 1451 1628 gratiae
1503 1559 1808 1629 captandaa,
1834 1573 1952 1626 quae

360 1655 434 1710 sit
470 1656 748 1717 nocitura,
783 1653 970 1719 servit,
1006 1653 1141 1708 nihil
1191 1654 1261 1708 ab
1313 1653 1439 1708 odio
1490 1653 1952 1724 persequentibus

273 1813 277 1818 _
361 1752 418 1799 et
441 1743 697 1799 hostibus
718 1742 1048 1813 ipsisdili‘ert
1067 1761 1080 1798 :
1102 1743 1368 1813 siquidem
1383 1745 1682 1796 nonetiam
1699 1745 1849 1812 pejor
1867 1750 1950 1794 est

368 1839 644 1900 hostibus,
720 1837 816 1906 qui
892 1838 1228 1892 assentando
1295 1836 1522 1905 decipit,
1601 1847 1949 1902 mentemque
1977 1817 2023 1874 η

361 1941 567 1987 tantam
602 1946 709 1985 non
733 1931 1056 1999 corrumpit.
1093 1929 1209 1984 lmo
1265 1938 1628 1999 praeterquam
1665 1928 1811 1998 quod
1849 1943 1945 1980 no-

356 2024 481 2078 xius
514 2033 620 2087 est,
654 2023 817 2076 etiam
854 2022 955 2076 hac
983 2023 1108 2077 illos
1141 2022 1193 2075 in
1248 2030 1402 2090 parte
1446 2029 1688 2090 supcrat.
1750 2019 1945 2075 llostes

353 2115 503 2170 enim
539 2115 757 2168 molesti
791 2122 923 2168 sunt
949 2114 1107 2168 nobis
1141 2121 1310 2183 atque
1349 2129 1565 2182 graves,
1605 2122 1659 2167 et
1711 2112 1947 2183 quisque

350 2207 434 2263 sic
467 2207 768 2277 comparati
802 2221 1016 2269 sumus,
1049 2215 1108 2259 ut
1144 2221 1202 2260 re
1234 2207 1542 2261 molestiam
1597 2206 1759 2260 nobis
1789 2205 1944 2260 exhi-

350 2301 516 2355 bente
549 2298 770 2353 liberari
799 2299 1106 2368 cupiamus.
1157 2297 1227 2353 At
1258 2300 1366 2361 hic,
1400 2300 1564 2352 etiam
1595 2314 1722 2353 cum
1761 2309 1943 2364 nocet,

344 2392 624 2463 iucundus
674 2407 794 2448 esse
840 2400 1088 2461 putatur,
1138 2391 1374 2459 ideoque
1421 2391 1607 2459 potius
1675 2405 1940 2454 antorem,

346 2501 514 2557 quam
547 2487 734 2539 odium
773 2484 979 2538 merevi
1006 2484 1246 2539 videtur.
1300 2481 1483 2538 llostis
1523 2494 1783 2552 praeterea
1827 2483 1940 2537 ﬁeri

345 2589 571 2650 potest;
596 2589 658 2634 ut
684 2577 1094 2639 reconcilietur,
1127 2571 1230 2632 nec
1253 2591 1319 2632 eo
1355 2578 1556 2642 minus,
1585 2586 1645 2631 ut
1701 2589 1945 2646 proster-

355 2681 525 2728 natur
553 2686 569 2725 :
599 2671 689 2726 hic
713 2683 866 2734 vero,
899 2684 1025 2723 cum
1046 2669 1262 2723 latitare
1310 2670 1507 2739 possit,
1536 2679 1691 2723 extra
1722 2685 1940 2724 onmem

350 2764 446 2818 teli
477 2762 688 2833 jactum
721 2761 995 2825 consistit,
1029 2769 1082 2814 et
1107 2759 1174 2814 ad
1214 2759 1462 2814 fraudem
1491 2777 1614 2817 sese
1646 2763 1937 2826 convertit,

347 2858 649 2912 absumens
683 2870 711 2909 a
739 2855 943 2924 quibus
974 2855 1163 2919 alitur,
1192 2863 1246 2908 et
1303 2855 1356 2908 in
1415 2855 1638 2910 eosdem
1704 2857 1944 2910 bellnino

345 2968 502 3008 more
517 2953 772 3008 saeviens.
791 2950 968 3020 Atque
986 2950 1090 3006 hoc
1113 2965 1248 3006 sane
1267 2953 1649 3020 gravissimum
1669 2962 1773 3012 est.
1795 2952 1940 3021 quod

349 3045 585 3101 fallendo
602 3044 878 3100 lucrifacit
903 3061 917 3111 ;
941 3043 1359 3108 lucrifaciendo,
1383 3046 1438 3098 in
1461 3044 1710 3098 fraudem
1735 3044 1938 3099 allicit:

341 3155 412 3199 ac
427 3138 654 3212 proinde
677 3140 880 3194 malum
898 3139 1062 3194 modo
1080 3155 1187 3194 non
1210 3139 1262 3194 in
1281 3139 1552 3193 inﬁnitum
1573 3139 1939 3209 progreditur.

1047 3230 1214 3287 XXII.

423 3328 499 3385 Ad
534 3327 705 3382 decus
755 3334 1036 3396 pratorum
1087 3325 1250 3381 ﬂores
1314 3326 1635 3396 pertinent:
1701 3326 1929 3390 coelum,

343 3419 548 3488 sidera,
586 3417 885 3489 principem
947 3417 1186 3472 studium
1220 3419 1463 3472 veritatis
1495 3427 1674 3472 ornat.
1726 3419 1804 3473 Ac
1845 3433 1934 3471 na-

262 3519 270 3524 "
341 3513 492 3567 vium
527 3511 751 3582 quidem
814 3511 983 3566 robur
1020 3510 1074 3563 in
1110 3511 1300 3564 carina
1352 3510 1608 3566 consistit
1643 3529 1657 3576 ;
1705 3511 1927 3576 aedium,

343 3607 400 3660 in
432 3605 791 3660 fundamento
819 3621 832 3658 :
862 3605 978 3670 ejus
1012 3610 1216 3667 autem,
1259 3603 1348 3656 cui
1374 3611 1639 3671 perpetuo
1665 3618 1811 3658 curae
1840 3618 1934 3671 po-

342 3699 599 3768 pulorum
624 3704 790 3751 estet
833 3694 1051 3750 urbium
1077 3695 1245 3758 salus,
1296 3695 1351 3749 in
1392 3696 1515 3762 hoc,
1553 3704 1611 3750 ut
1664 3697 1931 3767 quidquid

342 3791 596 3846 adnuerit
625 3788 824 3859 capite,
874 3788 957 3844 vel
987 3786 1122 3857 ipsis
1168 3797 1418 3844 servetur
1459 3789 1733 3856 hostibus,
1785 3791 1932 3859 quod

340 3883 669 3940 existimare
698 3881 916 3949 debeat,
949 3896 1019 3938 ne
1060 3883 1356 3938 vivendum
1396 3883 1617 3952 quidem
1656 3883 1782 3951 sibi,
1807 3885 1922 3939 vio-

339 3980 451 4034 lata
476 3978 600 4033 ﬁde.
620 3967 812 4032 ’νει-ιιι
842 3984 1025 4031 autem
1056 3990 1248 4045 reapse
1269 3978 1517 4045 ducetur,
1550 3993 1660 4031 non
1680 3978 1774 4047 qui
1804 3993 1930 4048 pro-

340 4069 639 4125 missorum
681 4067 1088 4138 praestationem
1139 4069 1414 4122 convertit
1438 4068 1492 4136 in
1519 4077 1815 4143 quaestum,
1873 4077 1932 4122 ut

338 4177 406 4216 ex
438 4176 502 4216 ca
531 4160 617 4216 vel
648 4161 754 4214 alat
810 4174 952 4224 sese,
1015 4160 1100 4214 vel
1161 4174 1294 4230 opes
1347 4171 1735 4232 consequatur.
1793 4162 1928 4217 Nam

339 4269 466 4310 cum
502 4253 625 4308 linis
652 4253 701 4307 ei
741 4253 1072 4323 propositus,
1114 4269 1225 4307 non
1291 4255 1406 4324 ipsa
1436 4269 1530 4324 per
1582 4272 1642 4310 se
1705 4258 1926 4332 veritas,

337 4348 433 4405 sed
468 4348 696 4417 pecunia
727 4349 835 4404 sit:
869 4349 947 4403 sic
981 4349 1070 4402 ubi
1108 4364 1299 4404 verum
1357 4351 1458 4404 sibi
1513 4365 1616 4406 non
1675 4351 1925 4406 futurum

339 4442 714 4496 emolumento
749 4446 1046 4511 putaverit,
1093 4458 1219 4498 mox
1255 4445 1486 4514 pedibus
1513 4445 1580 4500 ab
1610 4463 1674 4501 co
1704 4446 1929 4516 procul-

334 4541 533 4588 cantur
573 4535 755 4589 omnia
803 4545 960 4605 pacta
1021 4547 1308 4604 conventa,
1359 4553 1521 4593 omne
1565 4540 1920 4608 promissum,
1959 4541 2002 4596 ο

336 4626 760 4681 instrumentum
815 4642 999 4694 omne,
1059 4630 1326 4700 quidquid
1386 4640 1568 4686 actum
1629 4634 1918 4705 denique:

333 4720 498 4774 simul
530 4729 877 4775 sacramenta
937 4724 1180 4791 praestita
1238 4738 1338 4792 pro
1391 4725 1564 4780 nihilo
1611 4727 1917 4794 ducuntur,

332 4809 673 4880 etquidquid
698 4811 898 4866 animis
930 4822 1194 4867 terrorem
1226 4825 1376 4869 metu
1411 4817 1697 4888 religionis
1722 4821 1916 4890 injicit,

333 4909 540 4955 tantum
578 4917 647 4956 ne
682 4903 895 4972 jactura
928 4907 1171 4974 pecuniae
1204 4907 1313 4961 liat.
1368 4908 1560 4978 Itaque
1609 4926 1740 4966 vere
1775 4913 1917 4966 veri-

332 5001 502 5046 tatem
530 5007 721 5048 atnore
746 4997 1126 5064 prosequitur,
1151 5013 1260 5051 non
1287 4999 1380 5068 qui
1415 5001 1714 5056 liabeteam
1765 5018 1918 5073 quae-

330 5080 463 5147 stui,
493 5083 587 5136 sed
621 5083 714 5151 qui
741 5085 1110 5150 mendacium,
1169 5090 1454 5156 malitiam,
1503 5092 1747 5147 fraudem
1778 5093 1914 5159 odit,

330 5179 505 5228 utres
551 5173 679 5228 odio
741 5191 838 5246 per
866 5192 925 5234 se
978 5179 1195 5249 dignas.
1239 5180 1373 5235 Nam
1429 5184 1606 5250 ipsum
1669 5187 1913 5253 mentiri,

331 5262 669 5320 multiforme
699 5267 960 5336 quiddam
993 5280 1075 5325 est
1110 5289 1122 5325 :
1153 5280 1209 5327 et
1234 5283 1450 5343 oportet
1505 5291 1625 5340 eos,
1691 5279 1784 5348 qui
1845 5280 1913 5334 ab

330 5351 454 5423 ejus
490 5357 764 5413 immunes
795 5375 918 5416 esse
973 5364 1240 5419 varietate
1293 5370 1644 5438 versutiaque
1699 5373 1912 5443 volunt,

397 5722 522 5783 Non
555 5727 718 5787 aliter
750 5741 914 5804 atque
960 5733 1189 5804 ferrum,
1236 5739 1562 5810 rubiginem,
1594 5748 1826 5806 aemulus
1854 5762 1908 5806 et

327 5816 546 5878 invidus
571 5821 787 5882 animus
839 5827 1049 5898 odium,
1101 5829 1348 5891 fraudem
1375 5835 1592 5908 aliaque
1647 5839 1772 5896 talia
1821 5845 1903 5913 3i-

1532 328 1932 400 MANUELIS
1978 319 2424 409 PAL‘AZOLOGI

379 441 558 514 rumpi
591 441 924 501 nolit.Bonis
957 443 1116 500 ﬁdem
1163 443 1472 510 adhibebis,
1507 447 1706 504 vitabis
1760 450 1935 506 malos

2073 465 2390 528 πιστεύσεις
2436 468 2549 530 τοῖς

2583 467 2831 539 ἀγαθοῖς,
2877 475 3003 541 τοὺς
3035 483 3308 551 πονηροὺς
3347 483 3634 554 διαφυλατ-

2064 551 2317 620 τόμενος.
2364 558 2466 609 Ἢν
2505 559 2610 626 γὰρ
2643 561 2958 636 ἀπιστήσῃς
2996 571 3106 632 τοῖς
3139 573 3388 640 ἀγαθοῖς,
3421 551 3635 633 πιστεύ-

2065 664 2180 714 σεις
2216 652 2436 716 πάντως
2464 659 2577 720 τοῖς
2607 665 2888 732 πονηροῖς,
2931 665 3177 735 ἀνάγκης
3217 669 3382 741 οὔσης
3411 675 3521 728 τισὶ
3551 694 3636 729 πι-

2063 743 2298 799 στεύεινο
2319 749 2416 801 καὶ
2434 751 2662 820 ἐναλλὰξ
2681 756 2760 824 τῷ
2785 758 3048 826 πρέποντι
3075 761 3379 832 χρώμενος,
3397 766 3635 820 ἀπιστῶν

2060 854 2124 906 γε
2159 841 2252 894 κοιλ⁸
2297 844 2572 898 πιστεύων
2603 843 2684 910 οἷς
2715 849 2774 901 οὐ
2805 850 2945 917 δέον,
2980 853 3224 924 εὐχερῶς
3267 856 3634 934 διαφθαρήσῃ,

2060 935 2186 987 ὅσον
2219 935 2328 988 οὐδ’
2360 937 2738 1009 ἐνθυμηθῆναί
2773 961 2830 996 σε
2864 946 3070 1015 ῥᾴδιον
3103 949 3268 1018 πυροὶ
3295 951 3404 1022 γὰρ
3437 953 3634 1015 ἄλευρα

2060 1031 2320 1096 γίνονται,
2365 1031 2497 1098 δυσὶ
2538 1035 2907 1106 θρυπτόμενοι
2960 1040 3172 1104 λίθοις·
3215 1043 3392 1116 τούτῳ
3437 1046 3494 1099 δὲ
3540 1047 3632 1116 οὐχ

2058 1123 2206 1186 ὅπως
2241 1125 2434 1195 ἄμφω,
2466 1128 2602 1182 ἀλλά
2626 1132 2720 1183 καὶ
2741 1133 2912 1204 χωρὶς
2940 1133 3208 1205 ἑκάτερον
3233 1136 3418 1191 ὀλέσαι
3441 1138 3629 1195 δεινόν.

2780 1310 2907 1366 KA'.

2129 1393 2207 1450 Ἦ
2257 1416 2361 1453 που
2397 1400 2568 1468 ⁴φίλος
2619 1419 2698 1454 σοι
2755 1404 2956 1474 σαφὴς,
2984 1404 3045 1468 ὃς
3079 1407 3356 1461 κοινωνῶν
3401 1426 3484 1463 σοι
3525 1411 3634 1465 τῶν

2058 1492 2258 1562 ἔργων,
2293 1497 2525 1548 κατόπιν
2551 1497 2647 1549 τοῦ
2682 1500 3026 1563 συνοίσοντος
3064 1503 3175 1554 αίεὶ
3217 1503 3280 1555 τὸ
3323 1503 3514 1574 χάριεν
3553 1507 3631 1559 τί·

2058 1585 2235 1655 Οησιν.
2284 1589 2342 1640 Ὀ
2371 1590 2428 1642 δὲ
2464 1590 2602 1658 πρὸς
2647 1591 2809 1662 χάριν
2843 1593 3158 1663 βλάψουσαν
3188 1595 3630 1667 ὑπηρετούμενος

2060 1681 2366 1749 μισούντων
2397 1700 2456 1735 τε
2481 1685 2574 1736 καὶ
2611 1685 2888 1756 πολεμίων
2916 1687 3098 1741 αὐτῶν
3116 1689 3272 1742 οὐδὲν
3304 1689 3626 1761 διενήνοχεν,

2057 1774 2103 1824 εί
2138 1773 2213 1843 μὴ
2245 1777 2339 1826 καὶ
2371 1775 2498 1838 τοὺς
2531 1775 2763 1846 ἐχθροὺς
2793 1777 3128 1849 ὑπερήλασε,
3165 1779 3477 1843 κολακείαις
3501 1781 3630 1833 πλα-

2054 1867 2184 1947 νῷν,
2218 1869 2314 1920 καὶ
2362 1871 2650 1940 μονονουχὶ
2687 1871 2776 1922 τὸν
2807 1871 2932 1924 νοῦν
2965 1871 3388 1943 λυμαινόμενος.
3420 1875 3494 1926 Οὐ
3524 1875 3627 1943 μὴν

2049 1960 2185 2014 ἀλλά
2215 1963 2319 2013 κάν
2350 1963 2485 2033 τῷδε
2535 1964 2613 2033 τῷ
2651 1966 2811 2035 μέρει
2847 1966 3074 2020 ἐκείνων
3123 1967 3270 2038 μάλα
3320 1968 3630 2021 πλεονεκτεῖ

2049 2059 2186 2127 πρὸς
2216 2059 2293 2130 τῷ
2327 2060 2589 2129 βλαϐερὸς
2617 2059 2777 2116 εἶναι.
2821 2063 3048 2116 Ἐκεῖνοι
3075 2064 3184 2134 γὰρ
3211 2066 3346 2137 ἡμῖν
3371 2065 3624 2136 λυπηροὶ.

2049 2153 2144 2206 κοιλ⁵
2177 2154 2272 2206 τοῦ
2307 2154 2606 2217 λυποῦντος
2657 2155 3116 2221 ἀπαλλαίξείοντές
3154 2160 3321 2228 ὲσμεν
3364 2159 3624 2223 ἕκαστος’

2047 2247 2160 2299 est
2197 2247 2291 2300 καὶ
2324 2247 2581 2318 βλάπτων
2629 2248 2760 2317 ἡδὺς
2814 2249 3134 2318 νομίζεταν
3191 2253 3285 2303 καὶ
3335 2250 3425 2304 διὰ
3473 2250 3629 2306 τοῦτο

2049 2340 2302 2411 φιλητέος
2343 2359 2405 2409 γε
2437 2340 2701 2412 μᾶλλονῆ
2754 2344 3013 2410 μισητέος
3043 2343 3213 2399 δοκεῖ.
3251 2345 3361 2399 Καὶ
3395 2345 3484 2396 τὸν
3527 2346 3629 2415 μὲν

2047 2432 2243 2502 ἐχθρὸν
2292 2433 2386 2485 καὶ
2431 2432 2764 2496 καταλλάξσιι
2817 2433 3080 2500 δυνατὸν,
3137 2436 3231 2488 καὶ
3276 2437 3631 2503 κατενεγκεῖν

2046 2529 2147 2581 οὐκ
2179 2527 2441 2580 ἀδύνατον
2467 2544 2481 2559 ·
2514 2521 2671 2591 οὗτος
2705 2527 2763 2581 δὲ
2794 2528 3084 2584 λανθάνειν
3119 2529 3442 2600 δυνάμενος,
3463 2531 3632 2600 ἕστη-

2048 2639 2144 2674 κεν
2187 2622 2292 2687 ἔξω
2333 2621 2536 2690 βελῶν’
2571 2623 2709 2693 πρὸς
2755 2623 2811 2676 δὲ
2845 2624 2944 2693 τὴν
2975 2622 3195 2692 ἀπάτην
3226 2623 3629 2688 ἐπεκτείνεται,

2046 2713 2106 2778 ἐξ
2135 2708 2208 2765 ὧν
2236 2713 2497 2782 τρέφεται
2527 2712 2879 2783 λωϐώμενος.
2910 2716 3005 2767 καὶ
3035 2714 3158 2767 κατ’
3191 2714 3372 2767 αὐτῶν
3405 2713 3630 2782 θηριού-

2050 2824 2230 2877 μενος.
2275 2806 2384 2859 Καὶ
2415 2805 2574 2858 τοῦτὸ
2604 2807 2719 2857 ἐστι
2763 2807 2824 2857 τὸ
2877 2806 3023 2875 μάλα
3067 2808 3261 2874 δεινὸν,
3291 2807 3375 2860 ὅτι
3416 2808 3494 2876 τῷ
3527 2807 3629 2876 μὲν

2047 2899 2264 2968 ἀπατᾷν
2315 2897 2613 2967 κερδαίνει,
2642 2897 2720 2966 τῷ
2769 2897 2825 2950 δὲ
2873 2899 3183 2969 κερδαίνειν
3226 2898 3628 2970 παρακαλεῖται

2047 2991 2182 3060 πρὸς
2209 2989 2306 3059 τὴν
2335 2992 2552 3059 ἀπάτην
2572 3007 2587 3020 ο
2619 2990 2712 3042 καὶ
2742 2987 2930 3042 λοιπὸν
2959 2991 3045 3043 ἐπ’
3077 2983 3303 3060 ἄπειρον
3338 2995 3629 3062 μονονουχὶ

2044 3086 2105 3136 τὸ
2138 3083 2306 3137 κακὸν
2338 3084 2608 3152 πρόεισιν.

2767 3257 2887 3312 ΚΒ’.

2110 3354 2399 3425 Λειμῶνας
2433 3353 2532 3423 μὲν
2564 3351 2698 3423 ἄνθη
2739 3355 2938 3423 κοσμεῖ
2959 3369 2972 3384 ⁸
3004 3353 3097 3407 καὶ
3123 3352 3351 3423 οὐρανὸν
3377 3353 3629 3425 ἀστέρων

2039 3449 2193 3519 χοροί
2217 3467 2231 3481 ο
2269 3447 2328 3500 τὸ
2361 3446 2414 3499 δὲ
2452 3446 2746 3516 φιλάληθες
2773 3445 3033 3516 ἄρχοντα.
3069 3447 3180 3499 Καὶ
3219 3447 3414 3516 τρόπις
3452 3446 3553 3515 μὲν
3593 3448 3630 3517 ἠ

2037 3541 2266 3611 δύναμις
2307 3539 2471 3592 ναυσί
2499 3553 2528 3568 ο·
2566 3538 2662 3590 κα)⁵
2698 3537 2948 3606 θεμέλιος
2977 3539 3150 3600 οἴκοις
3173 3553 3189 3569 ο
3230 3531 3272 3605 ᾧ
3301 3537 3356 3590 δὲ
3400 3537 3631 3606 φροντίς

2039 3637 2186 3687 ἐστιν
2263 3632 2502 3704 ἀληκτος
2563 3630 2837 3694 σώζεσθαι
2905 3632 3073 3695 λαούς
3131 3648 3192 3685 τε
3260 3632 3355 3685 καὶ
3413 3632 3626 3700 πόλεις,

2038 3729 2119 3780 ὅτι
2167 3745 2262 3780 κεν
2293 3725 2504 3797 κειραλῇ
2559 3725 2895 3796 κατανεύσῃ,
2931 3727 3118 3780 πιστὸν
3147 3721 3285 3780 εἶναι
3323 3726 3413 3779 καὶ
3460 3726 3629 3779 πολε-

2040 3822 2208 3890 μίοις,
2239 3821 2477 3889 οἰομένῳ
2514 3818 2616 3871 οὐκ
2653 3819 2807 3883 ἀξιον
2842 3819 2994 3889 αύτῷ
3026 3819 3088 3872 τὸ
3130 3819 3230 3890 ζῇν
3269 3818 3627 3892 ψευσαμένῳ.

2050 3913 2280 3984 Ἀληθὴς
2328 3911 2374 3964 δ’
2414 3911 2586 3974 ὅντως
2635 3911 2919 3981 νομίζοιτο
2949 3913 3047 3982 οὐχ
3096 3915 3123 3966 ὁ
3170 3913 3493 3984 τάληθεύειν
3524 3916 3632 3985 ἑμ-

2038 4006 2263 4076 πορείαν
2322 4003 2684 4073 ποιούμενος,
2748 4004 2816 4067 ἵν’
2875 4005 2938 4056 ἐκ
2993 4005 3149 4059 τοῦδε
3209 4008 3470 4076 τρέφοιτο
3527 4009 3630 4062 καὶ

2035 4101 2265 4170 πλουτῇ.
2297 4099 2466 4162 Τέλος
2512 4099 2622 4167 γάρ
2673 4099 2732 4152 οὐ
2786 4099 2885 4170 τὴν
2933 4101 3198 4171 ἀλήθειαν
3250 4101 3378 4157 καθ’
3425 4102 3627 4174 αὐτὴν,

2034 4193 2168 4246 ἀλλὰ
2224 4191 2524 4261 τάργύριον
2577 4190 2776 4262 ἔχοντι,
2805 4193 2964 4258 δόξαν
3014 4194 3251 4264 τάληθὲς
3291 4197 3391 4250 οὐκ
3423 4197 3630 4266 ὠφέ-λο-

2037 4301 2156 4354 μον,
2191 4284 2685 4354 καταπεπάτηνται
2737 4285 2836 4353 μὲν
2887 4286 3051 4349 εὐθὺς
3094 4287 3172 4358 τῷ
3220 4289 3448 4360 τοιούτῳ
3493 4307 3631 4343 συν-

2034 4374 2201 4443 θῆκαι
2252 4378 2450 4442 πᾶσαι,
2505 4369 2613 4439 πᾶς
2669 4376 2849 4446 λόγος,
2896 4381 3009 4431 πᾶν
3061 4384 3466 4452 γραμματεῖον,
3508 4384 3626 4437 πᾶν

2033 4467 2214 4536 ἔργοψ
2239 4467 2762 4540 καταπεφρόνηνται
2793 4471 2847 4523 δὲ
2876 4470 3053 4540 ὅρκοι,
3077 4475 3170 4526 καὶ
3195 4474 3221 4526 ὅ
3243 4492 3296 4526 τι
3327 4492 3434 4545 περ
3463 4476 3624 4544 φρίτ-

2029 4576 2144 4613 τειν
2177 4562 2340 4626 ποιεῖ,
2368 4560 2511 4614 ὥστε
2549 4562 2711 4631 μόνον
2747 4563 2821 4634 μὴ
2847 4565 3103 4632 γενέσθαι
3135 4569 3433 4639 τάργύριον
3459 4569 3626 4624 ἐλατ-

2027 4671 2139 4709 τον.
2193 4656 2437 4725 Ἀληθῶς
2485 4655 2579 4712 οὖν
2629 4660 2892 4732 ἀληθείας
2917 4662 3161 4734 ἐραστὴς
3212 4665 3310 4736 οὐχ
3359 4669 3386 4719 ὁ
3435 4683 3627 4739 καπη-

2027 4748 2199 4801 λεύων
2262 4749 2455 4821 αὐτὴν,
2506 4751 2623 4805 ἀλλ’
2683 4753 2792 4824 ὅτῳ
2847 4758 3080 4826 μισητὸν
3130 4758 3192 4811 τὸ
3240 4760 3458 4828 ψεῦδος,
3516 4765 3625 4817 καὶ

2027 4840 2353 4910 κακοήθεια,
2384 4845 2478 4894 καὶ
2507 4843 2677 4910 δόλος,
2707 4847 2802 4899 ἇτε
2863 4848 2987 4900 καθ’
3038 4851 3181 4905 αὑτά
3222 4853 3414 4922 μίσους
3462 4854 3618 4919 ἀξια.

2032 4932 2188 4984 Ἔστι
2218 4934 2326 5002 γάρ
2358 4935 2419 4986 τὸ
2444 4935 2739 5004 ψεύδεσθαί
2767 4957 2818 4991 τι
2848 4941 3202 5012 πολύμορφον
3231 4960 3245 4976 °
3278 4950 3371 5000 καὶ
3403 4949 3484 5000 δεῖ
3512 4949 3622 5019 τῆς
3710 4980 3724 4990 ι

2030 5023 2222 5077 τούτου
2261 5026 2670 5098 καθαρεύοντας
2696 5033 2994 5099 ποικιλίας,
3021 5035 3121 5107 τῆς
3153 5038 3318 5108 φίλης
3348 5039 3619 5111 ἀληθείας

2029 5116 2153 5178 τοὺς
2188 5118 2447 5187 ἐραστὰς,
2469 5120 2562 5172 καὶ
2594 5121 2877 5192 λογισμὸν,
2896 5126 2996 5178 καὶ
3032 5125 3232 5197 νεῦμα,
3261 5131 3353 5184 καὶ
3385 5131 3614 5201 πρᾶξιν,

2028 5207 2274 5276 ἀψευστα
2329 5213 2442 5275 τοῖς
2495 5213 2677 5282 ἔργοις
2734 5216 3033 5281 δεικνύναι,
3085 5222 3202 5289 καὶ,
3236 5223 3376 5277 κατά
3423 5223 3610 5293 λόγον,

2025 5299 2226 5368 ὅρκους
2255 5302 2314 5352 οὐ
2366 5303 2776 5373 συγχωροῦντα,
2824 5309 3182 5377 πιστοτέρους
3223 5313 3434 5367 ἑαυτῶν
3473 5317 3614 5384 φαί-

2834 5497 2902 5550 ab
2946 5497 3096 5552 omni
3154 5501 3434 5558 mendacio
3484 5503 3609 5564 fac-

1572 5596 1587 5622 ,
1643 5566 1787 5629 quod
1811 5564 2004 5634 jurare
2036 5584 2202 5643 vetat,
2256 5581 2525 5636 servanda
2577 5583 2681 5638 title
2741 5586 2950 5655 seipsos
3000 5592 3238 5651 vincere.

2101 5758 2201 5813 Ὶδν
2252 5761 2354 5832 μὲν
2388 5765 2610 5839 σίδηρος
2658 5772 2856 5841 τίκτει,
2889 5778 3048 5846 μῖσος
3078 5779 3132 5832 δὲ
3172 5782 3264 5836 καὶ
3296 5783 3466 5850 δόλον,
3495 5791 3600 5844 καὶ

2014 5850 2082 5905 τὰ
2109 5852 2356 5925 τοιαῦτα,
2381 5855 2526 5930 ψυχὴ
2561 5861 2862 5932 ζηλότυπός
2894 5884 2952 5922 τε
2986 5873 3079 5924 καὶ
3116 5871 3370 5945 φθονερά.
3416 5877 3591 5947 Ὀμοῦ
