3950 6436
238 430 346 493 333

237 733 436 796 αὐτοὺς
465 733 566 788 οὐκ
592 733 704 787 ἔσθ’
731 736 880 801 ὅπως
914 736 990 806 μὴ
1032 739 1113 810 τῷ
1144 740 1323 812 χρόνῳ
1366 745 1648 808 παντελῶς
1681 746 1814 800 ἁνα-

234 826 483 890 λώσειεν,
527 828 859 899 ἐντετηκότα
905 831 1193 900 διηνεκῶς,
1247 836 1344 888 καὶ
1386 836 1602 906 δρῶντα
1645 839 1674 891 ὃ
1716 838 1816 892 πέ-

237 939 377 990 φυκε
406 922 563 992 δρᾷν.
603 920 743 973 Ἀλλ’
772 922 968 993 ἐκείνῳ
997 926 1096 994 μὲν
1121 926 1381 980 ἀκούσιον
1410 928 1468 981 τὸ
1497 929 1811 1000 διαφθεῖρον

248 1013 410 1067 αὐτόν
434 1030 449 1046 ο
490 1014 642 1066 τουτὶ
683 1013 730 1066 δ’
763 1014 864 1067 οὐκ
896 1016 1190 1083 ἀγνοοῦσιν
1226 1020 1538 1088 ἐπιφύεται.
1569 1024 1681 1077 Καὶ
1722 1024 1813 1079 διὰ

232 1107 393 1161 τοῦτο
436 1111 620 1179 χεῖρον
654 1110 714 1162 τὸ
744 1111 870 1163 καθ’
917 1113 1087 1182 ἡμᾶς,
1118 1116 1216 1167 καὶ
1255 1116 1444 1184 σχεδὸν
1474 1118 1812 1192 συγγνώμης

232 1201 334 1255 οὒκ
355 1201 522 1267 ἄξιον.
552 1202 807 1270 Γίγνεται
837 1205 945 1275 γὰρ
989 1208 1396 1279 παραπλήσιον,
1438 1211 1632 1283 ὥσπερ
1660 1213 1727 1267 ἄν
1759 1214 1816 1267 εί

230 1310 316 1356 τις
362 1294 558 1347 ἐθέλων
593 1296 835 1350 ὁντινοῦν
882 1299 1167 1368 ἐμπρῆσαι
1216 1302 1325 1355 τῶν
1369 1304 1605 1374 ἐχθρῶν,
1643 1324 1813 1362 κατα.

229 1386 442 1451 δέξαιτο
481 1386 637 1449 ξύλον
677 1388 957 1459 γενέσθαι,
988 1393 1087 1444 καὶ
1112 1393 1332 1464 δοθῆναι
1365 1396 1444 1468 τῷ
1473 1400 1630 1468 πυρὶ,
1667 1400 1809 1455 ὥστε

229 1479 323 1531 τὸν
380 1478 711 1549 μισούμενον
756 1485 1129 1540 κατακαῦσαι.
1186 1487 1486 1560 ’Δντικρυς
1543 1492 1571 1543 ὀ
1615 1493 1811 1560 φθόνος

233 1572 545 1624 σατανικόν.
589 1571 664 1624 Οὐ
716 1572 826 1644 γὰρ
866 1577 1076 1640 ἐκεῖνος
1110 1578 1211 1648 τὴν
1261 1579 1489 1634 κόλασιν
1517 1583 1812 1655 καταδέχε-

227 1664 407 1733 ταιςῆ
446 1664 533 1717 διὰ
579 1665 640 1718 τὸ
684 1666 1021 1738 κολασθῆναί
1050 1687 1215 1734 τινας-ι
1255 1672 1503 1742 ποιῆσαι.
1540 1676 1651 1728 Καὶ
1700 1678 1809 1748 μὴν

230 1754 323 1805 καὶ
357 1752 548 1823 ἄφρων
595 1758 623 1808 ό
670 1757 900 1822 φθονῶν.
937 1759 1012 1812 Τὸ
1044 1760 1145 1831 μὲν
1175 1761 1284 1833 γὰρ
1325 1765 1489 1817 αὐτὸν
1523 1767 1811 1822 ἀναλίσκε-

216 1844 355 1898 σθαι
384 1846 691 1912 ἀναγκαίως
730 1848 978 1915 γίγνεται
1003 1866 1019 1882 ο
1044 1853 1105 1904 τὸ
1137 1853 1416 1924 φθαρῆναι
1441 1857 1497 1910 δέ
1523 1859 1614 1913 τὸν
1648 1860 1808 1914 ἄλλον

1214 442 1628 506 ΡΒᾹΞΕΕΡΤΑ
1669 446 2189 512 ΕΟΠΟΑΤΙΟΝΙΞ
2225 455 2510 521 REGIIE.

237 548 291 600 δὲ
320 546 497 602 ταῦτα
530 549 854 618 Αυμαίνεται
897 551 998 622 μὲν
1029 555 1127 608 καὶ
1164 557 1295 621 τοὺς
1326 558 1486 621 ἐκτὸς
1516 562 1666 614 ἔστιν
1696 563 1800 616 ὅτε.

1920 566 2054 636 gnit.
2095 569 2170 622 Ea
2230 572 2547 641 conjuncta,
2584 554 2994 649 nonnumquam
3057 581 3146 638 illa
3172 586 3388 655 quidem
3449 604 3502 647 ct

240 639 365 694 καθ’
401 641 525 694 ὅσον
554 640 623 694 ἂν
651 642 879 698 ἐκείνων
925 645 1240 716 καθάψαιτο
1260 667 1274 681 ·
1307 652 1435 715 τοὺς
1463 653 1520 706 δέ
1548 656 1814 719 τεκόντας
1852 668 1857 671 ’

3398 474 3503 539 334

1920 659 2046 713 aliis
2108 661 2655 734 aﬁ‘erunt'exitiutu,
2719 681 2885 740 prout
2913 688 3005 729 eos
3071 675 3495 746 impetiverint:

1918 760 1974 805 at
1999 753 2148 822 ipsos
2170 765 2447 823 auctores,
2477 760 2592 814 ﬁeri
2645 777 2751 816 non
2786 773 2987 830 potest,
3041 771 3172 838 quin
3234 775 3499 842 paulatim

1918 859 2146 912 prorsus
2177 849 2508 915 absumant;
2554 854 2756 909 animis
2787 858 2995 914 scilicet
3026 860 3188 916 inﬁxa
3218 878 3498 936 perpetuo,

1916 939 2170 1009 quodque
2202 949 2395 996 natura
2420 945 2618 1009 solent,
2669 947 2987 1006 cﬁ‘icientia.
3038 954 3143 1009 Sed
3191 959 3335 1011 enim
3394 960 3504 1015 fer-

1915 1040 2034 1079 rum
2067 1029 2223 1097 quasi
2254 1046 2348 1099 per
2370 1032 2481 1087 vim
2506 1049 2534 1088 a
2556 1036 2812 1105 rubigine
2853 1046 3247 1115 corrumpitur,
3276 1058 3330 1103 at
3354 1051 3499 1105 istud

1914 1132 2026 1174 non
2089 1121 2403 1191 ignorantes
2452 1128 2739 1198 adoritur;
2768 1131 2999 1203 ideoque
3043 1139 3242 1193 malum
3279 1143 3379 1198 hoc
3406 1160 3505 1199 no-

1914 1220 2090 1267 strum
2118 1216 2274 1285 pejus
2297 1228 2403 1284 est,
2443 1235 2506 1274 ac
2538 1236 2705 1290 prepe
2742 1226 2954 1281 veniam
2988 1231 3191 1285 nullam
3231 1248 3499 1294 meretur.

1915 1304 2127 1377 Quippe
2148 1311 2436 1366 consimile
2457 1315 2716 1383 quiddam
2742 1321 2966 1387 accidit,
2990 1340 3051 1379 ac
3073 1326 3119 1380 si
3144 1329 3265 1397 quis
3284 1331 3498 1388 hostem

1915 1416 2301 1473 quemcunque
2346 1420 2705 1467 concremare
2753 1415 2965 1482 volens,
2998 1416 3209 1490 lignum
3234 1402 3499 1482 lie'risus-

1913 1495 2105 1560 tineat,
2141 1512 2205 1552 ac
2228 1500 2338 1570 igni
2372 1502 2668 1572 tradi,quo
2719 1509 3014 1579 conﬂagret
3074 1514 3141 1579 is,
3192 1532 3353 1586 quem
3377 1520 3502 1576 odio

1912 1592 2287 1667 persequitur.
2331 1593 2529 1650 Procul
2558 1597 2726 1653 dubio
2765 1598 3087 1657 Satanicum
3117 1606 3377 1674 quiddam
3414 1624 3502 1667 est

1913 1680 2142 1735 invidia.
2171 1681 2382 1755 Quippe
2415 1685 2647 1744 Satanas
2694 1691 2857 1745 aliam
2904 1694 3111 1750 nullam
3157 1699 3225 1754 ob
3278 1702 3499 1771 culpam

1911 1773 2190 1843 plectitur,
2226 1793 2390 1847 quam
2441 1782 2584 1850 quod
2632 1781 2821 1850 edicit,
2889 1796 2948 1840 ut
3011 1790 3102 1843 alii
3168 1792 3502 1860 plectantur.

1913 1864 2055 1930 Quin
2094 1876 2148 1921 et
2179 1882 2369 1925 amens
2401 1881 2504 1936 est,
2530 1874 2622 1942 qui
2672 1876 2887 1932 laborat
2934 1879 3138 1937 invidia
3165 1900 3181 1951 ;
3213 1900 3337 1955 nam
3369 1889 3503 1956 quin

234 1938 339 1989 οὐκ
377 1938 624 2006 εὔδηλον.
666 1941 818 1993 Ἐπεὶ
849 1946 943 1995 καὶ
984 1942 1118 2008 ξύλα
1161 1945 1261 2015 μὲν
1314 1946 1489 2002 πολλὰ
1537 1951 1797 2018 πολλάκις

1925 1955 2245 2012 absumatur
2274 1959 2408 2026 ipse,
2444 1938 2559 2017 ﬁeri
2587 1966 2741 2021 nullo
2766 1968 2928 2023 modo
2970 1980 3148 2040 potest
3167 1938 3190 2029 ἐ
3221 1943 3288 2030 an
3319 1938 3501 2035 autem

227 2027 402 2098 οἶμαι,
433 2032 770 2102 τετέφρωται
798 2049 814 2065 ο
844 2035 945 2105 τὴν
981 2034 1040 2087 δὲ
1067 2037 1168 2090 οὐκ
1202 2035 1512 2110 εὔπρηστον
1544 2042 1679 2113 ὕλην
1711 2046 1812 2099 οὐκ

227 2122 556 2187 ἐξανάλωσε.
587 2125 627 2177 Γ
629 2127 756 2196 εννᾷ
799 2126 855 2180 δὲ
905 2127 1102 2195 φθόνος
1158 2129 1251 2183 τὸν
1302 2130 1477 2197 δύλον,
1507 2135 1604 2188 καὶ
1648 2152 1815 2190 συκο-

230 2217 482 2283 φαντίαν,
515 2218 608 2269 καὶ
663 2216 843 2287 μίσος,
898 2222 1066 2284 αὐτὸς
1118 2221 1199 2292 τῷ
1251 2224 1402 2297 ζήλῲ
1441 2225 1807 2298 γεννώμενος.

233 2307 386 2376 Πλὴν
410 2307 524 2362 οὔτε
566 2310 675 2363 τῶν
713 2313 991 2381 μεγίστων
1029 2317 1168 2386 πρδς
1194 2318 1323 2381 τοὺς
1367 2318 1508 2386 ἄγαν
1539 2322 1809 2389 φαυλοτέ-

241 2414 389 2468 ρους,
418 2401 470 2452 ἐν
515 2393 560 2468 ᾧ
594 2418 657 2470 γε
694 2403 917 2471 μείζους
946 2406 1112 2469 είσὶν,
1137 2408 1165 2459 ὁ
1211 2408 1404 2476 φθόνος
1436 2410 1608 2473 πάθος
1637 2413 1808 2487 ἐστὶν,

226 2491 353 2544 οὔτε
419 2494 524 2563 μὴν
567 2494 678 2547 τῶν
733 2496 1070 2567 παμπληθὲς
1125 2499 1440 2554 ἐλασσόνων
1488 2503 1628 2573 πρὸς
1679 2505 1807 2569 τοὺς

222 2584 589 2657 ὑπερέχοντας
622 2589 849 2661 σφόδρα,
875 2590 1002 2645 οὔτε
1038 2592 1148 2647 τῶν
1181 2595 1483 2664 χρωμένων
1519 2597 1808 2669 ἐπιτηδεύ-

225 2692 362 2745 μασι
391 2677 759 2750 διισταμένοις
794 2682 1065 2752 ἀλλήλων,
1102 2685 1240 2739 ἀλλά
1284 2689 1392 2741 τῶν
1420 2688 1627 2759 ἐρίζειν
1661 2691 1800 2760 πρὸς

223 2770 491 2842 ἀλλήλους
518 2773 854 2844 δυναμένων,
884 2776 981 2830 καὶ
1006 2777 1312 2834 δοκούντων
1342 2781 1697 2838 ἐλαττοῦσθαι
1729 2786 1797 2857 τῇ

218 2865 333 2918 τῶν
370 2866 762 2938 ἁμιλλωμένων
791 2870 1165 2943 λαμπρότητι.

1914 2046 2144 2101 exitium
2174 2049 2246 2102 sit
2274 2049 2560 2107 adlaturus
2617 2056 2801 2123 alteri,
2856 2068 3007 2114 certo
3061 2077 3171 2117 non
3239 2077 3499 2137 constat;

1913 2143 2135 2207 quando
2165 2142 2388 2211 quidem
2421 2155 2476 2198 et
2512 2146 2620 2201 vim
2674 2148 2951 2218 lignorum
2984 2169 3240 2226 magnam
3302 2163 3501 2232 saepius

1912 2232 1968 2286 in
2009 2232 2224 2288 eineres
2257 2236 2531 2292 redactam
2590 2241 2825 2311 scimus,
2860 2259 2987 2300 cum
3051 2248 3290 2306 interim.
3327 2264 3504 2310 mate-

1914 2325 2050 2379 riam
2080 2334 2329 2381 crematu
2351 2327 2631 2385 diﬂicilem
2672 2348 2784 2388 non
2847 2336 3268 2407 absumpsisset.
3315 2344 3501 2417 Giguit

1912 2426 2094 2471 autem
2118 2417 2324 2474 invidia
2350 2420 2628 2490 fraudem,
2668 2434 2723 2480 et
2763 2428 3120 2490 calumniam.
3171 2443 3227 2490 et
3287 2439 3499 2505 odium,

1911 2525 2036 2565 cum
2080 2512 2196 2580 ipsa
2220 2526 2541 2583 procreetur
2571 2518 2639 2574 ab
2669 2523 3048 2581 aemulatione.
3097 2526 3301 2585 Verum
3358 2532 3501 2589 invi-

1911 2602 2016 2658 dia:
2047 2605 2180 2659 vitio
2207 2620 2311 2662 uec
2348 2609 2672 2678 amplissimi
2701 2611 2954 2670 laborant
3000 2633 3128 2690 erga
3187 2625 3371 2679 tcuuis
3401 2626 3502 2681 ad-

1909 2696 2132 2752 modum
2165 2699 2500 2755 conditionis
2536 2702 2808 2772 homines,
2861 2711 3007 2778 quod
3066 2712 3155 2769 bis
3192 2714 3499 2787 ipsi'majo-

1907 2799 1995 2838 res
2025 2782 2135 2838 sint
2158 2803 2174 2851 ;
2199 2800 2300 2840 nec
2321 2788 2576 2844 omnibus
2600 2791 2764 2848 rebus
2794 2794 3109 2867 inferiores,
3165 2782 3293 2875 erga
3322 2782 3482 2876 pluri-

1925 2892 2075 2931 mum
2106 2878 2452 2947 eminentes;
2503 2896 2603 2938 nec
2645 2884 2707 2951 ii,
2739 2887 2834 2956 qui
2894 2890 3267 2960 professiones
3295 2908 3349 2953 et
3375 2909 3490 2958 stu-

220 2965 314 3018 dia
350 2964 565 3020 diversa
592 2975 916 3021 sectantur:
949 2970 1042 3023 sed
1067 2969 1121 3023 in
1158 2985 1255 3025 eos
1313 2971 1484 3037 cadit,
1524 2972 1617 3041 qui
1677 2981 1909 3043 possunt
1940 2975 2085 3030 inter
2134 2989 2259 3032 sese
2301 2978 2654 3049 contendere,
2709 2995 2929 3052 perque
2981 2987 3328 3059 splendorem
3396 2994 3499 3051 ad-

221 3057 592 3112 versariorum
625 3057 731 3112 sibi
762 3059 894 3129 quid
917 3059 1184 3116 decedere
1206 3071 1413 3133 putant.

951 3197 1076 3258 ΚΝ.

318 3333 395 3397 Ως
442 3333 657 3404 ἄγαμαι
696 3333 788 3389 τὸν
838 3335 1113 3405 φεύγοντα
1164 3338 1266 3401 τὰς
1316 3339 1668 3412 ὑπερϐολάς..
1687 3343 1799 3399 Καὶ⁹

219 3426 371 3495 λόγοι
405 3427 552 3497 μάλα
607 3429 789 3499 σοφῶν
827 3430 1121 3483 συνιστῶσί
1157 3449 1262 3500 μου
1306 3436 1399 3486 τὸν
1450 3435 1632 3505 ἔρωτα
1674 3454 1799 3492 του-

2591 3212 2784 3271 XXIV.

1979 3347 2096 3404 Non
2123 3363 2346 3419 possum
2399 3364 2507 3405 non
2564 3353 2819 3421 amplecti
2869 3355 3146 3411 hominem
3206 3359 3491 3430 vitantem,

1909 3442 2178 3512 quidquid
2207 3451 2292 3498 est
2319 3444 2573 3499 nimium.
2607 3447 2785 3516 Atque
2819 3447 2965 3504 hunc
3027 3465 3269 3506 amorem
3303 3470 3486 3512 meum

215 3519 357 3575 τονί.
403 3521 620 3590 Μέτρον
666 3522 777 3591 γὰρ
822 3522 1069 3591 ἄριστον,
1116 3523 1251 3609 καὶι
1266 3525 1453 3595 Μηδὲν
1502 3527 1667 3596 ἄγαν,
1701 3533 1797 3584 καὶ

1907 3537 2048 3591 dicta
2098 3536 2634 3604 sapientissimorum
2699 3539 3052 3606 conﬁrmant,
3121 3545 3339 3599 modum
3373 3560 3495 3608 esse

212 3614 384 3685 ἔτερα
424 3614 668 3669 τοιαῦτα.
709 3614 874 3667 Ὥστε
918 3615 978 3668 τὸ
1012 3619 1435 3687 μεμετρημένον
1485 3622 1581 3674 καὶ
1612 3623 1794 3687 μέσον

1906 3640 2017 3679 rem
2051 3626 2313 3692 optimam
2341 3641 2353 3676 :
2393 3633 2447 3679 et
2470 3624 2549 3679 Ne
2574 3628 2704 3696 quid
2743 3630 2923 3696 nimis,
2953 3631 3168 3702 aliaque
3208 3635 3491 3704 talia.Quo

211 3706 464 3775 ἀκρότης
512 3710 716 3776 τρόπον
746 3707 935 3776 ἕτερον
984 3711 1126 3779 πρὸς
1173 3710 1236 3762 τὸ
1280 3711 1488 3779 ἀγαθὸν
1518 3713 1793 3781 γίγνεται.

212 3800 444 3870 Συνᾴδει
476 3801 535 3854 δέ
564 3803 679 3865 τοῖς
714 3802 898 3870 λόγοις
924 3803 995 3857 τὰ
1023 3803 1357 3872 πράγματα,
1398 3804 1494 3858 καὶ
1545 3806 1793 3861 δείκνυσι

208 3895 442 3947 κάκεῖνο
486 3896 631 3965 μάλα
667 3895 964 3967 λαμπρῶς.
1004 3897 1302 3969 Κακοήθης
1346 3900 1454 3969 γὰρ
1501 3900 1792 3971 ἄνθρωπος

207 3988 309 4040 καὶ
343 3988 565 4057 εὐήθης,
593 3988 651 4050 ἐς
679 3988 912 4057 ἔσχατον
940 3988 1193 4058 ἀλλήλων
1235 3990 1609 4061 διεστηκότες,
1639 3993 1793 4063 ὅμως

204 4082 386 4150 ἄμφω
418 4080 593 4136 κακῶ.
626 4081 732 4136 Καὶ
764 4083 919 4136 οὐδὲν
971 4083 1174 4137 κωλύει
1202 4084 1264 4137 τδ
1308 4086 1574 4148 ἐναντίως
1620 4086 1789 4158 ἔχειν,

205 4173 314 4224 οὐκ
368 4172 636 4226 ἐπαινετὼ
666 4175 784 4242 ἆμα
821 4170 981 4228 εἶναι.
1017 4177 1077 4229 El
1110 4176 1169 4229 δέ
1212 4193 1298 4239 τις
1330 4178 1522 4246 φεύγοι
1563 4178 1666 4247 μὲν
1694 4196 1792 4233 πο-

204 4265 432 4335 νηρίαν,
478 4266 673 4335 φεύγοι
721 4265 777 4320 δὲ
825 4267 1110 4335 ἀφέλειαν,
1139 4267 1266 4322 νοῦν
1295 4267 1436 4340 ἔχων
1479 4272 1600 4340 μετ’
1630 4263 1792 4324 εὐθύ-

204 4372 372 4423 τητος
400 4357 916 4436 εὑρεθήσεται,ηκαὶ
966 4359 1124 4413 ἔσται
1175 4360 1527 4415 παντάπασιν
1561 4362 1788 4430 ἀγαθός.

204 4445 379 4499 Ὥστε
436 4447 505 4501 τὰ
561 4448 779 4517 πέρατα
819 4447 989 4513 κακὰ,
1015 4449 1112 4502 καὶ
1164 4450 1233 4502 τὰ
1289 4450 1432 4519 μέσα
1478 4452 1792 4506 τούναντίον

205 4539 413 4606 ἀγαθά.
452 4539 575 4592 Ἔτι
613 4539 673 4593 τὸ
704 4539 923 4607 φθονεῖν
954 4541 1067 4604 τοῖς
1095 4539 1204 4593 τῶν
1241 4541 1485 4613 ἀρίστων
1518 4543 1793 4612 ἀνδραγα-

206 4630 549 4699 aquae-"amt
577 4631 890 4684 τούναντίον
923 4631 998 4701 μὴ
1025 4632 1342 4700 δάκνεσθαι,
1362 4633 1508 4703 ἅπερ
1531 4635 1793 4698 ἐναντίως

208 4723 531 4789 διάκεινται,
565 4724 670 4778 ὑπὸ
710 4726 976 4796 μεγίστην
1011 4727 1194 4780 αἰτίαν
1224 4727 1355 4780 ὄντα
1402 4728 1686 4799 τυγχάνει.
1716 4730 1790 4782 Τὸ

217 4817 309 4883 μὲν
336 4818 445 4887 γὰρ
480 4818 843 4889 ἀρχαιότατον
895 4817 1092 4889 δεινὸν,
1119 4819 1351 4891 θάτερον
1402 4819 1460 4873 δὲ
1498 4821 1745 4890 μαλακόν
1769 4837 1785 4852 ⁶

1902 3718 1983 3781 ﬁt,
2007 3730 2067 3772 ut
2111 3718 2257 3786 quod
2291 3718 2513 3773 modum
2540 3719 2727 3784 habet,
2761 3731 2814 3776 et
2845 3723 3085 3797 medium
3129 3729 3220 3795 qui
3254 3738 3358 3794 est,
3382 3733 3492 3788 alio

1898 3810 2134 3878 quodam
2177 3812 2339 3863 modo
2374 3808 2504 3865 boni
2543 3820 2799 3880 respectu
2826 3812 2920 3867 ﬁat
2961 3824 3302 3873 extremum.
3343 3819 3482 3887 Yer-
3515 3885 3525 3895 I

1898 3900 1982 3956 bis
2007 3899 2139 3969 ipsae
2162 3915 2251 3955 res
2275 3902 2652 3965 consentiunt,
2676 3911 2727 3957 et
2754 3904 2810 3958 in
2839 3904 3032 3974 primis
3053 3908 3153 3965 hoc
3175 3925 3290 3965 rem
3319 3921 3486 3969 totam

1898 3989 2048 4055 clare
2074 3990 2289 4059 probat.
2311 3990 2487 4047 Homo
2517 4008 2756 4064 namque
2792 3997 3105 4054 malitiosus
3136 4009 3190 4054 et
3215 4003 3483 4072 stolidus,

1897 4083 2026 4138 licet
2054 4092 2301 4139 extreme
2325 4084 2533 4141 distent
2555 4087 2695 4143 alter
2724 4089 2793 4143 ab
2821 4090 3022 4158 altero,
3086 4101 3264 4148 tamen
3319 4098 3485 4154 ambo

1898 4175 2028 4229 mali
2059 4186 2229 4243 sunt;
2269 4192 2370 4233 nec
2413 4180 2567 4249 quod
2626 4180 2865 4235 invicem
2930 4184 3036 4239 sibi
3094 4186 3482 4258 adversantur,

1897 4283 2006 4338 quo
2064 4268 2247 4326 minus
2279 4271 2443 4326 simul
2473 4272 2636 4328 ambo
2677 4273 2858 4330 laudis
2890 4287 3145 4345 espertes
3181 4282 3471 4348 sint,-im-

1896 4359 2066 4428 pedit.
2092 4361 2161 4414 At
2182 4360 2230 4417 si
2266 4362 2394 4431 quis
2441 4372 2497 4419 et
2540 4366 2807 4420 malitiam
2859 4368 3085 4434 devitet,
3138 4379 3192 4426 et
3231 4373 3486 4430 stolidam

1898 4451 2334 4519 simplicitatem,
2362 4454 2409 4509 is
2447 4470 2571 4510 cum
2628 4457 2953 4515 dexteritate
2994 4473 3232 4518 mentem
3275 4465 3482 4522 habere

1897 4542 2370 4614 deprehendetur,
2406 4557 2462 4601 et
2494 4549 2723 4603 omnino
2754 4550 2933 4607 bonus
2967 4554 3092 4607 erit.
3131 4552 3289 4609 Unde
3344 4570 3483 4634 con-

1896 4643 2024 4700 stat,
2070 4637 2203 4692 tines
2222 4651 2346 4693 esse
2375 4638 2568 4705 malos,
2605 4650 2660 4694 et
2690 4640 2887 4707 media,
2937 4642 3055 4697 vice
3103 4658 3280 4707 versa,
3314 4645 3479 4700 bona.

1895 4727 2135 4796 Rursus,
2196 4729 2444 4785 invidere
2498 4732 3077 4801 praestantissimorum
3105 4733 3340 4793 fortibus
3367 4737 3482 4793 fac-

1896 4819 1988 4885 tis,
2028 4830 2083 4874 et
2117 4822 2453 4885 econtrario
2491 4823 2702 4877 nullum
2728 4825 2934 4879 sentire
2986 4826 3299 4891 stimulum,
3350 4844 3477 4898 quae

104 4975 124 4990 θ
218 4907 311 4961 καὶ
335 4910 609 4981 ἀμφότερα
642 4910 904 4981 βλαϐερὰ,
936 4910 1007 4964 δι’
1038 4910 1193 4964 οὐδὲν
1229 4911 1418 4982 ἕτερον
1444 4908 1622 4982 οἶμαι,
1652 4913 1686 4982 ἢ
1719 4913 1779 4966 τὸ

1910 4914 2126 4969 uvicem
2184 4915 2288 4969 sibi
2346 4916 2730 4979 adversantur,
2793 4917 3034 4971 maxime
3094 4919 3477 4988 vituperabilia

209 4998 338 5068 πρὸς
367 4999 464 5069 τὴν
492 5001 762 5071 ἀμετρίαν
798 5002 983 5071 ἄκρως
1015 5001 1244 5072 ἀφῖχθαι
1271 5016 1288 5033 ·
1337 5002 1461 5054 ἐπεί
1488 5019 1552 5071 γε
1584 5003 1646 5055 τὸ
1678 5004 1780 5073 ζη-

196 5089 434 5144 λότυπον
495 5093 667 5162 ψιλῶς
728 5093 1051 5163 ἐμπεφυκὸς
1104 5097 1170 5164 τῇ
1223 5094 1370 5166 ψυχῇ
1417 5094 1486 5149 δι’
1541 5095 1783 5150 ἐπαίνων

192 5185 402 5254 ἔρωτα,
421 5184 545 5239 οὗτε
576 5188 714 5256 πρὸς
741 5187 935 5257 φθόνον
964 5187 1333 5259 ὑπερελάσαν,
1353 5186 1450 5240 καὶ
1489 5187 1590 5259 τὴν
1618 5190 1782 5242 ἀναλ-

191 5277 418 5347 γησίαν,
452 5279 537 5346 ἐφ’
572 5273 652 5341 οἷς
686 5278 747 5331 οὐ
797 5278 940 5342 δέον,
971 5277 1273 5347 διαφυγόν·
1310 5277 1565 5349 μεσότης,
1596 5276 1779 5349 οἶμαι,

191 5368 401 5434 γένοιτ’
446 5369 515 5420 ἂν
564 5369 797 5431 τουτωνὶ
836 5369 955 5439 τῶν
1003 5368 1267 5421 ἐναντίων
1300 5367 1508 5433 κακῶν,
1539 5371 1637 5423 καὶ
1661 5385 1782 5439 κρι-

1888 5015 2038 5061 sunt.
2073 5006 2214 5061 Illud
2237 5007 2385 5061 enim
2436 5008 2642 5061 malum
2692 5017 2778 5063 est
2823 5008 3318 5078 autiquiSsimum:
3372 5014 3475 5066 hoc

1889 5097 2123 5152 alterum
2155 5113 2185 5152 a
2218 5100 2446 5154 mollitie:
2504 5100 2923 5168 proﬁciscitur:
2985 5110 3221 5166 utraque
3280 5106 3469 5169 noxia,

1888 5184 2091 5239 nullam
2124 5188 2386 5258 (Opinor)
2446 5189 2516 5243 ob
2541 5189 2700 5241 aliain
2735 5204 2981 5255 causam,
3048 5192 3152 5244 nisi
3201 5194 3347 5263 quod
3402 5196 3474 5249 ad

1888 5277 2120 5332 nimium
2154 5286 2403 5335 extreme
2433 5283 2675 5336 tendant.
2708 5279 2844 5334 Nam
2896 5282 3198 5346 annulatio.
3260 5286 3474 5356 simpli-

1887 5370 2025 5425 citer
2049 5371 2235 5426 animo
2269 5367 2491 5443 prepter
2531 5373 2887 5442 cupiditatem
2948 5375 3126 5431 laudis
3178 5377 3366 5445 insita,
3421 5380 3470 5435 si

193 5459 430 5524 θήσεται
460 5463 723 5531 χρηστόν.
757 5460 855 5530 Είη
883 5458 994 5530 γὰρ
1027 5459 1094 5513 ἂν
1120 5458 1394 5530 δήπουθεν
1426 5459 1780 5528 φρονήματος

1906 5477 1988 5517 nec
2014 5463 2081 5517 ad
2110 5463 2375 5518 invidiam
2427 5465 2720 5534 exorbitat,
2787 5482 2853 5521 ac
2921 5478 3201 5537 stuporem
3263 5470 3471 5525 doloris

192 5553 431 5621 καρπὸς,
462 5551 920 5623 παρακαλοῦντος
971 5554 1050 5616 είς
1090 5552 1356 5621 «ἀρετήν’
1409 5553 1463 5605 εί
1508 5568 1571 5620 γε
1618 5551 1777 5617 δίδως

1906 5553 2065 5608 minis
2095 5569 2352 5621 vacuum,
2379 5554 2471 5609 ubi
2498 5554 2707 5609 doloris
2739 5571 2936 5611 sensus
2984 5556 3177 5611 abesse
3238 5571 3348 5610 non
3377 5555 3474 5610 de-

191 5640 338 5696 εἶναι
382 5642 629 5698 τοιοῦτον
668 5646 728 5696 τὸ
761 5646 839 5715 μὴ
884 5645 1171 5699 καθεύδειν
1216 5644 1480 5705 δύνασθαι
1533 5646 1626 5698 τὸν
1676 5646 1779 5700 Θε-

196 5738 497 5802 μιστοκλέα
554 5738 632 5808 τῷ
660 5738 956 5792 Μιλτιάδου
988 5738 1237 5811 τροπαίῳ
1264 5740 1613 5809 δακνόμενον.

1879 5645 2065 5710 bebat,
2096 5646 2313 5701 evitet:
2374 5646 2617 5700 medium
2666 5649 2929 5717 quiddam
2996 5649 3182 5713 fuerit,
3244 5648 3466 5717 opinor,

1876 5735 2021 5792 inter
2056 5736 2171 5791 bmc
2197 5735 2330 5791 vit-ia
2358 5735 2670 5802 contraria;
2720 5752 2929 5808 proque
2951 5754 3010 5794 re
3033 5739 3176 5793 bona
3210 5739 3464 5793 ducetur.

193 5829 314 5884 Erit
348 5836 495 5885 enim
526 5828 756 5898 fructus
790 5831 1180 5901 auim‘ositatis,
1236 5830 1306 5885 ad
1365 5829 1620 5885 virtutem
1670 5826 2024 5901 impellentis,
2083 5824 2357 5899 siquidem
2415 5840 2537 5883 esse
2589 5826 2748 5882 dabis
2798 5827 3089 5898 ejusmodi,
3120 5829 3267 5899 quod
3321 5827 3465 5884 The-

198 5926 498 5995 ntistocles,
530 5893 792 5985 Miltiadis
826 5893 1053 6001 ,ιι-οἱ)εο
1090 5926 1453 5999 stimulatus,
1511 5942 1769 5987 somnum
1808 5939 2005 5997 capere
2040 5938 2149 5981 non
2200 5922 2397 5994 potuit.
