3950 6432
456 414 564 478 335

1167 534 1331 591 XXV.

525 634 580 690 Id
610 631 958 688 existimabis
983 645 1106 686 esse
1143 631 1348 684 malum
1386 625 1846 688 involuntarium,
1889 623 2038 692 quod

455 742 549 794 per
595 725 1002 796 ignorationem
1059 722 1332 775 duntaxat
1383 719 1688 772 admissum
1743 724 1850 777 est,
1909 729 2037 768 cum

451 816 795 888 perpetranti
841 816 1048 869 bonum
1103 815 1403 869 videretur.
1456 811 1591 864 Nam
1639 810 1789 882 quod
1834 812 2040 878 pudore

452 916 534 977 fit,
559 922 655 966 aut
677 912 901 966 hortatu
928 909 1179 974 alterius,
1203 921 1295 962 aut
1319 908 1366 960 vi
1389 921 1742 978 quacunque,
1769 918 1877 958 non
1905 919 2041 972 pure

452 1005 884 1060 involnntarium
921 1012 1023 1057 est.
1052 1001 1169 1056 Non
1192 1003 1336 1055 enim
1374 1003 1416 1054 si
1447 1000 1580 1070 quid
1609 999 1908 1054 violentum
1934 1007 2038 1063 est,

450 1096 536 1152 vel
573 1095 890 1164 impellendi
939 1094 1023 1147 vel
1067 1093 1329 1147 illiciendi
1375 1092 1484 1146 vim
1527 1092 1756 1154 habens,
1787 1089 1871 1144 vel
1907 1088 2036 1158 quid

453 1189 596 1242 aliud
635 1187 950 1258 ejusmodi;
999 1188 1268 1242 continuo
1306 1189 1482 1240 visunt
1525 1196 1610 1241 est
1639 1187 1932 1241 honestum
1963 1183 2038 1236 illi

452 1297 603 1344 esse,
655 1283 748 1349 qui
790 1281 1152 1352 perpetravit,
1206 1289 1434 1350 propter
1473 1280 1616 1333 hanc
1650 1276 2038 1348 appendicem,

451 1373 597 1442 quod
643 1365 766 1426 aliis
812 1373 976 1426 malis
1025 1373 1096 1428 sit
1130 1372 1330 1427 levius.
1365 1367 1877 1437 Quamobrem'nisi
1910 1369 2040 1435 quis

448 1465 711 1533 opinione
746 1465 1036 1534 deceptus,
1084 1463 1287 1518 malum
1319 1479 1418 1518 ceu
1456 1463 1658 1516 bonum
1704 1461 1892 1524 faciat,
1929 1475 2037 1512 non

449 1560 580 1614 facit
636 1558 922 1626 ignorans.
975 1557 1134 1622 Quod
1185 1568 1366 1612 autem
1405 1571 1470 1610 ex
1521 1555 1872 1626 ignoratione
1929 1568 2038 1606 non

447 1651 848 1720 proficiscitur,
876 1664 986 1704 non
1019 1659 1100 1704 est
1129 1648 1584 1712 involuntarium,
1608 1647 1752 1702 velut
1779 1646 1850 1698 ab
1881 1645 2040 1698 initio

447 1743 680 1798 dictum.
711 1743 852 1809 Quin
876 1742 1045 1797 etiam
1079 1741 1228 1811 quod
1249 1742 1390 1796 bona
1414 1740 1751 1796 conscientia
1785 1751 1894 1791 non
1928 1735 2041 1807 agi-

449 1849 560 1902 tur,
597 1836 816 1892 etiamsi
870 1835 999 1890 mali
1037 1849 1362 1890 mensuram
1414 1849 1525 1888 non
1567 1832 1844 1901 attingat;
1878 1830 2042 1898 longe

449 1945 634 1986 tamen
669 1931 826 2000 pejus
858 1938 942 1984 est
985 1944 1046 1982 re
1083 1928 1167 1982 vel
1201 1929 1452 1981 Omnium
1489 1925 1731 1996 pessima
1779 1923 2038 1990 gravissi-

447 2039 650 2092 maquc
688 2024 734 2077 si
777 2022 938 2077 nobis
967 2037 1028 2076 ea
1067 2020 1383 2075 nolentibus
1423 2019 1658 2074 accidat.
1694 2018 1884 2086 Itaque
1911 2014 2037 2069 mali

446 2118 583 2172 nihil
638 2131 868 2187 agamus
899 2155 914 2180 ,
969 2125 1031 2168 ut
1081 2113 1277 2184 majori
1329 2113 1476 2166 malo
1535 2111 1898 2166 medeamur:
1943 2109 2038 2164 sed

445 2225 795 2282 quaecunque
829 2207 946 2263 fieri
999 2216 1235 2277 possunt
1290 2205 1640 2269 Immanitus,
1678 2203 1862 2259 facere
1917 2211 2039 2259 stu-

443 2308 700 2366 deatnus,
740 2310 801 2356 ut
835 2317 905 2355 ne
944 2299 1078 2371 quid
1135 2299 1266 2354 mali
1299 2307 1498 2367 sponte
1527 2306 1721 2352 nostra
1760 2295 1921 2350 nobis
1948 2309 2039 2347 ar-

442 2409 750 2450 cessamus.
788 2393 1038 2459 Quorum
1078 2401 1266 2446 autem
1323 2389 1558 2453 effectio,
1613 2387 1788 2443 solius
1841 2393 1927 2440 est
1983 2386 2038 2439 in

443 2487 542 2542 Dei
572 2487 678 2542 sita
716 2492 1012 2557 potestate,
1051 2498 1116 2538 ea
1152 2483 1285 2549 Deo,
1318 2481 1460 2536 bona
1491 2496 1588 2550 spe
1622 2478 1771 2543 freti,
1801 2477 2037 2548 permit-

445 2592 631 2634 tamus
669 2587 764 2634 :et
795 2575 1068 2646 quidquid
1095 2575 1215 2641 ipse
1255 2573 1493 2639 dederit,
1536 2570 1723 2626 animo
1748 2578 1905 2641 grato
1959 2567 2038 2622 fe-

443 2689 660 2730 ramus.

1147 2759 1335 2815 XXVI.

563 2867 722 2912 utare
762 2856 953 2922 debes,
1009 2853 1288 2910 neminem
1333 2849 1646 2916 hominum,
1695 2865 1764 2904 ne
1814 2849 2037 2904 illorum

444 2950 695 3017 quidem,
725 2949 820 3020 qui
853 2947 1064 3017 majore
1098 2931 1374 3016 potestate
1397 2927 1609 3014 praediti
1640 2951 1793 3007 sunt,
1825 2941 1911 2997 vel
1944 2941 2040 2997 ah-

439 3041 814 3112 jectissimum
853 3037 1054 3092 Ia'dere
1083 3051 1267 3107 posse,
1295 3033 1400 3089 nisi
1435 3033 1580 3087 Deus
1614 3031 1924 3102 permittat,
1951 3031 2035 3084 vel

445 3137 646 3202 iratus,
668 3134 752 3188 vel
774 3142 1025 3188 nostram
1050 3130 1118 3185 ad
1144 3128 1439 3183 utilitatem
1457 3125 1784 3196 respiciens.
1812 3123 1862 3180 Is
1885 3123 2034 3179 enim

1641 410 2048 471 MANUEIJS
2094 410 2540 473 PAL/EOLOGI

3633 407 3730 468 376

2867 533 2995 588 ΚΗ.

2230 628 2514 683 Ἀκούσιον
2545 627 2715 681 κακὸν
2741 627 3052 698 νομιζέσθω
3085 643 3170 681 σοι
3201 627 3261 679 τὸ
3289 625 3454 696 μόνον
3483 641 3727 694 πεπραγ-

2148 723 2462 792 μένονξκατ’
2489 722 2740 790 ἄγνοιαν,
2769 723 2935 776 καλόν
2974 739 3039 789 γε
3100 722 3179 792 τῷ
3227 719 3476 774 ποιοῦντι
3521 720 3728 790 νομιζό-

2148 831 2331 885 μενον.
2381 815 2454 868 Τὸ
2514 815 2623 884 γὰρ
2668 815 2740 868 δι’
2797 814 3069 884 αἰσχύνην
3123 813 3452 883 γιγνόμενον
3506 812 3538 883 ἢ
3596 811 3725 878 πρδς

2143 908 2520 978 παράκλησιν,
2566 907 2600 977 ἢ
2667 907 2804 976 πρὸς
2859 905 3040 961 ὁτιοῦν
3096 905 3294 976 βίαιον,
3353 905 3413 957 οὑ
3475 902 3723 974 καθαρῶς

2142 1001 2424 1055 ἀκούσιον.
2461 1000 2534 1052 Οὐ
2571 1001 2678 1070 γὰρ
2725 1001 2752 1052 ὅ
2782 1017 2834 1052 τι
2885 999 3087 1068 βίαιον,
3121 999 3154 1069 ἦ
3209 996 3642 1068 παρακλητικὸν,
3689 996 3720 1067 ἢ

2143 1095 2467 1163 ἐφελκτικὸν
2491 1094 2691 1158 ἄλλως,
2726 1095 2757 1163 ἢ
2791 1094 2982 1166 ἕτερον
3015 1111 3066 1146 τι
3094 1093 3366 1157 τοιοῦτον,
3391 1091 3546 1163 παρά
3575 1092 3725 1143 τοῦτο

2144 1189 2243 1243 καὶ
2285 1187 2452 1242 καλὸν
2483 1187 2562 1254 τῷ
2611 1188 2927 1257 πεπραχότι
2981 1186 3272 1240 δέδοκται·
3322 1187 3390 1256 τῇ
3427 1183 3727 1256 παραθέσει

2143 1283 2476 1352 κουφότερον
2507 1281 2712 1351 ἐτέρων
2745 1276 2903 1346 οἴμαι
2934 1279 3144 1342 κακῶν,
3171 1279 3302 1332 ὥστ’
3353 1279 3404 1332 εί
3439 1277 3514 1348 μή
3546 1295 3628 1336 τις
3666 1277 3724 1330 τὸ

2143 1375 2314 1424 κακον
2346 1371 2421 1434 ὡς
2449 1371 2616 1424 καλὸν
2649 1372 2964 1440 ἐργάζοιτο,
2992 1371 3090 1424 οὐκ
3143 1368 3359 1438 ἀγνοῶν
3407 1368 3722 1439 ἐργάζεται.

2145 1468 2255 1520 Καὶ
2286 1468 2346 1520 τὸ
2398 1465 2472 1537 μὴ
2511 1474 2630 1518 κατ’
2669 1466 2899 1534 ἄγνοιαν
2939 1465 3042 1518 οὐκ
3091 1463 3372 1530 ἀκούσιον,
3399 1462 3589 1532 ὥσπερ
3630 1461 3726 1532 τὴν

2142 1560 2319 1632 ἀρχὴν
2379 1560 2620 1630 εἴρηται.
2666 1560 2775 1612 Καὶ
2823 1559 2933 1630 μὴν
2967 1559 3029 1612 τὸ
3086 1557 3164 1629 μὴ
3219 1557 3366 1611 κατά
3422 1556 3724 1626 συνείδησιν

2144 1655 2359 1725 ἀγαθὴν
2394 1652 2816 1722 ένεργοῦμινον,
2849 1653 2955 1706 κᾶν
3009 1651 3210 1714 δνδεῶς
3267 1649 3406 1721 πρὸς
3451 1649 3512 1703 τὸ
3565 1647 3726 1702 κακὸν

2145 1748 2268 1818 ἔχῃ,
2300 1746 2486 1816 χεῖρόν
2523 1747 2639 1798 ἐστι
2689 1746 2811 1816 μεθ’
2860 1745 3175 1817 ὑπερϐολῆς
3221 1742 3313 1796 τοῦ
3364 1741 3640 1812 χειρίστου
3668 1757 3726 1793 τε

2144 1842 2241 1893 καὶ
2280 1839 2674 1910 χαλεπωτέρου
2726 1837 2838 1892 τῶν
2885 1839 3132 1899 πάντων,
3168 1836 3394 1890 ἐπειδὰν
3445 1835 3520 1908 μὴ
3548 1835 3727 1905 βουλο-

2147 1931 2335 2002 μένοις
2376 1933 2509 2001 ήμῑν
2537 1929 2780 1985 ἐπέλθοι.
2823 1930 2914 1999 Μὴ
2947 1931 3132 1984 τοίνυν
3169 1930 3506 2001 πράττωμεν
3535 1927 3720 1992 κακὸν,

2143 2027 2237 2081 ἐπὶ
2260 2027 2340 2097 τῷ
2368 2026 2531 2080 λῦσαι
2592 2027 2780 2094 μεῖζον
2805 2041 2820 2058 ⁶
2867 2025 2984 2079 ἀλλ’
3025 2026 3126 2079 ὅσα
3169 2027 3269 2096 μὲν
3299 2027 3377 2087 είς
3408 2020 3727 2093 ἀνθρώπους

2141 2117 2291 2187 ἥκει,
2329 2117 2641 2186 ἀγαπῶμεν
2691 2117 3056 2187 πράττοντες,
3089 2117 3165 2178 ὡς
3211 2105 3298 2185 ’μή
3348 2132 3402 2167 τι
3453 2114 3728 2184 μήσαιμεν

2143 2212 2331 2264 κακῶν
2378 2211 2604 2274 ἑκόντες
2655 2211 2812 2275 ὄντες
2858 2212 2994 2280 ἡμῖν
3042 2213 3254 2274 αὐτοῖς.
3288 2202 3391 2262 Ὦν
3423 2209 3479 2262 δὲ
3512 2207 3726 2259 τελέσαι

2143 2302 2349 2371 Κύριος
2389 2303 2549 2372 μόνος
2599 2305 2628 2357 ὁ
2677 2303 2810 2367 Θεός
2861 2305 3004 2367 ἐστι,
3034 2304 3198 2357 ταυτὶ⁹
3225 2301 3281 2356 δὲ
3317 2300 3516 2370 ἐκείνῳ
3557 2314 3730 2351 κατα-

2141 2395 2505 2465 λιμπάνωμεν
2538 2396 2656 2466 μετ’
2689 2396 2923 2449 ἐλπίδων
2956 2395 3184 2464 ἀγαθῶν
3206 2409 3220 2425 ⁸
3252 2394 3349 2449 καὶ
3379 2395 3517 2463 ὅπερ
3545 2390 3610 2446 ἂν
3636 2389 3736 2444 αὑ-

2143 2489 2232 2554 τὸς
2259 2489 2409 2560 διδῷ,
2439 2490 2785 2561 εὐχαρίστως
2821 2489 3099 2560 φέρωμεν.

2863 2759 3006 2829 κεῖ.

2215 2858 2426 2930 Νόμιζε
2480 2857 2686 2930 μηδένα
2735 2855 3066 2927 ἀνθρώπων,
3115 2855 3209 2908 καὶ
3259 2853 3373 2915 τῶν
3413 2853 3512 2924 τὴν
3560 2852 3736 2923 μείζω

2141 2951 2374 3022 δύναμιν
2414 2951 2794 3020 κεκτημένων,
2815 2948 3080 3002 δύνασθαι
3110 2948 3311 3019 βλάψαι
3337 2948 3432 3001 καὶ
3465 2947 3558 3000 τὸν
3590 2964 3737 3016 φαυ-

2142 3047 2392 3109 λότατον,
2435 3045 2512 3116 μὴ
2568 3043 2980 3115 συγχωροῦντος
3031 3042 3124 3096 τοῦ
3187 3041 3518 3111 κρείττονος,
3574 3037 3608 3110 ἢ
3662 3039 3738 3092 δι’

2141 3136 2400 3209 ὀργὴν,ἢ
2444 3137 2579 3207 πρὸς
2617 3135 2678 3188 τὸ
2728 3135 3006 3204 ἡμέτερον
3052 3133 3372 3204 ἀφορῶντος
3429 3133 3732 3201 συμφέρον.

443 3238 500 3283 et
529 3229 670 3297 pilos
693 3233 924 3280 nostros
949 3229 1271 3278 numeratos
1297 3220 1487 3286 habet,
1521 3227 1575 3273 et
1613 3227 1720 3274 tam
1743 3231 2031 3288 passerum

2153 3230 2381 3301 Ἐκείνῳ
2408 3232 2518 3298 γὰρ
2549 3230 2642 3281 καὶ
2675 3229 2858 3298 τρίχες
2882 3226 3242 3298 ἠρίθμηνται,
3274 3230 3364 3279 καὶ
3399 3223 3508 3278 τῶν
3537 3241 3734 3294 στρου-

452 3336 622 3394 quam
663 3319 923 3374 viliorum
973 3330 1194 3386 quoque
1227 3329 1410 3369 rerum
1461 3327 1651 3367 curam
1693 3311 1850 3381 gerit.
1903 3310 2038 3377 Quae

456 3430 585 3470 cum
645 3414 717 3468 ita
769 3413 902 3478 sint,
938 3409 1058 3479 quis
1098 3408 1296 3462 animae
1346 3405 1506 3474 quasi
1563 3419 1761 3460 manus
1811 3403 2039 3474 injicere

448 3507 649 3580 possit,
679 3505 764 3560 vel
811 3505 907 3559 uni
953 3503 1147 3558 saltem
1181 3499 1301 3570 ejus
1335 3498 1606 3564 facultati,
1646 3495 1730 3553 vel
1762 3496 2038 3553 atlcctioni

442 3605 621 3667 bonae,
647 3600 776 3654 licet
799 3597 1058 3652 adhibeat
1080 3594 1381 3666 promissa,
1407 3591 1605 3656 minas,
1633 3591 1742 3646 vim
1767 3589 2036 3659 denique;

444 3695 490 3750 si
539 3708 650 3748 non
684 3692 800 3760 ipsa
831 3689 988 3760 prius
1020 3686 1386 3750 assentiatur,
1418 3696 1472 3739 et
1500 3682 1830 3752 corruptela
1860 3683 2039 3739 labem

441 3784 698 3840 admittat
717 3783 740 3836 ?
761 3782 824 3836 Et
842 3779 976 3851 quid
997 3771 1097 3849 e'go
1123 3777 1190 3832 de
1211 3774 1436 3831 homine
1460 3772 1695 3843 loquor?
1725 3788 1792 3828 ne
1815 3771 2039 3842 quidem

443 3877 522 3931 illi
551 3864 839 3930 nectendis
893 3871 1037 3927 dolis
1071 3867 1351 3924 vafer-rimi
1386 3863 1620 3936 spiritus
1650 3863 1756 3919 hoc
1783 3871 2036 3934 possunt.

443 3969 798 4038 Quapropter
821 3981 888 4021 ea
925 3963 1165 4035 primum
1199 3967 1452 4031 agentes,
1491 3973 1614 4029 quae.
1643 3956 1792 4027 justa
1821 3964 1878 4010 et
1902 3969 2040 4011 con-

445 4071 711 4119 sentanea
733 4067 888 4125 sunt,
913 4055 1112 4112 deinde
1134 4057 1244 4110 Deo
1265 4053 1414 4118 freti,
1437 4065 1546 4107 non
1575 4049 1908 4114 terroribus,
1929 4065 2040 4103 non

444 4159 521 4224 vi,
557 4171 662 4210 non
697 4151 977 4210 illecebris
1010 4166 1038 4204 a
1069 4158 1221 4205 recta
1247 4147 1444 4203 semita
1467 4145 1848 4201 dcﬂectamus.
1880 4142 2039 4210 Quod

447 4251 492 4305 si
525 4248 675 4302 vitiis
700 4243 1002 4315 aliquando
1035 4239 1504 4296 succubuerimus
1533 4238 1646 4308 (vix
1673 4237 1822 4292 enim
1852 4235 1908 4291 in
1941 4250 2040 4290 au-

449 4341 597 4412 gelos
631 4337 955 4393 immunitas
988 4334 1056 4388 ab
1091 4333 1244 4387 omni
1285 4332 1445 4402 lapsu
1475 4329 1669 4397 cadit),
1709 4329 1870 4385 nobis
1899 4329 2038 4398 ipsis

450 4445 732 4506 peccatum
763 4432 1132 4498 ascribamus,
1167 4429 1273 4484 nisi
1309 4443 1405 4500 per
1441 4427 1848 4498 ignorationem
1882 4442 2042 4496 pror-

449 4546 545 4584 sus
577 4527 805 4581 acridit.
846 4524 983 4580 Nam
1039 4523 1127 4589 iis,
1182 4523 1279 4593 qui
1309 4523 1517 4576 malum
1561 4535 1685 4576 esse
1723 4529 1944 4582 norant,
1975 4533 2038 4572 ac

2142 3324 2275 3376 θίων
2295 3321 2546 3392 ,φροντίς
2590 3321 2728 3381 ἐστι,
2779 3321 2876 3372 καὶ
2933 3319 3288 3388 φαυλοτέρων
3350 3317 3725 3388 πραγμάτων.

2124 3414 2275 3475 ,Ὅτε
2307 3413 2363 3465 δὲ
2391 3412 2544 3464 ταῦθ’
2577 3410 2750 3475 οὕτως
2796 3412 2931 3481 ἔχει,
2961 3411 3046 3474 τίς
3078 3411 3145 3464 ἂν
3175 3410 3355 3480 ψυχῆς
3401 3407 3734 3477 καθάψαιτο,

2142 3507 2174 3578 ἢ
2205 3507 2338 3572 γοῦν
2371 3506 2504 3576 μιᾶς
2561 3505 2768 3582 ταύτης
2797 3506 3101 3575 δυνάμεως,
3127 3505 3159 3576 ἢ
3185 3504 3476 3567 διαθέσεως
3499 3520 3739 3573 χρηστο-
3834 3527 3840 3538 -

2143 3601 2328 3667 τέρας,
2368 3598 2470 3651 κᾶν
2506 3599 2860 3667 ὑπισχνῆται,
2892 3596 2996 3651 κᾶν
3050 3599 3272 3666 ἀπειλῇ,
3311 3595 3413 3650 κᾶν
3442 3594 3735 3665 βιάζηται,

2146 3691 2221 3762 μὴ
2274 3687 2614 3760 συνθεμένης
2666 3689 2887 3759 πρῶτον
2923 3687 3120 3759 αὐτῆς,
3163 3690 3259 3742 καὶ
3307 3687 3741 3758 προστριϐείτης

2141 3785 2206 3855 τῇ
2235 3783 2420 3855 Mityn;
2463 3781 2631 3836 Ἀλλὰ
2679 3781 2736 3836 τί
2779 3783 2872 3836 τὸν
2903 3782 3197 3854 ἄνθρωπον
3229 3782 3412 3850 λέγω;
3444 3781 3552 3834 οὐδ’
3594 3782 3746 3834 αὐτὰ

2141 3875 2212 3928 τὰ
2244 3877 2578 3944 κακουργεῖν
2624 3874 2920 3942 σοφώτατα
2954 3873 3251 3944 πνεύματα
3298 3872 3458 3927 τοῦτο
3487 3871 3741 3926 δύναται.

2133 3958 2311 4020 ’Ὥστε
2352 3969 2421 4022 τὰ
2471 3967 2774 4037 γιγνόμενα
2807 3966 3027 4035 πρῶτον
3076 3966 3434 4036 πράττοντες,
3465 3961 3584 4018 εἶτα
3611 3963 3745 4032 Θεῷ

2143 4060 2548 4131 θαρρήσαντες,
2601 4059 2674 4130 μὴ
2709 4060 2918 4129 φόσοις,
2962 4059 3038 4131 μὴ
3084 4059 3254 4131 βίαις,
3287 4058 3364 4131 μὴ
3399 4056 3749 4126 δελεάσμασι

2143 4151 2574 4224 παρενεχθῶμεν
2603 4151 2707 4223 τῆς
2737 4153 3006 4224 ἀτραποῦ.
3030 4154 3130 4207 “Av
3159 4152 3216 4207 δέ
3249 4153 3352 4207 πού
3380 4167 3444 4219 γε
3470 4150 3747 4222 φανῶμεν

2141 4244 2341 4313 ἥττους
2392 4243 2453 4296 οὑ
2503 4243 2687 4297 καλῶν
2738 4245 2918 4314 ἔργων
2976 4243 3158 4316 (μόλις
3215 4243 3326 4316 γὰρ
3375 4243 3625 4312 ἀγγέλων
3680 4243 3753 4295 τὸ

2142 4334 2488 4404 ἄπταιστον),
2530 4337 2663 4406 ἡμῖν
2697 4339 2884 4401 αὐτοῖς
2930 4337 3032 4408 τὴν
3085 4336 3368 4407 ἁμαρτίαν
3419 4333 3746 4402 ἀναθετέον,

2142 4429 2192 4480 εί
2225 4428 2300 4498 μὴ
2333 4428 2456 4482 κατ’
2489 4427 2717 4496 ἄγνοιαν
2744 4429 2882 4493 ὅλως
2911 4431 3159 4498 γέγονεν.
3195 4427 3378 4481 Είδόσι
3421 4426 3532 4498 γὰρ
3559 4426 3746 4494 αὐτὴν

2143 4519 2334 4586 κακὸν,
2354 4519 2444 4574 διά
2475 4538 2524 4574 τι
2551 4520 2597 4574 δ’
2625 4517 2719 4575 οὖν
2743 4523 3134 4592 ἐνεργήσασιν,
3161 4520 3223 4573 οὐ
3249 4519 3496 4581 λείπεται
3525 4521 3746 4590 παραί-

448 4623 816 4676 nihilominus
847 4619 920 4674 ob
947 4617 1188 4686 aliquam
1224 4629 1448 4671 causam
1483 4610 1843 4678 admiserint,
1876 4625 2043 4666 excu-
2077 4607 2122 4667 D
2147 4629 2325 4684 τησις.

451 4713 595 4769 satio
629 4712 780 4766 nulla
812 4716 1063 4780 supcrat.

1140 4797 1359 4854 XXVII.

521 4899 808 4954 Arbitrare
839 4910 937 4951 cor
973 4904 1154 4957 tuum,
1191 4893 1397 4946 bonum
1447 4890 1612 4960 quasi
1647 4889 1921 4959 quoddam
1951 4905 2046 4946 so-

453 4995 564 5048 lum
603 5006 729 5046 esse
761 5007 857 5060 per
889 5004 966 5054 se,
1001 4984 1151 5057 quod
1183 4986 1252 5039 ob
1305 4983 1622 5038 ariditatem
1655 4983 1802 5038 illam
1833 4991 2046 5038 naturae

454 5097 804 5139 communem
833 5082 920 5148 (de
941 5086 1164 5148 peccato
1186 5075 1489 5146 primorum
1515 5085 1802 5143 parentum
1827 5074 2044 5144 loquor,

453 5186 679 5247 propter
724 5173 871 5243 qttod
911 5170 1064 5226 omni
1096 5167 1424 5237 :excidimus
1460 5165 1865 5238 gratia),'nihil
1917 5169 2043 5224 boni

455 5271 739 5338 producat.
776 5264 980 5320 Deinde
1034 5278 1129 5333 per
1185 5262 1545 5332 baptismum,
1594 5263 1746 5316 velut
1796 5273 2040 5316 aratrum

403 5377 432 5403 κ’
453 5359 756 5430 quoddam,
787 5365 1137 5426 repurgatum
1163 5370 1285 5411 esse
1307 5356 1412 5411 Deo
1439 5374 1453 5420 ;
1480 5363 1534 5410 et
1552 5371 1648 5425 per
1670 5354 2048 5425 irrigationenr

454 5450 750 5520 unguenti,
781 5455 848 5503 de
881 5449 1020 5503 duro
1047 5447 1187 5502 male
1218 5446 1450 5511 factum,
1480 5455 1538 5502 et
1561 5448 1750 5503 odoris
1787 5449 1934 5511 loco,
1965 5447 2045 5500 ni-

454 5543 531 5598 hil
563 5542 818 5596 hahentis
849 5540 1010 5610 grati,
1041 5541 1266 5592 odorem
1312 5539 1740 5608 fragrantiorem
1775 5553 2042 5594 consecu-

455 5644 612 5701 tum;
652 5634 910 5688 mandata
942 5633 1181 5701 denique
1212 5631 1426 5694 divina,
1463 5632 1623 5700 quasi
1653 5633 1928 5700 quoddam
1958 5647 2045 5686 se-

453 5745 601 5791 men,
646 5727 968 5796 accepisse;
1009 5727 1155 5795 quod
1211 5723 1358 5778 intra
1395 5735 1456 5778 se
1484 5723 1721 5793 jactura,
1781 5723 1831 5778 vi
1864 5723 2043 5792 poculi

456 5833 774 5887 mensaeque
807 5833 979 5871 sacrae
1010 5815 1237 5879 nutriat,
1296 5814 1699 5867 incrementum
1731 5823 1783 5867 et
1814 5813 2047 5867 maturi-

459 5919 626 5964 tatem
660 5910 923 5980 perducat
952 5918 1116 5978 atque
1159 5912 1476 5963 conservet.
1510 5906 1611 5959 Per
1639 5905 1828 5962 lolium
1859 5915 2044 5961 autem

2882 4802 3009 4855 KZ'.

2219 4891 2350 4944 Νὸει
2394 4909 2480 4961 μοι
2517 4894 2617 4959 τὴν
2669 4893 2768 4962 σὴν
2821 4894 3053 4964 καρδίαν
3103 4896 3266 4948 οἱονεὶ
3320 4895 3601 4964 χρησίμην
3631 4891 3756 4960 γῆν

2149 4983 2210 5037 τὸ
2264 4983 2389 5038 καθ’
2439 4985 2610 5054 αὐτὴν
2660 4981 2848 5050 οὖσαν,
2884 4989 2976 5039 καὶ
3028 4987 3108 5056 τῷ
3159 4987 3323 5060 κοινῷ
3369 4989 3466 5056 τῆς
3521 4987 3753 5055 φύσεως

2147 5075 2346 5145 αὐχμῷ
2398 5077 2565 5146 (λέγω
2603 5077 2667 5146 δὴ
2713 5080 2812 5147 τὴν
2862 5080 3281 5150 προπατορικὴν
3333 5078 3634 5150 ἁμαρτίαν,
3669 5079 3753 5132 δι’

2148 5169 2215 5237 ἢν
2265 5169 2364 5238 τῆς
2433 5169 2661 5238 χάριτος
2723 5171 3197 5242 ἐκπεπτώκαμεν)
3257 5172 3501 5240 φύουσαν
3563 5173 3752 5240 μηδὲν

2151 5261 2321 5328 ὑγιές.
2385 5257 2518 5316 Εἶτα
2578 5262 2654 5330 τῷ
2713 5263 3049 5332 βαπτίσματι
3104 5265 3297 5336 ὥσπερ
3356 5266 3576 5336 ἀρότρῳ
3628 5267 3758 5318 τινὶ

2149 5353 2629 5423 άνακαθαρθεῖσαν
2657 5355 2795 5423 Θεῷ,
2830 5358 2926 5409 καὶ
2957 5361 3024 5428 τῇ
3071 5359 3164 5410 τοῦ
3201 5358 3374 5428 μύρου
3406 5357 3596 5428 ἀρδείᾳ
3628 5359 3758 5412 ἀπὸ

2151 5445 2396 5516 σκληρᾶς
2425 5448 2507 5509 είς
2544 5448 2761 5517 ἁπαλὴν
2795 5451 3292 5520 μετενηνεγμένην,
3330 5451 3422 5503 καὶ
3465 5449 3524 5514 ἐξ
3553 5451 3756 5520 ὀσμῆς

2147 5539 2301 5593 οὐδὲν
2351 5539 2584 5609 ἐχούσης
2637 5542 2824 5611 χάριεν
2879 5544 2960 5606 είς
3009 5545 3382 5614 εὐωδεστέραν
3431 5545 3754 5600 ἑλθοῦσαν·

2151 5633 2354 5703 σπόρον
2383 5633 2440 5685 δὲ
2471 5636 2570 5696 τὰς
2604 5636 2827 5698 ἐντολὰς
2877 5636 3186 5707 δεξαμένην
3209 5655 3221 5666 ·
3261 5642 3352 5692 καὶ
3385 5642 3449 5709 τῇ
3505 5638 3600 5692 τοῦ
3637 5659 3756 5691 πο-

2146 5726 2338 5796 τηρίου
2382 5727 2634 5798 δυνάμει,
2676 5729 2771 5781 καὶ
2812 5729 2912 5796 τῆς
2961 5730 3266 5798 τραπέζης,
3299 5734 3610 5801 τρέφουσαν
3642 5736 3759 5786 καὶ

2147 5816 2419 5882 αὔξουσαν
2461 5819 2521 5872 τὸ
2563 5821 2928 5889 καταϐληθὲν,
2963 5823 3052 5874 καὶ
3107 5823 3442 5887 τελειοῦσαν,
3476 5826 3571 5877 καὶ
3617 5826 3758 5876 δια-

2150 5910 2454 5972 σώζουσαν.
2491 5911 2718 5974 Ζιζάνια
2763 5913 2819 5966 δὲ
2851 5913 2960 5966 τῶν
3005 5914 3220 5985 ἐχθρῶν
3264 5918 3363 5978 τὰς
3396 5917 3746 5981 ὑπερϐολὰς.
