3950 6430
257 317 354 382 337

1243 325 1667 390 PRAECEPTA
1711 329 2157 392 EDUCATION
2171 331 2241 392 IS
2276 330 2554 393 REGIZE.

3406 336 3511 399 333

250 436 480 501 καὶοτὰς
526 436 803 510 μηχανὰς,
830 440 930 513 οὐχ
975 436 1142 515 ἦττον
1188 437 1347 516 οἶμαι
1397 447 1509 500 τῶν
1568 425 1828 518 πονηρῶν

1939 449 2175 504 hostium
2209 450 2452 519 intellige
2485 446 2831 518 superjectus
2860 458 3027 519 atque
3056 450 3367 519 machinas,
3402 469 3510 509 non

249 533 625 604 ἀνθρώπων,ῆ
658 533 758 598 τὰς
801 538 910 588 τῶν
949 536 1221 607 δαιμόνων
1252 537 1465 592 αὐτῶν·
1494 532 1573 594 ὧν
1619 538 1816 608 καιρὸς

248 627 319 691 είς
346 625 408 680 τδ
456 629 732 699 σπαρῆναι
761 629 823 683 τὸ
850 629 951 700 τῆς
982 630 1223 695 διανοίας
1251 631 1410 701 ἡμῶν
1449 631 1651 702 ἀμελές
1677 633 1819 685 ἐστι.

252 719 385 790 Πρός
414 735 478 788 γε
512 720 612 792 τὴν
644 718 817 792 αὔξην
856 721 891 791 ἡ
934 722 1167 794 δύναμις
1200 723 1261 778 τὸ
1296 723 1431 796 πρὸς
1466 724 1566 789 τὰς
1594 725 1822 789 ἐντολὰς

250 810 523 882 ὀλιγώρως
548 812 702 884 ημᾶς
729 811 898 884 ἔχειν.
923 813 1086 867 Ὥστε
1111 813 1174 868 τὸ
1219 815 1391 870 κακὸν
1421 814 1644 887 ἀληθῶς
1679 815 1821 884 pd).-

251 902 331 956 λον
357 902 625 974 ἡμέτερόν
647 902 786 967 ἐστι,
819 904 930 957 τῶν
960 904 1339 975 ὲκλελυμένων
1368 906 1466 960 καὶ
1488 906 1820 960 ἀναπεπτω-

175 1038 180 1042 .
250 996 435 1062 κάτων,
489 994 521 1066 ἢ
577 995 688 1050 τῶν
737 995 939 1060 ἔξωθεν
995 996 1229 1068 ἐχθρῶν,
1273 992 1373 1061 οἷς,
1406 1001 1442 1070 ἡ
1495 999 1595 1069 τῆς
1642 997 1823 1067 λύμης

252 1086 399 1155 ίσχῦς
443 1086 476 1156 ἡ
502 1084 613 1140 τῶν
645 1085 889 1150 ἐκείνους
928 1086 1238 1158 δεχομένων
1286 1088 1555 1159 χαυνότης
1603 1086 1825 1150 πάντως

250 1176 415 1232 δστίν.

953 1360 1089 1417 εἰῐΡ.
1454 1410 1459 1413 .

312 1444 388 1503 Ἦ
415 1449 527 1503 τῶν
564 1449 651 1517 ἐφ’
679 1450 815 1521 ἡμῖν
845 1449 907 1505 δν
934 1452 996 1504 τό
1030 1469 1088 1506 τε
1132 1454 1430 1510 πεπεῖσθαι
1460 1457 1576 1520 τοῖς
1605 1456 1829 1528 δαίμοσι

247 1545 339 1598 καὶ
382 1547 494 1607 τοῖς
528 1543 774 1614 Ἱρθόροις
822 1545 1158 1617 ἀνθρώποις,
1193 1549 1254 1601 τό
1300 1566 1361 1603 τε
1411 1549 1711 1605 δια-πτύσαι
1760 1551 1832 1606 τὰ

242 1637 444 1691 τούτων
476 1635 844 1707 βουλεύματα,
868 1639 1288 1709 παραινούντων
1310 1643 1446 1713 ἡμῖν
1469 1643 1536 1698 τὰ
1555 1644 1828 1715 χείριστα.

246 1730 314 1783 Te
340 1729 430 1783 τὸν
474 1729 654 1785 αὐτῶν
699 1730 986 1785 αἰτιᾶσθαι
1032 1722 1253 1802 φθόνον,
1287 1735 1382 1790 καλ⁵
1433 1735 1495 1789 τδ
1526 1737 1834 1821 κακόηθες,

247 1822 390 1891 ἡμᾶς
433 1821 632 1885 αὐτοὺς
661 1821 838 1886 αίτίας
872 1822 1324 1895 ἐλευθεροῦντας,
1353 1826 1577 1882 ἐπειδάν
1623 1845 1683 1881 τι.
1709 1829 1821 1882 τῶν

247 1913 425 1968 κακῶν
464 1913 802 1984 ἐνεργῶμεν.
832 1915 1038 1984 ματαία
1085 1916 1291 1988 σκῆψις
1330 1919 1427 1972 καὶ
1457 1920 1626 1995 λῆρος
1659 1920 1822 1991 ἐσχα-

247 2022 354 2068 τος.
379 2004 568 2068 οὐδεὶς
594 2005 705 2076 γὰρ
731 2005 1071 2060 οὐδεπώποτ’
1103 2007 1171 2063 ἂν
1203 2010 1426 2066 ἔπεισεν
1464 2012 1656 2067 οὐδένα
1687 2014 1823 2066 πάν-

245 2113 347 2151 των
391 2095 717 2168 ἀνθρώπων,
756 2098 832 2171 μὴ
878 2099 1287 2172 βεϐουλημένον
1335 2104 1654 2173 πεισθῆναι.
1692 2106 1822 2169 Πῶς

248 2189 384 2260 τάρς
419 2189 582 2243 Ὥστε
626 2191 858 2264 γνώμης
904 2192 966 2246 τὸ
1000 2193 1318 2250 πεπεῖσθαι.
1349 2194 1523 2250 Τοῦτο
1554 2197 1611 2250 δὲ
1656 2198 1818 2253 ἑκού-

256 2299 366 2334 σιον
391 2282 478 2337 καὶ
509 2281 798 2354 ἡμέτερον,
824 2283 887 2339 οὐ
912 2284 1019 2338 τῶν
1049 2286 1308 2357 θύραθεν.
1342 2288 1401 2342 Εί
1432 2290 1536 2359 μὲν
1560 2289 1653 2344 οῦν
1680 2292 1820 2362 πρὸς

262 2376 378 2443 βίαν
400 2379 523 2449 ἡμῖν
552 2380 765 2449 ἐγίνετο
797 2381 857 2435 τὸ
893 2362 1210 2450 πεπεῖσθαι,
1237 2383 1400 2448 ἄλλος
1446 2387 1514 2440 ἄν
1564 2405 1649 2441 σοι
1687 2388 1821 2459 παρ’

250 2469 400 2540 ἡμῶν
443 2471 662 2539 ἐγένετο
704 2471 863 2543 λόγος
888 2489 904 2504 ”
946 2473 1138 2547 ἐπειδὴ
1173 2476 1228 2529 δὲ
1264 2479 1642 2549 προαιρέσεως
1681 2483 1821 2550 ἡμε-

243 2563 422 2634 τέρας,
447 2562 655 2635 ταύτης
701 2564 758 2618 δὲ
789 2565 982 2634 κύριος
1024 2567 1185 2634 μόνος
1216 2569 1245 2621 ό
1285 2570 1646 2640 κεκτημένος,
1678 2573 1816 2640 ἀγα-

240 2654 389 2723 πητὰ
435 2653 507 2707 τὰ
542 2653 822 2725 λεχθέντα.
863 2655 1054 2725 Ἀρκεῖ
1102 2656 1213 2725 γὰρ
1266 2657 1440 2712 ταῦτα
1493 2659 1665 2727 δεῖξαι
1717 2662 1812 2717 τὸν

240 2744 525 2816 ἄνθρωπον
556 2745 780 2813 ἀγαθὸν,
814 2746 880 2818 ἣν
910 2747 1090 2820 ἐθέλῃ,
1120 2749 1215 2801 καὶ
1259 2748 1433 2804 κακὸν
1471 2752 1822 2822 γιγνόμενον,

238 2839 324 2892 ὅτι
361 2836 543 2892 θέλει·
585 2837 722 2909 ὅπερ
771 2838 879 2893 ἔδει
930 2839 1149 2903 πάντως
1181 2840 1468 2910 δεδεῖχθαι.
1500 2844 1823 2912 Καταγελα-

242 2930 397 2985 στέον
425 2930 488 3003 δὴ
514 2929 581 2984 τὰ
606 2930 734 2995 τοὺς
758 2931 988 2997 πολλοὺς
1013 2933 1286 3001 κηλοῦντα
1319 2935 1414 2989 καὶ
1444 2934 1820 3006 δεδιττόμενα,

244 3025 339 3078 καὶ
366 3024 592 3080 δοκείτω
629 3025 838 3081 διωκτὰ
888 3027 990 3098 μὲν
1025 3027 1188 3096 μόνον
1219 3026 1427 3091 ἐκεῖνα,
1463 3028 1606 3085 ἄττα
1634 3030 1697 3103 δὴ
1730 3033 1824 3086 τὸν

1929 541 2111 598 minus
2144 542 2520 611 improborum
2549 543 2630 611 (ut
2653 542 2904 611 equidem
2937 543 3197 614 arbitror)
3225 545 3510 601 hominum

1924 647 2089 703 quam
2118 633 2373 703 ipsorum
2428 633 2739 688 daemonum
2771 651 2785 688 :
2852 651 3088 706 quorum
3125 640 3515 707 opportunitas

1930 726 1998 782 ad
2033 736 2334 784 sementem
2395 727 2701 783 faciendam
2737 737 2941 784 nostra:
2974 732 3177 787 mentis
3208 737 3291 786 est
3320 731 3511 787 indili-

1930 814 2113 889 gentia
2141 833 2156 883 ;
2191 819 2576 873 succrescendi
2630 835 2762 874 vero
2794 820 3031 878 facultas
3060 839 3089 878 a
3118 833 3307 880 nostra
3338 825 3393 878 in
3418 826 3516 880 ob-

1932 910 2222 966 servandis
2263 911 2554 980 pracceptis
2601 911 2903 968 oseitantia
2954 913 3342 983 proﬁciscitur.
3393 916 3509 982 Qut.

1934 1004 2017 1064 lit,
2048 1004 2253 1059 malum
2311 1013 2372 1059 ut
2416 1005 2601 1073 potius
2663 1006 3023 1075 nostrumvsit
3061 1006 3513 1075 exrstimandum,

1930 1099 2024 1166 qui
2061 1097 2320 1153 dissoluti
2351 1107 2407 1153 et
2450 1097 2628 1167 supini
2681 1112 2897 1162 sumus,
2935 1114 3100 1168 quam
3154 1109 3512 1154 externorum

1932 1190 2168 1245 hostium
2194 1205 2459 1260 :quornm
2487 1189 2668 1246 omnis
2688 1190 2742 1244 in
2773 1190 3176 1260 corrumpendo
3202 1191 3285 1246 vis
3340 1191 3518 1244 omni-

1931 1296 2006 1336 no
2034 1281 2233 1352 pendet
2264 1283 2332 1336 ab
2379 1281 2596 1336 illorum
2636 1281 2892 1350 segnitie,
2921 1282 3015 1351 qui
3069 1295 3165 1337 eos
3192 1281 3513 1336 admittunt.

2090 1374 2100 1381 ’
2600 1372 2843 1429 XXVI".

2005 1467 2140 1522 Tam
2185 1468 2569 1536 obtemperare
2602 1468 2953 1523 daemonibus
2999 1481 3064 1521 ac
3101 1467 3378 1536 pestiferis
3414 1469 3512 1521 ho-

1900 1614 1905 1623 ,
1935 1559 2201 1624 minibus,
2240 1574 2403 1629 quam
2438 1559 2785 1623 earumdem,
2829 1560 2897 1613 ad
2927 1559 3163 1629 pessima
3219 1559 3517 1613 cohortan-

1936 1652 2097 1717 tium,
2129 1653 2364 1707 consilia
2405 1666 2691 1721 respuere.
2743 1659 2934 1706 nostra
2966 1651 3129 1705 situm
3157 1660 3242 1705 est
3268 1650 3325 1703 in
3365 1659 3516 1719 pote-

1934 1752 2098 1800 state.
2124 1742 2458 1798 Eorumdem
2492 1752 2548 1798 et
2578 1743 2841 1798 invidiam
2869 1750 2923 1798 et
2954 1742 3225 1797 malitiam
3252 1757 3519 1797 accusare

1936 1852 2064 1894 cum
2129 1836 2259 1891 mali
2295 1834 2426 1905 quid
2453 1818 2856 1905 ~designamus,
2910 1844 3132 1890 nosmet
3184 1836 3334 1904 ipsos
3365 1836 3516 1889 omni

1928 1929 2087 1998 culpa
2115 1927 2420 1990 liberaudo,
2449 1935 2745 1995 praetextus
2768 1941 2939 1979 vanus
2960 1933 3064 1988 est,
3089 1933 3518 1994 extremumque

1928 2018 2224 2085 delirium;
2257 2018 2458 2087 quippe
2508 2030 2672 2070 nemo
2730 2031 2973 2084 unquam
3027 2016 3200 2069 ullum
3250 2015 3509 2069 omnium

1927 2110 2246 2165 mortalium
2300 2108 2582 2164 suadendo
2617 2107 2856 2176 impulit,
2890 2108 2984 2176 qui
3036 2106 3358 2177 persuaderi
3414 2123 3513 2159 no-

1929 2201 2143 2256 luisset.
2171 2198 2292 2265 Quo
2314 2199 2468 2253 enim
2493 2199 2549 2252 in
2579 2209 2739 2269 pacto
2775 2198 2891 2252 ﬁeri
2946 2198 3117 2266 possit
3140 2198 3162 2251 ?
3185 2197 3245 2251 in
3274 2196 3518 2252 hominis

1928 2293 2097 2363 igitur
2148 2300 2231 2347 est
2267 2290 2502 2346 arbitrio
2537 2291 2728 2358 situm,
2782 2300 2840 2346 ut
2888 2289 3308 2360 persuadeatur.
3352 2291 3510 2356 Quod

1930 2395 2108 2440 autem
2148 2384 2236 2445 ita
2289 2391 2670 2453 comparatum
2721 2389 2828 2446 est,
2885 2380 3250 2438 voluntarium
3303 2391 3408 2445 est,
3451 2396 3515 2435 ac

1932 2485 2209 2542 nostrum,
2244 2491 2352 2531 non
2380 2475 2775 2531 extrariorum.
2810 2473 2965 2540 Quod
2998 2475 3041 2528 si
3073 2476 3125 2529 vi
3157 2473 3313 2529 lieret
3338 2473 3393 2527 in
3422 2489 3521 2527 no-

1917 2546 2018 2627 ’ωε
2058 2569 2366 2639 persuasio,
2400 2568 2506 2623 alia
2545 2577 2830 2623 uteremur
2858 2568 3128 2621 oratione.
3185 2563 3342 2619 Nunc
3388 2579 3513 2620 cum

1933 2678 1961 2717 a
1997 2670 2186 2717 nostra
2211 2661 2453 2732 pendeat
2476 2659 2773 2726 electione,
2801 2659 2959 2727 cujus
2986 2658 3245 2715 dominus
3274 2666 3360 2712 est
3381 2657 3522 2712 dun-

1934 2765 2086 2810 taxat
2124 2755 2194 2820 is,
2223 2756 2315 2826 qui
2345 2769 2405 2809 ea
2434 2753 2701 2824 praeditus
2733 2763 2961 2822 estquae
2993 2752 3252 2818 dicimus,
3284 2749 3524 2822 amplec-

1935 2848 2101 2903 tenda
2127 2848 2375 2902 veniunt.
2405 2846 2616 2917 Quippe
2647 2846 2786 2901 satis
2812 2854 2920 2910 est,
2950 2845 3020 2900 iis
3048 2844 3292 2915 probari,
3314 2841 3520 2897 bonum

1932 2957 2057 2998 esse
2088 2940 2393 3007 hominem,
2435 2940 2480 2994 si
2516 2938 2645 2994 velit
2681 2947 2731 2994 et
2770 2937 2973 2992 malum
3008 2937 3149 3001 ﬁeri,
3185 2935 3316 3006 quia
3345 2933 3518 2989 velit:

1934 3036 2081 3105 quod
2138 3034 2366 3090 omnino
2400 3034 2845 3088 demonstratum
2878 3030 3147 3101 oportuit.
3177 3032 3257 3084 Ae
3291 3029 3525 3099 proinde

244 3117 449 3186 ἀγαθὸν
478 3118 613 3188 ἡμίν
644 3117 943 3173 συνάπτειν
979 3118 1277 3188 δεσπότην,
1311 3121 1525 3188 φευκτὰ
1554 3123 1609 3176 δὲ
1640 3124 1821 3179 πάντα

1939 3129 2111 3183 risum
2137 3134 2442 3186 merentur,
2485 3139 2611 3194 quae
2660 3123 2859 3191 vulgus
2915 3122 3205 3176 hominum
3262 3120 3520 3207 decipere

244 3211 343 3265 καὶ
370 3210 599 3283 φοϐερὰ,
628 3212 731 3266 ὅσα
763 3213 857 3266 τὶν
886 3212 1048 3284 μόνον
1072 3212 1305 3283 φοϐερὸν
1336 3214 1668 3286 συγκρούειν
1694 3219 1829 3290 ήμίν

236 3301 488 3360 δύναται.

1937 3219 2331 3288 ιοττίιοτειιιιοι
2364 3216 2565 3280 solent,
2617 3231 2680 3271 ac
2715 3214 3091 3275 statuendum,
3145 3229 3210 3268 ea
3277 3221 3522 3267 tantum-

1936 3314 2101 3370 modo
2126 3311 2454 3381 expetenda,
2483 3325 2607 3380 quae
2636 3309 2840 3363 bonum
2866 3306 3021 3360 illmn
3046 3305 3330 3360 dominum
3362 3303 3526 3359 nobis

242 3397 567 3466 conciliare,
606 3396 863 3470 fugienda
914 3413 1045 3455 vero
1087 3414 1211 3458 esse
1249 3416 1316 3459 ac
1350 3378 1643 3474 terribilia,
1687 3423 2037 3483 quaecunque
2086 3409 2264 3465 solum
2322 3405 2480 3460 illum
2533 3401 2834 3460 terribilem
2885 3401 3178 3456 adversum
3241 3414 3342 3454 nos
3392 3412 3534 3453 con-

154 3518 169 3522 ι
240 3490 418 3546 citare
445 3498 695 3560 possunt.

972 3586 1105 3643 KB'.
1140 3588 1151 3593 ’

320 3676 537 3731 Πολλῶν
586 3693 650 3746 γε
708 3674 925 3748 θρήνων
986 3677 1159 3745 ἄξιον,
1226 3679 1482 3748 ἐξουσίαν
1538 3684 1831 3756 είληφότας

241 3770 414 3823 τέκνα
446 3765 583 3822 Θεοῦ
616 3767 896 3836 γενέσθαι,
922 3768 1111 3824 ἔπειτα
1142 3771 1420 3827 δουλεύειν
1452 3776 1661 3831 ἐθέλειν
1682 3793 1697 3808 °
1734 3780 1831 3832 καὶ
1866 3790 1871 3795 ’

242 3864 441 3916 τούτου
465 3862 723 3933 τυχόντας
753 3861 949 3932 βοηθοῦ
976 3863 1117 3917 κατὰ
1148 3866 1257 3919 τῶν
1287 3866 1479 3922 παθῶν
1505 3885 1562 3922 τε
1597 3872 1693 3925 καὶ
1721 3871 1830 3925 τῶν

241 3952 542 4024 δαιμόνων,
595 3953 786 4024 ὥσπερ
823 3954 924 4024 τὴν
971 3951 1228 4026 βοήθειαν
1275 3959 1599 4027 φεύγοντας,
1635 3963 1831 4032 ἥττους

241 4047 478 4099 ἐκείνων
507 4044 834 4116 φαίνεσθαι·
873 4047 973 4100 καὶ
1020 4050 1182 4119 χεῖρα
1215 4050 1526 4120 ὀρέγοντος,
1552 4053 1653 4117 τὰς
1693 4056 1835 4124 ἡμε-

240 4141 416 4211 τέρας
453 4139 801 4193 συστέλλειν·
843 4143 942 4195 καὶ
974 4140 1277 4211 δυναμένου
1316 4143 1504 4198 δοῦναι
1528 4145 1628 4215 τὴν
1658 4142 1832 4220 ἧτταν

239 4231 712 4297 ἀνακαλέσασθαι,
739 4232 838 4286 καὶ
881 4231 1210 4302 βουλομένου
1252 4234 1413 4290 τοῦτο
1452 4238 1831 4308 δωρήσασθαι,

2634 3580 2831 3637 XXIX.

2010 3680 2108 3739 Est
2135 3679 2364 3737 omnino
2390 3675 2577 3732 multis
2611 3692 2697 3729 res
2731 3675 2893 3742 digna
2931 3675 3207 3746 lacrymis,
3240 3692 3338 3731 nos
3369 3686 3524 3741 pote-

1939 3783 2137 3832 statem
2156 3760 2415 3842 adeptos,
2450 3768 2829 3824 uteﬂiciamur
2856 3767 2947 3823 Dei
2976 3769 3094 3833 lilii,
3129 3770 3303 3824 nihilo
3338 3771 3524 3826 minus

1938 3866 2151 3924 servire
2206 3863 2389 3918 velle:
2457 3861 2630 3913 Deum
2701 3868 2898 3915 nactos
2967 3859 3356 3929 opitulator-em
3412 3872 3521 3926 tam

1942 3966 2132 4013 contra
2158 3953 2309 4017 vitia,
2339 3967 2504 4021 quam
2529 3951 2682 4020 ipsos
2705 3949 3005 4017 daemonas,
3025 3953 3173 4006 velut
3195 3966 3351 4022 opem
3374 3952 3531 4031 illam
3564 4006 3585 4021 ἢ

1931 4047 2207 4117 fugientes
2251 4045 2320 4099 ab
2352 4043 2434 4098 eis
2467 4041 2615 4096 vinci
2652 4058 2666 4095 :
2737 4057 2959 4095 manum
2999 4038 3120 4110 ipso
3183 4035 3523 4113 porrigente,

1934 4149 2157 4195 nostras
2187 4154 2218 4195 a
2251 4137 2411 4193 nobis
2466 4136 2670 4192 attrahi
2714 4151 2838 4190 cum
2882 4136 3000 4206 ipse
3032 4148 3298 4206 praestare
3328 4136 3524 4208 possit,

1935 4229 2181 4285 utetiam
2216 4227 2347 4282 victi
2401 4226 2612 4281 cladem
2667 4227 3070 4295 rcsarciamus,
3133 4229 3300 4299 idque
3336 4230 3524 4299 largiri

241 4323 540 4393 μονονουχὶ
571 4320 856 4376 διαπτύειν
900 4324 1050 4393 ἡμᾶς
1087 4323 1187 4394 τὴν
1233 4326 1415 4396 χάριν.
1448 4327 1616 4380 Ἀνευ
1651 4327 1709 4380 δὲ
1743 4331 1828 4381 καὶ

1939 4327 2104 4393 velit;
2164 4339 2262 4380 nos
2295 4341 2324 4378 e
2355 4322 2644 4395 contrario
2698 4324 2933 4395 gratiam
2970 4323 3117 4378 illam
3175 4335 3384 4379 tantum
3414 4341 3525 4381 non

234 4416 484 4486 ταυτησὶ
529 4415 629 4487 τῆς
674 4414 991 4486 ὑπερφυοῦς
1034 4417 1259 4488 ἀρωγῆς
1316 4436 1373 4472 τε
1433 4420 1529 4474 καὶ
1580 4420 1828 4491 βοηθείας

1939 4432 2224 4486 respuere.
2251 4416 2395 4482 Quin
2426 4424 2483 4469 et
2512 4414 2723 4485 absque
2755 4413 2860 4469 hac
2888 4414 3089 4484 insigni
3118 4430 3219 4485 ope
3247 4428 3412 4484 atque
3435 4431 3531 4469 au-

237 4510 420 4563 πᾶσιν
447 4506 568 4574 ἐξὸν
599 4508 826 4574 ἀγαθοῖς
866 4502 1007 4561 εῖναι
1062 4511 1544 4583 προαιρουμένοις,
1580 4512 1828 4583 σχέτλιον

1940 4510 2090 4577 xilio,
2125 4524 2251 4564 cum
2284 4507 2544 4563 onmibus
2566 4500 2877 4562 essebonis
2910 4509 3095 4568 liceat,
3125 4507 3393 4576 siquidem
3424 4506 3529 4560 hoc

234 4602 305 4655 τὸ
349 4600 426 4670 μὴ
481 4598 793 4668 βούλεσθαι.
827 4599 988 4668 Αὐτῷ
1022 4600 1132 4669 γὰρ
1173 4601 1321 4668 μόνῳ
1370 4601 1478 4657 τῶν
1516 4602 1738 4657 πάντων
1773 4605 1828 4669 ἐξ

1939 4602 2164 4669 eligant,
2200 4601 2419 4669 indigna
2465 4616 2554 4655 res
2605 4610 2714 4661 est,
2748 4614 2860 4653 non
2906 4600 3068 4663 velle,
3099 4598 3235 4654 Nam
3275 4601 3380 4656 hoc
3409 4602 3529 4655 solo

238 4692 477 4762 ἀγαθῶν
531 4693 612 4754 είς
648 4691 890 4760 φαύλους
939 4692 1238 4762 ἐρχόμεθα.
1285 4693 1352 4746 Ἡ
1400 4694 1511 4764 γὰρ
1562 4695 1627 4766 δὴ
1671 4696 1828 4765 φύσις

1940 4693 2006 4749 de
2030 4692 2194 4747 bonis
2223 4693 2406 4761 pravis
2437 4689 2724 4746 emeimur.
2772 4688 2988 4757 Quippe
3018 4699 3209 4747 natura
3243 4692 3406 4745 nobis
3462 4692 3531 4746 ab

242 4789 386 4857 ἡμῖν
407 4786 508 4855 τὴν
540 4783 768 4856 πρώτην
794 4784 974 4855 ἀγαθή
1012 4802 1073 4838 τε
1101 4785 1242 4850 ὅλως
1271 4787 1510 4854 ἐγένετο,
1549 4790 1639 4843 καὶ
1670 4792 1731 4843 ὲν
1756 4789 1828 4859 τῷ

1939 4777 2100 4840 initio
2125 4784 2265 4837 bona
2288 4798 2520 4852 prorsus
2543 4782 2783 4847 exsistit,
2810 4791 2863 4837 et
2887 4783 2938 4835 in
2964 4782 3111 4836 bono
3134 4780 3526 4851 perseverandi

254 4876 403 4947 ιιιλῷ
422 4878 702 4947 διαμεῖναι
731 4876 964 4947 δύναμιν
988 4878 1204 4948 εἴληφε.
1243 4878 1351 4932 Καὶ
1377 4879 1428 4932 ει
1469 4879 1607 4950 πρὸς
1635 4880 1697 4933 τὸ
1728 4883 1840 4951 χεῖ-

255 4985 352 5038 ρον
397 4970 498 5039 τὴν
545 4969 803 5040 βούλησιν
853 4972 1138 5024 αίτιᾶσθοιι
1169 4971 1404 5035 δίκαιον,
1440 4970 1685 5041 δηλονότι
1740 4973 1838 5027 καὶ

243 5062 393 5132 πρὸς
440 5061 712 5133 θάτερον
770 5062 935 5132 ἀρκεῖ
1006 5062 1195 5117 λοιπὸν
1254 5061 1583 5133 βουληθῆναι
1629 5064 1727 5117 καὶ
1776 5062 1839 5117 τὸ

241 5152 403 5215 είκδς
453 5154 775 5224 ἐνεργῆσαι,
811 5153 998 5225 ῥᾴδιον
1032 5153 1092 5208 ὃν
1136 5154 1198 5208 τὸ
1244 5155 1492 5225 νικῆσαι,
1527 5156 1583 5211 εί
1607 5172 1716 5209 τινι
1746 5155 1837 5211 καὶ

152 5224 169 5239 ’
242 5245 518 5315 τρόπαιον
537 5245 640 5316 ’ἀφ’
665 5247 700 5317 ἡ
711 5247 829 5317 μῶν
857 5246 1110 5318 ἕστηκεν.

994 5341 1078 5393 Λ⁹.

324 5429 583 5485 Ἀπαντα
626 5430 727 5502 μὲν
755 5431 856 5501 τῆς
905 5432 1118 5485 ἑαυτῶν
1149 5430 1324 5503 ἀρχῆς
1355 5432 1613 5504 ἢρτηται,
1645 5433 1740 5487 καὶ
1772 5433 1839 5504 δὴ

242 5524 347 5576 καὶ
402 5523 579 5576 ταῦτα
624 5523 695 5576 τὰ
746 5522 873 5577 καθ’
910 5525 1084 5602 ὴμᾷς.
1126 5523 1202 5578 Οὐ
1258 5523 1369 5594 γὰρ
1405 5524 1576 5589 ἐστιν,
1618 5525 1838 5598 ἐκείνης

242 5614 425 5685 οὔσης
456 5613 686 5686 σαθρᾶς,
715 5614 786 5669 τὰ
827 5614 943 5686 μετ’
976 5614 1196 5687 ἐκείνην
1247 5615 1519 5686 ίδρύσθαι.
1554 5616 1655 5687 Είη
1693 5616 1740 5669 δ’
1767 5617 1838 5671 ἂν

243 5706 366 5759 τῶν
417 5707 701 5777 ἡμετέρων
751 5709 1100 5779 πραγμάτων
1151 5708 1321 5780 ἀρχὴ,
1370 5709 1467 5763 καὶ
1516 5708 1696 5779 βάσις,
1741 5711 1839 5763 καὶ

253 5799 415 5869 ῥίζα.
458 5801 554 5857 καὶ
579 5800 633 5852 εί
663 5817 717 5854 τι
742 5800 1007 5873 τοιοῦτον.
1050 5803 1079 5853 ἡ
1132 5799 1324 5855 ποὼτη
1359 5801 1575 5856 κίνησις
1608 5805 1706 5855 τῆς
1733 5804 1838 5863 ὡυ-

1943 4881 2271 4944 petestatem
2302 4876 2539 4944 accepit.
2583 4874 2740 4940 Quod
2774 4874 2818 4928 si
2868 4874 3080 4942 justum
3126 4882 3229 4939 est,
3268 4874 3526 4943 imputari

1945 4964 2214 5017 voluntati
2240 4965 2665 5019 conversionem
2692 4965 2758 5019 ad
2780 4964 3006 5024 malum,
3032 4963 3172 5016 idem
3199 4974 3253 5017 et
3275 4965 3328 5018 in
3357 4966 3529 5018 altero

1949 5053 2284 5109 faciendum.
2317 5054 2527 5110 Snﬂicit
2584 5055 2756 5125 igitur
2794 5054 2956 5117 velle,
2998 5055 3255 5124 quodque
3288 5070 3387 5125 par
3421 5065 3527 5116 est.

1949 5163 2138 5219 agere,
2160 5164 2288 5201 rum
2319 5134 2481 5201 facile
2511 5147 2584 5200 sit
2611 5146 2842 5201 victoria
2881 5145 3062 5216 potiri,
3094 5145 3222 5201 licet
3248 5147 3316 5201 ab
3343 5146 3531 5217 aliquo

1946 5242 2033 5296 vel
2066 5251 2330 5312 tropaeum
2359 5242 2428 5295 de
2465 5240 2622 5294 turbis
2650 5240 2720 5292 sit
2743 5240 3065 5294 excitatum.
3110 5268 3115 5273 ι

2650 5334 2819 5390 XXX.

2018 5429 2130 5486 Res
2180 5430 2457 5485 universre
2510 5444 2539 5483 ιι
2582 5443 2684 5483 suo
2741 5427 3015 5498 principio
3054 5430 3314 5498 pendent,
3368 5439 3532 5500 atque

1948 5523 2114 5578 etiam
2146 5534 2371 5577 nostrae.
2413 5521 2544 5575 Nam
2582 5520 2701 5574 ﬁeri
2734 5521 2942 5590 nequit,
2977 5532 3035 5575 ut
3073 5523 3121 5577 si
3162 5523 3354 5591 fragile
3382 5523 3530 5591 prin-

1947 5615 2153 5683 cipium
2212 5615 2306 5679 sit,
2366 5614 2471 5668 lixa
2503 5612 2617 5668 sint
2673 5624 2842 5682 atque
2879 5614 3120 5677 stabilia,
3178 5629 3298 5684 qua:
3330 5626 3529 5667 conse-

1948 5717 2217 5776 quuntur.
2251 5706 2537 5762 Sitautem
2584 5708 2933 5777 negotiorum
2979 5715 3295 5761 nostrorum
3324 5704 3528 5773 princi~

1946 5802 2096 5854 nium
2153 5800 2381 5877 etbasis
2436 5809 2489 5853 et
2540 5798 2718 5857 radix.
2756 5809 2810 5854 et
2842 5800 2886 5855 si
2933 5799 3064 5870 quid
3117 5799 3221 5852 tale
3246 5797 3374 5866 {dici
3417 5797 3527 5851 alio
