3950 6472
420 311 526 375 339

416 522 583 577 etiam
620 527 864 580 extraria
900 529 1154 599 quaedam
1185 531 1306 602 ejus
1340 534 1601 604 impulsio
1632 555 1646 592 :
1687 541 1886 607 quibus
1917 551 1999 596 at-

418 614 753 670 tendendum
782 626 870 673 est
899 630 1062 685 recte,
1087 638 1187 677 nec
1213 632 1416 681 temere
1439 628 1567 697 quid
1598 631 1996 701 inchoandum,

417 711 462 763 si
499 711 677 769 bonus
711 717 836 781 quis
863 733 986 773 esse
1018 720 1169 776 velit.
1198 723 1425 793 Ageuda
1454 735 1583 780 sunt
1622 729 1771 782 enim
1808 706 1993 785 omnia

417 803 661 859 adhibita
689 809 1159 880 consideratione,
1179 815 1401 881 judicio,
1426 819 1679 885 consilio,
1710 824 1998 876 conscien-

419 900 514 963 tia,
546 909 599 952 et
630 902 835 971 ubique.
870 907 1159 976 praecipua:
1186 918 1371 977 partes
1405 909 1637 966 honesto
1668 915 1993 971 tribuendze.

415 990 598 1047 Tarde
619 997 839 1065 quidem
867 1002 1271 1066 procedendum
1300 1005 1350 1056 in
1379 1004 1731 1061 decernendo
1757 1025 1772 1073 ;
1802 1025 1992 1063 verum

413 1085 509 1138 ubi
556 1097 705 1141 recte
743 1092 1113 1157 consulueris,
1153 1095 1424 1151 ambobus
1465 1102 1802 1153 currendum
1841 1103 1995 1170 pedi-

338 1186 365 1259 ;A
413 1177 538 1236 bus.
572 1180 765 1236 Itidem
796 1200 903 1237 non
931 1188 1136 1253 agenda
1170 1189 1421 1252 confuse,
1453 1207 1570 1259 quae
1601 1192 1741 1246 forte
1772 1209 1830 1249 se
1866 1195 1997 1248 olfe-

415 1282 585 1339 runt;
620 1275 714 1329 sed
756 1294 971 1347 semper
1000 1281 1195 1348 prima,
1231 1284 1494 1349 primum.
1530 1283 1664 1339 Nam
1697 1303 1887 1354 magna
1913 1289 1995 1342 vis

413 1367 632 1420 ordinis
672 1378 777 1433 est,
831 1380 997 1441 atque
1047 1375 1124 1427 uti
1159 1376 1283 1444 quis
1317 1391 1344 1429 a
1390 1377 1753 1434 dilationibus
1782 1382 1992 1434 abhor-

415 1468 534 1513 reat
572 1476 586 1512 :
620 1476 746 1515 cum
787 1464 975 1518 multis
1007 1465 1217 1521 diversa
1254 1467 1659 1535 factitantibus,
1693 1472 1993 1541 ceteroqui

412 1554 909 1621 praestantissimis,
940 1571 1017 1611 cae
1051 1572 1138 1611 res
1169 1560 1338 1613 exitio
1374 1559 1600 1614 fuerint.

1114 1668 1304 1731 XXXI.

1597 327 2003 396 MANUEIJS
2040 337 2489 406 PAL/EOLOGI

418 426 893 509 nominepotest,
951 432 1164 503 primus
1211 434 1381 491 animi
1438 449 1665 508 motus;
1723 444 1766 498 si
1799 447 1995 515 placet,
2032 454 2075 513 Α

3580 362 3696 430 διο

2107 455 2243 526 χῆςο
2267 459 2327 549 Διεί
2366 459 2423 511 δὲ
2454 459 2660 549 βούλει,
2693 462 2786 517 καὶ
2818 463 2850 536 ἦ
2877 465 3113 537 θύραθεν
3148 469 3483 542 ἐγγινομένη
3516 465 3696 549 ταύτῃ

2104 546 2382 619 προσϐολή
2405 566 2419 581 ’
2457 546 2548 615 αἷς
2600 554 2894 625 προσέχειν
2921 558 3027 630 χρὴ
3068 559 3274 626 καλῶς,
3308 563 3401 615 καὶ
3434 566 3508 634 μὴ
3553 546 3692 636 11:90;

2101 639 2282 703 πετῶς
2335 641 2628 713 ἐγχειρεῖν,
2684 647 2735 700 εί
2792 647 2981 717 μέλλει
3034 669 3117 714 τις
3166 653 3376 722 ἀγαθὸς
3435 656 3691 710 έσεσθαιυ

2105 729 2309 784 Πάντα·
2330 734 2440 804 γὰρ
2475 737 2657 791 ποιεῖν
2697 729 2970 810 προσήκει
3001 742 3215 813 σκέψει,
3244 746 3340 800 καὶ
3368 748 3568 817 κρίσει,
3596 750 3696 803 καὶ

2101 829 2346 893 γνώσει,
2422 828 2520 882 καὶ
2582 831 2933 900 συνειδήσει,
2993 836 3091 889 καὶ
3141 837 3346 891 διδόναι
3411 841 3694 911 πανταχοῦ

2101 920 2325 986 κρατεῖν
2373 919 2434 971 τὸ
2492 921 2681 978 καλόν.
2725 926 2837 977 Καὶ
2901 927 3040 997 πρὸς
3096 933 3196 997 μὲν
3246 931 3344 994 τὰς
3387 933 3697 999 ἀποφάσεις

2101 1008 2266 1080 σχολῇ
2304 1010 2543 1081 βαδίζειν
2566 1031 2581 1046 ο
2614 1014 3045 1090 βεϐουλευμένον
3083 1021 3139 1076 δὲ
3164 1022 3370 1086 καλῶς,
3399 1024 3522 1077 δυσὶ
3560 1027 3695 1078 ποσὶ

2098 1099 2317 1168 τρέχειν
2339 1118 2353 1132 ο
2389 1104 2657 1172 πράττειν
2682 1125 2743 1161 τε
2777 1108 2851 1181 μὴ
2880 1111 3118 1184 φύρδην,
3151 1112 3188 1167 ἃ.
3220 1112 3378 1184 τύχοι
3405 1132 3421 1148 ·
3458 1115 3575 1168 ἀλλ’
3604 1117 3697 1169 ἀεὶ

2096 1193 2166 1246 τὰ
2194 1195 2389 1264 πρῶτα
2423 1196 2678 1267 πρώτως.
2713 1202 2876 1270 Μέγα
2916 1204 3024 1273 γὰρ
3060 1204 3239 1275 ἰσχύει
3286 1206 3466 1274 τάξις,
3497 1208 3593 1260 καὶ
3628 1208 3696 1260 τὸ

2102 1285 2176 1356 μὴ
2227 1288 2441 1360 χαίρειν
2496 1291 2806 1359 ἀναϐολαῖς,
2864 1296 2958 1348 καὶ
3011 1296 3249 1361 πολλούς
3301 1314 3367 1366 γε
3426 1300 3695 1354 τάναντία

2100 1380 2341 1448 καθεῖλε,
2378 1383 2544 1438 τᾶλλα
2581 1384 2903 1455 βελτίστους
2934 1388 3310 1462 ὑπάρχοντας.

2833 1680 2956 1735 ΔΑ¹.

484 1782 742 1839 Numinis
773 1802 906 1841 sane
936 1786 1107 1841 divini
1138 1786 1326 1853 fuerit,
1357 1798 1411 1844 et
1454 1790 1652 1860 quibus
1690 1791 1780 1847 illa
1819 1793 1989 1847 facul-

2172 1786 2245 1839 Τὸ
2298 1786 2398 1856 μὲν
2446 1788 2535 1842 ἀεὶ
2566 1791 2635 1843 τὰ
2684 1790 2882 1861 βελτίω
2923 1791 3031 1845 τῶν
3062 1791 3326 1863 χειρόνων
3360 1793 3692 1862 ἐκλέγεσθαι

414 1889 500 1933 tas
525 1879 593 1933 ab
624 1880 815 1934 eodem
847 1879 1013 1934 fuerit
1039 1895 1326 1945 concessa,
1352 1896 1462 1951 prae
1486 1883 1853 1941 deterioribus
1879 1901 1990 1942 me-

412 1971 553 2024 liora
608 1984 827 2041 semper
868 1972 1094 2040 eligere.
1142 1972 1513 2030 Nihilominus
1555 1976 1893 2042 conandum,
1931 1987 1992 2032 ut

411 2063 670 2118 omnibus
726 2062 906 2119 modis
955 2078 1261 2134 agnoscas,
1296 2081 1416 2137 qua
1462 2068 1670 2137 optima
1695 2070 1992 2124 videantur

410 2170 537 2210 esse
564 2171 579 2220 ;
610 2166 776 2225 atque
803 2157 989 2225 agnita
1026 2155 1219 2223 facias,
1252 2168 1307 2213 et
1340 2160 1560 2229 quidem
1590 2161 1793 2216 talibus
1823 2162 1988 2217 mini-

409 2261 498 2301 me
532 2247 753 2306 satieris
779 2266 793 2315 ;
820 2264 945 2302 nam
980 2259 1038 2303 ut
1076 2250 1313 2318 primum
1347 2251 1480 2305 illud
1516 2260 1599 2307 est
1632 2251 1749 2318 Dei,
1794 2254 1875 2309 sic
1909 2256 1991 2309 al-

410 2349 587 2395 terum
621 2341 672 2395 in
700 2341 980 2397 hominem
1022 2343 1190 2397 cadit.
1233 2342 1473 2399 Necesse
1510 2354 1598 2400 est
1631 2345 1777 2400 enim
1811 2346 1988 2417 magis

408 2449 508 2488 eos
538 2434 661 2489 aliis
696 2417 978 2504 compotes
1005 2435 1220 2490 virtutis
1253 2435 1412 2501 effici,
1442 2437 1526 2490 vel
1555 2436 1620 2490 ad
1645 2452 1764 2492 eam
1795 2439 1988 2493 saltem

406 2527 642 2598 prepius
675 2529 957 2593 accedere,
985 2530 1079 2599 qui
1116 2530 1294 2583 oculis
1331 2530 1384 2583 in
1416 2530 1491 2593 id,
1519 2530 1661 2599 quod
1697 2531 1986 2586 honestum

407 2630 511 2682 est,
539 2622 786 2684 directis,
831 2622 1446 2690 praestantissimorum,
1478 2637 1589 2676 non
1620 2622 1986 2691 plurimorum

407 2716 660 2770 actiones
686 2722 848 2785 atque
870 2716 1098 2770 consilia
1121 2731 1339 2785 semper
1363 2715 1669 2780 intuentur,
1698 2724 1749 2769 et
1773 2730 1993 2770 eorum-

408 2809 533 2862 dem
566 2809 774 2861 exitum
821 2809 1117 2862 observant
1150 2825 1164 2861 :
1200 2822 1265 2862 ac
1302 2808 1368 2862 iis
1421 2807 1665 2876 quidem,
1696 2823 1818 2877 quae
1862 2823 1990 2863 esse

406 2898 554 2953 bona
579 2899 889 2953 docuerunt
911 2906 1143 2954 eventus
1165 2899 1290 2968 ipsi,
1310 2899 1467 2968 quasi
1494 2899 1697 2966 regulis
1719 2910 1988 2954 utuntur:

407 2992 685 3045 contraria
734 2991 1121 3061 magistrorum
1154 2991 1278 3046 loco
1307 2991 1414 3046 sibi
1439 2991 1803 3059 constituunt,
1837 3008 1907 3048 ne
1935 2975 1989 3046 iii

407 3079 551 3132 mala
579 3080 891 3134 consimilia
918 3091 1104 3134 ruant.

1087 3191 1306 3250 XXXII.

483 3281 790 3338 Admodum
827 3285 1069 3353 jucunda
1101 3302 1190 3342 res
1236 3296 1322 3342 est
1352 3287 1581 3355 erudiri,
1614 3305 1725 3344 non
1770 3292 1988 3361 lapsum

409 3375 697 3443 patiendo,
724 3377 820 3431 sed
860 3376 1114 3433 acerbius
1145 3379 1352 3449 aliquid
1377 3381 1696 3448 devitando,
1735 3398 1857 3436 cum
1881 3385 1993 3440 fae-

412 3476 501 3522 tus
525 3468 758 3524 alterius
779 3485 971 3525 errore
994 3472 1220 3539 peritior
1242 3472 1434 3529 fueris.
1459 3474 1634 3545 Major
1654 3488 1833 3531 autem
1863 3492 1991 3545 pars

411 3560 724 3623 hominum,
759 3563 838 3615 uti
873 3562 1092 3631 quidem
1126 3575 1371 3634 apparet.
1406 3567 1547 3621 hanc
1578 3584 1690 3621 rem
1743 3570 1987 3639 negligit,

410 3661 469 3705 et
494 3654 839 3709 calamitates
864 3656 1116 3724 proprias
1141 3666 1444 3729 exspectat,
1477 3669 1537 3713 ut
1561 3676 1656 3729 per
1677 3676 1740 3715 ea
1771 3663 1992 3717 erudiao

409 3752 505 3798 tur
540 3762 555 3798 :
589 3760 750 3816 quam
782 3746 1182 3803 institutionem
1220 3751 1473 3805 mercede
1502 3751 1687 3805 damni
1720 3768 1863 3822 smpe
1893 3770 1990 3822 pa—

408 3848 533 3889 rum
568 3824 889 3906 reparabilis
918 3848 1282 3909 compensat.
1320 3840 1486 3895 Iidem
1532 3856 1872 3897 consuevere
1905 3842 1990 3897 di-

410 3944 558 3993 cere,
599 3931 901 3997 medicum,
954 3934 1046 4001 qui
1084 3949 1279 3988 nomen
1333 3935 1440 3989 hoc
1473 3945 1805 3991 consecutus
1854 3936 1926 3991 sit
1960 3953 1991 3992 e

400 4024 664 4093 scientia,
700 4039 807 4078 non
849 4024 928 4079 illi
961 4040 1147 4095 parem
1180 4040 1322 4089 esse,
1351 4026 1444 4096 qui
1475 4025 1657 4081 varios
1682 4027 1738 4080 in
1769 4028 1990 4085 morbos

408 4115 688 4175 inciderit.
720 4115 802 4171 Tu
831 4131 961 4172 vero
1000 4118 1159 4173 modo
1197 4117 1338 4173 velis
1394 4118 1561 4171 etiam
1588 4131 1696 4171 non
1732 4118 1990 4186 patiendo

408 4200 616 4278 poteris
638 4212 870 4266 evadere
900 4211 1149 4279 peritior,
1180 4210 1225 4264 si
1251 4209 1597 4265 calamitates
1625 4209 1860 4264 aliorum
1890 4225 1988 4279 pro

409 4304 520 4359 tuis
550 4305 796 4370 duxeris,
840 4319 1141 4370 earumque
1189 4318 1386 4358 causas
1418 4301 1723 4366 vitaveris;
1770 4311 1825 4354 et
1864 4302 1991 4371 qui-

356 4458 363 4465 _
410 4399 534 4452 dem
567 4398 671 4453 h0t.
706 4408 815 4451 tam
852 4409 1113 4454 accurate
1153 4396 1540 4467 consequeris,
1573 4408 1638 4449 ac
1672 4394 1719 4449 si
1750 4395 1987 4464 teipsum

410 4490 466 4545 in
498 4506 587 4545 res
621 4491 884 4547 adversas
910 4491 1173 4546 incidisse
1200 4490 1561 4559 contingeret.

1080 4605 1323 4662 XXXIII.

483 4699 733 4756 Tendere
767 4700 1123 4770 cupiditatem
1152 4682 1465 4761 hominum,
1499 4713 1530 4752 e
1567 4698 1793 4768 pulvere
1826 4696 1995 4767 spiri-

414 4806 585 4865 tuque
639 4796 1038 4857 constantium,
1083 4792 1248 4848 modo
1290 4791 1513 4860 quidem
1545 4805 1793 4853 sursum,
1829 4790 1995 4845 modo

410 4906 544 4943 vero
577 4888 859 4953 deorsum,
906 4889 1045 4943 nihil
1088 4901 1222 4941 sane
1252 4885 1380 4939 novi
1410 4885 1591 4938 fuerit.
1626 4884 1736 4939 Sed
1769 4892 1992 4954 oportet

409 4987 592 5037 virum
627 4983 1149 5045 praestantissimum
1183 4993 1293 5033 non
1326 4966 1590 5032 continuo
1621 4977 1989 5046 voluptatum,

412 5077 646 5142 irarum,
667 5086 937 5129 terrorum
959 5070 1420 5142 impressionibus
1435 5070 1852 5140 expugnabilem
1872 5084 1995 5125 sese

413 5170 683 5233 praebere,
729 5165 875 5235 quod
909 5163 1244 5218 effeminatis
1295 5163 1544 5219 accidere
1576 5164 1848 5226 videmus,
1894 5161 1990 5239 qui

412 5272 472 5310 se
496 5257 576 5309 vel
601 5256 733 5324 ipsis
758 5256 999 5309 hostium
1031 5256 1467 5323 praecursoribus
1492 5255 1702 5308 dedunt
1725 5271 1739 5307 :
1768 5254 1861 5308 sed
1889 5254 1993 5308 im-

415 5356 625 5401 motum
649 5361 871 5400 manere
904 5362 967 5401 ac
994 5361 1118 5401 esse
1147 5347 1649 5412 stabilem,cxitum
1684 5348 1765 5402 rei
1798 5348 1989 5403 cuius-

414 5454 523 5508 que
566 5440 1000 5508 perqnirentem.
1053 5438 1192 5493 Nam
1240 5439 1531 5494 confestim
1580 5441 1990 5509 emergentihus

416 5547 599 5584 rerum
636 5530 924 5601 principiis
955 5547 1262 5594 accurrere,
1290 5549 1411 5602 quae
1448 5532 1709 5587 suavibus
1746 5531 1989 5588 exordiis

414 5623 648 5677 blandiri
675 5637 1030 5689 consuevere,
1062 5639 1186 5678 cum
1210 5624 1409 5679 occulti
1443 5625 1558 5678 sint
1586 5638 1780 5677 eorum
1825 5622 1985 5688 fines,

412 5716 503 5769 vix
539 5716 861 5770 hominibus
887 5717 1097 5772 insanis
1130 5716 1532 5786 competiverit.
1565 5716 1752 5785 Itaque
1773 5717 1839 5768 da
1865 5728 1994 5784 ope-

417 5823 558 5876 ram,
594 5821 655 5866 ut
684 5811 873 5866 firmus
905 5812 983 5865 sis
1012 5820 1177 5882 atque
1202 5811 1438 5871 stabilis,
1475 5824 1687 5878 resque,
1718 5807 1877 5862 tinent
1910 5808 1992 5860 in-

2094 1876 2233 1932 Θεοῦ
2295 1878 2363 1933 ἂν
2420 1881 2530 1951 εἴη,
2566 1882 2661 1935 καὶ
2713 1876 2795 1945 οἷς
2860 1880 2928 1936 ἂν
2976 1882 3237 1954 μεταδοίη
3292 1887 3529 1955 ταυτησὶ
3585 1889 3693 1957 τῆς

2091 1971 2416 2042 δυνάμεως·
2461 1974 2761 2045 πειρᾶσθαι
2824 1974 3009 2044 μέντοι
3063 1976 3336 2046 προσήκει
3394 1976 3694 2045 γινώσκειν

2093 2062 2267 2118 ἅπασι
2295 2065 2541 2134 τρόποις,
2576 2066 2716 2120 ἅττα
2766 2065 3022 2137 βέλτιστα
3066 2067 3289 2122 πάντων
3319 2064 3463 2122 εἶναι
3512 2069 3689 2135 δοκεῖ,

2092 2158 2189 2211 καὶ
2212 2158 2556 2229 γινώσκοντα
2585 2161 2781 2225 ποιεῖν,
2810 2160 2907 2213 καὶ
2936 2159 3166 2214 τοιαῦτα
3200 2159 3274 2232 μὴ
3304 2161 3689 2230 κορέννυσθαι.

2106 2250 2195 2312 Ὦς
2226 2251 2335 2321 γὰρ
2368 2252 2430 2305 τὸ
2460 2252 2684 2320 πρῶτον
2714 2251 2877 2318 Θεοῦ,
2921 2251 3067 2307 οὓτω
3105 2251 3167 2307 τὸ
3186 2252 3445 2321 δεύτερον
3473 2254 3687 2324 ἀνδρός.

2104 2341 2346 2414 Ἀνάγκη
2377 2343 2489 2415 γὰρ
2520 2344 2726 2415 μᾶλλον
2767 2345 2877 2397 τῶν
2908 2345 3088 2399 ἄλλων
3117 2345 3401 2414 ἐπιτυχεῖς
3443 2345 3692 2410 ἐκείνους

2093 2436 2351 2505 γενέσθαι
2404 2438 2505 2507 τῆς
2556 2437 2784 2506 ἀρετῆς,
2824 2436 2856 2508 ἢ
2904 2437 3039 2506 γοῦν
3089 2438 3164 2508 μὴ
3224 2438 3415 2510 πόρρω
3469 2437 3691 2501 βάλλειν

2093 2529 2290 2596 αὐτῆς,
2323 2529 2439 2581 ὅσοι
2472 2528 2536 2599 δὴ
2574 2529 2715 2596 πρὸς
2751 2529 2813 2582 τὸ
2854 2529 3020 2583 καλὸν
3061 2529 3404 2599 ἀφορῶντες,
3432 2529 3532 2592 τὰς
3571 2530 3684 2582 τῶν

2093 2618 2351 2689 ἀρίστων,
2388 2619 2508 2690 οὐχὶ
2535 2619 2644 2684 τῶν
2669 2620 2941 2674 πλείστων
2968 2620 3202 2690 πράξεις
3235 2637 3295 2674 τε
3326 2622 3424 2674 καὶ
3455 2619 3687 2690 γνώμας

2092 2711 2179 2764 ἀεὶ
2214 2709 2538 2773 σκοποῦσιν,
2575 2708 2675 2765 εἶτ’
2705 2710 3035 2782 ὲπιτηροῦσι
3060 2711 3129 2765 τὰ
3155 2711 3365 2766 τούτων
3392 2712 3522 2782 τέλη
3546 2728 3559 2742 ·
3588 2712 3689 2766 καὶ

2093 2805 2210 2865 ταῖς
2263 2803 2364 2873 μὲν
2413 2803 2610 2867 καλαῖς
2666 2805 2732 2857 ἐκ
2785 2804 2895 2859 τῶν
2956 2805 3247 2858 έκϐάσεων
3304 2803 3687 2874 δεδειγμέναις

2093 2895 2282 2967 ὥσπερ
2321 2897 2512 2951 κανόσι
2558 2897 2842 2968 χρῶνταιο
2882 2898 2982 2962 τὰς
3033 2899 3081 2952 δ’
3129 2897 3386 2959 ἐναντίας
3420 2896 3687 2965 φανείσας

2097 2989 2246 3056 σφῶν
2285 2989 2466 3042 αὐτῶν
2515 2989 2877 3053 διδασκάλους
2921 2990 3193 3057 ποιοῦσιν,
3225 2989 3368 3043 ὥστε
3410 2988 3487 3060 μὴ
3528 3004 3689 3057 περι-

2095 3083 2285 3134 πεσεῖν
2321 3084 2436 3145 τοῖς
2466 3082 2681 3153 ὁμοίοις
2710 3080 2963 3145 κακοῖς.¹

2829 3197 2953 3255 AB'.

2175 3270 2304 3342 Ἢδό
2365 3308 2416 3343 τι
2467 3290 2526 3343 τὸ
2587 3290 2782 3359 μαθεῖν
2841 3291 3013 3353 ἐστιν,
3057 3290 3159 3344 οὐκ
3226 3292 3294 3344 ἐκ
3335 3288 3432 3344 τοῦ
3489 3290 3688 3344 παθεῖν

2093 3379 2423 3441 πταίσαντα,
2467 3377 2587 3433 ἀλλ’
2643 3381 2706 3432 ἐκ
2751 3378 2847 3431 τοῦ
2897 3379 3329 3447 διαπεφευγέναι
3375 3379 3438 3432 τὸ
3485 3380 3689 3449 δυσχε-

2097 3471 2380 3541 ρέστερον,
2417 3474 2482 3541 τῇ
2533 3471 2645 3523 τῶν
2699 3470 2878 3524 ἄλλων
2909 3471 3215 3542 διαμαρτίᾳ
3259 3470 3554 3541 γενόμενον
3582 3472 3691 3539 ἑμ-

2094 3565 2433 3633 πειρότερον.
2465 3566 2528 3617 Oi
2584 3562 2805 3627 πλείους
2860 3563 2938 3627 δὲ,
2990 3562 3067 3626 ῶς
3111 3563 3311 3628 έοικεν,
3344 3561 3686 3632 ὀλιγωροῦσι

2092 3654 2245 3709 τοῦδε
2289 3653 2388 3707 τοῦ
2441 3654 2796 3722 πράγματος,
2843 3654 2940 3707 καὶ
2991 3654 3090 3717 τὰς
3131 3654 3343 3715 οἰκείας
3394 3653 3688 3724 συμφορὰς

2093 3738 2476 3816 ἀναμένουσιν,
2536 3744 2693 3800 ὥστε
2724 3746 2855 3815 παρ’
2912 3746 3139 3800 ἐκείνων
3205 3746 3425 3817 μαθεῖν,
3488 3745 3689 3815 μισθὸν

2093 3840 2433 3907 παρέχοντες
2463 3837 2699 3906 ταυτησὶ
2737 3835 2837 3905 τῆς
2878 3836 3174 3906 μαθήσεως
3209 3828 3443 3907 ζημίαν,
3480 3835 3690 3890 πολλά-

2092 3950 2184 3995 κις
2213 3931 2322 3984 οὐδ’
2352 3927 2740 4000 εὐανάκλητον.
2771 3927 2955 3990 Μῦθος
2985 3928 3042 3981 δέ
3081 3928 3170 3992 τίς
3199 3931 3353 3982 ἐστιν
3387 3929 3593 3996 αὐτοῖς,
3622 3929 3687 3982 οὗ

2092 4025 2346 4079 τοσοῦτον
2378 4023 2564 4093 ίατρδν
2595 4017 2739 4075 εῖναι
2782 4021 2876 4075 τὸν
2912 4004 3195 4093 ἐπιστήμῃ
3230 4021 3380 4075 τοῦτ’
3419 4022 3571 4084 ὄντα,
3605 4023 3688 4085 ὡς

2093 4118 2186 4171 τὸν
2221 4115 2683 4188 περιπεπτωκότα
2714 4106 2988 4177 ποικίλοις
3037 4114 3258 4169 πάθεσι.
3287 4116 3361 4168 Σὺ
3391 4114 3438 4168 δ’
3477 4115 3545 4168 ἂν
3578 4116 3689 4183 μάο

2094 4210 2231 4271 θοις,
2263 4211 2310 4261 εἰ
2342 4208 2547 4278 βούλει,
2582 4209 2675 4260 καὶ
2705 4207 2780 4276 μὴ
2811 4207 3026 4272 παθὼν,
3062 4206 3159 4270 τὰς
3191 4206 3301 4259 τῶν
3332 4206 3509 4259 ἄλλων
3539 4224 3688 4275 συμ-

2094 4303 2266 4373 φορὰς
2305 4300 2704 4371 οἰκειούμενος,
2743 4301 2839 4353 καὶ
2878 4300 2948 4353 τὰ
2992 4300 3201 4354 τούτων
3235 4300 3388 4353 αἴτια
3420 4300 3692 4367 φυλαττό-

2098 4410 2279 4463 μενος,
2308 4389 2452 4444 οὕτω
2486 4390 2838 4443 παντάπασιν
2872 4390 3142 4460 ἀκριϐῶς,
3168 4388 3359 4460 ὥσπερ
3395 4389 3464 4443 ἂν
3500 4390 3555 4443 εί
3600 4406 3690 4443 σοι

2023 4500 2070 4553 ι)
2100 4482 2297 4550 συνέϐη
2332 4480 2817 4551 περιπεπτωκέναι
2859 4482 2973 4543 τοῖς
3009 4479 3290 4550 χαλεποῖς.
3372 4544 3375 4547 _

2828 4597 2953 4651 ΛΡ.

2180 4692 2401 4746 Ῥέπειν
2448 4693 2548 4766 τήν
2602 4690 2906 4760 ἐπιθυμίαν
2947 4685 3283 4758 ἀνθρώπων,
3315 4688 3380 4740 ἐκ
3418 4688 3543 4756 χοὸς
3592 4687 3694 4742 καὶ

2098 4788 2410 4857 πνεύματος
2442 4783 2961 4858 ὑπαρχόντων,τοτὲ
2989 4782 3087 4853 μὲν
3112 4783 3246 4848 ἄνω,
3265 4779 3388 4833 τοτὲ
3417 4780 3472 4833 δὲ
3504 4780 3687 4844 κάτω,

2094 4881 2249 4934 οὐδὲν
2286 4880 2353 4935 ἂν
2408 4880 2495 4950 εἴη
2554 4879 2729 4949 δήπου
2785 4876 2998 4931 καινόν.
3048 4877 3143 4928 Δεῖ
3197 4875 3255 4927 δὲ
3314 4873 3408 4928 τὸν
3458 4873 3692 4944 ἄριστον

2095 4973 2265 5043 ἄνδρα
2296 4971 2372 5044 μὴ
2399 4973 2520 5034 ταῖς
2546 4970 2759 5040 ἐφόδοις
2793 4970 2903 5022 τῶν
2935 4963 3163 5051 ἡδονῶν,
3199 4967 3295 5020 καὶ⁵
3325 4967 3434 5019 τῶν
3465 4965 3683 5035 θυμῶν,

2093 5066 2187 5117 καὶ
2216 5062 2324 5116 τῶν
2351 5061 2534 5132 φόϐων
2563 5061 2727 5124 εὐθὺς
2757 5059 3031 5112 εὐάλωτον
3068 5051 3236 5121 εἶναι,
3271 5054 3299 5109 ὃ
3337 5056 3465 5117 τοὺς
3492 5072 3690 5122 γυναι-

2094 5157 2288 5211 κώδεις
2312 5154 2534 5225 ὁρῶμεν
2564 5153 2900 5222 πάσχοντας,
2923 5147 3281 5219 προδιδόντας
3314 5146 3456 5214 σφᾶς
3483 5144 3689 5208 αὐτοὺς
3770 5218 3781 5229 .

2091 5250 2204 5310 τοῖς
2246 5243 2629 5317 προδραμοῦσι
2662 5242 2771 5297 τῶν
2798 5241 3111 5310 πολεμίων·
3148 5238 3288 5292 ἀλλὰ
3337 5237 3528 5306 μένειν
3562 5235 3693 5288 τοῦ-

2091 5358 2184 5396 τον
2216 5340 2480 5410 ἀτρέμας,
2521 5338 2721 5406 πάγιον
2770 5334 2910 5390 εἶναι
2962 5331 3231 5403 ζητοῦντα
3286 5329 3346 5384 τὸ
3372 5328 3523 5392 τέλος
3554 5327 3691 5382 ἑκά-

2066 5411 2221 5487 θστου
2273 5433 2622 5503 πράγματος.
2655 5429 2697 5480 Τ
2700 5430 2727 5482 ὸ
2770 5429 2880 5499 γὰρ
2918 5426 3123 5481 αὐτίκα
3165 5422 3453 5494 φανείσαις
3483 5421 3685 5490 ἀρχαῖς

2092 5528 2441 5599 πραγμάτων
2478 5525 2870 5597 προστρέχειν,
2912 5520 3345 5582 ὑποσαινούσαις
3374 5514 3687 5587 προοιμίοις

2093 5626 2348 5693 χαρίεσι,
2381 5620 2491 5673 τῶν
2538 5620 2711 5671 τελῶν
2747 5619 2939 5680 αὑταῖς
2981 5615 3398 5688 κρυπτομένων,
3437 5610 3589 5679 μόλις
3618 5606 3689 5659 ἂν

2095 5713 2362 5781 ἁρμόσειε
2435 5709 2848 5780 τετυφωμένως
2925 5704 3262 5777 ἀνθρώποις.
3335 5704 3499 5771 Ζῆτει
3586 5694 3687 5750 οὖν

2096 5804 2311 5876 έδραῖς
2356 5797 2520 5869 εἶναι,
2564 5801 2657 5855 καὶ
2704 5801 2924 5856 σκοπῶν
2975 5800 3037 5855 τὸ
3072 5798 3267 5871 πέρας,
3295 5794 3502 5869 πρᾶττε
3529 5806 3543 5822 ⁸
3577 5789 3679 5843 καὶ
