3950 6474
299 366 417 430 347·

1475 368 1696 428 MANU
1709 368 1798 429 EL
1811 369 1880 429 IS
1918 370 2006 430 PA
2019 366 2371 430 L/EOLOGI

3458 368 3565 434 318

297 479 425 548 pitis
455 478 657 532 habere
677 476 970 541 rationem,
997 476 1043 532 si
1078 475 1287 532 salvum
1314 492 1440 534 esse
1459 479 1620 535 debet
1650 482 1879 550 animal,

2013 484 2114 538 rem.
2141 485 2209 538 τὰ
2240 487 2398 557 μέλη,
2432 488 2480 540 εί
2519 487 2604 541 δεῖ
2641 489 2704 544 τὸ
2755 490 2897 556 ζῶον
2926 489 3305 556 συνίστασθαι,
3337 488 3437 545 xci.
3464 490 3566 560 τὴν

297 574 686 639 integrumque
716 569 1224 625 consermrikNam
1255 572 1588 637 membrum,
1620 576 1766 642 quod
1797 591 1882 630 re-

296 676 508 721 sectum
543 673 649 727 est,
690 672 1045 733 posteaquam
1083 664 1421 734 reliquorum
1442 651 1761 720 asocie°tate
1796 682 1884 721 re-

297 758 539 820 vulsum,
570 773 824 813 seorsum
856 774 979 812 esse
1011 758 1155 826 cepit
1187 776 1200 822 ;
1234 759 1335 812 hoc
1369 759 1490 827 ipso
1542 759 1755 815 scilicet
1797 768 1884 819 est

297 862 597 903 mortuum.
663 849 808 904 Idem
839 851 1002 917 capiti
1035 866 1064 903 a
1093 852 1353 906 membris
1374 853 1647 923 dirempto
1665 855 1884 908 contin~

296 957 422 1009 gere
451 958 678 997 necesse
703 953 810 1007 est;
840 945 1041 1011 quippe
1061 959 1158 999 nec
1180 951 1343 1013 caput
1379 960 1476 1001 nec
1519 946 1763 1001 membra
1803 947 1888 1002 vi-

294 1047 421 1087 vere
442 1050 693 1089 seorsum
724 1049 976 1105 possunt.

992 1129 1171 1183 XLIV.

369 1239 605 1294 Omnino
628 1241 846 1295 difﬁcile
865 1252 947 1295 est
964 1260 1113 1307 eum,
1133 1247 1227 1312 qui
1253 1247 1472 1314 paulum
1491 1247 1619 1315 quid
1644 1248 1771 1302 mall
1791 1250 1887 1303 tle-

295 1331 554 1402 signavit,
588 1333 776 1385 nonin
804 1334 1009 1403 majora
1041 1338 1170 1391 vitia
1217 1338 1320 1392 labi
1359 1339 1547 1393 :veint
1599 1356 1747 1405 eum,
1794 1341 1887 1411 qui

295 1425 421 1478 boni
449 1424 579 1491 quid
608 1424 759 1488 fecit,
793 1443 900 1480 non
929 1429 1095 1481 etiam
1146 1430 1371 1485 meliore
1438 1432 1624 1498 potiri.
1673 1434 1887 1503 Quippe

296 1519 498 1573 factum
528 1520 784 1574 vitiosum
819 1537 958 1575 noxa
988 1522 1310 1587 comitatur,
1344 1539 1410 1578 ac
1433 1526 1637 1580 malum
1666 1530 1890 1596 gravius

298 1610 483 1665 eﬂicit.
516 1610 653 1677 Ipsae
686 1626 818 1665 vero
837 1614 1114 1676 resbonae,
1146 1626 1355 1669 catenae
1376 1617 1662 1686 cujusdam
1683 1619 1878 1684 instar,

301 1705 533 1759 invicem
563 1704 862 1770 cohaerent,
882 1704 1045 1774 cujus
1066 1707 1247 1775 aliqua
1273 1723 1402 1776 pars
1422 1709 1759 1778 apprehendi
1783 1727 1890 1765 non

300 1805 503 1866 potest.
536 1797 669 1865 quin
695 1798 947 1866 proxima
975 1814 1195 1868 quoque
1213 1816 1308 1870 per
1335 1816 1455 1855 eam
1488 1803 1653 1858 simul
1686 1818 1885 1874 appre-

300 1889 592 1954 hendatur,
621 1904 686 1943 ac
717 1903 814 1958 per
844 1890 1003 1945 istam
1042 1907 1235 1946 rursus
1267 1892 1406 1958 alia;
1430 1908 1529 1963 per
1579 1896 1886 1964 quamlibet

293 1981 535 2051 denique
579 1992 812 2052 partem,
839 1982 1166 2052 simpliciter
1193 1999 1409 2042 omnes.
1467 1991 1712 2044 intentus
1746 2004 1883 2061 ergo

297 2072 459 2136 factis
495 2072 793 2140 praeclaris,
819 2082 875 2128 et
917 2072 1149 2143 gloriam
1200 2076 1558 2144 patientibus,
1603 2094 1735 2135 cave
1796 2081 1883 2135 vel

298 2160 586 2214 minimum
615 2161 744 2229 quid
768 2161 1044 2217 iilaudatm
1071 2164 1147 2217 rei
1168 2168 1461 2235 peregeris.
1484 2166 1719 2224 Habitus
1741 2171 1888 2226 enim

295 2268 328 2307 a
360 2253 542 2322 parvis
565 2253 802 2321 orditur,
823 2269 1117 2329 rerumque
1137 2257 1492 2313 minimarum
1519 2262 1889 2328 accessiones,

300 2346 705 2417 nisiquoddam
731 2348 1038 2404 intercedat
1066 2349 1547 2419 impedimentum,
1594 2354 1648 2409 in
1702 2355 1887 2411 inlini-

300 2448 415 2493 tum
448 2440 1043 2512 progressaehmaxima
1059 2457 1282 2513 quoque
1309 2459 1549 2515 corpora
1576 2448 1890 2504 necessario

302 2532 671 2602 superabunt.
1380 2524 1385 2525 ν

1014 2625 1179 2683 XLV.

377 2737 525 2794 Fieri
564 2739 860 2810 praefectus
885 2742 1064 2811 cupis,
1091 2742 1362 2813 bonisque
1409 2745 1669 2802 maximis
1702 2746 1891 2816 p0tiri.

219 2868 224 2877 -
306 2833 542 2902 praecipe
571 2831 757 2887 animo
786 2841 900 2899 tuo,
953 2847 1023 2887 ne
1075 2834 1438 2904 cogitationes
1486 2837 1573 2892 vel
1631 2838 1891 2908 exiguum

309 2922 548 2978 fructum
575 2924 840 2980 allaturas
872 2925 1145 2995 negligat:
1176 2927 1272 2982 sed
1305 2928 1560 2984 admittat
1582 2930 1762 2984 omnia
1792 2946 1893 2985 cu-

310 3015 458 3085 pide,
492 3018 696 3087 quibus
717 3019 975 3074 meliores
1006 3020 1299 3077 eﬂleimur.
1321 3021 1375 3078 Si
1405 3024 1537 3093 quid
1565 3033 1749 3079 autem
1773 3024 1893 3079 ani-

310 3108 384 3163 mi
417 3111 825 3166 contentionem
856 3111 938 3166 vel
972 3127 1164 3182 parum
1198 3115 1430 3181 relaxat,
1454 3131 1519 3171 ac
1552 3132 1663 3186 quo
1709 3117 1893 3172 minus

1985 577 2315 647 ὁλοκληρίαν
2374 580 2556 651 ὲαυτῷ
2605 583 2958 653 περισώζειν.
2992 584 3066 637 Τό
3126 601 3186 638 τε
3213 583 3324 655 γὰρ
3358 583 3568 654 τμηθὲν

1986 669 2095 721 τῶν
2126 671 2329 740 μελῶν,
2385 671 2487 741 τῆς
2526 675 2840 745 κοινότητος
2871 677 3074 731 ὲκστάν
3093 717 3108 741 ,
3141 677 3236 731 καὶ
3268 676 3395 730 καθ’
3433 677 3567 732 αὐτὸ

1987 758 2245 824 γεγονὸς,
2294 759 2442 830 αὐτῷ
2492 777 2557 830 γε
2596 762 2770 835 τούτῳ
2803 765 3156 834 νενέκρωται.
3189 767 3303 820 Καὶ
3354 769 3569 836 κεφαλὴ

1988 848 2098 902 τῶν
2125 850 2304 918 μελῶν
2331 855 2663 923 χωρισθεῖσα
2715 854 2863 909 τοῦτ’
2902 856 2969 911 ἂν
3007 857 3170 923 εὐθὺς
3214 857 3397 915 πάθοι.
3448 859 3568 930 Ζωὴ

1990 941 2101 1013 γάρ
2123 941 2250 997 οὔτε
2282 945 2522 1018 κεφαλῇ,
2557 947 2681 1002 οὔτε
2708 948 2921 1019 μέλεσι,
2952 949 3139 1021 χωρίς.

2716 1131 2847 1185 ΜΔ’.

2066 1237 2319 1293 Χαλεπὸν
2371 1243 2606 1312 σμικρόν
2644 1261 2699 1297 τι
2746 1243 3035 1310 πράξαντα
3073 1246 3185 1301 τῶν
3230 1248 3440 1312 κακῶν,
3496 1250 3573 1320 μὴ

1992 1333 2105 1394 τοῖς
2162 1333 2375 1400 μείζοσι
2408 1337 2762 1405 περιπεσεῐνο
2808 1335 2999 1407 ὥσπερ
3045 1338 3141 1393 καί
3193 1355 3249 1394 τι
3298 1340 3467 1394 καλὸν
3498 1341 3574 1412 μὴ

1996 1426 2292 1494 μετασχεῖν
2334 1424 2429 1478 τοῦ
2458 1426 2755 1495 βελτίονος.
2785 1431 2946 1501 Κακῇ
2974 1431 3083 1500 γάρ
3118 1431 3319 1502 πράξει
3356 1432 3421 1487 τὸ
3449 1432 3580 1504 βλά-

1993 1530 2129 1567 πτον
2160 1513 2465 1582 ἀκολουθεῖ,
2497 1518 2590 1571 καὶ¹
2632 1519 2695 1573 τὸ
2723 1520 2897 1574 δεινὸν
2926 1522 3226 1592 ἐργάζεται
3255 1522 3575 1593 χαλεπώτε-

1996 1624 2111 1677 ρον.
2150 1607 2336 1661 Ἔοικε
2368 1607 2425 1660 δὲ
2469 1610 2539 1662 τὰ
2568 1609 2755 1677 ἀγαθά
2805 1614 2973 1684 σειρᾷ
3017 1612 3265 1684 ἀλλήλων
3314 1614 3577 1685 ἐχόμενα,

1992 1692 2062 1767 ἦς
2093 1699 2191 1752 οὐκ
2230 1698 2310 1752 ενι
2359 1700 2562 1771 μέρους
2596 1701 2919 1773 λαϐόμενον,
2962 1702 3038 1775 μή
3080 1705 3148 1759 δι’
3180 1705 3394 1761 ἑκείνου
3420 1703 3581 1762 λαϐέ-

1996 1788 2119 1843 σθαι
2150 1807 2269 1854 πως
2301 1792 2515 1847 καὶτοῦ
2547 1794 2963 1865 πλησιάζοντος,
2998 1798 3096 1851 καὶ
3119 1798 3190 1853 δι’
3222 1799 3431 1856 ἐκείνου
3474 1803 3585 1855 πάο

1990 1883 2074 1937 λιν
2102 1885 2324 1955 ἐτέρου,
2358 1889 2455 1941 καὶ
2496 1889 2720 1943 πάντων
2751 1889 2946 1955 άπλῶς
2980 1891 3053 1945 δι’
3074 1894 3329 1947 ἑκάστου.
3373 1894 3578 1966 Προσέ-

1991 1994 2105 2047 χων
2134 1979 2319 2032 τοίνυν
2356 1980 2474 2043 τοῖς
2499 1981 2687 2045 καλοῖς
2711 1984 2810 2036 καὶ
2850 1981 3011 2048 δόξαν
3065 1986 3325 2055 φέρουσιν
3367 1984 3575 2054 ἔργοις,

1997 2069 2074 2138 μὴ
2104 2070 2409 2141 καταδέχου
2439 2071 2539 2129 καὶ
2578 2073 2641 2126 τὸ
2673 2073 3009 2143 φαυλότατον
3038 2076 3149 2130 τῶν
3187 2077 3289 2131 οὐκ
3323 2078 3577 2131 ἐπαινου-

1996 2161 2174 2231 μένων
2196 2162 2562 2232 ⁸ιργάζεσθαι.
2588 2164 2741 2231 Ἕξις
2768 2166 2879 2238 γὰρ
2907 2150 3014 2221 ἀπὸ
3048 2168 3301 2239 σμικρῶν
3322 2170 3573 2240 ἄρχεται,

1994 2256 2090 2308 xei.
2111 2253 2171 2308 αί
2192 2255 2303 2310 τῶν
2328 2255 2630 2328 ἐλαχίστων
2659 2260 2998 2330 προσθῆκαι,
3031 2261 3099 2331 ἢν
3131 2261 3206 2332 μὴ
3236 2261 3299 2314 τὺ
3325 2260 3582 2316 κωλῦσαν

1994 2346 2234 2412 ἐπέλθοι,
2260 2350 2341 2412 είς
2368 2349 2598 2421 ἄπειρον
2630 2352 3077 2424 ἑξενηνεγμέναι,
3105 2353 3204 2409 καὶ
3229 2354 3300 2409 τὰ
3344 2354 3583 2426 μέγιστα

1993 2437 2104 2492 τῶν
2131 2441 2403 2510 σωμάτων
2432 2443 2754 2512 ἀναγκαίως
2785 2445 3210 2518 ὑπερϐήσονται.

2717 2621 2852 2678 ME'.

2073 2735 2174 2788 Ἦν
2201 2735 2478 2805 ἐπιθυμῇς
2506 2733 2866 2803 τελειότητος,
2898 2736 2993 2791 καὶ
3026 2735 3302 2807 μεγίστων
3328 2737 3388 2790 ὲν
3421 2737 3585 2808 μεθέ-

2001 2826 2081 2892 ξει
2110 2826 2292 2881 καλῶν
2317 2826 2591 2894 γενέσθαι,
2627 2828 3006 2896 παρακελεύου
3054 2830 3120 2901 τῇ
3149 2829 3317 2899 ψυχῇ,
3351 2829 3425 2901 μὴ
3455 2830 3582 2893 τοὺς

2003 2920 2175 2989 μικρὰ
2199 2919 2544 2979 συνοίσοντας
2578 2919 2855 2989 ὑπερορᾷν
2887 2918 3217 2989 λογισμούςσ
3251 2918 3365 2972 ἀλλ’
3405 2920 3585 2973 ἀσπα-

2001 3011 2130 3073 σίως
2160 3009 2415 3081 δέχεσθαι
2468 3013 2599 3071 πᾶν.
2634 3004 2679 3079 ᾧ
2736 3010 2983 3080 βελτίους
3038 3011 3365 3079 γιγνόμεθα.
3409 3010 3483 3065 Τὸ
3525 3011 3582 3064 δὲ

2005 3103 2182 3175 βραχὺ
2232 3103 2413 3174 ψυχῆς
2446 3103 2538 3156 τὸν
2583 3106 2738 3157 τόνον
2769 3102 3081 3173 ὑποχαλῶν,
3116 3104 3212 3156 καὶ
3240 3106 3305 3174 τῇ
3351 3103 3486 3170 πρδς
3518 3106 3587 3156 τὰ

311 3198 379 3253 ad
405 3200 628 3255 meliora
653 3201 1018 3272 propendeat,
1045 3203 1295 3274 impedit,
1329 3206 1382 3261 id
1410 3208 1641 3263 omnino
1687 3224 1754 3263 ne
1792 3209 1894 3263 ad-

2013 3200 2236 3266 ιρείττω
2276 3200 2419 3269 ῥοπῇ
2456 3198 2923 3268 προσιστάμενον,
2977 3197 3117 3266 μηδὲ
3156 3197 3254 3262 τὴν
3274 3194 3459 3267 ’ἀρχὴν
3497 3194 3586 3249 6&-

318 3292 520 3348 mittat.
540 3291 676 3349 Nam
709 3304 766 3350 et
817 3295 1024 3350 malum
1071 3306 1125 3351 et
1184 3297 1416 3361 bonum,
1467 3301 1902 3371 cogitationibus

313 3380 590 3450 Illapsum,
613 3383 666 3436 in
685 3397 826 3452 opus
842 3385 994 3441 exire
1019 3389 1376 3443 consuevitet
1398 3390 1482 3444 via
1502 3378 1737 3459 quadam
1762 3407 1887 3459 pro-

313 3472 633 3541 grediendo,
664 3473 720 3528 in
756 3474 1005 3530 habitum
1039 3478 1297 3533 stabilem
1319 3481 1477 3547 quasi
1500 3496 1899 3538 concrescere:

315 3563 410 3632 qui
440 3577 565 3618 cum
589 3564 758 3619 animi
784 3566 1134 3624 facultatibus
1158 3585 1483 3640 augescens,
1515 3574 1622 3628 illis
1649 3575 1783 3642 ipsis
1808 3590 1905 3645 par

314 3670 439 3711 esse
459 3656 661 3721 studet,
693 3674 818 3727 quas
835 3675 968 3714 sane
1000 3661 1230 3716 conlieri
1259 3663 1466 3734 nequit,
1493 3673 1552 3719 ut
1580 3666 1765 3735 aliqua
1818 3681 1907 3719 ra-

318 3747 468 3805 tione
505 3756 816 3807 mutentur.

1010 3843 1201 3900 XLVI.

391 3953 555 4011 Recte
570 3954 761 4024 facies,
778 3972 842 4013 ac
860 3957 1013 4013 valde
1028 3959 1245 4030 quidem
1267 3961 1633 4028 laudabiliter,
1645 3960 1689 4017 si
1710 3962 1906 4031 projtt-

320 4048 516 4104 cundis
532 4050 757 4120 optima,
779 4066 901 4106 cum
923 4058 1157 4123 utraque
1173 4071 1281 4109 non
1302 4056 1446 4119 licet,
1462 4055 1681 4126 diliges.
1699 4054 1809 4109 IIoc
1833 4056 1904 4109 ab

321 4152 541 4197 oratore
559 4133 828 4211 prolatum
851 4155 956 4211 est,
975 4155 1141 4216 atque
1159 4148 1235 4202 uti
1250 4148 1362 4202 Deo
1377 4158 1617 4220 gratum,
1642 4149 1714 4203 ita
1735 4149 1902 4203 bonis

324 4247 354 4286 a
377 4233 509 4287 viris
530 4235 695 4288 etiam
727 4233 1059 4291 factitatum.
1088 4238 1142 4292 Si
1165 4240 1296 4308 quid
1330 4240 1383 4293 in
1416 4240 1711 4309 perniciem
1760 4238 1905 4293 nosti

325 4319 655 4383 desiturum,
673 4322 794 4390 ejus
813 4323 1101 4380 adversare
1121 4328 1483 4398 principium;
1509 4328 1724 4382 tametsi
1746 4328 1904 4382 blan-

324 4413 478 4476 dum,
499 4416 716 4469 tametsi
736 4416 1038 4484 jucundum
1061 4419 1152 4485 sit,
1180 4420 1397 4475 tametsi
1423 4421 1753 4489 voluptatem
1780 4420 1905 4473 inli-

327 4505 496 4558 nitam
524 4508 872 4575 polliceatur.
905 4510 1039 4566 Nam
1071 4514 1274 4568 malum
1320 4530 1515 4584 reapse
1563 4516 1766 4569 malum
1815 4524 1901 4568 est

330 4612 394 4650 ac
419 4597 579 4666 plane
604 4600 851 4664 stultum,
883 4603 963 4656 vel
984 4602 1265 4668 inchoare,
1293 4604 1435 4673 quod
1460 4605 1722 4676 perlicere
1744 4605 1913 4669 nolis,

2004 3288 2221 3359 χεσθαι.
2258 3291 2365 3343 Kal
2397 3290 2458 3343 τὸ
2488 3290 2659 3344 κακὸν
2684 3291 2817 3361 γὰρ,
2850 3289 2945 3343 καὶ
2976 3291 3035 3343 τὸ
3060 3289 3288 3357 ἀγαθὸν,
3319 3290 3443 3351 ταῖς
3470 3288 3587 3342 δια-

2004 3382 2176 3445 νοίαις
2212 3383 2608 3453 συγγινόμενον
2663 3383 2745 3446 είς
2775 3383 2939 3454 ἔργον
2970 3382 3247 3437 ἐκϐαίνειν
3279 3382 3458 3445 εἴωθε,
3490 3382 3589 3436 καὶ

2002 3473 2107 3543 όδῷ
2138 3472 2372 3542 βαδίζον,
2401 3475 2482 3536 είς
2515 3473 2631 3538 ἕξιν
2671 3473 3019 3543 πήγνυσθαιο
3057 3474 3090 3542 ἢ
3123 3475 3242 3536 ταῖς
3273 3476 3373 3542 τῆς
3405 3471 3590 3543 ψυχῆς

2006 3564 2380 3635 συναυξομένη
2435 3564 2723 3632 δυνάμεσι,
2757 3564 3055 3636 φιλονεικεῖ
3088 3567 3151 3620 τὸ
3184 3565 3299 3617 ἴσον
3350 3564 3592 3627 ἐκείναις

2006 3657 2206 3728 ἔχουσα
2229 3657 2539 3728 φαίνεσθαι,
2570 3657 2637 3722 ἃς
2671 3657 3116 3730 μεταϐεϐλῆσθαι
3155 3658 3257 3729 οὐχ
3286 3652 3399 3712 οἷόν
3433 3675 3518 3711 τε.

2716 3840 2871 3909 Mc".
3460 3887 3492 3905 .

2081 3955 2261 4008 Καλὸν
2291 3953 2386 4008 καὶ
2413 3953 2536 4007 λίαν
2560 3954 2850 4009 ἐπαινετὸν
2906 3954 3030 4008 ἀντὶ
3052 3954 3161 4007 τῶν
3182 3953 3358 4025 ἡδέων
3384 3952 3452 4007 τά
3475 3952 3599 4023 βέλ-

2009 4064 2192 4112 τιστα,
2222 4048 2318 4101 ἐὰν
2350 4047 2426 4119 μὴ
2449 4048 2739 4118 ἀμφότερα
2768 4047 2886 4118 ἐξῇ,
2940 4047 3267 4117 λαμϐάνειν.
3296 4045 3456 4101 Οὕτω
3489 4062 3597 4100 που

2007 4137 2088 4209 τῷ
2120 4140 2310 4211 ῥήτορι
2367 4122 2607 4209 εἴρηται,
2636 4142 2731 4195 καὶ
2755 4139 2875 4211 Θεῷ
2898 4140 3071 4209 φίλον,
3105 4141 3201 4195 καὶ
3230 4142 3343 4203 τοῖς
3373 4140 3601 4208 ἀγαθοῖς

2007 4227 2236 4298 ἀνδράσι
2267 4228 2657 4299 διεπέπρακτο.
2689 4232 2754 4283 Ὀ
2783 4230 2846 4300 δὴ
2870 4230 3164 4299 γινώσκεις
3185 4231 3346 4302 λῆξον
3369 4235 3446 4295 είς
3472 4233 3598 4285 ελε-

2010 4319 2159 4391 θρον,
2190 4320 2384 4373 τούτου
2432 4321 2532 4392 τὴν
2564 4323 2738 4397 ἀρχὴν
2759 4325 3132 4394 ἀποστρέφου,
3169 4325 3278 4378 κᾶν
3372 4326 3595 4397 χαρίεσ-

2011 4427 2101 4475 σα,
2139 4411 2243 4465 κᾶν
2348 4411 2578 4483 τερπνὴ,
2613 4396 2716 4468 κᾶν
2815 4416 3017 4487 μυρίαν
3041 4416 3236 4488 ἡδονὴν
3266 4396 3603 4487 ἐπαγγελλο-

2019 4502 2179 4573 μένη.
2215 4505 2398 4558 Ast.va
2427 4506 2537 4574 γὰρ
2559 4504 2751 4573 ὅντως,
2787 4508 2985 4572 δεινὸν,
3007 4511 3104 4563 καὶ
3125 4510 3407 4575 παντελῶς
3443 4514 3604 4581 άνὸηο

2023 4612 2136 4658 τον,
2161 4595 2192 4665 ἦ
2225 4597 2441 4651 τελέσαι
2477 4598 2554 4668 μὴ
2583 4599 2913 4670 βουλόμενον
2944 4599 3238 4670 ἄρξασθαι,
3264 4601 3296 4671 ἢ
3322 4602 3383 4655 τὸ
3408 4602 3607 4672 δέλεαρ

328 4691 412 4742 vel
442 4705 565 4746 cum
599 4707 782 4748 escam
805 4693 950 4749 ferro
1006 4695 1208 4752 videris
1239 4697 1475 4760 aﬂixam,
1506 4709 1731 4766 propter
1753 4711 1898 4766 appe

2031 4688 2207 4742 ίδόντα
2239 4691 2543 4761 περιπαρὲν
2590 4689 2668 4760 τῷ
2702 4691 2929 4762 σιδήρῳ,
2974 4689 3094 4745 εἶτα
3118 4690 3208 4744 διὰ
3236 4690 3468 4760 θάτερον
3501 4711 3606 4748 κα·-

334 4783 492 4836 ιὶιιοιιι
523 4785 747 4842 alterius
774 4796 1068 4859 utrumque
1095 4789 1382 4857 deglutire.
1418 4789 1572 4855 Quod
1606 4791 1652 4845 si
1705 4798 1898 4845 mente:

2026 4785 2243 4841 ταπιεῖν
2281 4784 2587 4855 ἀμφότερα.
2617 4785 2797 4849 Ὅλως
2826 4786 2884 4840 δὲ
2906 4785 3003 4849 τὰς
3032 4785 3239 4856 φρένας
3266 4785 3343 4856 μὴ
3365 4784 3609 4857 βεϐλαμ-

335 4875 522 4945 aliquo
540 4880 670 4933 vitio
692 4890 963 4950 corruptae
984 4896 1093 4935 non
1120 4882 1345 4946 fuerint,
1363 4882 1505 4937 baud
1529 4891 1811 4951 acceptum
1831 4899 1898 4939 est

2033 4875 2215 4947 μένοις
2246 4877 2351 4929 ὑπό
2381 4894 2473 4930 του
2503 4877 2712 4941 πάθους
2737 4878 2836 4931 οὐκ
2869 4878 2934 4932 ἂν
2966 4880 3144 4932 ὲκείνο
3169 4878 3384 4946 γένοιτο
3426 4879 3610 4947 φίλον,

333 4983 394 5022 se
421 4971 619 5038 poterit
646 4972 756 5048 ullo
788 4974 971 5037 modo,
1001 4977 1148 5043 quod
1194 4974 1262 5028 ad
1296 4985 1512 5043 tempus
1558 4977 1780 5045 quidem
1825 4976 1898 5048 jn-

2028 4971 2057 5024 δ
2079 4972 2215 5042 πρὸς
2240 4970 2392 5043 ὥραν
2429 4972 2528 5043 μὲν
2565 4973 2687 5044 ἡδὺ,
2712 4973 2958 5043 λυπηρὸν
2990 4972 3048 5026 δὲ
3076 4973 3330 5028 πάντοτε.
3414 5006 3427 5015 κ

337 5062 580 5118 eundum
611 5072 695 5120 est
717 5042 817 5133 {at
843 5042 1097 5121 comitem
1117 5066 1279 5120 habet
1304 5065 1546 5123 dolorem
1567 5042 1917 5146 perpetuum.

1013 5178 1225 5235 XLVII.

420 5266 706 5326 Iiniversis
735 5282 815 5327 est
849 5287 1140 5328 commune
1160 5274 1506 5343 mortalibus,
1536 5276 1923 5335 utinvitis-ali-

341 5363 474 5434 quid
499 5364 746 5418 accidere
775 5366 981 5434 possit:
1002 5375 1057 5421 at
1077 5376 1291 5437 sponte,
1313 5384 1436 5437 qum
1457 5370 1618 5424 noxia
1647 5379 1796 5432 sunt,
1821 5372 1923 5426 ad-

346 5458 662 5520 mittere,ne
679 5456 858 5513 brutis
877 5459 1096 5529 quidem
1122 5462 1401 5530 proprium
1433 5478 1448 5516 :
1477 5465 1696 5532 quando
1715 5473 1928 5517 contra-

347 5549 492 5604 rium
524 5564 743 5620 quoque
774 5536 924 5617 prius
950 5562 1032 5607 est
1057 5554 1515 5609 demonstratum.
1537 5555 1715 5612 Semel
1736 5570 1928 5627 captus

349 5645 589 5699 es?ca\'e
614 5644 691 5697 bis
712 5645 949 5714 capiare,
970 5661 1040 5701 ne
1058 5648 1274 5717 capiare
1292 5649 1512 5718 saepius,
1529 5649 1931 5705 consuetudine

353 5735 685 5805 depravatus
715 5756 729 5804 ;
756 5753 888 5794 neve
923 5738 1066 5794 furto
1100 5738 1378 5811 frequenti
1433 5743 1662 5798 vitiosus
1703 5742 1927 5808 evadas,

356 5839 612 5902 totusque
635 5830 972 5903 turpitudine
998 5836 1251 5903 relcrtus,
1281 5835 1346 5891 ad
1369 5835 1572 5892 bonum
1598 5835 1775 5892 redire
1798 5835 1934 5891 ditii-

2664 5208 2669 5211 ν
2761 5177 2895 5235 MZ'.

2108 5277 2346 5330 Ἀκοντα
2403 5276 2503 5346 μέν
2531 5291 2584 5327 τι
2631 5273 2825 5327 παθεῖν
2874 5270 3185 5343 ἀνθρώποις
3217 5272 3355 5326 πᾶσι
3390 5274 3571 5327 κοινόν
3595 5291 3613 5307 ·

2038 5368 2235 5441 γνώμῃ
2264 5368 2321 5421 δὲ
2351 5366 2671 5437 προσίεσθαι
2701 5365 2771 5418 τὰ
2802 5364 3043 5435 βλαϐερά
3071 5364 3182 5417 οὐδ’
3209 5363 3428 5433 ἀλόγοις
3455 5365 3615 5433 ἴδιον,

2038 5463 2174 5516 ὅπου
2230 5478 2294 5528 γε
2353 5460 2447 5513 καὶ
2481 5457 2796 5513 τοὺναντίαν
2846 5456 3361 5528 προαποδὲδεικται.
3425 5457 3614 5523 Ἦλως

2039 5553 2185 5620 ἅπαξ
2213 5570 2228 5618 ;
2262 5551 2433 5620 φεῦγε
2472 5552 2532 5603 τὸ
2559 5550 2639 5612 δὶς
2670 5550 2899 5616 ἁλῶναι,
2928 5548 3017 5604 ἵνα
3047 5547 3123 5620 μὴ
3153 5548 3418 5611 πολλάκις
3447 5548 3619 5619 ἁλῷς,

2041 5648 2108 5716 τῇ
2137 5642 2398 5714 συνηθείᾳ
2415 5641 2796 5714 παρενεχθεὶς,
2820 5641 2916 5694 καὶ
2938 5641 3004 5711 τῇ
3033 5641 3252 5709 συνεχεῖ
3280 5639 3454 5708 κλοπῇ
3484 5641 3621 5708 πρὸς

2043 5739 2300 5808 ἀπειρίαν
2322 5736 2699 5806 παρεκταθῇς,
2726 5734 2820 5786 καὶ
2845 5733 3107 5803 αἰσχύνης
3126 5747 3191 5801 γε
3227 5730 3496 5802 πλησθῇς.
3527 5731 3621 5783 καὶ

2048 5832 2182 5903 πρὸς
2236 5830 2295 5884 τὸ
2330 5827 2492 5883 καλὸν
2540 5825 2969 5897 δυσεπίσεροφος
2999 5822 3211 5898 μείνῃς.
3276 5824 3382 5881 Τὸν
3403 5822 3512 5893 γὰρ
3538 5823 3621 5885 εἰς
