3950 6460
364 371 475 438 ats
1322 376 1734 440 PRECEPTA
1773 379 1942 465 Ευυι

2049 378 2299 443 [‘IONIS
2336 380 2625 445 REGIAZ.
3509 376 3623 442 εδο

368 488 665 561 τοῦσχατον
692 487 804 543 τῶν
829 472 1017 544 κακῶν
1031 488 1336 561 ἀφιγμένον
1371 492 1453 554 είς
1482 491 1583 562 τὴν
1613 493 1721 546 τῶν
1753 476 1936 545 καλῶν

2049 494 2216 549 culter
2244 495 2443 565 possis.
2474 492 2612 550 Nam
2642 493 2739 565 qui
2764 492 3034 552 malorum
3053 492 3126 550 ad
3151 499 3461 551 extremum
3502 507 3631 563 per-

370 584 616 654 κορυφὴν
639 582 955 636 ἐπανελθεῖν
992 583 1056 636 οὑ
1097 582 1301 653 ῥᾴδιονι
1336 584 1429 636 Δεῖ
1469 584 1526 637 δὲ
1564 583 1810 654 νομίζειν
1852 585 1942 642 τὸν

2049 584 2276 651 venerit,
2310 587 2358 641 is
2379 587 2648 642 bonorum
2678 586 2743 641 ad
2769 587 3028 644 verticem
3049 603 3158 643 non
3191 586 3354 643 facile
3380 596 3632 643 reverte-

369 677 624 746 ἄρχοντα,
673 676 878 746 μηδένα
918 676 1102 730 λαθεῖν
1137 669 1252 731 οἶόν
1281 692 1340 728 τε
1370 672 1534 741 εῖναι,
1587 677 1758 732 κακὸν
1791 677 1942 732 ὄντα.

371 769 580 832 Πάντες
606 771 713 839 γὰρ
743 771 800 832 ές
822 768 1011 823 τοῦτον
1040 768 1233 842 ὁρῶσι,
1267 771 1469 840 μᾶλλον
1494 771 1633 848 πρὸς
1650 771 1779 834 τοὺς
1808 771 1946 842 ὑπὲρ

370 862 575 917 τούτων
617 862 816 927 ἄθλους
873 863 1286 934 ἀποδυσάμενον
1344 865 1378 934 ἢ
1415 866 1542 926 τοὺς
1594 865 1735 935 ὑπὲρ
1790 864 1947 931 δόξης

372 956 503 1007 ποτὲ
528 956 587 1007 ὲν
621 954 1019 1025 Παναθηναίοις
1049 955 1479 1027 ἠγωνισμένους.
1515 957 1593 1010 Οὐ
1634 956 1949 1026 θαυμαστὸν

371 1048 416 1100 δ’
446 1047 850 1118 ἀγωνιζόμενον
894 1051 1269 1103 πεπτωκέναι.
1309 1049 1383 1102 Τὸ
1437 1050 1651 1103 κεῖσθαι
1681 1049 1749 1103 se
1771 1049 1948 1104 θέλειν

374 1140 671 1212 ὑπερφυῶς
699 1139 923 1194 ἄτοπον.
971 1139 1078 1195 Τοῦ
1121 1142 1221 1211 μὲν
1249 1145 1359 1213 γάρ
1389 1143 1560 1196 πολλά
1583 1142 1649 1197 ἂν
1684 1142 1832 1197 αἴτια
1854 1143 1950 1212 γέ-

374 1250 548 1288 νοιντο
571 1249 586 1263 ·
613 1233 707 1285 τοῦ
735 1233 793 1286 δὲ
831 1233 934 1303 τὴν
979 1236 1210 1304 γνώμην
1255 1235 1424 1306 μόνην
1456 1235 1747 1290 αἰτιατέον.
1791 1236 1949 1287 Ἔστι

372 1327 429 1380 δέ
455 1343 557 1379 που
589 1327 682 1379 καὶ
714 1324 1015 1379 παλαίοντα
1044 1326 1467 1396 κατενεχθῆναι,
1511 1329 1604 1381 καὶ
1632 1327 1790 1393 δόξαν
1826 1325 1950 1380 ἀντὶ

372 1420 556 1490 ψόγων
614 1420 944 1492 πορίσασθαι
998 1420 1131 1491 παρ’
1160 1421 1496 1491 ἐπιστήμοσι
1538 1421 1847 1484 δικασταῖς.
1876 1419 1950 1475 Τὸ

373 1512 770 1583 προθυμεῖσθαι
801 1512 912 1583 γὰρ
961 1512 1174 1579 ἀνδρός.
1225 1513 1299 1566 Τὸ
1347 1513 1403 1566 δὲ
1435 1514 1705 1584 σφαλῆναι
1738 1515 1831 1567 καὶ
1858 1513 1950 1565 τύο

373 1622 477 1676 χης
484 1644 500 1659 ο

1106 1875 1241 1933 MH'.

457 1969 570 2026 Ῥεῖ
602 1971 700 2042 μὲν
747 1972 775 2024 ό
821 1969 934 2046 βίος
965 1971 1122 2039 ἡμῖν,
1156 1971 1253 2025 καὶ
1284 1971 1478 2026 στάσιν
1519 1973 1635 2044 ἔχει
1666 1973 1766 2044 τὴν
1795 1972 1952 2045 κίνη-

375 2079 494 2119 σιν’
523 2065 584 2118 τὸ
607 2065 665 2118 δὲ
699 2063 952 2118 σύντονον
1003 2063 1151 2133 αὑτῷ
1187 2065 1326 2136 πρὸς
1355 2065 1635 2127 παντελῶς
1666 2066 1946 2134 ἀκίνητον,

371 2156 407 2228 ἢ
439 2156 623 2223 καλὸν,
655 2154 688 2225 ἢ
720 2152 1057 2219 τούναντίον,
1093 2144 1232 2222 μετά
1260 2156 1360 2226 τὴν
1385 2154 1594 2208 ἐνθένδε
1625 2155 1780 2226 λῆξιν
1814 2157 1950 2209 ἀπο-

374 2248 718 2301 καθίσταται..
761 2246 1045 2316 Παραῤῥεῖ
1087 2246 1145 2299 δὲ
1198 2247 1310 2308 τοῖς
1346 2248 1506 2299 ποσὶν
1533 2288 1547 2312 ,
1590 2246 1665 2309 ὡς
1719 2247 1948 2315 ῥύακες,

381 2338 710 2410 ἑκατέρωθεν
735 2337 847 2390 τῶν
886 2335 1073 2390 καλῶν
1111 2337 1207 2390 καὶ
1234 2336 1344 2390 τῶν
1367 2338 1559 2390 κακῶν
1586 2336 1654 2390 τὰ
1680 2337 1852 2390 αἴτια.
1888 2336 1949 2391 Ὀ

378 2429 561 2483 κώθων
589 2430 646 2483 δὲ
675 2430 733 2482 ἐν
759 2431 963 2500 χεροῖν,
1016 2431 1113 2482 καὶ⁹
1146 2429 1370 2499 ἕτοιμον
1403 2430 1639 2496 ἀντλεῖν,
1669 2431 1951 2501 ὁποτέρωο

373 2523 462 2579 θεν
490 2522 556 2576 ἄν
605 2539 691 2584 τις
731 2521 995 2591 βούλοιτο.
1032 2523 1220 2575 Ἔοικε
1269 2523 1325 2576 δὲ
1371 2523 1468 2575 καὶ
1498 2523 1674 2594 ἀγορᾷ
1725 2525 1792 2576 τά
1822 2518 1951 2577 καθ’

366 2616 514 2684 ἡμᾶς
546 2615 871 2686 πράγματα,
899 2617 993 2670 καὶ
1017 2614 1194 2680 ἔξεστι
1221 2615 1355 2685 πρὸς
1379 2615 1573 2684 κέρδος
1603 2614 1730 2668 νοῦν
1761 2614 1949 2683 ἔχουσι

366 2709 546 2762 πάντα
604 2708 907 2781 πράττειν,
972 2709 1174 2762 πωλεῖν
1201 2747 1217 2773 ,
1279 2707 1607 2774 ἀλλάττειν,
1665 2709 1947 2763 ὠνεῖσθαι.

365 2800 630 2875 Μεμπτδν
659 2799 752 2855 οὖν
805 2800 1026 2863 πάντως
1081 2800 1272 2869 σαφῶς
1314 2800 1433 2854 ἐστι
1458 2800 1668 2872 χάλκεα
1697 2801 1948 2870 χρυσέων

364 2891 750 2946 ἀλλάττεσθαι.
796 2890 1033 2962 Δισχρδν
1072 2890 1354 2945 ταλάντων
1401 2892 1738 2961 πιπράσκειν
1763 2890 1943 2957 δόξαν.

364 2983 551 3039 Δεινδν
594 2981 904 3053 ἐλευθερίαν
939 2981 1235 3053 προδοῦναι
1276 2984 1477 3047 παντὸς
1507 2984 1692 3038 ἕνεκα.
1740 2984 1947 3038 Παντε-

361 3076 468 3139 λῶς
500 3074 754 3145 ἀνόητον,
788 3074 883 3128 καὶ
911 3073 982 3127 τά
1010 3074 1279 3144 είρημένα
1323 3075 1461 3143 πρὸς
1491 3060 1654 3128 ἑαυτὸ
1684 3071 1946 3130 συνελκύο

1983 1834 2030 1895 Β

2049 686 2157 732 tnr.
2195 678 2362 732 Debet
2387 687 2568 732 autem
2599 677 2923 734 existimare
2946 679 3226 750 princeps,
3259 680 3538 745 neminem
3572 694 3633 735 se

2049 770 2218 825 latere
2240 771 2483 840 posse,si
2507 771 2687 826 malus
2716 772 2810 826 sit.
2836 769 2893 825 ln
2919 770 3098 843 ipsum
3128 785 3367 842 namque
3393 759 3630 840 coniecti
3682 766 3695 779 '

2048 870 2178 917 sunt
2208 862 2455 918 omnium
2481 864 2653 926 oculi,
2682 863 2751 918 ad
2776 864 3130 935 suscipienda
3161 878 3259 936 pro
3276 865 3489 921 cunctis
3511 881 3633 922 cer-

2048 955 2256 1009 tamina
2288 953 2462 1025 magis
2493 956 2824 1023 accinctum,
2857 971 3023 1026 quam
3047 955 3123 1012 illi
3145 959 3422 1029 quondam
3451 965 3632 1023 erant,

2050 1049 2140 1117 qui
2165 1048 2350 1117 gloria:
2374 1062 2537 1102 causa
2561 1064 2591 1104 a
2623 1047 3000 1106 Panathenaeis
3044 1048 3204 1106 festis
3251 1050 3642 1123 decertabant.

2050 1137 2239 1207 Neque
2264 1152 2395 1192 vero
2427 1140 2626 1193 mirum
2660 1147 2767 1204 est,
2826 1149 3127 1195 certantem
3176 1139 3328 1195 labi:
3356 1140 3449 1195 sed
3506 1155 3634 1209 pro-

2053 1234 2285 1287 stratum
2314 1231 2499 1301 jacere
2528 1231 2690 1297 velle,
2717 1247 3070 1302 summopere
3119 1232 3447 1289 adsurdum.
3495 1226 3632 1285 Nam

2053 1322 2184 1379 illud
2214 1323 2437 1391 quidem
2456 1325 2644 1380 multis
2666 1339 2732 1380 ex
2756 1325 2941 1381 causis
2965 1326 3082 1382 ﬁeri
3106 1333 3308 1395 potest,
3328 1324 3637 1379 huiusvcro

2052 1418 2208 1487 culpa
2232 1418 2334 1472 soli
2360 1429 2443 1472 est
2465 1417 2794 1473 ascribenda
2816 1418 3107 1475 voluntati.
3124 1417 3268 1485 Quin
3289 1423 3347 1472 et
3363 1417 3633 1487 prosterni
3701 1425 3711 1495 ξ
3792 1471 3804 1485 ,

2054 1519 2255 1578 potest,
2276 1510 2368 1576 qui
2400 1509 2662 1576 luctatur,
2688 1525 2752 1565 ac
2781 1509 2957 1566 nihilo
2981 1510 3165 1567 minus
3221 1510 3370 1580 apud
3414 1509 3631 1579 iudices
3699 1514 3706 1567 ξ

2053 1615 2234 1655 rerum
2256 1600 2461 1671 peritos
2477 1601 2707 1672 gloriam
2720 1602 2977 1671 vituperii
3003 1602 3122 1657 loco
3153 1612 3462 1670 reportare.
3497 1599 3632 1653 Nam

2054 1691 2154 1744 viri
2186 1699 2291 1756 est,
2325 1692 2513 1747 animo
2535 1693 2667 1760 quid
2697 1693 2869 1748 alacri
2905 1692 3189 1763 suscipere
3218 1690 3638 1762 :speivl‘rustra-

2055 1784 2157 1847 tio,
2187 1783 2442 1840 fortuna.

2732 1875 2965 1931 XLVIII.

2126 1957 2306 2026 C'ursu
2337 1977 2604 2040 perpetuo
2634 1968 2747 2023 vita
2778 1976 2969 2024 nostra
2994 1966 3135 2031 nuit,
3158 1973 3212 2022 et
3242 1972 3400 2021 extra
3425 1970 3636 2018 motum

2010 2052 2015 2055 ’
2053 2061 2296 2131 quietem
2324 2061 2533 2116 nullam
2567 2061 2751 2115 habet.
2780 2059 3092 2116 Continuus
3119 2068 3303 2114 autem
3334 2072 3532 2112 cursus
3572 2054 3639 2110 il-

2053 2153 2104 2208 le
2129 2162 2522 2222 postexactam
2553 2152 2697 2207 hanc
2724 2151 2892 2206 vitam
2918 2152 2973 2206 in
3004 2164 3230 2219 prorsus
3253 2146 3533 2202 immobile
3554 2144 3637 2199 vel

2053 2244 2259 2300 bonum
2288 2245 2373 2299 vel
2401 2244 2603 2299 malum
2632 2242 2854 2298 desinit.
2889 2241 2971 2294 Ad
3004 2241 3170 2312 pedes
3203 2239 3459 2307 utrinque
3489 2237 3609 2290 rivu

2053 2338 2230 2392 lorum
2265 2337 2441 2392 instar
2480 2324 2706 2391 manant
2736 2335 3009 2390 bonorum
3047 2348 3111 2388 ac
3164 2330 3436 2387 malorum
3471 2343 3637 2384 occa.

2052 2432 2256 2486 siones.
2287 2429 2516 2487 Estetin
2537 2427 2792 2483 manibus
2809 2426 3093 2496 poculum,
3131 2439 3199 2480 ac
3245 2421 3634 2485 baurirelicet,

2052 2522 2417 2591 undecunque
2452 2519 2699 2576 libuerit.
2726 2517 2871 2575 Foro
2906 2531 3127 2587 quoque
3153 2531 3243 2572 res
3269 2517 3524 2570 humana:
3563 2515 3639 2570 si-

2054 2615 2214 2670 miles
2244 2622 2395 2676 sunt,
2424 2622 2480 2669 et
2507 2620 2707 2668 cuncta
2742 2620 2923 2665 mente
2958 2608 3171 2680 praediti
3194 2607 3377 2664 facere
3394 2623 3494 2662 suo
3510 2622 3636 2661 cum

2049 2709 2208 2763 lucro
2259 2714 2540 2776 possunt;
2573 2713 2912 2774 permutare,
2969 2701 3224 2764 vendere,
3285 2714 3636 2769 comparare.

2048 2801 2392 2871 Quapropter
2421 2797 2646 2850 omnino
2664 2792 2987 2864 reprehendi
3032 2801 3294 2859 meretur,
3343 2792 3438 2861 qui
3496 2805 3644 2851 terea

2050 2908 2175 2952 cum
2193 2892 2376 2947 aureis
2395 2895 2678 2960 permutat
2708 2904 2722 2942 :
2750 2895 2929 2956 turpe,
2953 2883 3174 2940 talentis
3190 2884 3420 2955 gloriam
3439 2884 3640 2938 vende-

2048 2971 2461 3055 retindignum
2495 2981 2797 3036 libertatem
2816 2977 3062 3047 cujusvis
3080 2975 3155 3031 rei
3174 2989 3337 3031 causa
3379 2974 3637 3044 prodere:

2056 3077 2294 3134 stultum
2325 3088 2574 3144 prorsus,
2605 3079 2659 3127 et
2679 3079 2791 3141 tam
2813 3069 3258 3138 indicata,quam
3273 3067 3458 3123 omnia
3474 3067 3640 3123 simul

363 3184 488 3232 σαν,
526 3165 836 3220 καὶπάνθ’
887 3164 1025 3237 όμοῦ
1062 3166 1131 3221 τὰ
1185 3165 1355 3233 κακά,
1394 3166 1616 3220 αἰωνίου
1673 3166 1942 3236 πρίασθαι

2052 3169 2425 3240 complectens
2460 3166 2626 3233 mala,
2653 3163 3053 3235 temporarium
3085 3171 3292 3218 aeterno
3328 3161 3629 3219 redimere.

362 3262 720 3333 πρόσκαιρον.
1140 3298 1141 3301 η

1100 3354 1242 3408 ΜΘ’.

433 3447 646 3502 Παλαιά
675 3464 762 3512 τις
806 3446 939 3514 δόξα
969 3446 1066 3500 καὶ
1111 3446 1343 3519 διαρκὴς
1390 3445 1524 3518 ἄχρι
1555 3447 1675 3514 νῦν,
1728 3447 1798 3502 τὰ
1839 3448 1942 3518 μὲν

359 3535 528 3595 δεινὰ,
556 3534 694 3604 μδετά
719 3536 778 3588 τδ
806 3537 1015 3606 τρῶσαι
1046 3537 1142 3590 καὶ
1167 3537 1538 3607 ἀπηλλάχθαι,
1571 3539 1773 3610 ἡδονὴν
1803 3541 1943 3609 ἀμε-

359 3623 667 3695 ταμέλητον
719 3625 1100 3694 ἀντεισάγειν·
1132 3627 1202 3679 τά
1242 3625 1302 3680 δδ
1350 3627 1565 3698 τερπνά
1604 3627 1940 3683 τούναντίον.

364 3716 595 3784 Ἐμοιγέ
634 3733 718 3769 τοι
745 3703 1180 3788 παραδοξότερον
1212 3717 1468 3772 ἐνταυθοῖ
1499 3718 1748 3789 νομίζειν
1773 3720 1943 3791 παρί-

361 3821 575 3871 σταται,
604 3806 668 3858 οὑ
711 3804 1054 3876 ψευδομένης
1087 3806 1190 3876 τῆς
1233 3806 1404 3861 πάλαι
1437 3807 1621 3874 δόξης.
1668 3808 1805 3871 Ταῖς
1831 3809 1943 3881 γὰρ

357 3896 579 3969 ἡδοναῖς
603 3897 704 3960 τὰς
751 3896 952 3962 λύπας,
982 3899 1077 3951 καὶ
1125 3898 1188 3952 τὸ
1211 3898 1438 3969 ἥδεσθαι
1464 3901 1587 3962 ταῖς
1609 3899 1809 3963 λύπαις
1849 3901 1941 3972 μί-

357 3989 591 4060 γνυσθαι
626 4005 743 4056 πως
781 3990 873 4043 τὸν
913 3992 1095 4045 πάντα
1123 3992 1342 4062 χρόνον,
1376 3992 1672 4063 ἀφορώσης
1702 3994 1801 4063 τῆς
1834 3998 1941 4065 ψυ-

357 4084 462 4157 χῆς
489 4085 569 4147 είς
617 4084 712 4152 ὅγε
754 4082 907 4154 λήξει
936 4082 1092 4146 τέλος
1124 4083 1388 4152 ἑκάτερον
1409 4099 1424 4115 ο
1464 4085 1560 4137 καὶ
1581 4085 1671 4139 διὰ
1711 4085 1812 4155 μὲν
1841 4087 1942 4157 τὴν

358 4177 736 4248 ἀπαραίτητον
768 4176 992 4231 κόλασιν
1021 4175 1119 4246 τῆς
1149 4176 1405 4232 ἐνταυθοῖ
1436 4178 1701 4249 πονηρίας
1733 4180 1942 4249 ἀδημο-

358 4270 557 4340 νούσης
598 4271 657 4323 ὲν
710 4270 787 4339 τῷ
818 4269 916 4341 τὴν
949 4269 1165 4341 τρυφὴν
1211 4270 1374 4341 ἔργον
1405 4268 1573 4341 ἔχειν,
1631 4269 1723 4322 διὰ
1752 4269 1811 4323 δὲ
1842 4271 1940 4342 τὴν

262 4341 283 4353 ν
357 4364 726 4433 προκειμένην
783 4365 898 4426 τοῖς
957 4362 1303 4431 θλιϐομένοις
1362 4362 1669 4417 ἀπόλαυσιν
1719 4363 1781 4415 ὲν
1828 4341 1941 4424 τοῖς

354 4457 635 4518 ἐπιπόνοις
668 4456 1128 4526 εὐφραινομένης.
1162 4455 1330 4510 Οὐδὲν
1361 4456 1472 4526 ἄρα
1506 4456 1585 4527 τῷ
1631 4456 1732 4527 βίῳ
1762 4456 1938 4511 καθα-

356 4547 450 4618 ρὸν
475 4547 720 4617 ἀκριϐῶς
775 4546 843 4601 ἂν
906 4549 1142 4615 γένοιτο,
1193 4546 1346 4610 ὄντος
1395 4549 1489 4602 καὶ
1538 4548 1633 4601 τοῦ
1683 4549 1936 4620 σώματος

352 4641 482 4710 ἡμῖν
510 4638 569 4704 ἐξ
600 4639 879 4704 ἐναντίων,
914 4638 1229 4709 ζητούντων
1255 4640 1580 4707 ἀναγκαίως
1609 4641 1678 4694 τά
1710 4643 1930 4712 γνήσια,

353 4733 447 4788 καὶ
476 4733 876 4797 στασιαζόντων
902 4732 1181 4802 ἀλλήλοις.

1101 4915 1186 4969 Ν’.

419 5013 587 5082 Ὀρον
620 5011 895 5080 ἁμαρτίας
923 5011 1060 5080 ἡγοῦ
1092 5013 1184 5064 ἐπὶ
1206 5012 1410 5075 παντὸς
1440 5011 1637 5081 ἐφεξῆς
1671 5012 1937 5083 πράγμα-

350 5119 438 5164 τος
463 5103 522 5155 τδ
547 5103 614 5155 τά
646 5098 930 5172 ὑπάλληλά
951 5100 1104 5173 τέλη,
1139 5101 1216 5162 ὡς
1239 5100 1305 5154 ἄν
1339 5120 1422 5166 τις
1447 5104 1617 5168 εῐποι,
1645 5104 1741 5158 καὶ
1764 5105 1937 5159 πολλὰ

350 5186 456 5247 τῶν
484 5198 620 5265 πρὸς
643 5195 704 5248 τὺ
735 5195 891 5258 τέλος
924 5194 1085 5265 μόνον
1116 5194 1456 5266 ὑπάρχοντα,
1488 5198 1562 5260 ὡς
1589 5198 1936 5255 τελικὼτατα

347 5287 475 5357 τέλη
509 5287 618 5339 τῶν
661 5283 979 5357 ἀνθρώποις
1023 5304 1086 5355 γε
1137 5288 1429 5356 πρακτέων
1477 5289 1931 5357 ὑπολαμϐάνειν·

345 5380 496 5433 τουτὶ
528 5381 636 5449 γὰρ
672 5379 831 5447 μόνον
859 5379 968 5432 τῶν
1017 5380 1237 5433 πάντων
1266 5380 1458 5448 ἔμοιγε
1491 5380 1615 5451 ῥίζα
1648 5384 1801 5436 δοκεῖ
1834 5386 1937 5438 πά-

349 5487 448 5541 ση;
479 5471 753 5549 ἁμαρτίας
805 5461 1096 5541 ὑπάρχειν.
1160 5469 1245 5534 Ὠς
1287 5472 1416 5539 ὃ·γε
1470 5470 1734 5547 διελεῖνῇ
1793 5478 1934 5549 χρῆν

347 5548 708 5635 ἐπιστάμενος
741 5564 824 5638 (ἐξ
843 5565 1152 5628 ὑποθέσεως
1175 5565 1232 5618 δὲ
1264 5567 1524 5637 εἰρήσθω.
1545 5569 1620 5620 Οὐ
1645 5569 1754 5639 γὰρ
1773 5570 1937 5624 δυνα-

346 5662 438 5713 τὸν
465 5658 739 5730 ἀνθρώπῳ
780 5659 860 5721 είς
882 5658 1143 5712 τοσοῦτον
1178 5662 1435 5728 γνώσεως
1467 5662 1823 5731 ἐληλακέναι,
1860 5665 1932 5732 μὴ

348 5752 695 5823 βοηθουμένῳ
716 5750 945 5819 θεόθεν)·
965 5752 992 5802 ὁ
1015 5751 1149 5820 γοῦν
1171 5752 1477 5822 διακρίνειν
1500 5754 1676 5822 όρθῶ;
1699 5756 1934 5825 δυνάμει

349 5864 433 5909 νος
464 5846 531 5899 τὰ
563 5844 692 5914 τέλη
738 5858 794 5895 τε
825 5845 921 5898 καὶ
955 5845 1022 5899 τά
1060 5846 1197 5917 πρδς
1226 5847 1386 5913 αὐτὰ,
1432 5847 1524 5900 καὶ
1573 5845 1652 5900 ἔτι
1693 5865 1755 5915 γε
1783 5852 1841 5901 τὸ
1867 5848 1926 5902 ἓν

2728 3344 2920 3403 XLIX.

2234 3365 2305 3411 ο
2732 3365 2920 3403 λιλιλ.

2119 3445 2257 3501 Tum
2287 3451 2441 3500 vetus
2460 3451 2566 3511 est,
2594 3450 2709 3497 tum
2742 3440 3021 3509 hodieque
3037 3436 3245 3494 durans
3261 3435 3475 3508 Opinio,
3496 3430 3637 3491 mala

2048 3548 2334 3609 postquam
2365 3537 2569 3591 vulnus
2604 3532 2904 3589 inﬂixerint
2930 3540 2985 3589 et
3015 3530 3272 3596 volarint,
3302 3534 3637 3599 voluptatem

2052 3631 2378 3701 rependere,
2411 3629 2572 3698 cuius
2603 3625 2880 3682 neminem
2921 3623 3222 3695 poeniteat;
3267 3621 3533 3690 jucunda.
3557 3620 3643 3675 di-

2012 3704 2015 3711 λ
2047 3740 2269 3779 versum
2297 3722 2500 3778 facere.
2531 3719 2662 3773 Mihi
2691 3733 2823 3774 vero
2846 3731 2989 3773 nova
3018 3715 3266 3786 quaedam
3296 3713 3364 3769 ad
3394 3714 3637 3769 animum

2047 3815 2254 3871 accidit
2284 3814 2492 3884 opinio.
2524 3812 2703 3883 prisca
2731 3808 3095 3864 nihilominus
3126 3807 3219 3863 illa
3243 3816 3506 3861 manente
3530 3820 3629 3859 ve-

2040 3924 2127 3967 ra.
2161 3907 2295 3962 Nam
2328 3907 2564 3971 arbitor,
2584 3902 2959 3973 voluptatibus
2994 3900 3235 3967 dolores,
3271 3913 3337 3954 ac
3356 3896 3641 3952 doloribus

2044 4000 2377 4070 voluptatem
2411 3996 2609 4066 quovis
2667 4003 2915 4065 tempore
2943 3991 3355 4064 quodammodo
3386 3989 3640 4055 misceri;

2043 4092 2173 4147 dum
2211 4092 2452 4151 animus,
2487 4091 2582 4158 qui
2615 4087 2741 4143 linis
2774 4086 3071 4156 utriusque
3095 4085 3168 4141 sit
3195 4083 3439 4149 futurus,
3464 4082 3641 4151 respi—

2046 4184 2148 4245 cit,
2185 4198 2247 4238 ac
2277 4192 2500 4253 propter
2528 4179 2840 4235 inevitabile
2867 4179 3094 4249 quidem
3155 4175 3490 4246 supplicium
3548 4173 3639 4227 hic

2043 4275 2297 4331 admissa:
2328 4273 2697 4342 improbitatis
2725 4271 2976 4341 angitur,
3013 4268 3244 4340 quoties
3273 4266 3495 4322 deliciis
3544 4282 3641 4321 oc-

2043 4377 2273 4438 cuputut‘
2301 4386 2315 4422 :
2344 4377 2566 4436 propter
2592 4366 2926 4434 voluptatem
2965 4378 3120 4426 vero.
3175 4361 3513 4431 propositam
3549 4359 3638 4421 iis.

2045 4462 2135 4530 qui
2172 4459 2508 4533 afﬂiguntur,
2547 4459 2599 4512 in
2634 4457 2896 4512 aerumnis
2930 4455 3173 4511 laetitiam
3204 4454 3454 4525 percipit.
3495 4450 3640 4506 Nihil

2043 4564 2193 4611 certe
2218 4553 2287 4608 ab
2318 4555 2468 4607 omni
2507 4552 2735 4606 tnistura
2764 4544 2960 4621 purum
2988 4564 3111 4605 esse
3141 4549 3504 4602 inhominnm
3529 4547 3638 4599 vita

2037 4656 2239 4718 potest,
2262 4663 2387 4701 cum
2405 4659 2607 4715 corpus
2631 4657 2849 4712 quoque
2904 4640 3199 4696 contrariis
3230 4655 3297 4692 ex
3323 4641 3483 4693 rebus
3512 4653 3643 4692 con-

2038 4751 2164 4808 stet,
2190 4741 2368 4797 allinia
2400 4740 2503 4794 sibi
2543 4737 2857 4795 necessario
2889 4734 3289 4804 quaerentibus,
3322 4744 3376 4787 et
3406 4732 3545 4785 inter
3580 4746 3641 4785 se

2043 4832 2468 4889 dissidentibus.
2810 4874 2816 4881 .

2817 4922 2880 4975 L.

2112 5015 2286 5072 Velim
2343 5016 2647 5082 existimes,
2684 5016 2826 5070 hanc
2886 5012 3190 5084 ﬁnitionem
3246 5023 3369 5063 esse
3427 5005 3631 5077 peccati

2040 5113 2237 5184 quavis
2268 5113 2323 5167 in
2372 5127 2465 5177 re;
2498 5111 2851 5165 subalternos
2881 5104 3135 5162 videlicet
3172 5102 3334 5183 lines,
3372 5112 3430 5157 ut
3453 5102 3525 5155 ila
3557 5101 3633 5155 lo-

2015 5209 2200 5276 'quar,
2237 5213 2292 5259 et
2328 5218 2520 5259 eorum
2569 5201 2876 5270 complura,
2927 5210 3047 5268 quae
3105 5204 3314 5261 tantum
3354 5194 3423 5265 ad
3469 5192 3628 5248 linem

2038 5299 2335 5367 pertinent,
2407 5313 2505 5366 pro
2561 5291 2979 5365 perfectissimis
3035 5288 3236 5361 ﬁnibus
3294 5286 3632 5358 agendarum

2040 5390 2367 5446 mortalibus
2402 5402 2586 5442 rerum
2639 5387 2866 5440 ducere.
2913 5378 3048 5435 Nam
3102 5379 3282 5435 solum
3339 5378 3441 5432 hoc
3495 5376 3638 5430 inter

2039 5484 2223 5537 omnia
2254 5481 2388 5535 mihi
2418 5479 2641 5547 quidem
2672 5475 2824 5531 radix
2860 5473 3043 5529 omnis
3068 5486 3191 5529 esse
3232 5469 3445 5542 peccati
3484 5458 3634 5522 vide-

2042 5585 2150 5631 tur.
2192 5575 2312 5641 Quo
2347 5575 2423 5638 lit,
2458 5581 2517 5628 ut
2546 5572 2640 5643 qui
2676 5569 2830 5625 novit
2880 5567 3239 5636 distinguere,
3279 5565 3428 5619 velut
3471 5577 3635 5631 oporv

2043 5670 2267 5739 tct(hnc
2306 5676 2484 5719 autem
2519 5679 2585 5719 ex
2637 5664 2929 5734 hypolhesi
2973 5660 3178 5715 dictum
3229 5666 3398 5720 esto;
3443 5660 3632 5722 ncqmt

2041 5762 2185 5814 enim
2225 5759 2293 5813 ad
2352 5767 2560 5813 tantum
2610 5756 2775 5810 homo
2819 5753 3108 5823 pervenire
3152 5747 3463 5805 sciettliatn,
3527 5742 3631 5796 nisi

2036 5847 2305 5903 divinitus
2332 5843 2665 5917 adjuvetur):
2694 5841 2786 5913 qui
2839 5856 2971 5910 ergo
3011 5846 3157 5893 recte
3191 5844 3365 5904 potest
3427 5833 3632 5888 disci-r-
