3950 6462
355 421 460 486 353

1308 421 1724 483 PRIECEPTA
1767 419 2288 483 EDUCATIONIS
2328 420 2615 483 REGIE.

3516 423 3622 487 354

358 535 596 607 μάθησιν
627 534 743 601 δεῖ;
776 534 954 591 Καλὸν
985 533 1042 588 δὲ
1067 534 1159 587 καὶ
1194 534 1292 607 ἡδὺ
1320 535 1503 606 θέαμα
1532 538 1625 590 καὶ
1649 537 1934 609 παράκλη-

2042 539 2087 593 si
2119 540 2188 594 ab
2209 540 2520 596 eruditione
2551 540 2917 597 destituatur:
2949 540 3169 611 quantis
3190 539 3493 610 laboribus,
3516 560 3627 614 quo

356 646 442 693 σις
472 629 590 698 ἅμα
617 629 755 700 πρὸς
785 626 1038 697 τάγαθὸν,
1071 628 1260 699 νεότης
1285 628 1604 699 φιλομαθῶς
1624 646 1685 682 τε
1710 629 1934 700 ἔχουσα,

357 719 452 775 καὶ
498 721 745 790 ἐνεργεῖν
784 719 1071 787 ἐθέλουσα,
1124 718 1154 774 ὀ
1211 719 1527 792 μεμάθηκε.
1564 719 1788 783 Σύνεσις
1830 719 1942 788 γὰρ

355 810 537 883 ἀγαθὴ
569 812 629 866 οὐ
662 813 777 877 τοῖς
818 816 1067 878 συνετοῖς
1111 812 1325 880 ἁπλῶς,
1353 813 1492 868 ἀλλὰ
1533 815 1647 877 τοῖς
1692 812 1941 868 ποιοῦσιν

353 903 543 974 αὐτήν.
568 906 724 958 Δυοῖν
753 905 848 959 οῦν
868 905 1070 970 ὄντοιν,
1104 906 1300 977 ἄρχειν
1331 923 1415 971 τε,
1444 908 1539 961 καὶ
1575 905 1794 977 ίδιῶτην
1831 908 1939 961 ὑπο

356 997 570 1065 ἀρχειν,
606 998 702 1049 καὶ
743 998 1010 1069 ἑκατέρου
1036 999 1422 1071 διαιρουμένου
1454 1001 1536 1064 είς
1562 1000 1624 1054 τὸ
1661 999 1841 1062 καλῶς
1877 1017 1939 1051 τε

355 1089 451 1141 καὶ
485 1088 582 1158 μὴ,
617 1087 838 1162 ζηλωτὴ
884 1094 983 1159 μὲν
1020 1090 1274 1160 ξυνωρὶς,
1321 1093 1371 1146 εί
1415 1091 1477 1156 ἐξ
1509 1093 1719 1163 ἀμφοῖν
1765 1091 1939 1163 αὐτὴν

356 1180 780 1252 ξυναρμόσειας,
807 1183 840 1253 ἠ
872 1181 967 1235 τοῦ
985 1183 1177 1255 ἄρχειν
1202 1185 1297 1239 καὶ
1324 1184 1508 1248 καλῶς
1531 1200 1546 1216 ⁶
1573 1185 1635 1238 οὐ
1665 1183 1773 1257 μὴν
1799 1184 1846 1238 δ’
1871 1184 1940 1238 ἂν

283 1310 294 1319 -
354 1273 441 1345 εἴη
475 1274 586 1327 τῶν
618 1276 720 1329 οὐκ
757 1278 1177 1347 ἐπαινουμένων
1210 1278 1271 1332 τὸ
1293 1277 1389 1331 καὶ
1418 1278 1521 1351 τὴν
1549 1280 1752 1350 μοῖραν
1783 1280 1941 1349 στέρ-

355 1382 522 1434 γοντα
570 1366 671 1435 τῆς
702 1368 977 1433 ἰδιωτείας
1005 1369 1066 1423 τὸ
1120 1370 1309 1442 σχῆμα
1355 1369 1560 1435 σώζειν
1607 1370 1683 1433 ὡς
1712 1363 1936 1441 ἄριστα.

354 1459 617 1513 Λείπεται
647 1461 907 1515 κάκιστον
936 1458 1098 1530 εἶναι,
1128 1463 1526 1519 δυναστεύοντα
1554 1462 1766 1529 κακῶς,
1814 1460 1935 1531 Θεῷ

354 1552 450 1604 καὶ
472 1553 736 1607 συνειδότι
756 1556 1144 1627 προσκρούειν,
1168 1556 1328 1630 δόξης
1344 1558 1530 1629 κενῆς,
1559 1556 1772 1611 καὶτοῦ
1799 1573 1938 1628 χρη-

353 1647 678 1718 ματίζεσθαι
712 1650 805 1702 καὶ
837 1648 1111 1721 ῥᾳθυμεῖν
1135 1651 1321 1706 ἕνεκα.

2044 631 2250 697 studio,
2297 632 2564 687 doctrina:
2610 631 2853 704 cognitio
2903 639 2987 687 est
3045 634 3625 705 comparandaiPula

2043 726 2241 780 chrum
2272 739 2406 779 sane
2430 723 2851 795 jucundumque
2886 728 3263 795 spectaculum
3319 736 3426 792 est,
3456 738 3513 783 et
3544 732 3630 782 in-

2042 816 2404 870 citamentum
2447 815 2724 885 quoddam
2763 815 2830 869 ad
2855 816 3081 883 bonum,
3139 816 3403 886 juventus
3446 826 3501 873 et
3536 817 3625 873 di-

2041 906 2230 963 scendi
2283 906 2502 977 cupida,
2540 916 2596 963 et
2643 908 2791 979 quod
2850 908 3064 974 didicit,
3106 908 3240 979 ipsis
3278 911 3627 981 factis-pra:-

2038 1002 2244 1057 standi.
2264 1000 2463 1057 Peritia
2493 1017 2732 1073 namque
2758 1019 2870 1058 non
2924 1002 3245 1074 simpliciter
3303 1005 3495 1074 peritis
3540 1014 3626 1059 est

2038 1093 2202 1160 bona,
2249 1094 2345 1148 sed
2378 1094 2634 1163 peritiam
2667 1110 2824 1152 suam
2865 1095 3295 1152 declarantibus.
3326 1096 3464 1151 Cum
3492 1111 3625 1165 ergo

2037 1186 2160 1240 duae
2187 1199 2274 1238 res
2295 1184 2427 1248 sint,
2455 1184 2746 1255 imperare,
2781 1201 2845 1241 ac
2887 1189 3160 1256 privatum
3208 1202 3350 1252 esse,
3387 1202 3621 1257 quorum

2039 1286 2333 1349 utrumque
2395 1279 2750 1351 distinguitur
2780 1281 2834 1334 in
2868 1280 2944 1348 id,
2998 1283 3145 1351 quod
3182 1292 3354 1346 recte,
3402 1297 3627 1352 quoque

2037 1386 2198 1428 secus
2222 1371 2312 1426 fit:
2368 1372 2645 1443 egregium
2690 1387 2825 1428 sane
2868 1388 2968 1443 par
3022 1372 3211 1439 fuerit,
3246 1388 3311 1428 ex
3353 1373 3623 1428 ambobus

2037 1463 2361 1532 conflatum,
2419 1466 2693 1536 imperare
2743 1466 2976 1531 scilicet,
3022 1455 3095 1523 'ac
3128 1474 3278 1523 recte
3324 1466 3621 1537 imperare.

2034 1557 2146 1612 Nec
2182 1557 2362 1613 laudis
2413 1572 2611 1628 expers
2663 1558 2788 1622 erit,
2825 1558 2918 1627 qui
2951 1564 3100 1614 sorte
3162 1572 3262 1613 sua
3310 1553 3622 1617 contentus,

2034 1651 2161 1706 vita:
2193 1651 2421 1721 privatae
2448 1651 2714 1706 rationem
2751 1666 2913 1721 quam
2946 1651 3155 1720 optime
3191 1659 3392 1705 tuetur.
3412 1648 3621 1709 Restat,

349 1761 474 1802 esse
503 1747 826 1815 pessimum,
856 1750 950 1819 qui
979 1758 1250 1820 potestate
1282 1750 1537 1819 abutens,
1569 1748 1740 1807 Deum
1773 1747 1982 1822 pariter
2013 1758 2067 1805 et
2093 1747 2494 1804 conscientiam
2561 1747 2790 1802 oti'endit
2860 1762 3013 1803 vanae
3060 1746 3270 1819 gloriae,
3344 1761 3509 1817 opum
3569 1752 3629 1801 et

352 1840 584 1910 ignaviae
613 1854 802 1897 causa.

1053 1931 1202 1988 .NA'.
1620 1975 1624 1978 γ
1960 1942 2005 1998 Β

423 2024 590 2080 Οὐδὲν
619 2026 749 2095 ὑμῖν
775 2024 873 2090 τὰς
897 2024 1078 2089 λύπας
1098 2026 1352 2096 ιντήκειν
1387 2023 1603 2089 εἴωθεν,
1631 2025 1710 2091 ὡς
1735 2026 1798 2081 τὺ
1813 2029 1936 2093 ταῖς

353 2117 674 2188 ἐπιθυμίαις
721 2117 940 2172 ἔκδοτον
980 2115 1144 2173 εἶναι.
1196 2119 1395 2188 Ζητείν
1444 2118 1544 2186 μὲν
1578 2121 1685 2190 γὰρ
1715 2120 1935 2190 ἀνάγκη

354 2213 444 2266 τὸν
467 2213 774 2282 ἐφιέμενον·
799 2213 858 2267 ὲν
886 2212 943 2266 δὲ
965 2212 1043 2283 τῷ
1068 2211 1169 2283 βίῳ
1197 2211 1265 2266 τὰ
1285 2212 1386 2279 τῆς
1407 2212 1710 2285 ἀποτυχίας
1732 2215 1935 2269 πλεον-

367 2305 526 2359 εκτεῖ.
586 2306 695 2358 Kal.
729 2304 900 2358 πολλά
932 2321 1017 2367 τις
1046 2305 1276 2368 ἐλπίσας
1306 2304 1584 2376 εὑρήσειν,
1613 2288 1814 2374 ὀλίγων
1835 2306 1935 2376 μό·

364 2396 440 2460 λις
483 2397 870 2468 ἐπιτετύχηκε.
907 2395 1074 2449 Τουτὶ
1125 2394 1183 2449 δὲ
1241 2395 1368 2467 ῥίζα
1396 2396 1494 2450 τοῦ
1537 2396 1822 2468 τήκεσθαι.
1862 2398 1937 2451 Τὸ

359 2487 466 2560 ἄρα
496 2491 728 2559 πάσχειν
757 2488 1098 2556 λυπούμενον
1133 2490 1197 2542 ἐκ
1227 2488 1337 2543 τῶν
1362 2490 1673 2560 ἐπιθυμιῶν
1696 2490 1784 2555 κὼς
1817 2493 1937 2545 ἑπι-

358 2581 553 2635 τοπολὺ
579 2583 849 2651 γίγνεται.
876 2583 987 2639 Καὶ
1005 2582 1193 2636 λοιπὸν
1225 2580 1355 2636 νοῦν
1383 2583 1569 2653 ἔχουσι
1594 2584 1665 2637 τὰ
1683 2583 1785 2655 τῆς
1814 2587 1937 2638 ὲπι-

359 2671 561 2749 θυμίας
597 2672 889 2738 κολάζεινο
939 2674 1007 2728 ἵν’
1055 2670 1184 2748 ᾖτδ
1213 2673 1410 2730 δάκνον
1463 2676 1646 2744 ὀλίγον
1691 2677 1936 2741 σπανίως

359 2764 822 2834 ἀποτυγχάνουσι.
849 2764 960 2819 Καὶ
983 2763 1158 2828 ἄλλως
1182 2764 1241 2818 δὲ
1270 2769 1585 2836 περινοστεῖ
1606 2766 1699 2820 τὸν
1723 2766 1936 2837 ἀνθρώ-

272 2850 317 2935 ς
358 2877 516 2916 πινον
548 2859 664 2933 βίον
706 2857 1096 2928 συμπτώματά
1132 2875 1256 2912 τινα
1289 2850 1618 2927 πλήττοντα,
1661 2858 1759 2912 καὶ
1804 2859 1935 2930 ῥᾷον

356 2956 423 3010 ἄν
439 2972 523 3020 τις
550 2954 759 3023 γένοιτο
782 2951 1071 3023 πτηνὸν,ὲξ
1092 2951 1405 3026 ἀνθρώπου,
1425 2952 1456 3023 ἢ
1481 2951 1716 3023 καθαρὸς
1739 2950 1934 3023 ὀφθείη

250 3040 255 3041 ί
355 3048 609 3102 τουτωνί.
640 3047 969 3120 Πειρᾶταιδ⁹
999 3045 1097 3100 οῦν
1125 3045 1330 3112 αὐτῶν,
1351 3045 1418 3114 ἢν
1447 3044 1675 3117 ἐπέλθῃ,
1705 3045 1825 3116 οὐχὶ
1845 3062 1936 3099 το-

359 3141 551 3195 σοῦτον
577 3140 785 3211 ἀγρίων
817 3141 845 3194 ὀ
876 3136 1342 3211 προύργιαίτερον
1373 3139 1603 3209 θέμενος
1650 3139 1864 3208 φέρειν,
1897 3137 1934 3194 ἃ

360 3231 438 3304 μὴ
465 3233 688 3288 δύναται
715 3233 964 3304 διορθοῦν
988 3248 1002 3262 ·
1033 3229 1192 3295 εἰδὼς
1225 3230 1304 3304 μὴ
1339 3226 1481 3286 εἶναι
1514 3231 1742 3287 δυνατὸν
1786 3230 1934 3305 λύπῃ

354 3325 416 3379 τδ
445 3325 651 3382 λυποῦν
682 3327 1005 3384 ἀποθέσθαι.
1345 3371 1348 3374 .
1960 3305 2003 3363 ο

1076 3601 1196 3659 NE’.

428 3696 746 3764 Φιλοσοφίαν
764 3694 1212 3766 ἐπιδεικνύμενός
1232 3711 1316 3757 τις
1325 3693 1437 3749 τῶν
1456 3693 1719 3765 ποιητῶν,
1740 3692 1932 3764 εἴρηκε

341 3789 563 3844 ιτοιάνδε
592 3787 705 3858 γνῶ
714 3803 822 3857 μην
841 3799 860 3841 t

500 3881 624 3934 Οὐκ
653 3879 825 3934 ἐστιν
838 3877 1038 3949 εὑρεῖν
1062 3877 1208 3943 ,βίον
1231 3877 1476 3933 ἄλυπον
1497 3877 1568 3931 ἐν
1594 3875 1823 3931 οὐδενί.

426 3973 634 4036 Πάντες
663 3971 762 4044 μὲν
787 3968 883 4026 οὖν
912 3970 1108 4040 ἐκείνῳ
1130 3968 1595 4040 συμφθέγξονται,
1614 3971 1712 4037 τῆς
1734 3970 1934 4037 πείρας

355 4064 716 4136 διδασκούσης
745 4063 978 4134 τάληθές
1004 4078 1020 4097 ο
1055 4062 1204 4115 δοκεῖ
1230 4061 1287 4114 δέ
1317 4079 1409 4132 μοι
1442 4060 1563 4114 λίαν
1600 4067 1770 4131 σαφὲς
1800 4078 1932 4115 κατ-

355 4157 713 4213 εσκευακέναι
742 4157 833 4209 τὸν
872 4157 1067 4226 ἄνδρα.
1100 4156 1374 4219 Ἕκαστος
1397 4155 1506 4224 γὰρ
1540 4155 1827 4207 ἐπίσταται
1868 4155 1934 4208 ὲκ

353 4251 462 4306 τῶν
515 4250 663 4305 ίδίων
701 4240 1095 4319 ἀτυχημάτων,
1130 4251 1225 4303 καὶ
1262 4246 1462 4315 γένοιτ’
1494 4246 1562 4300 ἂν
1609 4243 1932 4308 διδάσκαλος

353 4344 461 4399 τῶν
489 4346 546 4398 ἑν
575 4343 653 4416 τῷ
673 4343 776 4416 βίῳ
803 4343 1014 4398 κακῶν.
1041 4341 1342 4411 Φιλόσοφον
1364 4339 1421 4393 δὲ
1446 4338 1620 4412 ἀληθῆ
1646 4338 1934 4408 νομιστέον

353 4437 448 4493 τὸν
482 4437 685 4508 μᾶλλον
732 4435 916 4507 ἔργοις
950 4434 983 4506 ἢ
1012 4435 1194 4501 λόγοις
1240 4433 1716 4504 ἐπιδεικνύμενον.
1750 4432 1849 4501 Είη
1888 4431 1967 4505 δη

355 4532 423 4587 ἂν
449 4530 604 4595 οὗτος
643 4530 873 4594 ἐκεῖνος,
906 4526 936 4578 ὀ
966 4526 1149 4580 καλῶν
1178 4524 1328 4597 αὐτῷ
1355 4524 1627 4595 κειμένων
1663 4524 1744 4587 είς
1780 4524 1934 4594 αίρε-

357 4641 443 4679 σιν
496 4624 557 4677 τὸ
582 4616 837 4695 κρεῖττον
869 4619 1226 4689 ἐκλεγόμενος
1250 4634 1266 4650 ·
1293 4619 1482 4672 κακῶν
1512 4617 1572 4671 δὲ
1605 4616 1931 4688 ἐπενεχθέν-
1959 4647 2007 4710 Ι)

354 4734 482 4784 των,
510 4715 574 4770 τὸ
594 4714 927 4783 κουφότερον
949 4712 1263 4782 δεχόμενος,
1295 4709 1394 4764 κα)⁸
1413 4709 1474 4762 τὸ
1507 4710 1607 4779 μὲν
1635 4709 1802 4763 καλὸν
1829 4725 1931 4764 κα-

353 4806 459 4872 λῶς
489 4805 877 4876 ἐργαζόμενος,
901 4804 962 4855 τὸ
986 4802 1045 4856 δὲ
1073 4800 1311 4870 χαλεπὸν
1339 4799 1683 4872 πειρώμενος
1714 4801 1930 4872 φέρειν,

356 4899 427 4962 ὡς
465 4899 726 4969 ἐλάχιστα
762 4897 1118 4967 λυπούμενος.

426 5174 612 5230 Ἥδιον
637 5174 861 5246 εἰρήνης
882 5171 1056 5237 οὐδὲν,
1081 5172 1142 5225 οὐ
1168 5171 1239 5242 μό
1252 5188 1332 5225 ιον
1351 5169 1494 5240 λέγω
1525 5169 1625 5241 τῆς
1652 5167 1932 5238 ἰδιωτικῆς

366 5269 585 5340 ,αυτησὶ
612 5269 712 5336 τῆς
740 5265 866 5320 καθ’
907 5260 1160 5331 ἕκαστον,
1189 5264 1324 5318 ἀλλὰ
1355 5264 1421 5336 δὴ
1459 5265 1556 5318 καὶ
1585 5262 1682 5332 τῆς
1718 5262 1928 5332 κοινῆς,

365 5363 451 5432 ,ἧς
489 5362 598 5417 τῶν
656 5361 937 5432 ἀρχόντων
974 5363 1109 5433 πρὸς
1141 5361 1434 5431 ἄρχοντας.
1486 5358 1597 5410 Καὶ
1643 5355 1823 5424 πολλῷ
1864 5370 1928 5423 γε
1956 5376 1967 5389 ε

363 5453 556 5524 Ιμᾶλλον
584 5453 792 5523 ταύτην
819 5452 1040 5524 ἐκείνης
1080 5453 1408 5523 προτίθημι,
1437 5446 1533 5505 ἃτε
1564 5450 1678 5512 τοῖς
1711 5446 1931 5511 πολλοῖς

366 5544 647 5615 ὓφέλιμον,
678 5548 775 5599 καὶ
805 5547 1150 5617 χορηγοῦσαν
1181 5544 1388 5615 θατέρᾳ
1413 5545 1511 5605 τὰς
1540 5541 1820 5611 ἀφορμάς.
1863 5539 1929 5594 Ei

365 5637 485 5706 γοῦν
508 5641 648 5706 ὲνδν,
679 5640 820 5692 κατὰ
851 5640 944 5691 τὸν
977 5638 1123 5691 θεῖον
1162 5634 1513 5703 Ἀπόστολον,
1534 5636 1674 5704 μετά
1708 5634 1929 5688 πάντων

359 5710 622 5804 ιίρῆνευε,
686 5736 780 5787 καὶ
835 5733 1067 5803 μηδενὸς
1114 5732 1365 5805 ὑπάρξῃς
1415 5728 1619 5784 κακοῦ’
1669 5727 1805 5782 ἀλλά
1835 5727 1929 5780 καὶ

353 5826 481 5889 τοὺς
506 5826 666 5879 τοῦτο
695 5825 984 5889 ποιοῦντας
1014 5824 1196 5896 πειρῶ
1228 5823 1480 5878 κωλύειν.
1517 5820 1666 5892 Μηδὲ
1702 5820 1931 5890 πολέμει

356 5916 493 5987 πρὸς
518 5917 781 5987 ἀδελφοὺς
801 5918 928 5981 τοὺς
953 5918 1063 5971 ἀπὸ
1084 5914 1352 5989 Χριστοῦ,
1374 5916 1510 5988 μήτε
1545 5914 1654 5987 μὴν
1684 5916 1818 5987 πρὸς
1846 5916 1931 5968 ὀν-

2782 1930 2915 1988 LIV.

2110 2024 2353 2080 Blandiri
2384 2023 2799 2093 cupiditatibus,
2863 2025 3056 2095 eisque
3096 2023 3340 2080 deditum
3396 2037 3540 2089 esse,
3570 2021 3624 2078 id

2035 2132 2167 2172 vero
2199 2116 2440 2186 majores
2468 2117 2520 2171 in
2551 2116 2714 2171 nobis
2737 2118 2983 2173 excitare
3016 2118 3235 2173 dolores
3265 2118 3423 2181 solet,
3455 2132 3622 2187 quam

2037 2208 2188 2263 nulla
2212 2224 2302 2264 res
2326 2208 2452 2264 alia.
2489 2209 2623 2264 Nam
2650 2210 2743 2280 qui
2771 2211 2997 2280 appetit,
3030 2218 3241 2280 quaerat
3266 2225 3493 2265 necesse
3513 2218 3621 2264 est.

2035 2298 2106 2354 At
2132 2299 2188 2354 in
2220 2300 2504 2354 hominum
2538 2300 2646 2354 vita
2675 2302 2908 2371 repulsae
2949 2301 3449 2372 frustrationcsque
3505 2302 3624 2371 spei

2036 2393 2440 2465 frequentiores
2465 2403 2615 2451 sunt.
2667 2394 2866 2449 Itidem
2926 2396 3019 2465 qui
3080 2395 3250 2450 multa
3283 2412 3342 2451 se
3378 2405 3628 2465 repertu-

2038 2500 2160 2540 rum
2193 2487 2441 2556 putabat,
2478 2488 2566 2541 vix
2603 2503 2777 2557 pauca
2830 2480 3215 2545 naucisciturt
3247 2507 3308 2545 ea
3342 2504 3477 2545 vero
3505 2490 3625 2558 ide.

2037 2578 2174 2633 loris
2201 2588 2285 2635 est
2308 2580 2485 2646 radix,
2504 2591 2835 2651 quapropter
2861 2583 3201 2654 aegritudinis
3230 2597 3427 2639 sensus
3460 2597 3492 2638 e
3522 2598 3624 2638 cu-

2037 2672 2358 2742 piditatibus
2381 2675 2706 2746 plerumque
2746 2678 3013 2732 nascitur.
3057 2676 3296 2746 Ideoque
3346 2685 3536 2741 restat,
3564 2684 3627 2731 ut

2039 2774 2220 2821 mente
2250 2767 2461 2837 praediti
2497 2769 2782 2825 libidinem
2826 2770 2994 2824 animi
3033 2758 3365 2826 coerceant:
3394 2784 3505 2839 quo
3528 2784 3626 2840 spe

2037 2870 2136 2911 sua
2168 2856 2438 2926 frustrati,
2466 2861 2709 2917 minores
2738 2862 2908 2916 animi
2934 2868 3152 2918 mo’rsus
3179 2862 3380 2918 ferant.
3408 2862 3627 2933 Quippe

2035 2952 2367 3023 ceteroquin
2394 2952 2557 3007 etiam
2590 2969 2752 3009 casus
2770 2955 2954 3009 acerbi
2991 2957 3210 3025 quidam
3261 2956 3314 3009 in
3340 2957 3448 3009 vita
3479 2972 3626 3010 mor-

2039 3044 2228 3101 talium
2256 3046 2402 3101 velut
2427 3047 2808 3118 objurgantur,
2847 3055 2903 3102 et
2955 3048 3172 3102 facilius
3200 3063 3269 3103 ex
3304 3048 3526 3103 homine
3557 3049 3623 3102 fl-

2035 3136 2114 3190 eri
2142 3139 2317 3207 possit
2361 3139 2500 3203 avis,
2530 3153 2694 3208 quam
2739 3147 2795 3191 ut
2848 3139 2916 3192 ab
2945 3138 3095 3192 hisce
3146 3150 3283 3208 pure
3335 3139 3620 3194 liberetur.

2043 3225 2245 3284 Verum
2291 3243 2410 3296 eos,
2459 3230 2504 3286 si
2536 3231 2759 3301 quidem
2803 3233 3088 3296 accedant,
3152 3246 3256 3285 non
3285 3232 3423 3286 adeo
3474 3233 3630 3286 diros

2035 3321 2336 3391 experitur,
2369 3323 2458 3391 qui
2496 3324 2867 3392 pra-stabilius
2922 3338 3044 3379 esse
3094 3331 3271 3392 putat,
3329 3338 3393 3379 ea
3448 3325 3619 3388 ferre,

2035 3428 2159 3482 qua:
2191 3412 2466 3481 corrigere
2494 3428 2601 3466 non
2635 3412 2780 3476 licet,
2834 3426 2959 3467 cum
3000 3411 3121 3468 fieri
3147 3427 3255 3466 non
3314 3424 3478 3481 posse
3526 3425 3626 3465 no-

2035 3504 2130 3571 rit,
2163 3513 2222 3560 ut
2247 3504 2496 3560 dolorem
2537 3504 2730 3560 dolore
2761 3505 3014 3573 repellat.
3658 3488 3693 3503 “’

2412 3600 2417 3604 ”
2786 3594 2895 3652 LV.

2106 3688 2309 3746 Valens
2368 3698 2527 3760 poeta
2558 3691 2798 3761 quidam
2843 3691 3144 3759 praedicare
3194 3693 3621 3766 philosophiam,

2035 3783 2360 3837 sententiam
2390 3780 2703 3849 huiusmodi
2734 3784 2962 3851 protulit
2987 3800 3003 3839 :

2104 3875 2380 3945 Nusquam
2412 3875 2636 3929 inveniri
2663 3877 2776 3929 vita
2807 3875 2988 3930 dolore
3028 3894 3218 3932 carens
3234 3889 3426 3948 potest.

2110 3966 2245 4021 Huic
2277 3966 2438 4022 facile
2469 3968 2652 4022 cuncti
2710 3968 3101 4033 asscntientur,
3157 3972 3493 4041 experientia
3519 3975 3617 4025 do-

2035 4068 2192 4115 cente
2219 4061 2364 4129 quod
2395 4075 2585 4114 verum
2610 4068 2716 4116 est.
2751 4059 2882 4116 Mihi
2915 4063 3136 4132 quidem
3173 4064 3256 4118 vir
3292 4064 3381 4121 hic
3418 4066 3617 4139 diluci-_

2034 4153 2102 4210 de
2120 4169 2232 4209 rem
2253 4154 2557 4224 eXplicasse
2588 4156 2821 4212 videtur.
2852 4155 3067 4211 Etenim
3102 4157 3255 4214 novit
3276 4158 3379 4215 hoc
3401 4174 3467 4214 ex
3496 4161 3619 4216 suis

2034 4247 2266 4319 quisque
2297 4248 2517 4304 casibus
2552 4249 2822 4313 adversis,
2863 4249 2938 4304 ita
2974 4249 3218 4320 quidem,
3258 4261 3318 4306 ut
3352 4251 3518 4306 etiam
3549 4252 3619 4306 de

2036 4338 2160 4393 vita:
2195 4340 2356 4395 malis
2392 4340 2531 4396 alios
2571 4356 2794 4397 movere
2828 4341 3023 4411 possit.
3051 4342 3099 4397 ls
3126 4353 3311 4398 autem
3345 4358 3476 4398 vere
3494 4343 3618 4414 phi-

2035 4431 2297 4503 losophus
2349 4433 2751 4489 existimandus
2813 4441 2917 4499 est,
2965 4434 3062 4505 qui
3117 4449 3178 4490 se
3235 4434 3619 4507 philosophum

2036 4525 2199 4605 factis
2244 4525 2429 4595 potius
2492 4540 2656 4595 quam
2692 4526 2868 4582 verbis
2899 4527 3116 4595 probat.
3144 4529 3222 4581 Ac
3246 4528 3369 4583 talis
3397 4528 3619 4598 quidem

2036 4622 2083 4674 is
2119 4608 2302 4685 fuerit,
2327 4621 2421 4689 qui
2469 4619 2742 4675 bonorum
2800 4620 3079 4681 electione,
3113 4621 3419 4689 proposita,
3469 4621 3620 4691 quod

2034 4711 2235 4768 melius
2259 4720 2364 4777 est,
2410 4712 2599 4781 eligit;
2629 4712 2789 4766 malis
2835 4709 3192 4774 irruentibus,
3241 4711 3388 4781 quod
3443 4712 3621 4767 levius

2032 4813 2138 4868 est,
2170 4803 2387 4872 accipit,
2424 4811 2478 4858 ct
2503 4803 2595 4873 qui
2634 4818 2724 4867 eo,
2765 4802 2909 4871 quod
2952 4802 3154 4855 bonum
3185 4811 3288 4866 est,
3320 4812 3468 4857 recte
3513 4805 3619 4857 uti-

2033 4901 2143 4956 tur,
2181 4895 2437 4963 quodque
2492 4907 2678 4962 grave,
2711 4894 2793 4948 sic
2819 4892 3051 4949 tolerare
3102 4893 3318 4959 nititur,
3341 4901 3403 4947 ut
3451 4908 3618 4963 quam

2033 4986 2324 5041 minimum
2354 4987 2555 5042 doloris
2594 4987 2813 5042 sentiat.

2731 5074 2866 5131 LVI.

2103 5168 2272 5225 Multo
2287 5168 2692 5241 iucundissima
2713 5184 2803 5224 res
2827 5176 2912 5224 est
2937 5168 3187 5223 omnium
3207 5183 3311 5238 pax
3333 5185 3350 5235 ;
3388 5184 3497 5224 non
3525 5171 3617 5225 illa

2033 5272 2242 5319 tantum
2290 5262 2499 5333 privata
2560 5262 2928 5331 singulorum,
2983 5261 3080 5317 sed
3139 5262 3353 5331 publica
3395 5280 3618 5334 quoque

2032 5356 2343 5427 principum
2375 5369 2502 5425 erga
2535 5354 2815 5424 principes
2841 5371 2855 5408 :
2885 5367 3051 5424 quam
3105 5356 3359 5425 equidem
3390 5356 3618 5425 privatae

2033 5449 2200 5520 longe
2223 5457 2517 5518 antepono,
2539 5446 2710 5502 veluti
2741 5447 2992 5517 pluribus
3019 5448 3237 5515 utilem,
3263 5456 3318 5504 et
3341 5448 3421 5503 illi
3457 5449 3614 5504 alteri

2032 5558 2229 5611 magna
2285 5543 2618 5613 praebentem
2660 5542 2738 5595 rei
2785 5539 3078 5597 familiaris
3137 5542 3405 5598 subsidia.
3465 5541 3613 5606 Qua-

2031 5646 2253 5708 propter
2282 5637 2328 5691 si
2359 5634 2472 5689 lieri
2519 5643 2713 5702 potest,
2746 5635 2892 5705 quod
2932 5649 3161 5704 magnus
3203 5633 3496 5703 Apostolus
3524 5633 3616 5689 ille

2032 5727 2301 5799 praecipit,
2344 5740 2535 5796 pacem
2569 5740 2692 5780 cum
2717 5726 2974 5781 omnibus
3013 5725 3183 5789 colas,
3217 5739 3320 5778 nec
3355 5722 3481 5776 mali
3510 5737 3613 5777 au-

2033 5827 2152 5872 ctor
2173 5817 2337 5872 ullius
2368 5827 2490 5871 esto
2516 5832 2531 5871 :
2566 5817 2663 5872 sed
2681 5813 2799 5886 ejus
2825 5825 3076 5871 auctores
3104 5814 3371 5884 impedire
3399 5811 3609 5873 nititor.

2031 5913 2179 5973 Neve
2213 5923 2403 5972 contra
2442 5910 2643 5967 fratres
2672 5911 3016 5968 Christianos
3048 5909 3250 5966 bellum
3285 5908 3611 5995 εεπίιοεηιεο
3702 5960 3703 5963 η
