3958 6442
260 383 369 447 335

1422 330 1822 441 MANUEIJS
1866 381 2311 441 PALEOLOGI

257 492 518 547 adversus
552 489 716 545 alium
744 502 1153 560 quemcunque,
1171 494 1281 542 'veF
1298 489 1585 543 barbaram
1616 502 1838 559 quoque

1948 476 2197 560 τινοῦνζῆ
2226 488 2523 559 βαρϐάρων
2544 487 2723 554 ἔθνος,
2755 489 2811 543 ὲν
2838 490 3091 553 σπονδαῖς
3117 507 3199 544 σοι
3224 494 3524 555 καταστὰν,

186 632 189 635 .
256 586 557 648 nationem,
590 583 792 638 fmdere
823 581 1190 651 tibijunctam
1242 581 1386 650 quod
1422 581 1535 650 ipsa
1582 593 1835 637 sanctum

255 691 310 731 et
339 676 657 730 inviolatum
705 690 828 729 esse
859 675 1008 729 velit.
1056 673 1337 728 Adversus
1356 674 1482 729 ιιΙοε
1516 682 1719 739 autem,
1743 675 1838 745 qui

257 769 450 823 volunt
494 768 725 839 injurias
761 766 985 832 inferre,
1040 766 1219 821 modis
1270 767 1524 822 omnibus
1574 767 1754 822 virum
1786 776 1839 824 te

258 861 521 931 prmbeas.
563 859 682 914 Non
733 861 882 916 enim
943 859 1146 913 bonum
1186 866 1289 920 est.
1348 858 1414 911 ad
1462 857 1837 915 defensionem

254 956 414 1023 plane
447 967 557 1008 non
595 951 823 1023 impelli,
857 950 955 1007 sed
995 948 1283 1004 difﬁculter
1305 949 1373 1021 ad
1418 947 1558 1003 iram
1603 950 1833 1006 moveri.

961 1042 1118 1098 LVII.

321 1137 545 1194 Minime
578 1135 789 1198 dubito,
826 1133 1084 1192 .fassuros
1117 1151 1331 1202 omnes,
1369 1136 1647 1190 hominem
1704 1133 1838 1190 stui-

260 1237 374 1284 tum
404 1243 546 1289 esse,
582 1227 677 1298 qui
707 1228 875 1282 ullum
909 1242 1136 1296 prorsus
1175 1212 1454 1282 hominem
1505 1234 1658 1297 putet
1702 1225 1836 1279 alie-

257 1337 409 1375 num.
439 1319 574 1374 Nam
606 1320 674 1375 ab
706 1333 814 1374 uno
848 1319 1114 1389 progeniti
1150 1334 1342 1374 sumus
1369 1333 1584 1383 omnes,
1621 1317 1835 1372 tametsi

254 1410 438 1475 lingua
472 1407 900 1477 distinguantur,
932 1418 987 1463 et
1021 1390 1605 1478 aliis‘quibuscunque
1647 1408 1834 1475 rebus,

254 1502 336 1557 vel
367 1502 483 1572 ipsa
516 1501 801 1572 religione.
855 1500 1199 1573 Quapropter
1226 1501 1502 1556 hominem
1551 1501 1834 1555 hominum

255 1595 525 1651 rationem
559 1595 759 1649 habere
788 1609 886 1663 par
917 1603 1024 1658 est,
1048 1603 1102 1649 et
1142 1595 1415 1650 universis
1448 1602 1640 1663 optare
1663 1592 1832 1659 bona,

1950 580 2044 632 καὶ
2082 583 2274 650 τηρεῖν
2316 581 2482 643 αὑτὰς
2508 580 2714 635 ἐθέλον.
2738 582 2832 634 Δεῖ
2855 581 2912 634 δὲ
2939 582 3215 637 δεικνύναι
3243 584 3337 637 τὸν
3359 584 3528 654 ἄνδρα

1947 674 2157 727 ἀδικεῖν
2187 674 2437 745 ἐθέλουσι
2465 675 2646 728 πάντα
2674 674 2897 744 τρόπον.
2928 675 3001 728 Οὐ
3032 674 3139 745 γὰρ
3170 677 3375 745 ἀγαθὸν
3404 677 3530 730 ἀκι-

1947 783 2111 835 νητον
2157 767 2238 829 εἰς
2283 766 2499 836 ἄμυναν
2547 763 2715 835 εἶναι,
2776 767 2913 851 άλλά
2946 767 3284 839 δυσκίνητον
3334 770 3414 835 είς
3437 769 3529 841 ὀρ-

1946 860 2079 929 γήνο

2670 1037 2779 1092 NZ'

2016 1128 2246 1197 Νομίζω
2275 1129 2484 1194 πάντας
2512 1131 2579 1184 ἂν
2630 1132 2798 1199 φάναι
2827 1129 3038 1200 ἠλίθιον
3068 1130 3360 1199 ἄνθρωπον
3388 1128 3527 1186 εἶναι

1944 1221 2036 1275 τὸν
2068 1222 2364 1291 νομίζοντα
2405 1223 2690 1295 ἀλλότριον
2723 1224 3075 1278 παντάπασιν
3132 1223 3420 1294 ἄνθρωπον
3447 1220 3526 1278 εῖ-

1944 1322 2053 1361 ναι.
2088 1309 2295 1371 Πάντες
2342 1310 2451 1380 γὰρ
2483 1311 2600 1373 ἑνὸς
2628 1311 2846 1379 ἔκγονα,
2878 1312 2985 1366 κᾶν
3028 1312 3309 1384 διαλέκτιμ
3339 1314 3528 1384 διαφε-

1947 1399 2191 1471 ρώμεθα,
2227 1404 2334 1456 κᾶν
2359 1403 2710 1471 οἱστισινοῦν,
2745 1404 2846 1459 κᾶν
2878 1406 3028 1476 αὐτῷ
3054 1407 3383 1478 σεϐάσματι.
3417 1408 3528 1461 Καὶ

1942 1493 2125 1546 τοίνυν
2154 1494 2446 1562 ἄνθρωπον
2474 1496 2604 1550 ὄντα
2649 1496 2955 1568 ἀνθρώπων
2987 1499 3250 1568 κήδεσθαι
3280 1500 3382 1565 δεῖ,
3431 1501 3527 1555 καλ⁵

1946 1590 2308 1661 συνεύχεσθαι
2329 1595 2441 1656 τοῖς
2468 1593 2611 1656 ὅλοις
2634 1593 2841 1661 άγαθά,
2871 1596 2944 1659 ὠς
2974 1597 3115 1659 ἐνὸν,
3138 1595 3214 1659 ὡς
3238 1595 3419 1665 θέμις,
3449 1596 3527 1658 ὡς

255 1697 523 1754 quantum
555 1684 679 1753 ejus
736 1693 792 1740 et
812 1683 947 1771 ﬁeri!
987 1691 1189 1754 potest,
1229 1692 1284 1737 et
1314 1684 1396 1737 fas
1448 1692 1554 1747 est,
1584 1694 1645 1737 et
1699 1683 1838 1736 licet.

1952 1683 2151 1750 ἔξεστι.
2185 1687 2356 1756 Κοινὴ
2407 1687 2517 1756 γὰρ
2548 1688 2580 1756 ή
2616 1685 2801 1755 φύσις,
2840 1690 2935 1741 καὶ
2990 1691 3159 1742 πᾶσιν
3211 1688 3406 1757 ἔδαφος
3442 1688 3543 1756 ἓν,

255 1775 470 1845 Quippe
489 1784 684 1830 natura
729 1777 1043 1832 communis
1079 1784 1187 1840 est,
1212 1785 1270 1830 et
1298 1777 1667 1846 pavimentum
1707 1791 1843 1830 cun-

253 1869 358 1925 ctis
386 1884 583 1933 unum,
621 1877 678 1925 et
708 1884 877 1924 unum
910 1877 1139 1935 tectum,
1170 1885 1390 1940 unaque
1440 1870 1552 1931 lux,
1582 1885 1723 1925 unus
1748 1883 1844 1924 aer

251 1976 531 2031 expansus
557 1977 591 2017 a
617 1974 803 2017 rerum
849 1962 1066 2032 opifice.
1120 1960 1366 2032 Denique
1411 1960 1737 2030 simpliciter
1771 1960 1842 2014 ab

252 2069 320 2108 eo
348 2067 472 2124 qua
508 2034 954 2124 proficiscuntur,
1006 2054 1323 2109 communia
1354 2062 1503 2109 sunt.
1555 2050 1842 2107 Nihilomi-

255 2164 415 2206 nusa
448 2150 743 2207 remotiore
791 2150 1234 2214 discernendum,
1293 2148 1442 2220 quod
1494 2147 1719 2217 propius
1758 2154 1842 2201 est

258 2246 408 2314 (nam
440 2243 660 2314 plurimi
693 2252 823 2299 sunt
865 2242 1288 2298 necessitudinis
1327 2241 1576 2312 gradus),
1624 2254 1688 2294 ac
1720 2247 1842 2296 stu-

257 2337 517 2403 dendum,
551 2345 612 2391 ut
654 2351 784 2407 erga
844 2337 1155 2401 universos,
1219 2336 1365 2404 quod
1414 2334 1467 2388 in
1508 2342 1561 2387 te
1623 2332 1842 2402 quidem

1950 1778 2046 1830 καὶ
2076 1778 2251 1850 όροφὴ
2289 1778 2412 1849 μία,
2446 1780 2543 1834 καὶ
2590 1779 2650 1833 ἓν
2666 1797 2720 1833 τι
2744 1780 2883 1849 φῶς,
2916 1782 3013 1835 καὶ
3040 1777 3118 1844 εἷς
3145 1781 3253 1852 ἀὴρ
3275 1781 3533 1851 ἐφήπλω-

1948 1886 2038 1924 ται
2068 1871 2222 1941 παρά
2250 1871 2346 1925 τοῦ
2377 1872 2740 1943 δημιουργοῦ.
2769 1874 2879 1927 Καὶ
2910 1874 3099 1936 άπλῶς
3132 1875 3200 1927 τά
3227 1875 3358 1944 παρ’
3384 1876 3529 1929 ὲκεί-

1948 1979 2042 2015 νου
2077 1961 2253 2018 κοινά.
2286 1961 2407 2033 Χρὴ
2444 1964 2628 2031 μέντοι
2670 1962 3014 2017 διαστέλλειν
3044 1962 3142 2017 τοῦ
3190 1966 3527 2037 πορρωτέρω

1945 2054 2009 2108 τδ
2038 2054 2221 2124 ἔγγιον
2252 2055 2476 2127 (βαθμοὶ
2497 2056 2607 2127 γάρ
2626 2056 2869 2111 πλεῖστοι
2891 2058 2990 2128 τῆς
3018 2058 3403 2129 οίκειότητος)·
3432 2060 3528 2113 καὶ

1949 2149 2088 2202 πᾶσι
2121 2148 2222 2218 μὶν
2253 2148 2460 2217 ἀγαθὸν
2489 2146 2632 2205 εἶναι
2675 2151 2738 2206 τὸ
2771 2151 2898 2205 καθ’
2933 2152 3101 2206 αὐτόν
3128 2166 3144 2182 ο
3174 2153 3292 2215 τοῖς
3323 2152 3530 2222 μᾶλλον

1949 2239 2009 2293 δὲ
2067 2241 2358 2311 ἐγγυτάτω
2430 2242 2715 2311 ἀναλόγως
2779 2241 3152 2313 γνησιώτερον
3224 2242 3531 2313 προσφέρε-

1956 2333 2105 2389 σθαι.

255 2430 384 2495 erit,
411 2428 619 2483 bonum
647 2437 700 2485 te
733 2442 935 2499 geras:
964 2428 1082 2510 sed.
1098 2426 1468 2499 propioribus,
1510 2439 1722 2493 eorum,
1749 2423 1935 2480 habita
1974 2425 2207 2492 ratione,
2240 2426 2388 2482 velut
2447 2426 2685 2483 aretiore
2726 2435 2781 2484 te
2808 2427 3052 2493 ~vinculo
3092 2427 3343 2499 junctum
3372 2424 3539 2482 exhi-

255 2521 412 2577 beas.

983 2613 1168 2671 LVIII.

334 2714 413 2768 Eo
459 2718 732 2781 tempore,
780 2723 892 2779 quo
958 2708 1334 2764 navicularius
1387 2724 1522 2764 aura
1583 2722 1845 2780 prospere

210 2872 221 2879 .
258 2806 426 2862 ﬂante
449 2818 515 2856 ac
549 2799 763 2870 placide
797 2799 913 2853 vela
943 2798 1201 2870 implente
1233 2797 1455 2865 fruitur,
1490 2815 1613 2855 cum
1646 2815 1843 2870 magna

260 2897 470 2954 scilicet
501 2903 586 2950 est
610 2892 900 2957 serenitas,
932 2907 1033 2948 nec
1085 2894 1195 2948 ulla
1224 2907 1312 2947 res
1368 2892 1523 2948 triste
1580 2893 1712 2964 quid
1738 2892 1842 2947 mi-

260 2999 440 3055 ttatur,
474 3000 581 3042 non
615 2985 766 3056 prius
785 2985 854 3040 ob
884 2999 1003 3041 eam
1027 2985 1445 3055 prosperitatem
1493 2985 1660 3041 libere
1685 2987 1839 3042 laetus

261 3089 367 3145 est,
394 3093 559 3147 quam
602 3076 726 3131 navi
767 3084 914 3131 recte
950 3075 1316 3146 prospexerit,
1349 3086 1404 3131 ut
1442 3078 1687 3146 asperior
1719 3092 1841 3130 tnu-

2663 2611 2815 2668 NH’.‘

2018 2698 2092 2760 Εῦ
2126 2703 2402 2777 πνεούσης
2432 2702 2728 2759 ἀπολαύων
2755 2702 3064 2774 ναύκληρος
3088 2701 3284 2775 αὔρας,
3307 2702 3530 2774 ἡμέρως

1945 2799 2092 2853 ῑστία
2122 2798 2457 2870 πληρούσης,
2487 2797 2705 2869 αἰθρίας
2736 2798 2835 2867 μὲν
2855 2795 3024 2869 οῦσης
3054 2797 3278 2867 πολλῆς,
3296 2795 3526 2867 μηδενὸς

1944 2892 2002 2946 δὲ
2032 2892 2361 2963 πράγματος
2388 2890 2740 2954 ἀπειλοῦντός
2774 2909 2826 2945 τι
2865 2891 3148 2962 δυσχερὲς,
3176 2890 3237 2943 ού
3267 2888 3528 2961 καθαρῶς

1944 2985 2025 3057 τῷ
2068 2984 2407 3055 εὐτυχήματι
2440 2984 2644 3055 χαίρει,
2694 2983 2829 3054 πρὶν
2873 2983 3191 3054 ἢδιάθηται
3226 2982 3406 3044 καλῶς
3456 2982 3529 3034 τά

1945 3077 2090 3130 κατά
2117 3076 2217 3144 τὴν
2244 3073 2399 3138 ναῦν,
2431 3074 2506 3136 ὡς
2544 3072 2618 3143 μὴ
2647 3072 2881 3127 δεδιέναι
2911 3073 3257 3143 τραχυτέραν
3293 3069 3528 3142 μεταδο-

262 3170 398 3223 latio
430 3167 722 3223 metuenda
758 3182 869 3221 non
900 3167 992 3221 sit.
1024 3165 1091 3221 Et
1122 3167 1342 3236 quidem
1396 3168 1634 3237 peractis
1657 3168 1838 3223 omni-

1948 3168 2066 3238 λήν.
2092 3166 2212 3222 Κᾶν
2243 3160 2422 3220 πάντα
2461 3165 2646 3237 πράξῃ
2679 3166 2748 3220 τὰ
2779 3166 3043 3231 σώζοντα,
3081 3165 3184 3219 κᾶν
3214 3166 3316 3236 ὁρᾷ
3348 3168 3396 3218 οἱ
3427 3166 3526 3231 τὴν

263 3262 386 3325 bus.
418 3261 484 3316 ad
534 3258 968 3314 incolumitatem
1034 3258 1461 3329 pertinentibus,
1516 3258 1837 3314 etiamsivi-

257 3359 384 3411 deat
423 3353 603 3408 navim
628 3364 681 3407 et
705 3352 881 3407 ventis
917 3359 973 3406 et
1009 3350 1302 3406 concitatis
1336 3364 1526 3407 eorum
1556 3351 1605 3405 vi
1657 3351 1841 3407 ﬂucti-

257 3455 360 3507 bus
389 3447 686 3502 llrntiorem
710 3459 868 3511 esse;
917 3459 1025 3500 non
1088 3456 1268 3500 tatneu
1332 3453 1429 3499 aut
1475 3446 1838 3500 temeritatem

259 3540 466 3603 laudat,
522 3546 617 3591 aut
644 3537 950 3591 admiratur
982 3535 1308 3601 secordiam,
1340 3536 1435 3591 sed
1489 3535 1695 3605 vigilat,
1747 3536 1842 3590 sed

258 3630 473 3697 metuit,
497 3638 591 3683 seu
608 3636 822 3697 portum
849 3634 1020 3695 optat,
1045 3624 1190 3695 quod
1223 3626 1406 3695 ignota
1421 3625 1492 3680 sit
1517 3625 1566 3680 ei
1595 3625 1760 3681 sortis
1776 3639 1842 3680 ac

258 3723 356 3777 fati
395 3723 536 3776 alea.
577 3721 710 3776 Cum
741 3733 875 3790 ergo
904 3733 992 3773 res
1040 3726 1149 3773 tua:
1177 3734 1345 3773 cursu
1401 3717 1654 3774 feruntur
1717 3733 1844 3789 pro-

257 3830 441 3883 spero,
497 3812 758 3885 pacisque
812 3812 974 3867 bonis
1009 3811 1232 3879 frueris,
1283 3810 1479 3866 bellica
1535 3811 1629 3864 tibi
1697 3825 1843 3866 curae

259 3916 445 3970 sunto,
486 3918 649 3976 teque
672 3906 818 3959 velut
850 3903 918 3960 ad
944 3905 1144 3959 bellum
1175 3903 1474 3972 gerendum
1504 3911 1843 3964 exerceto,et

259 4001 510 4056 subditos
544 4000 611 4055 ad
653 3999 757 4055 hoc
791 4010 916 4055 tuos
965 3990 1291 4069 praeparato.
1350 3997 1526 4052 Simul
1554 4012 1650 4066 spe
1699 3997 1842 4053 bona

259 4094 455 4158 fretus,
484 4092 601 4163 ipse
637 4100 692 4147 te
731 4093 1075 4155 confirmato,
1111 4105 1183 4144 ne
1216 4089 1539 4159 languescas
1568 4107 1581 4143 :
1613 4104 1714 4145 nec
1744 4091 1844 4144 mi-

261 4201 366 4240 nus
393 4185 640 4239 animum
671 4183 1107 4245 condocefacito,
1160 4181 1482 4236 temerarius
1510 4190 1568 4235 ut
1598 4196 1721 4236 esse
1754 4198 1845 4237 ca-

262 4291 416 4341 veas,
453 4277 500 4331 si
530 4276 756 4330 victoria
787 4275 855 4330 de
911 4273 1162 4328 hostibus
1196 4272 1446 4342 potiaris.
1499 4273 1838 4327 lncertitudi-

259 4384 387 4423 nem
414 4367 650 4438 denique
688 4366 923 4422 fortunae
947 4365 1173 4430 veritus,
1204 4378 1421 4433 semper
1450 4365 1694 4434 opinare,
1728 4364 1842 4418 ﬁeri

259 4477 439 4531 posse,
471 4469 530 4516 ut
558 4460 781 4515 labaris.
818 4457 916 4514 Est
938 4458 1085 4513 enim
1116 4455 1355 4519 difﬁcile,
1379 4471 1695 4526 prosperam
1722 4456 1843 4511 illos

1942 3258 2143 3313 ὁλκάδα
2178 3256 2419 3328 ἀνέμων,
2448 3257 2678 3311 καὶτῶν
2704 3258 2815 3311 άπὸ
2853 3257 3023 3311 τῶνδε
3055 3258 3338 3328 κυμάτων,
3375 3258 3527 3325 ἰσχυ-

1945 3349 2195 3422 ροτέραν,
2222 3348 2348 3403 οὕτε
2377 3348 2580 3421 θράσος
2605 3349 2912 3413 ἐπαινέσει,
2944 3347 3067 3402 οὔτε
3096 3349 3373 3420 ρᾳθυμίαν
3396 3349 3529 3402 θαυ-

1946 3445 2113 3515 μάσει
2140 3458 2156 3473 ⁸
2189 3442 2307 3497 ἀλλ’
2335 3442 2629 3512 ἀγρυπνεῖ,
2670 3441 2808 3495 ἀλλὰ
2839 3440 3100 3508 δέδοικεν,
3132 3441 3267 3496 ἀλλά
3301 3441 3525 3512 λιμένος

1943 3540 2181 3608 ἐφίεται,
2235 3538 2328 3591 τὸν
2364 3541 2465 3608 τῆς
2517 3539 2714 3607 μοίρας
2770 3536 2938 3592 κύσον
2977 3538 3080 3591 οὐκ
3127 3536 3519 3604 ἐπιστάμενος.

1944 3633 2115 3686 Ὅταν
2140 3631 2335 3684 ’τοίνυν
2371 3630 2515 3683 κατὰ
2569 3629 2699 3700 ῥοῦν
2733 3647 2815 3683 σοι
2843 3631 3016 3700 τρέχῃ
3042 3629 3109 3683 τὰ
3142 3628 3520 3698 εὐτυχήματα,

1943 3726 2038 3779 καὶ
2065 3724 2174 3777 τῶν
2207 3726 2306 3792 τῆς
2334 3722 2565 3792 εἰρήνης
2598 3720 2779 3774 καλῶν
2806 3720 3114 3791 ἀπολαύῃς,
3146 3719 3215 3773 τὰ
3250 3718 3525 3786 πολεμικά

1947 3816 2262 3888 μελετάσθω
2304 3830 2407 3877 σοι,
2435 3813 2535 3868 καὶ
2561 3812 2813 3883 γύμναζε
2849 3811 3049 3866 σαυτὸν
3074 3811 3149 3873 ὡς
3178 3811 3313 3879 πρὸς
3362 3810 3523 3863 πόλει

1947 3925 2048 3978 μον
2069 3924 2081 3937 ·
2110 3910 2205 3960 καὶ
2233 3905 2488 3976 ἑτοίμαζε
2512 3908 2650 3976 πρὸς
2682 3905 2842 3958 τοῦτο
2867 3903 2928 3956 τὸ
2960 3906 3226 3972 ὑπήκοον.
3257 3904 3366 3956 Καὶ
3393 3919 3518 3956 vsu-

1945 4000 2041 4071 ροῦ
2067 3998 2168 4070 μὲν
2198 4002 2318 4063 ταῖς
2347 3999 2531 4052 ἐλπίσι
2558 4001 2672 4060 ταῖς
2706 3999 2999 4067 χρησταῖς,
3022 3997 3171 4060 ὅπως
3205 3996 3282 4066 μὴ
3312 3995 3523 4065 νωθρὸς

1942 4095 2123 4159 γένοιο
2146 4105 2163 4120 ·
2240 4090 2439 4159 μελέτα
2477 4089 2535 4141 δὲ
2588 4088 2665 4159 μὴ
2692 4088 3096 4158 ιθρασύνεσθαι,
3130 4090 3178 4142 εί
3211 4089 3320 4140 τῶν
3366 4089 3524 4143 πολε-

1948 4182 2085 4251 μίων
2115 4185 2472 4253 κρατήσειας.
2524 4184 2596 4237 Τὸ
2629 4184 2686 4237 δὲ
2714 4183 2883 4254 τύχης
2940 4183 3171 4251 ἀόρατον
3216 4180 3426 4245 δεδιὼς,
3460 4183 3523 4235 τὸ

1947 4274 2218 4343 σφαλῆναι
2256 4275 2628 4346 προσδόκιμον
2659 4275 2774 4345 ἔχε.
2818 4276 3095 4343 Ἐνεγκεῖν
3124 4275 3236 4344 γὰρ
3266 4275 3524 4345 εὐτυχίαν

1945 4365 2181 4437 χαλεπὸν
2212 4366 2337 4428 τοὺς
2374 4367 2449 4437 μὴ
2485 4367 2801 4437 μετριάζειν
2840 4367 3048 4430 εἰδότας
3080 4381 3093 4396 ·
3136 4367 3428 4437 δυστυχίαν
3466 4368 3526 4421 δὲ

1946 4458 2271 4512 ἀνέλπιστον
2308 4462 2499 4528 φέρειν
2527 4461 2714 4528 σχεδὸν
2741 4458 3027 4512 ἀδύνατον.

260 4560 537 4612 fortunam
566 4555 856 4612 commode
885 4553 1051 4621 ferre,
1075 4553 1170 4623 qui
1210 4554 1493 4607 moderate
1522 4567 1581 4606 se
1629 4567 1817 4620 gerere
1845 4554 2144 4609 nesciunt:
2196 4553 2384 4625 ,iidem
2427 4562 2487 4609 ut
2536 4570 2690 4626 aequo
2735 4557 2919 4610 animo
2999 4555 3367 4611 calamitatem
3436 4556 3524 4611 in-

258 4665 631 4726 exspectatam
667 4652 866 4719 ferant,
900 4667 1068 4723 prope
1099 4650 1216 4706 fieri
1242 4649 1448 4718 nequit.

990 4746 1129 4803 LIX.

335 4849 390 4903 ld
418 4861 639 4919 quoque
664 4859 774 4899 non
804 4842 942 4897 levis
965 4856 1089 4896 esse
1124 4837 1385 4894 momenti
1416 4837 1735 4907 praeclaram
1768 4838 1835 4892 ad

224 4940 710 5014 gubernationem
768 4937 1011 4992 duxeris.
1088 4930 1295 4988 Omnes
1349 4933 1495 4985 enim
1554 4930 1836 5000 principes

260 5033 461 5089 animis
513 5034 630 5086 suis
680 5025 1157 5097 tranquillitatem,
1219 5033 1480 5091 quantam
1538 5021 1834 5075 maximam

261 5134 515 5199 possunt,
544 5124 774 5178 solerter
813 5131 1113 5190 procurare
1142 5116 1360 5169 debent.
1408 5112 1545 5167 Nam
1582 5114 1660 5168 uti
1694 5123 1834 5167 tem—

259 5227 523 5288 pestatem
555 5213 727 5268 nubes
758 5209 1002 5275 adducit,
1037 5209 1111 5263 ita
1147 5206 1597 5276 tranquillitatem
1624 5205 1835 5259 sereni-

259 5321 341 5364 tas
357 5310 520 5363 ellieit
549 5323 563 5359 :
592 5316 762 5373 utque
794 5300 984 5358 lumini
1033 5300 1427 5369 cogitationum
1484 5300 1719 5373 trtaxime
1741 5313 1834 5353 so-

260 5401 376 5454 lent
400 5397 616 5453 oﬂlcere
649 5365 1319 5465 perturbationes—mollis
1348 5404 1411 5442 ae
1435 5365 1667 5443 remissa
1697 5390 1830 5451 vita,

257 5491 519 5555 formido,
558 5487 836 5543 temeritas
867 5493 922 5539 et
978 5482 1245 5554 quidquid
1270 5491 1354 5536 est
1396 5482 1645 5550 utrisque
1699 5496 1832 5533 con-

258 5585 459 5648 simile,
541 5583 625 5638 sic
691 5578 1084 5635 meditationes
1150 5584 1464 5645 opportune
1543 5574 1828 5636 institutae,

260 5674 695 5749 perturbationis
756 5680 1035 5743 expertes,
1086 5671 1171 5725 vel
1206 5669 1259 5723 in
1294 5668 1488 5739 primis
1551 5667 1831 5723 hominem

259 5787 290 5821 e
321 5768 634 5822 difﬁcultate
693 5775 927 5835 possunt
985 5762 1305 5833 explicare:
1342 5760 1565 5831 quando
1606 5760 1831 5814 contieri

268 5868 466 5921 notcst,
492 5867 551 5911 ut
572 5865 622 5912 et
644 5866 798 5927 parta
818 5855 972 5926 prius
995 5852 1169 5925 gloria
1188 5867 1287 5923 pro
1310 5851 1521 5908 viribus
1538 5858 1827 5921 augeatur,

1871 4750 1918 4806 D

2652 4748 2782 4802 NO'.

2011 4840 2166 4909 Μηδὲ
2196 4842 2374 4894 έκεῖνο
2407 4841 2607 4912 μικρὸν
2634 4839 2795 4912 ἡγοῦ,
2831 4842 2967 4910 πρὸς
2994 4842 3055 4895 τδ
3081 4842 3303 4896 διοικεῖν
3335 4840 3521 4905 καλῶς

1936 4931 2222 4986 δύνασθαι.
2255 4930 2379 5001 Χρὴ
2414 4933 2525 5003 γὰρ
2570 4932 2779 4993 πάντας
2811 4930 3081 5001 ἄρχοντας
3122 4932 3362 5002 γαλήνην
3399 4936 3520 4994 ταῖς

1938 5024 2123 5077 αὐτῶν
2148 5023 2347 5093 ψυχαῖς
2378 5023 2754 5093 καὶιπρονοεῖν
2785 5023 2879 5074 καὶ
2904 5025 3229 5092 οἰκονομεῖν,
3254 5025 3375 5076 ὅσον
3406 5020 3521 5079 οἷόν

1936 5131 2019 5168 τε.
2053 5113 2312 5183 Χειμῶνα
2346 5116 2448 5184 μὲν
2484 5116 2593 5185 γὰρ
2623 5115 2782 5181 νέφος
2811 5114 3031 5182 ἐπάγει,
3064 5115 3307 5185 γαλήνην
3337 5115 3394 5168 δὲ
3429 5118 3519 5169 αἰ-⁹

1939 5206 2068 5276 θρία
2106 5209 2289 5260 ποιεῖ’
2329 5209 2425 5260 καὶ
2471 5206 2769 5274 λογισμοὺς
2818 5206 2916 5272 μὲν
2945 5207 3183 5276 τυφλοῦν
3234 5209 3517 5278 πεφύκασι

1941 5299 2175 5369 μάλιστα
2208 5298 2472 5367 ταραχαὶ,
2504 5297 2599 5351 καὶ
2634 5297 2748 5367 βίος
2792 5297 2939 5361 ἅπας
2973 5299 3160 5369 ὑγρὸς,
3196 5301 3290 5353 καὶ
3322 5300 3515 5367 δειλία,

1937 5392 2030 5443 καὶ
2066 5390 2369 5461 θρασύτης,
2405 5389 2501 5443 καὶ
2546 5390 2671 5443 ὅσον
2722 5391 3055 5461 ἀμφοτέροις
3089 5394 3474 5464 παραπλήσιον
3498 5410 3515 5424 ·
3598 5460 3601 5463 _

1941 5483 2165 5552 μελέται
2206 5482 2261 5534 δὲ
2310 5483 2407 5535 σὺν
2440 5480 2516 5552 τῷ
2565 5482 2766 5554 καιρῷ,
2798 5486 3042 5554 ταραχῆς
3082 5486 3384 5557 ἐλεύθεραι,
3421 5488 3518 5540 δύ-

1937 5573 2105 5625 ναιντ’
2135 5574 2201 5627 ἂν
2249 5576 2485 5642 μάλιστα
2519 5574 2739 5627 πάντων
2770 5574 3095 5645 δυσχερείας
3120 5577 3515 5647 ἀπαλλάττειν,

1937 5666 2068 5718 ὅταν
2104 5667 2203 5718 οὐκ
2251 5665 2513 5719 ἀδύνατον
2561 5665 2845 5728 παντελῶς
2876 5669 2970 5721 κα)⁵
3004 5668 3102 5737 τὴν
3159 5669 3514 5739 ὑπάρχουσαν

1939 5757 2127 5822 αὔξειν
2150 5756 2403 5811 εὔκλειαν
2427 5759 2552 5811 ὅσον
2578 5756 2775 5825 ἔνεστι,
2801 5761 2895 5811 καὶ
2922 5762 3313 5830 προσπορίζειν
3334 5762 3518 5829 αγαθά

1944 5850 2041 5903 σὺν
2070 5849 2144 5919 τῷ
2166 5850 2446 5919 διαμένειν
2468 5868 2480 5882 ·
2507 5851 2601 5902 καὶ
2622 5852 2779 5904 ταυτὶ
2807 5849 2986 5914 καλῶς
3014 5853 3399 5923 ἐπιστάμενος,
3430 5853 3509 5924 μὴ

3416 383 3520 446 336
3622 420 3631 425 -
