3958 6460
285 382 384 444 357

1243 388 1662 451 PR/ECEPTA
1697 389 2221 453 EDUCATIONIS
2258 390 2539 452 REGIrE.

3431 393 3540 458 358

235 542 237 544 .
277 483 650 550 καταπίπτειν
677 498 795 562 ταῖς
821 502 1151 571 συμφοραῖς,
1187 503 1311 573 μηδ’
1333 503 1612 576 εὐτυχίαις
1637 505 1865 576 ἐπαίρεέ

1988 515 2025 561 ξι
2059 505 2325 574 ampliora
2354 506 2496 559 bona
2528 521 2638 561 non
2684 514 2892 562 tantum
2936 507 3320 577 acquirantur.
3353 511 3447 564 sed
3487 505 3544 565 ετ·
3635 511 3642 514 ’

283 589 449 652 σθαι,
509 589 644 660 μηδὲ
701 591 918 645 ἀνέσεσι
980 594 1422 664 μαλακίζεσθαι,
1475 599 1536 650 τδ
1593 598 1861 669 ῥᾳθυμεῖν

283 681 561 751 προῦργου
587 683 816 753 θέμενος
841 701 855 715 ·
899 687 1049 751 ὅπως
1087 689 1266 759 ψυχῆς
1295 690 1640 761 γενναιότητι
1666 692 1864 746 δεινῶν

280 773 546 842 ἀφύκτων
592 775 892 832 δοκούντων
934 780 1416 849 ἀπαλλαττόμενος
1456 780 1692 853 (ἀνάγκη
1751 784 1862 854 γὰρ

281 868 462 920 αὐτῶν
488 868 740 939 μετέχειν
781 871 1069 941 ἄνθρωπον
1099 874 1252 947 ὄντα)
1282 874 1470 946 δείξῃς
1501 877 1723 947 μεγέθει
1758 879 1861 946 φύ-

284 978 423 1026 σεως
455 962 556 1033 τὴν
586 963 869 1034 βασιλείαν
894 965 1186 1025 ἀνθοῦσαν.

1025 1230 1079 1270 περ

1023 1266 1101 1288 Ἦ.

354 1325 516 1379 Ἥκω
541 1341 626 1378 σοι
655 1324 828 1391 λέξων
856 1313 888 1380 δ
917 1326 1202 1397 πράττεις,
1234 1293 1432 1402 ὥσπερ
1461 1332 1512 1386 οῖ
1542 1335 1654 1396 τοῖς
1681 1331 1865 1386 θέουσι

283 1419 748 1488 διακελευόμενοι,
781 1419 1008 1474 Πλάτων
1055 1419 1184 1494 ἔφη.
1214 1424 1435 1493 Μηδένα
1464 1426 1651 1489 κακῶς
1683 1426 1866 1496 εἴπῃς,

284 1511 441 1581 θυμῷ
469 1511 760 1578 δουλεύων,
790 1510 824 1582 ἢ
848 1512 1211 1584 χαριζόμενος
1229 1530 1243 1546 '
1277 1516 1415 1586 μηδέ
1439 1516 1645 1588 πλύνῃς
1677 1516 1869 1586 ὕϐρεσι

1963 599 2134 653 solida
2165 598 2548 667 durabiliaque
2576 599 2893 654 reddantur.
2917 601 3094 670 Atque
3139 602 3224 656 liis
3250 613 3400 657 recte
3447 619 3546 657 co-

1962 691 2152 758 gnitis,
2187 706 2318 746 cave
2338 691 2744 746 calamitatibus
2777 695 3234 760 succumbasmee
3269 700 3564 766 prosperis‘

1963 782 2244 851 eﬂ’eraris,
2319 799 2422 838 nec
2490 786 2775 852 amplexus
2831 785 3101 854 ignaviam
3152 788 3410 843 dissolute
3473 792 3553 842 vi-

1966 877 2143 928 vendo
2167 875 2467 930 emolliaris
2505 894 2520 930 :
2557 889 2615 931 ut
2640 878 2807 930 animi
2874 878 2927 932 vi
2990 895 3252 948 generosa
3288 882 3550 935 liberatus

1963 977 1995 1016 e
2021 964 2208 1028 malis,
2250 979 2372 1032 quae
2408 965 2743 1020 inevitabilia
2800 967 3056 1022 videntur
3087 972 3162 1037 (et
3195 988 3382 1025 eorum
3433 975 3550 1026 licri

1966 1065 2018 1110 te
2049 1057 2390 1126 participem,
2452 1074 2576 1112 cum
2614 1061 2690 1114 sis
2722 1063 2908 1126 homo,
2954 1079 3179 1118 necesse
3210 1076 3290 1118 est
3316 1067 3360 1132 ),
3398 1067 3554 1120 indo-

1967 1151 2036 1207 lis
2060 1160 2114 1208 et
2144 1151 2350 1221 ingenii
2390 1153 2770 1223 magnitudine
2802 1171 3031 1227 regnum
3061 1156 3267 1213 ﬂorens
3308 1160 3537 1215 eilicias.

2695 1246 2811 1302 LX.

2038 1337 2273 1394 Tradam
2308 1339 2427 1406 tibi,
2467 1343 2610 1411 quod
2649 1359 2799 1412 agas,
2826 1359 3016 1398 eorum
3053 1359 3227 1411 more,
3269 1345 3360 1414 qui
3421 1361 3552 1400 cur-

1970 1440 2152 1486 rentes
2187 1432 2439 1499 incitant,
2465 1443 2526 1489 ut
2547 1434 2624 1488 ait
2647 1434 2822 1492 Plato.
2865 1435 3164 1491 Maledicus
3215 1453 3343 1506 erga
3381 1440 3551 1491 nemi-

1971 1537 2095 1576 nem
2136 1523 2328 1586 iueris,
2384 1524 2682 1582 iracundia:
2743 1529 3004 1595 serviens,
3037 1541 3128 1584 aut
3186 1531 3548 1599 gratificans:

286 1603 659 1672 κακοδαίμονά
690 1621 834 1668 τινα,
869 1605 1097 1669 δικαίως
1129 1606 1197 1660 ἂν
1225 1606 1568 1679 ἐλεούμενον,
1598 1612 1652 1663 εῖ
1675 1627 1760 1673 τις
1793 1610 1870 1682 μὴ

1988 1629 2110 1670 teve
2157 1618 2507 1673 contumeliis
2566 1621 2866 1690 exagitaris
2919 1622 3196 1676 hominem
3252 1620 3552 1685 infelicem,

282 1695 630 1786 'rﬁg‘qaticeto;
657 1696 756 1767 τῆς
785 1697 974 1766 κοινῆς
1011 1698 1347 1754 ἐπιλάθοιτο.
1386 1701 1530 1771 Ἔφη
1569 1701 1624 1755 δέ
1653 1719 1737 1762 τις
1777 1702 1874 1756 καὶ

1988 1707 2456 1764 :outmiseratione
2522 1712 2748 1780 dignum
2812 1713 3014 1782 potius,
3057 1715 3102 1768 si
3158 1715 3283 1783 quis
3345 1725 3555 1768 naturte

284 1785 528 1854 τῶνίέξω
561 1787 770 1858 σοφῶν·
820 1787 894 1843 Τδ
919 1789 1164 1861 ὑϐρίζειν
1209 1793 1320 1844 τῶν
1360 1791 1519 1846 τοῦτο
1545 1785 1870 1859 ποιούντων,

1988 1802 2287 1855 communis
2345 1803 2597 1859 oblivisci
2658 1805 2814 1860 nolit.
2868 1805 3044 1859 Etiam
3094 1806 3162 1860 de
3214 1807 3556 1877 sapientibus

285 1882 538 1952 nexisti»)
569 1883 942 1954 ὑϐριζομένων
964 1859 1172 1952 γίνεται
1203 1884 1478 1958 ἔγκλημα.
1501 1887 1574 1940 Οὐ
1598 1886 1704 1958 μὴν
1731 1886 1867 1940 ἀλλὰ

1988 1893 2228 1947 :xtrariis
2245 1895 2462 1964 quidam
2481 1897 2645 1961 dixit,
2664 1898 3117 1953 contumeliosam
3139 1899 3554 1953 insectationem

289 1974 384 2028 καὶ
407 1974 534 2035 τοὺς
551 1974 727 2046 τούτῳ
748 1976 1150 2046 ἐντρυφῶντας,
1171 1978 1265 2030 καὶ
1284 1979 1476 2048 συχνὸν
1494 1977 1603 2032 τῶν
1624 1978 1866 2046 ἀδελφῶν

1988 1999 2082 2038 non
2112 1985 2192 2040 eis
2218 1987 2436 2042 crimini
2469 1988 2613 2056 dari,
2647 1993 2737 2060 qui
2782 1989 3086 2059 patiantur,
3123 1992 3218 2045 sed
3255 1991 3392 2060 ipsis
3423 2005 3554 2044 auc-

289 2063 500 2133 γέλωτα
519 2065 907 2133 καταχέοντας,
929 2064 962 2136 ἢ
985 2065 1196 2119 πείθειν
1215 2067 1557 2138 ἀποσχέσθαι
1585 2069 1686 2139 τῆς
1709 2069 1866 2121 νόσου

1988 2078 2212 2136 .oribus.
2245 2079 2386 2145 Quin
2416 2093 2470 2136 et
2502 2081 2646 2147 illos,
2681 2084 2883 2152 quibus
2915 2084 3022 2138 hoc
3042 2085 3230 2137 vitium
3286 2084 3549 2151 voluptati

289 2156 512 2228 ταύτης,
559 2156 593 2228 ἢ
639 2157 938 2227 πειρᾶσθαι
981 2161 1198 2222 πάντως
1241 2161 1492 2214 κωλύειν.
1526 2161 1710 2214 Κακία
1757 2163 1866 2230 γὰρ

1988 2181 2078 2234 est,
2115 2169 2320 2241 quique
2354 2171 2641 2242 frequente
2666 2173 2939 2228 cachinno
2970 2173 3236 2228 fratribus
3266 2171 3534 2226 insultant

295 2250 633 2320 προεστῶτος
661 2251 755 2305 καὶ
777 2250 926 2305 τοῦτ’
950 2252 1018 2307 ἂν
1048 2253 1158 2322 εἴη,
1197 2254 1260 2307 τδ
1294 2252 1535 2314 τάςτῶν
1563 2254 1740 2308 ἄλλων
1774 2270 1874 2306 κα-

1988 2263 2062 2316 vel
2099 2266 2425 2330 persuadere
2452 2266 2641 2332 debes,
2668 2267 2734 2322 ab
2764 2268 2866 2322 hoc
2887 2267 2963 2322 uti
2993 2267 3186 2321 morbo
3217 2266 3552 2328 abstineant,

307 2345 443 2405 κῖας,
473 2343 591 2397 ἐνὸν
625 2344 866 2414 ἐπέχειν,
897 2346 992 2417 ἐᾷν
1021 2345 1116 2399 ἐπὶ
1145 2346 1222 2416 τάν
1250 2349 1438 2418 πρόσω
1472 2351 1693 2419 χωρεῖν.

1988 2354 2065 2408 vel
2094 2357 2320 2411 omnino
2360 2358 2494 2414 dare
2522 2373 2771 2429 operam,
2803 2368 2864 2414 ut
2894 2375 2993 2415 eos
3029 2375 3059 2414 a
3110 2359 3357 2414 facinore
3394 2371 3552 2411 coer-

307 2450 440 2492 ceas.
472 2436 606 2491 Nam
639 2448 693 2494 et
723 2439 828 2493 lioc
861 2439 996 2496 vitio
1031 2441 1254 2497 dabitur
1282 2443 1384 2508 illi,
1410 2443 1649 2512 quicum
1671 2453 1944 2516 potestate
1969 2459 2078 2515 est,
2111 2451 2179 2516 si,
2255 2468 2381 2508 cum
2432 2454 2671 2510 aliorum
2742 2455 2992 2510 inhibere
3036 2453 3169 2508 vitia
3223 2451 3417 2524 possit,
3491 2468 3555 2507 ea

299 2529 470 2585 libere
494 2533 747 2601 progredi
793 2533 958 2588 sinat.

1017 2627 1141 2683 ΞΝ.

367 2721 466 2774 Σὺν
496 2722 563 2774 ἂν
596 2721 684 2790 εἴη
713 2721 939 2775 κάκεῖνο
971 2722 1261 2792 πράττειν,
1293 2721 1390 2774 καὶ
1418 2721 1622 2786 παντὸς
1656 2722 1870 2778 ἐθέλον-

296 2833 390 2876 τος
420 2816 629 2886 ἄρχειν,
657 2815 850 2886 κιρνᾷν
876 2817 997 2877 ταῖς
1022 2815 1258 2885 δωρεαῖς
1284 2816 1630 2886 άστειότητα,
1663 2818 1754 2869 καὶ
1779 2835 1876 2870 τα-

300 2909 494 2976 χύτητι
529 2909 821 2962 συνάπτειν
852 2907 1047 2970 αὐταῖς
1078 2907 1141 2960 τὸ
1175 2907 1371 2984 πέρας,
1400 2909 1497 2985 ὅση
1527 2911 1749 2985 δύναιτ-ψ
1785 2912 1879 2968 Δεῖ

300 3003 357 3054 δὲ
392 3003 586 3073 μέτρον
611 2999 797 3062 αὐτοῖς
821 2998 1100 3078 μιγνύναι,
1123 3007 1190 3076 τῇ
1225 3009 1292 3076 σῇ
1314 3005 1547 3076 δυνάμει
1574 3008 1875 3076 συμϐαῖνον

302 3093 528 3154 καὶτοῖς
558 3092 974 3170 ἐπιτηδεύμασι,
1008 3098 1104 3152 καὶ
1149 3097 1399 3169 ποιότησι
1431 3098 1541 3150 τῶν
1570 3100 1874 3168 δεχομένων

303 3185 402 3262 τὴν
427 3186 604 3262 χάριν.
623 3193 711 3255 Ὠς
738 3193 787 3244 εί
819 3191 894 3262 μὴ
922 3190 1000 3260 τῷ
1024 3190 1333 3260 γιγνομένῳ
1359 3190 1470 3251 τοῖς
1501 3189 1639 3248 ὅλοις
1672 3188 1874 3257 χρῷτο,

305 3285 421 3337 ἀλλ’
450 3285 569 3354 ήτοι
592 3283 982 3353 ἀγροικότερόν
999 3296 1082 3345 τις
1107 3281 1356 3350 δωροῖτο,
1375 3281 1407 3352 ἢ
1428 3281 1518 3333 τὸν
1541 3285 1733 3349 καιρὸν
1760 3280 1876 3331 ἐνὸν

307 3381 613 3450 συντεμεῖν,
663 3379 737 3432 ὅδ’
773 3378 1025 3449 ἐπίτηδες
1056 3378 1413 3432 ἀναϐάλλοιτο
1435 3394 1451 3409 ·
1501 3378 1598 3431 καὶ
1626 3376 1741 3446 δοίη
1775 3375 1875 3446 μὲν
1903 3358 1946 3416 c

207 3515 210 3518 .
306 3472 445 3526 κύνα
487 3473 561 3543 τῷ
599 3471 857 3541 ναυτικῷ,
899 3472 1016 3541 δοίη
1062 3473 1118 3524 δὲ
1153 3471 1440 3543 θηρεύοντι
1493 3469 1724 3540 κώπην’
1782 3470 1876 3522 καὶ

307 3562 610 3633 στρατιώτῃ
673 3561 772 3632 μὲν
817 3565 1016 3626 ἵππους
1050 3563 1202 3630 δέκα,
1241 3564 1501 3632 ἱππάριον
1542 3561 1602 3614 δὲ
1641 3547 1877 3632 πονηρδν

305 3655 384 3725 τῷ
437 3657 791 3723 στρατιωτῶν
835 3657 1103 3725 ἡγεμόνι·
1139 3656 1336 3724 ἄχαρις
1361 3657 1394 3724 ἡ
1442 3654 1602 3725 χάρις
1631 3653 1746 3724 ἥδε,
1781 3652 1878 3706 καὶ

306 3743 513 3817 βλάϐην
539 3746 674 3800 οῖσει
707 3745 970 3816 μεγίστην
1000 3743 1208 3797 πολλῶν
1231 3743 1415 3797 ἕνεκα.

376 4123 551 4195 Τριχῆ
598 4120 692 4176 τοῦ
725 4121 924 4192 χρόνου
961 4119 1348 4191 μεριζομένου,
1378 4120 1458 4182 εἰς
1489 4118 1751 4188 σήμερον,
1788 4117 1880 4171 καὶ

307 4215 502 4288 αὔριον
537 4216 633 4270 καὶ
680 4208 831 4285 χθὲς.
863 4213 1016 4266 οὐδέν
1045 4229 1110 4281 γε
1158 4214 1324 4283 μέρος
1352 4210 1560 4264 τούτων
1590 4210 1879 4281 ἡμέτερον,

311 4307 656 4364 σκοπούντων
682 4306 913 4370 τάληθὲς
942 4305 1334 4374 ἀκριϐέστερον
1359 4319 1372 4336 ⁸
1401 4304 1460 4356 τὸ
1491 4305 1590 4374 μὲν
1616 4304 1726 4373 γὰρ
1753 4301 1882 4372 χθὲς

309 4400 653 4472 παρελήλυθε
677 4415 692 4430 ο
723 4399 786 4453 τὸ
807 4399 850 4453 δ’
875 4397 1068 4469 αὑριον
1095 4395 1248 4451 οὔπω
1269 4397 1461 4466 γέγονε
1487 4415 1499 4426 ·
1522 4397 1584 4450 τὸ
1613 4397 1880 4466 σήμερον,

309 4497 370 4547 ὲν
397 4489 442 4563 ᾧ
467 4493 730 4562 δοκοῦμεν
776 4491 1046 4562 ἱδρύσθαι,
1077 4494 1147 4543 τὰ
1175 4490 1272 4543 τοῦ
1312 4489 1724 4560 θαυματοποιοῦ
1754 4491 1866 4541 Δαι-

310 4587 472 4642 δάλου
505 4589 854 4656 τεχνάσματα
892 4587 972 4646 είς
1008 4583 1316 4654 ὑπερϐολὴν
1347 4585 1567 4652 ἀπάτης
1599 4582 1880 4650 ὑπερήλαο

2704 2633 2842 2690 LXI.

2052 2724 2200 2782 Velle
2236 2725 2402 2782 debes
2436 2727 2539 2784 hoc
2568 2743 2794 2799 quoque
2821 2735 2937 2782 tum
2969 2727 3084 2797 ipse
3119 2735 3402 2796 praestare,
3441 2734 3556 2780 tum

1979 2819 2232 2894 quisquis
2255 2819 2535 2892 imperare
2587 2822 2811 2890 cogitat,
2871 2829 2931 2874 ut
2963 2820 3284 2875 muneribus
3350 2820 3557 2872 urbana

1981 2916 2231 2988 quaedam
2285 2916 2660 2970 admisceatur
2739 2914 2993 2979 comitas,
3043 2913 3272 2982 ipsaque
3319 2913 3559 2979 largitio,

1981 3019 2184 3079 quanta
2214 3008 2332 3064 fieri
2373 3010 2608 3062 maxima
2644 3006 2927 3061 celeritate
2978 3016 3182 3075 potest,
3228 3006 3295 3060 ad
3352 3008 3558 3059 exitum

1982 3103 2331 3172 perducatur.
2371 3099 2563 3154 Modus
2587 3101 2790 3153 eisdem
2821 3097 3197 3161 adhibendus,
3229 3100 3322 3167 qui
3348 3098 3560 3152 viribus

1983 3195 2094 3250 tuis
2125 3193 2433 3257 conveniat,
2482 3206 2545 3244 ac
2586 3191 3023 3261 professionibus
3078 3200 3134 3244 et
3199 3191 3562 3259 qualitatibus

1985 3301 2197 3351 eorum,
2241 3285 2332 3355 qui
2389 3283 2952 3354 donum‘aceipiunt.
3017 3285 3228 3353 Quippe
3281 3284 3384 3338 nisi
3440 3285 3563 3352 quis

1984 3381 2210 3434 omnino
2245 3393 2303 3432 se
2333 3379 2471 3447 gerit.
2503 3395 2570 3432 ex
2600 3378 2814 3432 ratione
2863 3379 3068 3443 decori,
3114 3377 3206 3431 sed
3263 3378 3343 3432 vel
3379 3393 3564 3446 agres-

1984 3473 2094 3527 tius
2125 3471 2312 3536 donat,
2343 3472 2427 3525 vel
2461 3487 2583 3526 cum
2611 3481 2827 3540 tempus
2851 3471 3178 3525 imminuere
3211 3469 3424 3529 liceret,
3449 3469 3565 3539 ipse

1983 3564 2050 3618 de
2078 3562 2346 3618 industria
2375 3578 2485 3616 rem
2513 3563 2754 3616 extrahit
2791 3581 2805 3628 ;
2841 3579 2904 3616 ac
2941 3573 3116 3617 nautae
3144 3579 3336 3618 canem
3376 3563 3561 3628 offert,

1982 3656 2232 3710 venatori
2258 3670 2489 3715 remum;
2519 3655 2676 3708 militi
2701 3656 2887 3708 decem
2923 3670 3116 3724 equos,
3173 3656 3294 3708 duci
3327 3655 3561 3706 militum

1984 3745 2164 3816 exigui
2190 3745 2452 3799 momenti
2477 3746 2771 3812 equuleum
2803 3763 2816 3799 :
2845 3746 3056 3816 ingrata
3083 3747 3423 3800 scilicet'erit
3458 3747 3565 3801 ista

1985 3839 2182 3909 gratia,
2213 3837 2512 3908 multisque
2532 3838 2600 3893 de
2626 3841 2811 3893 causis
2836 3839 3228 3892 detrimentum
3265 3838 3564 3891 maximum

1986 3931 2199 3986 afferet.

2695 4023 2856 4079 LXII.

2060 4117 2252 4172 Omnia
2284 4117 2621 4186 temporibus
2656 4117 2710 4171 in
2742 4117 2845 4172 tria
2875 4116 3208 4181 distributis,
3244 4118 3297 4171 in
3336 4117 3564 4172 hodier-

1986 4226 2116 4267 num
2149 4219 2203 4264 et
2239 4211 2561 4274 crastinum,
2597 4219 2652 4264 et
2683 4210 3024 4273 hesternum,
3051 4210 3198 4263 nulla
3219 4226 3342 4279 pars
3373 4211 3567 4264 harum

1988 4313 2178 4360 nostra
2213 4311 2318 4368 est,
2373 4303 2417 4357 si
2470 4317 2658 4357 verum
2710 4303 2966 4358 subtilius
3045 4304 3250 4358 inttteri
3298 4305 3565 4360 volemus.

1989 4399 2199 4467 Quippe
2231 4405 2447 4465 tempus
2507 4396 2827 4450 hesternum
2877 4397 3188 4464 praeteriit;
3253 4397 3554 4450 crastinum

1990 4491 2219 4545 necdum
2246 4489 2503 4551 advenit;
2550 4487 2901 4550 hodiernum,
2921 4487 3272 4552 cui;videm'ur
3295 4488 3568 4551 insistere,

1992 4581 2365 4650 prodigiorum
2419 4575 2800 4647 opilicisillius
2845 4577 3042 4631 Daedali
3072 4588 3382 4631 commenta
3408 4578 3574 4631 nimi-

316 4698 426 4734 σεν.
470 4681 556 4733 Ἐν
595 4678 705 4750 γὰρ
726 4677 936 4748 ἀκαρεῖ
965 4679 1064 4747 τῆς
1097 4675 1248 4746 ὧρας
1274 4675 1613 4744 τεμνόμενον
1644 4673 1879 4743 διαρρεῖ,

1991 4687 2153 4740 opere
2173 4671 2411 4725 fallendo
2433 4677 2675 4739 superat.
2715 4669 2928 4722 Etenim
2988 4670 3254 4737 temporis
3293 4679 3572 4722 momento

317 4773 634 4843 κρατεῖσθαι
665 4770 1046 4840 νομιζόμενον,
1075 4771 1172 4820 καὶ
1202 4766 1553 4820 διολισθαίνει
1588 4765 1755 4834 πρινὴ
1785 4781 1884 4817 κα-

320 4864 420 4926 λῶς
449 4863 734 4933 νοηθῆναι.
759 4863 870 4916 Καὶ
900 4861 998 4930 μὲν
1020 4860 1084 4930 δὴ
1111 4859 1318 4930 βέλτιον
1347 4843 1698 4926 ἀπολαύομεν
1725 4855 1883 4909 ἐνίων

331 4954 687 5024 ἐλπιζομένων
721 4954 753 5022 ἢ
781 4954 918 5020 πρὸς
955 4953 1101 5022 ἡμᾶς
1146 4951 1659 5026 παραγιγνομένων,
1693 4949 1886 5016 φεύγει

321 5043 422 5112 γὰρ
462 5044 558 5114 τὴν
589 5043 869 5112 αἴσθησιν,
918 5043 1026 5114 πρὸ
1059 5040 1154 5094 τοῦ
1190 5042 1402 5095 τελέσαι
1430 5044 1498 5094 τὰ
1526 5041 1648 5093 κατ’
1677 5039 1886 5102 ἐλπίδα,

317 5136 412 5188 καὶ
441 5137 599 5187 λυπεῖ
628 5135 707 5204 τῷ
730 5135 1042 5203 ἁποπτῆναι
1067 5134 1248 5199 πλέον,
1283 5137 1316 5207 ἢ
1344 5134 1626 5205 χαρίζεται
1650 5133 1728 5202 τῷ
1761 5147 1890 5197 συγ-

316 5230 613 5296 γεγονέναι.
676 5229 895 5281 Μᾶλλον
944 5228 1002 5280 δὲ
1050 5231 1120 5282 τὰ
1173 5229 1294 5282 καθ’
1341 5231 1492 5298 ἡμᾶς
1551 5229 1784 5288 ἅπαντα,
1825 5227 1890 5296 ἦν

315 5321 559 5392 ἀκριϐῶς
612 5321 866 5393 θεωρήτῃ
925 5339 1032 5388 τις,
1097 5321 1328 5394 ὀρνίθων
1369 5323 1526 5392 δίκην
1572 5320 1890 5390 πετομένων

316 5415 464 5484 ἡμᾶς
486 5419 844 5484 παρέρχεται.
873 5415 1060 5468 Καίτοι
1085 5417 1179 5466 καὶ
1206 5417 1363 5485 ἡμεῖς
1387 5415 1525 5468 αὑτά
1547 5429 1724 5482 παρα-ι
1737 5411 1890 5481 ρέχο-

322 5521 442 5572 μεν,
468 5505 728 5574 διηνεκῶς
748 5507 893 5576 ἡμᾶς
925 5507 1360 5578 παρατρέχοντα..
1389 5508 1499 5560 Καὶ
1526 5506 1586 5558 τὸ
1617 5503 1752 5557 πολὺ
1777 5505 1890 5556 δει-

317 5599 967 5670 νότατον,λὰνεπινόητος
1009 5604 1042 5670 ή
1089 5601 1398 5671 διόρθωσις.
1428 5600 1596 5670 Νόμῳ
1635 5600 1742 5668 γὰρ
1783 5595 1886 5665 φύ-

319 5707 457 5755 σεως
485 5691 752 5761 γίγνεται.
785 5694 921 5748 Σκιά
949 5693 1018 5747 τὰ
1046 5695 1197 5764 τῇδε,
1234 5693 1390 5765 ὄναρ,
1426 5693 1650 5758 καπνὸς,
1680 5691 1890 5762 ἀπάτη.

1994 4770 2261 4817 resectum
2280 4761 2493 4825 difﬂuit,
2511 4776 2634 4814 cum
2659 4759 2829 4813 teneri
2849 4767 3091 4829 putetur,
3115 4775 3178 4813 ac
3215 4763 3384 4830 prius,
3406 4777 3570 4828 quam

1992 4865 2138 4910 recte
2175 4855 2524 4924 percipiatur.
2546 4854 2828 4908 dilabitur.
2851 4853 2992 4918 Quin
3017 4854 3178 4906 etiam
3216 4853 3408 4907 melius
3441 4867 3602 4907 non-'

1989 4948 2154 5002 nullis
2181 4950 2234 5000 in
2259 4963 2355 5015 spe
2387 4948 2579 5015 positis
2625 4945 2882 5006 fruimur,
2909 4959 3074 5012 quam
3123 4943 3212 4996 ubi
3237 4947 3464 5011 propius
3505 4945 3573 4998 ad

1990 5057 2088 5097 nos
2110 5041 2399 5095 accedunt.
2418 5039 2555 5093 Nam
2578 5049 2795 5107 Sperata
2815 5039 2986 5107 prius,
3003 5052 3166 5106 quam
3194 5038 3570 5106 perﬁciantur,

1989 5145 2210 5186 sensum
2229 5132 2510 5201 effugiunt,
2531 5131 2760 5198 plusque
2779 5130 3046 5181 molestiae
3069 5136 3256 5180 creant
3281 5129 3574 5192 avolando,

1997 5239 2160 5292 quam
2191 5223 2422 5291 jueundi
2470 5237 2694 5277 accessu
2741 5236 2844 5274 suo
2902 5221 3230 5290 largiantur.
3268 5219 3364 5275 Vel
3393 5223 3578 5291 potius

1996 5317 2181 5370 omnia
2221 5326 2430 5380 nostra,
2464 5314 2512 5368 si
2559 5314 2684 5381 quis
2714 5322 2971 5367 accurate
3002 5313 3338 5380 consideret,
3393 5317 3569 5370 instar

1997 5413 2180 5466 avium
2243 5409 2551 5463 volantium
2600 5422 2700 5462 nos
2763 5390 3119 5476 praetereunt.
3168 5405 3422 5462 Vicissim
3477 5421 3580 5462 nos

2000 5518 2064 5559 ea
2097 5517 2337 5572 quoque,
2383 5508 2647 5570 perpetuo
2688 5515 2852 5555 cursu
2904 5503 3312 5570 praetereunda,
3354 5511 3576 5570 praeter-

2001 5597 2271 5650 veliimur.
2314 5594 2468 5660 Quod
2517 5594 2753 5663 denique
2797 5593 3186 5662 gravissimum
3228 5590 3575 5658 est,excogi-

2000 5689 2104 5743 tari
2139 5689 2351 5741 nullum
2389 5695 2568 5756 potest
2610 5685 2916 5739 remedium
2955 5702 2969 5752 ;
3006 5700 3130 5738 nam
3181 5684 3297 5737 haec
3330 5683 3404 5735 ita
3459 5680 3576 5750 lege

1997 5790 2208 5835 naturae
2235 5780 2516 5834 accidunt.
2563 5777 2835 5831 Nimirum
2872 5779 2998 5832 vita:
3029 5778 3193 5846 hujus
3244 5789 3333 5830 res
3381 5772 3575 5827 umbra

1998 5882 2142 5936 sunt,
2169 5874 2472 5938 somnium,
2517 5871 2727 5938 fumus,
2768 5872 3097 5939 impostura.
