3958 6426
346 375 454 441 359

1054 487 1240 545 LXIII.

419 582 636 651 Qumvis
656 581 964 639 substantia
997 582 1140 645 ﬂuxa
1173 598 1330 639 suum
1365 583 1435 638 ad
1468 585 1629 638 linem
1650 595 1929 654 properat.

352 675 638 732 Consimili
668 692 837 732 cursu
870 692 962 731 res
997 677 1164 746 hujus
1192 685 1421 731 terrenae
1470 678 1592 731 vitae
1626 676 1882 731 feruntur
1916 695 1931 743 ;

344 766 547 837 quippe
566 768 718 823 nulla
750 768 805 822 in
844 769 926 824 eis
954 770 1139 839 quies,
1173 769 1387 822 nullum
1409 783 1601 836 reapse
1621 768 1935 824 subsistens

343 859 575 927 bonum,
612 861 765 916 nulla
790 863 1154 931 perpetuitas.
1188 859 1600 930 Complures-in
1647 861 1731 916 his
1763 862 1936 917 turba:

344 963 495 1019 sunt,
527 955 697 1010 variis
726 955 893 1009 vitam
953 954 1126 1011 mdiis
1166 954 1420 1023 implent,
1464 968 1679 1021 nosque
1713 963 1941 1023 praeter-

350 1055 551 1101 euntes
594 1039 951 1118 praetereunt.
999 1045 1156 1112 Quod
1192 1044 1355 1099 sicui
1385 1045 1512 1113 quid
1553 1044 1745 1101 offerat
1797 1058 1939 1107 sese,

345 1138 491 1206 quod
522 1136 1030 1206 paullojueundius
1069 1151 1193 1191 esse
1220 1137 1496 1197 videatur.
1535 1135 1623 1191 vix
1683 1135 1943 1192 salutatis

346 1228 509 1299 quasi
541 1229 698 1283 nobis
738 1227 1014 1296 abscedit,
1076 1226 1544 1296 quemadmodum
1602 1225 1720 1281 ﬁeri
1775 1226 1941 1293 solet,

246 1394 249 1397 γ
345 1336 472 1375 cum
497 1321 656 1390 equis
678 1320 819 1375 vecti
851 1333 1110 1377 cursores
1135 1328 1437 1375 occurrunt
1463 1318 1696 1373 invicem
1722 1318 1853 1381 sibi,
1872 1319 1942 1373 de

345 1411 597 1479 partibus
619 1411 885 1469 estremis
901 1412 1125 1485 adfalias
1141 1411 1270 1466 item
1291 1421 1569 1466 extremas
1586 1409 1766 1464 nuntii
1812 1408 1942 1476 quid

1500 369 1905 435 MANUELIS
1937 372 2083 436 PAL
2100 374 2389 437 IEOLOGI

1964 496 2015 553 Α

3510 381 3617 450 360

2778 492 2894 553 ΞΓ.

2120 589 2187 641 Ἥ
2209 573 2478 659 ἐπίκηρος
2501 588 2662 642 οὐσία
2693 590 2775 653 είς
2820 589 2882 643 τὺ
2934 589 3069 644 ίδιον
3122 591 3406 660 ἐπείγεται
3450 594 3626 658 τέλος.

2049 681 2212 734 Ἀλλὰ
2232 684 2326 736 καὶ
2355 681 2452 735 τοῦ
2485 684 2610 753 τῇδε
2643 682 2760 753 βίου
2795 683 2866 736 τά
2890 684 3196 754 πράγματα
3226 684 3322 739 τοῦ
3352 688 3470 741 τσου
3505 688 3628 742 τού-

2039 792 2153 838 τοις
2194 774 2378 845 ἔχεται
2415 774 2643 846 δρόμου.
2689 777 2766 830 Οὐ
2816 777 3009 840 στάσις
3059 778 3171 847 γὰρ
3227 780 3413 842 αὐτοῖς
3457 783 3625 846 ἐστιν,

2040 868 2142 922 οὐκ
2162 869 2370 936 ἀγαθὸν
2416 868 2810 935 ὲνυπόστατον,
2841 869 2903 921 οὺ
2955 869 3213 940 διαμονή.
3260 870 3456 924 Πολλαὶ
3528 871 3627 939 μὲν

2041 959 2249 1012 τούτων
2275 962 2617 1032 αίταραχαὶ,
2671 962 2767 1015 καὶ
2817 961 3024 1031 πολ-λῆς
3090 965 3221 1035 ήμῖν
3280 963 3628 1031 ἐμπιπλῶσιν

2043 1051 2235 1123 ἀηδίας
2259 1053 2352 1105 τὸν
2385 1052 2520 1122 βίον,
2579 1053 2672 1107 καὶ
2726 1053 3177 1125 παρερχομένους
3211 1055 3360 1124 ἡμᾶς
3417 1055 3628 1126 παρέρο

2043 1161 2224 1214 χεται.
2261 1145 2382 1199 Κᾶν
2412 1146 2613 1217 ἐντύχῃ
2642 1145 2729 1210 τίς
2759 1164 2868 1200 τινι
2923 1146 3032 1200 τῶν
3104 1149 3488 1217 χρηστοτέρων
3543 1147 3631 1200 δο-

2034 1238 2309 1304 ⁸κούντων,
2338 1239 2605 1310 ἀμηγέπη
2657 1239 2974 1310 προσειπὼν
3006 1239 3433 1303 ἀπαλλάττεται,
3481 1238 3541 1297 δν
3568 1238 3632 1309 δὴ

2046 1333 2247 1403 τρόπον
2277 1334 2550 1401 γίγνεται,
2591 1333 2814 1388 ἐπειδάν
2839 1350 2944 1393 που
3001 1334 3414 1405 συναντήσωσιν
3465 1331 3634 1400 ἀλλή-

2047 1423 2165 1485 λοις
2213 1423 2447 1494 ἔφιπποι
2476 1443 2624 1490 τινες
2649 1427 2893 1501 δρομεῖς,
2924 1425 3036 1483 ἀπὸ
3067 1426 3358 1497 τερμάτων
3383 1427 3464 1489 είς
3512 1427 3636 1496 τέρ-

347 1505 474 1559 ιιονί
500 1503 855 1573 perferentes,
895 1506 1010 1572 neci
1027 1501 1279 1572 impediri
1315 1517 1373 1557 se
1389 1504 1654 1557 sinentes.
1676 1501 1826 1555 Adeo
1840 1500 1940 1554 vile

2053 1531 2201 1584 ματα
2247 1516 2509 1583 ἀγγελίαν
2536 1516 2601 1588 δή
2637 1500 2763 1570 τινα
2793 1515 3133 1587 κομίζοντες,
3173 1515 3277 1568 οὐκ
3320 1510 3635 1584 ἀνεχομένω

348 1597 554 1653 bonum
572 1606 659 1652 est
682 1611 956 1653 occursus
989 1611 1206 1661 eorum,
1238 1610 1360 1663 quae
1381 1594 1542 1653 nobis
1569 1609 1690 1648 esse
1708 1593 1848 1647 bOua
1865 1592 1940 1647 vi-

2052 1606 2407 1678 βραδυτῆτος.
2433 1608 2593 1664 Οὕτω
2620 1608 2826 1681 φαῦλον
2872 1609 3079 1678 ἀγαθὸν
3106 1611 3140 1685 ἡ
3182 1608 3294 1662 τῶν
3328 1607 3635 1665 δοκούντων

346 1685 731 1745 dentur.Unde
749 1687 1009 1758 colligere
1023 1696 1130 1755 est,
1149 1703 1272 1759 qua
1287 1686 1434 1743 ortui
1459 1687 1705 1755 subjecta
1727 1694 1877 1750 sunt,
1893 1694 1940 1740 et

2051 1699 2275 1768 ἀγαθῶν
2322 1703 2457 1771 ἡμῖν
2490 1692 2772 1774 συντυχία.
2815 1702 3100 1771 Λογίσαιτ’
3128 1700 3195 1755 ἄν
3239 1719 3323 1765 τις
3356 1699 3629 1760 ἐντεῦθεν.

348 1781 620 1845 interitui,
652 1794 796 1836 verae
822 1795 888 1834 ac
912 1780 1157 1855 immotae
1186 1780 1313 1834 vitai
1346 1779 1626 1835 desiderio
1645 1786 1826 1851 urgeri
1878 1779 1940 1834 ad

2052 1792 2129 1854 ὡς
2155 1794 2264 1864 ἀρα
2301 1794 2399 1861 τῆς
2433 1794 2700 1865 ἀληθινῆς
2725 1795 2822 1849 καὶ
2863 1796 3126 1866 ἀκινήτου
3175 1793 3324 1864 ζωῆς
3371 1791 3634 1862 ἐφιέμενα

347 1868 701 1927 eximendum
748 1883 874 1925 sese
910 1870 979 1929 de
1035 1870 1202 1925 rebus
1238 1869 1360 1925 istis
1423 1867 1733 1938 fallacibus,
1791 1870 1940 1940 quod

2051 1884 2112 1938 τὰ
2142 1886 2359 1953 γενέσει
2413 1864 2723 1958 καῖφθορᾷ
2771 1864 3131 1958 ὑποκείμενα,
3178 1885 3278 1958 τὴν
3311 1885 3632 1959 ἀπαλλαγὴν

347 1962 433 2030 agi
465 1976 524 2016 se
544 1961 828 2030 perpetuis
862 1962 1150 2019 erroribus
1184 1962 1416 2032 indigne
1451 1961 1654 2017 lerant.

1026 2138 1191 2195 LXIV
1210 2179 1228 2199 .

416 2228 559 2287 Vere
593 2233 729 2289 nihil
757 2240 863 2296 est,
892 2233 1054 2303 cujus
1086 2241 1166 2293 tta
1197 2249 1427 2304 parcum
1465 2251 1591 2293 esse
1621 2253 1720 2307 par
1751 2236 1822 2293 sit
1843 2237 1943 2292 bo-

345 2327 551 2379 minem
587 2338 755 2395 utque
813 2342 882 2382 ne
915 2329 1179 2393 temporis
1226 2329 1506 2395 jactur-am
1548 2330 1735 2384 faciat.
1794 2328 1940 2398 Opes

342 2421 516 2482 enim,
551 2429 605 2474 et
632 2420 809 2491 gloria
837 2428 894 2479 et
908 2435 1161 2489 regnum,
1182 2421 1405 2491 aliaque
1442 2421 1598 2489 talia,
1623 2422 1938 2491 recuperari

343 2513 548 2566 aruissa
583 2520 840 2581 possunt,
874 2522 929 2566 et
961 2512 1212 2567 auctiora
1251 2514 1472 2585 quidem
1497 2514 1709 2585 acquiri
1731 2515 1937 2578 denuo,

346 2604 563 2657 tametsi
592 2620 699 2657 non
724 2605 922 2678 exigua
953 2603 1248 2666 difﬁcultas
1279 2606 1600 2678 objiciatur.
1623 2606 1693 2662 At
1726 2616 1940 2678 tempo-

346 2680 427 2750 ris
453 2694 666 2764 aliquid
690 2697 959 2753 amissum
992 2696 1229 2765 reperiri
1260 2698 1504 2765 amplius
1524 2698 1739 2769 nequit.
1777 2698 1936 2753 Sem-

354 2804 453 2859 per
484 2792 631 2843 enim
666 2788 807 2853 ﬂuit.
836 2791 1009 2847 instar
1030 2791 1246 2856 annnis;
1279 2791 1538 2862 quodque
1569 2806 1674 2849 nos
1700 2801 1930 2861 printer-

345 2882 429 2947 iit,
474 2880 690 2950 longius
733 2880 1015 2947 abscedit;
1065 2882 1215 2952 quod
1277 2884 1420 2939 idem
1448 2885 1703 2951 usuveuit
1733 2894 1788 2939 et
1812 2885 1940 2946 vita

345 2973 696 3028 mortalium.
735 2971 881 3029 Sunt
903 2973 1175 3031 nimirum
1213 2975 1315 3030 ista
1347 2977 1456 3031 duo
1478 2975 1679 3035 similia
1714 2978 1841 3033 navi
1883 2987 1940 3039 et

344 3066 508 3120 undis
540 3081 557 3131 ;
590 3067 674 3122 his
704 3064 774 3121 ad
810 3065 1044 3121 declivia
1081 3066 1499 3131 delabentibus.
1520 3071 1598 3125 illi
1654 3070 1791 3126 velis
1838 3072 1940 3127 ad-

341 3172 542 3214 versus
620 3172 838 3221 amnem
927 3158 1125 3215 nitenti
1180 3176 1194 3213 :
1257 3173 1490 3228 quorum
1548 3169 1610 3216 ut
1670 3162 1939 3219 occursus

343 3249 514 3313 celer,
545 3247 620 3303 ita
677 3247 921 3303 celerior
975 3248 1542 3318 digressio;‘rursus
1575 3253 1798 3322 quidem
1859 3255 1939 3309 uti

343 3349 547 3396 coeant
583 3379 600 3404 ,
632 3341 749 3397 lieri
782 3355 897 3396 non
929 3351 1131 3410 potest.
1160 3344 1292 3409 Quae
1322 3359 1449 3401 cum
1482 3346 1555 3402 ita
1591 3347 1727 3411 sint,
1765 3347 1936 3416 quasi

342 3432 703 3488 derivandum
725 3443 808 3487 est
833 3441 1049 3504 tempus
1065 3435 1134 3489 ad
1171 3435 1376 3495 cultum
1406 3436 1608 3492 indolis
1632 3450 1800 3509 atque
1825 3455 1944 3496 mo-

344 3540 494 3588 rum,
523 3540 592 3577 ne
643 3528 868 3580 omnino
904 3528 1345 3598 pra'terlapsuni,
1406 3545 1601 3587 rursus
1649 3532 1718 3588 ad
1779 3548 1940 3590 usum

344 3629 599 3677 nostrum
637 3636 749 3677 non
787 3633 1121 3683 revertatur.
1240 3674 1261 3695 χ

1052 3713 1193 3775 LXV

424 3806 498 3859 Ad
525 3820 629 3865 nos
660 3805 714 3860 in
742 3806 939 3877 primis
962 3810 1245 3877 pertinere
1272 3823 1438 3879 supra
1470 3812 1730 3868 mortales
1759 3822 1939 3870 caete-

344 3914 437 3953 ros
469 3900 837 3966 existimabis,
878 3909 938 3954 ut
986 3911 1224 3971 tempus,
1279 3903 1428 3972 quod
1459 3904 1651 3960 redimi
1704 3910 1942 3978 pecunia

347 3991 562 4064 uetuit,
595 4006 695 4046 nec
727 3992 1008 4047 laboribus
1045 3995 1372 4062 acqmritur,
1398 4011 1498 4050 nec
1523 3999 1764 4053 amicitia
1791 4015 1944 4055 cum-

345 4090 632 4152 pensatur,
698 4084 832 4139 nulli
884 4082 965 4140 rei
1019 4099 1445 4153 supervacanea
1513 4087 1933 4155 impendamus:

345 4175 441 4235 sed
475 4176 780 4232 secundum
820 4176 1086 4246 quietem.
1119 4187 1176 4236 et
1217 4179 1428 4240 cibum.
1466 4189 1521 4235 et
1554 4182 1765 4251 absque
1816 4182 1944 4252 qui-

346 4266 451 4321 bus
479 4268 616 4321 bene
650 4265 816 4322 nobis
842 4281 966 4323 esse
994 4270 1220 4338 nequit;
1263 4280 1431 4339 atque
1462 4281 1590 4327 ante
1611 4272 1822 4336 ouinia,
1855 4290 1940 4330 se-

345 4356 592 4411 cundum
647 4356 1016 4425 expiationem
1074 4359 1345 4424 numinis,
1377 4363 1723 4430 publicorum
1777 4380 1945 4435 nego.

348 4450 549 4503 tim-um
585 4450 980 4520 procuratioui.
1015 4451 1174 4518 Quod
1224 4453 1271 4508 si
1331 4454 1464 4524 quid
1515 4466 1725 4527 urgeat,
1776 4459 1942 4513 etiam

2044 1978 2361 2032 ὲπισπεύδει
2389 1979 2497 2034 τῶν
2525 1980 2928 2044 ἐξαπατώντων
2959 1980 3329 2053 πραγμάτων,
3363 1980 3631 2053 μυσαττὸ⁴

2045 2083 2183 2136 μενα
2212 2069 2275 2119 τὸ
2306 2066 2536 2131 πλάναις
2566 2068 2657 2120 ἀεὶ
2682 2068 2883 2137 δήποτε
2917 2067 3203 2139 φέρεσθαι.

2775 2158 2891 2214 ΞΝ.

2117 2250 2314 2345 Σαφῶς
2355 2251 2457 2345 οὐκ
2506 2252 2658 2345 ἐστιν
2684 2255 2860 2316 οὐδὲν,
2893 2253 3022 2324 οὖγε
3051 2214 3328 2323 φείδεσθαι
3354 2254 3634 2345 προσῆκεν

2002 2416 2007 2419 μ
2042 2342 2324 2412 ἀνδράσιν,
2355 2344 2480 2415 ὡςή
2508 2344 2604 2398 τοῦ
2636 2345 2831 2416 χρόνου
2853 2345 3046 2416 ζημία.
3071 2346 3350 2417 Χρήματα
3373 2342 3475 2414 μὲν
3498 2347 3632 2415 γὰρ,

2040 2440 2135 2489 καὶ
2165 2436 2344 2503 δόξαν,
2381 2441 2475 2492 καὶ
2504 2437 2718 2507 θρόνον.
2752 2441 2845 2493 καὶ
2872 2440 2943 2494 τά
2973 2439 3225 2507 τοιαῦτα,
3250 2442 3457 2493 ἔνεστιν
3488 2442 3631 2493 ἀπο-

2041 2528 2277 2583 δαλόντα
2299 2530 2764 2597 ἀνακαλέσασθαι,
2791 2534 2888 2588 καὶ
2916 2533 3056 2603 μετά
3086 2533 3403 2604 προσθήκης
3429 2535 3636 2586 ἐπανα-

2042 2621 2373 2695 κτήσασθαι,
2417 2625 2466 2676 εί
2497 2624 2590 2677 καὶ
2641 2624 2717 2696 μὴ
2759 2625 2904 2678 πάνυ
2960 2625 3145 2698 ῥᾴδιον
3171 2645 3186 2659 ·
3220 2626 3417 2696 χρόνου
3479 2625 3538 2680 δέ
3574 2642 3631 2678 τι

2042 2715 2308 2787 παρεθὲν,
2347 2719 2449 2770 οὐκ
2471 2716 2550 2771 ἔνι
2604 2718 2770 2771 πάλιν
2808 2719 3013 2788 εὑρεῖν.
3062 2716 3174 2772 Ῥεῖ
3193 2719 3302 2789 γὰρ
3350 2718 3438 2773 ἀεὶ
3465 2735 3635 2771 ποτα-

2045 2810 2216 2881 μηδόν
2237 2824 2253 2840 ⁶
2288 2810 2388 2864 καὶ
2416 2811 2478 2863 τὸ
2506 2810 2779 2882 παρελθὸν
2826 2812 2975 2882 ἡμᾶς
3022 2812 3354 2883 πορρωτέρω
3395 2812 3627 2880 γίνεται.

2055 2903 2213 2958 Ἐπεὶ
2262 2903 2359 2957 καὶ
2387 2905 2422 2975 ἡ
2453 2903 2668 2976 θνητῶν
2702 2905 2814 2976 ζωὴ
2852 2906 3047 2961 ταυτὸν
3077 2904 3269 2972 ἐκείνῳ
3320 2905 3485 2959 ποιεί.
3518 2903 3633 2958 Καὶ

2042 2997 2288 3052 ἐοίκασιν
2321 2997 2511 3054 ὁλκάδι
2547 2999 2645 3053 καὶ
2700 2998 2867 3071 ῥοθίῳ
2896 3014 2914 3030 ·
2955 3001 3035 3070 τῷ
3080 2999 3201 3069 μὲν,
3225 2999 3307 3062 είς
3332 2998 3394 3051 τὺ
3426 2996 3633 3067 πρανὲς

2042 3088 2425 3161 καταρῤἕοντι,
2456 3092 2523 3164 τῇ
2550 3089 2630 3153 δὲ,
2660 3090 2851 3154 ἱστίοις
2902 3090 3278 3162 ἀνατρεχούσῃ
3329 3087 3390 3142 τὸ
3431 3085 3631 3158 ῥεῦμα.

2043 3176 2139 3244 Οἷς
2172 3184 2367 3251 ταχεῖα
2409 3183 2510 3251 μὲν
2548 3184 2581 3252 ἡ
2626 3183 2954 3251 συνάντησις
2987 3183 3191 3252 γένοιτ’
3220 3182 3308 3243 ἂν,
3353 3181 3634 3249 ταχυτέρα

2045 3271 2103 3325 δὲ
2137 3272 2169 3342 ἡ
2200 3271 2504 3335 διάστασις.
2532 3271 2644 3325 Καὶ
2672 3271 2734 3326 τὸ
2762 3272 2927 3325 πάλιν
2962 3270 3239 3325 συνελθεῖν
3267 3270 3328 3323 οὐ
3357 3269 3467 3323 τῶν
3514 3271 3637 3337 ἐφι-

2047 3364 2216 3422 κτῶν.
2251 3364 2384 3420 Ὅτε
2414 3365 2599 3419 τοίνυν
2623 3360 2800 3428 οὕτως
2827 3366 2962 3435 ἔχει,
2991 3363 3098 3440 χρὴ
3136 3362 3511 3435 μετοχετεύειν
3539 3365 3635 3415 τὸν

2046 3459 2242 3530 χρόνον
2266 3459 2351 3523 είς
2394 3458 2492 3529 τὴν
2520 3458 2633 3512 τῶν
2658 3458 2806 3528 ὴθῶν
2840 3459 3161 3529 ἐπιμέλειαν
3182 3474 3198 3488 ³
3237 3456 3326 3511 ἵνα
3360 3454 3436 3527 μὴ
3492 3456 3633 3508 πάν-
3728 3465 3755 3483 '-

2045 3566 2157 3612 τως
2188 3550 2558 3621 παραρῤυεὶς,
2610 3549 2712 3603 οὐκ
2764 3547 3088 3621 ἀναστρέψῃ
3118 3546 3282 3602 πάλιν
3322 3548 3455 3616 ἡμῖν
3494 3544 3635 3614 πρὸς

2046 3642 2313 3716 ἐργασίαν
2340 3644 2675 3714 καὶχρῆσιν.

2781 3733 2901 3789 EE’.

2130 3828 2194 3882 'H
2205 3830 2300 3897 μῖν
2320 3826 2459 3896 ἡγοῦ
2481 3829 2787 3899 προσήκειν
2808 3828 3044 3899 μάλιστα
3079 3826 3299 3881 πάντων
3327 3822 3634 3894 ἀνθρώπων

2047 3922 2365 3978 ἀναλίσκειν
2387 3923 2482 3975 τὸν
2512 3920 2725 3990 καιρὸν,
2757 3918 2814 3983 ὃς
2840 3920 2903 3973 οὐ
2927 3918 3230 3990 χρημάτων
3257 3916 3486 3986 ὠνητὸς,
3512 3915 3633 3966 οὐδὲ

2047 4017 2233 4079 πόνοις
2255 4032 2319 4084 γε
2359 4013 2580 4086 κτητὸς,
2619 4013 2745 4067 οὐδὲ
2791 4013 2998 4083 φιλίαις
3031 4011 3452 4074 ἁντιδιδόμενος,
3496 4008 3634 4077 πρὸς

2048 4105 2163 4159 οὐδ’
2186 4105 2369 4160 ὁτιοῦν
2399 4105 2679 4178 περιττὸν,
2708 4103 2845 4159 ἀλλά
2872 4104 2992 4173 μεθ’
3030 4101 3256 4166 ὕπνους,
3280 4105 3374 4155 καὶ
3400 4105 3633 4169 τροφήν,

2048 4202 2142 4253 καὶ
2172 4194 2249 4253 ὧν
2274 4200 2444 4269 χωρὶς
2480 4200 2581 4252 οὐκ
2618 4199 2770 4251 ἔστιν
2788 4197 2853 4251 εὖ
2875 4197 3041 4268 ἔχειν,
3074 4196 3170 4251 καὶ
3190 4196 3298 4267 πρό
3314 4198 3378 4262 γε
3413 4193 3636 4248 πάντων

2047 4290 2149 4362 τὴν
2182 4292 2263 4354 είς
2291 4290 2353 4343 τὸ
2375 4290 2517 4344 θεῖον
2540 4290 2863 4359 ἀφοσίωσιν,
2897 4292 2979 4354 είς
3007 4289 3107 4353 τὴν
3132 4288 3243 4341 τῶν
3272 4287 3470 4340 κοινῶν
3505 4286 3634 4339 ἑπι-

2052 4384 2295 4453 μέλειαν.
2314 4383 2415 4436 Ἦν
2436 4382 2491 4436 δὲ
2511 4383 2820 4456 κατεπείγῃ
2843 4401 2914 4448 τι,
2941 4379 3301 4452 ὑπεροράσθω
3332 4378 3426 4431 καὶ
3449 4377 3633 4447 σῶμα.

2051 4474 2125 4528 Εὖ
2157 4474 2203 4528 δ’
2248 4474 2315 4529 ἀν
2351 4491 2435 4528 σοι
2467 4476 2622 4546 σχοίη
2669 4475 2738 4529 τά
2768 4475 2922 4528 κοινά
2975 4473 3301 4544 πράγματα,
3356 4472 3453 4523 καὶ
3511 4469 3636 4541 μεθ’

348 4559 552 4615 corpus
582 4543 912 4615 negligatur.
945 4543 1239 4603 Habebunt
1293 4559 1477 4603 autem
1538 4549 1678 4605 belle
1728 4551 1940 4621 publica

2052 4569 2292 4638 ἡμέραν,
2328 4570 2428 4623 κοιλ⁵
2473 4543 2696 4641 νύκτωρ
2727 4569 2859 4638 περὶ
2884 4543 3092 4622 τούτων
3143 4564 3636 4637 φροντίζοντι,.καὶ
3668 4590 3677 4595 ε

366 4636 463 4689 tibi
503 4637 747 4705 negotia,
804 4638 848 4691 si
881 4648 935 4693 et
965 4637 1205 4696 interdiu
1243 4649 1296 4697 et
1332 4651 1494 4697 noctu
1534 4643 1601 4698 de
1625 4644 1713 4701 his
1741 4647 1945 4702 sollici-

349 4733 439 4779 tus
475 4726 670 4794 lueris,
708 4728 981 4798 bonisque
1007 4731 1141 4786 viris
1186 4732 1361 4788 libere
1389 4746 1570 4791 tecum
1607 4739 1801 4806 agendi
1851 4754 1942 4809 po-

351 4827 611 4873 testatem
638 4821 860 4881 feceris.
896 4821 1041 4888 Quin
1067 4825 1237 4879 etiam
1270 4825 1381 4893 tibi
1395 4829 1690 4896 plurimum
1724 4832 1948 4889 auium-

349 4926 456 4977 que
492 4920 597 4966 tua:
624 4912 978 4983 publicisque
1010 4916 1357 4986 privatisque
1382 4918 1727 4990 singulorum
1782 4927 1947 4979 rebus

348 5003 622 5071 expediet,
658 5004 703 5057 si
734 5017 1007 5072 oppresso
1035 5005 1086 5061 vi
1109 5005 1346 5074 alicujus
1374 5009 1623 5078 pauperi,
1651 5011 1838 5068 aditus
1878 5015 1948 5069 ad

354 5099 427 5159 te,
461 5095 684 5154 nemine
717 5095 1068 5164 prohibente,
1112 5106 1316 5167 pateat.

623 5189 643 5205 ‘
1039 5186 1228 5245 LXVI.

422 5275 621 5349 Liquet
649 5293 800 5345 eum,
822 5280 920 5350 qui
952 5296 1081 5337 cum
1118 5283 1348 5352 imperio
1376 5284 1691 5344 nationibus
1716 5299 1939 5359 praeest,

353 5388 464 5427 non
517 5373 717 5431 debere
750 5390 860 5433 non
899 5376 1237 5435 incrementa
1264 5393 1473 5445 rerum,
1509 5397 1632 5451 qua:
1667 5385 1745 5450 in_
1773 5385 1951 5439 mani-

354 5464 456 5521 bus
495 5477 648 5529 sunt,
677 5481 945 5537 quaerere,
971 5484 1098 5524 eum
1134 5471 1182 5527 is
1196 5478 1433 5528 conatus
1470 5473 1618 5543 justa
1650 5479 1947 5546 reprehen-

354 5558 510 5614 sione
529 5570 701 5617 caret.
736 5559 1009 5617 Nimirum
1043 5572 1096 5618 et
1110 5564 1212 5651 iis,
1257 5581 1380 5635 qua:
1402 5569 1624 5634 adsunt,
1654 5582 1947 5629 contentus

354 5667 477 5709 esse
510 5653 695 5719 debet,
728 5663 783 5709 et
812 5669 874 5709 ea
907 5657 1215 5726 suscipere,
1248 5675 1344 5730 per
1370 5677 1494 5731 quae
1547 5662 1709 5717 bonis
1760 5670 1947 5719 omni-

355 5744 459 5802 bus
480 5747 745 5816 potiatur.
776 5748 973 5804 Iisdem
993 5753 1218 5820 potitus,
1246 5754 1538 5824 supercilia
1566 5756 1760 5811 tollere
1784 5760 1942 5815 nolit.

359 5833 457 5892 Sin
481 5838 622 5895 irriti
655 5850 886 5898 conatus
913 5840 1139 5913 fuerint,
1181 5846 1273 5902 det
1301 5861 1550 5918 operam,
1588 5856 1649 5903 ut
1694 5863 1724 5903 a
1754 5849 1946 5905 dolore

2050 4664 2160 4722 τοῖς
2193 4659 2421 4729 ἀγαθοῖς
2443 4660 2666 4730 ἀνδράσι
2690 4660 2888 4714 διδόντι
2936 4661 3090 4730 παρὰ
3125 4661 3228 4712 eo"!
3243 4659 3638 4727 προσηκόντως

2034 4750 2555 4822 παρρησιάζεσθαι.
2616 4753 2806 4816 Ὅπως
2835 4752 2891 4804 δὲ
2945 4752 3040 4805 καὶ
3097 4754 3310 4820 πένητα
3370 4749 3475 4802 ὑπό
3533 4764 3630 4800 του

2050 4842 2374 4913 πιεζόμενον
2434 4845 2622 4914 μηδεὶς
2678 4844 2898 4914 κωλύσῃ
2931 4844 3014 4897 σοὶ
3059 4841 3369 4912 προελθεῖν,
3422 4839 3634 4907 σφόδρα

2049 4933 2213 4988 τοῦτο
2234 4933 2518 5004 ὠφέλιμον
2548 4936 2653 4995 ,σοί
2698 4933 2915 4999 τε,,καὶ
2947 4935 3014 5004 τῇ
3055 4936 3122 5003 σῇ
3147 4933 3316 5002 ψυχῇ,
3377 4932 3473 4984 καὶ
3516 4933 3635 4993 τοῖς

2049 5028 2276 5092 κοινοῖς,
2315 5029 2410 5080 καὶ
2443 5027 2556 5090 τοῖς
2588 5027 2931 5081 κχθέκαστον
2964 5026 3310 5095 πράγμασιν.

2759 5202 2896 5270 Ξςν.
3356 5248 3359 5251 .

2123 5297 2200 5349 Ού
2227 5296 2311 5351 δεῖ
2334 5294 2396 5349 ab
2434 5294 2801 5366 ἐξηγούμενον
2833 5296 3002 5350 ἐθνῶν
3061 5296 3136 5367 μὴ
3165 5296 3349 5366 ζητεῖν
3388 5294 3637 5348 ἐπίδοσιν

2050 5389 2159 5441 τῶν
2182 5389 2285 5442 ὀινά
2322 5392 2512 5460 χεῖρας
2551 5389 2915 5458 πραγμάτων,
2950 5389 3171 5441 ἐπειδὰν
3195 5389 3295 5441 οὐκ
3331 5387 3444 5458 ἔχει
3488 5388 3630 5456 μέμ-
3694 5436 3705 5439 -

2049 5483 2144 5553 ψιν
2174 5482 2397 5551 εῠ>.ογον
2419 5483 2483 5535 τὸ
2510 5482 2715 5552 ζητεῖν.
2745 5483 2866 5554 Χρὴ
2895 5484 2953 5536 δὲ
2983 5484 3207 5554 ἀγαπᾷν
3234 5485 3346 5544 τοῖς
3371 5482 3511 5547 οὖσι,
3534 5483 3638 5535 καὶ⁵

2053 5577 2251 5639 ποιεῖν,
2288 5574 2357 5626 δι’
2383 5567 2458 5627 ὧν
2522 5572 2785 5641 μειζόνων
2838 5566 3189 5635 ἐπιτεύξεται
3246 5570 3428 5624 καλῶν
3454 5587 3471 5603 ⁸
3538 5570 3638 5622 καὶ

2052 5665 2289 5731 τυχόντα
2322 5660 2422 5730 μὲν
2446 5661 2648 5726 αὐτῶν,
2675 5662 2749 5730 μὴ
2771 5659 2948 5714 θέλειν
2974 5662 3161 5735 αῐρειν
3183 5660 3356 5731 ὀφρύν
3377 5673 3394 5689 ⁸
3423 5661 3641 5713 ἀποτυ-

2053 5755 2218 5824 χόντα
2249 5753 2305 5805 δὲ
2326 5752 2436 5805 τῶν
2467 5753 2909 5824 ἐγχειρημάτων,
2946 5753 3245 5821 πειρᾶσθαι
3271 5753 3443 5819 λύπης
3477 5750 3640 5803 ἐλεύο

2055 5848 2213 5914 θερον
2244 5841 2409 5910 εἶναι,
2439 5845 2558 5916 Θεῷ
2610 5846 2672 5898 τὸ
2724 5846 2835 5898 πᾶν
2893 5845 3270 5915 λογιζόμενον,
3322 5837 3364 5912 ᾧ
3400 5841 3525 5913 μηδ’
3568 5842 3639 5895 ἂν

3568 6415 3594 6420 θ
3668 6416 3708 6424 τ-
3778 6422 3796 6426 -
3848 6424 3853 6426 .
3870 6415 3900 6426 /
