3958 6422
238 343 338 408 361
1161 335 1258 397 PR
1272 334 1382 394 .EC
1394 331 1579 394 EPTA
1623 327 2146 392 EDUCATIONIS
2177 327 2329 394 REG
2346 328 2464 388 LE.
3410 331 3515 394 3‘33

242 460 300 512 ἒν
326 456 605 528 εἴργαστο,
641 450 669 506 ό
697 468 747 505 τι
781 449 856 520 μὴ
884 447 1027 502 πάνυ
1071 448 1254 500 καλόν.
1296 445 1465 500 Ιιόθεν
1504 445 1569 500 ἄν
1603 463 1686 509 τις
1731 445 1819 497 εὖ.
1850 493 1856 504 ,

1966 442 1999 494 it
2040 440 2196 506 liber,
2231 438 2338 494 Deo
2362 449 2534 494 totum
2566 450 2848 513 acceptum
2885 441 3086 510 ferens,
3112 443 3202 514 qui
3240 442 3374 498 nihil
3403 460 3516 497 om-

243 551 418 605 σεύῶν
468 548 580 618 ἔχει
619 542 931 598 τούναντίον
973 543 1191 608 sim-Liv;
1249 541 1312 594 Εί
1375 540 1488 612 γὰρ
1554 539 1822 610 Ἑλλήνων

1970 535 2061 589 inn
2097 535 2248 602 facit,
2282 535 2429 605 quod
2460 550 2565 589 non
2603 537 2755 591 valde
2788 537 2858 592 sit
2889 538 3116 592 bonum.
3153 537 3368 604 Quibus
3433 555 3518 592 ar-

240 641 426 710 παισὶ,
448 639 588 711 τύχῃ
608 654 668 690 τε
696 635 788 690 καὶ
806 632 1120 704 εἱμαρμένῃ
1139 629 1474 694 δουλεύουσι,
1507 629 1618 682 δεῖν
1648 626 1825 680 ἐδόκει

1966 629 2206 688 umentis
2233 629 2404 685 frctus
2453 630 2618 686 homo
2662 631 2952 702 religiosus
2995 633 3079 686 his
3139 634 3517 689 contradicere

242 737 433 805 φέρειν
460 735 526 786 τὰ
553 729 684 801 παρ’
716 727 920 792 αὐτῶν,
956 725 1121 797 σχολῇ
1154 741 1217 792 γε
1271 726 1404 792 ἡμῖν
1460 723 1522 776 ού
1561 720 1703 786 δόξει
1755 721 1825 774 τὰ

1967 723 2147 778 ossit?
2177 721 2312 776 Nam
2345 725 2389 778 si
2423 725 2643 795 pagani,
2677 724 2909 779 fortuna:
2941 727 3160 795 fatoque
3194 729 3519 793 servientes,

241 831 340 897 τῆς
373 824 626 896 προνοίας
656 818 1024 884 ἀσπάζεσθαι.
1050 813 1184 870 Εῐτα
1215 819 1328 879 τοῖς
1362 815 1462 880 μὲν
1508 815 1717 885 κρίνοις
1771 815 1826 867 αἱ

1966 817 2155 873 arenda
2193 818 2475 888 putabant,
2513 835 2854 889 quaecunque
2898 821 2966 874 ab
3008 821 3094 875 his
3122 819 3363 890 profecta
3389 821 3520 876 fuis-

242 920 445 989 χροιαὶ,
479 917 572 969 καὶ
601 915 658 968 τὸ
682 914 782 982 τῆς
814 911 965 980 ὥρας
987 911 1289 980 ἀμήχανον,
1321 908 1548 970 καὶτοῖς
1579 908 1825 978 πτηνοῖς,

1966 921 2074 977 ent,
2121 925 2466 982 nequaquam
2515 928 2615 968 nos
2661 928 2745 977 ea,
2790 929 2911 983 qua:
2953 929 2979 966 a
3015 915 3349 984 providentia
3399 932 3519 986 pro,

175 1055 182 1060 .
244 1013 304 1065 οὐ
330 1011 676 1078 συνάγουσιν,
718 1005 828 1060 οὐδ’
854 1004 1141 1074 ἀποθήκας
1166 1003 1374 1074 ἔχουσι,
1411 1001 1472 1056 τδ
1526 1003 1828 1073 τρέφεσθαι

1966 1007 2285 1066 lciscuntur.
2320 1007 2445 1061 boni
2470 1024 2576 1062 non
2612 1009 2945 1064 consulenda
2978 1011 3350 1064 censebimus.
3381 1009 3520 1064 Plu:-

249 1103 402 1173 παρὰ
431 1100 524 1154 τοῦ
555 1096 904 1170 Δημιουργοῦ
931 1112 944 1128 ·
1004 1095 1294 1166 ἀνθρώπου
1320 1093 1378 1147 δὲ
1430 1095 1652 1164 φροντὶς
1679 1093 1829 1164 αὐτῴ

1966 1115 2088 1154 erea
2129 1099 2254 1154 liliis
2283 1111 2332 1154 et
2368 1101 2581 1155 colores
2610 1111 2665 1156 et
2717 1114 2978 1157 venustas
3010 1102 3436 1169 inaestimabilis,
3467 1120 3521 1157 a-

246 1194 494 1264 οὐδαμῶς
520 1193 588 1247 ἂν
617 1193 861 1261 γένοιτ-ος
902 1189 968 1245 Εἰ
998 1189 1062 1242 ’δὲ
1091 1187 1224 1251 Θεὸς
1257 1185 1334 1241 ὢν
1388 1185 1615 1254 ἁγαθξς,
1668 1185 1828 1255 ἡμῶν

1966 1194 2208 1263 'ihusque
2239 1194 2372 1247 nihil
2405 1194 2809 1266 rolligentibus,
2833 1211 2931 1251 nec
2953 1196 3282 1251 habentibus
3307 1196 3525 1250 horrea.

247 1285 522 1358 φροντίζει
546 1285 640 1339 καὶ
680 1284 923 1356 κήδεται,
955 1281 1058 1336 τίν’
1110 1280 1225 1352 ἔχει
1260 1279 1419 1348 λόγον
1475 1277 1826 1348 ύπεραλγεῖν,

1966 1301 2121 1340 erum
2155 1287 2226 1341 ob
2262 1285 2470 1358 Opiﬁce
2515 1289 2845 1344 nutrimenta
2899 1289 3133 1344 dantur:
3200 1296 3252 1343 et
3289 1288 3524 1342 [nominis

248 1381 282 1448 ἢ
319 1379 414 1433 καὶ
437 1379 497 1432 τὸ
531 1378 606 1448 μὴ
640 1376 802 1447 χάριν
822 1375 1047 1438 ειδέναι,
1077 1367 1180 1427 ὦδε
1205 1372 1238 1443 ἦ
1264 1371 1468 1443 ἑτέρως
1495 1371 1605 1425 τῶν
1637 1387 1824 1442 πρατ-

1966 1378 2025 1434 lle
2065 1395 2197 1434 cura
2235 1381 2381 1434 nulla
2414 1382 2700 1452 tangitur?
2738 1381 2887 1452 quod
2926 1383 2970 1437 si
3010 1382 3187 1437 iiOtIllS
3243 1380 3385 1437 Deus
3427 1397 3526 1434 cu-

251 1471 438 1540 μάτων
485 1472 618 1541 ἡμῖν
672 1466 1190 1538 οίιιονομουμένωνς
1241 1463 1415 1518 Τοῦτο
1455 1463 1638 1535 ψυχῆς
1685 1463 1828 1519 πάνυ

1966 1487 2050 1524 aut
2083 1473 2256 1528 nostri
2296 1473 2531 1529 sollicite
2569 1475 2731 1544 gerit,
2769 1489 2876 1546 qua
2920 1474 3134 1528 ratione
3167 1472 3412 1537 subnixi,
3449 1473 3524 1526 ni-

247 1563 490 1633 σκληρᾶς
514 1602 529 1627 ,
563 1560 814 1624 δοθέντος
867 1557 1007 1615 εἶναι
1040 1557 1259 1628 πιστῆς.

1966 1565 2042 1620 tio
2061 1566 2245 1623 dolore
2266 1572 2739 1635 contabescemus,
2772 1557 2851 1624 vel
2880 1569 2990 1622 Deo
3030 1567 3258 1637 gratiam
3293 1582 3398 1620 non
3434 1566 3526 1618 ha-

247 1659 520 1723 bebimus,
548 1673 670 1712 cum
701 1658 805 1713 hoc
837 1656 1000 1711 illove
1047 1654 1213 1709 modo
1247 1668 1337 1710 res
1371 1654 1440 1708 ab
1469 1668 1536 1709 eo
1573 1663 1774 1710 nostra:
1800 1655 2276 1720 administrantur.
2321 1663 2591 1719 Nimirum
2652 1665 2754 1718 hoc
2819 1663 3114 1719 admodum
3159 1663 3316 1733 rigidi
3371 1661 3526 1716 fuerit

248 1754 444 1816 animi,
465 1753 512 1808 si
545 1750 764 1822 quidem
792 1748 1153 1811 concedatur,
1189 1761 1316 1804 esse
1350 1747 1546 1804 ﬁdelis.

973 1844 1090 1897 EZ'.
1865 1853 1910 1912 Β
2672 1842 2863 1898 LXVII
2878 1883 2892 1898 .

319 1940 543 2012 Πλούτῳ
571 1941 599 1994 ὁ
635 1941 733 2011 μὲν
761 1939 974 2010 ἥδεται,
1029 1939 1090 1994 οὐ
1142 1939 1204 1994 τὸ
1247 1939 1473 2011 χρυσίον
1515 1938 1834 2009 θαυμάζων,

2009 1935 2271 1992 Jucuuda:
2301 1945 2428 1992 sunt
2477 1936 2570 1991 uni
2636 1937 2856 2001 divitiae,
2889 1952 2994 1992 non
3042 1951 3163 1990 eam
3201 1935 3273 1992 ob
3303 1952 3530 1991 causam

249 2036 366 2091 ἀλλ’
399 2035 472 2099 ὡς
507 2033 656 2105 αύτῷ
686 2033 984 2104 δυνάμενος
1035 2034 1229 2087 ἑαυτὸν
1281 2033 1376 2087 καὶ
1423 2032 1716 2101 δεομένους
1773 2027 1833 2086 εὖ

1966 2029 2084 2098 μιοά
2124 2043 2317 2082 aurum
2343 2028 2668 2092 admiretur,
2702 2027 2796 2083 sed
2824 2028 2972 2098 quod
3010 2028 3077 2083 iis
3110 2037 3221 2081 tum
3254 2028 3381 2093 sibi,
3418 2037 3532 2082 tum

252 2129 426 2180 ποιεῖν
446 2143 460 2157 ο
496 2125 657 2188 ἄλλος
683 2123 728 2176 δ’
759 2123 836 2178 ὢν
866 2115 1213 2195 ⁵όικόρεστος,
1251 2127 1346 2178 καὶ
1377 2126 1437 2177 τὸ
1466 2125 1720 2179 πλουτεῖν
1745 2126 1836 2179 τέ-

1973 2121 2060 2176 liis
2095 2122 2232 2178 bene
2267 2120 2449 2178 facere
2490 2123 2684 2193 possit.
2725 2123 2902 2189 Alius,
2934 2131 3127 2176 natura
3177 2121 3530 2184 insatiabilis,

251 2222 344 2284 λος
396 2219 556 2291 ἔχων,
623 2218 719 2272 καὶ
781 2217 1032 2272 πλουτῶν
1086 2218 1350 2290 ἀδημονεῖ
1412 2219 1507 2274 καὶ
1563 2219 1704 2274 κατὰ
1744 2219 1838 2274 τὶν

1966 2229 2228 2284 Inumque
2275 2215 2434 2269 linem
2465 2224 2744 2284 spectans,
2779 2224 2835 2270 ut
2868 2215 3066 2284 opibus
3107 2213 3312 2279 allluat,
3366 2211 3532 2266 etiam

278 2313 476 2383 ἀφρονα
507 2311 770 2366 πλούσιον
801 2309 1030 2381 οἰμώζει
1057 2311 1264 2376 κλάων,
1284 2311 1348 2364 Τί
1382 2311 1609 2382 πράξως
1634 2311 1829 2380 λέγων,

1966 2320 2140 2365 iactus
2177 2325 2273 2364 eas
2317 2311 2560 2380 angitur,
2623 2325 2690 2365 ac
2745 2309 2932 2365 divitis
2992 2308 3139 2362 illius
3197 2305 3350 2361 stulti
3381 2319 3534 2358 more

269 2405 319 2458 τί
337 2407 630 2476 χρήσομαι;
678 2405 760 2457 ὅτι
813 2421 904 2474 μοι
943 2403 1005 2456 τὸ
1053 2403 1207 2474 λήϊον
1254 2401 1510 2474 εὔφορον,
1565 2403 1660 2457 καὶ
1714 2407 1835 2468 ταῖς

1966 2404 2166 2460 ilorans
2230 2404 2425 2468 ululat,
2463 2405 2606 2471 Quid
2669 2403 2890 2468 faciam,
2953 2403 3235 2473 inquiens,
3282 2415 3392 2470 quo
3443 2415 3534 2452 me

261 2497 434 2566 ληνοῖς
465 2496 511 2548 οί
547 2494 772 2566 βότρυες
803 2494 865 2546 οὑ
917 2492 1179 2564 χωρητοὶ,
1237 2494 1333 2546 καὶ
1382 2495 1491 2548 πᾶν
1530 2510 1621 2562 μοι
1661 2494 1836 2566 βρίθει

258 2585 443 2654 φυτὸν,
475 2586 568 2638 καὶ
616 2585 772 2638 κενδν
807 2583 964 2638 οὐδὲν
1020 2584 1184 2638 οἴκοι.
1240 2585 1350 2640 Καὶ
1398 2583 1506 2654 μὴν
1539 2584 1698 2655 δόξης
1755 2602 1840 2649 τις

257 2677 606 2747 ἀφεστηκὼς,
640 2676 868 2730 καὶτῶν
900 2674 996 2729 τοῦ
1026 2676 1224 2744 φθόνου
1275 2675 1366 2730 διὰ
1421 2675 1585 2729 τοῦτο
1642 2676 1836 2746 βελῶν,

258 2773 489 2841 νομίσας
536 2770 634 2823 οὐκ
693 2763 834 2823 εἶναί
880 2771 930 2822 οῖ
988 2767 1202 2838 βιωτὸν,
1254 2768 1301 2821 εί
1344 2767 1418 2838 μὴ
1460 2769 1838 2840 προσκυνοῖτο,

257 2866 474 2935 ἐκείνης
509 2862 558 2916 θ’
601 2864 719 2935 ἅμα
767 2861 967 2933 τυχὼν,
1008 2861 1104 2914 καὶ
1164 2860 1272 2916 τῶν
1325 2858 1495 2929 βελῶν
1539 2860 1842 2931 πειραθεὶς,

259 2955 374 3012 οὒτ’
405 2955 586 3027 ἐκείνῃ
614 2955 826 3026 χαίρων
849 2949 937 3026 ἦν,
978 2952 1075 3007 καὶ
1105 2952 1315 3024 θανατᾷ
1343 2952 1420 3016 ὡς
1453 2951 1843 3020 φθονούμενος.

277 3048 477 3120 Ἐτέρῳ
501 3049 545 3101 δ’
577 3043 642 3102 αὖ
665 3048 985 3118 ἐπέπρακτο
1004 3045 1338 3099 τούναντίον.
1361 3043 1472 3116 Καὶ
1496 3045 1673 3099 πάντα
1697 3042 1754 3096 δὲ
1778 3041 1848 3095 τὰ

1945 2508 2106 2568 pacto
2141 2496 2364 2567 geram?
2394 2513 2552 2566 seges
2579 2498 2712 2552 mihi
2743 2498 2962 2567 copiosa
3024 2494 3295 2566 provenit,
3331 2506 3387 2548 et
3446 2507 3535 2546 ra-

1945 2603 2134 2644 cemos
2159 2588 2453 2643 toreularia
2491 2603 2599 2643 non
2636 2589 2883 2658 capiunt.
2935 2589 3138 2642 Omnes
3171 2585 3304 2640 mihi
3337 2584 3537 2639 fructi-

1947 2681 2296 2736 busonustze
2330 2689 2456 2735 sunt
2480 2681 2722 2744 arbores,
2757 2696 2858 2736 nec
2898 2694 3130 2734 vacuum
3179 2678 3328 2733 domi
3374 2679 3537 2747 quid-

1946 2788 2133 2842 quam.
2167 2772 2319 2827 Alius
2345 2788 2374 2826 a
2400 2772 2574 2844 gloria
2609 2772 2894 2837 remotior,
2924 2781 2980 2827 et
3012 2772 3260 2827 eamdem
3295 2773 3364 2826 ob
3405 2785 3537 2826 cau-

1948 2881 2064 2921 sam
2099 2866 2167 2922 ab
2206 2866 2422 2922 invidia:
2478 2881 2699 2936 quoque
2757 2867 2899 2931 telis,
2953 2876 3105 2920 ratus
3153 2880 3220 2919 ne
3247 2863 3539 2920 vivendum

1951 2957 2174 3026 quidem
2209 2958 2339 3025 sibi,
2413 2959 2465 3012 ni
2526 2959 2824 3026 adoretur;
2875 2967 3166 3030 postquam
3200 2965 3254 3011 et
3313 2955 3540 3025 adeptus

1951 3059 2036 3107 est
2055 3067 2198 3118 eam,
2236 3063 2288 3108 et
2315 3061 2580 3135 expertus
2616 3052 2836 3107 invidia:
2873 3051 3016 3106 tela:
3058 3065 3158 3106 nec
3203 3049 3538 3119 voluptatem

266 3141 553 3214 καθ’ήμᾶς
582 3139 771 3195 ἄλλοτε
803 3139 984 3202 ἄλλοις
1015 3138 1150 3192 ἄλλα
1181 3135 1351 3192 δοκεῖ.
1384 3138 1493 3190 Καὶ
1515 3136 1686 3190 ταυτὰ
1713 3134 1848 3188 ποτὲ

1966 3159 2025 3201 ex
2055 3145 2146 3200 illa
2175 3134 2430 3216 percipit,
2467 3154 2521 3201 et
2551 3145 2696 3217 quod
2727 3145 2929 3200 invidia
2960 3145 3248 3216 premitur,
3309 3151 3540 3198 mortem

267 3233 434 3300 καλὰ,
471 3232 600 3287 ποτὲ
620 3233 675 3287 δὲ
715 3233 790 3305 μὴ
818 3232 1068 3298 τοιαῦτα,
1089 3231 1149 3284 ού
1173 3230 1262 3284 διὰ
1290 3231 1390 3301 τὴν
1428 3229 1637 3285 ἑαυτῶν
1661 3229 1844 3300 φύσιν,

1966 3240 2068 3309 ipse
2096 3237 2202 3293 sibi
2241 3246 2414 3308 optat.
2446 3239 2661 3293 Rursus
2691 3237 2831 3292 alius
2858 3238 3142 3293 diversum
3183 3235 3332 3290 facit.
3361 3233 3542 3289 Adeo-

262 3327 355 3380 διὰ
391 3327 446 3378 δὲ
465 3326 563 3397 τὴν
591 3325 699 3378 τῶν
738 3322 1043 3394 ἀνθρώπων
1079 3321 1216 3394 πρὸς
1256 3322 1438 3374 ἐκεῖνα
1473 3324 1690 3384 πάντως
1727 3320 1845 3375 διά-

1966 3344 2064 3400 que
2090 3339 2303 3384 cunctae
2329 3345 2416 3384 res
2448 3338 2648 3386 nostrae
2682 3330 2818 3384 alias
2854 3329 2975 3384 aliis
3011 3328 3130 3382 alia:
3187 3328 3439 3382 videntur
3461 3340 3541 3380 cs-

265 3420 438 3474 θεσιν.
465 3419 629 3472 Ὥστε
667 3416 762 3472 καὶ
818 3416 880 3469 τὸ
934 3416 1183 3486 ἠρεμεῖν,
1224 3415 1318 3467 καὶ
1353 3413 1415 3467 τὸ
1465 3414 1715 3484 ἥδεσθαι,
1753 3414 1848 3467 καὶ

1966 3437 2015 3476 se
2051 3459 2067 3476 .
2095 3419 2236 3489 Quin
2267 3423 2456 3477 eadem
2497 3423 2678 3493 plane,
2715 3421 2878 3479 modo
2907 3423 3066 3488 bena,
3103 3425 3264 3479 modo
3305 3438 3413 3477 non
3451 3423 3543 3477 bo-

265 3511 326 3562 τὸ
363 3508 809 3579 ταράττεσθαίτε
849 3509 944 3561 καὶ
971 3507 1278 3574 θλίδέσθαι,
1331 3506 1609 3578 λογισμῶν
1645 3507 1716 3561 ἂν
1757 3506 1844 3578 εἴη

1966 3531 2050 3580 na,
2083 3531 2194 3571 non
2227 3516 2277 3572 id
2309 3517 2530 3586 quidem
2579 3532 2645 3571 ex
2677 3528 2872 3572 natura
2911 3533 3030 3582 sua,
3081 3519 3174 3572 sed
3221 3532 3449 3587 prorsus
3480 3533 3544 3572 ex

270 3609 470 3679 μᾶλλον
503 3609 534 3680 ἢ
563 3608 666 3679 τῆς
695 3607 910 3677 φύσεως
950 3605 1060 3659 τῶν
1096 3605 1461 3677 πραγμάτων.

1966 3609 2200 3675 ipsorum
2241 3607 2307 3662 ad
2331 3622 2395 3662 ea
2429 3607 2741 3662 mortalium
2775 3608 3082 3665 aﬂ‘cctione.
3133 3607 3256 3674 Quo
3291 3608 3368 3672 lit,
3403 3619 3460 3663 ut
3482 3626 3544 3661 ea

266 3703 652 3771 tranquillitas,
691 3709 746 3759 et
791 3700 1105 3768 oblectatio,
1138 3709 1193 3757 et
1222 3699 1584 3770 perturbatio,
1618 3708 1673 3756 et
1708 3699 1951 3766 aﬂlictio,
1981 3703 2165 3770 potius
2219 3703 2287 3758 ab
2336 3703 2475 3773 ipsis
2540 3704 2764 3769 animis,
2819 3719 2980 3774 quam
3032 3720 3062 3758 a
3121 3719 3300 3760 rerum
3353 3713 3545 3758 natura

268 3798 610 3871 proveniant.

993 3893 1120 3948 EH’.

2616 3890 2849 3948 LXVIII.

343 3989 508 4046 Οὐδὲν
532 3988 598 4043 ἂν
631 3986 715 4059 εἴη
746 3987 941 4055 δεινὸν,
975 3987 1003 4040 ὃ
1027 3987 1103 4058 μὴ
1137 3986 1376 4058 φορητὸν
1409 3951 1566 4057 ἡμῖν,
1610 3985 1732 4039 εἶπέ
1772 4003 1856 4049 τις
2030 3983 2240 4040 Sensus
2267 3995 2352 4039 cst
2385 3982 2470 4037 hic
2494 3993 2668 4053 poetae
2714 3952 2934 4056 cujusdn

2030 3983 2240 4040 Sensus
2267 3995 2352 4039 cst
2385 3982 2470 4037 hic
2494 3993 2668 4053 poetae
2714 3984 3026 4056 cujusdam,
3057 3985 3182 4040 aliis
3225 3985 3310 4040 usi
3340 3982 3546 4048 verbis,

270 4080 382 4134 τῶν
417 4079 678 4150 ποιητῶν,
716 4079 894 4142 ἄλλως
932 4080 1171 4150 φράσας.
1243 4077 1387 4146 Ἐγὼ
1414 4077 1481 4144 δ’,
1539 4076 1752 4130 ἐκείνου
1786 4077 1854 4148 τῇ

1966 4077 2169 4132 nullam
2201 4091 2322 4132 esse
2349 4075 2744 4144 calamitatem,
2769 4093 2892 4147 qua:
2921 4093 2948 4131 a
2986 4078 3145 4132 nobis
3165 4077 3386 4133 tolerari
3436 4092 3544 4130 non

270 4176 434 4245 φύσει
462 4172 619 4228 τοῦτο
651 4171 908 4236 διδόντος,
928 4174 993 4243 τῇ
1021 4169 1338 4243 προαιρέσει
1367 4169 1536 4241 νέμω.
1568 4169 1719 4239 Αὕτη
1747 4169 1856 4240 γὰρ

1966 4171 2151 4242 possit.
2183 4170 2299 4226 Hoc
2332 4187 2455 4226 cum
2485 4171 2551 4226 ad
2590 4182 2842 4226 naturam
2872 4171 2960 4226 ille
2989 4172 3253 4237 retulerit,
3278 4186 3378 4242 ego
3406 4171 3546 4226 libe-

271 4266 472 4329 καλοὺς
514 4266 658 4337 ἡμᾶς
687 4266 784 4320 καὶ
823 4265 898 4336 μὴ
946 4263 1226 4327 τοιούτους
1280 4263 1597 4334 ἐργάζεται.
1636 4261 1702 4315 Ἣ
1756 4262 1856 4330 μὲν

1966 4278 2036 4319 τω
2067 4265 2336 4320 voluntati
2395 4266 2604 4332 tribuo;
2643 4283 2767 4320 nam
2821 4283 2884 4322 ea
2912 4282 3012 4322 nos
3067 4277 3121 4322 et
3151 4267 3408 4322 bonos-et
3437 4281 3548 4321 non

271 4361 385 4432 γὰρ
418 4361 575 4432 κοινὴ
637 4359 802 4428 φύσις
844 4358 1076 4421 δούλοις,
1137 4357 1451 4424 δεσπόταις,
1499 4359 1668 4411 πᾶσιν
1728 4355 1856 4425 ἑξῆς

1966 4357 2142 4413 bonos
2171 4357 2357 4414 etiicit.
2390 4358 2602 4430 Quippe
2629 4361 2938 4416 communis
2981 4359 3072 4414 illa
3101 4370 3322 4424 natura,
3351 4361 3551 4422 servis,

271 4453 609 4524 ἀνθρώποις,
649 4452 749 4522 μία
780 4468 864 4515 τις
891 4451 1341 4521 ἀπαράλλακτος.
1383 4449 1557 4520 Ἀδὰμ
1582 4450 1691 4519 γὰρ
1724 4449 1854 4502 παῖ-

1966 4451 2138 4517 heris,
2165 4451 2535 4522 omnibusque
2595 4453 2956 4518 mortalibus,
3013 4469 3122 4507 una
3155 4453 3404 4522 quaedam
3468 4464 3551 4508 est

271 4542 384 4605 δες,
417 4541 572 4611 πηλῷ
605 4542 706 4612 τὴν
747 4540 986 4612 ὓπαρξιν
1031 4533 1349 4610 ἐσχηκότος,
1372 4541 1519 4611 χειρὶ
1571 4540 1708 4594 Θεοῦ
1762 4559 1856 4595 ’.τες

1966 4542 2282 4598 indiscreta.
2324 4543 2528 4599 Sumus
2565 4546 2710 4598 enim
2747 4545 2897 4600 illius
2946 4544 3139 4600 Adami
3185 4545 3303 4612 lilii,
3358 4545 3450 4615 qui
3483 4545 3552 4600 de

280 4635 615 4704 πλασμένου.
644 4634 893 4698 Γενναίος
921 4632 1000 4698 δὲ,
1025 4634 1116 4686 καὶ
1145 4633 1438 4704 σταθηρὺς,
1459 4635 1553 4687 καὶ
1585 4635 1660 4705 μὴ
1685 4633 1856 4689 τοιοῦ-

1966 4635 2079 4692 luto
2111 4636 2339 4701 exstitit,
2367 4635 2459 4692 Dei
2495 4652 2656 4691 manu
2687 4637 2978 4692 formatus.
3017 4636 3331 4708 Atquilibet
3361 4637 3550 4700 homo,

282 4747 371 4793 τος
397 4729 837 4785 ἀποκαθίσταται
885 4731 952 4799 τῇ
986 4729 1312 4799 προαιρέσει
1381 4729 1490 4792 πᾶς
1550 4729 1856 4798 ἄνθρωπος.

1967 4732 2052 4784 vel
2079 4739 2365 4795 strenuus,
2401 4730 2489 4784 vel
2519 4739 2802 4794 constans,
2866 4729 2950 4784 vel
2983 4745 3090 4784 non
3147 4729 3292 4793 talis,
3323 4729 3553 4784 arbitrio

295 4816 498 4892 ⁹Ο’γάρ
524 4822 634 4875 τῶν
654 4821 938 4891 παρόντων
973 4821 1094 4883 ὅλος
1143 4821 1463 4890 γενόμενος,
1514 4823 1856 4892 πραγμάτων

1973 4823 2269 4879 voluntatis
2303 4823 2553 4879 elIicilur.
2606 4821 2743 4878 Nam
2784 4823 2877 4893 qui
2931 4837 2990 4878 se
3017 4831 3187 4877 totum
3226 4822 3394 4879 rebus
3429 4824 3554 4879 vitae

297 4913 352 4964 οὺ
376 4913 702 4986 βεϐηκότων,
734 4912 848 4977 πῶς
877 4913 942 4967 ἂν
974 4913 1220 4985 ἀτρέμας
1251 4913 1409 4986 μείνῃ
1433 4933 1448 4979 ;
1479 4916 1595 4977 πῶς
1619 4914 1822 4979 ἄλυπος
1849 4936 1862 4982 ;

305 5004 356 5058 '0
401 5007 459 5060 δὲ
501 5006 579 5076 τῷ
636 4993 782 5077 λόγῳ
839 5005 1144 5077 χρώμενος,
1195 5006 1345 5061 οὐδέν
1401 5025 1454 5060 τι
1511 5008 1622 5059 τῶν
1679 4993 1899 5062 ἐνθάδέ

287 5100 562 5172 προύργου
594 5099 942 5172 ποιούμενος,
981 5097 1076 5152 τοῦ
1104 5097 1280 5168 πηλοῦ
1324 5098 1666 5168 καταγελῶν,
1725 5099 1861 5153 ἀθα-

284 5200 472 5262 νασίας
493 5198 798 5269 ἐπιθυμῶν,
827 5197 1110 5266 ὁδοιπόρον
1129 5196 1324 5250 ἑαυτὸν
1373 5196 1750 5266 ἐπιστάμενος
1782 5199 1862 5261 είς

281 5295 383 5361 τὴν
419 5290 656 5362 πατρίδα
697 5290 796 5361 τὴν
813 5290 947 5353 ἄνω,
964 5289 1226 5360 ὑποφέρει
1242 5289 1344 5360 μὲν
1360 5289 1531 5356 δεινὰ,
1552 5287 1710 5353 εἰδὼς
1729 5307 1865 5344 ταυ-

281 5387 336 5437 τὶ
363 5384 765 5454 παρεεῂόμενα,
793 5382 888 5434 καὶ
925 5381 1110 5451 νίτρου
1136 5381 1303 5434 τόπον
1333 5378 1577 5444 σώζοντα
1604 5383 1670 5451 τῇ
1693 5381 1863 5453 ψυχῇ,

283 5476 625 5547 ἀνθρώπινόν
653 5491 707 5527 τι
730 5472 984 5545 παθούσῃ
1005 5491 1018 5505 ·
1055 5473 1164 5525 τῶν
1183 5471 1244 5524 δὲ
1270 5473 1445 5543 ἡδέων
1473 5470 1571 5526 τοῦ
1601 5473 1729 5544 τῇδε
1748 5473 1866 5543 βίου

282 5571 355 5633 ὡς
380 5569 575 5641 θνητὸς
611 5570 711 5622 οὐκ
738 5566 1022 5621 ἀθανάτων
1067 5568 1336 5637 μετέχων,
1368 5565 1507 5620 οῐσιι
1532 5567 1632 5638 τὴν
1659 5565 1868 5620 τούτων

285 5663 490 5732 ζημίαν
523 5661 663 5714 πολὺ
697 5660 804 5716 τῶν
830 5658 1006 5713 ἄλλων
1039 5660 1371 5729 κουφότερόν
1421 5676 1480 5713 τε
1531 5660 1622 5712 καὶ
1660 5659 1868 5714 ἀλυπό-

283 5771 462 5824 τερον.

1975 4917 2261 4986 praesentis
2290 4917 2518 4982 addicit,
2548 4917 2774 4970 minimc
2807 4913 3050 4986 profecto
3072 4915 3383 4980 stabilibus,
3412 4931 3555 4987 quo--

1974 5028 2100 5065 nam
2129 5023 2286 5081 pacto
2310 5011 2488 5082 quiete
2517 5010 2689 5067 solida
2721 5008 2974 5063 fruetur?
2999 5009 3091 5079 qui
3116 5007 3324 5064 doloris
3353 5027 3554 5081 expers

1969 5103 2204 5158 eritlAt
2232 5104 2326 5173 qui
2361 5107 2572 5158 ratione
2613 5103 2806 5166 utitur,
2833 5116 2932 5156 nec
2961 5102 3261 5171 quidquam
3313 5102 3393 5158 rei
3444 5113 3556 5158 ter-

1971 5198 2164 5253 restris
2191 5197 2352 5252 habet
2382 5197 2436 5250 in
2467 5195 2663 5266 pretio,
2695 5194 2872 5248 lotum
2931 5195 3189 5262 irridens,
3228 5195 3558 5253 immortali-~

1971 5289 2100 5344 tatis
2127 5297 2414 5360 appetens,
2445 5289 2650 5358 quique
2678 5303 2738 5343 se
2770 5289 3035 5342 viatorem
3073 5288 3224 5344 novit
3258 5303 3404 5358 esse,
3440 5299 3557 5346 ten-

1971 5383 2192 5437 dentem
2227 5381 2294 5435 ad
2323 5394 2578 5449 superam
2613 5378 2760 5432 illam
2787 5379 3050 5449 patriam:
3085 5379 3131 5436 is
3163 5394 3292 5435 vero
3321 5388 3374 5434 et
3399 5395 3556 5450 aequo

1974 5472 2229 5529 tolerabit
2260 5472 2448 5527 animo
2478 5472 2678 5538 tristia,
2703 5487 2824 5526 cum
2853 5487 2978 5527 esse
3034 5472 3351 5527 transitoria
3390 5474 3552 5535 sciat,

1974 5582 2038 5621 ac
2075 5575 2338 5636 praestare
2366 5567 2498 5622 nitri
2525 5564 2698 5620 vicem
2739 5566 2946 5633 animo,
2977 5569 3066 5621 cui
3122 5566 3257 5636 quid
3293 5565 3550 5620 humaui-

1975 5669 2064 5717 tus
2093 5661 2328 5727 accidit;
2363 5671 2419 5717 et
2457 5661 2586 5726 illis,
2615 5676 2736 5730 quae
2775 5661 2828 5713 in
2870 5661 2972 5715 hac
3009 5658 3378 5730 vitajucunda
3399 5668 3555 5722 sunt,

1977 5751 2140 5807 veluti
2168 5752 2415 5807 mortalis
2445 5752 2592 5806 haud
2627 5750 3028 5808 immortalibus
3076 5751 3286 5817 fruens,
3333 5761 3557 5804 eorum-

287 5851 409 5906 dem
432 5851 703 5922 iacturam
737 5861 851 5908 tum
903 5853 1077 5910 levius
1112 5855 1281 5910 multo
1330 5853 1566 5921 caneris,
1604 5863 1716 5909 tum
1753 5851 1964 5910 minore
1988 5866 2113 5910 cum
2149 5849 2317 5906 animi
2353 5849 2604 5908 molestia
2630 5849 2782 5904 feret.

613 5954 882 6016 Pnaon.
928 5959 1044 6016 Gn.
1080 5955 1289 6017 CLVI.

3043 5947 3116 6008 12
