3958 6422
260 328 362 382 13b?)

1212 317 1616 376 I’IiAiCEI—‘TA
1652 315 1854 374 EDUC

1968 314 2178 374 [ONIS
2214 315 2500 378 REGI/Ii.
2681 338 2684 342 '
3406 317 3508 376 £66

258 431 592 502 τιμώμενον
626 434 654 486 ό
684 433 740 486 δὲ
772 430 994 494 δικαίως
1033 430 1363 501 μισούμενός
1380 447 1436 482 τε
1467 431 1562 484 καὶ
1584 431 1832 499 συριττόο

1963 428 2155 484 nfectis
2179 428 2344 496 lepra.
2380 426 2514 483 Nam
2537 429 2729 482 horum
2752 443 2879 483 sane
2906 445 3026 485 sors
3050 430 3324 501 deplorari
3346 431 3508 495 solet,

262 543 444 596 μενος.

986 704 1105 759 OB’.

343 799 404 852 Ὀ
436 800 549 861 τοῖς
571 795 798 864 ἀγαθοῖς
831 794 1005 849 συνὼν
1036 796 1222 864 ἀγαθά
1261 796 1574 866 πορίζεται·
1611 798 1638 850 δ
1661 797 1717 850 δὲ
1747 814 1832 866 μι-

261 893 530 961 γνύμενος
561 892 756 951 κακοῖς
779 888 872 941 καὶ
905 888 998 941 τὸν
1028 889 1159 942 ῐδιον
1176 890 1435 943 ἀπόλλυσι
1473 889 1616 954 νοῦν,
1637 889 1712 952 ὣς
1753 907 1837 953 τις

263 986 368 1054 ἔφη
391 985 500 1037 τῶν
533 981 792 1051 ποιητῶν.
837 981 1028 1033 Ὀποῖα
1081 981 1190 1051 γὰρ
1219 982 1285 1035 ἂν
1375 982 1443 1034 τά
1471 983 1582 1033 τῶν
1629 979 1840 1051 ἀνθρώ.

264 1092 385 1127 πων
413 1073 543 1144 ἢθη,
565 1072 792 1125 τοιαῦτα
816 1071 1039 1134 καὶτοῖς
1055 1071 1239 1134 ἀλλοις
1267 1073 1531 1141 παρέχειν
1554 1070 1834 1125 δύνανται.

266 1166 397 1220 Οὐδὲ
431 1167 540 1232 γὰρ
587 1163 876 1232 ἀντλήσεις
929 1163 1038 1217 ἀπὸ
1091 1168 1275 1234 πηγῆς
1339 1165 1372 1233 ἢ
1418 1166 1602 1219 ὁποῖον
1657 1163 1841 1233 more:

269 1259 482 1328 ῥεῖθρον
507 1257 817 1325 ἀειδήποτε.
850 1257 1200 1326 Συνδιάτριϐε
1235 1257 1418 1310 τοίνυν
1452 1259 1567 1319 τοῖς
1589 1257 1840 1324 ἀγαθοῖς,

265 1354 414 1414 ὅπως
455 1350 659 1416 ἀγαθὸς
692 1349 874 1418 γένοιο
905 1366 919 1381 ο
951 1348 1046 1403 καὶ
1087 1352 1207 1412 ταῖς
1241 1351 1380 1420 πρὸς
1417 1351 1612 1408 αὐτοὺς
1661 1368 1846 1404 συνου.

267 1444 412 1505 σίαις
436 1443 567 1512 νέμε
595 1459 645 1494 τι
679 1440 904 1517 σεμνδνδ
947 1440 1040 1494 καὶ
1104 1442 1315 1512 πρέπον
1372 1443 1536 1513 ἀρχῇ.
1591 1442 1842 1495 Γλῶτταν

264 1533 322 1585 δέ
354 1549 414 1584 σε
445 1531 812 1598 βλάπτουσαν,
871 1529 1084 1600 ὥσπερ
1118 1533 1376 1600 μέλιτταν
1425 1534 1634 1604 κέντρῳ
1674 1531 1846 1602 πλήτ-

265 1641 488 1689 τουσαν,
512 1624 727 1676 ἔλαυνε.
771 1625 866 1675 Ἂν
889 1625 1030 1677 οὓτω
1066 1625 1322 1695 πράττων
1351 1625 1621 1696 διατελῇς,
1649 1627 1710 1679 οὐ
1745 1627 1844 1695 μό-

1936 534 2044 572 non
2075 520 2430 588 reprehendi:
2467 530 2521 575 at
2550 520 2699 575 illum
2724 521 2862 577 odiis
2886 521 3078 578 merito
3100 533 3510 593 persequentes,

1933 611 2300 681 explodimus.

2619 699 2830 758 LX-X-II.

2007 797 2159 852 Licet
2214 796 2304 861 ei,
2369 796 2460 866 qui
2511 811 2635 851 cum
2675 798 2833 852 bonis
2885 806 3161 865 versatur,
3227 799 3514 870 acquirere

1940 890 2122 945 bona:
2155 889 2248 958 qui
2281 904 2410 945 vero
2447 905 2506 943 se
2553 890 2714 944 tnalis
2753 890 3045 955 admiscet,
3081 903 3319 946 mentem
3377 909 3515 962 quo-

1941 996 2046 1049 que
2081 996 2236 1035 suam
2265 981 2490 1045 amittit,
2526 989 2640 1035 uta
2668 992 2826 1050 poeta
2879 983 3118 1052 quodam
3175 984 3382 1038 dictum
3410 993 3513 1039 est.

1941 1071 2141 1138 Quales
2166 1074 2312 1126 enim
2346 1087 2528 1127 mores
2547 1081 2674 1128 sunt
2702 1075 2944 1142 ipsorum
2971 1074 3278 1138 hominum,
3307 1076 3441 1130 tales
3461 1085 3517 1130 et

1942 1162 2064 1217 aliis
2125 1163 2384 1218 exhibere
2440 1175 2690 1232 possunt.
2753 1164 2888 1219 Nam
2947 1181 3203 1235 aquame
3237 1165 3383 1221 fonte
3408 1181 3517 1220 non

1945 1254 2166 1309 haurics
2196 1254 2380 1319 aliam,
2418 1270 2581 1324 quam
2619 1257 2927 1326 cuiusmodi
2956 1270 3171 1326 semper
3203 1273 3268 1314 ex
3300 1273 3365 1312 eo
3393 1274 3521 1327 pro-

1946 1353 2150 1400 manat.
2183 1346 2554 1412 Quamobrem
2581 1363 2702 1402 eum
2729 1349 2885 1404 bonis
2918 1364 3261 1416 conversare,
3295 1367 3400 1421 quo
3423 1351 3522 1405 bo-

1946 1456 2050 1495 nus
2084 1441 2319 1496 evadas:
2355 1453 2409 1494 et
2445 1440 2812 1497 familiaribus
2852 1443 3048 1496 horum
3081 1444 3376 1514 colloquiis
3409 1444 3516 1498 ali-

1945 1530 2078 1599 quid
2134 1532 2418 1601 gravitatis
2475 1533 2827 1602 decentisque
2879 1535 3174 1603 principem
3238 1534 3520 1599 dignitatis

1947 1623 2226 1680 adhibeto.
2281 1624 2545 1696 Linguam
2603 1642 2732 1680 vero
2769 1627 3008 1692 noxiam,
3052 1626 3201 1680 Vt'ItlI.
3242 1628 3383 1696 apim
3418 1627 3523 1681 sti-

263 1732 355 1768 vov
386 1716 617 1786 ἀνδράσι
665 1715 781 1778 τοῖς
830 1715 1082 1781 ἀγαθοῖς,
1145 1715 1282 1770 ἀλλά
1323 1717 1418 1771 καὶ
1473 1720 1607 1772 πᾶσι
1673 1717 1846 1784 δόξεις

1963 1716 2099 1770 mulo
2130 1716 2439 1783 ferientem,
2482 1716 2707 1787 abigito.
2735 1717 2855 1784 Quo
2887 1733 3021 1774 sane
3051 1729 3209 1786 pacto
3243 1720 3287 1774 si
3322 1727 3372 1773 te
3399 1733 3524 1788 per-

263 1811 481 1877 ἄριστος
509 1804 671 1863 εἶναι.
712 1807 845 1860 Ἀπὸ
881 1807 990 1877 γὰρ
1010 1809 1120 1861 τῶν
1141 1810 1480 1879 φιλουμένων
1505 1813 1616 1876 τοῖς
1645 1812 1845 1894 ἀρχου-

267 1917 354 1953 σιν
404 1900 455 1952 οί
513 1898 682 1952 τῶνδε
733 1897 928 1970 τρόποι
979 1900 1282 1970 κρίνονται.

273 2191 542 2258 Τοιοῦτος
573 2192 594 2261 (
625 2193 732 2262 γάρ
784 2207 950 2263 φησιν
979 2191 998 2263 )
1028 2192 1309 2260 ἕκαστος,
1371 2189 1585 2335 οῖσῗὲρ
1640 2195 1848 2282 ᾔδει-αι

1548 2283 1730 2320 υνων.

1548 2283 1730 2320 υνων.

289 2358 530 2428 Ἀρχοντι
551 2357 608 2412 δὲ
639 2358 737 2412 καὶ
771 2358 830 2411 τὸ
869 2359 1053 2412 δοκεῖν
1087 2359 1210 2427 οὐχὶ
1242 2360 1540 2430 παρέργως
1569 2362 1628 2414 ὲν
1663 2363 1845 2433 χρείᾳ.

277 2450 384 2518 illud
436 2451 544 2519 γὰρ
599 2452 835 2521 πτέρυγι
884 2451 1089 2520 πτηνὺν
1138 2451 1252 2505 οὔτ’
1293 2453 1613 2523 ἐκφεύξεται
1656 2455 1846 2524 κακὸν,

269 2542 381 2595 οὔτ’
409 2541 480 2597 ἂν
518 2542 724 2612 ἀγαθοῦ
753 2561 898 2607 τινος
932 2544 1106 2614 τύχοι.

999 2635 1117 2692 ΟΓ.

339 2729 649 2800 ’Υμνηνται
683 2731 783 2800 μὲν
817 2729 1027 2786 ἄνωθεν
1059 2730 1216 2801 παρὰ
1267 2732 1448 2795 πάσας
1489 2733 1690 2804 ἀρετὰς
1719 2735 1853 2805 φρό-

269 2840 445 2893 νησις,
468 2823 680 2893 ἀνδρία,
711 2823 1032 2896 δικαιοσύνη
1096 2824 1190 2876 καὶ
1231 2824 1559 2896 σωφροσύνη
1587 2842 1602 2857 ο
1639 2825 1851 2897 βουλοί-

278 2933 389 2987 μην
419 2916 466 2969 δ’
495 2917 560 2969 ἂν
594 2915 770 2985 ἔγωγε
802 2916 879 2986 μὴ
927 2915 1262 2987 κεχωρίσθαι
1293 2916 1511 2970 τουτουῖ
1553 2917 1646 2972 τοῦ
1689 2917 1852 2989 χοροῦ

272 3011 498 3077 ἀγάπην
533 3009 628 3063 καὶ
661 3010 992 3079 μετριότητα
1013 3025 1028 3040 ο
1061 3009 1171 3061 εἴτε
1205 3008 1314 3078 γὰρ
1343 3008 1514 3080 ἐχρῆν
1543 3009 1641 3072 τὰς
1670 3015 1852 3081 κρείτ-

273 3118 400 3164 τους
438 3100 791 3171 ἀπαριθμεῖν,
819 3100 918 3154 εῐτ⁹
946 3103 1011 3154 ὲκ
1038 3101 1240 3170 μέρους
1270 3101 1330 3154 τὸ
1355 3104 1464 3155 πᾶν
1499 3102 1724 3169 διδόναι,
1754 3104 1856 3158 οῦκ

274 3193 440 3262 ἐχρῆν
457 3193 676 3247 ἐκείνων
697 3191 900 3257 ταύτας
921 3192 1333 3262 ἀπολειφθῆναι.
1371 3193 1622 3264 Ἀγάπης
1641 3195 1751 3264 γὰρ
1781 3197 1856 3266 μὴ

271 3285 574 3358 παρούσης,
620 3285 774 3340 οὐδὲν
801 3284 1124 3356 ὠφελοῦμαι
1155 3300 1170 3316 ·
1233 3284 1328 3338 καὶ
1376 3285 1729 3355 μετριότητος
1782 3289 1858 3358 μὴ

273 3376 602 3447 προσούσης,
637 3379 770 3432 κενὰ
815 3376 1012 3431 πάντα.
1050 3376 1246 3429 Πασῶν
1276 3375 1370 3429 οὖν
1398 3375 1520 3446 ἔχου
1583 3377 1691 3432 τῶν
1727 3381 1859 3450 ἀρε-

271 3467 404 3534 τῶν,
438 3469 534 3521 καὶ
568 3467 801 3539 μάλιστᾴ
831 3484 893 3537 γε
925 3468 1033 3523 τῶν
1064 3466 1146 3532 ἓξ.
1219 3510 1223 3514 .

993 3561 1116 3616 OA'.

347 3655 562 3726 Νὴφειν
596 3654 784 3722 καλὸν,
822 3654 917 3710 καὶ
947 3656 1264 3712 τούναντίον
1294 3659 1489 3714 κακόν.
1523 3659 1718 3714 Πολλοὶ
1747 3659 1856 3730 γὰρ

273 3747 338 3800 οὐ
364 3747 432 3800 δι’
463 3748 710 3816 ἄγνοιαν,
764 3746 906 3801 ἀλλά
944 3747 1014 3800 δι’
1052 3748 1338 3818 ἀμέλειαν,
1383 3752 1609 3821 ἄμεινον
1645 3753 1708 3806 τὸ
1739 3749 1853 3822 χεῖ-

279 3859 373 3912 ρον
412 3843 776 3911 ἡγησάμενοι,
805 3842 921 3904 τοῖς
962 3840 1250 3912 βλαϐεροῖς
1287 3844 1536 3908 ’ἑαυτοὺς
1580 3845 1860 3916 περιέπει-

281 3952 405 4006 ραν.
467 3934 946 4004 Παραπεπηγέναι
1000 3936 1107 4005 γάρ
1161 3951 1296 4004 φασι
1336 3938 1458 4000 ταῖς
1488 3939 1716 4006 ἀρεταῖς
1759 3941 1858 4003 τὰς

275 4028 501 4093 κακίας,
548 4029 645 4081 καὶ
683 4028 1021 4098 ἀγχιθύρους
1075 4046 1195 4092 πως
1233 4025 1373 4083 εῖναι
1399 4046 1414 4062 ο
1449 4031 1545 4085 καὶ
1599 4032 1658 4085 οὐ
1713 4033 1857 4086 πάνυ

279 4123 520 4191 χαλεπὸν
548 4122 898 4193 ἀπατηθῆναι
941 4121 1034 4176 τὸν
1090 4118 1565 4195 μὴ’προσέχοντα.
1619 4125 1858 4188 Πολλοὺς

278 4217 348 4271 ἂν
370 4215 551 4285 εὕροις
577 4216 719 4286 μέγα
752 4215 1086 4284 φρονοῦντας
1114 4215 1230 4270 ἀντ’
1254 4217 1457 4287 ἀρετῆς
1483 4221 1858 4290 κεχρημένους

278 4312 350 4378 τῇ
384 4307 767 4380 γειτνιαζούσῃ
821 4307 998 4380 ταύτῃ
1031 4309 1224 4379 κακίᾳ.
1270 4305 1424 4364 Εἶδον
1454 4311 1694 4381 ἐσχάτην
1734 4312 1858 4365 δουσ

282 4403 435 4455 λείαν
481 4401 740 4470 πρόνοιαν
789 4401 1238 4471 ὀνομαζομένην,
1275 4403 1368 4456 καὶ
1417 4401 1592 4472 θυμὸν
1636 4405 1857 4475 ἀνδρίαν

1947 1817 2110 1877 petuo
2171 1823 2352 1878 geres,
2403 1824 2513 1863 non
2573 1809 2732 1864 bonis
2764 1819 2971 1864 tantum
3032 1811 3188 1872 viris,
3221 1809 3316 1864 sed
3353 1811 3520 1864 etiam

1950 1898 2225 1953 universis
2280 1899 2767 1968 praestantissimus
2795 1901 3091 1955 habebere.
3139 1899 3271 1954 Nam
3303 1917 3368 1955 ex
3407 1916 3525 1954 mo-

1948 1990 2101 2045 ribus
2132 2005 2344 2058 eorum,
2387 1993 2480 2062 qui
2513 1992 2852 2063 principibus
2907 1993 3061 2048 chari
3093 2002 3246 2057 sunt,
3273 1993 3518 2062 ipsorum

1903 2144 1909 2150 _
1949 2083 2257 2152 principum
2308 2099 2489 2139 mores
2524 2084 2871 2139 aestimantur
2897 2124 2912 2150 ,
2949 2092 3009 2137 ut
3038 2085 3180 2139 enim
3219 2085 3308 2141 ille
3352 2084 3524 2140 dixit:

2019 2195 2115 2250 Est
2145 2196 2363 2267 quisque
2387 2197 2512 2252 talis
2532 2198 2711 2268 quales
2740 2199 2859 2270 quis
2889 2199 3033 2254 adest
3063 2200 3250 2254 libens.

1951 2356 2190 2426 Principi
2243 2371 2376 2412 vero
2433 2359 2596 2413 etiam
2642 2359 2774 2414 illud
2811 2361 2991 2427 ipsum
3029 2363 3237 2428 haberi,
3277 2377 3388 2420 non
3429 2367 3527 2420 abs

1953 2457 2012 2502 re
2068 2449 2191 2503 usui
2241 2448 2424 2504 fuerit.
2480 2449 2692 2506 Etenim
2747 2452 2863 2506 avis
2900 2469 3005 2506 una
3063 2462 3278 2510 tantum
3315 2456 3400 2511 ala
3429 2469 3528 2512 nec

1954 2539 2155 2596 malum
2188 2539 2430 2612 elfugiet,
2464 2557 2564 2598 nec
2598 2544 2783 2613 aliquo
2816 2545 2962 2600 bono
2987 2547 3245 2616 potietur.

2617 2635 2854 2692 LXXIII.

2025 2727 2144 2782 1am
2184 2727 2318 2782 olim
2381 2743 2548 2798 supra
2615 2729 2842 2786 virtutes
2877 2739 3106 2789 caeteras
3138 2734 3371 2791 laudata:
3405 2745 3533 2792 sunt

1956 2820 2270 2891 prudentia,
2312 2820 2598 2887 fortitudo,
2653 2822 2868 2892 justitia
2903 2833 2958 2880 et
3005 2829 3387 2897 temperantia.
3420 2829 3532 2902 Ego

1957 2929 2086 2969 vero
2139 2914 2300 2969 velim
2355 2913 2424 2968 ab
2480 2913 2583 2968 hoc
2633 2915 2898 2970 virtutum
2957 2919 3129 2973 choro
3175 2933 3285 2974 non
3316 2920 3526 2993 diiungi

1959 3009 2282 3064 cbaritatem
2317 3015 2372 3062 et
2411 3007 2869 3065 moderationem.
2922 3009 3057 3065 Nam
3105 3012 3223 3068 siVe
3274 3021 3537 3083 praestan-

1881 3127 1927 3190 ο
1961 3103 2129 3158 tiores
2193 3101 2581 3156 enumeranda:
2638 3102 2951 3167 veniebant,
2997 3105 3112 3160 si\e
3162 3114 3334 3161 totum
3381 3119 3538 3178 parte

1963 3193 2313 3256 tradendum,
2347 3193 2414 3248 ab
2477 3193 2585 3249 illis
2645 3192 2744 3250 has
2804 3195 2994 3252 abesse
3039 3212 3149 3252 non
3228 3201 3534 3269 oportebat.

1963 3287 2174 3356 Quippe
2196 3285 2239 3339 si
2270 3285 2512 3339 charitas
2571 3285 2737 3349 absit,
2779 3286 2911 3341 nihil
2945 3287 3210 3357 proﬁcio:
3261 3299 3314 3343 et
3340 3291 3385 3345 si
3424 3307 3541 3344 mo—

1963 3375 2176 3432 deratio
2202 3390 2311 3430 non
2343 3378 2510 3442 adsit,
2531 3377 2716 3431 omnia
2744 3391 2880 3433 vana
2917 3377 3143 3434 fuerint.
3178 3378 3420 3437 Virtutes
3441 3383 3541 3453 igi-

1966 3474 2054 3520 tur
2083 3468 2395 3532 universas,
2429 3477 2483 3521 et
2513 3468 2612 3522 has
2642 3469 2918 3538 prwcipue
2944 3485 3038 3526 sex
3080 3472 3435 3541 amplectere.

2631 3557 2869 3617 LXXIV.

2037 3657 2318 3714 Sobrietas
2344 3659 2557 3728 egregia
2595 3675 2682 3715 res
2705 3669 2789 3714 est
2823 3675 2836 3712 :
2873 3669 2928 3714 nt
2969 3657 3194 3722 malum,
3219 3675 3328 3715 non
3359 3661 3543 3716 sobrie

1964 3751 2066 3808 sibi
2091 3753 2421 3822 prospicere.
2457 3750 2592 3805 Nam
2619 3752 2773 3805 multi
2806 3767 2911 3806 non
2935 3765 3001 3805 ex
3035 3753 3401 3822 ignoratione,
3437 3754 3535 3808 sed

1965 3843 2316 3913 negligentia,
2356 3843 2500 3912 quod
2545 3843 2747 3896 malum
2812 3856 2914 3912 pro
2969 3841 3118 3896 bono
3170 3841 3452 3907 ducerent,
3484 3857 3543 3895 se

1967 3937 2117 4004 ipsos
2163 3935 2383 3988 damnis
2418 3933 2739 3987 affecerunt.
2788 3931 3002 4002 Quippe
3042 3933 3340 3986 virtutibus
3384 3931 3540 3986 aﬂixa

1963 4028 2255 4098 perhibent
2305 4043 2427 4082 esse
2461 4026 2615 4092 vitia,
2650 4027 2918 4095 quasique
2945 4024 3203 4080 viciniam
3246 4027 3541 4096 quamdam

1966 4121 2160 4174 borum
2190 4133 2351 4185 esse;
2387 4134 2485 4174 nec
2516 4118 2810 4174 admodum
2841 4128 2922 4173 est
2949 4117 3186 4185 difﬁcile,
3220 4134 3326 4172 non
3361 4125 3543 4172 atten-

1966 4219 2080 4265 tum
2124 4210 2326 4282 decipi.
2355 4210 2558 4265 Multos
2599 4208 3262 4280 iuveniasjactabundos,
3294 4207 3386 4277 qui
3422 4207 3543 4262 loco

1966 4304 2186 4358 virtutis
2239 4304 2430 4358 vitium
2465 4303 2652 4357 virtuti
2687 4301 2928 4356 vicinum
2962 4301 3196 4372 amplexi
3242 4310 3390 4356 sunt.
3421 4299 3544 4357 Vidi

1967 4398 2284 4452 servitutem
2305 4405 2636 4461 extremam,
2690 4409 2812 4465 quae
2841 4395 3186 4465 providentia
3234 4395 3548 4449 nominare-

285 4492 662 4562 καλούμενον·
721 4493 817 4546 καὶ
885 4495 1061 4562 μυρία
1101 4491 1299 4548 ταῦτα.
1362 4495 1571 4565 Πολλῆς
1621 4495 1714 4548 οὖν
1765 4497 1854 4565 νή-

1967 4501 2076 4554 tur,
2113 4501 2169 4545 et
2201 4490 2561 4554 iracundiam,
2617 4504 2740 4559 qua:
2799 4487 3062 4544 fortitudo
3121 4489 3545 4558 perhiberetur;

283 4587 436 4654 ψεως
483 4585 565 4638 δεῖ
596 4583 939 4656 καθαρεῦσαι
998 4586 1233 4656 ταυτησὶ
1281 4587 1380 4654 τῆς
1415 4587 1655 4657 ἀπάτης.
1689 4588 1863 4642 Σπου-

285 4676 384 4744 δῆς
421 4676 529 4747 γὰρ
558 4677 684 4746 περὶ
711 4677 780 4730 τὰ
812 4678 1027 4748 χρηστά
1055 4677 1211 4730 οὐδὲν
1239 4676 1671 4750 ὠφελιμώτερον
1699 4679 1863 4744 νέοις,

291 4767 479 4839 ὥσπερ
518 4769 832 4822 τούναντίον
863 4769 961 4838 τῆς
995 4769 1295 4840 ῥᾳθυμίας.
1336 4771 1395 4822 Ὀ
1419 4769 1462 4823 δ’
1489 4769 1680 4834 ὕπνοις
1717 4771 1868 4824 ἔκδο-

298 4877 376 4923 τος
402 4860 502 4927 ὣν,
531 4861 630 4916 καὶ
656 4859 982 4916 ἀνακεῖσθαι
1011 4861 1204 4931 θέλων,
1233 4861 1330 4915 καὶ
1358 4862 1651 4932 ῥᾳθυμεῖν,
1675 4863 1741 4916 τὰ
1767 4863 1867 4931 μὲν

299 4953 435 5024 αὐτῷ
493 4953 982 5024 τεθησαυρισμένα
1036 4953 1310 5024 πατρόθεν
1370 4955 1591 5026 ῖσως,ἢ
1645 4955 1784 5008 κατὰ
1815 4973 1868 5007 τι

296 5047 608 5116 συμπίπτον
634 5045 826 5118 τύχης,
866 5047 1070 5116 ῥᾳδίως
1114 5047 1182 5100 ἂν
1210 5046 1499 5112 ἀποϐάλοι,
1539 5035 1754 5111 πολλοῖς
1783 5066 1866 5100 τι-

294 5156 375 5190 σιν
407 5134 566 5209 οἶμαι
594 5138 841 5208 τρόποιςο
866 5139 979 5192 τῶν
1009 5139 1066 5192 δὲ
1093 5139 1258 5209 μήπω
1281 5155 1346 5207 γε
1365 5138 1682 5209 ληφθέντων
1703 5156 1871 5208 προσ-

290 5229 539 5298 κτήσαιὲ
569 5229 634 5284 ἂν
667 5228 803 5299 μηδὲ
831 5227 910 5283 ἓν.
940 5237 944 5243 ’

1026 5403 1146 5460 OE'.

367 5500 568 5569 Ἀρτος
615 5497 830 5568 σώματι
858 5499 1071 5569 τροφίγ
1105 5500 1254 5569 ψυχῇ
1300 5499 1355 5552 δὲ
1385 5497 1624 5568 μάθησις
1664 5498 1870 5570 ἀγαθή.

297 5593 514 5661 Ὥσπερ
547 5587 641 5644 οὖν
670 5589 936 5660 ὲρυθριᾷν
967 5592 1028 5644 οὐ
1055 5591 1404 5660 γιγνόμενον,
1435 5591 1654 5644 ἐπειδὰν
1684 5590 1874 5644 ἐσθίω-

303 5697 441 5749 μεν,
481 5678 628 5733 οῦτω
673 5681 754 5733 δεῖ
805 5681 899 5732 καὶ
949 5681 1050 5744 τὰς
1107 5681 1370 5750 μαθήσεις
1424 5679 1874 5749 ἀνεπαισχύντως

299 5771 621 5840 λαμϐάνειν.
651 5771 726 5826 Οὐ
774 5771 883 5842 γὰρ
923 5771 1092 5848 ἔστιν,
1125 5771 1226 5826 οὐκ
1275 5772 1388 5825 ἔστι
1427 5773 1571 5841 μέγα
1605 5773 1727 5834 ταῖς
1766 5790 1874 5842 μα-

1967 4582 2186 4652 aliaque
2218 4582 2342 4636 talia
2374 4581 2610 4636 infinita.
2641 4581 2822 4646 Quare
2872 4595 3066 4648 magna
3103 4595 3245 4648 opus
3275 4589 3362 4635 est
3401 4583 3542 4650 vigi-

1967 4671 2159 4736 lantia,
2199 4679 2256 4724 ut
2294 4671 2362 4724 ab
2391 4672 2493 4726 hac
2517 4671 2822 4740 impostnra
2863 4669 3018 4723 liberi
3056 4669 3255 4723 simus.
3293 4667 3548 4739 Namjn-

1971 4762 2202 4815 venibtts
2260 4761 2403 4816 serio
2429 4777 2613 4816 rerum
2652 4763 2918 4814 bonarum
2953 4759 3136 4812 studio
3162 4759 3297 4812 nihil
3335 4759 3546 4820 utilius.

1969 4853 2118 4908 velut
2146 4867 2176 4908 e
2220 4853 2442 4908 diverso
2468 4851 2796 4924 negligentia
2827 4849 2964 4903 nihil
2999 4851 3223 4903 noxium
3262 4851 3455 4920 magis.
3482 4857 3551 4904 At

1969 4945 2065 5014 qui
2097 4959 2292 5000 somno
2346 4946 2566 5000 deditus
2598 4951 2702 5006 est,
2749 4949 2800 4997 et
2831 4941 3016 5012 jacere
3041 4941 3270 5009 supinus
3295 4948 3464 5003 amat,
3497 4953 3550 4994 et

1970 5038 2184 5094 otiosus
2211 5051 2356 5103 esse,
2390 5038 2589 5107 partim
2624 5034 2855 5091 collecta
2897 5043 3126 5104 paterno
3153 5031 3394 5088 fortasse
3425 5043 3546 5089 stu-

1970 5131 2085 5196 dio,
2122 5134 2205 5186 vel
2241 5131 2427 5200 aliquo
2447 5129 2682 5184 fortunae
2713 5143 2868 5192 casu,
2911 5126 3068 5182 facile
3087 5126 3274 5183 multis
3319 5127 3400 5198 (ut
3431 5129 3550 5196 epi-

1973 5222 2094 5281 nor)
2139 5223 2317 5276 modis
2365 5220 2656 5284 amiserit;
2714 5220 2912 5290 partim
2938 5234 3004 5274 ex
3035 5219 3123 5285 iis,
3156 5235 3275 5289 qua:
3301 5220 3547 5276 nondum

1975 5324 2310 5368 consecutus
2338 5321 2440 5378 est,
2477 5328 2544 5368 ne
2571 5312 2739 5367 hilum
2769 5312 2993 5382 quidem
3023 5314 3400 5384 acquisiverit.

2658 5403 2870 5460 LXXV.

2049 5495 2120 5552 Ut
2145 5497 2299 5568 panis
2330 5497 2650 5552 alimentum
2685 5507 2770 5554 est
2795 5499 3065 5568 corporis,
3088 5499 3168 5555 sic
3195 5501 3364 5555 animi
3403 5501 3548 5556 bona

1977 5591 2251 5646 doctrina.
2311 5590 2787 5656 Quemadmodum
2841 5606 2970 5662 ergo
3003 5607 3110 5648 non
3139 5593 3398 5649 convenit
3425 5608 3556 5648 eru-

1977 5683 2223 5748 bescere,
2260 5697 2385 5737 cum
2413 5682 2777 5747 comedimus,
2809 5685 2890 5738 sic
2940 5699 3159 5738 omnem
3197 5686 3335 5739 citra
3379 5685 3558 5752 pudo-

1981 5790 2095 5830 rem
2149 5786 2204 5830 et
2268 5774 2529 5831 dominae
2599 5783 2727 5829 sunt
2776 5775 3157 5845 percipiendae.
3217 5774 3334 5830 Non
3378 5785 3558 5847 pateat
