3958 6448
383 309 486 370 36?

1564 303 1963 366 MANUELIS
2002 303 2449 366 PALIEOLOGI

3513 302 3618 366 368

376 422 546 492 enim,
583 435 692 476 non
732 428 911 490 potest
951 419 1106 476 valde
1135 420 1402 477 doctrinis
1442 420 1665 491 pollere,
1697 422 1789 492 qui
1821 436 1945 478 eum

2055 422 2244 492 θήσεσι
2273 420 2576 493 δυνηθῆναι
2611 421 2703 475 τὸν
2737 419 2878 490 πρὸς
2902 419 3032 483 τοὺς
3073 417 3273 491 ἥλικας
3309 415 3619 489 ἁμιλλώμε-

375 513 680 581 αξιιιιειὶὺυε
710 523 993 567 certamen
1043 512 1295 582 suscipit,
1319 512 1365 566 si
1389 513 1606 582 quidem
1636 528 1760 567 eum
1799 511 1942 567 vinci

372 606 592 672 pudeat.
627 605 918 659 Enimvero
973 605 1024 658 in
1057 604 1196 660 cibis
1244 605 1361 673 ipsa
1390 604 1694 660 necessitas
1719 606 1944 660 modum

259 696 274 710 ’
373 696 577 766 cuique
629 695 866 764 desinit;
904 695 993 750 hic
1023 708 1203 752 autem
1243 696 1365 765 plus
1395 711 1612 766 semper
1663 698 1948 767 requiren-

373 791 526 845 dum.
558 788 773 844 Rursus
813 789 887 842 ibi
923 789 1095 858 magis
1119 789 1336 858 expedit
1363 789 1688 852 valetudini,
1717 806 1781 846 ac
1808 807 1946 860 prae-

371 880 656 936 ferendum
677 881 844 946 venit,
870 881 1013 950 quod
1040 881 1372 950 expeditum,
1393 882 1537 951 quod
1571 884 1799 954 simplex
1828 894 1947 940 est:

373 974 463 1027 bie
497 988 624 1027 vero
650 975 832 1042 potior
879 973 1180 1044 omnigena
1215 989 1396 1029 rerum
1434 975 1700 1030 bonarum
1733 977 1946 1031 exerci-

375 1066 529 1120 tatio.
567 1065 760 1119 Itidem
795 1066 976 1135 pastui
1019 1081 1185 1135 quam
1211 1067 1502 1120 minimum
1533 1069 1800 1136 temporis
1843 1069 1948 1121 im-

373 1153 534 1222 pendi
593 1154 881 1210 decentius
909 1164 1038 1210 est:
1084 1154 1330 1210 discendi
1385 1164 1603 1225 tempus
1628 1156 1946 1212 universum

374 1244 448 1298 sit
473 1244 596 1297 vita:
628 1245 889 1312 spatium,
953 1245 996 1298 si
1034 1243 1148 1298 fieri
1182 1253 1385 1314 potest.
1417 1245 1555 1301 Nom
1602 1246 1804 1300 bonum
1840 1256 1946 1308 est,

373 1336 615 1388 animum
653 1335 795 1388 bona
825 1350 884 1388 re
917 1335 1171 1406 quapiam
1201 1337 1397 1403 imbui,
1439 1337 1604 1392 etiam
1639 1345 1774 1405 tum,
1814 1353 1942 1393 cum

374 1441 401 1478 a
426 1439 658 1494 corpore
688 1425 989 1482 dirimitur.

1037 1517 1278 1577 ‘LXXVi.

445 1609 722 1664 Eximinm
755 1609 890 1680 quid
911 1619 997 1665 est
1019 1613 1230 1684 magnis
1257 1611 1534 1669 hominem
1563 1614 1770 1671 viribus
1805 1630 1948 1686 prae-

2049 530 2161 579 νον,
2197 514 2246 567 εί
2296 515 2434 584 πρὸς
2463 513 2561 583 τὴν
2597 506 2768 584 ἧτταν
2814 511 3147 582 αἰσχύνοιτο.
3208 510 3353 565 Ἀλλ’
3394 511 3487 564 ἐπὶ
3523 511 3619 582 μὲν

2046 605 2148 674 τῆς
2186 606 2398 676 τροφῆς
2433 604 2635 674 μέτρον
2683 602 2939 666 ἑκάστοις
2975 604 3006 674 ἠ
3053 602 3235 673 χρεία,
3286 601 3537 656 ἐνταυθοῖ
3563 602 3621 655 δὲ

2047 695 2210 765 χρεία
2239 692 2333 747 τοῦ
2359 693 2625 756 πλείονος.
2661 695 2838 747 Κάκεῖ
2869 695 2968 763 μὲν
3002 691 3158 757 αὖθις
3183 695 3242 748 τὸ
3267 693 3412 748 λεῖόν
3439 712 3499 748 τε
3528 695 3621 748 καί

2051 790 2325 860 μονοειδὲς
2369 790 2737 859 ὑγιεινότερόν
2771 807 2832 843 τε
2868 792 2965 845 καὶ
3005 791 3466 859 σπουδαιότερον·
3519 783 3622 843 ὧδε

2048 881 2105 936 δὲ
2158 882 2324 935 καλόν
2360 883 2511 936 ἐστιν
2539 884 2572 952 ἠ
2606 881 2926 952 παντοδαπὴ
2975 881 3088 934 τῶν
3135 882 3317 938 καλῶν
3363 883 3622 951 ἄσκησις.

2049 975 2160 1030 Καὶ
2183 973 2294 1028 τῶν
2329 975 2428 1046 μὲν
2463 974 2647 1028 σιτίων
2675 974 2867 1046 χρόνος
2895 975 2924 1028 ό
2955 974 3299 1044 βραχύτατος
3344 974 3621 1044 εὐπρεπέ-

2050 1085 2142 1121 στε
2155 1083 2265 1138 ρος,
2316 1069 2437 1130 ταῖς
2465 1067 2524 1120 δὲ
2559 1067 2830 1137 μαθήσεσι
2857 1067 3051 1136 καιρὸς
3082 1069 3109 1120 ό
3148 1067 3261 1137 βίος
3284 1067 3426 1133 ὅλος,
3455 1067 3504 1120 εί
3529 1067 3623 1120 δυ-

2048 1161 2206 1215 νατόν
2227 1176 2242 1191 ·
2276 1161 2444 1215 καλὸν
2469 1163 2577 1232 γὰρ
2605 1142 2883 1231 μυηθῆναι
2908 1160 3004 1228 τὴν
3032 1160 3212 1232 ψυχήν
3230 1177 3284 1214 τι
3314 1158 3499 1224 καλὸν,
3528 1159 3625 1212 καὶ

2050 1254 2429 1328 χωριζομένην
2464 1254 2632 1309 αὐτοῦ
2664 1253 2760 1308 τοῦ
2795 1253 3072 1324 σώματος.
3212 1261 3214 1263 ’

2765 1523 2904 1591 OG”.

2121 1624 2451 1695 Κράτιστον,
2483 1619 2738 1692 ἰσχύοντα
2773 1619 2942 1690 μέγα,
2983 1615 3212 1688 μηδενὸς
3248 1613 3618 1676 πλεονεκτεῖν,

373 1703 546 1756 ditum
584 1702 840 1758 fraudare
900 1705 1202 1770 neminem,
1244 1720 1346 1760 nec
1378 1706 1645 1763 adversus
1679 1709 1818 1764 alios
1850 1710 1946 1763 in-

2055 1717 2190 1788 μηδὲ
2247 1713 2709 1784 κατεπαίρεσθαι,
2763 1710 2899 1783 μηδὲ
2961 1710 3224 1779 βλάπτειν
3272 1707 3536 1770 ὁντινοῦν,
3571 1707 3622 1758 εἰ

373 1810 623 1864 surgere,
669 1811 768 1850 nec
797 1811 1127 1865 quemquam
1168 1798 1406 1865 laedere;
1448 1799 1554 1855 nisi
1587 1801 1710 1870 quis
1750 1802 1946 1858 laedere

2161 1827 2244 1869 τις
2278 1779 2536 1878 βλάπτων
2569 1806 2630 1859 ού
2665 1779 2926 1871 παύεται,
2961 1801 3059 1857 καὶ¹
3096 1799 3482 1872 κατορχεῖσθαί
3523 1817 3620 1852 σου

373 1905 659 1960 nunquam
694 1891 933 1956 desinat,
980 1902 1034 1945 et
1087 1891 1354 1948 insultare
1389 1894 1490 1949 tibi
1519 1895 1668 1951 velit.
1707 1896 1944 1963 Bonum,

372 1983 461 2037 cui
497 1983 734 2037 maxima
782 1983 1130 2047 conveniant,
1167 2001 1292 2040 eum
1327 1988 1620 2055 praesentia
1651 1989 1780 2043 boni
1812 2004 1948 2044 con-

371 2078 552 2134 sulere
578 2093 592 2137 ;
622 2077 668 2131 si
701 2091 821 2132 cum
861 2077 1090 2133 honesta
1117 2075 1260 2132 fama
1290 2092 1400 2132 non
1435 2078 1600 2134 liceat
1629 2081 1948 2136 accessione

369 2170 556 2241 potiri.
590 2169 655 2222 Et
685 2170 904 2240 quidem
937 2171 1257 2225 accessione
1282 2185 1388 2225 non
1421 2171 1607 2226 minus
1638 2185 1761 2226 esse
1785 2171 1947 2241 quid-

370 2263 492 2316 dam
527 2261 788 2327 arbitror,
820 2260 992 2315 illazsa
1030 2275 1253 2316 servare
1285 2275 1406 2330 quae
1444 2261 1667 2324 adsunt,
1701 2262 1768 2318 iis
1805 2277 1946 2330 pra:-

371 2357 560 2412 sertiin
619 2355 981 2424 temporibus,
1042 2369 1164 2423 quae
1197 2355 1513 2410 detrimenti
1552 2355 1846 2425 plurimum
1876 2357 1951 2410 af-

368 2449 515 2504 ferre
563 2457 815 2518 possunt.
857 2445 966 2502 Nec
1015 2445 1149 2502 illud
1183 2448 1450 2516 praeteriri
1507 2447 1722 2501 silentio
1762 2447 1946 2502 debet.

370 2541 530 2596 Noris
570 2539 778 2593 illatum
804 2539 1034 2609 publicae
1065 2538 1142 2592 rei
1176 2538 1438 2592 damnum
1471 2537 1578 2592 tuis
1602 2552 1630 2591 a
1655 2538 1946 2605 minisuis,

370 2635 736 2702 imputaturos
763 2630 885 2695 tibi,
924 2629 1020 2700 qui
1051 2630 1313 2684 damnum
1347 2628 1660 2698 acceperint
1691 2647 1704 2694 ;
1737 2630 1783 2684 si
1816 2645 1944 2685 cum

370 2739 537 2794 opera
570 2724 860 2778 meliorum
897 2722 974 2775 uti
1020 2736 1230 2791 posses,
1263 2731 1358 2775 aut
1391 2721 1524 2776 istos
1551 2722 1740 2775 saltem
1772 2724 1949 2776 corri-

371 2832 522 2888 gere,
548 2829 650 2869 nec
679 2813 815 2867 illud
877 2811 1061 2868 facere
1103 2811 1368 2876 volueris,
1398 2821 1454 2866 et
1488 2812 1593 2866 hoc
1624 2811 1948 2881 neglexeris,

372 2909 617 2976 adeoque
648 2913 909 2977 praestare
931 2904 1176 2971 duxeris,
1212 2913 1270 2959 ut
1300 2904 1532 2975 improbi
1565 2903 1688 2974 plus
1721 2905 1868 2974 apud
1895 2914 1947 2960 te

373 2999 586 3068 possint
618 3013 782 3070 quam
813 2996 969 3054 boni.

1029 3089 1286 3148 LXXVII.

441 3185 692 3241 Gloriosa
718 3183 825 3241 tuis
855 3199 884 3239 a
915 3184 1162 3239 moribus
1193 3184 1338 3240 absit
1366 3185 1696 3255 arrogantia,
1719 3184 1861 3241 sicut
1895 3193 1948 3241 et

371 3278 761 3335 dissimulatio.
822 3274 958 3331 Nam
1018 3285 1080 3330 ut
1119 3277 1232 3330 haec
1296 3276 1469 3346 turpis
1496 3286 1601 3341 est,
1627 3277 1770 3346 quod
1799 3277 1947 3343 ﬁcta,

370 3373 518 3440 quod
574 3369 766 3424 inertis
787 3381 840 3423 et
863 3367 1148 3438 degeneris
1207 3369 1398 3432 animi,
1425 3370 1504 3426 sic
1535 3370 1718 3439 gravis
1749 3370 1942 3438 altera,

371 3466 517 3535 quod
545 3465 773 3535 superba
802 3464 1055 3529 nimium,
1091 3463 1237 3533 quod
1270 3461 1531 3519 mordax.
1550 3465 1697 3522 Satis
1729 3475 1812 3522 est
1836 3482 1944 3521 non

375 3570 426 3612 te
456 3558 628 3627 magis
659 3557 890 3611 aliorum
925 3555 1150 3610 credere
1176 3556 1449 3623 laudibus,
1481 3573 1642 3626 quam
1667 3557 1786 3621 tibi,
1817 3571 1944 3612 cum

374 3653 478 3706 illa:
507 3666 646 3706 verae
699 3664 802 3704 non
839 3659 988 3714 sunt,
1021 3664 1121 3703 nec
1159 3664 1412 3720 asperum
1445 3648 1672 3718 aliquid,
1704 3649 1944 3705 homini-

370 3742 829 3815 quejactabundo
857 3743 1212 3808 conveniens,
1243 3741 1488 3812 proferre
1515 3759 1527 3794 :
1560 3757 1666 3796 nun
1689 3741 1946 3796 incedere

372 3853 496 3890 cum
553 3835 719 3901 fastu,
784 3850 884 3890 nec
935 3835 1190 3889 attollere
1255 3833 1570 3902 supercilia,
1605 3832 1816 3896 Iicetii,
1847 3832 1943 3898 qui

371 3931 620 3999 plausum
671 3929 822 3992 dant,
867 3943 1055 3982 verum
1107 3927 1312 3982 dicant.
1354 3927 1432 3994 Ad
1482 3925 1723 3996 ingestas
1759 3935 1942 3980 autem

375 4023 557 4076 Iaudes
580 4022 646 4075 ab
672 4019 814 4084 aliis,
838 4019 995 4085 quasi
1020 4020 1468 4089 tergiversantem
1498 4017 1721 4072 delicias
1739 4015 1942 4083 Iacere,

373 4130 652 4183 paucaque
678 4113 744 4165 de
768 4127 826 4166 se
866 4111 1066 4174 dicere,
1097 4125 1291 4180 magna
1321 4109 1546 4174 sentire,
1569 4124 1733 4178 prope
1763 4108 1946 4163 sceni-

371 4222 491 4257 cum
523 4203 780 4272 quiddam
813 4207 914 4263 est,
942 4212 997 4254 et
1027 4215 1194 4268 egens
1225 4201 1408 4265 larvae,
1437 4199 1532 4254 tibi
1584 4199 1806 4268 quidem
1845 4199 1947 4251 mi-

374 4296 518 4348 nime
581 4293 858 4348 convenit.
922 4292 1228 4345 Honestum
1297 4292 1511 4346 facinus
1580 4291 1812 4346 illustris
1863 4302 1949 4345 est

371 4402 572 4456 praeco.
606 4385 856 4440 Ποιιιίιιίε
883 4384 1177 4449 modestia,
1212 4384 1306 4453 qui
1339 4399 1536 4454 magna
1575 4383 1804 4454 peregit,
1835 4383 1944 4437 du-

2049 1901 2216 1955 θέλει.
2254 1899 2451 1962 Καλὸν,
2491 1896 2776 1967 μεγίστοις
2816 1893 3207 1964 συμϐαίνοντα,
3257 1892 3372 1952 τοῖς
3409 1889 3614 1960 παροῦ-

2051 2009 2138 2046 σιν
2172 1992 2416 2061 ἀγαπᾷν,
2446 1988 2512 2042 ἂν
2560 1989 2636 2057 μὴ
2674 1985 2794 2058 μετ’
2843 1985 3097 2048 εὐκλείας
3129 1983 3225 2054 ἐξῇ
3273 1982 3618 2052 προσθεῖναι.

2061 2082 2218 2152 Ἐμοὶ
2245 2082 2394 2134 δοκεῖ
2442 2078 2768 2152 προσθήκης
2799 2078 2898 2148 οὐχ
2939 2073 3104 2148 ἦττον
3131 2070 3275 2128 εἶναι
3309 2075 3370 2129 τὸ
3396 2073 3464 2126 τὰ
3489 2073 3620 2126 ὅντα

2049 2175 2238 2243 τηρεῖν
2267 2171 2526 2240 ἀλώϐητα
2570 2171 2629 2224 ἐν
2663 2168 2876 2238 καιροῖς
2907 2167 3047 2220 πάνυ
3085 2163 3371 2218 λωϐᾶσθαι
3415 2177 3617 2228 κεκτη-

2055 2267 2237 2337 μένοις
2288 2265 2542 2332 δύναμιν.
2594 2262 2687 2314 Δεῖ
2729 2261 2786 2314 δὲ
2845 2258 2970 2329 μηδ’
3028 2258 3207 2311 έκεῖνο
3251 2253 3616 2324 σιωπηθῆναι.

2053 2359 2194 2414 Ἴσθι
2227 2359 2327 2428 τὴν
2351 2357 2644 2426 ὑπηρετῶν
2675 2356 2756 2419 εἰς
2790 2354 2851 2408 τδ
2874 2351 3055 2406 κοινὸν
3076 2350 3281 2421 βλάβην
3309 2350 3389 2402 σοὶ
3407 2347 3622 2415 λογιοι)⁸

2055 2453 2251 2524 μένους
2283 2452 2410 2511 τοὺς
2443 2447 2852 2519 βλαπτομένους
2882 2446 2976 2514 ’ξεί
3007 2444 3184 2514 παρὸν
3213 2442 3464 2511 ἀμείνοσι
3491 2439 3626 2509 χρῆ-

2054 2547 2201 2609 σθαι,
2238 2545 2272 2615 ἢ
2298 2543 2430 2612 γοῦν
2459 2541 2701 2603 ἐκείνους
2725 2539 2990 2609 ὀρθῶσαι,
3029 2536 3190 2592 τοῦτό
3223 2535 3390 2605 τέ’μὴ
3415 2535 3625 2604 πρᾶξαι

2053 2636 2336 2708 θελήσαις,
2367 2634 2463 2688 καὶ
2500 2633 2592 2687 τοῦ
2629 2633 2818 2702 ἑτέρου
2853 2630 3302 2704 παραμελήσαις,
3334 2627 3430 2682 καὶ
3463 2627 3626 2681 καλὸν

2051 2734 2291 2804 ἡγήσαιο
2339 2728 2494 2800 παρά
2527 2730 2609 2782 σοὶ
2637 2728 2802 2782 πλέον
2844 2726 2990 2798 ἔχειν
3033 2725 3160 2790 τοὺς
3211 2723 3482 2794 πονηροὺς
3513 2722 3624 2775 τῶν

2055 2826 2371 2897 βελτίστων.

2779 3094 2898 3154 OZ'.

2120 3193 2275 3260 Μήτε
2303 3193 2557 3265 εἰρωνείᾳ
2583 3195 2822 3247 συνεῖναι
2849 3191 2993 3254 θέλε,
3020 3191 3162 3261 μήτε
3183 3189 3474 3257 ἀλαζονεία
3500 3208 3624 3245 συν-

2051 3285 2193 3338 έστω
2243 3301 2349 3337 σοι.
2395 3284 2616 3353 Ἐπειδὴ
2649 3285 2710 3337 τὸ
2755 3283 2856 3354 μὲν
2901 3284 3167 3353 αἰσχρόν*
3204 3283 3438 3337 ὕπουλον
3493 3283 3620 3353 γὰρ,

2057 3377 2442 3448 μικροπρεπές
2471 3393 2483 3407 ·
2531 3376 2760 3448 θάτερον
2790 3377 2846 3429 δὲ
2881 3375 3018 3446 βαρύ
3044 3393 3058 3408 ο
3097 3377 3404 3446 ὑπέρογκον
3435 3377 3540 3447 γάρ
3569 3395 3623 3429 τι

2049 3469 2144 3522 καὶ
2166 3469 2486 3539 πληκτικὸν.
2505 3469 2696 3540 Ἀρκεῖ
2717 3469 2791 3541 μὴ
2817 3471 2930 3532 τοῖς
2954 3469 3157 3540 ἑτέρων
3191 3470 3431 3533 ἐπαίνοις
3466 3487 3623 3524 σεαυ-

2047 3562 2142 3616 τοῦ
2175 3562 2377 3632 μᾶλλον
2405 3562 2707 3627 πιστεύειν,
2731 3561 2954 3616 ἐπειδὰν
2981 3562 3083 3615 οὐκ
3108 3561 3415 3631 ἀληθεύωσι
3436 3578 3449 3592 ο
3485 3561 3622 3632 μηδὲ

2048 3655 2225 3708 εἰπεῖν
2272 3654 2530 3724 φορτικὸν
2576 3654 2760 3725 μηδὲν,
2820 3653 2956 3724 μηδὲ
3011 3654 3391 3724 κομπάζοντος
3430 3653 3618 3722 ῥῆμα·

2053 3747 2129 3815 μὴ
2193 3746 2548 3815 ἀκροδατεῖν,
2597 3747 2735 3817 μηδὲ
2769 3745 2868 3816 τὴν
2917 3745 3092 3817 ὀφρὺν
3143 3745 3340 3816 αίρειν,
3400 3744 3523 3816 μηδ’
3554 3746 3624 3799 ἂν

2047 3836 2392 3906 ἀληθεύωσιν
2422 3837 2472 3889 οἱ
2528 3835 2878 3908 κρατοῦντες.
2914 3836 2986 3888 Τὸ
3032 3835 3089 3888 δὲ
3141 3835 3279 3905 πρὸς
3307 3837 3432 3898 τοὺς
3483 3840 3620 3908 παρ’

2047 3927 2253 3996 ἐτέρων
2305 3925 2562 3987 ἐπαίνους
2605 3924 2796 3992 ὥσπερ
2842 3924 3210 3994 ἀκκιζόμενον
3260 3925 3618 3996 θρύπτεσθαι,

2049 4020 2144 4072 καὶ
2177 4017 2351 4088 μικρὰ
2381 4018 2480 4087 μὲν
2513 4017 2699 4085 λέγειν
2733 4018 2861 4086 περὶ
2914 4017 3137 4082 σαυτοῦ,
3177 4018 3390 4085 μεγάλα
3426 4017 3481 4070 δὲ
3511 4017 3620 4070 οἴε-

2049 4110 2195 4174 σθαι,
2230 4109 2429 4179 μικροῦ
2455 4109 2589 4162 ’δεῖν
2647 4109 2907 4176 σκηνικόν
2951 4110 3089 4171 ἐστι,
3125 4110 3218 4162 καὶ
3265 4111 3620 4175 προσωπείου

2047 4203 2325 4271 δεόμενον,
2375 4203 2402 4254 ὅ
2440 4217 2523 4253 σοι
2557 4201 2875 4270 μηδαμόθεν
2917 4202 3183 4270 προσῆκε.
3237 4203 3443 4272 Πρᾶξις
3482 4203 3623 4273 καλὴ

2049 4292 2228 4361 κῆρυξ
2282 4292 2557 4362 λαμπρός.
2604 4292 2678 4346 Τὸ
2719 4293 3034 4364 μετριάζειν
3087 4293 3302 4364 μεγάλα
3354 4294 3626 4366 πράξαντι

2047 4383 2269 4438 διπλοῦν
2316 4385 2377 4437 τὸ
2430 4385 2698 4455 τρόπαιον
2748 4385 2981 4455 ἵστησιν,
3018 4385 3082 4438 ἐκ
3125 4403 3186 4439 τε
3241 4387 3354 4441 τῶν
3402 4388 3628 4454 ἀγαθῶν

371 4479 521 4546 plum
558 4485 821 4546 trOpmum
873 4475 1246 4536 statuit,-tum
1281 4473 1438 4528 factis
1471 4475 1623 4544 ipsis,
1659 4483 1771 4528 tum
1801 4475 1944 4544 quod

2055 4476 2251 4546 ἔργων,
2283 4477 2380 4528 καὶ
2425 4475 2521 4529 τοῦ
2555 4477 2629 4546 μὴ
2669 4476 2882 4538 τούτοις
2929 4477 3277 4546 ἐπαίρεσθαι.
3321 4478 3382 4530 '0
3421 4477 3478 4530 δὲ
3527 4495 3624 4547 με·

371 4569 440 4622 ob
469 4583 531 4622 ea
589 4581 650 4625 se
680 4581 788 4624 non
823 4564 1030 4619 eﬂ'erat.
1071 4565 1140 4618 At
1178 4579 1308 4618 vero
1357 4566 1452 4634 qui
1482 4579 1711 4634 magnas
1743 4581 1832 4619 res
1860 4580 1952 4633 ge-

377 4663 468 4726 rit,
499 4669 552 4715 et
574 4675 769 4728 magna
797 4658 1405 4729 loquitur,tantumque
1433 4671 1540 4710 non
1569 4659 1756 4712 volare
1781 4657 1948 4727 gestis

372 4753 637 4822 praeclare
671 4751 834 4805 rebus
864 4751 979 4820 ipse
1010 4748 1115 4804 sibi
1141 4750 1378 4814 videtur,
1401 4749 1564 4804 etiam
1600 4749 1666 4803 iis
1687 4749 1948 4804 molestus

374 4862 438 4901 ac
459 4846 641 4915 gravis
671 4842 859 4908 fuerit,
889 4843 982 4912 qui
1009 4841 1130 4911 ejus
1155 4855 1318 4911 opera
1349 4840 1508 4896 bonis
1541 4839 1821 4895 fruuntur.
1854 4839 1948 4895 Est

371 4939 518 4994 cnim
548 4937 775 4991 adversa
808 4933 917 4989 Deo
948 4947 1166 5004 quoque
1218 4932 1498 5002 superbia.
1525 4935 1866 5004 Quapropter
1901 4932 1949 4988 si

373 5033 561 5101 gloria:
597 5029 832 5096 cupidus
873 5041 953 5089 es,
981 5026 1138 5080 factis
1171 5040 1290 5081 eam
1322 5025 1573 5095 persequi
1622 5026 1810 5089 debes,
1840 5041 1949 5080 non

370 5125 554 5178 wrbis
602 5135 901 5177 arcessere.
951 5119 1096 5173 *Nam
1131 5128 1471 5173 arcessentes
1531 5118 1706 5185 fugit,
1766 5131 1822 5172 et
1881 5118 1949 5172 ad

373 5217 518 5282 illos,
552 5215 645 5284 qui
702 5213 859 5268 Iactis
916 5227 1035 5265 eam
1071 5220 1363 5281 prensant.
1393 5226 1556 5281 quam
1593 5208 1951 5290 libentissime

356 5309 602 5366 accedit.

1012 5393 1294 5448 LXXVIII.

446 5495 540 5548 Est
592 5490 824 5544 omnino
877 5491 1098 5546 dillicile
1135 5489 1479 5551 mortalibus.
1515 5490 1584 5544 de
1623 5491 1954 5561 rebnsjudi-

366 5601 516 5637 rare.
554 5581 688 5635 Nam
722 5580 922 5648 quibus
951 5581 1006 5634 in
1056 5580 1212 5633 malis
1251 5592 1554 5643 versamur,
1579 5593 1641 5632 ea
1672 5578 1946 5633 deteriora

361 5687 630 5744 putamus
668 5673 810 5734 aliis.
836 5671 1094 5740 quoniam
1130 5671 1364 5730 malum,
1391 5669 1534 5737 quod
1559 5671 1735 5734 adest,
1764 5672 1948 5739 seipso

362 5784 474 5836 quo
498 5770 602 5821 lam
638 5764 798 5819 modo
825 5765 1045 5832 gravius
1104 5777 1225 5816 esse
1260 5761 1493 5824 videtur,
1528 5760 1752 5830 ipsaque
1813 5775 1952 5829 pra:-

2051 4569 2193 4636 γάλα
2224 4569 2326 4638 μὲν
2353 4568 2545 4634 ποιῶν,
2577 4569 2791 4639 μεγάλα
2812 4569 2869 4622 δὲ
2893 4569 3093 4637 λέγων,
3125 4569 3218 4623 καὶ
3245 4571 3530 4639 μονονουχὶ
3549 4569 3628 4622 δο-

2050 4664 2163 4716 κῶν
2191 4665 2303 4726 τοῖς
2331 4661 2726 4734 κατορθώμασι
2767 4661 3048 4724 πέτεσθαι,
3077 4663 3173 4716 καὶ
3198 4664 3310 4722 τοῖς
3347 4659 3414 4714 δι’
3453 4662 3622 4716 αὑτοῦ

2051 4757 2233 4810 καλῶν
2255 4756 2592 4810 ἀπολαύουσι
2616 4755 2859 4825 λυπηρὸς
2878 4756 2944 4808 ἂν
2962 4756 3190 4823 γένοιτο.
3207 4755 3281 4807 Τὸ
3296 4757 3402 4822 γὰρ
3417 4755 3592 4825 ὑπερή
3608 4787 3626 4796 -

2052 4868 2221 4920 φανον
2267 4850 2362 4903 καὶ
2407 4849 2528 4918 Θεῷ
2579 4849 2864 4918 πολέμιον.
2898 4847 3066 4917 Δόξης
3105 4847 3198 4902 οῦν
3248 4849 3482 4918 ἐρῶντα,
3516 4851 3625 4921 χρὴ

2051 4945 2236 5015 ἔργοις
2253 4961 2311 4998 τε
2333 4945 2536 5013 ταύτην
2559 4942 2800 5008 διώκειν,
2833 4942 2930 4995 καὶ
2954 4941 3029 5010 μὴ
3053 4944 3484 5012 προσκαλεῖσθαι
3512 4947 3627 5006 τοῖς

2051 5038 2256 5106 λόγοις.
2295 5035 2491 5105 Φεύγει
2518 5036 2628 5106 γὰρ
2665 5035 2793 5096 τοὺς
2828 5033 3160 5098 καλοῦντας’
3206 5037 3317 5098 τοῖς
3343 5035 3400 5088 δὲ
3443 5036 3627 5104 ἔργοις

2053 5130 2224 5202 αὐτὴν
2251 5127 2618 5199 δεξιουμένοις
2649 5129 3028 5198 ἀσμενέστατα
3059 5129 3444 5199 προσέρχεται.

2775 5389 2906 5447 OH'.

2136 5481 2380 5550 Ἀληθῶς
2412 5482 2517 5535 τῶν
2551 5481 2723 5534 ὄντων
2759 5483 2914 5536 οὐδὲν
2943 5481 3196 5552 εὔκριτον
3224 5480 3531 5552 ἀνθρώποις
3560 5481 3628 5536 ἂν

2055 5573 2161 5642 εἴη.
2220 5567 2315 5634 Οἷς
2367 5573 2476 5642 γάρ
2511 5569 2772 5642 χρώμεθα
2823 5574 3035 5637 κακοῖς,
3085 5572 3253 5640 χείρω
3303 5570 3477 5624 ταῦτα
3516 5573 3628 5625 τῶν

2054 5667 2232 5719 ἀλλων
2265 5665 2597 5733 νομίζομεν·
2650 5665 2732 5717 ὃτι
2761 5665 2824 5716 τὸ
2853 5665 3026 5718 δεινὸν
3062 5664 3242 5733 παρὸν
3283 5663 3478 5718 ἑαυτοῦ
3519 5665 3628 5718 δει-

2056 5758 2271 5826 νότερόν
2310 5775 2423 5819 πως
2466 5758 2634 5821 δοκεῖ,
2668 5756 2816 5824 αὐτῷ
2858 5757 2933 5826 τῷ
2984 5759 3238 5828 παρεῖναι
3275 5757 3382 5810 τῶν
3415 5758 3476 5809 οὐ
3519 5772 3629 5810 πα-
