3958 6428
265 430 366 486 3M!

1224 431 1636 491 ΡΙῖίΕΟΕΡΤΑ
1674 431 2199 494 EDUCATIONIS
2235 432 2519 495 REGle".

3408 431 3516 496 370

262 536 468 607 ρόντων
499 535 859 590 πλεονεκτοῦν
889 553 903 569 ·
928 538 1022 592 καὶ
1060 539 1316 609 ἦλλάξατ’
1344 543 1410 598 ἄν
1440 560 1528 608 τις
1558 543 1835 606 πιέζοντος

1947 548 2122 603 sentia
2152 564 2250 603 sua
2271 547 2527 618 deprimit
2550 546 2799 604 absentia
2832 538 2972 604 mala
2999 566 3013 604 :
3048 549 3206 606 facile
3232 557 3293 605 ut
3319 549 3520 621 aliquis

260 629 470 698 κούφου
507 629 937 701 ἐμϐριθέστερον
971 633 1185 700 μάλλον.
1219 636 1311 688 Διὸ
1358 637 1454 689 καὶ
1487 639 1600 700 τοῖς
1630 638 1830 692 ἀποῦσι

262 721 694 793 προστρέχομεν,
723 723 822 777 κᾶν
855 717 958 777 ὦσι
995 725 1168 795 μείζω
1199 727 1309 780 τῶν
1337 728 1525 782 ὄντων.
1555 730 1617 782 El
1655 730 1700 784 δ’
1732 731 1833 782 αύ-

262 818 373 878 τοῖς
419 815 767 887 ἐντύχοιμεν,
819 818 1158 888 ἐπαινοῦμεν
1203 817 1362 884 αὖθις
1413 825 1482 874 τὰ
1528 821 1834 892 φθάσαντα.

263 905 370 958 Kal
395 906 660 970 πολλάκις
709 924 774 976 γε
814 909 978 980 τυχὸν
1003 911 1162 964 τοῦτο
1203 911 1458 982 δράσειεν
1489 914 1554 968 ἄν
1585 931 1690 978 τις.
1723 916 1834 970 Kal

260 995 534 1065 δηλοῦσιν,
587 999 638 1052 οἳ
686 1000 982 1070 φεύγοντες
1029 1003 1123 1058 τὸν
1169 1005 1415 1076 σίδηρον,
1465 1007 1835 1078 ὑποϐρυχίους

263 1091 489 1153 ἑαυτοὺς
546 1094 830 1150 ποιοῦσιν⁹
873 1092 996 1152 εἶτα
1045 1100 1294 1170 ναυαγίῳ
1345 1101 1706 1172 χρησάμενοι,
1740 1107 1838 1158 καὶ

263 1180 672 1248 κινδυνεύοντες
701 1187 1022 1256 καταδῦναι,
1067 1189 1328 1261 διστόμου
1369 1192 1644 1265 μαχαίρας
1673 1195 1837 1265 δράτ-

262 1290 470 1330 τονται.
499 1277 612 1330 Καί
643 1278 747 1332 πού
784 1297 866 1343 τις
907 1282 1116 1336 καπνὸν
1144 1283 1365 1354 φεύγων
1391 1287 1837 1358 ἀπερισκέπτως,

265 1368 342 1430 εἰς
377 1366 492 1438 πῦρ
539 1369 766 1424 ἐνέπεσε
791 1389 807 1406 ο
844 1375 937 1428 καὶ
972 1371 1041 1430 αὖ
1087 1377 1222 1446 πυρὶ
1258 1378 1614 1448 φλεγόμενος,
1642 1381 1716 1444 ὠς
1746 1382 1838 1435 ἐπὶ

264 1461 617 1531 παραμύθιον
643 1464 737 1518 τὸν
789 1469 1038 1540 κρημνὸν
1087 1471 1347 1543 ἔδραμεν.
1386 1473 1451 1527 Ol
1495 1473 1603 1545 γὰρ
1652 1475 1839 1529 πολλοὶ

261 1551 372 1604 τῶν
422 1551 764 1624 ἀνθρώπων.
827 1559 988 1630 δεινῷ
1057 1561 1154 1615 τοῦ
1225 1563 1496 1634 λογισμοῦ
1550 1566 1840 1636 συσχεθέν-

260 1663 378 1713 τος,
407 1645 488 1701 δτι
526 1649 627 1718 μὲν
657 1651 955 1722 φεύγομεν,
1001 1655 1162 1726 ῐσμεν
1189 1672 1204 1687 °
1235 1657 1358 1711 ὅποι
1396 1657 1454 1710 δὲ
1501 1660 1841 1729 καταφευξό-

265 1733 426 1803 μεθα,
451 1736 611 1793 τοῦτο
640 1739 705 1812 δὴ
741 1740 817 1806 ὡς
849 1743 1028 1798 ἔοικεν
1075 1747 1402 1818 ἀγνοοῦμεν.
1440 1749 1553 1804 Kal
1604 1751 1697 1803 ἐπὶ
1733 1752 1840 1804 τῶν

261 1826 667 1895 εύφραινόντων
718 1829 776 1884 δὲ
810 1833 877 1887 τὰ
914 1833 1007 1888 ἴσα
1053 1836 1263 1902 τούτοις
1315 1840 1621 1912 πάσχομεν.
1672 1843 1839 1897 Οὐδὲν

1935 641 2056 695 leve
2108 640 2336 704 malum,
2391 641 2539 711 quod
2576 641 2800 712 premit,
2841 658 2967 697 cum
3034 643 3219 698 futuro
3269 643 3524 713 graviore

1937 732 2382 788 commntaverit.
2442 731 2520 788 Ea
2557 743 2782 803 propter
2843 742 2896 789 et
2935 749 3099 790 cursu
3147 733 3214 788 ad
3248 734 3339 789 illa
3363 734 3520 801 quasi

1937 839 2297 896 preperamus
2313 825 2479 892 mala,
2508 840 2629 895 quae
2652 826 2870 892 absunt,
2908 826 3127 880 tametsi
3159 827 3522 894 praesentibus

1937 915 2148 984 majora
2174 917 2305 972 sint.
2344 917 2420 972 Ad
2443 919 2632 973 eadem
2667 933 2797 974 vero
2822 917 3013 984 delati,
3045 932 3267 972 rursum
3298 927 3524 986 praeter-

1938 1005 2012 1061 ita
2039 1007 2348 1063 laudamus.
2400 1007 2555 1075 Quod
2584 1008 2806 1080 quidem
2832 1008 3150 1074 usuvenire,
3181 1009 3265 1063 vel
3297 1009 3374 1062 illi
3396 1015 3525 1063 sunt

1941 1097 2166 1163 indicio,
2188 1098 2280 1168 qui
2315 1097 2524 1154 ferrum
2551 1098 2845 1170 fugientes,
2884 1099 2938 1154 in
2968 1097 3146 1154 undas
3180 1112 3303 1154 sese
3326 1097 3522 1167 praeci-

1940 1189 2136 1260 pitant,
2166 1189 2361 1246 deinde
2384 1190 2732 1263 naufragium
2755 1191 2924 1262 passi,
2953 1199 3007 1245 et
3029 1187 3434 1249 submersionis
3469 1187 3524 1242 in

1941 1281 2186 1351 periculo
2209 1285 2514 1349 constituti,
2552 1283 2790 1356 gladium
2822 1283 3113 1354 ancipitem
3153 1281 3524 1352 prehendunt.

1940 1378 2099 1434 Alius
2121 1376 2524 1432 inconsiderate
2555 1375 2769 1432 fumum
2808 1374 3046 1444 fugiens,
3077 1375 3131 1429 in
3158 1375 3338 1446 ignem
3371 1371 3523 1436 ruit;

1942 1485 2006 1526 ac
2035 1468 2281 1525 vicissim
2315 1469 2384 1531 ab
2417 1466 2529 1537 igni
2560 1467 2688 1522 dum
2723 1466 2926 1532 uritur,
2951 1467 3016 1520 ad
3063 1465 3395 1535 praecipitem
3431 1479 3524 1516 ru-

1942 1576 2090 1632 pem,
2123 1561 2292 1615 veluti
2318 1559 2576 1614 solatium
2605 1559 2904 1629 quoddam,
2953 1559 3213 1614 accurrit.
3246 1557 3382 1612 Nam
3414 1555 3528 1624 ple-

1943 1654 2100 1723 rique
2130 1652 2412 1718 mortales,
2462 1651 2593 1706 dum
2650 1650 2789 1705 ratio
2819 1650 2868 1706 vi
2905 1649 3032 1704 mali
3061 1648 3349 1720 premitur,
3379 1647 3526 1716 quod

1944 1746 2242 1818 fugiamus,
2263 1745 2508 1800 scimus:
2535 1758 2646 1815 quo
2672 1757 2802 1798 vero
2819 1741 3225 1811 confugiamus,
3247 1739 3390 1795 scire
3418 1753 3525 1792 non

1943 1853 2265 1909 possumus.
2314 1835 2640 1891 Consimilia
2708 1836 2868 1891 nobis
2896 1845 2950 1891 et
3009 1834 3148 1890 laetis
3179 1833 3344 1888 rebus
3379 1830 3528 1886 acci-

261 1917 368 1986 γὰρ
392 1917 562 1989 δήπου
591 1921 702 1974 τῶν
725 1923 993 1980 ποθεινῶν
1020 1929 1274 1998 στήσειεν
1300 1933 1366 1984 ἂν
1398 1934 1530 2004 ἡμῖν
1555 1934 1641 2004 ἐφ’
1664 1933 1835 2006 ἑαυτῷ

1947 1932 2100 1985 dunt.
2127 1928 2265 1984 Nam
2299 1945 2388 1985 res
2419 1929 2580 1999 plane
2629 1928 2779 1983 nulla
2811 1937 2915 1993 est,
2955 1945 3019 1983 ex
3047 1927 3306 1982 universo
3345 1939 3529 1980 rerum

263 2011 361 2081 τὴν
392 2012 711 2083 ἐπιθυμίαν.
749 2017 860 2071 Καὶ
891 2019 1170 2075 δείκνυσιν
1204 2024 1343 2095 αὐτὴ
1392 2026 1597 2095 τρυφὴ,
1644 2027 1711 2080 ἵν’
1743 2027 1838 2097 ἀφ’

263 2104 447 2168 ἑστίας
476 2108 610 2176 ἡμῖν
655 2100 840 2182 δειχθῇ
877 2113 937 2166 τὸ
970 2115 1356 2186 προκείμενον.
1393 2119 1518 2172 Τῶν
1574 2119 1684 2191 γὰρ
1730 2122 1842 2190 ἡδί-

263 2214 403 2250 στων
434 2199 803 2267 ἀπολαύοντες
829 2205 908 2270 είς
931 2207 1111 2277 κόρον,
1134 2204 1299 2279 ἦττον
1325 2209 1506 2263 αὐτῶν
1528 2210 1840 2282 ὀρεγόμεθα

269 2289 374 2342 τῶν
423 2293 818 2366 ἀφισταμένων
878 2299 1069 2364 ἅπλῶς
1103 2300 1299 2372 ἡδέων.
1347 2301 1467 2356 Κᾶν
1506 2304 1586 2368 είς
1645 2304 1840 2374 ἡδονὴν

275 2382 477 2440 ἔλαττον
507 2387 605 2459 ἔχῃ
638 2389 698 2442 τὸ
744 2392 1223 2463 προσδοκώμενον,
1261 2396 1476 2465 πέφυκε
1513 2395 1727 2466 θέλγειν
1758 2397 1837 2470 τῷ

265 2476 667 2546 προσδοκᾶσθαι
693 2498 706 2512 ³
737 2483 835 2537 καί
880 2487 985 2537 πού
1023 2503 1110 2549 τις
1137 2487 1458 2559 ἐπεθύμησε
1490 2489 1709 2554 πολλοῖς
1741 2508 1840 2544 πε-

260 2571 611 2640 ριῤῥεόμενος
663 2575 914 2642 ἀγαθοῖς,
952 2577 981 2630 ὃ
1015 2578 1152 2650 μηδὲ
1190 2582 1303 2643 τοῖς
1344 2580 1555 2644 δούλοις
1595 2582 1662 2637 ἂν
1691 2583 1841 2648 εδοξε

259 2662 548 2732 μεθεκτόν.
579 2668 672 2720 Δεῖ
691 2668 754 2738 δὴ
787 2670 1109 2741 φρονήσεως
1134 2673 1290 2743 ήμῖν,
1318 2673 1462 2728 ὥστε
1507 2674 1586 2747 τῷ
1630 2675 1707 2747 νῷ
1735 2694 1843 2730 πα·-

257 2755 588 2824 ραϐάλλουσι
621 2758 689 2812 τὰ
737 2759 867 2815 ὄντα
911 2763 1025 2827 τοῖς
1057 2763 1314 2833 ἀποῦσιν,
1357 2764 1527 2838 ὀρθήν
1566 2782 1687 2821 τινα
1725 2759 1842 2840 ’ψῆ-

255 2868 356 2919 φον
384 2851 717 2919 ἐξενεγκεῖν.

1949 2036 2204 2087 numero,
2239 2035 2377 2090 quas
2415 2020 2664 2075 homines
2690 2027 2976 2088 expetunt,
3008 2034 3128 2090 qua:
3153 2018 3208 2072 in
3237 2032 3295 2072 se
3317 2014 3532 2086 cupidi-

1949 2122 2113 2168 tatem
2163 2123 2407 2168 nostram
2442 2114 2640 2167 sistere
2693 2112 2894 2184 possit.
2925 2112 3266 2182 Argnmcnto
3295 2120 3382 2164 est
3410 2108 3528 2178 ipsa

1945 2207 2221 2277 voluptas,
2277 2205 2557 2272 utalare,
2612 2205 2758 2276 quod
2820 2204 2996 2272 aiunt,
3048 2219 3160 2257 rem
3193 2201 3530 2272 propositam

1949 2299 2327 2356 ostendamus.
2379 2297 2590 2367 Quippe
2647 2311 2771 2351 cum
2798 2295 3225 2367 jucundissimis
3257 2294 3421 2349 rebus
3461 2293 3531 2348 ad

1943 2394 2252 2450 satietatem
2277 2390 2532 2456 fruimur,
2567 2389 2751 2444 minus
2779 2403 2873 2443 cas
2898 2388 3228 2458 appetimus,
3245 2402 3410 2458 quam
3433 2382 3527 2456 jn-

1943 2486 2123 2541 cunda
2148 2483 2494 2554 simpliciter,
2531 2497 2654 2553 qua:
2688 2496 2795 2536 non
2828 2480 3050 2536 adsunt.
3084 2477 3161 2535 Ac
3193 2479 3320 2534 licet
3347 2477 3532 2544 minus

1943 2579 2238 2649 voluptatis
2273 2577 2492 2639 habeat,
2530 2576 2678 2645 quod
2733 2575 2788 2629 in
2833 2573 3244 2644 exspectatione
3283 2572 3527 2641 positum

1946 2684 2049 2736 est,
2081 2682 2260 2726 tamen
2295 2670 2413 2739 ipsa
2442 2665 2960 2736 suiexspectatione
2993 2665 3272 2720 delectare
3300 2677 3538 2718 consue-

1944 2767 2048 2822 vit.
2087 2765 2205 2819 lmo
2247 2761 2502 2833 pluribus
2531 2761 2653 2831 quis
2705 2761 2867 2816 bonis
2913 2758 3166 2821 afﬂuens,
3219 2758 3273 2814 id
3321 2757 3534 2826 appetit

1947 2855 2266 2928 aliquando,
2301 2854 2460 2923 cujus
2498 2852 2614 2907 ﬁeri
2659 2851 2959 2922 participes
3007 2867 3078 2906 ne
3111 2851 3256 2905 servi
3304 2848 3531 2919 quidem

255 2942 475 3000 vellent.
529 2945 797 3004 Nimirum
853 2951 1143 3022 prudentia
1212 2953 1373 3010 nobis
1407 2963 1493 3012 est
1541 2969 1710 3029 opus,
1773 2960 1832 3010 ut
1872 2957 2058 3008 mente
2085 2955 2473 3021 comparantes
2493 2945 2784 3018 praesentia
2820 2958 2945 3000 cum
2973 2943 3063 3011 iis,
3125 2957 3251 3014 quae
3304 2941 3528 3004 absunt,

254 3042 459 3090 rectam
483 3040 773 3106 quamdam
796 3045 1122 3099 sententiam
1146 3041 1410 3100 feramus.

983 3136 1107 3191 οθσ.

323 3221 509 3293 Ζημία
556 3225 791 3297 μεγίστη
826 3229 938 3290 τοῖς
976 3228 1273 3299 πράγμασι
1319 3228 1378 3283 τὸ
1405 3229 1711 3299 διαχεῖσθαι
1738 3229 1833 3283 τὸν

2111 3179 2134 3191 ,
2613 3125 2854 3182 LXXIX.

2014 3221 2419 3278 Tristissimum
2450 3219 2619 3276 rebus
2650 3218 2844 3274 aﬂ‘erre
2867 3216 3131 3273 damnum
3162 3215 3304 3273 solet
3323 3217 3528 3271 animo-

251 3313 382 3366 νοῦν
413 3316 527 3378 τοῖς
563 3315 844 3386 ἄρχουσιν.
879 3316 1011 3372 Ὅτε
1043 3317 1102 3372 δὲ
1131 3319 1396 3373 ἀδύνατον
1422 3319 1580 3389 φλογὶ
1617 3318 1835 3391 φροντί-

1945 3333 2066 3374 rum
2121 3319 2179 3373 in
2217 3315 2559 3386 principibus
2585 3311 2937 3369 eshilaratio.
3003 3310 3110 3366 Sed
3143 3309 3366 3379 quando
3408 3308 3530 3364 fieri

251 3404 358 3460 δων
386 3406 744 3480 ἐγκαρτερεῖν
773 3411 1041 3480 διηνεκῶς
1075 3414 1168 3467 τὸν
1200 3414 1535 3484 κρατοῦντα,
1579 3415 1835 3469 τοσοῦτον

1945 3411 2159 3482 nequit,
2191 3419 2248 3464 ut
2273 3415 2540 3480 perpetuo
2564 3420 2825 3464 curarum
2861 3403 3137 3460 flammam
3166 3404 3436 3460 sustineat
3461 3403 3536 3468 is,

251 3498 278 3548 ό
307 3498 435 3562 νοῦς
465 3499 820 3554 ἀπολελύσθω
855 3503 1179 3572 φροντίδων,
1211 3506 1336 3558 ὅσον
1365 3523 1425 3558 τε
1456 3506 1557 3574 τὴν
1593 3507 1836 3576 ἀθυμίαν

251 3589 621 3658 ἀποσοϐῆσαι,
673 3591 768 3645 καὶ
815 3596 890 3664 μὴ
947 3598 1236 3667 συνεχέσιν
1282 3597 1515 3668 ὄμϐροις
1566 3598 1663 3652 τοῦ
1709 3601 1839 3672 τῇδε

254 3682 372 3750 βίου
427 3686 892 3758 κατακλυσθῆναι.
944 3691 1164 3745 Πολλῶν
1212 3693 1322 3762 γὰρ
1359 3693 1530 3750 ὄντων
1562 3693 1660 3747 καὶ
1718 3713 1838 3750 ποι-

255 3777 448 3842 κίλων,
481 3779 591 3831 τῶν
645 3781 969 3852 μεθημέραν
1001 3783 1097 3837 καὶ
1144 3785 1366 3854 νύκτωρ
1413 3787 1836 3855 ἀναγκαζόντων

254 3871 584 3939 φροντίζειν,
602 3873 842 3938 εὐκόλως
871 3876 938 3930 ἂν
971 3877 1066 3931 καὶ
1093 3879 1120 3930 ὁ
1147 3876 1332 3948 ἄρχων
1360 3879 1459 3950 τὴν
1485 3878 1629 3950 ζωὴν
1657 3897 1834 3950 προσ-

254 3966 564 4031 απολέσειε,
603 3969 897 4040 πράγμασι
943 3970 1196 4026 παλαίων
1245 3972 1354 4038 ἀεὶ,
1390 3975 1664 4045 μηδαμῶς
1713 3975 1834 4038 τοῖς

253 4059 540 4130 λογισμοῖς
571 4063 879 4134 ἐκεχειρίαν
919 4047 1144 4118 διδοῦσι.
1178 4066 1319 4118 Φασὶ
1346 4066 1404 4119 δὲ
1425 4065 1521 4121 καί
1567 4082 1691 4121 τινα
1726 4067 1836 4122 τῶν

252 4152 424 4206 πάλαι
461 4154 756 4222 μεγίστων,
809 4155 996 4227 ἁϐρῶς
1041 4159 1155 4221 τοῖς
1189 4159 1370 4227 φίλοις
1420 4159 1836 4232 συνευωχούμε-

252 4263 365 4312 νον,
400 4249 596 4315 είπεῖν,
631 4249 744 4303 δεῖν
794 4250 883 4304 τδν
934 4250 1059 4304 νοῦν
1100 4254 1405 4324 φροντίδων
1439 4254 1608 4322 λύειν,
1644 4254 1834 4326 ὥσπερ

249 4339 320 4390 τὰ
351 4340 482 4405 τόξα
516 4342 624 4394 τῶν
651 4344 861 4414 νευρῶν
885 4345 1223 4416 ἀπολύομεν,
1253 4349 1302 4400 εί
1332 4347 1626 4418 μέλλοιμεν
1651 4348 1835 4413 αὐτοῖς

255 4431 502 4501 ἰσχυροῖς
527 4430 684 4498 αὖθις
715 4437 978 4506 χρῆσθαι,
1027 4438 1440 4492 ὲπαναλαϐοῦσι
1470 4439 1572 4510 τὴν
1620 4440 1836 4494 οἰκείαν

248 4526 503 4594 δῦναμιν.
541 4529 689 4598 ιῙλήν
713 4547 776 4598 γε
803 4533 870 4602 τῇ
903 4533 1154 4603 ῥᾳστώνῃ
1186 4531 1473 4603 χρώμεθα,
1503 4532 1579 4597 ῶς
1601 4551 1705 4600 τινι
1734 4535 1836 4605 τῆς

249 4617 492 4686 ἀθυμίας
517 4619 826 4692 βοηθήματι
850 4640 865 4655 ο
898 4622 1073 4687 ἄλλως
1103 4623 1162 4677 δὲ
1188 4623 1360 4693 αὐτὴν
1389 4625 1832 4696 ἀπορῥίπτομεν.

251 4712 339 4765 ἵνα
375 4711 449 4782 μὴ
479 4712 613 4766 πολὺ
654 4715 867 4785 τρυφᾷν
891 4716 1225 4786 ἐφιεμένοις,
1250 4716 1388 4770 πολὺ
1427 4719 1568 4788 πρὸς
1594 4719 1824 4773 τούναν-

254 4805 364 4858 τίον
397 4808 530 4878 ήμῖν
578 4811 814 4879 περιστῇ
863 4809 925 4862 τὸ
963 4810 1235 4880 βούλημα.
1279 4813 1354 4866 Τὸ
1389 4815 1500 4884 γὰρ
1548 4814 1606 4874 ἐς
1654 4812 1828 4881 ἀκρον

265 4895 554 4968 διαχεῖσθαι
587 4901 644 4964 ἐς
679 4902 847 4972 ἀκρον
877 4904 1243 4959 συνεστάλθαι
1271 4908 1450 4960 ποιεῖν
1485 4904 1700 4960 εἴωθεν.

1003 5083 1090 5140 Π’.

329 5171 443 5227 Οὐκ
473 5171 622 5227 ἔστιν
653 5173 831 5238 οὐδεὶς
861 5176 917 5230 ὲν
951 5175 1287 5247 ἀνθρώποις,
1315 5176 1371 5241 ὃς
1406 5180 1473 5232 ἀν
1503 5177 1709 5248 σπουδῇ
1738 5177 1836 5232 καὶ

253 5265 445 5328 πόνοις
497 5266 769 5338 διηνεκῶς
818 5271 1126 5340 χρήσαιτο·
1171 5271 1288 5325 ἀλλ’
1339 5273 1373 5342 ἡ
1405 5271 1570 5340 φύσις
1618 5273 1836 5341 ἑκάστῳ

250 5358 618 5423 σπουδάζοντι
649 5359 743 5414 καὶ
769 5361 1131 5432 παραμυθίας
1159 5362 1308 5425 τινὸς
1344 5363 1584 5433 ἐφίεται,
1619 5363 1834 5426 Ἀλλοις

252 5450 356 5513 μὲν
386 5449 479 5504 οῦν
505 5451 641 5506 ἄλλα
665 5452 802 5523 πρὸς
831 5452 1103 5525 ρᾳθυμίαν
1131 5454 1456 5525 έξεύρηταιο
1493 5455 1576 5508 σοὶ
1605 5454 1661 5509 δὲ
1692 5456 1833 5522 μετά

249 5542 454 5606 πόνους
486 5542 614 5604 τοὺς
645 5543 931 5615 βασιλεῦσι
962 5547 1348 5618 προσήκοντας
1377 5547 1622 5620 ἀρκείτω
1645 5549 1712 5602 τά
1748 5548 1832 5620 βι-

251 5633 403 5697 ϐλία.
435 5635 532 5690 καὶ
570 5635 630 5689 τὸ
669 5635 874 5704 πεδίον,
911 5636 1174 5707 ἑκάτερον
1221 5641 1363 5711 μετά
1401 5639 1599 5712 καιροῦ
1625 5657 1640 5672 ο
1670 5641 1768 5694 xal
1798 5641 1832 5708 ἡ

249 5725 460 5796 σχέδιος
492 5729 621 5781 σκιά
675 5731 904 5801 σκηνῆς,
939 5731 972 5802 ἢ
1019 5731 1259 5801 φύλλων,
1312 5732 1344 5802 ἦ
1381 5731 1595 5802 ἄντρων
1620 5747 1635 5764 ο
1677 5733 1771 5786 καὶ
1796 5733 1830 5803 ή

246 5819 457 5889 ἀηδὼν,
489 5820 539 5874 εί
567 5819 760 5892 τύχοι·
789 5823 824 5891 ἦ
845 5821 894 5875 τ’
927 5825 1266 5895 ἀναπηδῶσα
1290 5825 1464 5897 πηγὴ,
1493 5826 1585 5879 καὶ
1614 5826 1667 5879 αί
1701 5827 1832 5896 περὶ

241 5909 461 5984 ταύτην
483 5913 709 5984 βοτάναι
731 5930 747 5948 ·
783 5915 930 5970 λιτόν
961 5935 1018 5971 τε
1043 5919 1137 5972 καὶ
1168 5919 1479 5990 αὐτόματον
1499 5918 1652 5988 ὄψον,
1680 5920 1833 5988 ἥδιον

1939 3505 2035 3576 qui
2076 3518 2261 3559 rerum
2317 3503 2547 3572 potitur,
2591 3508 2822 3556 eatenus
2882 3514 3038 3554 mens
3070 3498 3224 3554 curis
3261 3498 3531 3561 solvatur,

1939 3606 2215 3669 quatenus
2239 3604 2296 3650 et
2314 3595 2484 3648 animi
2517 3593 2823 3649 molesﬂam
2851 3591 3109 3662 depellat,
3131 3605 3234 3646 nec
3259 3590 3532 3645 imbribus

1943 3691 2111 3762 hujus
2145 3690 2270 3744 vita:
2291 3687 2570 3744 continuis
2594 3688 2877 3742 obruatur.
2902 3685 3038 3742 Nam
3055 3701 3177 3739 cum
3209 3685 3376 3766 multa
3399 3685 3531 3750 sint,

1941 3799 2123 3854 eaque
2146 3782 2321 3847 varia,
2374 3795 2496 3852 quae
2530 3789 2639 3834 tam
2676 3779 2944 3843 interdiu,
2975 3794 3139 3847 quam
3172 3786 3337 3833 noctu
3377 3777 3532 3847 prin-

1939 3877 2118 3948 cipem
2153 3873 2450 3930 sollicitum
2491 3887 2614 3927 esse
2677 3880 2904 3942 cogunt,
2941 3870 3103 3926 facile
3128 3871 3295 3926 vitam
3334 3871 3531 3927 amise-

1941 3959 2286 4032 rit,‘semper
2317 3976 2443 4016 cuin
2490 3960 2728 4031 negotiis
2767 3960 3122 4015 colluctando
3144 4000 3160 4026 ,
3193 3977 3317 4030 quae
3348 3962 3532 4018 nullas

1937 4053 2162 4109 omnino
2185 4051 2611 4122 cogitationibus
2626 4052 2874 4107 inducias
2895 4053 3216 4108 concedant.
3231 4053 3532 4109 Perhibent

1935 4144 2233 4217 quemdam
2292 4145 2597 4199 maximum
2655 4144 2935 4215 quondam
2970 4145 3175 4210 virum,
3210 4145 3363 4202 laute
3399 4163 3527 4201 cum

1939 4241 2134 4296 amicis
2169 4241 2510 4310 epulantem,
2573 4240 2805 4305 dixisse,
2842 4249 3081 4297 mentem
3112 4242 3264 4299 curis
3301 4243 3532 4299 solven-

1939 4333 2065 4388 dam
2096 4349 2239 4401 esse,
2267 4334 2413 4388 sicut
2437 4349 2600 4389 arcus
2632 4351 2896 4391 enervare
2923 4336 3222 4403 soleamus,
3254 4338 3533 4409 siquidem

1939 4425 2049 4480 illis
2082 4427 2276 4481 iterum
2310 4427 2506 4481 validis
2541 4427 2622 4480 uti
2656 4427 2892 4484 velimus
2918 4469 2933 4493 ,
2988 4428 3310 4486 instauratis
3337 4447 3528 4487 eorum

1941 4517 2174 4575 viribus.
2205 4518 2313 4574 Sed
2352 4521 2454 4574 hac
2486 4529 2671 4575 tamen
2704 4521 3040 4577 relaxatione
3063 4523 3256 4579 saltem
3296 4525 3534 4591 utimur,

1942 4611 2111 4666 veluti
2161 4613 2400 4684 quodam
2448 4613 2797 4684 aegritudinis
2851 4615 3025 4668 animi
3091 4615 3529 4683 remedio;_cum

1861 4697 1905 4753 D
1934 4719 2058 4762 eam
2120 4703 2417 4774 caateroqui
2455 4704 2800 4776 rcjiciamus,
2839 4721 2907 4759 ne
2953 4705 3259 4775 voluptates
3292 4707 3528 4763 nimium

1934 4799 2305 4870 captantibus,
2326 4799 2378 4853 in
2395 4799 2669 4854 diversam
2689 4805 2900 4868 partem
2922 4799 3365 4854 animustendat.
3387 4797 3528 4854 Nam

1942 4899 2187 4944 extrema
2229 4889 2486 4961 quaedam
2552 4887 2880 4944 exhilaratio
2931 4902 3095 4944 causa
3129 4889 3372 4944 vicissim
3405 4905 3532 4946 esse

1937 4984 2193 5039 mmroris
2213 4983 2450 5039 extremi
2471 4984 2634 5043 solet.

2619 5075 2708 5130 LX
2719 5075 2836 5130 XX.

2013 5169 2253 5226 Omnino
2309 5168 2626 5224 mortalium
2666 5181 2839 5222 nemo-
2863 5176 2968 5232 est,
3022 5165 3116 5236 qui
3166 5167 3327 5222 seriis
3363 5170 3529 5223 rebus

1941 5273 2108 5335 atque
2138 5263 2424 5321 laboribus
2452 5263 2702 5319 intentus
2723 5276 2845 5318 esse
2882 5271 3148 5332 perpetuo
3179 5263 3352 5332 possit
3380 5281 3392 5319 :
3430 5265 3526 5320 sed

1943 5358 2060 5429 ipsa
2092 5366 2289 5412 natura
2311 5356 2584 5426 cujusque
2607 5354 2753 5412 seria
2775 5355 3094 5418 tractantis,
3114 5353 3332 5425 aliquod
3359 5356 3527 5412 etiam

1945 5449 2210 5506 solatium
2241 5437 2543 5504 desiderat.
2597 5446 2734 5501 Aliis
2763 5445 2933 5517 igitur
2964 5446 3072 5501 alia
3109 5446 3322 5504 levandi
3357 5450 3527 5504 animi

1945 5556 2115 5597 causa
2149 5551 2368 5612 reperta
2397 5547 2548 5596 sunt.
2589 5540 2659 5594 At
2706 5539 2804 5594 tibi
2839 5547 2975 5608 post.
3011 5541 3416 5597 convenientes.
3440 5555 3528 5595 re-

1943 5637 2102 5708 gibus
2123 5636 2344 5696 labores
2374 5633 2499 5690 libri
2531 5632 2806 5690 suﬂiciant
2827 5643 2882 5688 et
2909 5647 3138 5704 campus
3164 5643 3525 5702 ;_utrumque,

1941 5746 2068 5787 cum
2101 5729 2454 5786 commodum
2489 5728 2595 5784 erit
2623 5746 2637 5794 ;
2681 5735 2736 5784 et
2763 5727 2958 5783 umbra
2989 5727 3224 5796 simplex
3261 5739 3325 5778 ac
3358 5724 3528 5798 inela-

1943 5825 2137 5880 borata
2173 5823 2256 5879 vel
2303 5822 2527 5879 tentorii
2588 5821 2674 5876 vel
2706 5819 3011 5888 frondium,
3071 5818 3154 5873 vel
3184 5825 3473 5872 autrorum
3503 5858 3517 5883 ,

1940 5917 2275 5986 etlnscinia,
2313 5917 2358 5974 si
2418 5915 2596 5981 adsit;
2639 5921 2695 5971 et
2721 5912 2846 5972 fons
2879 5913 3105 5978 saliens,
3131 5918 3190 5967 et
3220 5909 3365 5967 circa
3397 5907 3547 5990 fon-q
