3958 6462
375 384 470 443 3'11
1531 390 1932 453 MANUELIS
1974 393 2418 457 PALIEOLOGI
3515 404 3626 469 372

372 507 480 550 tem
512 493 733 560 herbae;
769 504 825 550 et
856 495 962 550 vile
990 496 1212 566 quidem
1262 498 1556 554 obsonium
1593 501 1980 571 oblatumque.

2089 505 2109 558 ὲ
2153 507 2449 577 πεινήσασι
2496 506 2591 561 καὶ
2645 509 2984 575 πανδαισίας
3019 510 3122 580 τῆς
3150 510 3314 567 οἶκοι.
3362 512 3491 569 Ἐῶ
3519 514 3631 584 γὰρ

372 589 644 655 fortuito;
707 587 803 643 sed
855 588 1055 646 famem
1108 590 1485 656 aﬂ‘crentibus,
1552 592 1719 648 etiam
1776 593 1945 648 dubia

2089 592 2234 662 έγειν
2269 595 2583 666 ἀμϐροσίαν
2626 605 2720 650 καὶ
2749 599 2975 671 νέκταρ,
3014 600 3084 656 τὰ
3117 603 3348 672 μυθικὰ,
3383 603 3522 674 πρὸς
3550 598 3633 668 οἷς

373 693 551 744 eterra,
582 679 730 734 domi
776 688 1011 744 structa,
1065 680 1387 750 jucundius.
1418 680 1574 737 Mitto
1608 697 1844 751 namque
1882 683 1949 738 de

2115 684 2269 754 φίλος
2305 704 2386 741 σοι
2423 688 2610 753 ἵππος,
2641 691 2670 744 ό
2705 690 2879 759 κύων,
2923 694 2951 747 ὁ
2978 693 3155 764 ἱέραξ,
3186 696 3221 766 ἡ
3248 695 3386 766 πρὸς
3424 696 3494 751 τὰ
3537 696 3636 766 θη-

368 772 644 828 ambrosia
674 782 728 827 et
759 771 1280 839 nectare,l'abulosis
1310 773 1684 843 rebus,loqui.
1713 774 1953 830 Accedat

2098 776 2152 829 ία
2184 778 2292 832 τῶν
2344 778 2517 850 βελῶν
2567 780 2787 851 ἄφεσις,
2840 785 2972 839 ποτέ
3011 785 3114 857 μὲν
3144 786 3342 858 λάθρα,
3397 789 3531 842 ποτέ
3572 788 3634 842 δὲ

370 866 459 920 iis
496 865 593 919 tibi
627 864 828 921 charus
856 879 1063 941 equus,
1089 874 1145 920 et
1182 866 1337 919 canis
1364 874 1417 920 et
1449 866 1740 936 accipiter,
1788 876 1843 921 et
1870 875 1951 922 te-

2090 870 2244 941 ρόμῳ
2276 873 2568 945 χρωμένῳ,
2611 876 2835 933 ἐπειδὰν
2868 879 3150 943 κάκείνοις
3193 880 3393 933 ταυτὸν
3434 880 3634 948 γίγνη-

370 959 551 1013 lornm
586 957 641 1011 in
674 955 819 1013 feras
848 957 1094 1023 emissio,
1129 973 1279 1021 nunc
1299 958 1439 1013 clam
1463 999 1477 1021 ,
1512 973 1660 1013 nunc
1692 960 1851 1030 pleno
1874 959 1953 1013 fa-

2095 980 2172 1016 αι.
2200 963 2292 1032 Μὴ
2317 964 2434 1033 χρῶ
2461 966 2515 1018 δὲ
2543 965 2760 1031 τούτοις
2782 969 2857 1031 ὡς
2885 970 3052 1035 τέλει,
3077 970 3194 1024 ἀλλ’
3216 971 3442 1041 ἀφορῶν
3468 972 3551 1034 είς
3575 988 3634 1024 τι.

370 1048 565 1104 cienda
587 1064 779 1111 cursu,
803 1057 963 1119 prout
997 1048 1128 1119 ipsa:
1157 1057 1331 1105 semet
1365 1050 1694 1115 obtulerint.
1727 1050 1831 1109 Sed
1865 1051 1949 1104 his

2089 1053 2291 1119 λέλτιον,
2324 1055 2563 1123 εὐεξίαν,
2599 1061 2909 1127 κοινωνίαν,
2945 1064 3240 1132 ἐμπειρίαν
3266 1062 3640 1133 στρατιώταις

373 1149 548 1203 utere,
579 1156 687 1195 non
716 1150 976 1211 tanquam
1012 1142 1139 1202 line.
1169 1141 1263 1197 sed
1294 1141 1487 1198 melius
1524 1141 1731 1212 aliquid
1772 1142 1950 1212 respi-

2089 1150 2402 1220 πρέπουσαν.
2455 1152 2646 1225 Ταύτῃ
2675 1156 2903 1223 καὶτῆς
2949 1157 3123 1227 θήρας
3172 1158 3466 1229 ἀποτυχὼν
3491 1157 3641 1221 (οὒδέ

375 1234 548 1300 ciens,
574 1242 632 1288 ut
663 1235 1030 1290 valetudinem
1067 1235 1288 1300 bonam,
1332 1245 1391 1292 ut
1424 1236 1871 1306 popularitatem,
1894 1245 1953 1290 ut

2089 1238 2166 1308 ἀρ
2204 1240 2295 1297 ἀεὶ
2324 1244 2617 1314 τυγχάνειν
2649 1242 2762 1303 οἷόν
2785 1248 2900 1317 τε),
2933 1250 3034 1319 τῆς
3065 1250 3412 1321 εὐφροσύνης
3441 1251 3542 1303 οὐκ
3569 1248 3643 1303 ἂν

375 1324 792 1394 experientiam,
819 1340 939 1395 qua:
962 1324 1163 1381 milites
1183 1327 1392 1382 deceat.
1425 1325 1501 1381 lta
1530 1325 1642 1391 flet,
1676 1334 1738 1379 ut
1770 1324 1948 1395 praeda

2089 1329 2349 1399 ιμάρτοις,
2399 1335 2457 1388 ἐν
2505 1332 2588 1401 οἷς
2641 1338 2744 1395 οὐκ
2803 1337 2952 1394 ἐστιν
2993 1342 3314 1411 ἀποτυχεῖν,
3365 1340 3435 1394 δι’
3466 1341 3504 1397 ὅ.
3553 1355 3641 1393 σοι.

379 1431 487 1471 non
514 1418 740 1487 potitus,
777 1433 942 1489 quam
972 1432 1188 1487 semper
1217 1416 1446 1486 adipisci
1478 1432 1585 1470 non
1612 1416 1763 1483 licet,
1796 1416 1951 1471 volu-

2089 1418 2342 1489 προῦργου
2375 1421 2625 1492 γίγνεται
2654 1425 2715 1478 τὸ
2746 1425 2943 1498 θηρᾷν.

378 1520 523 1582 ptate
557 1514 821 1568 tamenin
865 1514 934 1569 iis
962 1514 1190 1569 minime
1224 1527 1438 1577 careas,
1471 1520 1591 1583 qua:
1625 1512 1815 1567 abesse
1847 1523 2147 1583 nequeunt,
2179 1526 2233 1572 et
2266 1533 2502 1589 quorum
2575 1535 2746 1578 causa
2814 1521 3055 1579 venandi
3125 1521 3376 1587 laborem
3446 1519 3637 1593 ιιι-θεοὶ,

379 1622 482 1683 pne
517 1621 780 1677 suscipis.

1047 1697 1289 1754 LXXXI.
2790 1702 2920 1760 ΠΝ.

1047 1705 1289 1754 LXXXI.

449 1786 596 1843 Cave
656 1789 978 1861 permiseris
1011 1790 1079 1845 ad
1112 1798 1164 1845 te
1192 1790 1380 1846 venire
1413 1789 1636 1861 propius
1695 1789 1956 1861 hypocri-

2842 1705 2920 1760 A’.

2146 1790 2466 1865 ’Υπόκρισις
2494 1793 2639 1849 ἔστω
2662 1811 2749 1856 σοι⁸
2779 1705 3036 1868 εἶσητὸν,
3070 1797 3167 1850 καὶ
3196 1796 3417 1868 μακρὰν
3446 1796 3475 1850 ὁ
3504 1796 3642 1851 ταύ-

384 1889 517 1946 tam,
550 1881 644 1936 sed
675 1882 854 1937 omnis
882 1882 1161 1938 simulatio
1193 1882 1288 1938 tibi
1318 1881 1677 1939 exsecrabilis
1705 1890 1853 1948 esto,
1891 1898 1960 1937 ne

2089 1903 2161 1958 ἠν
2193 1886 2590 1957 ἐργαζόμενος,
2629 1889 2702 1958 μή
2759 1905 2892 1943 ποτε
2928 1889 3099 1963 λάθῃς
3137 1887 3440 1951 πιστεύσας
3491 1886 3644 1956 λύκῳ

385 1973 704 2042 imprudens
736 1973 864 2043 lupo
903 1989 967 2029 ac
1018 1975 1216 2044 piratae
1265 1974 1449 2039 fidem,
1506 1987 1609 2044 pro
1640 1981 1861 2042 pastore
1897 1988 1961 2029 ac

2089 1992 2123 2038 [ε
2147 1977 2242 2038 καὶ
2265 1979 2500 2051 πειρατῇ
2526 1978 2647 2031 ἀντὶ
2685 1980 2948 2048 ποιμένος
2969 1982 3068 2033 καὶ
3103 1979 3464 2051 κυϐερνήτου.
3490 1978 3648 2031 Σκῶ-

384 2065 770 2133 gubernatore,
799 2066 1025 2121 habeas.
1049 2065 1107 2121 In
1134 2080 1253 2128 eos.
1269 2066 1363 2136 qui
1381 2065 1516 2121 false
1537 2074 1773 2137 carpunt
1795 2066 1958 2131 alios,

387 2157 535 2213 nullo
579 2173 703 2213 cum
756 2158 1000 2228 ipsorum
1055 2157 1260 2226 fructu,
1293 2158 1504 2215 salibus
1547 2159 1667 2229 ipse
1714 2156 1963 2229 paternis

387 2250 592 2307 utitor:
630 2260 690 2306 ut
716 2250 819 2307 hos
853 2252 1076 2321 quidem
1112 2252 1413 2322 ignominia
1450 2252 1676 2315 liberes,
1725 2251 1817 2322 qui
1842 2265 1966 2305 car-

387 2351 592 2412 puntur
622 2343 868 2414 inquam,
902 2344 1023 2400 illos
1054 2358 1184 2399 vero
1216 2344 1576 2399 modestiores
1596 2342 1967 2408 eﬂicias.Cre-

387 2434 500 2489 dita
540 2434 787 2490 iideitua:
818 2434 986 2490 verba
1009 2450 1122 2489 non
1145 2434 1302 2490 aliter
1334 2434 1635 2502 custodies,
1669 2451 1734 2490 ac
1759 2434 1806 2492 si
1843 2436 1966 2506 quis

388 2527 664 2598 ingentem
697 2526 814 2581 auri
842 2526 951 2581 vim
982 2528 1125 2596 apud
1186 2538 1237 2582 te
1269 2526 1640 2596 deposuisset.
1672 2525 1968 2582 Juramen—

390 2620 459 2676 tis
483 2630 539 2675 tu
561 2620 779 2691 quidem
809 2619 1133 2685 abstinebis,
1166 2619 1261 2675 sed
1281 2620 1498 2675 interim
1534 2634 1718 2676 mores
1746 2620 1823 2676 ιιιὶ
1847 2621 1970 2676 uni-

391 2713 565 2770 versis
599 2714 806 2783 optima
841 2727 1073 2783 qumque
1096 2712 1162 2767 de
1196 2722 1248 2767 te
1278 2711 1663 2784 polliceantur.
1700 2710 1967 2767 Votorum

392 2805 806 2875 conceptionem
854 2804 1074 2875 putabis
1110 2817 1233 2861 esse
1282 2820 1398 2861 rem
1441 2804 1653 2875 plenam
1696 2805 1966 2872 horroris,

394 2898 487 2953 sed
518 2907 571 2953 tu
609 2905 717 2952 tam
754 2895 889 2961 Deo,
921 2911 1084 2966 quam
1141 2897 1480 2962 hominibus,
1516 2898 1795 2968 promissa
1825 2910 1969 2965 prae-

396 2990 588 3046 stabis.
654 2989 861 3046 Decere
887 2997 941 3046 te
977 2989 1362 3055 arbitraberis,
1417 2997 1476 3045 ut
1517 2999 1871 3060 acceptorum
1903 2990 1971 3044 ab

396 3084 517 3139 aliis
548 3083 937 3139 beneficiorum
977 3082 1317 3150 memineris,
1352 3082 1448 3137 sed
1478 3083 1603 3138 aliis
1629 3082 1727 3139 abs
1758 3092 1812 3139 te
1833 3098 1973 3153 pm-

2065 2085 2166 2122 πτε
2197 2068 2253 2123 δέ
2289 2070 2573 2140 πατρικῶς
2601 2072 2728 2135 τοὺς
2780 2070 3058 2127 σκώπτειν
3089 2071 3285 2135 ἄλλους
3336 2069 3640 2135 ἐθέλοντας,

2063 2161 2163 2215 οὐκ
2191 2160 2461 2231 ὠφελείας
2487 2162 2683 2216 ἕνεκα·
2710 2164 2858 2227 ὅπως
2889 2164 3017 2226 τοὺς
3041 2163 3141 2233 μὲν
3171 2163 3437 2235 αἰσχύνης
3469 2160 3648 2215 ἀπαλ-

2067 2252 2309 2320 λάξειας,
2343 2253 2490 2323 λέγω
2519 2255 2584 2325 δὴ
2631 2255 2760 2320 τοὺς
2792 2257 3131 2325 πάσχοντας,
3159 2256 3285 2319 τοὺς
3318 2254 3375 2308 δέ
3425 2269 3644 2335 σωφροτ

2067 2345 2359 2416 νεστέρους
2390 2346 2674 2418 ἐργάσαιο.
2722 2344 3098 2409 Πιστευθέντα
3123 2348 3179 2404 δέ
3228 2365 3312 2402 σοι
3342 2347 3501 2416 λόγον
3532 2345 3649 2398 δια-

2069 2437 2331 2507 φύλαττε,
2365 2436 2397 2508 ἢ
2429 2437 2596 2502 εἴτις
2644 2439 2710 2493 ἄν
2742 2456 2827 2492 σοι
2875 2439 3102 2510 χρυσίον
3136 2438 3300 2509 ἁδρὸν
3352 2434 3645 2509 παρέθετο.

2071 2528 2292 2599 Ὀρκων
2330 2527 2389 2582 δέ
2423 2545 2519 2586 σου
2555 2530 2907 2598 φειδομένου,
2939 2529 3275 2598 ἐπαγγελίας
3300 2527 3513 2596 ἀγαθὰς
3542 2529 3651 2581 πᾶ-

2071 2637 2157 2674 σιν
2186 2623 2234 2674 οἱ
2264 2621 2457 2692 τρόποι
2486 2620 2803 2677 διδότωσαν.
2832 2623 3067 2697 Φρικτδν
3101 2622 3200 2693 μέν
3234 2617 3378 2676 εἶναι
3399 2621 3460 2676 τδ
3495 2620 3650 2689 εὔξα-

2074 2713 2202 2767 σθαι
2237 2713 2380 2767 πάνυ
2414 2711 2624 2782 νόμιζε,
2653 2713 2754 2776 τάς
2796 2714 3121 2783 ὑποσχέσεις
3150 2713 3206 2767 δὲ
3253 2713 3375 2784 Θεῷ
3401 2714 3495 2768 καὶ
3532 2716 3648 2776 τοῖς
3716 2702 3723 2707 ’

2072 2806 2385 2876 ἀνθρώποις
2421 2805 2656 2861 ἐκτέλει.
2688 2805 3018 2875 Μεμνῆσθαι
3049 2806 3234 2877 μέντοι
3278 2805 3389 2865 τῶν
3418 2805 3555 2874 πρὸς
3585 2803 3649 2859 σὶ

2072 2898 2180 2952 τῶν
2207 2898 2385 2954 ἄλλων
2407 2897 2668 2952 εὐποιιῶν
2695 2899 2973 2970 προσῆκον
3000 2893 3141 2953 εἶναί
3169 2915 3263 2952 σου
3296 2897 3511 2968 νόμιζε,
3536 2896 3647 2950 τῶν

2075 2988 2233 3059 παρὰ
2275 2987 2368 3041 σοῢ
2423 2988 2561 3060 πρὸς
2609 2988 2809 3051 ἄλλους
2857 2989 3349 3059 ἐπιλανθανόμενος
3374 3004 3390 3021 ⁸
3429 2988 3551 3047 θέλε
3591 2987 3649 3040 δὲ

2077 3081 2442 3146 πλεονεκτεῖν,
2488 3081 2586 3150 οὐχ
2613 3081 2862 3149 ὑστερεῖν
2900 3080 3286 3152 ἀμειϐόμενος.
3320 3081 3438 3133 Κᾶν
3476 3078 3650 3131 ταῦτα

397 3180 653 3233 stitorum
688 3175 1059 3239 obliviscaris,
1089 3176 1154 3229 Et
1205 3175 1432 3245 quidem
1468 3175 1689 3231 vincere
1716 3189 1976 3244 compen-

2089 3172 2341 3242 πράττων
2392 3172 2662 3243 διατελῇς,
2718 3173 2938 3241 φεύγων
2970 3172 3161 3229 καὶτὸ
3213 3171 3414 3241 ὕφαλον
3462 3164 3650 3239 αἶσχος

400 3269 585 3325 sandis
639 3268 944 3333 beneﬂciis,
978 3281 1087 3321 non
1153 3267 1300 3333 vinci
1369 3266 1528 3331 velis.
1563 3265 1699 3332 Quae
1722 3266 1766 3321 si
1798 3265 1978 3321 facere

402 3376 509 3433 non
559 3360 803 3425 desines,
863 3360 1143 3415 occultum
1201 3373 1423 3429 quoque
1476 3360 1716 3415 dedecus
1759 3358 1977 3428 fugiens

382 3457 553 3525 .(nam
583 3454 734 3509 larva
754 3468 1028 3524 scenaque
1058 3453 1146 3508 vix
1168 3453 1334 3507 etiam
1362 3452 1570 3507 scurris
1602 3451 1977 3515 concedenda.

402 3548 496 3617 qui
528 3547 612 3602 vel
636 3546 897 3616 colaphos
941 3546 1193 3615 accipere
1255 3560 1366 3601 non
1401 3544 1677 3607 dubitant,
1713 3552 1774 3597 ut
1802 3543 1976 3598 risum

406 3639 528 3693 aliis
550 3637 859 3707 moveant):
919 3638 1227 3693 orationem
1262 3645 1413 3691 tuam
1465 3634 1981 3706 jurisjurandiloco

408 3730 737 3789 mortalibus
763 3728 1040 3786 universis
1069 3728 1428 3784 sull'ecturam
1465 3727 1731 3782 arbitror.

1072 3818 1334 3876 LXXXII.

478 3917 626 3973 Viris
658 3915 1000 3988 principibus
1037 3912 1184 3967 haud
1220 3911 1362 3966 male
1386 3911 1982 3980 conveniuntgravitas

410 4023 572 4082 atque
604 4007 1169 4082 magniﬁcentia;sed
1221 4005 1501 4061 miscenda
1550 4005 1649 4059 tibi
1674 4020 1893 4074 semper
1932 4004 1983 4058 ei

410 4103 627 4175 frigori,
661 4101 809 4171 quod
830 4099 1011 4155 inesse
1044 4096 1298 4166 gravitati
1332 4096 1551 4151 videtur
1578 4104 1708 4166 apta
1734 4096 1981 4163 quasdam

411 4198 692 4253 suavitas:
728 4203 783 4250 et
812 4192 1118 4256 severitati,
1145 4208 1267 4261 quae
1297 4190 1722 4258 magniﬁcentia:
1764 4187 1987 4242 videtur

414 4293 617 4353 inesse,
657 4293 808 4356 grata
842 4283 1089 4353 quaedam
1122 4281 1463 4352 p0pularitas
1490 4296 1504 4333 :
1530 4287 1591 4333 ut
1623 4277 1709 4333 his
1765 4268 1987 4347 quoque

417 4381 579 4437 rebus
604 4378 837 4449 imperio
866 4387 959 4432 tuo
1021 4376 1190 4431 decus
1242 4373 1535 4435 concilies,
1594 4378 1649 4424 et
1697 4370 1987 4424 audientes

416 4476 564 4531 dicto
586 4473 839 4529 subditos
872 4472 925 4525 in
966 4470 1033 4525 iis
1056 4469 1283 4534 habeas,
1319 4466 1507 4536 quam
1541 4464 1745 4520 mentis
1773 4464 1983 4533 Optime

418 4566 793 4638 perspexeris;
831 4564 1041 4631 absque
1072 4574 1181 4629 quo
1211 4558 1301 4622 sit,
1330 4557 1467 4612 nihil
1527 4556 1676 4611 utilis
1734 4556 1813 4610 rei
1868 4553 1985 4608 fieri

419 4661 634 4730 poterit.
665 4659 727 4713 Et
759 4672 822 4712 ex
858 4662 984 4710 voto
1021 4668 1155 4709 sane
1181 4667 1270 4707 res
1309 4650 1407 4703 tibi
1434 4664 1543 4703 non
1574 4662 1769 4718 parum
1804 4660 1991 4703 succe-

417 4756 528 4820 dot,
561 4753 607 4809 si
643 4751 941 4821 benignum
980 4756 1034 4801 et
1091 4742 1498 4800 formidabilem
1562 4741 1619 4794 in
1677 4754 1792 4804 eos,
1848 4752 1989 4808 quos

420 4845 693 4909 convenit,
728 4854 777 4897 te
805 4856 984 4911 geres,
1016 4853 1119 4893 nec
1141 4838 1233 4906 jus
1266 4843 1416 4890 tuum
1455 4833 1507 4888 in
1535 4832 1793 4888 omnibus
1819 4845 1989 4886 accu-

423 4949 537 4993 rate
558 4934 853 5007 spectabis,
879 4941 933 4986 ct
967 4943 1161 5000 paenas
1188 4942 1297 4981 non
1329 4925 1397 4979 ab
1448 4924 1705 4979 omnibus
1763 4922 1987 4991 exiges:

421 5029 660 5084 maxime
700 5040 850 5090 vero,
878 5023 923 5079 si
963 5037 1068 5077 non
1104 5020 1284 5075 minus
1309 5019 1489 5084 lactis,
1554 5032 1718 5087 quam
1777 5016 1989 5081 verbis,

423 5137 515 5177 eos
542 5118 922 5190 persuadebis,
941 5113 1147 5169 rectius
1174 5112 1295 5178 tibi,
1327 5126 1488 5182 quam
1506 5110 1774 5180 ipsismet.
1801 5124 1989 5164 eorum

422 5229 545 5269 esse
567 5218 850 5281 perapecta
881 5207 1189 5264 commoda.
1250 5205 1461 5275 Quippe
1501 5203 1546 5257 si
1601 5200 1849 5257 futurum
1900 5217 1996 5271 pa-

426 5308 620 5369 ruerit,
659 5314 717 5360 ut
745 5302 967 5359 monitis
1002 5301 1113 5356 tuis
1151 5301 1621 5370 obtemperantes,
1689 5297 1809 5367 ejus
1866 5297 1999 5351 obe-

427 5396 648 5454 dientia:
681 5396 918 5451 fructum
962 5395 1156 5460 ferant,
1193 5392 1358 5448 etiam
1393 5391 1552 5447 factis
1589 5391 1845 5445 hortatus
1872 5397 1997 5443 tuos

430 5499 770 5544 antevertcre
811 5487 1126 5543 studebunt.
1157 5484 1268 5540 Hoc
1301 5482 1550 5548 medicis,
1592 5481 1696 5536 hoc
1722 5479 2000 5551 guberna-

432 5582 662 5649 toribus,
690 5585 793 5636 hoc
819 5579 1132 5651 pastoribus
1177 5578 1428 5649 largitur,
1466 5573 1712 5629 utetiam
1768 5570 1999 5626 nutibus

431 5681 499 5732 im
508 5677 708 5749 pellere
720 5673 956 5747 possint.

1062 5759 1354 5819 LXXXIII.

505 5864 713 5920 Imitari
745 5862 883 5919 nolis
921 5862 1035 5930 ejus
1064 5860 1232 5916 animi
1259 5854 1462 5923 studia,
1494 5867 1652 5923 quem
1682 5866 1793 5908 non
1826 5866 1999 5917 amas,

2083 3266 2166 3339 (τὸ
2196 3266 2306 3337 γὰρ
2355 3270 2726 3338 προσωπεῖον,
2762 3268 2916 3339 καὶὴ
2948 3267 3142 3337 σκηνὴ,
3179 3267 3332 3335 μόλις
3381 3282 3485 3323 που
3521 3280 3655 3331 συγ-

2079 3359 2335 3431 χωρητέα
2375 3357 2766 3426 γελωτοποιοῖς
2815 3360 3152 3431 ἀνθρώποις,
3184 3359 3235 3412 οἳ
3273 3358 3367 3417 καὶ
3403 3357 3493 3411 ἐπὶ
3525 3356 3654 3427 κόρ-

2082 3453 2185 3522 ῥης
2216 3449 2566 3522 ῥαπίζονται,
2611 3450 2753 3504 ὥστε
2787 3451 2913 3514 τοὺς
2961 3450 3156 3513 ἄλλους
3195 3448 3466 3517 γελάσαι),
3498 3443 3655 3517 οἶμαί

2084 3561 2166 3596 σοι
2197 3544 2291 3596 καὶ
2334 3542 2494 3612 λόγον
2527 3541 2647 3599 ἀνθ’
2698 3543 2866 3614 ὅρκου
2908 3545 3045 3615 πρὸς
3097 3544 3353 3606 ἅπαντας
3401 3541 3657 3613 ἀρκέσειν

2083 3637 2426 3708 ἀνθρώπους.

2158 3911 2437 3983 Σεμνότης
2466 3911 2563 3967 καὶ
2595 3909 3047 3982 μεγαλοπρέπεια
3074 3906 3340 3979 ἡγεμόσιν
3377 3904 3476 3959 οὐκ
3507 3905 3655 3975 ἀπᾴ-

2085 4007 2186 4060 δει.
2216 4007 2309 4058 Δεῖ
2355 4021 2414 4057 σε
2449 4004 2505 4057 δὲ
2540 4004 2736 4074 κιρνᾷν
2774 4002 2864 4057 ἀεὶ
2917 4000 3015 4061 τοῦ
3069 4001 3169 4069 μὲν
3211 3996 3412 4070 σεμνοῦ
3466 4001 3533 4069 τῇ
3569 3998 3656 4049 δο-

2087 4097 2261 4169 κούσῃ
2294 4096 2600 4167 ψυχρότητι
2629 4095 2731 4165 τὴν
2777 4095 3121 4171 γιγνομένην
3161 4093 3418 4164 ήδύτητα,
3469 4090 3566 4144 τοῦ
3601 4090 3658 4143 δὲ

2093 4187 2554 4260 μεγαλοπρεποῦς
2596 4186 2675 4257 τῷ
2718 4186 3019 4257 ἁμειλίκτῳ
3067 4184 3314 4239 δοκοῦντι
3369 4184 3659 4239 κοινωνίαν

2088 4282 2429 4351 χαρίεσπανσ
2472 4280 2623 4344 ὅπως
2670 4280 2888 4347 φαίνοιο
2917 4279 3008 4331 καὶ
3047 4278 3224 4331 τοῖσδε
3274 4277 3505 4349 πρέπων
3532 4280 3665 4346 ἡγε-

2094 4371 2277 4443 μονίᾳ,
2312 4369 2406 4423 καὶ
2440 4372 2630 4442 σχοίης
2676 4388 2747 4440 γε’
2774 4373 2900 4433 τοὺς
2941 4370 3048 4424 ὑπὸ
3080 4370 3140 4423 σὲ
3178 4368 3556 4439 πειθομένους,
3582 4362 3665 4432 οἷς

2095 4464 2161 4518 ἂν
2193 4463 2268 4525 ὡς
2299 4463 2498 4534 ἄριστα
2524 4464 2712 4532 γνοίης
2739 4478 2755 4495 ·
2790 4458 2851 4517 οὗ
2880 4464 3049 4533 χωρὶς
3079 4463 3229 4516 οὐδὲν
3262 4461 3378 4514 ἔστι
3408 4459 3663 4528 γενέσθαι

2096 4558 2204 4610 τῶν
2236 4557 2432 4627 ὀνῆσαι
2474 4556 2813 4625 δυναμένων.
2856 4555 3061 4608 Τούτου
3089 4553 3146 4607 δὲ
3179 4551 3438 4622 ἐπιτυχὴς
3472 4551 3539 4605 ἂν
3570 4551 3662 4619 γέ-

2095 4665 2228 4713 νοιο,
2260 4649 2358 4719 οὐχ
2400 4649 2606 4720 ἥκιστα
2636 4648 2736 4717 μὲν
2780 4646 2855 4700 ὣν
2885 4647 3129 4718 χρηστὸς
3168 4647 3264 4699 καὶ
3309 4644 3539 4716 φοϐερὸς
3585 4638 3670 4707 οἷς

2093 4742 2388 4812 προσήκει,
2423 4741 2517 4794 καὶ
2569 4740 2644 4810 μὴ
2690 4738 2751 4793 τὺ
2795 4739 2996 4794 σαυτοῦ
3052 4739 3270 4792 σκοπῶν
3313 4737 3557 4809 ἀκριϐῶς
3609 4738 3668 4789 ἐν

2093 4833 2287 4898 ἅπασι,
2322 4835 2416 4887 καὶ
2453 4833 2611 4897 δίκας
2636 4834 2696 4887 οὐ
2736 4834 2889 4903 παρὰ
2934 4832 3156 4885 πάντων
3193 4830 3523 4900 λαμὸάνωνο
3562 4827 3670 4898 μά-

2093 4926 2253 4980 λιστα
2279 4927 2358 4993 δέ,
2391 4928 2441 4980 εί
2476 4926 2690 4989 πείθεις
2735 4927 2934 4988 αὐτοὺς
2974 4925 3155 4997 ἔργοις
3197 4924 3298 4993 οὐχ
3327 4918 3490 4995 ἧττον
3517 4922 3549 4991 ἢ
3582 4919 3672 4973 λό-

2096 5036 2240 5088 γοις,
2270 5020 2347 5082 ὡς
2374 5020 2461 5090 ἄρ’
2498 5020 2723 5072 ἐκείνοιν
2766 5018 2990 5087 ἄμεινον
3023 5017 3084 5070 τὸ
3118 5015 3344 5069 ἐκείνων
3390 5014 3672 5083 συμφέρον

2096 5113 2404 5165 ἐπίστασαι.
2446 5110 2658 5180 Σαφοῦς
2691 5111 2801 5181 γὰρ
2838 5109 3125 5179 γεγονότος
3175 5108 3407 5171 ἐκείνου,
3442 5106 3517 5170 ὡς
3550 5122 3673 5159 πει-

2101 5204 2355 5275 θεμένοις
2387 5221 2470 5259 σοι
2528 5203 2886 5275 παραινοῦντι
2918 5202 2977 5256 εὖ
3024 5202 3091 5256 ἂν
3142 5202 3296 5272 σχοίη
3344 5198 3585 5255 τουτοισὶ
3611 5198 3674 5251 τὸ

2103 5298 2416 5360 πεπεῖσθαι,
2449 5297 2653 5367 φθάσαι
2687 5314 2783 5350 σου
2810 5298 2908 5359 τὰς
2939 5296 3292 5365 παραινέσεις
3326 5292 3674 5363 ἐθελήσουσιν

2102 5389 2305 5463 ἔργοις.
2356 5389 2527 5443 Τοῦτο
2584 5390 2811 5458 ἰατροῖς,
2861 5386 3022 5449 τοῦτο
3074 5386 3460 5457 κυϐερνήταις,
3514 5381 3677 5438 τοῦτο

2102 5483 2329 5554 ποιμέσι
2356 5481 2540 5536 δίδωσι
2569 5481 2630 5535 τὸ
2656 5483 2751 5536 καὶ
2779 5484 2895 5545 τοῖς
2928 5479 3196 5550 νεύμασιν
3226 5479 3403 5547 ἄγειν.

2833 5752 2960 5806 III".

2178 5845 2285 5912 Ἧς
2339 5846 2435 5909 μὲν
2495 5846 2594 5903 οὐκ
2636 5848 2763 5918 ἐρᾷς
2797 5846 2995 5914 ψυχῆς,
3047 5843 3123 5909 ὡς
3158 5843 3257 5897 οὐκ
3312 5840 3523 5905 ἐρώσης
3565 5834 3677 5897 τῶν
