3958 6448
305 421 405 483 373

1256 419 1667 511 PRECEPIA
1708 390 2235 484 EDUCATIONIS
2273 423 2558 485 aselle.

3444 424 3557 486 δτι

300 532 505 601 καλῶν,
544 532 751 605 ταύτης
786 534 859 605 μὴ
889 532 1060 606 μιμοῦ
1087 532 1156 588 τὰ
1187 534 1600 606 ἐπιτηδεύματα
1619 556 1635 571 ο
1739 536 1785 589 δ’
1812 531 1874 590 αὖ

1985 536 2131 590 velut
2162 535 2519 591 honestarum
2575 549 2759 619 rerum
2822 535 3045 594 minime
3101 536 3431 593 studiosum.
3490 541 3561 592 At

304 625 564 683 σύνοισθα
605 626 808 695 ἀγαθὰ,
859 627 1016 698 τήνδε
1064 627 1265 699 ζήλου.
1291 628 1512 683 Μᾶλλον
1557 628 1635 691 δὲ,
1683 628 1875 699 ἐπειδὴ

306 720 503 793 μηδεὶς·
548 720 854 790 ἀνθρώπων
888 721 1039 773 έστὶν
1087 721 1121 791 ἦ
1179 721 1340 776 πάνθ’
1380 721 1518 790 ὁμοῦ
1569 720 1872 791 τάγαθὰ,ἢ

305 811 475 883 μηδέν
502 828 559 865 τι
612 810 974 881 κεκτημένος,
1009 811 1105 866 καὶ
1155 809 1334 863 ἔνεστί
1376 825 1482 864 που
1529 810 1623 863 καὶ
1667 808 1876 878 φαῦλον

300 904 471 972 ἄνδρα
503 902 740 973 χρηστὸν
784 901 940 970 λόγον
989 903 1186 966 εἰπεῖν,
1222 901 1314 962 καὶ
1360 899 1679 954 τούναντίον
1706 897 1875 973 ’γενέ-

303 996 447 1060 σθαι,
475 997 731 1064 κρεῖσσον
759 994 969 1047 εἰπόντι
1023 992 1193 1047 καλὸν
1223 993 1536 1063 πεισθῆναι,
1569 990 1677 1046 κᾶν
1730 991 1876 1045 ἐκεῖ·

300 1104 390 1150 νος
416 1086 516 1140 οὐκ
543 1086 871 1158 ἐργάζηται,
911 1086 944 1156 ἢ
978 1087 1151 1140 τᾶλλα
1181 1087 1282 1157 μὲν
1311 1083 1426 1139 ὄντι
1451 1084 1697 1156 χρηστῷ,
1730 1083 1873 1154 φαῦ-

299 1181 392 1233 λον
446 1180 494 1233 δ’
544 1179 753 1233 είπόντι
803 1179 1116 1233 συνθέσθαι.
1172 1179 1358 1233 Κακδν
1407 1180 1440 1251 ἡ
1487 1178 1604 1248 ἔρις
1667 1179 1765 1233 καὶ
1812 1178 1875 1232 τὸ

297 1274 592 1328 ἀντίτυπον
613 1286 631 1305 ⁸
667 1272 841 1327 κακὸν
872 1271 940 1326 τὸ⁸
974 1274 1145 1327 πᾶσιν
1178 1271 1519 1338 ἀκολουθεῖν,
1548 1273 1644 1327 καὶ
1667 1273 1730 1327 τὸ
1765 1289 1875 1339 μα·-

296 1363 590 1418 λάττεσθαί
614 1380 695 1431 τε,
725 1367 823 1419 καὶ
848 1364 1109 1418 ἕλκεσθαι
1133 1362 1227 1418 νοῦ
1269 1365 1587 1436 χαυνότητι.
1626 1366 1722 1419 Ἐκ
1748 1364 1873 1421 διαί

299 1458 502 1527 μέτρου
547 1457 649 1527 μὲν
699 1458 858 1513 ταυτὶ
912 1456 1175 1528 διέχετον,
1226 1440 1398 1529 ἄμφω
1445 1457 1502 1512 δὲ
1550 1458 1702 1529 λύμη
1759 1461 1872 1524 τοῖς

294 1551 679 1621 κεκτημένοις.
722 1550 796 1606 Τὸ
837 1553 885 1607 δ’
916 1554 1089 1609 εῐκειν
1140 1553 1322 1633 λόγοις
1356 1554 1605 1625 ἀγαθοῖς,
1654 1554 1776 1611 ὅθεν
1806 1556 1877 1613 ἄν

296 1662 429 1700 ποτε
460 1646 725 1714 λέγοιντο,
762 1646 924 1702 τοῦτο
956 1647 1016 1701 δὲ
1062 1649 1230 1713 μέσον
1257 1649 1422 1717 ἐστὶν,
1464 1648 1711 1722 έντορνον
1750 1650 1873 1705 ὅλον

294 1737 559 1810 ἀκριϐῶς,
600 1739 737 1811 μηδὲ
767 1736 844 1811 τῷ
873 1739 1053 1811 μώμῳ
1087 1740 1260 1813 λαϐὴν
1290 1741 1557 1815 παρέχον.
1589 1743 1735 1813 Πρδς
1761 1742 1872 1814 γὰρ

292 1832 387 1887 τδν
414 1833 686 1903 φεύγοντα
730 1834 828 1898 τὰς
859 1835 1171 1907 ἀκρότητας
1207 1836 1335 1907 μηδ’
1373 1834 1440 1890 ἂν
1469 1837 1682 1890 ἐκεῖνον
1715 1832 1870 1906 οῐμαι

1983 628 2142 699 cujus
2166 628 2267 684 tibi
2294 627 2529 685 virtutes
2558 638 2703 684 notat
2728 637 2879 694 sunt,
2923 644 3049 686 eum
3102 632 3386 685 aemulare.
3442 630 3561 687 Imo

1982 721 2192 793 potius,
2231 736 2355 777 cum
2393 721 2646 777 mortalis
2673 735 2835 777 nemo
2866 722 2959 788 sit,
3005 723 3061 777 in
3098 737 3209 794 quo
3244 721 3326 778 vel
3357 733 3558 779 cuncta

1981 814 2146 869 simul
2176 814 2286 870 sint
2323 814 2483 880 bona,
2519 813 2607 871 vel
2649 814 2876 869 omnino
2903 816 3139 881 nullum,
3171 830 3408 886 cumque
3431 816 3552 871 tieri

1981 906 2180 975 possit,
2207 914 2267 960 ut
2289 905 2374 960 vir
2397 906 2578 963 malus
2614 908 2898 980 egregium
2925 908 3156 964 verbum
3195 906 3464 979 proferat,
3493 923 3559 964 ac

1981 996 2100 1053 vice
2131 1013 2287 1053 versa
2323 1015 2339 1054 :
2369 1006 2594 1069 praestat
2623 1000 2670 1055 ei
2696 1015 2913 1072 parere,
2948 1001 3039 1071 qui
3068 1001 3199 1056 boni
3221 1001 3352 1071 quid
3373 1010 3560 1071 protu-

1981 1090 2065 1157 lit,
2097 1091 2313 1147 tametsi
2347 1091 2530 1147 verbis
2558 1092 2704 1149 facta
2755 1109 2868 1149 non
2931 1094 3338 1164 respondeant,
3391 1109 3557 1164 quam

1982 1181 2194 1237 homini
2224 1184 2519 1254 caateroqui
2555 1183 2721 1252 bono,
2747 1185 2844 1240 sed
2875 1184 2968 1255 qui
3001 1184 3131 1239 mali
3153 1183 3281 1254 quid
3307 1198 3558 1250 pronun-

1980 1274 2156 1340 tiavit,
2189 1275 2468 1333 assentiri.
2490 1273 2693 1332 Malum
2735 1276 2869 1348 quid
2893 1285 2980 1332 est
3010 1275 3296 1332 contentio
3348 1284 3406 1331 et
3462 1275 3560 1330 ad-

1978 1369 2223 1424 versatio
2254 1386 2271 1424 :
2295 1369 2526 1437 malum,
2557 1383 2751 1428 omnes
2773 1369 2953 1441 sequi,
2971 1368 3135 1438 flecti,
3161 1369 3383 1425 levitate
3401 1383 3559 1424 men-

1980 1457 2052 1513 tis
2084 1458 2312 1529 impelli.
2350 1457 2562 1515 Distant
2587 1459 2702 1516 haec
2736 1459 2958 1531 quidem
2998 1474 3029 1515 a
3077 1474 3137 1515 se
3187 1459 3426 1514 invicem
3491 1471 3561 1512 ex

1980 1551 2291 1622 intervallo,
2332 1554 2426 1609 sed
2463 1553 2629 1610 ambo
2684 1553 2987 1624 perniciem
3050 1551 3290 1607 afferunt
3352 1551 3441 1618 iis,
3502 1550 3556 1604 in

1958 1644 2181 1717 quibus
2206 1645 2500 1703 exsistunt.
2531 1646 2601 1701 At
2630 1645 2975 1702 orationibus
3040 1643 3238 1700 cedere
3289 1643 3474 1707 bonis,
3527 1655 3559 1696 a

1978 1752 2310 1811 quocunque
2334 1739 2553 1797 tandem
2601 1737 2980 1810 proierantur,
3018 1737 3072 1793 id
3094 1752 3222 1793 vero
3251 1745 3305 1794 et
3333 1736 3559 1810 politis-

1979 1833 2183 1888 simum
2220 1833 2384 1905 plane
2413 1832 2673 1904 quiddam
2719 1839 2824 1897 est,
2856 1845 2923 1887 ac
2976 1845 3046 1887 ne
3092 1829 3276 1885 Momo
3333 1832 3558 1902 quidem

295 1928 694 1997 ἀναισχυντεῖν.
736 1929 844 1982 Καὶ
881 1929 1161 2001 πανταχοῦ
1188 1930 1246 1985 δὲ
1288 1929 1573 2002 χρώμενον
1609 1933 1732 1994 ταῖς
1767 1947 1868 2002 με·

1982 1926 2073 1998 ipsi
2098 1925 2544 1996 reprehensionis
2577 1938 2772 1979 ansam
2801 1923 3028 1994 praebet.
3063 1920 3281 1993 Quippe
3304 1938 3373 1979 ne
3413 1922 3561 1980 hunc

298 2019 506 2090 σέτησι,
564 2017 776 2114 φαίνοιο
825 2019 893 2075 ἂν
934 2024 1055 2087 τατς
1083 2024 1313 2092 ’ἀρεταῖς
1362 2023 1666 2096 χρώμενος.
1704 2024 1872 2096 Ὅρος

296 2112 406 2184 γὰρ
431 2111 614 2169 αὐτῶν
653 2114 712 2168 rb
742 2111 909 2184 μέσον
933 2115 1113 2184 ἔδοξεν
1143 2112 1308 2174 εἷναι.

1016 2407 1143 2461 I'IA'.

368 2517 585 2575 Ἥκιστ⁹
614 2519 681 2574 ἂν
710 2520 1004 2592 ἁρμόσειεν
1026 2521 1395 2595 αὐτοκράτορι
1420 2523 1453 2595 ἢ
1482 2523 1704 2594 βουλαῖς
1740 2525 1874 2580 ὕπο·-

293 2614 572 2685 τετάχθαι,
598 2614 788 2683 ώςύφ⁹
813 2616 1118 2686 ἁρμοσταῖς
1152 2617 1345 2670 ἑαυτὸν
1377 2617 1644 2685 ποιοῦντι,
1670 2618 1705 2691 ἦ
1729 2635 1873 2672 τισιν

293 2707 596 2774 ἀξιολόγοις
619 2708 945 2778 ἐπιχειρεῖν,
977 2709 1052 2778 μὴ
1085 2709 1268 2773 καλῶς
1300 2709 1747 2782 βεϐουλευμένῳ,
1777 2711 1874 2766 καὶ

293 2800 392 2862 τὰς
423 2799 649 2868 γνώμας
691 2799 871 2870 ἔχοντι
928 2801 1038 2853 τῶν
1082 2802 1407 2870 φιλούντων.
1465 2803 1795 2858 Βουλευτέον
1825 2804 1872 2859 δ’

296 2894 365 2949 ἂν
391 2894 475 2962 εἴη
509 2893 569 2946 τὸ
626 2895 752 2965 μήτ’
801 2894 1064 2948 ἀδύνατον
1110 2894 1296 2960 καλὸν,
1328 2897 1471 2966 μήτε
1499 2896 1725 2968 εὐχερὲς
1771 2898 1873 2967 μὲν

295 2987 630 3059 πραχθῆναι,
658 2988 829 3042 κακὸν
854 2988 931 3055 δὲ,
961 2989 1103 3059 μήτε
1138 3006 1192 3044 τι
1218 2989 1330 3043 τῶν
1362 2988 1680 3054 ἀναγκαίως
1709 2991 1873 3060 ἐπερ-

295 3081 543 3151 χομένων
563 3096 579 3111 ο
625 3080 745 3135 ἀλλ’
777 3081 806 3134 δ
845 3083 1086 3151 σπουδῆς
1117 3082 1210 3136 καὶ
1245 3083 1561 3155 φρονήσεως
1595 3081 1757 3154 ἔργον
1787 3081 1873 3152 δν,

294 3175 479 3243 ὀνήσει
507 3189 570 3240 γε
622 3172 805 3238 καλῶς
841 3172 1119 3244 πραχθέν
1153 3174 1245 3227 καὶ
1287 3173 1364 3245 μὴ
1396 3173 1661 3245 πραχθὲν,
1693 3173 1728 3246 ἦ
1770 3191 1873 3228 κα·

1975 2017 2196 2088 quidem
2220 2017 2461 2072 arbitror
2485 2015 2836 2088 impudenter
2865 2015 3137 2072 adversus
3184 2014 3338 2070 illum
3369 2028 3558 2087 agere,

1974 2107 2068 2178 qui
2090 2106 2472 2163 extremitates
2492 2107 2649 2162 vitat.
2688 2106 2933 2177 Denique
2961 2105 3009 2162 si
3055 2105 3237 2161 media
3282 2104 3450 2162 rebus
3503 2107 3560 2165 in

1974 2196 2232 2254 omnibus
2259 2199 2608 2271 amplecteris
2644 2200 2898 2255 virtutes.
2952 2196 3090 2254 Nam
3120 2212 3311 2253 earum
3352 2198 3554 2254 finitiov
3652 2187 3657 2193 ’

1975 2306 2101 2347 nem
2134 2291 2343 2363 placuit
2370 2308 2439 2349 ex
2467 2307 2555 2361 eo,
2580 2293 2729 2364 quod
2779 2292 3023 2348 medium
3059 2292 3159 2360 sit,
3194 2291 3555 2349 constituere.

2623 2405 2911 2464 LXXXIV.

2050 2526 2304 2584 Decuerit
2323 2527 2751 2598 haudquaquam
2775 2524 3186 2594 imperatorem,
3206 2523 3292 2580 vel
3306 2522 3554 2580 consiliis

1972 2622 2170 2678 alienis
2198 2636 2320 2678 esse
2347 2620 2682 2691 subjectum,
2725 2617 2887 2689 quasi
2933 2617 3376 2672 moderatoribus
3430 2631 3557 2673 sese

1974 2711 2410 2777 submittentem,
2431 2709 2518 2767 vel
2538 2708 2775 2780 alicujus
2795 2709 3058 2764 momenti
3085 2722 3174 2763 res
3196 2707 3377 2762 moliri
3401 2709 3556 2778 prius

1972 2819 2138 2879 quam
2171 2811 2321 2859 recte
2350 2801 2765 2869 consultaverit,
2803 2815 3108 2871 eorumque
3166 2798 3495 2865 sententias,
3527 2814 3557 2854 a

1972 2898 2172 2968 quibus
2197 2896 2466 2968 diligitur,
2487 2892 2774 2951 habeat.ln
2803 2892 3267 2950 consultationem
3304 2906 3433 2948 vero
3461 2891 3556 2977 die-

1972 2990 2307 3056 ducendum,
2340 3004 2442 3044 nec
2473 2989 2703 3056 bonum,
2740 2987 2888 3059 quod
2921 2988 3039 3043 tieri
3095 2986 3311 3058 nequit,
3367 3001 3467 3042 nec
3509 2980 3556 3041 Si

1973 3080 2102 3153 quid
2135 3081 2330 3137 effectu
2362 3080 2542 3146 facile,
2579 3080 2676 3136 sed
2728 3080 2960 3144 malum,
2984 3095 3086 3136 nec
3135 3078 3406 3150 quidquid
3462 3094 3560 3135 ne-

1972 3173 2215 3229 cessario
2240 3180 2457 3229 constat
2506 3181 2829 3229 eventurum
2874 3190 2891 3232 :
2922 3171 3018 3227 sed
3047 3171 3192 3243 quod
3216 3185 3341 3227 cum
3373 3173 3556 3226 studio

294 3265 428 3333 κῶς,
482 3264 690 3335 ζημίαν
733 3267 978 3336 ἐνεγκεῖν
1011 3265 1261 3321 δύναται.
1305 3265 1505 3329 Καλῶς
1533 3266 1590 3320 δὲ
1637 3245 1722 3321 ἂν
1749 3265 1873 3319 τότε

1982 3267 2380 3338 prudentiaque
2402 3245 2588 3336 perfici
2623 3264 2826 3335 possit,
2854 3272 3003 3320 recte
3026 3262 3231 3320 factum
3258 3263 3553 3329 conducet,

293 3356 589 3428 πραχθείη,
623 3352 818 3434 ὅτανῇ
873 3356 993 3427 μεθ’
1025 3357 1221 3411 ἑαυτοῦ
1272 3358 1616 3428 κεκτημένον
1662 3356 1871 3412 τούτων

1982 3373 2040 3414 ac
2077 3373 2184 3413 non
2211 3358 2413 3413 factum
2435 3358 2518 3413 vel
2540 3356 2741 3412 factum
2769 3356 3332 3421 male,detrimentum
3361 3352 3558 3413 afferre

295 3451 358 3520 δὴ
389 3450 497 3505 τῶν
530 3450 764 3504 τελικῶν
795 3450 1147 3522 καλουμένων
1177 3450 1505 3522 ὁλόκληρον,
1544 3451 1592 3504 εί
1621 3450 1867 3518 δυνατὸν,

294 3547 395 3612 τὴν
439 3543 644 3609 έξὰδαο
692 3544 828 3599 εἰδὲ
875 3543 970 3616 μὴ,
1013 3543 1082 3598 τά
1127 3543 1304 3598 πλείω
1346 3543 1575 3609 τούτων,
1614 3542 1647 3613 ἢ
1702 3543 1771 3597 τά
1809 3561 1870 3613 γε

295 3635 530 3705 κρείττω
590 3635 686 3687 καὶ
739 3632 1067 3704 τελεώτερα.
1120 3633 1304 3687 Καλὸν
1355 3634 1411 3688 δὲ
1462 3632 1558 3687 καὶ
1614 3633 1724 3703 πρὸ
1769 3633 1873 3703 τῆς

295 3728 487 3800 χρείας
519 3726 873 3799 βουλεύεσθαι
895 3743 909 3757 ο
942 3727 1018 3790 ὡς
1045 3727 1113 3798 ἢν
1136 3725 1334 3798 ἐπείγῃ
1363 3725 1423 3779 τὺ
1455 3724 1869 3805 βουλευέμενον,

298 3823 544 3893 ταραχῆς
589 3821 688 3885 τὰς
721 3819 962 3885 διανοίας
1010 3820 1303 3891 ἐμπιπλῶν
1334 3818 1586 3890 ἐμποδὼν
1631 3816 1763 3872 αὐτὸ
1790 3816 1872 3885 γίο

298 3928 446 3967 νεται
481 3914 546 3984 τῇ
578 3911 757 3981 οἰκείᾳ
781 3909 1093 3984 διορθώσει.

792 4254 799 4261 .
1016 4201 1144 4258 HE’.

382 4319 441 4373 Ὀ
468 4318 720 4389 βασιλεὺς
766 4320 1007 4389 ἐννόμως
1050 4319 1183 4384 ζῶν,
1227 4317 1320 4373 καὶ
1349 4318 1535 4388 νόμοις
1564 4319 1714 4387 ἄγων
1748 4321 1873 4381 τοὺς

303 4411 395 4465 ὑπ’
422 4410 606 4478 αὐτὸν,
639 4410 899 4476 καθάπαξ
958 4411 1208 4473 ἐναντίος.
1259 4411 1376 4463 ἐστὶ
1422 4411 1535 4473 τοῖς
1587 4412 1874 4481 τυραννεῖν

301 4505 600 4565 ἐθέλουσιν,
631 4505 680 4558 οἶ
726 4505 893 4575 νόμον
923 4503 1279 4573 ἀπαράὄατον
1313 4503 1497 4574 έχουσι
1531 4503 1628 4568 τὰς
1663 4505 1874 4557 ἑαυτῶν

301 4599 512 4664 ἡδονάς.
564 4599 836 4651 Ἐοικέναι
868 4598 975 4667 γὰρ
1026 4595 1267 4650 δοκεῖ’τὸ
1302 4595 1612 4664 βασιλεύειν
1647 4592 1727 4667 τῷ
1775 4614 1872 4649 τυ-

303 4690 538 4759 ραννεῖν.
592 4690 917 4743 Διίστασθον
947 4688 1006 4744 δὲ
1042 4688 1310 4760 ἀλλήλων,
1367 4689 1493 4742 ὅσον
1536 4689 1648 4742 οὐδ’
1694 4688 1876 4742 εἰπεῖν

302 4782 547 4850 εὐχερές.
584 4781 675 4852 Τῷ
703 4781 801 4853 μὲν
832 4785 942 4852 γὰρ
985 4782 1235 4852 τυράννῳ
1267 4782 1328 4834 τὸ
1359 4781 1623 4835 δύνασθαι
1660 4782 1722 4834 τὸ
1749 4782 1879 4846 τοὺς

307 4874 391 4927 ὑπ’
427 4874 619 4944 ἐκείνῳ
676 4874 907 4944 χαυνοῦν
955 4876 1106 4928 ἐστιν’
1142 4874 1251 4927 κᾶν
1291 4874 1447 4945 ἰσχὺν
1495 4873 1777 4946 προσλάϐῃ
1823 4870 1879 4926 τὸ

307 4966 499 5030 κοινὸν,
518 4968 877 5037 ιόνειροπολεί
913 4966 1017 5037 τὴν
1040 4964 1209 5021 αὐτοῦ
1239 4968 1567 5037 καθαίρεσιν
1587 4984 1601 4999 ο
1629 4967 1657 5020 ὁ
1680 4967 1724 5021 δ’
1750 4967 1881 5036 ἀλη-

305 5058 410 5121 θῶς
445 5058 698 5129 βασιλεὺς
728 5062 837 5123 τοῖς
884 5059 1345 5130 ύποταττομένοις
1378 5060 1427 5113 οί
1468 5059 1725 5130 πλήθεσι,
1773 5075 1880 5114 παο

302 5149 448 5220 τρὸς,
478 5152 759 5221 ποιμένος,
791 5149 998 5222 ἰατροῦ,
1025 5151 1372 5218 διδασκάλου,
1401 5150 1496 5205 καὶ
1527 5148 1581 5204 εί
1602 5169 1656 5205 τι
1685 5148 1874 5221 σχῆμα

301 5242 523 5298 δύναται
570 5243 790 5309 σώζειν,
830 5245 997 5298 τόπον
1051 5243 1242 5310 σώζων
1287 5243 1576 5315 τυγχάνει.
1618 5244 1877 5313 Νομίζων

301 5338 355 5390 δὲ
382 5339 437 5390 έν
466 5336 545 5407 τῷ
574 5336 741 5403 κοινῷ
773 5336 1127 5392 συνίστασθαι
1163 5336 1410 5390 τόκείνου
1450 5338 1752 5408 συμφέρον,
1784 5336 1877 5390 καὶ

302 5431 525 5503 Χριστῷ
553 5431 838 5495 διακονῶν,
872 5432 968 5485 καὶ
1000 5431 1337 5503 μιμούμενος
1371 5430 1536 5485 αὐτὸν
1569 5431 1772 5501 μᾶλλον
1799 5428 1877 5503 τῷ

300 5524 568 5578 διακονεῖν
598 5524 633 5595 ἦ
679 5522 1019 5595 τῷ¹ἆρχειν,
1076 5525 1255 5597 χαίρει
1302 5524 1529 5597 βελτιῶν
1553 5524 1653 5595 τὴν
1700 5523 1879 5596 ἀρχὴν

301 5618 410 5671 τῶν
467 5616 865 5687 βελτιουμένων
910 5609 1157 5690 ἄμεινον.
1212 5615 1346 5690 Είης
1398 5635 1489 5687 μοι
1534 5613 1795 5685 τοιοῦτος,
1835 5608 1881 5673 ὦ

305 5710 554 5778 φίλτατε.

1979 3452 2195 3521 poterit.
2220 3446 2374 3505 Tunc
2405 3458 2586 3506 autem
2611 3457 2758 3507 recte
2786 3444 2991 3505 factum
3020 3448 3146 3517 erit,
3167 3465 3291 3506 cum
3320 3450 3563 3523 integre,

1980 3542 2026 3598 si
2071 3542 2187 3597 fieri
2228 3542 2453 3612 poterit,
2490 3557 2585 3599 sex
2615 3542 2736 3598 illas
2774 3542 3035 3609 virtutes,
3069 3558 3210 3614 quas
3269 3553 3554 3598 extremas

1979 3644 2202 3708 vocant,
2222 3635 2559 3691 continebit:
2581 3636 2667 3692 sin
2701 3636 3017 3702 autem,ch
3048 3638 3310 3709 majorem
3337 3638 3554 3692 illarum

1980 3738 2212 3799 partem,
2231 3729 2317 3784 vel
2343 3727 2752 3801 prmstantiores
2779 3736 2945 3799 atque
2971 3728 3349 3797 perfectiores.
3374 3729 3554 3784 Etiam

1979 3822 2184 3879 bonum
2211 3832 2315 3886 est,
2347 3821 2776 3877 deliberationes
2808 3822 2984 3891 prius,
3034 3838 3203 3892 quam
3261 3822 3337 3877 sit
3385 3836 3551 3890 opus,

1980 3911 2231 3979 institui;
2260 3910 2482 3981 quippe,
2515 3910 2658 3979 quod
2689 3910 2743 3964 in
2795 3910 3258 3969 consultationem
3307 3911 3478 3989 venit,
3506 3911 3553 3967 si

1980 4002 2213 4057 nimium
2262 4012 2470 4072 urgeat,
2504 4001 2910 4071 perturbatione
2974 4010 3188 4059 mentes
3237 4000 3451 4073 implet,
3501 4012 3556 4058 et

1980 4108 2090 4164 quo
2118 4092 2302 4148 minus
2325 4091 2514 4148 haberi
2548 4091 2849 4147 remedium
2882 4092 3075 4165 possit,
3106 4093 3351 4164 impedit.

2633 4202 2896 4260 LXXXV.

2052 4316 2258 4388 Etipse
2281 4314 2582 4372 secundum
2606 4315 2760 4387 leges
2814 4315 3028 4382 vivens,
3078 4325 3132 4373 et
3177 4317 3432 4376 subditos
3488 4335 3559 4375 ex

1983 4409 2161 4481 legum
2186 4409 2507 4480 praescripto
2533 4408 2843 4480 gubernans
2869 4424 2989 4474 rex,
3019 4411 3184 4480 plane
3209 4411 3466 4470 diversus
3490 4415 3565 4469 ab

1981 4504 2047 4560 iis
2075 4511 2181 4568 est,
2214 4504 2308 4574 qui
2344 4502 2689 4574 tyrannidem
2731 4517 2993 4559 exercere
3054 4506 3245 4561 volunt
3276 4523 3291 4573 ;
3357 4520 3560 4562 unam-

1982 4613 2089 4668 que
2117 4596 2285 4667 legem
2318 4595 2690 4650 lnviolabilem
2718 4594 2940 4661 habent,
2968 4610 3102 4652 suas
3135 4597 3397 4653 nimirum
3434 4599 3560 4655 libi-

1982 4691 2163 4745 dines.
2185 4686 2325 4742 Nam
2356 4687 2604 4758 quaedam
2631 4686 2775 4740 inter
2803 4686 3014 4756 regium
3081 4688 3446 4757 dominatum,
3507 4701 3562 4749 et

1983 4781 2352 4862 txrannidem,
2379 4796 2500 4838 esse
2538 4779 2837 4837 similitudo
2868 4779 3085 4835 videtur
3112 4798 3126 4837 :
3151 4782 3245 4837 sed
3281 4792 3496 4838 tantum
3530 4801 3563 4840 a

1983 4874 2298 4932 seinvicem
2337 4873 2677 4945 discrepant,
2741 4882 3010 4944 quantum
3043 4884 3112 4927 ne
3160 4872 3401 4930 dicendo
3438 4877 3564 4944 qui-

1983 4967 2106 5022 dem
2134 4966 2398 5036 explicari
2432 4965 2592 5021 facile
2615 4972 2813 5037 potest.
2843 4966 3132 5034 Tyrannus
3169 4966 3223 5022 in
3271 4982 3338 5024 eo
3368 4980 3563 5039 poten-

1988 5060 2116 5114 tiam
2150 5072 2306 5114 suam
2335 5059 2495 5115 sitam
2520 5067 2698 5125 putat,
2729 5058 2775 5112 si
2795 5070 2926 5113 suos
2956 5055 3071 5126 ipse
3107 5056 3360 5116 subditos
3402 5060 3560 5115 debi-

1986 5149 2144 5217 litet;
2184 5165 2250 5205 ac
2277 5149 2330 5205 si
2364 5165 2453 5205 res
2485 5142 2702 5219 publica
2758 5149 2929 5205 robur
2991 5149 3216 5221 aliquod
3286 5154 3559 5223 acquirat,

1986 5243 2331 5299 eversionem
2353 5241 2601 5313 protinus
2629 5242 2744 5312 ipse
2765 5254 2921 5298 suam
2951 5243 3210 5299 somniat.
3267 5244 3439 5302 Verus
3463 5260 3565 5303 au-

1988 5345 2097 5392 tem
2138 5351 2232 5391 rex
2260 5350 2393 5407 erga
2417 5336 2695 5406 subjectos
2725 5335 2831 5392 sibi
2885 5337 3140 5406 populos,
3200 5341 3398 5409 patris,
3465 5357 3567 5414 pa-

1987 5430 2176 5493 storis.
2216 5429 2438 5496 medici,
2469 5429 2734 5496 doctoris,
2766 5439 2818 5485 et
2846 5431 2891 5487 si
2923 5446 3032 5500 qua
3062 5433 3226 5487 saluti
3279 5433 3566 5490 consulere

1987 5537 2219 5593 persona
2259 5529 2459 5593 potest,
2484 5520 2604 5592 ejus
2645 5522 2825 5578 locum
2860 5523 3090 5580 obtinet.
3133 5518 3384 5596 Cumque
3410 5539 3566 5581 com-

1993 5612 2214 5668 modmn
2239 5628 2401 5669 suum
2443 5613 2713 5670 contineri
2767 5614 2989 5685 publico
3050 5624 3223 5686 putet,
3274 5624 3329 5671 et
3359 5613 3566 5671 Christi

1994 5705 2243 5762 minister
2271 5707 2362 5771 sit,
2389 5715 2444 5763 et
2466 5708 2643 5778 magis
2687 5706 2841 5762 illum
2902 5707 3147 5764 imitetur
3195 5707 3574 5773 inserviendo,

304 5785 811 5872 quam-imperando
839 5819 854 5859 :
881 5803 1003 5875 plus
1049 5804 1352 5876 voluptatis
1399 5804 1573 5876 capit,
1642 5818 1873 5877 regnum
1914 5801 2110 5860 melius
2136 5800 2441 5870 elliclendo,
2481 5816 2648 5874 quam
2688 5800 2787 5895 illi,
2823 5799 2888 5857 ad
2917 5815 3056 5874 quos
3111 5801 3232 5874 ejus
3304 5799 3384 5857 rei
3443 5799 3564 5857 fru-

309 5903 430 5948 etus
460 5895 727 5966 pervenit.
757 5893 906 5955 Talis
940 5899 1072 5955 mihi
1100 5900 1197 5968 sis,
1232 5900 1559 5958 charissinze
1592 5898 1687 5955 fili.
