3958 6446
385 341 494 408 ἷ⁸75

1029 468 1313 526 LXXXVI.

453 576 603 635 Velis
634 580 851 651 quidem
876 583 940 637 ad
986 583 1058 650 id,
1091 601 1202 654 quo
1234 587 1288 640 in
1331 587 1488 642 bonis
1513 595 1816 644 extremum
1845 600 1949 658 est,

380 673 704 742 pervenire;
769 675 861 729 sed
896 676 1065 742 scias,
1095 677 1145 730 id
1201 678 1446 733 studium
1475 681 1530 734 in
1585 695 1774 736 eorum
1827 697 1952 738 esse

379 778 635 826 numero,
669 781 793 835 qua:
828 767 1016 836 perlici
1058 780 1360 836 nequeunt.
1393 770 1606 826 Interea
1635 788 1703 828 ne
1763 774 1952 831 doleas

376 857 520 923 quod
548 873 804 924 currens,
835 867 1033 914 metam
1065 876 1172 915 non
1206 863 1464 932 attingas.
1495 863 1612 919 Non
1643 867 1786 920 enim
1847 868 1951 924 hoc

377 951 758 1012 spectandum.
828 953 974 1020 quod
1025 953 1232 1008 bonum
1294 956 1364 1011 sit
1397 957 1638 1024 aliquod,
1663 959 1947 1016 hominum

376 1044 577 1096 Virtute
607 1043 918 1109 sublimius,
939 1046 1199 1114 sedquod
1225 1047 1293 1113 is,
1321 1049 1413 1119 qui
1446 1065 1610 1106 cursu
1646 1051 1710 1106 ad
1745 1053 1795 1105 id
1819 1069 1951 1107 con-

378 1133 576 1196 tendit,
615 1137 840 1205 propius
875 1154 1088 1207 semper
1115 1141 1354 1194 accedat.
1394 1140 1552 1198 Hune
1580 1144 1681 1198 sibi
1713 1145 1805 1214 qui
1831 1159 1952 1200 sco-

378 1242 507 1294 pum
547 1230 760 1294 statuit,
825 1245 1064 1298 eumque
1114 1242 1488 1289 consentanea
1514 1238 1726 1291 ratione
1767 1247 1951 1306 petere

377 1334 485 1371 non
519 1321 957 1392 desinit,sa3pins
989 1325 1206 1392 quidem
1239 1327 1500 1395 attinget;
1532 1342 1595 1383 ac
1641 1329 1764 1385 licet
1793 1331 1954 1385 aber-

375 1418 480 1474 ret,
531 1411 764 1480 amplius
817 1421 995 1468 tamen
1066 1415 1272 1485 aliquid
1327 1416 1566 1481 habebit,
1612 1435 1774 1489 quam
1831 1423 1946 1477 alii.

375 1497 510 1551 Nam
537 1499 628 1569 qui
662 1511 866 1556 temere
909 1501 1186 1567 feruntur,
1237 1504 1414 1559 insrar
1463 1506 1684 1560 navium
1739 1508 1950 1564 instru-

376 1598 560 1643 mcnto
589 1605 688 1644 suo
714 1591 1017 1645 carentium
1051 1608 1065 1656 ;
1093 1591 1300 1662 quique
1330 1592 1526 1648 vitiose
1559 1594 1824 1662 viventes,
1857 1595 1949 1650 be-

379 1696 445 1735 ne
476 1683 654 1737 vivere
681 1683 849 1738 videri
885 1685 1097 1746 volunt,
1126 1699 1301 1754 eaque
1333 1701 1394 1740 re
1449 1687 1818 1751 delectantur,
1851 1687 1938 1742 his

1569 360 1968 422 MANUELIS
2000 363 2444 428 ΡΑιιΕοιοαΙ

1972 484 2022 540 Δ

3511 372 3619 437 376

2764 487 2906 556 nq'.

2121 591 2254 646 Θέλε
2287 592 2385 660 μὲν
2429 592 2486 657 ἐς
2521 591 2750 663 ἔσχατον
2779 597 2892 649 τῶν
2937 597 3116 650 καλῶν
3149 597 3345 663 ἐλθεῖν,
3379 597 3621 666 γίνωσκε

2051 683 2108 738 δέ
2135 685 2393 738 ἀδύνατον
2423 685 2520 752 τὴν
2563 685 2750 756 ἔφεσιν
2779 687 2983 758 ταύτην
3010 683 3178 744 οὖσαν
3200 705 3218 724 ο
3255 689 3350 742 καὶ
3381 689 3458 758 μὴ
3494 690 3627 744 ἀθύ-

2055 795 2169 848 μει,
2213 779 2424 849 τρέχων
2455 780 2572 849 μὲν,
2626 782 2726 834 οὐκ
2779 781 3170 850 ἐφικνούμενος
3212 783 3290 836 δέ.
3318 782 3454 837 Ούδὲ
3513 783 3624 855 γάρ

2053 870 2212 924 τοῦτο
2236 871 2317 922 δεῖ
2355 873 2604 936 σκοπεῖν,
2637 873 2720 940 ὅτι
2742 873 2979 941 τάγαθὸν
3009 874 3342 945 ὑψηλότερον
3367 875 3467 943 τῆς
3490 876 3622 943 dpe-

2051 961 2152 1030 τῆς
2181 961 2288 1015 τῶν
2317 961 2621 1032 ἀνθρώπων
2646 979 2662 996 ο
2704 962 2821 1016 ἀλλ’
2852 965 3046 1033 ὅτιπερ
3084 966 3113 1018 ὁ
3151 965 3358 1036 τρέχων
3394 965 3469 1028 ὡς
3493 966 3626 1018 αύτδ

2051 1054 2332 1123 ἐγγυτέρω
2365 1055 2596 1121 γίνεται.
2629 1057 2740 1108 Καὶ
2781 1056 2808 1108 ὁ
2837 1055 2994 1109 τοῦτο
3026 1056 3252 1125 θέμενος
3290 1056 3470 1125 ἐαυτῷ
3502 1073 3629 1110 σκο-

2053 1144 2177 1210 πὸν,
2207 1146 2303 1198 καὶ
2348 1145 2426 1213 τῷ
2455 1146 2628 1199 εἰκότι
2657 1144 2868 1216 βάλλων
2908 1148 2968 1200 οὗ
3003 1148 3332 1216 παυόμενος,
3363 1148 3625 1211 πολλάκις

2055 1235 2154 1305 μὲν
2191 1237 2554 1304 ἐπιτεύξεται,
2586 1238 2694 1304 ἔξει
2731 1239 2788 1293 δέ
2841 1257 2894 1294 τι
2941 1240 3107 1294 πλέον
3139 1239 3247 1294 τῶν
3289 1241 3487 1307 ἄλλων,
3520 1241 3628 1294 κᾶν

2052 1329 2336 1402 ἀποτύχῃ·
2368 1332 2483 1393 τοῖς
2517 1331 2616 1401 μὲν
2648 1333 2759 1402 γὰρ
2789 1332 2865 1397 ὡς
2909 1333 3069 1404 ἔτυχε
3096 1333 3447 1404 φερομένοις,
3480 1335 3625 1387 κατὰ

2049 1418 2119 1472 τὰ
2177 1420 2552 1492 ἀνερμάτιστα
2600 1421 2793 1488 πλοῖα,
2851 1422 2947 1476 καὶ
2996 1421 3163 1486 ζῶσιν
3217 1424 3276 1474 ἐν
3325 1421 3626 1492 φαυλότητι

2050 1510 2242 1583 ὥσπερ
2276 1514 2333 1565 ἐν
2372 1513 2726 1585 χρηστότητι,
2760 1516 2858 1570 καὶ
2885 1515 3171 1585 ἡδομένοις
3201 1515 3279 1582 τῷ
3308 1514 3620 1583 πράγματι,

2049 1602 2158 1657 οὐδ’
2196 1605 2254 1657 ἐν
2283 1605 2464 1658 ἐλπίσι
2495 1605 2741 1660 κείσεται
2775 1607 2888 1660 τῶν
2915 1607 3102 1660 κακῶν
3141 1607 3174 1676 ἡ
3208 1604 3517 1678 διόρθωσις.
3562 1606 3623 1658 ’0

2049 1691 2108 1746 δέ
2159 1692 2441 1764 λογισμοῖς
2503 1694 2838 1764 ἰθυνόμενος,
2886 1695 2992 1749 κᾶν
3037 1695 3295 1766 ἁμάρτῃ,
3355 1693 3624 1761 ἀνάγκαις

379 1789 446 1829 ne
481 1779 748 1844 speranda
778 1778 996 1847 quidem
1027 1779 1294 1858 malorum
1321 1779 1651 1834 emendatio.
1681 1778 1784 1844 Qui
1820 1794 1941 1834 vero

2053 1782 2258 1848 πάσαις
2304 1785 2631 1856 αἰσθήσεται
2668 1784 2765 1839 τοῦ
2798 1784 3000 1851 δεινοῦ,
3032 1785 3170 1854 ὅπερ
3208 1782 3352 1855 ἀρχὴ
3403 1780 3626 1856 διορθώ-

378 1867 610 1922 rationis
662 1854 1123 1938 prteceptionibus
1176 1869 1403 1940 regitur,
1470 1872 1684 1926 etiamsi
1737 1881 1947 1940 peccet,

376 1960 576 2014 malum
611 1969 790 2014 tamen
831 1960 1008 2031 ipsum
1045 1962 1369 2018 necessario
1402 1964 1624 2030 sentiet,
1689 1964 1744 2020 id
1799 1965 1946 2035 quod

279 2104 296 2126 η
373 2055 775 2110 emendationis
796 2063 881 2110 est
915 2055 1132 2110 initium

1003 2147 1312 2206 LXXXVII.

441 2264 610 2337 Siqui
641 2275 868 2323 mortem
902 2267 956 2322 in
982 2266 1142 2323 bellis
1167 2267 1489 2334 formidant,
1524 2269 1560 2324 ii
1616 2269 1800 2338 fugere
1854 2282 1946 2323 so-

2052 1894 2214 1940 σεως.

2769 2154 2893 2210 ΠΖ’.

2129 2267 2258 2324 Ἐπὶ
2283 2268 2389 2322 τῶν
2417 2269 2672 2340 πολέμων
2694 2270 2742 2322 οἰ
2771 2267 3089 2338 φρίττοντες
3111 2267 3205 2318 τὸν
3231 2266 3482 2330 θάνατον,
3510 2266 3620 2319 οἵδε

371 2361 519 2426 lent;
547 2371 600 2414 ct
630 2361 720 2430 qui
756 2359 992 2430 fugient,
1028 2362 1203 2432 magis
1240 2364 1464 2426 cadunt,
1488 2379 1651 2433 quam
1687 2362 1780 2433 qui
1804 2377 1941 2418 mor-

2048 2359 2356 2428 φεύγουσι·
2407 2363 2502 2414 καὶ
2562 2360 2854 2430 φεύγοντές
2909 2376 2973 2428 γε
3019 2358 3313 2412 πίπτουσιν
3371 2358 3518 2428 ῆπερ
3569 2359 3621 2410 οἰ

372 2461 478 2504 tem
508 2459 948 2515 contemnentes,
987 2459 1135 2507 stare
1162 2452 1392 2507 malunt.
1435 2454 1530 2506 Est
1588 2453 1734 2508 enim
1802 2452 1941 2524 peri-

2048 2453 2352 2521 ἱστάμενοι,
2376 2451 2847 2521 καταφρονοῦντες
2873 2453 3127 2506 θανάτου.
3151 2450 3310 2519 Δεινὴ
3330 2450 3437 2520 γὰρ
3471 2451 3622 2520 μάχη

369 2541 552 2596 culosa
586 2551 861 2612 tergorum
878 2544 1142 2600 adversus
1187 2559 1386 2600 manus
1411 2559 1615 2613 pugna.
1639 2545 1832 2600 Itidem
1851 2548 1941 2614 qui

2048 2543 2235 2599 νώτων
2265 2546 2403 2614 πρὸς
2435 2546 2645 2614 χεῖρας,
2683 2545 2778 2597 καὶ
2825 2544 3194 2615 ὀρρωδοῦντες
3230 2544 3290 2595 τὸ
3320 2543 3495 2610 ξίφος,
3527 2543 3623 2611 ἐρ-

367 2634 606 2706 gladium
629 2645 901 2699 metuunt,
935 2637 1004 2689 ab
1059 2651 1126 2691 eo
1149 2638 1538 2704 coniiciuntur,
1574 2654 1639 2692 ne
1698 2639 1941 2708 sepultu-

2048 2653 2142 2704 γον
2181 2637 2372 2689 τούτου
2406 2637 2670 2704 γίνονται,
2716 2635 2852 2705 μηδὲ
2894 2635 3027 2702 γοῦν
3057 2635 3236 2704 ταφῆς
3281 2633 3616 2703 ἀξιούμενοι.

370 2741 441 2779 ra:
469 2725 689 2794 quidem
727 2727 989 2781 honorem
1035 2729 1440 2798 impetrantes:
1516 2739 1571 2784 at
1627 2731 1718 2799 qui
1776 2731 1941 2786 veluti

2048 2727 2110 2780 Οἳ
2157 2727 2200 2780 δ’
2252 2726 2326 2790 ὡς
2375 2725 2761 2795 τεθνηξόμενοι
2805 2727 3189 2796 διαμάχονται,
3245 2725 3380 2789 ζῶσί
3431 2743 3489 2778 τε
3525 2728 3620 2778 καὶ

368 2825 601 2870 mortem
635 2817 933 2887 oppetituri
965 2827 1231 2886 pugnant,
1253 2818 1288 2870 ii
1309 2819 1511 2887 smpius
1535 2819 1790 2875 victorias
1824 2820 1941 2874 adi-

2048 2818 2468 2888 στεφανοῦνται,
2515 2818 2780 2882 πολλάκις
2827 2817 3235 2888 περιγινόμενοι
3279 2834 3338 2870 τε
3368 2817 3463 2870 καί
3503 2817 3623 2886 ἀρι-

368 2908 662 2976 piscentes,
687 2916 741 2963 et
772 2922 885 2962 rem
913 2919 1166 2978 gerentes
1190 2909 1417 2977 optime,
1450 2925 1558 2964 non
1621 2913 1941 2980 superstites

2048 2913 2332 2978 στεύοντες
2367 2913 2517 2982 μάλα
2555 2930 2619 2981 γε
2648 2913 2872 2975 εἰκότως
2903 2913 3112 2982 άμφότε
3126 2929 3213 2982 ραι.
3263 2912 3360 2966 Ἐκ
3385 2911 3483 2980 μὲν
3510 2911 3618 2980 γὰρ

369 3000 531 3056 modo
563 3009 712 3065 sunt,
745 3015 932 3055 verum
965 3002 1126 3055 etiam
1153 3013 1494 3057 coronantur
1528 3011 1580 3057 et
1624 3004 1941 3072 aequissima

2048 3008 2138 3061 τοῦ
2183 3007 2256 3079 μὴ
2289 3006 2572 3076 φοϐεῖσθαι
2619 3005 2681 3058 τὸ
2722 3005 2996 3071 ἵστασθαι,
3035 3004 3174 3074 μετὰ
3218 3003 3276 3056 δέ
3309 3003 3418 3056 τῶν
3452 3001 3617 3072 βεϐη-

367 3094 585 3164 quidem
609 3103 906 3162 utrumque
930 3093 1156 3149 ratione.
1175 3094 1304 3148 Nam
1324 3094 1390 3149 de
1407 3109 1512 3149 non
1541 3097 1830 3152 metuendo
1857 3095 1940 3163 ﬁt,

2048 3100 2221 3154 κότων
2249 3101 2282 3168 ἡ
2308 3099 2453 3168 νίκη.
2473 3097 2690 3151 Τούτων
2722 3096 2778 3149 δὲ
2813 3097 2860 3148 οἰ
2893 3097 3148 3164 στέφανοι
3179 3094 3478 3162 γίγνονται.
3509 3094 3617 3144 Καὶ

367 3161 426 3240 ut
454 3194 648 3248 stetur,
669 3200 697 3239 a
721 3184 977 3239 stantium
1010 3201 1134 3239 vero
1169 3187 1437 3255 partibus.
1464 3186 1726 3252 victoria;
1762 3191 1939 3240 victo.

2048 3196 2095 3245 εἰ
2120 3194 2231 3255 τοῖς
2265 3161 2525 3260 εὐψύχοις
2553 3189 2734 3255 ταυτὶ,
2769 3189 2929 3258 δῆλον
2970 3161 3052 3241 ὅτι
3081 3161 3343 3240 τάναντία
3371 3187 3482 3248 τοῖς
3507 3183 3617 3237 δει-

370 3291 460 3332 res
495 3285 674 3330 autem
706 3276 927 3330 coronis
948 3278 1256 3345 poliuntur,
1289 3286 1456 3345 atque
1489 3279 1603 3334 haec
1633 3279 1676 3334 si
1704 3279 1941 3334 strenuis

2048 3284 2178 3346 λοῖς.
2231 3284 2292 3336 Εἰ
2337 3284 2393 3337 δὲ
2442 3284 2534 3336 καὶ
2563 3280 2812 3335 πεσεῖται
2844 3297 2927 3342 τις
2973 3283 3031 3333 ἐν
3058 3280 3136 3349 τῷ
3189 3279 3470 3346 πολεμεῖν,
3522 3277 3619 3328 καὶ

366 3385 419 3423 et
460 3368 724 3423 animosis
775 3368 1125 3436 contingunt,
1159 3369 1366 3424 timidis
1395 3370 1613 3425 evenire
1663 3373 1941 3426 contraria

2048 3375 2264 3445 φεύγων
2295 3375 2454 3438 ἄλλος
2486 3373 2595 3436 σῶς
2633 3374 2897 3444 ἐπανήξει
2928 3389 2942 3403 ο
2970 3371 3085 3425 ἀλλ’
3113 3372 3201 3424 ὅδε
3232 3371 3333 3441 μὲν
3365 3371 3464 3439 τῆς
3495 3368 3619 3439 μετ’

365 3469 544 3529 paret.
577 3460 731 3527 Quod
775 3461 822 3516 si
868 3463 1108 3517 maxime
1134 3463 1259 3532 quis
1309 3464 1470 3517 cadat
1522 3465 1576 3518 in
1636 3479 1839 3534 pugna,
1891 3474 1941 3519 et

2048 3469 2308 3537 αἰσχύνης
2332 3467 2479 3534 ζωῆς
2505 3466 2862 3536 οἰκτείρεται,
2895 3465 3104 3528 ἐκεῖνος
3141 3465 3197 3516 δὲ
3227 3465 3498 3534 μακάριος
3520 3461 3613 3513 τοῦ

364 3551 505 3607 alius
539 3552 830 3608 incolumis
856 3561 1181 3618 revertatur,
1217 3565 1399 3608 tamen
1425 3555 1570 3609 lnmc
1595 3554 1845 3609 homines
1872 3555 1941 3608 ob

2048 3562 2183 3631 μετὰ
2240 3560 2398 3629 δόξης
2447 3557 2708 3612 θανάτου.
2753 3560 2825 3612 Τὸ
2870 3558 2926 3610 δὲ
2976 3557 3041 3625 δὴ
3095 3557 3374 3625 θαύματος
3421 3556 3614 3623 γέμον,

365 3645 784 3714 ignominiosam
808 3645 972 3700 vitam
1012 3643 1364 3710 miserantur,
1399 3646 1550 3701 illum
1579 3660 1745 3702 causa
1787 3661 1938 3699 mor-

2048 3653 2244 3714 πάντες
2279 3651 2379 3720 μὲν
2424 3651 2572 3703 ἴσασι
2606 3649 2765 3703 τάδε·
2799 3648 3047 3717 γίγνεται
3081 3649 3128 3702 δ’
3172 3642 3266 3701 οὖν
3311 3647 3371 3699 τὸ
3419 3645 3614 3706 δεινὸν,

362 3739 435 3793 tis
470 3737 631 3792 obita:
658 3753 781 3792 cum
808 3739 979 3810 gloria
1007 3737 1228 3793 beatum
1272 3737 1598 3806 praedicant.
1641 3736 1763 3791 Jam
1787 3738 1936 3809 quod

2048 3742 2134 3810 τῆς
2167 3741 2344 3811 ψυχῆς
2379 3742 2514 3810 ἡμῖν
2563 3741 2872 3811 τραπείσης
2917 3740 3024 3794 ὑπό
3061 3756 3154 3791 του
3207 3737 3614 3806 δεδιττομένου.

363 3830 593 3902 prodigii
633 3834 786 3901 quasi
815 3832 1032 3901 plenum
1057 3840 1161 3894 est,
1197 3840 1400 3885 norunt
1428 3834 1540 3886 haec
1561 3829 1782 3901 quidem
1821 3846 1941 3886 om-

2048 3833 2208 3887 Ἀλλὰ
2236 3835 2318 3886 σοὶ
2365 3833 2441 3904 μὴ
2477 3833 2782 3902 προπεπῶς
2837 3832 2973 3902 μηδὲ
3006 3831 3208 3893 ἀδίκως
3253 3829 3512 3899 ἀραμένῳ
3543 3829 3615 3880 τὰ

362 3938 483 3985 nes,
514 3933 569 3978 et
601 3925 799 3978 malum
837 3935 1015 3980 tamen
1050 3925 1378 3987 admittitur,
1444 3924 1731 3979 conversis
1790 3924 1939 3978 velut

2048 3925 2198 3989 ὅπλα,
2236 3926 2263 3977 ό
2299 3924 2417 3994 μετ’
2449 3923 2702 3985 εὐκλείας
2754 3923 2988 3985 θάνατος
3037 3921 3399 3993 προτιμάσθω
3437 3922 3471 3988 ἢ
3501 3921 3615 3979 τοῖς

363 4016 417 4069 in
447 4015 629 4087 fugam
669 4019 869 4072 animis
897 4018 966 4072 ab
999 4017 1180 4086 aliqua
1221 4031 1280 4071 re
1304 4015 1610 4072 territaute.
1647 4015 1768 4070 Tibi
1804 4031 1938 4070 vero

2048 4018 2322 4087 πολεμίοις
2357 4017 2769 4089 παραχωρῆσαι
2804 4016 3101 4087 θριάμϐου.

364 4127 465 4167 nec
491 4123 697 4166 temere
721 4127 819 4166 nec
846 4107 1052 4180 injuae
1082 4125 1233 4165 arma
1304 4110 1566 4179 capienti,
1617 4108 2134 4180 potior-conjuncta
2209 4126 2335 4166 cum
2395 4111 2566 4181 gloria
2625 4124 2776 4163 mors
2839 4117 2978 4176 esto,
3024 4122 3189 4179 quam
3243 4120 3302 4165 ut
3362 4107 3616 4162 hostibus

364 4203 703 4273 triumphum
735 4204 799 4256 de
828 4211 882 4256 te
907 4203 1205 4257 concedas.

986 4317 1321 4376 LXXXVIII.
2763 4315 2895 4369 UH'.

436 4440 660 4496 Minime
684 4439 788 4494 hoc
817 4438 910 4494 tibi
943 4447 1228 4509 tantopere
1254 4437 1615 4506 spectandum
1637 4449 1704 4489 ne
1721 4434 1934 4490 viribus

2117 4430 2228 4498 Οὐχ
2260 4428 2402 4482 οὕτω
2441 4445 2522 4480 σοι
2551 4429 2818 4500 προσήκει
2863 4431 3108 4492 σκοπεῖν,
3140 4430 3288 4492 ὅπως
3321 4429 3395 4501 μὴ
3435 4431 3616 4499 γένοιο

363 4533 800 4591 adversariorum
829 4533 1186 4596 succumbas,
1213 4540 1377 4602 atque
1407 4544 1476 4585 ne
1508 4531 1575 4582 ab
1629 4530 1714 4594 iis,
1743 4527 1834 4598 qui
1883 4535 1936 4582 te

2048 4523 2155 4577 τῶν
2198 4522 2719 4592 ἀνταγωνιζομένων
2762 4521 3021 4588 ἐλάττων,
3062 4524 3252 4592 ὥσπερ
3283 4527 3361 4593 μὴ
3413 4525 3519 4578 τῶν
3552 4544 3614 4578 σε

360 4636 566 4694 amant,
602 4626 657 4680 in
682 4625 777 4680 illo
804 4627 1066 4696 praeclaro
1089 4624 1402 4681 dilectionis
1434 4621 1742 4677 certamine
1767 4635 1932 4690 supe-

362 4723 522 4778 reris.
563 4721 716 4776 Licet
749 4720 1180 4784 hostishostem,
1225 4718 1354 4772 licet
1397 4715 1748 4770 adversarius
1799 4714 1935 4768 alte-

360 4833 477 4872 rum
509 4813 890 4884 prostraverit,
919 4811 1076 4866 multi
1114 4819 1299 4864 tamen
1354 4807 1589 4861 fortuna:
1637 4801 1930 4860 victoriam

359 4917 641 4976 acceptam
677 4905 873 4960 ferent.
899 4906 969 4959 At
998 4905 1098 4967 illi,
1120 4905 1214 4972 qui
1240 4901 1309 4956 ab
1339 4900 1655 4956 amantibus
1696 4897 1933 4952 amando

356 4999 620 5062 vincitur,
653 5014 723 5053 ne
756 4997 979 5068 quidem
1007 5011 1149 5050 unus
1182 4994 1452 5065 ignoverit
1481 5008 1695 5056 eorum,
1736 4992 1828 5062 qui
1853 5007 1937 5044 re-

357 5101 444 5144 cte
463 5092 696 5160 diligere
723 5097 946 5143 norunt.
978 5087 1348 5152 Quamobrem
1394 5094 1553 5156 turpe
1587 5085 1808 5156 quidem
1834 5083 1934 5136 lm-

359 5183 560 5245 stibus,
611 5182 704 5236 sed
766 5180 1006 5250 turpius,
1055 5179 1369 5233 amantibus
1426 5178 1744 5232 inferiorem
1787 5193 1930 5231 esse.

358 5272 617 5326 Omnium
656 5287 787 5325 vero
820 5271 1195 5339 turpissimum
1223 5285 1344 5326 esse
1375 5271 1610 5335 videtur,
1639 5271 1752 5325 Icve
1773 5270 1934 5339 quid-

357 5365 485 5414 dam
521 5372 712 5430 putare
745 5361 972 5414 liberos.
1035 5359 1229 5414 Studio
1290 5361 1646 5416 laudabilium
1706 5377 1930 5430 operum

359 5454 520 5521 longo
548 5462 803 5522 parentes
837 5468 902 5506 ex
934 5453 1219 5507 intervallo
1244 5463 1565 5524 sequantur.
1602 5451 1666 5505 Et
1690 5441 1931 5518 quonam

357 5553 516 5610 pacto
537 5543 658 5613 quis
691 5542 849 5597 aliter
881 5543 947 5596 de
976 5545 1056 5598 eis
1082 5550 1309 5606 statuat,
1346 5543 1414 5610 si,
1447 5559 1570 5599 cum
1596 5541 1738 5598 ferre
1773 5541 1930 5596 liberi

357 5644 653 5704 nequeant,
671 5636 802 5705 quin
830 5636 1142 5690 harrcditate
1165 5637 1432 5705 majorum
1453 5650 1680 5692 suorum
1703 5634 1932 5688 faculta-

357 5735 436 5778 tes
458 5726 742 5780 uuiversas
761 5727 979 5791 adeant,
998 5729 1251 5782 virtutem
1272 5743 1461 5784 eorum
1481 5729 1638 5800 quasi
1658 5727 1932 5798 piaculum

357 5819 628 5887 quoddam
653 5818 942 5885 reiecerint
963 5821 984 5875 ?
1007 5821 1186 5878 Ilabes
1211 5831 1318 5876 tam
1346 5837 1371 5876 ο
1401 5831 1574 5892 patre,
1593 5836 1754 5891 quam
1775 5835 1804 5874 a
1825 5836 1933 5876 ma-

2039 4615 2342 4685 φιλούντων
2371 4615 2766 4686 ἀπολειφθῆναι
2799 4616 2938 4686 πρὸς
2973 4616 3075 4689 τὴν
3108 4616 3320 4687 ἀγαθὴν
3348 4617 3450 4682 τῆς
3476 4619 3616 4685 ἀγά-

2038 4725 2150 4778 πης
2182 4706 2452 4778 ἅμιλλανο
2489 4706 2596 4760 κᾶν
2635 4705 2896 4776 πολέμιος
2925 4707 3119 4776 ἐχθρὸν
3143 4707 3472 4778 κατενέγκῃ,
3509 4708 3615 4761 κᾶν

2038 4801 2331 4864 ἀντίπαλος
2380 4800 2591 4866 ἕτερον,
2643 4799 2831 4852 πολλοὶ
2876 4802 2942 4871 τῇ
2974 4799 3114 4872 τύχῃ
3149 4799 3458 4866 λογιοῦνται
3512 4800 3614 4865 τὴν

2003 4897 2006 4900 ’
2039 4891 2218 4962 νίκην.
2253 4890 2586 4960 Ἠττωμένῳ
2607 4890 2663 4944 δὲ
2691 4889 2990 4959 φιλούντων
3013 4891 3124 4944 οὐδ’
3149 4892 3217 4944 ἂν
3239 4885 3319 4954 εἷς
3345 4892 3612 4962 συγγνοίη

2036 4984 2147 5036 τῶν
2193 4985 2369 5052 φιλεῖν
2418 4984 2832 5055 ἐπισταμένων·
2882 4982 3012 5037 ὥστ’
3059 4985 3284 5055 αίσχρδν
3344 4984 3444 5054 μὲν
3505 4986 3614 5038 τῶν

2037 5078 2272 5148 ἐχθρῶν,
2323 5078 2539 5147 αἴσχιον
2570 5076 2628 5131 δὶ
2665 5057 2773 5129 τῶν
2818 5077 3119 5145 φιλούντων
3161 5079 3312 5149 ἥττω
3348 5078 3610 5150 φανῆναι.

2038 5174 2196 5225 Δοκεῖ
2222 5173 2280 5225 δὲ
2336 5172 2619 5242 αἴσχιστον
2669 5172 2886 5224 πάντων
2936 5171 3142 5240 κοῦφον
3197 5171 3451 5242 ἡγεῖσθαι
3483 5172 3613 5235 τοὺς

2040 5265 2238 5327 παῖδας
2271 5265 2506 5318 κατόπιν
2539 5265 2675 5317 ἰέναι
2701 5264 2904 5332 γονέων
2934 5264 3014 5326 εἰς
3039 5263 3138 5334 τὴν
3161 5264 3270 5316 τῶν
3301 5264 3614 5316 σπουδαίων

2037 5356 2215 5426 ἔργων
2273 5357 2610 5424 ἐπιμέλειαν.
2650 5357 2756 5410 Καὶ
2793 5357 2910 5420 πῶς
2959 5373 3044 5418 τις
3092 5355 3266 5419 ἄλλως
3312 5357 3527 5426 κρινεῖς
3559 5357 3610 5408 εἰ

2037 5449 2146 5502 τῶν
2185 5449 2395 5502 ἑαυτῶν
2433 5450 2533 5519 μὲν
2589 5450 2872 5518 προγόνων
2915 5450 2964 5503 οῖ
3005 5449 3195 5510 παῖδες
3231 5447 3330 5499 οὐκ
3378 5446 3445 5498 ἂν
3477 5448 3611 5499 ἀνά-

2039 5559 2252 5612 σχοιντο
2289 5543 2365 5614 μὴ
2410 5543 2590 5612 πάσης
2621 5543 2719 5612 τῆς
2763 5543 2952 5606 οὐσίας
2999 5543 3381 5612 κληρονομεῖν,
3424 5540 3522 5608 τὴν
3551 5541 3609 5592 δὲ

2037 5635 2267 5689 ἐκείνων
2297 5635 2499 5706 ἀρετὴν
2529 5636 2602 5697 ὡς
2640 5634 2775 5703 ἄγος
2816 5634 3184 5706 ἀπορρίψαιεν
3212 5651 3226 5702 ;
3265 5632 3448 5702 Ἔχεις
3475 5632 3609 5684 πολ.

2038 5728 2162 5790 λοὺς
2208 5731 2304 5780 καὶ
2353 5729 2489 5800 πρδς
2523 5728 2750 5797 πατρὸς,
2787 5727 2884 5780 καὶ
2931 5727 3067 5796 πρὸς
3110 5727 3316 5796 μητρὸς
3364 5723 3608 5792 ἀγαθοὺς

2039 5821 2358 5892 προγόνους.
2390 5822 2545 5874 Ἐστι
2585 5835 2668 5874 σοι
2703 5821 2864 5892 φύσις
2897 5821 3074 5895 ἀγαθὴ
3110 5820 3260 5892 παρὰ
3294 5817 3428 5873 Θεοῦ
3458 5816 3604 5870 δεδοο
