3958 6450
326 401 424 466 377

1277 400 1694 465 PRAZCEPTA
1732 399 2262 463 EDUCATIONIS
2297 401 2576 462 REGli‘E.

3459 397 3569 459 378

330 518 490 587 μένη.
527 516 771 570 Εὐλαόοῦ
821 517 986 586 φύσιν
1028 516 1240 590 ἀγαθὴν
1279 519 1660 592 καταισχῦναι,
1703 520 1782 589 τῷ
1818 518 1892 590 μὴ

2001 525 2104 580 tre,
2142 516 2346 570 multos
2395 513 2646 585 egregios
2678 529 2847 581 avos;
2877 513 3051 570 habes
3085 511 3320 568 indolem
3347 512 3573 575 bonam,

323 610 524 684 ζηλοῦν
548 611 670 675 τοὺς
709 611 948 681 ἀγαθοὺς
980 613 1088 667 τῶν
1115 614 1414 685 προγόνων.

1047 795 1174 851 ΠΘ’.

389 896 630 964 Σημεῖον
665 893 926 962 στρατιᾶς
955 892 1156 960 κακῆς,
1181 892 1277 945 καὶ
1305 891 1533 961 φεύγειν
1564 880 1732 963 οὔσης
1758 893 1897 948 ἐτοί-

325 1005 450 1057 μου,
500 987 562 1038 τὸ
605 985 920 1056 μεθημέραν
969 985 1191 1048 ἑαυτοὺς
1233 986 1618 1056 ἀφανίζοντας,
1675 986 1896 1058 νύκτωρ

324 1078 656 1147 ἐπιφύεσθαι
683 1079 798 1138 τοῖς
846 1077 1080 1147 ἐχθροῖς.
1116 1077 1273 1146 Μήτε
1322 1075 1454 1147 γοῦν
1498 1077 1663 1141 αὐτὸς
1690 1080 1896 1143 Ῑνυκτὸς

321 1171 414 1223 ἐπὶ
441 1173 568 1234 τοὺς
609 1171 837 1241 ἐχθροὺς
871 1170 1178 1242 ἐκδρὰμῃς,
1206 1170 1272 1241 ἢν
1321 1173 1395 1242 μὴ
1436 1171 1741 1244 κατεπείγῃ
1769 1173 1897 1243 Χρό-

321 1281 433 1328 νος,
461 1267 553 1318 καὶ
577 1265 637 1316 τὸ
662 1265 878 1332 νικῆσαι
909 1265 1180 1335 πρόδηλον
1205 1263 1260 1338 ᾖ,
1291 1266 1324 1334 ἢ
1354 1265 1449 1318 καὶ
1472 1265 1662 1337 ἕτερον
1692 1267 1892 1333 εἰπεῖν,

320 1353 388 1422 ἦν
426 1352 550 1422 μηδ’
581 1355 641 1406 ἐν
669 1353 853 1407 ἐλπίσι
882 1354 1084 1424 κέηται
1110 1354 1172 1408 τδ
1199 1356 1474 1426 κρατῆσαι
1503 1357 1776 1427 φανερῶς,
1800 1359 1895 1412 καὶ

319 1447 382 1498 τὺ
431 1446 826 1515 ἐπιτεταμένον
863 1447 964 1516 τῆς
1015 1448 1197 1518 μάχης
1250 1448 1447 1520 ἀπειλῇ
1508 1466 1592 1502 σοι
1637 1449 1890 1504 θάνατον.

321 1538 472 1608 Μήτε
511 1537 618 1608 μὴν
664 1539 773 1592 τῶν
826 1539 1086 1593 ἐναντίων
1120 1541 1314 1603 νυκτὸς
1364 1540 1749 1610 ἐφαλλομένων
1801 1541 1895 1594 ἐκ·

319 1631 586 1699 πλήττου.
611 1630 798 1701 Σκότῳ
825 1630 956 1701 γὰρ,
980 1631 1074 1684 καὶ
1092 1630 1273 1702 ψόφῳ,
1297 1633 1391 1686 καὶ
1415 1635 1621 1701 φωναῖς
1647 1633 1895 1697 ἐλπίζον-

317 1739 409 1784 τες
447 1720 688 1790 τρέψειν,
720 1721 781 1774 οὐ
819 1723 1166 1790 γενναιότητι
1196 1723 1400 1794 ψυχῆς,
1447 1723 1568 1777 οὐδὲ
1600 1723 1894 1796 καρτερίᾳ,

319 1813 541 1866 ἐπειδὰν
561 1814 744 1876 αὐτοῖς
765 1815 825 1866 οὐ
853 1814 974 1868 κατ’
997 1815 1220 1878 ἐλπίδας
1241 1819 1467 1889 χωρήσῃ
1489 1818 1889 1889 τοῦγχ-είρημα,

321 1903 552 1972 μηδενὸς
597 1903 884 1967 διώκοντος
941 1905 1088 1972 μάλα
1132 1905 1416 1976 φεύγουσι.
1465 1909 1644 1963 Δεῖδέ
1697 1911 1828 1973 πᾶν,
1864 1911 1892 1963 ὃ

321 1997 505 2049 δίδωσι
560 1997 1022 2066 περιγενήσεσθαι
1067 2000 1396 2071 προσδοκᾷν,
1449 2001 1533 2063 είς
1578 2002 1893 2070 τούμφανὲς

319 2089 476 2156 ἄγειν
529 2091 592 2159 τῇ
632 2092 880 2160 στρατιᾷ,
923 2091 1070 2154 ὅπως
1105 2093 1170 2144 ἄν
1221 2107 1301 2144 σοι
1357 2092 1744 2154 κοινωνοῦντες
1791 2093 1892 2161 τῆς

320 2182 498 2250 δόξης,
556 2184 873 2254 ἀδεέστερον
910 2185 1005 2239 καὶ
1043 2185 1139 2238 τοῦ
1188 2185 1427 2256 πολέμου
1473 2173 1916 2255 κοινωνήσαιεν.’

327 2277 396 2330 Οὐ
443 2277 604 2345 μόνον
659 2277 770 2347 γὰρ
804 2279 863 2332 τὸ
899 2279 1117 2349 ἰσχυρὸν
1163 2282 1258 2332 καὶ
1294 2278 1523 2348 φοϐερὸν
1567 2279 1689 2332 καθ’
1737 2281 1889 2345 αὐτὸ,

333 2368 453 2422 ἀλλὰ
479 2370 544 2440 δὴ
573 2371 669 2424 καὶ
720 2373 779 2424 τὸ
821 2371 1012 2424 δοκοῦν
1051 2371 1310 2442 βλάπτειν
1349 2372 1531 2426 εἴωθε.
1587 2374 1668 2426 Τὰ
1710 2373 1890 2444 πλήθη

325 2465 424 2533 γὰρ
453 2467 532 2529 είς
559 2465 716 2532 δόξαν
751 2465 955 2537 μᾶλλον
987 2466 1018 2537 ῆ
1048 2467 1279 2538 τάληθὲς
1307 2465 1636 2521 ἀποϐλέπει.

395 2829 571 2882 Είδότι
629 2827 694 2882 ἄν
739 2846 845 2882 που
891 2813 1133 2899 λέγοιμι.
1186 2827 1370 2894 Ἰξεύει
1412 2830 1512 2898 μὲν
1562 2829 1588 2881 ὁ
1621 2827 1892 2900 θηρευτὴς

318 2920 522 2984 αἰετὸν,
581 2919 696 2974 ἀλλ’
747 2920 1077 2990 ἀπροόπτως
1126 2919 1452 2991 ποιούμενον
1500 2919 1598 2983 τὰς
1649 2921 1729 2982 είς
1767 2919 1892 2982 τοὺς

321 3011 588 3082 πτόρθους
623 3015 979 3080 καταγωγὰς.
1019 3012 1129 3066 Καὶ
1162 3011 1303 3064 λέων
1343 3010 1441 3079 μὲν
1471 3011 1750 3065 ἁλίσκεται
1783 3009 1892 3063 πά-

318 3122 467 3172 γαις,
491 3103 609 3158 ἀλλ’
639 3105 991 3174 ἀπρονοήτως
1019 3104 1272 3174 βαδίζων.
1305 3105 1606 3175 Κορυδαλοὶ
1633 3105 1688 3158 δὲ
1710 3106 1893 3176 πάγης

2000 606 2266 663 divinitus
2295 607 2392 662 tibi
2416 621 2734 662 concessam
2767 622 2952 671 :cave,
2974 607 3289 676 praeclaram
3310 605 3576 671 indolem,

1999 700 2293 770 praeclaros
2319 712 2452 754 avos
2479 699 2625 754 haud
2655 699 2986 765 aemulando,
3014 699 3499 755 dehonestaveris.

2629 790 2921 846 LXXXIX.

2069 881 2308 938 Omnino
2339 883 2555 952 signum
2585 891 2671 940 est
2699 884 2976 940 exercitus
3033 882 3238 954 ignavi,
3289 891 3345 937 et
3367 882 3433 937 ad
3493 881 3580 936 fu-

1999 976 2254 1047 giendum
2288 978 2486 1046 parati,
2521 978 2566 1031 si
2621 978 2836 1046 seipsos
2901 977 3144 1032 interdiu
3203 977 3573 1042 occultantes,

2000 1078 2165 1124 noctu
2200 1069 2383 1125 hostes
2404 1070 2747 1125 adoriantur.
2791 1068 2902 1124 Nec
2931 1070 3099 1138 igitur
3152 1069 3268 1138 ipse
3298 1080 3461 1124 noctu
3514 1070 3569 1123 in

2001 1163 2187 1217 b05tes
2221 1163 2582 1231 procurreris,
2626 1163 2732 1218 nisi
2757 1172 2972 1230 tempus
3006 1171 3220 1233 urgeat,
3244 1171 3299 1217 et
3344 1163 3576 1218 victoria

2000 1263 2052 1308 te
2079 1255 2379 1324 potiturum
2409 1254 2690 1310 evidenter
2721 1265 3019 1326 appareat;
3056 1254 3161 1319 vel,
3195 1265 3255 1308 ut
3283 1254 3443 1310 aliter
3495 1253 3578 1308 lo-

1996 1361 2158 1417 quar,
2193 1346 2240 1402 si
2266 1360 2368 1402 nec
2390 1346 2660 1417 speranda
2691 1348 2764 1403 sit
2816 1355 3006 1418 aperto
3031 1347 3204 1402 Marte
3226 1349 3480 1412 victoria,
3525 1354 3580 1402 et

1999 1454 2195 1509 pugna:
2229 1439 2528 1494 vehemens
2561 1440 2799 1511 impetus
2849 1450 3081 1494 mortem
3153 1440 3253 1496 tibi
3315 1441 3574 1504 minetur,

1995 1544 2100 1586 nec
2123 1531 2454 1587 adversariis
2478 1541 2644 1588 noctu
2677 1541 2730 1589 te
2759 1532 3172 1595 invadentib’us,
3229 1532 3416 1587 animo
3446 1547 3575 1601 per-

1997 1626 2258 1683 turberis.
2293 1625 2426 1681 Nam
2461 1628 2588 1696 quia
2621 1627 2882 1694 tenebris,
2906 1638 2961 1684 et
2992 1617 3250 1698 strepitu,
3275 1635 3333 1682 et
3368 1627 3577 1681 clamo-

1998 1717 2174 1784 ribus,
2208 1732 2313 1772 non
2349 1718 2519 1774 animi
2557 1721 2902 1784 strenuitate,
2930 1735 3031 1775 nec
3057 1720 3304 1776 laborum
3337 1720 3577 1774 toleran-

1999 1809 2092 1873 tia,
2129 1825 2188 1864 se
2222 1818 2350 1865 tuos
2391 1812 2444 1864 in
2486 1811 2669 1880 fugam
2705 1821 2927 1867 acturos
2980 1819 3239 1881 sperant,
3276 1825 3402 1867 cum
3455 1811 3572 1879 pri~

1997 1918 2144 1956 mum
2169 1917 2267 1970 pro
2288 1919 2382 1972 spe
2401 1910 2665 1973 concepta
2695 1912 2924 1959 conatus
2956 1905 3061 1959 iste
3085 1919 3194 1959 non
3216 1903 3574 1966 successerit,

1995 1993 2290 2048 admodum
2316 2005 2685 2064 persequente
2709 1997 2932 2051 nemine
2973 1996 3218 2066 fugiunt.
3249 1996 3427 2051 Debes
3479 1978 3613 2050 au-I

1995 2095 2104 2141 tem
2139 2087 2406 2157 quidquid
2422 2088 2668 2143 victoriae
2696 2103 2851 2158 spem
2873 2089 2972 2143 tibi
3006 2089 3314 2158 pollicetur,
3349 2089 3420 2143 ob
3451 2103 3577 2143 ocu-

1997 2178 2078 2234 los
2110 2181 2376 2235 exercitui
2411 2196 2637 2250 ponere,
2669 2189 2729 2236 ut
2761 2182 2813 2235 in
2833 2182 3150 2252 Opinionem
3190 2191 3338 2235 tuam
3365 2190 3575 2250 pertra-

1995 2274 2090 2339 eti,
2123 2277 2433 2344 promptius
2467 2276 2519 2330 in
2550 2276 2866 2331 societatem
2888 2292 3082 2346 pugnae
3099 2277 3340 2331 veniant.
3363 2275 3577 2345 Quippe

1996 2380 2101 2418 non
2133 2373 2346 2420 tantum
2382 2367 2454 2431 id,
2483 2367 2628 2437 quod
2660 2383 2854 2438 reapse
2883 2369 3125 2424 validum
3157 2379 3262 2434 est,
3292 2384 3355 2422 ac
3386 2368 3577 2424 formi-

1996 2457 2195 2523 dabile,
2231 2475 2420 2514 verum
2442 2461 2606 2514 etiam
2638 2461 2784 2530 quod
2819 2477 2943 2516 esse
2970 2462 3208 2524 videtur,
3266 2475 3466 2515 nocere
3487 2477 3579 2516 so-

1996 2549 2090 2604 let.
2126 2550 2263 2605 Nam
2306 2552 2502 2622 vulgus
2533 2553 2814 2608 hominum
2849 2554 3020 2625 magis
3063 2553 3379 2624 opinionem
3409 2568 3574 2623 quam

1999 2644 2286 2699 veritatem
2321 2654 2555 2716 spectat.

2741 2734 2856 2791 XC.

2067 2833 2256 2890 Dicam
2286 2831 2495 2902 aliquid
2523 2831 2943 2888 non'nescienti.
2979 2829 3142 2885 Visco
3167 2829 3388 2900 quidem
3424 2829 3580 2900 aqui-

1995 2928 2101 2983 lam
2140 2935 2366 2981 venator
2394 2926 2562 2994 capit,
2586 2927 2681 2981 scd
2703 2925 3076 2996 imprudenter
3095 2923 3149 2977 in
3178 2925 3433 2978 arborum
3456 2939 3581 2980 sese

1997 3034 2181 3074 ramos
2203 3016 2602 3072 demittentem.
2625 3016 2812 3070 Itidem
2835 3017 2920 3070 leo
2941 3015 3198 3086 indagine
3223 3015 3461 3084 capitur,
3482 3015 3580 3071 sed

1999 3120 2204 3168 temere
2246 3109 2624 3180 progrediens.
2662 3107 2920 3164 Galeritze
2968 3121 3099 3162 vero
3145 3107 3420 3162 teudicula
3455 3107 3578 3178 capi

321 3197 584 3266 ἀνώτεροι
612 3198 686 3260 ὡς
715 3197 1124 3252 ἐπιτοπλεῖστόν
1153 3199 1313 3263 εἰσιν,
1355 3198 1445 3260 ὡς.
1472 3198 1545 3268 μὴ
1580 3198 1890 3268 προπετῶς,

2000 3205 2320 3276 plerumque
2360 3211 2660 3271 nequeunt,
2684 3201 2831 3272 q'uod
2868 3217 2974 3256 non
3018 3210 3226 3257 temere
3263 3217 3364 3256 nec
3417 3202 3580 3256 avide

324 3289 461 3358 μηδέ
493 3289 688 3357 λίχνως
727 3288 836 3340 τῶν
863 3289 944 3350 εἰς
976 3288 1186 3361 τροφὴν
1221 3290 1685 3359 προκαλουμένων
1723 3288 1894 3342 ἀπτό-

326 3399 497 3452 μενοι.
547 3382 609 3434 'H
635 3381 692 3433 δὲ
725 3380 925 3450 δορκᾶς
974 3381 1160 3450 ἔργοις
1205 3382 1391 3444 αὐτοῖς
1425 3382 1736 3435 συνεστῶσα
1773 3380 1897 3435 τοῦ·

322 3492 486 3545 νομα,
514 3474 730 3545 βρόχοις
760 3475 862 3528 οὐκ
892 3474 1165 3538 εὐάλωτος
1193 3477 1461 3544 γίγνεται.
1493 3476 1604 3530 Καὶ
1631 3475 1803 3528 πολλά
1829 3491 1892 3542 γε

321 3568 486 3638 ἕτερα
517 3567 695 3636 πθ.λῷ
741 3567 950 3620 τούτων
997 3568 1327 3638 φαυλότερα,
1380 3567 1552 3638 σοφὴν
1584 3567 1894 3620 ἐπιδεικνύε-

326 3678 460 3730 μενα
494 3661 722 3724 δίαιταν,
756 3659 866 3713 τῶν
897 3660 1357 3715 ἐπιϐουλευόντων
1398 3662 1694 3733 καταγελᾷ.
1727 3661 1893 3713 Ὥστε

321 3759 433 3817 τοῖς
465 3754 778 3824 ἀνθρώποις
808 3755 1140 3825 προσέχουσι
1171 3755 1375 3824 μᾶλλον
1398 3755 1507 3808 τῶν
1541 3755 1748 3825 Θηρίων
1779 3754 1897 3820 ἐξέ-

325 3864 445 3900 σται
475 3847 765 3909 ἐπιϐουλὰς
791 3847 1098 3916 διαδρᾶναι.
1131 3847 1337 3918 Πολλῆς
1365 3847 1465 3915 μὲν
1490 3845 1581 3900 οῦν
1609 3848 1894 3916 φροντίδος

320 3938 403 3992 δεῖ
442 3939 535 3990 καὶ
571 3937 810 3999 ἰδιώταις
841 3937 1090 4006 ἀνδράσι,
1141 3939 1279 4006 μόνα
1309 3953 1373 4005 γε
1415 3937 1483 3990 τά
1526 3937 1653 3991 κατ’
1695 3936 1894 4001 αὐτοὺς

322 4029 658 4099 ἐνεργοῦσιν,
697 4030 745 4082 εί
795 4029 875 4082 δεῖ
901 4031 977 4100 μὴ
1025 4030 1362 4101 πειραθῆναι
1397 4029 1613 4083 πολλῶν
1663 4028 1851 4082 κακῶν
1875 4044 1890 4059 ·

320 4125 433 4184 τοῖς
467 4121 523 4174 δὲ
552 4118 777 4192 λαχοῦσι
817 4121 1187 4192 προίστασθαι
1235 4121 1619 4192 ἐπιμελεῖσθαι
1656 4121 1764 4174 τῶν
1797 4120 1893 4175 ἀλ-

321 4214 428 4265 λων
456 4213 516 4266 τδ
540 4215 649 4266 πᾶν
673 4215 731 4266 ἐν
755 4211 832 4282 τῷ
861 4213 1170 4284 φροντίζειν
1197 4214 1346 4267 ἐστὶν
1371 4213 1512 4284 ὑπὲρ
1537 4211 1646 4265 τῶν
1672 4212 1892 4266 κοινῶν·

319 4306 381 4358 τὸ
409 4309 658 4375 προνοεῖν
705 4305 800 4360 καὶ
837 4306 1149 4373 οἰκονομεῖν
1201 4305 1420 4376 φυλακὴ
1454 4306 1564 4358 τῶν
1612 4305 1890 4376 ὑπαρχόν-

320 4414 428 4451 των
451 4399 706 4470 ἀκριϐὴς,
738 4399 849 4450 τῶν
875 4400 976 4450 οὐκ
1000 4397 1172 4451 ὄντων
1199 4399 1468 4468 πορισμὸς
1501 4397 1756 4466 ἄφθονος,
1785 4416 1894 4452 σω-

320 4493 482 4561 τηρία
516 4491 626 4544 τῶν
658 4491 762 4544 ὑπὸ
793 4493 971 4561 χεῖρα,
1002 4492 1219 4561 ἐχθροῖς
1253 4491 1500 4562 ὀλέθριον
1530 4491 1703 4561 βέλος.
1735 4493 1806 4546 Τὸ
1836 4492 1894 4545 δὲ

323 4584 398 4655 μὴ
445 4585 737 4655 προσέχειν
783 4586 878 4638 καὶ
925 4584 1152 4655 ἀμελεῖν
1203 4585 1563 4654 προκαλεῖται
1611 4588 1680 4638 τὰ
1720 4586 1892 4650 δεινὰ,

320 4677 611 4745 ἐφέλκεται
640 4677 708 4731 τὰ
753 4677 1085 4756 βλάπτονται
1130 4677 1204 4730 Τὸ
1235 4679 1345 4730 πᾶν
1376 4678 1658 4746 συντόμως
1694 4679 1891 4744 εἰπεῖν,

319 4769 621 4842 διαφθείροι
654 4771 719 4824 ἂν
752 4771 848 4824 καὶ
883 4768 1146 4840 βουκόλῳ,
1191 4770 1286 4824 καὶ
1315 4770 1547 4837 αίπόλῳ,
1581 4771 1678 4823 καὶ
1729 4771 1894 4824 ἱππο-

321 4863 504 4934 φορδῷ
546 4861 646 4932 τὴν
679 4862 876 4935 ἀρχὴν,
917 4861 1080 4931 μήτοι
1126 4876 1190 4929 γε
1237 4861 1555 4932 στρατηγῷ.
1590 4860 1730 4925 Τοὺς
1780 4860 1890 4931 γὰρ

319 4954 572 5024 βασιλέας
604 4952 1326 5029 παρέρχομαι,’τηλικοῦτον
1357 4953 1509 5023 ἅρμα
1541 4952 1889 5016 ἐλαύνοντας·

316 5040 390 5100 ὧν
423 5049 535 5118 γὰρ
561 5047 626 5118 δὴ
655 5046 816 5118 χρεία
842 5047 956 5111 τοῖς
990 5045 1202 5116 ἥττοσι,
1235 5045 1414 5117 πολλῷ
1442 5063 1504 5115 γε
1538 5047 1740 5100 μᾶλλον
1779 5047 1890 5110 τοῖς

317 5140 643 5212 κρείττοσιν.

1048 5409 1167 5474 ῌΥ.

400 5501 532 5554 ’ἰδοῦ
564 5502 658 5553 καὶ
683 5505 777 5554 νῦν
804 5502 1090 5573 εἰρήσεται
1121 5503 1232 5554 τῶν
1261 5503 1579 5570 ἀναγκαίων
1633 5521 1714 5557 σοι
1747 5505 1891 5572 γνῶ-

326 5610 430 5650 θαι.
461 5593 521 5644 El
551 5593 932 5663 ἐπιστημόνως
961 5611 1044 5656 τις
1080 5597 1194 5658 τοῖς
1237 5595 1341 5649 ἀνὰ
1369 5597 1562 5666 χεῖρας
1595 5598 1889 5666 πράγμασι

314 5681 514 5752 χρῷτο,
539 5683 692 5736 οἰ-ὃέν
715 5683 950 5738 κωλύσει
984 5687 1080 5739 καὶ
1113 5686 1371 5740 τάναντία
1400 5689 1479 5750 είς
1508 5686 1568 5741 ἐν
1598 5705 1652 5740 τι
1699 5689 1889 5760 φέρειν

314 5775 424 5827 τῶν
452 5775 697 5843 ἀγαθῶν.
724 5778 834 5831 Καὶ
876 5778 1072 5831 σκόπει
1097 5778 1161 5848 δή
1199 5796 1288 5848 μοι
1316 5780 1408 5834 τὸν
1445 5779 1630 5847 λόγον.
1663 5781 1737 5834 Τὸ
1786 5781 1888 5851 μὲν

315 5867 424 5936 γὰρ
450 5867 804 5939 ἐπιλελῆσθαι
839 5869 916 5940 τῷ
961 5871 1272 5942 μεμνῆσθαι
1309 5872 1702 5927 ἐναντιώτατον
1726 5892 1738 5905 ο
1770 5875 1884 5929 ἀλλ’

1999 3299 2212 3355 soleant
2234 3312 2391 3353 escas
2425 3297 2713 3366 attingere.
2741 3293 2944 3350 Dorcas
2979 3309 3204 3363 quoque
3229 3295 3441 3350 nomini
3475 3311 3575 3349 suo

1998 3405 2056 3445 re
2089 3390 2203 3459 ipsa
2233 3388 2392 3444 tidem
2420 3386 2647 3453 faciens,
2680 3386 2888 3457 laqueis
2930 3386 3073 3441 haud
3120 3385 3282 3443 facile
3327 3388 3446 3456 capi
3483 3403 3579 3459 po-

1998 3493 2122 3539 test.
2143 3483 2331 3538 ltidem
2357 3482 2462 3537 alia
2487 3482 2656 3537 multa
2683 3482 2839 3552 longe
2857 3481 2944 3538 his
2963 3482 3317 3552 ignobiliora,
3338 3483 3581 3540 vafricim

1998 3579 2321 3630 documenta
2362 3573 2655 3644 singularis
2681 3574 2917 3637 edentia,
2950 3575 3131 3629 rident
3161 3590 3278 3636 eos,
3313 3589 3340 3627 a
3373 3573 3579 3644 quibus

1995 3666 2132 3737 ipsis
2158 3666 2372 3722 insidiae
2404 3673 2712 3721 struuntur.
2745 3664 3091 3734 QuaprOpter
3124 3665 3169 3720 si
3201 3665 3442 3719 animum
3481 3667 3581 3720 lio-

1999 3758 2172 3812 mines
2210 3758 2492 3811 advertere
2527 3758 2716 3825 velint,
2757 3757 2972 3812 felicius
3005 3773 3169 3826 quam
3236 3758 3368 3826 ipsae
3427 3756 3575 3821 ferae,

1995 3847 2224 3904 insidias
2253 3848 2458 3902 evitare
2490 3855 2766 3915 poterunt.
2804 3845 3098 3900 Enimvero
3164 3861 3361 3916 magna
3387 3846 3575 3914 priva—

1995 3941 2067 3995 tis
2096 3955 2316 4010 quoque
2358 3939 2676 3993 hominibus
2721 3953 2858 4007 opus
2881 3947 2965 3992 est
2986 3953 3141 4002 cura,
3161 3953 3292 3992 suas
3311 3939 3578 3992 duntaxat

1996 4048 2086 4088 res
2131 4031 2446 4100 agentibus,
2483 4039 2542 4084 ut
2577 4029 2865 4099 complura
2892 4029 3033 4083 mala
3065 4045 3173 4084 non
3199 4029 3554 4100 experiantur

1994 4123 2064 4175 At
2087 4115 2180 4187 iis,
2217 4121 2414 4191 quibus
2452 4121 2646 4191 obtigit
2671 4129 2783 4175 tum
2807 4119 2930 4176 aliis
2964 4135 3223 4191 praeesse,
3253 4130 3364 4174 tum
3384 4136 3574 4175 curam

1993 4229 2182 4268 eorum
2209 4227 2416 4283 gerere,
2437 4227 2653 4267 summa
2685 4228 2869 4268 rerum
2903 4212 2957 4266 in
2987 4212 3437 4268 sollicitudinede
3476 4227 3576 4267 ne-

1996 4306 2165 4377 gotiis
2192 4305 2425 4374 publicis
2447 4313 2534 4360 est
2576 4305 2705 4360 sita.
2745 4303 3022 4359 Nimirum
3055 4305 3343 4374 providere
3383 4307 3572 4370 rebus,

1995 4409 2049 4454 et
2075 4401 2294 4456 easdem
2325 4409 2472 4454 recte
2501 4400 2862 4463 constituere,
2906 4398 3260 4469 praesentium
3299 4399 3572 4453 bonorum

2001 4501 2260 4548 accurata
2287 4491 2750 4557 estconservatio,
2779 4501 2833 4545 et
2859 4491 3157 4560 acquisitio
3204 4493 3428 4561 copiosa
3478 4508 3576 4547 eo-

1999 4600 2140 4648 rum,
2177 4599 2296 4654 quae
2325 4585 3166 4648 desiderantur,etsnbditorum
3199 4585 3365 4648 salus,
3392 4595 3447 4640 et
3479 4585 3579 4639 ho~

1997 4678 2172 4733 stiluts
2195 4677 2418 4732 exitiale
2480 4676 2673 4732 telum.
2737 4675 3078 4731 Atsecordia
3129 4676 3577 4744 negligentiaque

1995 4771 2114 4827 dira
2143 4769 2296 4824 elicit
2327 4769 2562 4834 mala,et
2586 4767 2815 4823 attrahit
2843 4767 3004 4822 noxia
3035 4783 3051 4832 ;
3085 4765 3344 4821 brevibus
3377 4776 3438 4820 ut
3496 4777 3578 4822 ιο-

1996 4870 2105 4916 tam
2148 4875 2262 4917 rem
2292 4860 2651 4930 complectar,
2677 4860 2792 4913 haec
2821 4867 2876 4912 et
2931 4857 3193 4924 bubulco,
3216 4865 3272 4911 et
3319 4858 3575 4928 caprario

1995 4954 2297 5026 etequario
2327 4954 2568 5024 regimen
2609 4966 2774 5014 omne
2805 4950 3128 5021 perdiderit,
3173 4949 3374 5005 nedum
3392 4949 3577 5020 copia-

1994 5063 2114 5102 rum
2149 5047 2490 5118 imperatori.
2516 5044 2727 5115 Quippe
2759 5059 2915 5114 reges
2938 5042 3034 5112 qui
3059 5042 3220 5097 talem
3247 5051 3572 5113 tantumque

1993 5154 2218 5194 currum
2252 5146 2444 5208 agunt,
2477 5137 2642 5190 etiam
2660 5136 2882 5191 silentio
2937 5144 3227 5206 prmtereo.
3277 5135 3412 5192 Nam
3448 5152 3574 5209 quae

1999 5248 2085 5289 res
2124 5233 2178 5287 in
2209 5232 2300 5296 iis,
2333 5231 2424 5300 qui
2458 5241 2590 5284 sunt
2615 5227 2925 5297 inferiores,
2974 5229 3149 5286 multo
3175 5232 3347 5304 magis
3371 5235 3424 5287 in
3477 5247 3574 5304 po-

1998 5323 2327 5380 tentioribus
2367 5321 2746 5393 requiruntur.

2704 5410 2843 5468 XCI.

2068 5509 2205 5563 Ecce
2239 5522 2385 5564 nunc
2411 5522 2632 5578 quoque
2679 5505 3144 5583 diceturaliquid
3197 5509 3416 5578 cegnitu
3476 5508 3571 5563 tibi

1994 5601 2390 5656 neceSSarium.
2428 5601 2484 5656 Si
2512 5599 2682 5670 perite
2703 5599 2827 5670 quis
2851 5601 3217 5670 praesentibus
3241 5611 3426 5656 utatur
3484 5616 3573 5654 re-

1994 5691 2117 5759 bus,
2152 5693 2286 5747 nihil
2321 5693 2596 5764 impcdiet,
2618 5693 2916 5762 quominus
2949 5703 3004 5748 et
3033 5694 3140 5748 illis
3165 5693 3454 5748 contrariae
3475 5693 3572 5746 bo-

1995 5801 2125 5840 num
2145 5785 2211 5840 ad
2237 5787 2452 5856 aliquod
2473 5786 2715 5841 tendant.
2750 5784 2815 5839 Et
2835 5785 2958 5842 vide
2986 5772 3142 5852 milii,
3163 5800 3370 5855 quaeso,
3396 5786 3570 5840 ratio-

1994 5895 2140 5936 nem.
2190 5879 2450 5936 Oblivisci
2489 5895 2552 5936 ac
2601 5877 2938 5944 meminisse,
2981 5879 3220 5934 maxime
3278 5880 3563 5935 contraria
