3958 6456
348 402 458 463 3ἷί)

1521 404 1923 468 MANUELIS
1965 409 2415 472 PAL/EOLOGI

3504 413 3617 478 380

339 522 485 567 sunt.
529 513 597 566 At
623 528 755 568 vero
777 513 821 570 si
841 515 1079 570 amboin
1108 515 1231 572 loco
1259 515 1411 584 fiant,
1443 526 1607 573 erunt
1635 519 1688 573 in
1724 519 1918 588 primis

2046 527 2075 579 εί
2116 527 2255 595 μετὰ
2291 527 2388 581 τοῦ
2419 525 2613 599 καιροῦ
2644 525 2886 595 γίγνοιτο
2924 524 3094 598 ἄμφω
3121 541 3207 594 γε,
3242 525 3390 581 πάνυ
3420 527 3610 583 καλόν·

341 607 523 674 bona;
555 608 892 677 caeteroquin
944 615 1239 678 utrumque
1295 609 1545 664 noxium.
1600 611 1782 679 Atque
1820 613 1924 666 hoc

339 700 435 754 tibi
467 700 613 757 dicto
634 701 877 771 quodam
902 701 1294 767 explicabitur.
1323 702 1727 771 complectente
1779 719 1925 774 prae—

338 793 645 863 ceptionem
672 792 1104 863 aenigmatieam,
1129 801 1188 848 ut
1222 803 1458 849 mentem
1492 805 1642 849 tuam
1699 802 1924 863 excitet,

339 902 408 942 ne
438 888 629 942 leviter
663 895 719 942 et
747 888 1085 950 summatim,
1114 901 1237 956 qum
1302 887 1588 948 dicuntur,
1640 887 1924 957 inspiciat,

340 981 433 1035 sed
466 982 802 1036 intellectum
832 995 1022 1035 eorum
1047 981 1296 1034 studiose
1318 982 1676 1050 pervestiget.
1706 979 1763 1035 Si
1784 980 1925 1035 obli-

343 1075 558 1131 visccns
583 1090 801 1140 eorum,
820 1088 944 1146 quae
966 1089 995 1128 a
1028 1083 1183 1144 tergo
1206 1082 1355 1140 sunt,
1384 1075 1644 1129 ulteriora
1666 1083 1927 1129 contento

343 1184 506 1223 cursu
540 1169 909 1239 persequaris,
946 1168 991 1223 si
1034 1182 1247 1222 memor
1302 1182 1331 1221 a
1368 1177 1522 1237 tergo
1575 1167 1927 1232 relictorum,

346 1276 512 1329 porro
552 1277 613 1316 se
640 1260 924 1315 oll‘erentia
958 1261 1184 1315 vitanda
1244 1270 1480 1325 statuas,
1529 1274 1635 1315 non
1686 1260 1928 1329 amissis,

346 1369 469 1422 qua:
498 1367 640 1423 pone
670 1363 818 1419 sunt,
857 1353 1027 1409 etiam
1063 1353 1209 1423 quod
1266 1354 1647 1423 persequeris,
1698 1355 1928 1410 omnino

343 1448 801 1517 assequeris,eta
832 1447 1131 1513 praeteritis
1184 1448 1471 1511 liberatus,
1530 1448 1691 1503 facile
1745 1462 1931 1514 perse-

342 1540 565 1606 quentia
594 1554 813 1612 quooue
834 1541 1055 1598 vitabis.
1087 1540 1157 1596 At
1179 1543 1298 1597 vice
1321 1556 1502 1608 versa,
1525 1541 1673 1613 quod
1706 1540 1935 1597 exitiale

343 1632 535 1688 fuerit.

1062 1726 1229 1784 XCII.

411 1837 620 1896 Revera
664 1842 1007 1912 splendidum
1052 1851 1434 1898 ornamentum
1466 1852 1519 1899 et
1545 1843 1699 1900 flrma
1759 1844 1933 1901 turris
1968 1869 2011 1926 Β

346 1941 432 1986 est
485 1934 837 1992 taciturnitas
892 1936 981 1999 iis,
1034 1936 1130 2008 qui
1175 1951 1239 1991 ea
1290 1936 1500 2006 praaditi
1548 1947 1695 1999 sunt.
1748 1936 1938 1995 Potius

344 2032 527 2083 autem
551 2027 881 2100 junioribus,
927 2045 1092 2100 quam
1149 2029 1246 2099 qui
1307 2040 1551 2098 vegetam
1609 2030 1673 2085 ad
1722 2040 1935 2087 aetatem

344 2122 659 2184 pervenere,
697 2123 975 2173 convenit.
1007 2117 1122 2172 lmo
1148 2128 1199 2173 et
1225 2119 1371 2174 virili
1397 2122 1581 2190 potius
1611 2122 1756 2176 aetati
1813 2137 1940 2177 con-

342 2207 490 2262 venit
545 2224 710 2278 quam
760 2210 903 2265 virili
936 2196 1421 2280 'provectiorihus‘.
1472 2211 1609 2268 Nam
1668 2214 1938 2285 quidquid

341 2308 502 2355 aetate
543 2301 884 2371 provectius,
931 2302 1256 2374 simpliciter
1285 2314 1346 2359 ut
1375 2304 1571 2374 dicam,
1603 2306 1938 2376 experientia

343 2394 549 2464 majore
605 2403 847 2465 praestat.
895 2395 961 2450 Et
1016 2396 1307 2453 decentius
1360 2396 1532 2453 dubio
1582 2399 1770 2469 procul
1831 2410 1937 2467 est,

344 2487 537 2542 audire
572 2488 747 2560 magis
791 2488 1157 2558 experientes,
1185 2504 1350 2560 quam
1397 2489 1632 2545 licenter
1685 2489 1941 2547 rudiores

342 2581 578 2651 garrire.
610 2580 896 2652 Loquendi
935 2597 1069 2637 sane
1101 2589 1319 2654 tempus
1350 2582 1456 2639 hoc
1495 2599 1619 2639 esse
1671 2584 1938 2654 arbitror,

346 2690 470 2728 cum
499 2674 943 2744 respondendum
971 2683 1075 2737 est,
1112 2690 1240 2731 cum
1271 2676 1503 2731 crimine
1546 2691 1775 2746 asperso
1818 2693 1942 2734 sus-

342 2763 594 2833 cipienda
644 2764 921 2830 defensio,
977 2764 1061 2819 vel
1115 2764 1182 2819 de
1252 2780 1311 2820 re
1356 2766 1614 2836 quapiam
1648 2765 1936 2824 docendus

343 2860 508 2923 alius,
545 2866 693 2912 recte
725 2858 1053 2914 docentibus
1087 2860 1327 2929 cognita,
1379 2860 1724 2933 dicentisque
1760 2861 1943 2932 digni-

343 2952 439 3006 tati
472 2949 832 3021 conveniente
860 2967 875 3018 ;
903 2966 1132 3022 quaeque
1164 2953 1395 3023 prolata,
1427 2951 1665 3009 fructum
1701 2954 1942 3018 aliquem

342 3042 602 3111 attulerit,
634 3045 854 3099 silentio
897 3061 1099 3113 pressa,
1128 3047 1402 3102 nocuerit.
1429 3045 1742 3120 Caeteroqui
1811 3064 1942 3105 vero

342 3135 627 3203 quiescere
683 3142 924 3207 praastat,
972 3135 1050 3191 uti
1120 3135 1484 3208 philosophus
1536 3135 1631 3193 ille
1695 3137 1941 3195 medicus

345 3226 510 3285 dixit.

1029 3320 1225 3379 XCIII.

414 3436 557 3493 Ante
592 3452 681 3493 res
712 3437 852 3495 alias
895 3439 1335 3509 pulcherrimum
1368 3438 1498 3509 quid
1532 3446 1640 3506 est,
1669 3438 1725 3494 in
1762 3437 1944 3495 omni-

347 3529 450 3585 hus
475 3545 638 3586 nosse
659 3531 788 3599 quid
825 3539 1071 3603 praestet,
1106 3548 1170 3587 ac
1199 3531 1517 3587 facultatem
1574 3530 1776 3586 habere
1806 3544 1946 3600 prte-

344 3621 491 3675 clare
557 3621 775 3675 dicendi
808 3631 995 3687 ,etea
1048 3623 1311 3677 facultate
1368 3623 1605 3676 multum
1642 3619 1818 3675 videri
1875 3620 1942 3675 ad

349 3714 793 3783 p-rsuatlendum
840 3726 1029 3785 posse,
1072 3730 1373 3785 rerumque
1405 3713 1765 3783 pulchrarum
1789 3728 1945 3769 amo-

345 3823 461 3863 rem
493 3808 768 3878 sapienter
808 3809 1017 3865 animis
1060 3807 1272 3863 indere.
1307 3805 1419 3862 Sed
1465 3815 1647 3862 tamen
1677 3820 1828 3871 eum,
1850 3807 1944 3876 qul

346 3901 512 3969 norit,
540 3910 594 3957 et
620 3901 807 3958 verbis
848 3901 1076 3971 exponit
1122 3901 1376 3967 meliora,
1416 3908 1615 3971 sponte
1672 3899 1945 3955 deteriora

278 4042 281 4045 ,
345 3991 547 4058 facere,
578 4009 681 4050 nec
712 3994 886 4060 dictu,
919 4008 1020 4049 nec
1051 3995 1291 4066 cogitatu
1324 3995 1460 4050 mihi
1513 3994 1738 4066 quidem
1785 3993 1948 4049 facile

346 4085 584 4150 videtur,
617 4086 811 4157 quanti
869 4102 957 4143 res
993 4101 1055 4142 ea
1110 4087 1399 4143 dedecoris
1441 4087 1607 4157 plena
1663 4086 1759 4142 sit.
1806 4083 1944 4139 Nam

348 4190 508 4249 turpe
560 4179 820 4248 quiddam
880 4187 988 4244 est,
1049 4179 1254 4234 malum
1317 4178 1555 4242 facinus,
1612 4190 1947 4248 quocunque

348 4276 525 4329 modo.
549 4274 642 4328 fiat
669 4289 683 4328 :
714 4272 955 4342 turpius,
986 4287 1095 4327 non
1126 4272 1446 4343 ignoranter
1485 4271 1793 4327 admissum
1826 4283 1950 4325 sce-

348 4370 441 4424 lus
476 4385 491 4422 :
525 4369 682 4438 longe
748 4367 1154 4436 turpissimum,
1203 4380 1354 4428 eum,
1387 4365 1481 4435 qui
1538 4364 1702 4424 docet
1768 4362 1948 4428 alios,

350 4462 482 4533 quid
521 4476 735 4530 arquum
788 4470 1111 4530 rectumque
1140 4459 1230 4523 sit,
1260 4458 1608 4526 aliorumque
1639 4457 1807 4510 vitam
1824 4470 1949 4510 cor-

349 4556 527 4624 rigere
558 4563 760 4624 potest,
792 4553 1038 4624 seipsum
1086 4551 1447 4607 correctionis
1465 4558 1746 4621 expertem
1783 4551 1947 4607 relin-

345 4665 536 4721 quere.
574 4649 803 4705 Omnem
838 4650 945 4705 hoc
976 4645 1392 4704 excusationem
1431 4644 1595 4700 tollit.

1038 4760 1227 4817 XCIV.

418 4881 759 4953 Temperatre
792 4878 1009 4949 ingenio
1044 4876 1309 4932 doctrinae
1334 4877 1470 4932 nihil
1494 4875 1942 4947 arquiparandum

347 4977 517 5044 venit,
555 4978 688 5031 nihil
743 4974 964 5040 ingenio
997 4972 1214 5037 melius,
1250 4971 1394 5041 quod
1457 4971 1709 5026 doctrina
1769 4970 1943 5027 collu-

347 5081 585 5126 stratum
620 5077 725 5124 est.
770 5067 908 5121 Nam
945 5073 1000 5119 et
1055 5063 1380 5118 alterutrum
1409 5077 1506 5134 per
1544 5079 1604 5117 se
1646 5064 1940 5133 pulchrum

347 5174 401 5217 ct
430 5163 669 5234 optabile
700 5161 830 5231 quid
860 5158 1025 5212 fuerit
1056 5174 1069 5210 :
1108 5168 1164 5212 at
1210 5173 1341 5212 vero
1373 5159 1418 5211 si
1460 5157 1627 5212 ambo
1655 5146 1855 5213 coeant
1885 5157 1939 5212 in

350 5274 549 5323 ιιιιυιη,
608 5256 799 5311 babae!
856 5270 1019 5324 quam
1074 5253 1418 5319 admiranda,
1469 5268 1634 5323 quam
1697 5253 1940 5324 egregia,

351 5366 515 5419 quam
546 5357 815 5418 praestans
855 5346 1194 5416 coniunctio.
1234 5345 1492 5400 Animum
1520 5361 1584 5401 ea
1613 5361 1813 5415 purum
1843 5361 1943 5416 pu-

354 5444 553 5497 riorem
609 5441 771 5496 efﬁcit
800 5458 819 5507 ;
853 5440 1112 5495 sordibus
1190 5438 1475 5501 refertum,
1536 5439 1695 5494 facile
1721 5439 1940 5505 abluit;

351 5535 599 5604 adeoque
644 5542 755 5588 tam
812 5531 1017 5593 animo,
1074 5543 1239 5600 quam
1292 5529 1406 5599 pari
1468 5528 1595 5584 huic
1639 5528 1942 5596 usuvenit,

352 5625 501 5695 quod
525 5624 690 5695 capiti
717 5631 771 5679 et
822 5622 1090 5679 ambabus
1142 5621 1418 5676 manibus.
1441 5617 1577 5674 Nam
1623 5620 1793 5675 altera
1822 5617 1947 5690 qui-

353 5717 476 5772 dem
529 5716 759 5772 alteram
811 5715 1098 5784 ahstergit,
1127 5729 1249 5770 cum
1284 5728 1405 5767 eam
1438 5712 1509 5766 ad
1555 5727 1670 5767 rem
1712 5720 1763 5767 et
1802 5726 1945 5782 aqua

356 5818 411 5864 ct
444 5824 663 5879 mappa,
698 5818 752 5864 et
781 5808 925 5862 nitro
956 5808 1027 5863 sit
1049 5822 1185 5875 opus
1220 5822 1234 5863 :
1263 5804 1455 5860 faciem
1486 5818 1637 5870 vero,
1671 5814 1727 5859 et
1762 5810 1944 5872 caput,

362 5913 649 5963 totumque
687 5914 946 5961 nrzclcrca
985 5915 1203 5963 corpus,
1242 5912 1439 5953 manus
1470 5898 1645 5952 ambae
1711 5897 1943 5951 nitidutn

1968 3273 2016 3333 C

2029 619 2204 682 ἄλλως
2231 618 2278 671 δ’
2313 619 2378 672 ἂν
2420 617 2683 688 ἑκάτερον
2708 614 3000 687 βλαϐερόν.
3033 615 3145 671 Καὶ
3183 615 3422 686 δηλώσει
3452 615 3612 685 λόγος

2029 711 2260 776 ἐκεῖνος,
2303 708 2745 781 αίνιγματώδους
2778 708 3163 779 παραινέσεως
3206 708 3617 779 ἐφαπτόμενος,

2030 805 2181 866 ὅπως
2218 821 2302 857 σοι
2349 804 2442 859 τὸν
2487 802 2614 858 νοῦν
2658 802 2925 872 διεγείρῃ,
2983 800 3058 872 μὴ
3106 799 3449 865 ἐπιπολαίως
3483 801 3651 872 όρᾷνς

2030 900 2159 961 τοὺς
2206 897 2441 966 λόγους,
2493 895 2612 951 ἀλλ’
2665 894 2952 965 ἐπιμελῶς
2998 893 3258 965 θηρεύειν
3291 892 3393 962 τὴν
3444 891 3617 946 τῶνδε

2033 990 2274 1059 γνῶσιν.
2348 989 2476 1042 Ἐὰν
2523 988 2634 1042 τῶν
2681 986 2909 1041 όπισθεν
2960 982 3488 1055 ἐπιλανθανόμενος,
3548 985 3619 1038 τὰ

2034 1079 2227 1150 πρόσω
2263 1097 2327 1147 γε
2353 1078 2556 1150 διώκῃς
2587 1078 2828 1148 συντόνῳ
2868 1077 3094 1147 δρόμῳ·
3134 1075 3228 1129 ἐὰν
3262 1074 3622 1145 μεμνημένος

2031 1171 2143 1226 τῶν
2174 1171 2424 1238 ὄπισθεν,
2446 1176 2676 1240 φεύγειν
2710 1168 2974 1242 βουλεύσῃ
3032 1173 3099 1226 τὰ
3130 1169 3445 1241 ἔμπροσθεν
3470 1184 3485 1199 °
3520 1170 3625 1222 οὐκ

2034 1265 2305 1329 ἀπολέσας
2339 1266 2406 1318 τὰ
2431 1264 2683 1332 ὄπισθεν,
2722 1265 2819 1319 καὶ
2858 1266 2919 1319 τὸ
2949 1265 3290 1335 διωκόμενον
3326 1262 3626 1334 καταλήψῃ

2038 1355 2278 1419 πάντως·
2305 1357 2417 1410 τῶν
2448 1372 2510 1409 τε
2529 1355 2859 1425 φθασάντων
2884 1355 3244 1422 ἀπαλλαγεὶς,
3279 1354 3479 1426 ῥᾳδίως
3510 1353 3630 1406 δια-

2037 1450 2214 1522 φεύξῃ
2239 1451 2334 1504 καὶ
2382 1451 2450 1505 τὰ
2493 1450 2784 1506 διώκοντα.
2836 1451 2913 1505 To
2959 1450 3007 1503 δ’
3055 1447 3461 1519 ἔνηλλαγμένον
3508 1445 3629 1499 ὀλέ-

2037 1545 2211 1614 θριον.

2791 1726 2907 1795 una

2118 1843 2185 1899 Ἥ
2205 1844 2385 1915 σιωπὴ
2415 1843 2620 1913 κόσμος
2643 1840 2917 1913 Ααμπρὸς,
2942 1839 3153 1911 πύργος
3183 1814 3396 1911 ίσχυρὺς
3428 1828 3631 1910 κεκτη-

2042 1937 2247 2008 μένοις.
2296 1936 2581 2007 Προσήκει
2612 1935 2670 1989 δὲ
2703 1934 2999 2004 νεωτέροις
3053 1931 3258 2004 μᾶλλον
3304 1933 3337 2004 ἢ
3389 1935 3501 1997 τοῖς
3546 1935 3632 1996 είς

2037 2030 2222 2104 ἀκμὴν
2245 2031 2600 2102 ἀφιγμένοις.
2638 2029 2701 2083 El
2744 2028 2802 2083 δὲ
2832 2027 3017 2099 βούλει
3043 2044 3130 2095 γε,
3163 2027 3260 2080 καὶ
3294 2028 3358 2098 τῇ
3389 2027 3499 2080 τῶν
3529 2026 3633 2079 ἀν-

1996 2124 2181 2195 ,δρῶν
2233 2124 2425 2196 ἡλικίᾳ
2466 2124 2741 2195 προσήκει
2796 2121 3001 2192 μᾶλλον
3051 2120 3084 2192 ἢ
3134 2123 3257 2184 ταῖς
3313 2119 3634 2190 ὑπερϐεϐη-

2039 2217 2223 2282 κυίαις
2253 2217 2346 2272 τὸν
2396 2217 2593 2288 ἄνδρα.
2635 2214 2710 2269 Τὸ
2758 2218 2867 2285 γὰρ
2895 2213 2960 2285 δὴ
2996 2213 3397 2283 πρεσϐύτερον,
3436 2211 3631 2275 ἁπλῶς

2039 2311 2237 2377 εἰπεῖν,
2296 2310 2721 2380 ἐμπειρότερον.
2776 2307 2888 2362 Καὶ
2937 2307 3088 2360 ἐστιν
3139 2303 3380 2375 ἀτεχνῶς
3425 2304 3634 2373 εὐπρε-

2042 2402 2315 2473 πέστερον
2346 2402 2771 2471 έμπειροτέρων
2807 2398 3053 2464 ἀκούειν,
3082 2396 3115 2467 ἢ
3146 2394 3633 2468 παρρησιάζεσθαι

2038 2496 2168 2560 τοὺς
2189 2495 2601 2567 ἀπειροτέρους.
2624 2490 2797 2564 Οῐμαι
2823 2493 2887 2562 δὴ
2921 2490 3114 2559 καιρὸν
3134 2484 3274 2544 εἶναι
3299 2488 3394 2543 τοῦ
3425 2489 3633 2555 λέγειν,

2041 2590 2172 2645 ὅταν
2198 2589 2604 2661 ἀποκρίνασθαι
2631 2588 2748 2659 δέῃ,
2796 2587 2926 2640 ὅταν
2953 2583 3367 2654 ἀπολογηθῆναι
3400 2579 3633 2635 διαϐαλ-

2041 2682 2291 2752 λόμενον,
2327 2682 2361 2753 ἡ
2403 2699 2456 2735 τι
2486 2681 2765 2735 διδάσκειν
2815 2679 2909 2732 τὸν
2940 2678 3153 2748 ἕτερον.
3192 2672 3389 2736 Καλῶς
3419 2689 3484 2741 γε
3516 2673 3635 2732 τοῖς

2041 2771 2355 2826 διδάσκουσι
2399 2770 2873 2841 γιγνωσκόμενον,
2918 2767 2998 2837 τῷ
3045 2764 3291 2837 σχήματί
3321 2780 3377 2817 τε
3418 2762 3634 2831 πρέπον

2041 2863 2138 2917 τοῦ
2168 2864 2441 2931 λέγοντος,
2476 2863 2572 2918 καὶ
2608 2862 2636 2916 ὃ
2688 2861 2880 2933 λεχθὲν
2917 2861 2983 2915 ἂν
3022 2859 3228 2928 ὢνησε,
3266 2854 3545 2926 σιωπηθὲν
3573 2853 3633 2906 δὲ

2043 2958 2301 3029 ἔϐλαψεν.
2339 2957 2549 3022 Ἄλλως
2572 2956 2628 3012 δὲ
2650 2956 2886 3030 ἡσυχίαν
2914 2956 3073 3025 ἄγειν
3096 2952 3334 3025 βέλτιον,
3364 2949 3506 3004 κατὰ
3539 2947 3631 3001 τὸν

2045 3052 2341 3123 φιλόσοφον
2372 3053 2453 3105 ίατ
2463 3052 2581 3124 ρόν.

2760 3319 2876 3390 ιιιν.

2119 3441 2425 3497 Κάλλιστον
2472 3438 2675 3493 είδέναι
2713 3436 2776 3490 τὸ
2822 3435 3033 3507 βέλτιον
3057 3435 3150 3489 ὲπὶ
3186 3435 3297 3489 τῶν
3352 3433 3630 3502 ἁπάντων,

2047 3535 2138 3591 καὶ
2171 3533 2405 3605 δύναμιν
2438 3532 2587 3603 ἔχειν
2618 3528 2800 3594 καλῶς
2829 3530 3034 3593 εἰπεῖν,
3059 3530 3156 3583 καὶ
3193 3527 3421 3583 πιθανὸν
3453 3528 3632 3598 ταύτῃ

2046 3629 2244 3693 δοκεῖν,
2279 3612 2379 3681 καὶ.
2428 3627 2520 3680 τὸν
2565 3625 2676 3680 τῶν
2729 3625 2915 3679 καλῶν
2969 3624 3150 3696 ἔρωτα
3203 3621 3384 3692 σοφῶς
3425 3621 3629 3691 ψυχαῖς

2046 3717 2405 3790 ὲμφυτεὺειν.
2445 3716 2639 3771 Είδότα
2669 3715 2714 3769 δ’
2746 3714 2863 3780 οὖν,
2910 3714 3009 3768 καὶ
3052 3712 3281 3782 λέγοντα
3309 3712 3378 3765 τὰ
3409 3710 3629 3782 βελτίω,

2049 3812 2118 3868 τὰ
2147 3813 2316 3884 χείρω
2340 3811 2602 3882 πράττειν
2625 3809 2847 3872 ἑκόντα,
2867 3804 2978 3861 οὔτ’
3004 3806 3206 3871 εἰπεῖν,
3238 3802 3352 3858 οὔτ’
3380 3804 3634 3871 ἐννοῆσαι
3673 3806 3678 3811 ’

2051 3905 2235 3978 ῥᾴδιον
2270 3904 2398 3975 ἐμοὶ
2432 3903 2709 3973 φαίνεται,
2757 3902 2891 3973 ὅσης
2928 3898 3205 3970 αίσχύνης.
3234 3898 3433 3969 μεστόν
3462 3897 3635 3949 ἐστιν.

2048 3997 2287 4068 Δίσχρὸν
2320 3996 2419 4067 μὲν
2443 3997 2553 4067 γὰρ
2577 3994 2778 4064 πρᾶξις
2804 3994 2971 4063 κακὴ,
2998 3994 3148 4054 ὅπως
3171 3990 3296 4044 ποτ’
3320 3988 3387 4043 ἂν
3402 3988 3632 4059 γένοιτο·

2050 4088 2264 4160 αῑσχιον
2292 4089 2348 4143 δὲ
2377 4087 2441 4141 τὸ
2493 4086 2686 4153 κακὸν,
2744 4086 2845 4140 οὐκ
2882 4083 3100 4155 ἀγνοίᾳ.)
3125 4082 3431 4152 γινόμενονο
3460 4080 3637 4148 αἰσχι-

2050 4199 2177 4237 στον
2217 4182 2337 4254 μεθ’
2371 4181 2682 4251 ὑπερϐολῆς
2713 4180 2775 4233 τὸ
2799 4179 2928 4243 τοὺς
2967 4178 3195 4248 ἐτέρους
3222 4175 3549 4229 διδάσκοντα
3576 4171 3638 4225 τὸ

2050 4277 2331 4346 προσῆκον
2360 4314 2376 4341 ,
2430 4276 2525 4328 καὶ
2583 4274 2738 4345 βίους
2799 4271 2977 4328 ἄλλων
3034 4269 3232 4342 ὀρθοῦν
3291 4266 3636 4337 δυνάμενον,

2051 4367 2217 4422 αὑτὸν
2245 4370 2437 4439 τηρεῖν
2467 4366 2831 4438 ἀδιόρθωτον.
2871 4364 3044 4418 Τοῦτο
3075 4366 3261 4419 πᾶσαν
3296 4360 3639 4432 παραίτησιν

2049 4463 2291 4531 ἀναιρεῖ.

2795 4751 2912 4818 ιιΔν.

2122 4870 2292 4925 Οὐδὲν
2324 4868 2518 4938 σοφίας
2545 4866 2821 4932 ἀντάξιον,
2842 4864 3048 4935 εύφυῙφ
3073 4858 3502 4932 συγκραθείσης·
3529 4856 3642 4910 οὐδ’

2047 4966 2279 5035 εὐφυΐας
2307 4965 2535 5035 ἄμεινον
2574 4963 2738 5034 σοφίᾳ
2766 4942 3294 5031 λελαμπρυσμὲνης.
3344 4953 3642 5025 Ἑκάτερον

2052 5058 2153 5131 μὲν
2186 5058 2298 5131 γὰρ
2337 5057 2503 5112 καλὸν
2530 5059 2626 5111 καὶ
2654 5055 2895 5123 ζηλωτὸν
2920 5054 2988 5108 ἂν
3018 5054 3130 5126 εἴη·
3163 5055 3215 5108 εί
3242 5052 3301 5106 δὲ
3325 5051 3641 5106 συνέλθοιεν

2047 5153 2237 5223 ἄμφω,
2263 5151 2428 5221 βαϐαὶ
2445 5150 2548 5220 τῆς
2576 5149 2844 5217 συζυγίας
2864 5150 2878 5204 I
2909 5147 2984 5212 ὡς
3002 5146 3303 5217 θαυμασία,
3328 5145 3405 5207 ὡς
3428 5143 3639 5212 ἀγαθὴ,

2045 5244 2122 5309 ὡς
2146 5245 2375 5316 ἅρίστηί
2404 5243 2671 5314 Καθαρὰν
2696 5243 2797 5311 μὶν
2821 5240 2990 5295 οὖσαν
3018 5240 3117 5312 τὴν
3149 5239 3352 5310 ψυχὴν,
3373 5236 3638 5307 καθαρω-

2045 5338 2212 5409 τέραν
2235 5338 2489 5409 ἐμφαίνει
2509 5352 2526 5369 ·
2558 5336 2730 5409 ῥύπου
2752 5336 2809 5390 δὲ
2832 5333 3300 5407 πεπληρωμένην,
3323 5330 3636 5386 ἀποπλύνει

2049 5430 2270 5501 ῥᾳδίως.
2290 5430 2400 5484 Κοιλ⁸
2417 5447 2480 5484 συ
2489 5429 2782 5501 μϐαίνειτῇ
2805 5429 2952 5501 ψυχῇ
2970 5430 3065 5482 καὶ
3082 5431 3147 5498 τῇ
3167 5425 3425 5495 ξυνωρίδι
3436 5425 3637 5496 ταύτῃ,

2047 5526 2076 5579 ὅ
2104 5539 2168 5592 γε
2198 5523 2263 5589 δὴ
2326 5523 2394 5594 τῇ
2427 5523 2641 5594 κεφαλῇ
2690 5523 2786 5576 καὶ
2814 5525 2939 5576 ταῖν
2970 5523 3154 5593 χεροῖν
3188 5516 3568 5589 ἀμφοτέραιν
3599 5517 3636 5586 ή

2048 5618 2158 5688 γὰρ
2174 5616 2339 5689 ἑτέρα
2361 5616 2463 5687 τὴν
2484 5615 2680 5686 λοιπὴν
2702 5614 3041 5686 ἀποσμήχει,
3061 5610 3214 5665 ὕδατί
3235 5628 3315 5675 τε,
3333 5611 3432 5664 καὶ
3459 5606 3638 5677 ἐκμά-

2048 5725 2201 5776 κτρῳ
2223 5709 2315 5763 καὶ
2338 5707 2504 5779 νίτρῳ
2525 5707 2590 5776 γέ
2614 5723 2717 5760 που
2749 5706 2968 5774 δεῆσαν.
2992 5704 3294 5775 Πρόσωπον
3331 5700 3387 5755 δὲ
3415 5701 3507 5753 καὶ
3543 5714 3635 5752 κε-

2050 5800 2251 5873 φαλὴν,
2293 5800 2391 5854 καὶ
2422 5801 2560 5872 πρός
2584 5816 2649 5867 γε
2684 5797 2768 5853 ἔτι
2808 5798 2917 5852 πᾶν
2953 5798 3138 5866 σῶμα,
3175 5796 3490 5865 ἀμφότεραι
3533 5806 3634 5842 κα-

2051 5895 2335 5951 θαίρουσιν
2383 5892 2438 5945 αἱ
2464 5882 2878 5954 γεῖοες.”¹Υδωο
2912 5888 2988 5950 δὲ,
3022 5887 3117 5941 καὶ
3167 5884 3501 5948 ἔκμακτρον,
3534 5876 3629 5932 καὶ
