3958 6484
342 419 440 479 38ί

1326 430 1742 494 PR/ECEPTA
1782 434 2310 499 EDUCATIONIS
2355 439 2663 503 ΒΕΘΙίΕ..

3506 442 3614 506 382

339 535 527 597 νίτρον
551 527 692 586 εἶναι
713 534 930 602 λογίζου
957 538 1208 607 εὐφυΐας,
1240 541 1334 595 καὶ
1367 541 1579 612 σοφίας,
1612 543 1708 597 καὶ
1723 542 1912 614 Ψυκῆςτ

2032 547 2287 602 reddunt.
2313 544 2523 617 Aquam
2552 553 2753 610 autem,
2791 555 2846 601 et
2872 560 3144 616 mappam.
3186 553 3242 600 et
3269 545 3472 601 nitrum
3491 564 3615 606 esse

338 621 569 694 πρᾶξιν,
604 628 865 697 σπουδὴν,
898 632 1226 703 καρτερίαν.

1077 816 1194 883 me.

416 902 691 974 Στοχάζου
734 922 826 975 μοι
855 909 967 971 τοῖς
995 908 1241 976 φθάσασι
1273 910 1370 963 καὶ
1404 912 1515 974 τοῖς
1543 910 1782 982 παροῦσι
1815 912 1925 967 τῶν

347 995 655 1063 μελλόντων
679 1014 694 1029 ο
730 999 829 1052 καὶ
876 999 1025 1056 λεῖον
1074 1003 1174 1072 μέν
1224 1019 1306 1055 σοι
1343 1002 1434 1055 τὸν
1474 1004 1667 1074 καιρὸν
1700 1003 1925 1058 ἔσεσθαι

342 1087 684 1156 προσδοκῶν,
714 1093 866 1156 ὅπως
894 1093 970 1162 μὴ
1001 1092 1341 1165 τραχύτερον
1368 1095 1680 1167 ἀποφήνῃς,
1713 1096 1925 1166 ἀμελὴς

340 1177 641 1246 γενόμενος
663 1187 786 1244 ταῖς
821 1187 1223 1256 χρηστοτέραις
1256 1186 1495 1254 ἐλπίσιν,
1530 1190 1668 1257 ὅπερ
1702 1189 1750 1242 oi
1789 1189 1923 1242 πολ-

339 1271 426 1327 λοὶ
455 1273 750 1343 πάσχουσι·
772 1278 1012 1349 δυσχερῆ
1036 1281 1095 1333 δὲ
1119 1281 1218 1333 καὶ
1236 1282 1517 1351 προσάντη
1545 1282 1612 1337 τὰ
1635 1283 1924 1352 πράγμαθ’

338 1363 687 1433 ὑποπτεύων,
746 1369 925 1439 πειρῶ
989 1373 1391 1442 συναιρομένου
1442 1372 1541 1429 τοῦ
1608 1373 1925 1444 κρείττονος

338 1456 671 1524 μεταϐαλεῖν
750 1462 853 1523 είςκ
899 1462 963 1515 τὸ
1008 1462 1246 1532 βέλτιον,
1291 1464 1476 1535 ψυχῆς
1520 1463 1820 1536 θερμότητί
1862 1482 1924 1518 τε

338 1549 436 1605 καὶ
460 1549 795 1622 ἑδραιότητι,
823 1554 921 1608 καὶ
947 1556 1177 1627 προσέτι
1205 1555 1492 1627 λογισμοῖς
1525 1558 1743 1611 συνέσει
1768 1576 1928 1612 κεκι-

331 1642 621 1710 νημένοις,
649 1642 720 1703 δι’
750 1637 825 1699 ὧν
878 1646 1099 1711 πολλοῖς
1136 1648 1418 1718 ἐξεγένετο
1451 1648 1717 1715 ἀφύκτων
1745 1651 1926 1707 ἀπαλ-

332 1730 594 1802 λαγῆναι.
629 1735 860 1807 Χαίρειν
890 1738 949 1793 δὲ
995 1740 1301 1796 πολύποσιν
1355 1741 1671 1817 ἀνθρώποις
1706 1743 1802 1799 καὶ
1828 1762 1925 1815 χα-

333 1824 622 1888 μαιλέουσι
653 1829 893 1899 φράσας,
924 1833 1088 1896 αὐτὸς
1114 1832 1266 1899 ἀξίου
1294 1834 1588 1900 φαίνεσθαι
1622 1837 1651 1890 ὁ
1679 1835 1842 1899 αὐτὸς
1864 1837 1924 1890 ὲν

2030 640 2296 708 cogitabis
2316 639 2544 708 ingenii,
2563 639 2828 694 doctrinae
2850 638 3018 694 animi
3037 637 3330 709 actionem,
3347 641 3616 710 studium,

2029 734 2434 793 assiduitatem.

2741 825 2904 882 XCV.

2098 918 2325 989 Oportet
2352 935 2420 976 ex
2477 920 2766 990 praeteritis
2811 930 2866 975 et
2902 921 3262 989 praesentibus
3302 922 3370 978 de
3412 921 3614 979 futuris

2029 1017 2399 1084 conjecturam
2428 1022 2480 1070 te
2511 1012 2708 1070 facere.
2733 1014 2984 1083 Cumque
3006 1015 3220 1083 placido
3238 1023 3290 1071 te
3317 1015 3611 1071 fruiturum

2028 1114 2273 1175 tempore
2301 1121 2509 1173 speras.
2544 1120 2677 1163 cave
2708 1105 2851 1162 faxis
2894 1106 3172 1171 acerbius,
3205 1107 3487 1179 negligens
3541 1112 3613 1163 ob

2027 1213 2179 1269 spem
2216 1198 2497 1259 meliorem
2533 1197 2729 1261 factus,
2758 1194 2903 1267 quod
2935 1199 3312 1265 compluribus
3366 1199 3616 1255 accidere

2027 1290 2184 1347 solet.
2216 1289 2286 1345 At
2315 1306 2439 1347 cum
2469 1292 2763 1348 immittere
2793 1289 3040 1347 difﬁcilia
3061 1292 3385 1361 suSpiearis.
3411 1291 3617 1347 ardua-

2027 1396 2135 1452 que
2166 1382 2407 1453 negotia.
2435 1380 2621 1441 divino
2668 1381 2895 1451 iuvante
2925 1381 3173 1447 numine,
3214 1382 3268 1439 in
3301 1381 3501 1437 melius
3546 1397 3612 1439 ea

2027 1482 2371 1531 commutare
2416 1473 2612 1539 nitere,
2651 1484 2765 1528 tum
2797 1473 3008 1529 fervido
3036 1475 3241 1545 impetu
3267 1474 3610 1531 constantia-

2027 1581 2134 1636 que
2161 1567 2357 1633 animi,
2392 1576 2507 1625 tum
2564 1566 2730 1623 etiam
2777 1567 3040 1635 profectis
3066 1584 3100 1623 ι
3130 1567 3424 1638 prudentia
3456 1566 3613 1637 cogi-

2028 1658 2358 1724 tationibus,
2390 1673 2488 1728 per
2515 1673 2654 1726 quas
2712 1656 3128 1713 inevitabilibus
3182 1657 3339 1712 malis
3386 1657 3613 1713 liberari

2026 1751 2281 1823 pluribus
2305 1750 2558 1818 contigit.
2589 1750 2703 1806 illis
2730 1758 2914 1805 autem
2937 1750 3276 1816 hominibus,
3306 1749 3397 1819 qui
3427 1749 3613 1822 polypi

2027 1851 2235 1907 suntet
2263 1842 2709 1907 cltamaleontes,
2739 1844 2920 1898 valere
2965 1842 3139 1912 jussis
3191 1840 3443 1897 eumdem
3496 1841 3615 1912 ipse

331 1915 510 1972 ἅπασι
528 1920 639 1981 τοῖς
667 1924 902 1991 καιροῖς·
935 1924 1031 1979 καὶ
1059 1925 1136 1997 μὴ
1168 1926 1670 1997 μεταϐαλλομένοις
1706 1929 1912 1994 τούτοις

2023 1934 2235 1990 cum-tis
2275 1932 2615 2002 temporibus
2647 1933 2908 1995 exhibere
2941 1910 2993 1988 te
3014 1932 3167 1996 velis,
3200 1946 3301 1987 nec
3350 1946 3473 1987 cum
3506 1910 3610 1995 eis,

333 2010 890 2079 συμμεταϐάλλεσθαι
920 2021 1060 2084 προς
1093 2018 1124 2070 ὃ
1167 2035 1220 2070 τι
1253 2017 1321 2072 ἂν
1365 2018 1738 2089 μεταϐληθεὶς
1798 2022 1918 2090 χεί-

334 2117 449 2169 ρων
495 2101 673 2174 δόξῃς.
728 2104 891 2158 Οὕτω
934 2107 994 2161 δὲ
1045 2109 1339 2176 διατεθεὶς,
1391 2110 1490 2165 καὶ
1553 2109 1729 2174 οὕτως
1778 2111 1919 2182 ἔχων

335 2209 402 2260 γε
431 2194 687 2266 γνώμης,
717 2200 894 2268 πειρῷ
915 2200 1128 2279 φέρειν,
1152 2204 1291 2274 ὅπερ
1320 2202 1387 2259 ἂν
1407 2204 1441 2257 ὁ
1457 2201 1590 2268 Θεὸς
1611 2201 1763 2274 διδῷ,
1792 2220 1920 2274 γεν-

343 2287 526 2351 ναίως.

1065 2393 1201 2458 ιι(ῖό

404 2474 633 2531 Μᾶλλον
672 2478 901 2550 ᾲνόητός
936 2484 1109 2553 ἐστιν,
1157 2488 1207 2541 εί
1239 2488 1337 2544 καὶ
1363 2493 1674 2564 παράδοξον
1711 2496 1912 2565 εἰπεῖν,

330 2567 553 2641 τοῦμὴ
604 2571 807 2638 είδάτος
859 2593 914 2630 τι
968 2581 1239 2650 χρηστὸν,
1277 2585 1415 2655 μηδὲ
1471 2587 1850 2658 ἐνεργοῦντος,
1887 2593 1917 2644 ὁ

332 2658 519 2719 πάντα
569 2663 673 2732 μὲν
722 2666 903 2732 είδῲς,
948 2669 986 2724 ἃ
1039 2674 1171 2744 χρὴ,
1213 2676 1386 2746 μηδὲν
1437 2678 1496 2733 δὲ
1538 2681 1650 2735 τῶν
1683 2681 1921 2738 δεόντων

330 2751 731 2823 ἐργαζόμενος.
771 2759 1019 2819 Ἀτοπιον
1058 2765 1175 2837 γὰρ
1212 2768 1499 2837 ἐπιεικῶς,
1545 2773 1921 2843 ἐπιστάμενον

328 2842 518 2910 καλῶς
561 2847 590 2900 ὅ
621 2865 673 2902 τι
711 2850 988 2909 συνοίσειν
1038 2851 1150 2910 οἷόν
1197 2875 1283 2926 τε,
1313 2861 1651 2932 ἔργάζεσθαι
1684 2842 1763 2920 τά
1784 2867 1916 2938 βλά-

330 2954 557 2995 πτοντα.
582 2940 1000 3016 Σωφρονοῦντος
1042 2951 1153 3021 γὰρ
1184 2952 1405 3023 ἀνδρὸς,
1443 2955 1539 3011 τὸν
1589 2956 1804 3014 δλισθον
1834 2963 1916 3014 εί-

329 3030 483 3095 δότα,
527 3034 817 3110 άποπηδᾷν
844 3056 858 3075 η
891 3042 989 3094 καὶ
1043 3043 1421 3116 μελαγχολίαν
1466 3049 1753 3115 νοσοῦντος
1791 3051 1914 3107 κατ’

2020 2026 2234 2097 quoties
2266 2034 2573 2090 mutantur,
2627 2039 2734 2079 una
2763 2024 2963 2080 mutari
2998 2042 3012 2078 :
3048 2020 3355 2094 praesertim
3413 2023 3460 2079 si
3492 2038 3613 2077 mu-

2018 2117 2225 2177 tatione
2256 2126 2470 2180 secuta,
2496 2117 2739 2175 deterior
2787 2132 2909 2174 esse
2945 2117 3127 2173 factus-
3171 2116 3464 2173 videberis.
3517 2117 3612 2172 Sic

2018 2221 2205 2267 autem
2250 2210 2502 2277 aﬂ‘ectus,
2528 2219 2695 2280 atque
2744 2210 2851 2265 hoc
2898 2210 3085 2264 animo
3135 2209 3420 2279 praeditus,
3446 2208 3613 2265 enixe

2017 2301 2177 2359 dabis
2194 2317 2445 2373 operam,
2487 2308 2546 2357 ut
2578 2300 2714 2377 quid
2753 2302 2895 2359 Deus
2935 2300 3169 2367 dederit,
3202 2298 3415 2357 fortiter
3442 2298 3607 2356 feras.

2707 2392 2895 2451 XCVI.

2089 2478 2199 2537 lies
2241 2478 2457 2549 quidem
2495 2479 2680 2536 auditu
2737 2495 2876 2535 nova
2903 2488 2959 2536 et
2987 2477 3258 2544 insolens,
3285 2479 3384 2536 sed
3425 2486 3611 2536 tamen

2016 2587 2100 2636 eo,
2130 2572 2218 2641 qui
2246 2586 2344 2629 nec
2374 2571 2502 2627 boni
2531 2572 2825 2642 quidquam
2859 2571 3033 2639 novit,
3057 2587 3159 2628 nec
3183 2571 3337 2638 facit,
3358 2572 3611 2629 stolidior

2017 2667 2063 2727 is
2126 2678 2232 2732 est,
2267 2666 2359 2736 qui
2394 2666 2547 2722 novit
2577 2667 2760 2723 omnia
2815 2681 2939 2737 quae
2999 2668 3144 2724 scire
3203 2667 3459 2724 convenit
3500 2682 3514 2720 :
3554 2676 3611 2723 at

2018 2760 2154 2815 nihil
2185 2774 2403 2827 eorum,
2433 2774 2556 2833 quae
2594 2760 2710 2815 fieri
2751 2776 2851 2831 par
2879 2768 3019 2827 erat,
3047 2759 3197 2816 facit.
3224 2760 3442 2816 Etenim
3473 2759 3609 2815 satis

1994 2853 2318 2914 absurdum
2349 2861 2457 2916 est,
2492 2868 2616 2908 eum
2667 2852 2761 2925 qui
2795 2862 2943 2908 recte
2986 2852 3150 2919 sciat,
3190 2851 3464 2923 quidquid
3510 2867 3612 2908 ex-

2017 2946 2202 3025 pedire
2235 2947 2428 3016 possit,
2451 2947 2615 3001 noxia
2655 2944 2854 3001 facere»
2890 2943 3009 3000 Viri
3055 2959 3293 3016 namque
3323 2943 3609 3015 prudentis

2015 3045 2120 3104 est,
2161 3036 2208 3093 si
2238 3036 2368 3106 quid
2412 3036 2679 3092 lubricum
2731 3035 2901 3103 norit,
2937 3035 3005 3092 ab
3057 3050 3123 3091 eo
3185 3036 3421 3101 resilire,
3462 3036 3608 3091 sicut

329 3116 556 3186 ἄγνοιαν
589 3127 955 3193 παραπαίειν.
983 3130 1057 3184 Τὸ
1079 3132 1139 3184 δὲ
1169 3134 1365 3192 ἑκόντα
1395 3137 1559 3192 τοῦτο
1586 3142 1789 3206 ποιεῖν,
1817 3142 1912 3199 καὶ

2019 3128 2160 3198 eius,
2192 3128 2287 3200 qui
2347 3127 2703 3184 melancholia
2761 3128 2998 3193 laborat,
3036 3143 3138 3201 per
3206 3128 3607 3201 ignorationem

329 3215 515 3319 παρὸν⁹
529 3217 935 3293 ἀπαλλαγῆναι,
972 3226 1047 3297 μὴ
1080 3226 1391 3297 βούλεσθαι,
1443 3231 1565 3297 πῶς
1596 3234 1699 3288 οὐκ
1730 3235 1912 3305 αίνίγ-

2023 3221 2279 3281 delirare.
2309 3218 2379 3280 At
2408 3235 2539 3275 vero
2567 3220 2824 3276 consulto
2861 3220 2912 3275 id
2946 3218 3151 3285 facere,
3183 3234 3419 3290 cumque
3465 3218 3610 3275 desi-

330 3306 637 3375 ματι“ἔοικε
661 3327 676 3379 ;
709 3313 820 3367 Καὶ
850 3316 1170 3385 κρείττονος
1198 3320 1293 3374 τοῦ
1328 3321 1588 3390 λύσοντος
1613 3326 1674 3379 τὸ
1700 3327 1910 3397 ἄπορον

2020 3326 2167 3375 utere
2189 3316 2367 3380 liceat,
2399 3313 2674 3384 nolle,quo
2704 3321 2861 3385 pacto
2896 3329 3003 3371 non
3027 3313 3304 3386 aenigmati
3328 3314 3592 3383 quiddam

326 3397 462 3490 ἡμῖν
492 3398 662 3455 δεῖται
707 3403 740 3473 ἢ
783 3408 927 3460 κατὰ
971 3407 1064 3462 τδν
1111 3411 1282 3464 πάλαι
1322 3413 1600 3470 Οἰδίποδα.
1655 3416 1760 3470 Τὸν
1801 3419 1912 3490 γὰρ

2019 3418 2107 3464 est
2134 3406 2310 3464 simile
2339 3407 2363 3462 ‘i
2392 3404 2688 3463 Subtiliore
2717 3406 2939 3477 quidem
2982 3407 3137 3464 nobis
3162 3422 3300 3478 opus
3328 3418 3411 3464 est
3438 3408 3611 3463 inter-

332 3489 407 3556 μὴ
439 3490 739 3563 δυνάμενον
770 3497 973 3564 γνῶναι
1019 3501 1124 3563 κᾶν
1153 3504 1349 3574 ἐχθρὸς
1385 3507 1623 3578 ἠλέησεν
1653 3489 1911 3583 ἅμαρτήέ

2021 3508 2197 3569 prete,
2231 3499 2297 3553 ad
2339 3497 2751 3554 dissolvendum
2778 3500 2878 3554 huc
2907 3498 3159 3565 dubium,
3188 3514 3349 3567 quam
3391 3498 3606 3568 priscus

331 3583 627 3649 σαντα.¹’ος
641 3585 687 3639 δ’
709 3586 777 3643 ἂν
800 3593 1144 3664 γευσάμενος
1165 3597 1261 3651 τοῦ
1282 3600 1542 3670 χρηστοῦ.
1565 3601 1739 3657 ἔπειτ’
1757 3598 1912 3667 αὖθις

2023 3593 2115 3649 ille
2146 3592 2307 3648 fuerit
2339 3591 2599 3662 OEdipus.
2627 3591 2875 3647 Hominis
2900 3590 3045 3649 enim
3080 3591 3287 3661 judicio
3335 3591 3608 3659 cognitio-

326 3673 491 3728 αὑτὸν
510 3678 692 3750 ἐκδοίη
718 3683 947 3750 φαύλοις
996 3688 1327 3758 πράγμασιν
1359 3691 1479 3762 (οὐχ
1505 3687 1670 3763 ἦττον
1689 3693 1748 3753 δὲ
1785 3695 1912 3764 περὶ

2018 3701 2194 3757 neque
2243 3685 2513 3751 destituti,
2544 3686 2589 3740 si
2647 3684 2833 3754 lapsus
2867 3684 2959 3747 sit,
3000 3682 3084 3737 vel
3126 3682 3299 3739 hostis
3345 3683 3605 3739 misertus

325 3767 569 3836 ἐμαυτοῦ
593 3769 737 3838 λέγω
771 3773 805 3844 ἢ
835 3778 965 3848 περὶ
1008 3781 1230 3835 πάντων
1260 3782 1625 3852 ἀνθρώπων),
1658 3783 1762 3837 κᾶν
1808 3784 1910 3836 αὑ-

2018 3778 2203 3834 fuerit.
2236 3777 2305 3832 At
2349 3776 2444 3846 qui
2503 3777 2791 3845 degustato
2849 3776 2989 3829 bono
3037 3774 3237 3828 deinde
3286 3788 3345 3828 sc
3420 3773 3599 3844 ipsum

324 3859 415 3924 τὸς
446 3863 609 3918 αὐτὸν
641 3866 872 3935 είκὸτως
909 3873 1219 3943 μισήσειεν.
1273 3877 1350 3930 Οὐ
1401 3877 1539 3946 πρὸς
1586 3876 1781 3946 ἀνδρὸς
1813 3873 1912 3931 οὖν

2018 3883 2208 3924 rursus
2268 3866 2450 3937 pravis
2493 3869 2659 3921 rebus
2705 3864 2980 3921 addixerit
3017 3867 3143 3933 (nec
3194 3865 3376 3920 minus
3416 3865 3483 3919 de
3514 3881 3602 3920 me

326 3952 535 4021 ἀγαθοῦ
565 3957 772 4015 είδὲναι
801 3967 894 4016 καὶ
918 3965 1221 4035 διδάσκειν,
1241 3968 1276 4022 ἃ
1304 3968 1434 4038 χρὴ,
1469 3968 1644 4031 ἔπειτ’
1667 3969 1915 4037 ἀποφαί-

327 4061 441 4119 νειν
464 4047 647 4117 αὑτὸν,
679 4044 759 4113 οἷς
784 4053 845 4107 οὐ
880 4056 1008 4126 χρὴ,
1046 4058 1393 4121 δουλεύοντα.

2010 3960 2130 4037 ipso
2180 3973 2346 4030 quam
2386 3957 2713 4012 mortalibus
2761 3955 3031 4011 universis
3095 3956 3337 4027 loquor),
3388 3958 3437 4011 is
3467 3972 3600 4012 vero

2009 4070 2118 4111 non
2154 4053 2252 4109 abs
2306 4067 2366 4105 re
2410 4050 2629 4106 sibimet
2669 4049 2775 4119 ipsi
2807 4049 2934 4106 odio
2984 4048 3171 4107 fuerit.
3221 4049 3595 4118 Quamobrem

323 4137 427 4192 viri
480 4139 607 4196 boni
641 4159 752 4200 non
820 4157 924 4214 est,
957 4157 1071 4209 tum
1118 4165 1315 4227 nesse,»
1379 4162 1492 4213 tum
1533 4153 1735 4213 docere
1783 4166 1909 4223 quae
1942 4153 2177 4218 oportet,
2243 4159 2311 4205 ac
2359 4144 2555 4201 deinde
2620 4158 2681 4200 se
2734 4143 2911 4214 ipsum
2953 4143 3212 4205 exhibere
3271 4142 3599 4205 servientem

324 4230 411 4296 iis,
438 4234 631 4303 quibus
663 4237 805 4295 haud
832 4257 931 4312 par
954 4253 1093 4299 erat.

394 4421 501 4475 Ἤν
534 4440 617 4488 τις
659 4425 1007 4498 ἰσχυρίζηται
1058 4343 1189 4487 ’τίὲν⁸
1226 4430 1559 4501 ἀνθρώπων,
1607 4432 1644 4487 ἆ
1676 4447 1742 4500 γε
1789 4426 1910 4500 χρὴ

2698 4329 2911 4386 XCVII.

2022 4486 2023 4489 η
2075 4425 2215 4485 Esse
2243 4424 2343 4480 sibi
2381 4426 2597 4495 cognita
2652 4424 2697 4480 si
2751 4425 3039 4481 confirmet
3069 4422 3265 4494 aliquis
3290 4421 3597 4489 hominum,

320 4517 496 4569 ποιεῖν
519 4520 845 4585 ἐγνωκέναι.
885 4521 1085 4577 ἔπειτα
1112 4523 1189 4596 μὴ
1221 4525 1484 4596 φαίνηται
1518 4526 1692 4581 ταῦτα
1725 4525 1901 4595 πράτ-

2018 4533 2124 4590 ιιιλε
2157 4517 2410 4574 faciunda
2443 4517 2573 4580 sint,
2617 4515 2957 4587 interimque
2984 4531 3095 4573 non
3145 4523 3432 4587 appareat,
3479 4515 3599 4571 ὶιωο

317 4625 449 4673 των,
478 4609 515 4681 ἢ
541 4611 874 4682 ψευδόμενός
907 4615 1077 4684 ἔστιν,
1103 4616 1143 4688 ἢ
1176 4617 1317 4689 πρὸς
1353 4618 1561 4688 βλάϐην
1590 4616 1788 4673 ἑαυτοῦ
1832 4614 1896 4668 τὸ

2018 4626 2126 4666 tum
2168 4610 2328 4666 factis
2368 4618 2648 4679 praestare,
2679 4608 2765 4667 vel
2815 4612 3046 4664 mendax
3074 4618 3176 4671 est,
3213 4607 3297 4662 vel
3338 4621 3496 4663 suum
3530 4606 3596 4660 ad

317 4699 513 4766 γνῶναι
548 4704 909 4774 κεκτημένος.
941 4707 1052 4762 Καὶ
1078 4708 1289 4771 πάντας
1323 4709 1424 4777 μὲν
1454 4709 1522 4767 ἂν
1546 4709 1723 4779 ἔχοιμι
1749 4708 1885 4779 πρὸς

2018 4700 2377 4757 letrimentum
2413 4715 2476 4755 ea
2501 4698 2812 4772 cognitione
2873 4699 3151 4769 praeditus.
3199 4697 3254 4751 In
3274 4712 3337 4753 ea
3361 4712 3421 4752 re
3437 4698 3589 4753 ncmi

314 4791 472 4846 τοῦτο
521 4794 1089 4871 συμφθεγγομένουςθ·
1128 4798 1288 4871 ἄθρει
1319 4799 1377 4855 δὲ
1407 4801 1504 4861 καὶ
1533 4799 1627 4854 τὸν
1658 4800 1897 4870 Σωτῆρα

2018 4807 2136 4849 tem
2184 4793 2318 4848 mihi
2359 4808 2473 4849 non
2515 4807 2872 4849 assensurum
2919 4800 3129 4861 putem.
3169 4788 3277 4846 Sed
3321 4791 3444 4846 vide
3470 4806 3595 4860 pro-

319 4885 455 4940 τοῦτ’
487 4888 928 4960 ἀποφαινόμενον
971 4891 1275 4965 ἀροδήλως,
1318 4893 1403 4963 τῷ
1430 4893 1635 4962 λέγειν,
1674 4892 1894 4962 μέλλειν

2018 4886 2355 4945 ιιιιιιίοιιιειη
2386 4887 2490 4945 hoc
2525 4886 2879 4942 Serv-storem
2906 4898 3121 4954 quoque
3146 4892 3392 4938 nostrum
3425 4883 3593 4939 claris

316 4977 646 5050 δαρήσεσθαι
678 4981 771 5036 τὸν
798 4982 983 5052 ὀλίγοιο
1005 4984 1209 5052 γνώσει
1239 4984 1728 5056 προσκεκρουκότα
1756 4985 1895 5055 μᾶλ-

2018 4978 2203 5047 ιριὺίε,
2224 4995 2350 5035 cum
2373 4979 2471 5044 ait,
2506 4978 2887 5049 vapulaturum
2915 4976 3087 5047 magis
3117 4990 3265 5041 eum,
3288 4975 3378 5046 qui
3405 4974 3591 5033 sciens

313 5071 399 5122 λον
422 5070 521 5129 τοῦ
563 5073 639 5128 τὰ.
659 5073 885 5144 μείζονα
918 5077 1047 5132 κατ“
1073 5075 1301 5144 ἄγνοιαν
1344 5078 1696 5141 ἐπταικότος.
1731 5076 1899 5132 Ὠσθί

2018 5069 2727 5140 i_rudens.oﬂ'entlerit,quium
2755 5070 2849 5138 qui
2875 5068 3079 5137 majora
3104 5082 3200 5135 per
3223 5066 3588 5136 ignorantiam

311 5165 338 5218 ό
363 5165 421 5217 τὸ
451 5166 619 5221 καλὸν
645 5167 827 5231 καλῶς
850 5168 1026 5235 εἰδὼς,
1055 5169 1235 5233 καλῶς
1269 5171 1328 5225 δὲ
1356 5170 1517 5225 τοῦτο
1545 5172 1620 5243 μὴ
1650 5170 1885 5241 πράξας,

2025 5164 2292 5220 dmiserit.
2331 5164 2450 5231 Quo
2496 5163 2753 5225 efficitur.
2785 5173 2847 5215 ut
2892 5161 3009 5232 qui,
3041 5161 3185 5232 quod
3243 5161 3444 5216 bonum
3479 5168 3591 5226 est,

312 5258 612 5329 ἐζημίωται
633 5260 711 5331 τῷ
737 5261 963 5331 γνῶναι.
1005 5264 1114 5317 Καὶ
1161 5263 1367 5332 ταύτην
1394 5265 1495 5332 τὴν
1527 5264 1756 5335 γνώμην
1785 5266 1889 5319 οὐκ

2020 5265 2139 5312 ecte
2200 5257 2372 5321 novit,
2406 5271 2507 5311 nec
2566 5265 2745 5309 tamen
2773 5253 2827 5309 id
2881 5263 3033 5309 recte
3076 5252 3227 5320 facit,
3255 5268 3352 5323 per
3395 5253 3592 5323 ipsam'

1993 5350 2364 5421 cognitionem
2384 5349 2583 5402 damno
2607 5346 2842 5415 quoda’m
2878 5343 3105 5400 allectus
3135 5345 3225 5400 sit.
3262 5346 3439 5414 Atque
3472 5346 3588 5400 haec

1984 5455 2115 5497 sane
2151 5440 2418 5496 sententia
2453 5439 2687 5510 perverti
2732 5453 2896 5508 prave
2946 5438 3328 5494 ratiocinando
3359 5438 3573 5507 nequit,

1982 5534 2209 5590 etiamsi
2250 5548 2374 5589 cum
2398 5533 2650 5587 universa
2702 5530 2947 5587 terrestri
2975 5531 3296 5601 angelorum
3331 5530 3581 5584 omnium

1982 5625 2254 5695 Sapientia
2286 5634 2460 5679 coeat.
2500 5623 2770 5678 Divinitus
2815 5624 2962 5678 enim
3017 5623 3225 5694 prolata
3262 5620 3420 5676 nobis
3466 5629 3573 5684 est,

1983 5718 2135 5774 omni
2188 5718 2443 5788 aequitate
2476 5717 2862 5772 condecorata.
2896 5715 3001 5771 Res
3038 5715 3257 5770 interim
3285 5722 3489 5767 nostra:
3522 5712 3582 5766 in

309 5352 383 5406 Eat
414 5353 918 5425 παραλογίσασθαι,
965 5356 1074 5409 οὐδ’
1118 5356 1185 5427 ἤν
1216 5357 1448 5429 συνέλθῃ
1477 5360 1544 5428 τῇ
1590 5361 1754 5431 σοφίᾳ
1783 5359 1884 5428 τῆς

309 5445 408 5515 γῆς
451 5447 733 5518 ἁπάσηςή
769 5448 877 5501 τῶν
904 5448 1159 5517 ἀγγέλων
1201 5450 1486 5505 ἁπάντων.
1531 5451 1729 5505 Θεόθεν
1772 5454 1882 5523 γὰρ

309 5541 437 5610 ἡμῖν
465 5542 616 5594 ἐστιν
647 5542 1072 5614 ἐξενηνεγμένη,
1104 5544 1213 5609 ὅλῳ
1257 5547 1354 5599 καὶ
1395 5546 1563 5599 παντὶ
1589 5545 1669 5616 τῷ
1700 5563 1882 5615 γιγνο·

313 5631 455 5701 μένῳ
502 5635 923 5705 κεκοσμημένη.
979 5636 1150 5690 Στενὰ
1176 5637 1233 5690 δὲ
1286 5638 1357 5693 τὰ
1407 5638 1656 5711 ἡμέτερα
1689 5640 1883 5695 ἑκατέ-

310 5723 500 5793 ρωθεν.
551 5726 627 5778 "ll
672 5742 732 5779 τε
781 5727 891 5798 γὰρ
935 5727 1240 5807 ἀϐελτηρία
1297 5731 1507 5798 κακὸν,
1547 5731 1582 5802 ἦ
1626 5749 1687 5786 τε
1737 5733 1879 5801 γνῶ-

308 5832 387 5879 σις
435 5816 693 5890 φοϐερὸν,
732 5818 794 5873 οὐ
837 5819 1032 5891 μικρδιν
1081 5820 1174 5875 τὸν
1224 5821 1470 5878 κίνδυνον
1516 5825 1650 5898 ἡμῖν
1698 5824 1832 5899 ἐξαρ
1861 5856 1876 5869 ο

306 5926 472 5966 τωσα.

1981 5820 2160 5866 artum
2210 5811 2469 5881 utrinque
2505 5821 2797 5883 coguntur.
2872 5808 3002 5864 Nam
3034 5818 3091 5865 et
3137 5807 3403 5877 imperitia
3462 5821 3581 5861 tua-
3672 5877 3677 5883 t

1980 5901 2087 5956 lum
2127 5903 2259 5974 quid
2306 5912 2410 5968 est,
2447 5910 2500 5957 et
2547 5901 2810 5969 cognitio,
2848 5899 3215 5964 formidabile,
3253 5912 3378 5952 cum
3426 5897 3580 5969 feria

1981 5997 2166 6051 culum
2214 6013 2278 6053 ex
2316 6013 2378 6053 ea
2407 6012 2515 6054 non
2556 5996 2812 6061 exiguum
2865 5994 3023 6050 nobis
3061 5993 3395 6060 impendeat.
