3958 6462
341 405 449 470 383

991 524 1222 584 XCVI".

416 615 611 670 Sciunt
637 631 856 680 omnes,
883 617 1062 687 ipsum
1098 635 1192 688 per
1217 636 1276 675 se
1303 620 1488 676 vivere
1513 621 1717 676 bonum
1776 637 1918 678 esse.

335 705 537 762 Verum
567 707 676 763 alio
706 710 944 778 quodam
977 712 1140 766 modo
1164 714 1270 764 vita
1301 721 1473 767 morte
1493 713 1732 767 deterior
1760 713 1918 767 inve-

337 803 508 863 nitur,
536 817 658 870 qute
681 803 892 858 scilicet
920 807 1134 858 aetatem
1168 820 1330 859 unam
1370 821 1492 860 cuin
1515 806 1622 860 alia
1671 817 1916 871 mutans,

335 891 603 960 quasique
628 894 941 961 proﬁciens,
976 894 1146 948 animi
1201 895 1339 948 bona
1392 895 1672 951 diminuit.
1723 896 1917 951 Itidem

337 991 515 1050 turpe,
541 985 769 1054 capillos
784 986 1001 1055 quidem
1020 988 1214 1052 albari,
1234 990 1326 1045 sed
1348 990 1594 1044 animum
1614 988 1914 1059 denigrari.

339 1070 524 1133 Solent
551 1067 731 1133 autem
765 1084 879 1134 haec
909 1082 1225 1146 usuvenire,
1267 1080 1488 1152 quando
1515 1097 1638 1137 cum
1667 1082 1916 1137 aetatibus

339 1171 456 1240 ipsa
488 1171 703 1225 vivendi
739 1173 881 1228 ratio
910 1188 1018 1228 non
1053 1174 1222 1229 sumit
1253 1176 1676 1233 incrementum.
1709 1175 1917 1246 Magnae

337 1263 556 1332 quidem
585 1263 823 1319 infamiae
873 1266 1030 1334 plena
1063 1282 1150 1323 res
1177 1276 1282 1333 est,
1310 1267 1590 1326 hominem
1640 1281 1915 1326 maturum

333 1361 386 1407 et
418 1368 625 1416 senem,
656 1356 708 1409 in
734 1369 941 1410 morem
967 1357 1120 1426 pueri
1153 1372 1272 1413 sese
1302 1375 1514 1428 gerere.
1573 1359 1638 1414 Et
1689 1363 1916 1440 omnino

332 1446 575 1500 deterius
611 1461 826 1516 sapere,
852 1465 1016 1519 quam
1050 1462 1200 1516 tetas,
1229 1467 1336 1521 qua
1391 1452 1627 1523 quisque
1665 1464 1768 1516 est,
1814 1470 1914 1523 po-

330 1538 531 1604 stulat,
555 1555 658 1593 nec
693 1541 985 1596 honestum
1010 1551 1093 1599 est
1128 1560 1230 1599 nec
1251 1544 1597 1611 bonum,nec
1622 1547 1910 1603 laudabile.

331 1633 677 1704 QuaprOpter
695 1636 740 1690 si
767 1636 932 1691 vitam
960 1637 1300 1708 gloriamque
1322 1653 1506 1693 veram
1537 1641 1771 1709 appetis,
1803 1657 1914 1712 quo

335 1725 430 1780 tibi
459 1728 668 1781 servire
700 1738 941 1783 nostram
974 1730 1118 1785 hanc
1144 1731 1463 1794 forationem
1524 1733 1781 1795 arbitror,
1829 1733 1916 1788 fac

334 1818 445 1874 vita
477 1828 568 1872 tua
589 1835 869 1876 concessae
899 1822 994 1877 tibi
1045 1822 1308 1878 divinitus
1355 1825 1502 1880 :etati
1563 1827 1911 1894 respondeat.

1023 1913 1218 1970 XCIX.

404 2003 539 2059 Tam
582 2005 827 2074 pulvere,
861 2022 1026 2078 quam
1057 2010 1278 2079 spiritu,
1309 2011 1474 2068 rebus
1497 2011 1756 2080 diversis,
1786 2029 1912 2103 cum

333 2109 651 2154 constemus
685 2100 958 2166 homines,
984 2103 1252 2171 quasique
1281 2105 1532 2173 duplices
1558 2107 1660 2175 (uti
1687 2100 1910 2176 quidem

336 2191 553 2248 videtur
581 2193 598 2262 )
630 2193 806 2249 simus
835 2213 847 2249 :
886 2197 1033 2264 parti
1062 2196 1242 2250 viliori
1270 2198 1705 2266 prasstantiorem
1740 2199 1912 2269 subji-

334 2285 532 2352 cimus,
564 2289 824 2358 nulloque
854 2290 908 2343 in
929 2290 1108 2360 pretio
1139 2292 1410 2361 potiorem
1438 2292 1586 2348 illam
1623 2293 1912 2350 habemus.

335 2378 501 2447 Digna
533 2395 660 2435 vero
692 2382 965 2452 vituperio
989 2398 1097 2450 res,
1123 2399 1189 2438 ne
1206 2385 1428 2454 quidem
1453 2401 1481 2440 a
1506 2387 1664 2440 nobis
1685 2388 1802 2456 pari
1825 2402 1913 2441 ra-

333 2473 482 2526 tione
507 2487 630 2527 cum
662 2489 828 2531 carne
854 2477 1094 2542 mortali,
1128 2493 1249 2548 qua:
1274 2480 1451 2548 pulvis
1472 2479 1628 2533 aDco
1645 2478 1914 2538 formatus

330 2572 432 2626 est,
455 2563 820 2620 immortalem
840 2567 1108 2630 animum,
1135 2584 1247 2622 rem
1272 2569 1537 2623 divinitus
1566 2569 1910 2637 inspiratam,

334 2655 389 2709 in
432 2656 644 2710 honore
669 2656 882 2712 haberi.
917 2657 1120 2712 Verum
1161 2659 1402 2715 scientes
1432 2676 1558 2716 esse
1589 2662 1780 2716 vitium
1811 2664 1916 2718 hoc

333 2747 660 2816 ignorantiae
694 2748 938 2817 plenum,
976 2751 1270 2820 magnique
1320 2752 1636 2808 detrimenti
1689 2770 1911 2810 causam

332 2841 596 2909 praebere,
630 2843 772 2910 quod
806 2841 939 2895 nulli
969 2850 1054 2896 est
1081 2845 1200 2897 usui
1238 2859 1466 2915 corpus,
1503 2855 1559 2900 ut
1581 2849 1789 2901 oraculi
1830 2848 1915 2902 di-

331 2933 444 2986 vini
477 2934 660 2989 verbis
686 2942 929 2997 utamur,
968 2936 1206 2991 tenuiter
1253 2938 1565 3006 modicique
1604 2937 1912 3006 foveainus,

329 3040 400 3078 ne
426 3024 677 3094 spiritum
702 3025 852 3080 illum
882 3027 1158 3082 viviﬁcum
1178 3031 1333 3098 quasi
1369 3042 1545 3088 morte
1577 3035 1910 3092 multemus.

327 3114 464 3171 Nam
492 3117 546 3170 in
573 3120 1006 3188 repugnantibus
1034 3124 1331 3188 universis,
1375 3125 1421 3180 si
1477 3127 1728 3184 alterutri
1780 3131 1912 3199 quid

1536 411 1936 474 MANUEIJS
1974 415 2060 474 PA
2073 415 2424 479 LIEOLOGI

1939 536 1986 592 Α

1943 1877 1991 1936 Β

3495 417 3604 484 3ὃὶ

2409 599 2424 613 κ
2755 533 2874 603 ur.

2099 627 2172 678 Τὸ
2199 627 2298 694 ζῇν
2328 628 2462 681 αὐτὸ
2502 627 2631 681 καθ’
2664 627 2798 680 αὐτὸ
2846 627 3036 694 καλὸν,
3067 630 3164 682 καὶ
3216 629 3419 692 πάντες
3450 628 3603 681 ῖσασι

2023 719 2201 774 τοῦτο.
2235 722 2360 792 Ζωὴ
2394 720 2451 774 δὲ
2487 721 2690 791 τρόπον
2727 721 2916 791 ἕτερον
2954 722 3187 776 Θανάτου
3217 721 3417 791 χείρων
3453 719 3605 790 εὑρί-

2026 830 2236 881 σκεται,
2268 815 2301 884 ἢ
2339 815 2437 877 τὰς
2467 815 2684 885 ἡλικίας
2713 816 3042 886 ἀμείϐουσα,
3073 817 3167 869 καὶ
3201 816 3364 868 οἱονεὶ
3394 814 3602 884 προκό-

2021 921 2254 970 πτουσα,
2299 907 2366 960 τὰ
2409 907 2510 976 τῆς
2551 907 2730 979 ψυχῆς
2767 911 2910 978 μειοῖ
2942 908 3418 977 πλεονεκτήματα.
3446 907 3598 986 ᾍίσ-

2020 995 2150 1065 χρὸν
2183 996 2241 1050 δὲ
2277 997 2369 1050 καὶ
2411 997 2511 1068 τὴν
2541 999 2705 1069 τρίχα
2745 999 3154 1064 λευκαίνεσθαι,
3193 999 3294 1068 τὴν
3331 999 3386 1050 δὲ
3417 996 3598 1066 ψυχὴν

2023 1088 2398 1157 μελαίνεσθαι.
2449 1091 2620 1144 Ταυτὶ
2661 1091 2717 1145 δὲ
2754 1091 2966 1159 πέφυκε
3015 1091 3320 1160 γίγνεσθαι,
3355 1091 3482 1144 ὅταν
3517 1088 3597 1158 μὴ

2022 1179 2358 1249 συναόξηται
2387 1186 2508 1246 ταῖς
2548 1183 2793 1251 ἡλικίαις
2817 1184 2844 1235 ό
2879 1181 3014 1252 βίοςο
3045 1182 3121 1245 ὡς
3171 1181 3373 1250 πολλῆς
3400 1181 3597 1250 αἰσχύ-

2018 1286 2114 1339 νης
2148 1271 2322 1338 γέμον
2355 1271 2510 1341 ἀνδρὶ
2534 1272 2730 1339 τελείῳ
2763 1273 2857 1326 καὶ
2889 1275 3108 1343 γέροντι
3134 1276 3247 1334 τοῖς
3275 1271 3368 1325 τοῦ
3403 1271 3595 1332 παιδὸς

2019 1362 2422 1418 πολιτεύεσθαι.
2457 1365 2636 1426 "om;
2665 1365 2722 1419 δὲ
2753 1366 2921 1436 χείρω
2968 1367 3187 1435 φρονεῖν
3215 1367 3318 1434 τῆς
3344 1366 3403 1418 ὲν
3431 1358 3465 1439 ᾖ
3506 1366 3594 1427 τίς

2018 1453 2162 1504 ἐστιν
2195 1452 2433 1522 ἡλικίας,
2463 1455 2524 1507 οὐ
2557 1453 2739 1519 καλὸν,
2775 1455 2876 1507 οὐκ
2906 1455 3131 1523 ἀγαθὸν,
3159 1454 3259 1506 οὐκ
3281 1451 3591 1505 ἐπαινετόν.

2019 1543 2082 1597 Ei
2114 1544 2247 1613 γοῦν
2270 1546 2485 1615 ἀληθῶς
2513 1548 2661 1616 ζωῆς
2687 1547 2782 1600 καὶ
2815 1546 2971 1618 δόξης
3004 1545 3292 1614 ἐπιθυμεῖς
3322 1542 3502 1612 (ταυτὶ
3531 1541 3590 1593 δὲ

2019 1637 2208 1691 τοῦτον
2233 1639 2324 1692 τὸν
2345 1639 2503 1708 λόγον
2534 1641 2831 1708 ἁρμόττειν
2860 1635 3062 1708 οἶμαι),
3085 1639 3292 1707 πάρεχε
3319 1637 3432 1704 βίον
3455 1651 3590 1688 κατ-

2019 1731 2253 1801 άλληλον
2285 1730 2364 1803 τῷ
2388 1734 2543 1803 παρὰ
2569 1732 2704 1785 Θεοῦ
2740 1732 3013 1804 δεδομένῳ
3041 1748 3123 1786 σοι
3145 1730 3344 1802 χρόνῳ.

2101 2007 2189 2071 '0;
2223 2007 2388 2075 ἔοικε,
2419 2008 2596 2062 διπλοῖ
2618 2026 2764 2071 τινες
2793 2010 2947 2072 ὄντες
2973 2009 3024 2062 oi
3052 2009 3330 2079 ἄνθρωποι
3355 2008 3411 2074 ἐξ
3436 2008 3588 2061 ἐναν-

2016 2101 2169 2165 τίων,
2203 2101 2324 2171 χοὸς
2347 2103 2448 2156 kat
2467 2102 2797 2173 πνεύματος,
2826 2103 2905 2173 τῷ
2931 2103 3164 2172 φαυλοτέ
3173 2119 3247 2173 ρῳ
3269 2103 3328 2155 τὸ
3344 2102 3592 2172 κρεῖττον

2020 2193 2418 2262 ὑποτάττομεν,
2443 2196 2575 2264 παρ’
2616 2194 2771 2247 οὐδὲν
2811 2195 2871 2248 τὸ
2900 2197 3149 2265 κρεῖττον
3189 2195 3431 2262 θέμενοι.
3463 2191 3590 2247 Οἷον

2017 2283 2074 2336 δὲ
2103 2284 2242 2352 πρὸς
2296 2283 2558 2354 μέμψεως
2587 2285 2769 2354 λόγον,
2808 2287 2944 2356 μηδὲ
2975 2287 3109 2354 γοῦν
3152 2288 3210 2340 ὲν
3256 2287 3356 2358 ῖσῳ
3392 2287 3593 2356 θνητῆς

2020 2377 2243 2447 σαρκὸς,
2283 2377 2621 2431 θεοπλάστου
2661 2378 2884 2445 κόνεως,
2916 2377 3097 2449 ψυχὴν
3143 2379 3307 2449 τιμᾷν
3337 2378 3590 2442 ἀείζωον,

2017 2467 2212 2539 χρῆμά
2234 2486 2286 2521 τι
2317 2467 2701 2523 θεόπνευστον.
2745 2469 2886 2522 Ἀλλ’
2911 2470 3139 2538 ἀγνοίας
3169 2469 3390 2538 γνόντες
3420 2469 3592 2538 γέμον

2017 2565 2166 2615 τουτὶ
2189 2562 2249 2614 τὸ
2272 2563 2468 2628 πάθος,
2486 2563 2583 2616 καὶ
2612 2562 2816 2632 πολλῆς
2857 2563 3062 2633 ζημίας
3090 2563 3403 2632 παραίτιον,
3433 2561 3592 2628 ὀλίγα

2019 2655 2450 2725 περιθάλπωμεν
2479 2654 2542 2709 τὸ
2579 2655 2746 2726 μηδὲν
2792 2655 3026 2726 ὠφελεῖν
3073 2656 3375 2726 δυνάμενον
3407 2655 3590 2725 σῶμα,

2017 2751 2158 2802 κατά
2185 2748 2277 2801 τὸν
2299 2748 2442 2801 θεῖον
2476 2750 2657 2802 εἰπεῖν
2684 2750 2958 2820 χρησμόνο
2988 2749 3075 2802 ἵνα
3101 2750 3176 2820 μὴ
3203 2749 3263 2802 τὸ
3289 2748 3590 2819 ξωογονοῦν

2015 2840 2260 2910 ὡσπερεὶ
2282 2840 2476 2911 νεκρὸν
2497 2842 2892 2911 ἀποφαίνωμεν
2921 2842 3161 2913 πνεῦμα.
3193 2842 3318 2896 Ἐπὶ
3339 2844 3448 2912 γὰρ
3481 2842 3590 2896 τῶν

2016 2935 2410 3005 ἀντικειμένων
2430 2936 2710 3004 ἁπάντων,
2736 2937 2803 2992 ἂν
2825 2937 3040 3008 θατέρῳ
3071 2955 3123 2990 τι
3145 2937 3347 3009 ξυμσῇ,
3379 2937 3591 3007 θατέρῳ

2015 3029 2327 3084 τούναντίον
2376 3030 2700 3084 ἀκολουθεῖ·
2736 3031 2832 3086 καὶ
2861 3033 2962 3101 τῆς
2994 3032 3198 3100 σαρκὸς
3234 3031 3588 3099 εὐεκτούσης,

2016 3125 2198 3177 νοσεῖν
2227 3123 2448 3195 ἀνάγκη
2493 3125 2553 3178 τὸ
2586 3126 2831 3196 πνεῦμα.
2877 3125 3238 3180 Ἀντίκεινται
3285 3125 3393 3196 γὰρ
3425 3123 3589 3196 ἀλλή-

330 3211 561 3273 accidat,
591 3211 644 3266 in
677 3212 849 3268 altero
867 3215 1146 3271 diversum
1175 3219 1308 3288 quid
1340 3220 1597 3290 sequitur
1624 3239 1639 3277 :
1665 3232 1717 3276 et
1749 3237 1915 3278 carne
1942 3225 1983 3284 C
2016 3220 2153 3286 λοις.

329 3303 466 3358 belle
500 3315 706 3366 curata.
740 3307 992 3374 spiritum
1021 3309 1374 3383 languescere
1396 3327 1620 3369 necesse
1636 3312 1910 3384 est..Sunt

328 3397 471 3453 enim
497 3397 615 3454 haec
647 3402 1033 3471 repugnantia.

398 3583 719 3641 Obtinendze
753 3595 862 3642 tam
895 3589 947 3642 in
970 3590 1072 3644 hac
1092 3591 1225 3656 vita,
1251 3606 1414 3662 quam
1447 3591 1500 3646 in
1532 3593 1722 3660 altera,
1748 3607 1911 3649 coro-

330 3688 432 3737 nnc,
463 3675 546 3728 vis
573 3690 972 3746 perpaucorum
1001 3681 1295 3734 verborum
1319 3681 1581 3738 facillime
1610 3683 1908 3740 suffecerit.

329 3761 797 3833 Deﬂecteamalo,
829 3769 1180 3840 inquitdivus
1200 3771 1288 3826 ille
1314 3773 1560 3840 Davides,
1599 3784 1650 3828 et
1693 3777 1782 3845 [ac
1825 3777 1913 3831 bo-

328 3872 474 3910 num.
509 3857 649 3923 Quid
682 3861 810 3915 huic
827 3865 1111 3920 sententiae
1143 3881 1242 3934 par
1257 3881 1378 3922 esse
1407 3870 1620 3937 possit?
1652 3872 1784 3941 quid
1805 3872 1912 3928 uti-

333 3951 438 4006 lius
468 3951 490 4004 ?
519 3953 648 4023 quid
679 3956 1035 4024 expeditius?
1063 3958 1106 4012 0
1131 3960 1469 4029 spiritualem
1498 3965 1851 4034 sapientiam,
1877 3981 1910 4022 o

329 4044 609 4114 singulare
633 4049 832 4103 mentis
854 4065 1084 4106 acumen
1110 4052 1162 4106 in
1191 4069 1277 4118 eo,
1300 4057 1393 4125 qui
1417 4057 1582 4127 hujus
1607 4069 1802 4116 auctor
1826 4071 1911 4116 est

329 4138 630 4203 sentcntiae,
669 4154 791 4208 quze
825 4141 1048 4210 quidem
1099 4143 1344 4212 perfecta
1388 4147 1643 4215 perfectis
1695 4166 1726 4205 a
1783 4167 1911 4220 per-

333 4225 477 4281 l'ecto
505 4236 590 4281 est
618 4229 840 4284 tradita.
877 4229 1146 4287 Nimirum
1181 4233 1226 4288 is
1260 4243 1441 4290 mente
1487 4237 1749 4306 praeditus
1803 4249 1908 4304 est,

329 4319 421 4388 qui
445 4334 567 4373 cum
591 4335 650 4375 se
681 4323 954 4392 pulverem
984 4329 1149 4390 norit,
1167 4335 1432 4397 terraque
1449 4329 1608 4382 matri
1667 4327 1911 4384 debitum

328 4428 451 4468 esse
482 4415 925 4481 persolvendum,
950 4417 1135 4472 Davidi
1156 4417 1563 4488 obtemperans,
1583 4419 1914 4490 resipiscen-

331 4506 403 4559 tia
430 4515 658 4560 mortem
685 4517 987 4563 antevertet
1024 4523 1040 4562 :
1087 4509 1380 4566 vitiositate
1413 4510 1564 4565 omni
1593 4521 1778 4575 exuta,
1817 4513 1912 4566 bo-

329 4599 522 4669 nisque
549 4602 827 4669 operibus,
865 4603 930 4655 ad
957 4618 1078 4674 quae
1103 4602 1309 4658 conditi
1330 4619 1545 4667 sumus,
1587 4603 1784 4674 opiﬁce
1825 4620 1913 4660 re-

329 4704 448 4742 rum
471 4689 703 4759 placato.
731 4689 812 4745 Tu
842 4694 1085 4762 quidem,
1118 4693 1445 4749 cbarissime
1481 4693 1576 4757 lili,
1615 4703 1911 4764 utrumque

331 4781 558 4847 faciens,
591 4783 660 4837 ob
681 4792 939 4839 neutrum
970 4784 1174 4840 elatum
1197 4795 1249 4841 te
1291 4799 1533 4855 unquam
1585 4785 1759 4855 gerito
1791 4803 1804 4840 :
1840 4800 1910 4841 ne

329 4873 448 4941 tibi,
475 4872 812 4932 Pharismuni
847 4875 1021 4945 illum,
1046 4879 1138 4947 qui
1164 4877 1421 4931 virtutem
1445 4877 1766 4933 colebatille
1788 4877 1911 4947 qui-

328 4963 451 5019 dem
495 4964 550 5020 in
588 4966 856 5036 moribus,
890 4966 985 5022 sed
1003 4982 1347 5038 nequaquam
1372 4967 1650 5024 modestus
1680 4983 1802 5025 esse
1823 4969 1908 5025 di-

327 5055 554 5120 dicerat,
588 5057 728 5113 male
776 5057 1009 5124 imitate,
1050 5059 1238 5114 multis
1270 5059 1490 5130 egregie
1543 5070 1695 5129 parta
1732 5061 1904 5116 sudo-

329 5148 503 5215 ribus,
526 5149 992 5218 quemadmodum
1007 5160 1060 5206 et
1077 5151 1179 5223 ipsi
1204 5151 1480 5217 usuvenit,
1502 5151 1604 5208 levi
1623 5163 1903 5209 momento

326 5241 660 5298 adimantur.

2769 3493 2851 3547 P'.

2095 3583 2192 3656 Ῥη
2203 3583 2388 3655 μάτων
2410 3585 2608 3652 ὀλίγων
2625 3584 2858 3657 δύναμις
2882 3587 3060 3658 ῥᾷστα
3082 3587 3147 3640 ἂν
3173 3586 3459 3657 ἀρκέσειεν
3487 3578 3587 3639 ὦδε

2013 3677 2178 3731 κάκεῖ
2201 3677 2570 3745 στεφανῶσαι.
2609 3679 2938 3733 Ἕκκλινον
2964 3678 3084 3734 ἀπὸ
3126 3678 3336 3741 κακοῦ,
3369 3680 3532 3747 φησὶν
3562 3680 3591 3733 ὁ

2017 3771 2160 3832 θεῖος
2187 3769 2373 3834 Δαϐὶδ,
2407 3769 2508 3824 καί
2549 3772 2815 3839 ποίησον
2843 3771 3088 3839 ἀγαθόν.
3127 3771 3192 3824 Τί
3222 3771 3325 3838 τῆς
3361 3770 3590 3840 γνώμης

2017 3862 2222 3933 ταύτης
2249 3863 2448 3929 γένοιτ’
2482 3863 2549 3918 ἂν
2574 3864 2728 3932 (cev;
2756 3863 2810 3917 τί
2845 3862 3307 3933 ὠφελιμώτερον;
3340 3864 3393 3916 τί
3425 3862 3591 3932 ταχύ-

2016 3971 2210 4025 τερον;
2245 3956 2312 4009 Ὠ
2347 3957 2730 4025 πνευματικῆς
2760 3954 2990 4024 σοφίαςί
3025 3954 3302 4025 ὣφρενῶν
3331 3955 3591 4024 ὀξύτητος

2014 4046 2111 4102 τοῦ
2156 4048 2457 4112 δεδωκότος
2490 4048 2591 4118 τὴν
2636 4048 2889 4119 γνώμην,
2933 4047 3148 4102 τελείαν
3181 4050 3410 4112 τελείοις
3439 4051 3591 4118 παρά

2015 4141 2226 4195 τελείου
2275 4140 2696 4210 γεγενημένηνῖ
2753 4140 2900 4195 Νοῦν
2933 4141 3024 4210 ἄρ’
3053 4140 3193 4210 ἔχων
3225 4135 3380 4205 οὗτός
3424 4145 3588 4208 ἐστιν,

2015 4232 2076 4296 ὃς
2104 4229 2281 4296 εἰδὼς,
2318 4230 2393 4294 ὡς
2417 4229 2536 4282 ἐστι
2567 4231 2723 4300 χοῦς,
2767 4233 2864 4286 καὶ
2887 4232 2969 4285 δεῖ
3006 4231 3068 4284 τὸ
3108 4233 3268 4300 χρέος
3300 4232 3590 4284 ἀποδοῦναι

2016 4325 2089 4392 γῇ
2117 4324 2182 4392 τῇ
2215 4321 2404 4390 μητρὶ,
2435 4320 2514 4390 τῷ
2537 4321 2703 4374 Δασὶδ
2733 4321 3076 4392 πειθόμενος,
3099 4321 3296 4389 φθάσει
3327 4322 3589 4391 μετανοίᾳ

2016 4414 2110 4467 τδν
2137 4412 2393 4466 θάνατον·
2421 4412 2608 4465 πᾶσαν
2642 4413 2743 4483 μὲν
2788 4414 2991 4468 κακίαν
3024 4414 3203 4480 ἐκδὺς,
3252 4416 3507 4485 χρηστοῖς
3534 4414 3589 4466 δὲ

2017 4502 2224 4575 ἔργοις,
2256 4503 2344 4574 ἐφ’
2373 4498 2458 4567 οἷς
2506 4503 2776 4576 ἐπλάσθη,
2813 4505 2976 4558 ἵλεων
3020 4506 3114 4560 τὸν
3145 4505 3394 4574 πλάστην
3427 4506 3588 4574 ἐργα-

2018 4599 2276 4667 σάμενος.
2314 4596 2426 4650 Καὶ
2456 4597 2521 4668 δὴ
2552 4597 2725 4651 ποιῶν
2771 4597 3082 4668 ἀμφότερα,
3126 4596 3262 4668 μηδὲ
3301 4597 3369 4650 δι’
3401 4597 3589 4665 ἕτερον

2014 4689 2382 4760 ἐπαιρόμενος
2404 4687 2611 4759 φάνηθί
2656 4704 2813 4754 ποτε,
2837 4688 3090 4758 φίλτατεο
3129 4687 3218 4742 ῖνα
3268 4687 3343 4758 μὴ
3368 4688 3459 4741 τὸν
3485 4689 3587 4741 Φα-

2015 4787 2228 4858 ρισαῖον
2258 4785 2488 4851 ἐκεῖνον,
2516 4781 2610 4837 τὸν
2657 4780 2935 4836 ἀσκοῦντα
2980 4782 3082 4851 μὲν
3109 4780 3331 4853 τρόπων
3360 4780 3587 4850 ἀρετὴν,
3613 4803 3618 4808 -

2016 4877 2286 4949 μηδαμῶς
2305 4877 2362 4930 δὲ
2410 4875 2728 4946 μετριάζειν
2777 4873 3159 4945 μεμαθηκότα,
3195 4871 3384 4934 κακῶς
3417 4870 3585 4941 ζηλῶ-

2009 4987 2134 5034 σας,
2187 4971 2254 5024 τὶ
2310 4969 2531 5033 πολλοῖς
2590 4968 2784 5038 ἱδρῶσι
2841 4965 3261 5038 κατωρθωμένα
3309 4982 3394 5018 σοι
3441 4963 3585 5018 πάνυ

2011 5063 2212 5136 ῥᾳδίως
2241 5062 2570 5135 ἀφαιρεθῇς,
2604 5061 2797 5133 ὥσπερ
2827 5061 3068 5131 κάκείνῳ
3093 5056 3479 5131 συμϐέϐηκεν.
