3958 6422
277 306 383 368 385

311 446 770 460 -C—m

1723 303 2012 368 ORATIO
2056 305 2108 367 Ι.

3433 316 3542 380 388

3151 462 3414 470 __.._.__~..

2803 465 2904 466 HW
3151 465 3330 470 __._
3356 465 3414 469 υ.

773 611 1750 819 MANUELIS
1863 577 3038 792 PALZEOLOGI

1573 883 1676 945 AD
1714 883 2096 948 JOANNEM
2128 888 2410 952 FILIUM

583 1075 1429 1193 ORATIONES’
1491 1079 1710 1195 VII
1827 1078 3215 1199 ETHICO-POLITICKE.

985 1435 1046 1493 Δ,

1875 1438 1922 1496 Α

268 1535 461 1607 Λόγος
485 1531 917 1607 προτρεπτικρς
939 1531 1298 1607 είς-λόγους,
1337 1529 1436 1586 καί
1462 1529 1598 1600 περὶ
1621 1528 1837 1600 ἀρετῆς

1951 1530 2137 1586 Oratio
2152 1532 2458 1585 hortatorla
2477 1530 2545 1583 ad
2566 1531 2893 1607 eloquent-im
2917 1531 3118 1602 studia,
3142 1535 3304 1603 deque
3345 1537 3534 1592 virtute

689 1602 790 1658 καὶ
827 1602 1055 1672 ἀγαθοῦ
1083 1603 1406 1672 ἄρχοντος.

338 1719 448 1773 Τοῦ
474 1717 654 1782 καλῶς
679 1717 1006 1773 ἐπίστασθαι
1025 1718 1208 1787 λέγειν
1237 1717 1394 1772 οὐδὲν
1421 1717 1488 1772 ἂν
1519 1717 1731 1788 γένοιτο
1747 1717 1844 1770 λυ-

273 1813 647 1882 σιτελέστερον
668 1812 933 1882 ἄρχουσιν
965 1811 1248 1866 ἐθέλουσιν
1279 1811 1508 1881 ἀγαθοῖς
1540 1807 1710 1875 εἶναι,
1749 1809 1843 1866 νοῦ

273 1926 331 1961 τε
363 1907 530 1980 βάρος
554 1906 767 1977 έχουσι,
795 1907 892 1960 καὶ
917 1905 1054 1976 πρὸς
1081 1903 1144 1959 τὸ
1174 1907 1326 1976 κοινῇ
1358 1907 1604 1960 συνοῖσον
1651 1904 1844 1976 ὁρῶσι,

272 2001 382 2055 τῶν
410 2018 471 2055 τε
516 1999 742 2070 ἀγαθῶν
797 1999 994 2072 ἐρῶσι,
1053 2000 1150 2054 καὶ
1209 1999 1375 2071 μηδὲν
1421 2001 1524 2068 τῆς
1583 1997 1845 2070 ἀληθείας

275 2095 610 2166 προτιμῶσι.
645 2091 820 2147 Τοῦτο
861 2093 1103 2147 τουτοισὶ
1158 2096 1269 2158 τοῖς
1319 2092 1551 2162 ἀνδράσι
1588 2094 1838 2162 κρεῖττον

277 2187 513 2258 ἀτεχνῶς
537 2186 569 2256 ἢ
605 2185 886 2249 πλουτεῖν,
915 2187 1012 2240 καὶ
1035 2186 1164 2248 τοὺς
1191 2184 1301 2262 ,τοῦ
1334 2184 1576 2256 Κροίσου
1637 2184 1846 2253 Θησαυ-

289 2283 402 2351 pob;
425 2281 506 2343 είς
539 2279 848 2348 ἀσφαλείας
875 2278 1038 2346 λόγον
1076 2276 1216 2330 πολὺ
1244 2275 1437 2342 νικῶν,
1488 2277 1845 2346 ἰσχυρότερον

288 2375 377 2442 τῆς
432 2372 635 2444 Ξέρξου
700 2373 1080 2443 πολυχειρίας,
1137 2370 1433 2441 σφενδόνης
1503 2369 1680 2436 Γύγου
1745 2369 1847 2440 τῆς

277 2463 510 2534 μυθικῆς
545 2465 643 2520 σὺν
669 2463 746 2535 τῷ
771 2461 922 2532 καλῷ
958 2461 1273 2534 βιαιότερον
1294 2477 1310 2495 ο
1353 2463 1446 2515 καὶ
1475 2461 1613 2524 ὅλως
1637 2461 1846 2520 τούτων

272 2555 683 2626 ἀνυσιμώτερόν
709 2573 769 2609 τε
802 2556 898 2608 καὶ
952 2555 1306 2626 τιμιώτερον,
1357 2554 1484 2608 ὅσον
1521 2554 1629 2608 οὐδ’
1668 2555 1847 2607 εἰπεῖν

272 2650 340 2705 ἂν
366 2653 450 2718 εῐη
481 2651 590 2704 τῶν
635 2650 905 2721 εὐχερῶν.
937 2649 1244 2728 Σκοπῶμεν
1284 2647 1350 2720 δὴ
1380 2647 1490 2702 τῶν
1535 2646 1848 2717 εἰρημένων

271 2742 484 2813 ἀνδρῶν
509 2742 759 2808 ἕκαστον,
795 2742 891 2795 καὶ
939 2742 991 2794 τί
1037 2757 1168 2794 ποτε
1201 2739 1521 2808 δεδύνηνται
1563 2737 1843 2808 κατοροῶ⁸

273 2854 390 2900 σαι,
415 2836 483 2888 δι’
514 2829 588 2888 ὧν
615 2851 680 2902 γε
704 2833 1032 2904 νενομίκασι
1076 2832 1222 2904 μέγα
1258 2850 1314 2886 τι
1345 2833 1441 2886 καὶ⁵
1474 2833 1726 2901 γενναῖον
1748 2831 1844 2883 δυ-

274 2929 534 3001 νήσεσθαι
585 2927 928 3000 δεδρακέναι.
994 2928 1230 2980 Ἔπειτα
1277 2926 1369 2979 τὸν
1412 2925 1594 2995 λόγοις
1629 2925 1838 2978 εύδόκιυ

277 3039 376 3091 μον
435 3019 675 3074 τουτοισὶ
739 3018 1172 3090 παραϐάλωμεν,
1221 3017 1350 3071 ὄντα
1395 3033 1459 3085 γε
1525 3016 1619 3070 καὶ
1674 3015 1845 3069 τᾶλλα

272 3113 516 3168 τοιοῦτον
548 3109 936 3182 ἄρχοντα,οίον
966 3112 1131 3174 εὐθὺς
1162 3091 1712 3182 ἐπροοιμιασάμεοα.
1735 3108 1844 3162 Καὶ

273 3209 383 3278 γὰρ
416 3206 544 3277 τῇδέ
578 3223 654 3275 πη
706 3205 1105 3273 διακρίνοντας,
1174 3204 1273 3257 οὐκ
1327 3201 1484 3273 οῐμαί
1516 3218 1578 3270 γε
1643 3201 1844 3274 ῥαδίως

270 3302 416 3371 ἡμᾶς
444 3298 850 3370 ἐξαμαρτήσειν
879 3297 980 3366 τῆς
1013 3295 1297 3367 ἀληθείας.
1340 3295 1400 3350 '0
1432 3297 1531 3367 μὲν
1554 3295 1647 3348 οὖν
1675 3295 1844 3357 πολὺς

271 3395 477 3456 ἐκεῖνος
510 3379 711 3463 χρυέὸς
731 3392 824 3445 τὸν
854 3391 944 3445 ἐπ’
969 3389 1121 3460 αὐτῷ
1167 3389 1313 3460 μέγα
1352 3389 1654 3462 φρονοῦντα
1678 3390 1844 3461 Κροῖ-

272 3501 364 3538 σον
392 3484 699 3554 ψευσθέντα
744 3483 854 3536 τῶν
906 3482 1138 3536 ἐλπίδων
1171 3484 1448 3550 ἀπέφηνε,
1493 3482 1588 3534 καὶ
1616 3480 1841 3550 γέγονεν

268 3580 529 3646 ἄντικρυς
553 3576 701 3646 αὑτῷ
733 3575 924 3646 συκίνη
985 3575 1278 3645 ἐπικουρία
1337 3577 1371 3646 ἡ
1419 3575 1514 3628 ἐπὶ
1560 3576 1841 3644 χρήμασιν

270 3671 448 3734 ἐλπὶς,
474 3670 676 3723 οὑτωσὶ
710 3670 928 3738 νεκροῖς
961 3669 1244 3738 κειμένοις
1271 3667 1341 3721 δι’
1371 3668 1699 3738 ἀχρηστίαν.
1730 3667 1843 3720 Καὶ

273 3767 378 3836 μὴν
421 3766 515 3817 καὶ
546 3763 634 3815 διὰ
680 3761 873 3814 τοῦτον
925 3760 1172 3814 ἀπόλωλε
1205 3761 1342 3832 πρὸς
1379 3761 1456 3830 τῷ
1489 3761 1654 3831 μηδὲν
1709 3777 1842 3814 κατ-

267 3857 584 3930 ωρθωκέναι
636 3854 744 3907 τῶν
794 3853 916 3907 κατ’
950 3853 1159 3906 ἐλπίδα.
1195 3853 1397 3905 Καινὺν
1455 3852 1510 3904 δὲ
1544 3847 1700 3922 οἶμαι
1736 3869 1840 3922 μη-

267 3953 374 4014 δὲν,
410 3950 546 4020 μηδὲ
575 3946 822 4012 ἀπεικὸς,
853 3947 900 3998 εί
927 3945 1293 4015 περιέστηκεν
1319 3944 1468 4014 αὐτῷ
1509 3946 1644 4014 πρὸς
1676 3945 1838 3996 τούν-

267 4044 513 4114 αντίονή
554 4041 704 4107 δόξα,
745 4039 1012 4110 μηδαμῶς
1066 4039 1154 4092 ἐπ’
1195 4039 1391 4109 ἀρετῇ,
1423 4037 1540 4091 ἀλλ’
1586 4038 1678 4090 ἐπὶ
1738 4054 1836 4108 με·

2478 1618 2540 1655 ac
2571 1603 2703 1657 bono
2726 1603 2984 1674 principe.

2021 1715 2128 1783 Qui
2156 1716 2287 1772 boni
2318 1731 2439 1773 esse
2461 1717 2737 1788 principes
2760 1717 2971 1784 volunt,
2998 1724 3051 1772 et
3084 1717 3282 1773 mentis
3313 1718 3533 1789 aliquod

1947 1811 2159 1880 pondus
2192 1810 2416 1875 habent,
2445 1811 2539 1881 qui
2573 1811 2849 1880 publicam
2881 1821 3136 1880 spectant
3165 1811 3456 1867 utilitatem
3481 1820 3535 1866 rt

1947 1901 2218 1957 bonarum
2246 1919 2427 1957 rerum
2457 1913 2729 1968 amantes,
2757 1903 2898 1957 nihil
2933 1904 3170 1958 veritate
3199 1905 3407 1958 ducunt
3439 1919 3538 1958 an-

1947 1995 2181 2065 tiquius,
2206 1994 2274 2051 iis
2306 1995 2454 2050 nulla
2488 2010 2577 2051 res
2610 1997 2732 2051 usui
2765 1997 2942 2067 magis
2975 2012 3096 2052 esse
3125 2007 3324 2068 potest,
3366 2015 3530 2069 quam

1947 2096 2095 2143 recte
2113 2086 2374 2156 loquendi
2394 2086 2649 2141 scientia.
2671 2085 2857 2142 Potius
2877 2088 3020 2142 enim
3048 2091 3152 2142 hoc
3173 2090 3253 2144 eis
3276 2098 3381 2154 est,
3415 2106 3533 2144 om-

1949 2196 2072 2236 nem
2091 2188 2246 2236 extra
2279 2180 2742 2242 controversiam,
2770 2196 2934 2251 quam
2969 2197 3134 2250 opum
3163 2183 3366 2251 copiae;
3391 2199 3534 2254 prte-

1949 2275 2075 2332 sidii
2116 2275 2237 2345 plus
2273 2273 2436 2330 habet
2475 2287 2640 2344 quam
2672 2274 2846 2330 Crmsi
2891 2276 3032 2345 regis
3082 2276 3318 2330 thesauri
3355 2293 3370 2342 ;
3407 2277 3529 2345 plus

1947 2366 2185 2430 roboris,
2241 2381 2404 2436 quam
2463 2365 2772 2421 immensus
2813 2365 2904 2420 ille
2945 2365 3144 2422 Xerxis
3204 2367 3527 2423 exercitus:

1947 2462 2070 2530 plus
2111 2459 2335 2525 virium,
2387 2473 2511 2514 cum
2567 2458 2822 2526 honesto,
2867 2475 3032 2528 quam
3085 2460 3251 2533 Gygis
3300 2462 3392 2517 illa
3443 2464 3530 2518 fa-
3589 2451 3592 2456 ’

1949 2553 2144 2610 bulosa
2195 2552 2319 2623 pala
2354 2569 2368 2607 :
2407 2552 2644 2623 denique
2694 2561 2850 2607 tanto
2905 2554 2991 2608 his
3049 2564 3102 2609 et
3153 2555 3428 2612 efficacius
3476 2568 3530 2614 et

1949 2646 2181 2716 majoris
2231 2656 2313 2702 est
2361 2647 2543 2716 pretii,
2579 2655 2844 2716 quantum
2899 2663 2965 2702 ne
3018 2646 3252 2704 dicendo
3302 2650 3525 2720 quidem

1949 2739 2212 2809 explicari
2245 2738 2405 2793 facile
2436 2737 2727 2808 possit.,Et
2745 2739 3164 2794 consideremus
3187 2756 3320 2795 sane
3337 2757 3528 2812 quem-

1949 2833 2079 2889 libet
2106 2833 2326 2897 horum,
2361 2847 2500 2902 quos
2531 2831 2798 2895 diximus,
2829 2847 3062 2902 quaeque
3088 2833 3171 2888 vis
3213 2850 3402 2890 earum
3437 2853 3529 2891 re-

1947 2942 2068 2982 rum
2104 2924 2290 2989 fuerit,
2317 2925 2519 2994 quibus
2551 2923 2628 2979 illi
2669 2923 2832 2980 rebus
2885 2940 2945 2982 se
2995 2935 3216 2995 patrare
3269 2944 3525 2999 magnum

1947 3017 2221 3090 quoddam
2248 3032 2313 3072 ac
2344 3017 2528 3072 nobile
2546 3015 2762 3073 facinus
2793 3032 2954 3086 posse
3002 3028 3290 3088 putarunt.
3322 3020 3528 3077 Deinde

1947 3111 2150 3168 nostris
2177 3111 2328 3167 hisce
2345 3110 2792 3166 commendatum
2814 3111 3154 3168 orationibus
3168 3119 3234 3168 ad
3267 3129 3360 3170 eos
3379 3130 3528 3171 con:-

1947 3205 2560 3275 paremus,priucipem
2594 3213 2788 3260 caetera
2814 3221 3035 3276 quoque
3065 3209 3251 3273 talem,
3303 3211 3522 3280 qualem

1945 3296 2128 3353 statim
2154 3299 2221 3351 ab
2251 3295 2405 3350 initio
2433 3296 3076 3368 delineavimus.Quippe
3098 3300 3144 3355 si
3173 3301 3523 3374 hocquodam

1947 3391 2109 3444 modo
2130 3404 2361 3443 examen
2400 3389 2741 3457 instituatur,
2782 3390 2927 3446 haud
2959 3392 3121 3450 facile
3152 3411 3255 3451 nos
3314 3412 3344 3452 a
3395 3414 3525 3455 vero

1945 3483 2302 3538 aberraturos
2326 3482 2588 3538 arbitror.
2628 3482 2822 3552 Ingens
2849 3482 3013 3553 igitur
3035 3486 3124 3539 illa
3144 3486 3222 3542 vis
3239 3489 3382 3552 auri,
3404 3505 3527 3545 ma-

1945 3590 2081 3645 gnos
2107 3574 2177 3628 ob
2202 3589 2320 3627 eam
2355 3583 2633 3644 gerentem
2664 3575 2882 3629 animos
2931 3575 3181 3632 Croesum
3235 3591 3524 3650 exspecta-

1948 3668 2094 3720 tione
2128 3681 2226 3720 sua
2260 3664 2583 3721 frustratum
2619 3666 2806 3736 elusit,
2843 3683 3122 3751 quamque
3142 3687 3292 3740 spem
3326 3690 3524 3743 posue-

1911 3807 1917 3810 _
1944 3767 2030 3814 rat
2062 3759 2114 3813 in
2149 3759 2404 3828 pecunia,
2429 3773 2550 3825 qua:
2575 3759 2707 3813 nulli
2737 3761 2884 3830 quod
2911 3773 3056 3817 esset
3092 3765 3240 3830 usui,
3305 3777 3520 3822 mortua

1941 3854 2097 3924 quasi
2118 3852 2337 3923 jacebat
2367 3894 2382 3919 ,
2419 3868 2484 3908 ea
2519 3855 2678 3921 plane
2699 3855 3020 3911 ﬁculuumei
3053 3859 3362 3927 praesidium
3398 3862 3520 3919 fuit.

1943 3948 2059 4003 lmo
2096 3955 2317 4017 propter
2349 3946 2455 4002 hoc
2505 3947 2684 4016 ipsum
2719 3963 2940 4014 aurum,
2973 3961 3337 4023 prmterquam
3371 3957 3521 4026 quod

1943 4041 2077 4096 nihil
2105 4055 2295 4094 eorum
2321 4038 2572 4107 perfecit,
2605 4055 2729 4110 quae
2757 4057 2855 4111 spe
2906 4043 3298 4113 destinaverat,
3353 4050 3519 4105 etiam

263 4137 479 4199 τάλλοις
530 4135 925 4206 τεθαρρηκότι.
988 4132 1162 4188 Ταυτὶ
1212 4132 1322 4203 γὰρ
1347 4133 1459 4194 τοῖς
1524 4129 1832 4200 χρωμένοις

1943 4134 2118 4204 periit.
2139 4131 2326 4201 Neque
2347 4148 2475 4187 vero
2493 4148 2694 4188 novum
2715 4144 2806 4188 aut
2825 4135 3145 4206 absurdum,
3165 4155 3281 4194 mea
3302 4143 3520 4211 quidem

264 4231 472 4293 αὐτοῖς,
508 4230 581 4290 ὡς
615 4226 744 4298 χρὴ,
780 4226 898 4297 μετ’
942 4227 1264 4295 ἐπιστήμης
1297 4223 1451 4295 ἀνδρὶ
1508 4220 1834 4292 πρεπούσης

261 4324 410 4376 δοκεῖ
459 4338 512 4374 τι
539 4321 829 4374 κάλλιστον
866 4315 1006 4374 εἶναι
1036 4320 1113 4390 τῷ
1145 4318 1245 4390 βίῳ
1291 4317 1489 4388 τούτῳ.
1542 4317 1636 4380 Εἰς
1687 4313 1833 4368 τοῦτ’

263 4414 410 4482 αύτῴ
437 4415 492 4467 δὲ
533 4416 693 4484 μόνον
726 4413 918 4484 ὁρῶσι,
963 4413 1025 4466 τὸ
1073 4411 1458 4482 θησαυρίζειν,
1508 4409 1605 4462 καὶ
1657 4409 1836 4460 εὐδαι-

266 4506 455 4576 μονίαν
481 4509 572 4560 καὶ
603 4505 754 4568 τέλος
786 4505 951 4559 τοῦτο
981 4503 1322 4574 νομίζουσιν,
1353 4503 1640 4573 ὑπηρέτης
1674 4502 1830 4554 ἀπω-

261 4599 407 4662 λείας
431 4601 460 4652 ό
489 4598 742 4665 πλοῦτος,
797 4599 891 4652 καὶ
945 4598 1222 4668 μεγίστων
1256 4597 1476 4651 ὀνειδῶν
1510 4596 1704 4660 αἴτιος.
1773 4595 1832 4650 Ὀ

262 4691 316 4744 δέ
337 4708 401 4759 γε
423 4693 518 4746 καὶ
545 4693 651 4762 πρὸ
677 4691 773 4745 τοῦ
803 4690 940 4745 Θεοῦ
981 4691 1044 4744 τὸ
1080 4690 1438 4759 Θησαυρίζειν
1459 4687 1614 4758 οἶμαι
1634 4687 1830 4754 τιθεὶς,

265 4785 355 4838 καὶ
402 4785 482 4846 είς
516 4784 679 4853 μόνον
709 4784 803 4836 τὸν
839 4784 1045 4855 χρυσὸν
1103 4783 1485 4854 ἀνηρτημένος
1543 4782 1828 4852 ὑπάρχων,

273 4876 462 4944 χρυσὸν
489 4877 697 4928 ἐκεῖνον
731 4876 823 4928 τὸν
877 4875 1097 4930 ἐοικότα
1147 4875 1339 4939 λίοοις,
1385 4876 1498 4937 τοῖς
1556 4874 1832 4928 ύποκεκα-

265 4964 559 5037 λυμμένοις
593 4969 811 5036 συχνοῖς
851 4965 1059 5032 ὕδασιν,
1089 4964 1140 5018 οἳ
1169 4966 1304 5035 πρὸς
1326 4965 1480 5018 οὐδὲν
1515 4963 1828 5035 όνήσουσιν,

263 5061 314 5111 εί
343 5060 418 5130 μή
454 5075 560 5114 που
592 5061 686 5112 καὶ
717 5059 963 5127 γένοιντο
989 5058 1269 5127 ναυαγίων
1303 5059 1491 5121 αιτιοι,
1534 5055 1832 5127 ἠλαζονεύ-

262 5167 395 5204 σατο
415 5152 524 5204 πᾶν
559 5151 806 5204 ἀνύσειν.
849 5151 988 5214 Τοὺς
1007 5151 1119 5222 γὰρ
1153 5151 1253 5220 τῆς
1283 5149 1465 5220 ψυχῆς
1512 5149 1831 5219 ὀφθαλμοὺς

259 5243 636 5315 ἀμϐλυώττων
680 5247 708 5298 ὁ
743 5245 978 5314 Κροῖσος
1000 5243 1079 5313 τῷ
1106 5245 1207 5314 τῆς
1257 5241 1626 5312 φιλαργυρίας
1673 5242 1830 5312 νοσή-

263 5353 414 5406 ματι,
450 5335 790 5406 πορρωτέρω
826 5336 935 5388 τῶν
982 5338 1135 5420 ⁸ιιίαρὰ
1193 5335 1360 5398 πόδας
1400 5335 1670 5403 κειμένων
1729 5335 1830 5388 οὐκ

1940 4225 2234 4291 sententia,
2259 4241 2372 4280 rem
2397 4227 2556 4281 aliter
2583 4227 2876 4293 cecidisse,
2897 4245 3062 4300 quam
3090 4232 3235 4287 illius
3260 4245 3375 4288 erat
3401 4237 3523 4306 opi-

1937 4320 2149 4390 nio,qui
2181 4318 2433 4374 fiduciam
2459 4334 2566 4373 non
2600 4320 2653 4374 in
2689 4320 2910 4389 virtute,
2931 4323 3028 4379 sed
3059 4327 3292 4383 metallis
3339 4328 3522 4384 collo-

1937 4422 2182 4469 caverat.
2207 4411 2341 4468 Nam
2377 4413 2468 4468 illa
2498 4424 2642 4469 recte
2665 4414 2967 4482 utentibus,
2993 4432 3092 4472 ceu
3113 4433 3211 4488 par
3225 4429 3327 4485 est,
3349 4436 3525 4492 eaque

1934 4523 2057 4564 cum
2077 4508 2386 4578 prudentia,
2410 4521 2530 4577 quae
2552 4507 2728 4561 virum
2748 4513 2926 4573 decet,
2948 4509 3372 4576 pulcherliimum
3397 4516 3523 4572 vitae

1937 4601 2100 4668 hujus
2131 4608 2518 4654 ornamentum
2555 4613 2680 4654 esse
2711 4601 2990 4656 videntur.
3022 4601 3125 4668 Qui
3161 4621 3288 4659 vero
3344 4607 3518 4664 solam

1938 4693 2324 4748 thesaurorum
2371 4692 2750 4748 collectionem
2793 4693 3114 4761 respiciunt,
3140 4711 3373 4768 eamque
3402 4709 3515 4753 tum

1937 4784 2274 4850 felicitatem,
2291 4793 2404 4840 tum
2430 4785 2591 4840 tinem
2617 4786 2794 4855 ipsum
2815 4795 3085 4855 statuunt,
3107 4789 3171 4843 iis
3195 4805 3324 4859 opes
3347 4793 3411 4846 ad
3439 4794 3522 4846 in—

1933 4872 2158 4933 teritum
2186 4879 2457 4944 serviunt,
2480 4877 2826 4950 infamiaeque
2846 4879 3100 4936 maxima:
3131 4897 3355 4938 causam
3381 4902 3518 4953 pran-

1935 4971 2083 5026 bent.
2108 4970 2176 5024 At
2195 4969 2420 5025 Craesus
2445 4971 2534 5025 ille
2566 4979 2777 5036 noster,
2805 4973 2898 5042 qui
2935 4975 3198 5042 majorem
3215 4991 3518 5049 (cingeren-

1934 5063 2128 5116 darum
2153 5078 2340 5133 opum,
2357 5077 2521 5132 quam
2545 5063 2738 5134 ipsius,
2760 5074 2821 5119 ut
2842 5067 3101 5131 arbitror,
3123 5069 3213 5123 Dei
3244 5070 3517 5128 rationem

1934 5153 2267 5219 habebat,et
2291 5171 2319 5209 a
2353 5155 2472 5209 solo
2507 5157 2776 5225 pendebat
2815 5174 2972 5224 auro,
3000 5160 3091 5215 illo
3136 5163 3361 5234 inquam
3416 5181 3518 5221 au-

1934 5261 2020 5313 ro,
2049 5246 2195 5316 quod
2227 5246 2295 5301 iis
2325 5247 2646 5303 eratsimile
2671 5247 2969 5318 lapidibus,
2995 5253 3088 5322 qui
3133 5254 3428 5323 profundis
3465 5260 3520 5314 in

1934 5339 2096 5410 aquis
2133 5339 2329 5407 abditi,
2355 5339 2560 5395 nullam
2591 5342 2659 5395 ad
2687 5357 2800 5397 rem
2825 5353 2954 5400 sunt
2983 5348 3169 5415 utiles,
3188 5350 3292 5406 nisi
3318 5351 3522 5408 fortas-

257 5428 483 5482 ἐδύνατο
507 5429 748 5498 βλέπειν.
778 5429 943 5482 Ὅθεν
975 5428 1041 5499 δὴ
1068 5429 1162 5482 καὶ
1188 5428 1264 5523 τὸ⁹
1277 5427 1702 5498 κατορωρύχθαι
1728 5445 1821 5482 πο-

1943 5447 1992 5489 se
2023 5431 2323 5502 naufragiis
2354 5444 2414 5488 ut
2445 5433 2796 5491 occasionem
2842 5441 3144 5509 praebeant,
3211 5444 3399 5500 omnia
3450 5459 3514 5501 se

255 5521 531 5592 λυγαίατῷ
560 5523 762 5593 χρυσὸν
793 5522 1089 5592 σωτηρίαν,
1123 5523 1218 5576 καὶ
1253 5510 1487 5593 τρυφὴν,
1524 5523 1618 5591 καὶ
1670 5521 1824 5592 βασι-

250 5613 404 5666 λείαν
439 5613 679 5680 ἐνόμιζε.
709 5615 818 5668 Καὶ
856 5615 1026 5678 πολὺς
1054 5610 1124 5684 ἦν
1155 5610 1246 5669 δὶὰ
1278 5613 1437 5668 τοῦτο
1493 5616 1636 5669 κατὰ
1684 5615 1824 5670 πάν-

251 5721 360 5758 των
397 5705 784 5773 ἐπαιρόμενος,
814 5709 910 5760 καὶ
937 5705 1210 5777 μηδαμῶς
1262 5707 1629 5775 κοιμώμενος,
1689 5705 1826 5777 μηδὲ

252 5795 574 5865 κραιπαλῶν
617 5780 766 5866 οῐῖιῳ,
803 5802 1027 5868 μονονοὺ
1050 5799 1500 5882 ’παρεφθέγγετο
1523 5801 1662 5855 ’,καὶ
1695 5799 1829 5852 ττιῦ-

1931 5524 2298 5595 perfecturam
2319 5529 2679 5598 gloriabatur.
2700 5530 2833 5587 Nam
2856 5535 3000 5604 quod
3020 5537 3197 5592 oculis
3214 5538 3382 5592 animi
3420 5549 3525 5593 ca.‘

1937 5617 2158 5681 cutiret,
2178 5620 2248 5675 ob
2280 5622 2525 5676 avaritia:
2554 5628 2828 5688 morbum.
2855 5630 3173 5697 remotiora,
3199 5647 3365 5702 quam
3401 5647 3524 5702 quae

1937 5721 2064 5765 ante
2091 5711 2252 5780 pedes
2279 5723 2442 5769 erant
2483 5715 2610 5779 sita,
2640 5720 2956 5787 prospicere
3003 5737 3110 5778 non
3146 5731 3374 5794 poterat.
3401 5723 3523 5792 Quo

1940 5804 2124 5873 fiebat,
2150 5813 2210 5860 ut
2234 5807 2554 5864 iuuuensam
2582 5810 2699 5863 auri
2721 5812 2828 5866 vim
2851 5813 3152 5884 defossam,
3185 5833 3287 5888 pro
3317 5817 3502 5876 salute
