3958 6464
366 338 472 403 387

1540 333 1943 397 MANUELIS
1976 334 2428 401 FALIEOLOGI
3336 396 3343 397 ,
3545 336 3648 400 383

319 449 327 459 ’
368 474 468 529 pro
488 454 719 520 deliciis,
755 469 853 525 pro
888 469 1056 526 regno
1074 454 1320 509 duceret.
1346 452 1429 509 0b
1450 452 1592 507 hanc
1624 465 1849 507 causam
1875 449 1974 504 ad-

2100 451 2147 506 τά
2178 470 2264 522 γε,
2292 456 2432 523 πρὸς
2462 453 2633 524 ἄνδρα
2668 452 3060 524 διαλεγόμενος
3084 445 3126 519 ᾦ
3165 469 3229 520 γε
3290 413 3430 521 πρὶς
3471 452 3649 505 εὐδαι-

365 565 564 607 versus
589 565 781 605 omnes
807 548 1039 602 nimium
1071 557 1342 618 quantum
1371 554 1610 606 tumens,
1638 559 1741 597 nec
1796 543 1961 597 ullam

378 646 603 713 capiens
636 643 902 713 quietem,
928 657 1029 696 nec
1064 642 1196 694 vino
1230 655 1289 695 se
1327 637 1608 692 inebrians
1655 642 1866 690 tantum
1912 634 1966 689 in

373 752 634 795 sermone
680 736 953 790 delirabat
984 750 1001 788 :
1036 741 1091 786 et
1126 732 1218 785 illo
1242 731 1466 801 quidem
1498 743 1624 784 cum
1658 728 1777 782 viro
1804 726 1971 782 collo.

372 846 574 900 quens,
595 829 686 899 qni
716 843 902 882 veram
943 826 1008 879 ad
1036 824 1350 879 felicitatem
1372 837 1567 877 aurum
1599 835 1707 875 non
1741 819 1842 873 nisi
1870 832 1969 888 pro

374 923 616 978 ludibrio
655 922 913 983 habebat,
960 918 1177 973 etiamsi
1215 917 1338 986 quis
1371 916 1581 983 integra
1616 927 1746 967 saxa
1782 913 1835 966 in
1869 926 1973 964 au-

374 1034 498 1072 rum
536 1031 826 1081 conversa,
863 1014 986 1082 ejus
1033 1013 1099 1067 ad
1138 1012 1301 1080 pedes
1339 1009 1651 1079 abjeeisset.
1693 1007 1824 1060 Erat
1877 1005 1969 1059 hic

374 1110 725 1165 Atheniensis
754 1109 843 1162 ille
886 1107 1190 1176 iegislator,
1227 1104 1315 1158 cui
1350 1118 1552 1157 nomen
1591 1100 1782 1163 Solon,
1806 1112 1968 1169 quem

377 1203 630 1257 homines
677 1199 1092 1254 admirabantur
1138 1195 1370 1250 Athenis
1421 1194 1531 1248 illis
1575 1192 1796 1254 aureis,
1846 1201 1971 1259 quae

376 1297 550 1367 plena:
578 1294 628 1348 id
664 1293 925 1363 tempOris
957 1288 1376 1343 adntirabilibus
1406 1285 1542 1339 viris
1580 1293 1760 1338 erant.
1789 1282 1854 1337 Et
1878 1282 1970 1352 qui

378 1405 488 1444 non
518 1402 734 1456 aequum
767 1391 904 1444 erat,
924 1397 1118 1436 omnes
1142 1382 1295 1434 illum
1323 1378 1585 1433 admirari
1607 1377 1630 1430 ’ί
1651 1375 1782 1431 Nam
1827 1376 1973 1430 inter

379 1491 458 1535 tot
480 1478 775 1549 praeclaros
792 1486 847 1530 et
872 1476 1122 1544 egregios
1149 1471 1315 1535 viros,
1342 1471 1434 1540 qui
1455 1469 1642 1524 referti
1672 1467 1827 1537 copia
1848 1468 1972 1537 plu-

378 1573 522 1625 rium
548 1571 909 1624 honestarum
938 1568 1325 1634 bonarumque
1343 1578 1528 1618 rerum
1555 1570 1763 1624 essent,
1796 1572 1971 1615 unum

380 1666 619 1733 aliquem
650 1675 986 1732 quocunque
1017 1659 1180 1714 modo
1208 1667 1439 1713 caeteros
1488 1657 1746 1717 anteisse,
1779 1668 1971 1724 parum

381 1759 558 1822 abest,
583 1757 715 1825 quin
749 1754 909 1808 (idem
936 1764 1201 1822 superare
1234 1750 1514 1804 videatur.
1546 1747 1647 1802 Hic
1686 1752 1871 1821 tamen
1921 1753 1977 1798 et

382 1852 527 1906 inter
555 1849 705 1912 illos,
738 1847 1043 1902 secundum
1082 1846 1273 1910 Deum,
1312 1840 1649 1898 venerabilis
1670 1848 1812 1904 erat,
1865 1850 1975 1893 non
2013 1827 2057 1887 Β

382 1945 526 2014 quod
560 1957 752 1996 aurum
780 1938 1105 2010 possideret,
1139 1950 1205 1991 ac
1235 1934 1635 2004 suppeditaret.
1672 1932 1792 1986 Non
1828 1929 1975 1985 enim

383 2035 698 2091 abundabat
723 2046 883 2098 auro,
910 2046 1014 2085 nec
1032 2036 1319 2099 argentum
1346 2027 1585 2081 habebat
1608 2026 1660 2079 in
1683 2024 1980 2096 pretio,ni-

2077 548 2270 616 μονίαν
2299 548 2398 617 τὴν
2432 546 2612 618 ἀληθῆ
2644 548 2820 617 γέλως
2857 543 2924 620 ἦν
2960 546 3138 619 σαφὴς
3158 549 3187 600 ό
3222 548 3453 617 χρυσὸς,
3484 547 3539 600 εἴ
3568 564 3651 612 τις

2071 640 2138 710 δὴ
2162 639 2258 694 καὶ
2297 638 2483 701 λίθους
2517 640 2675 704 ὅλους
2723 640 2891 713 τέχνῃ
2942 638 3186 712 χρυσοῦς
3249 641 3651 712 ἐργασάμενος,

2075 734 2259 803 φέρων
2319 732 2490 787 ἐτίθει
2526 733 2704 805 τούτῳ
2746 735 2862 805 πρὸ
2914 734 3025 788 τῶν
3078 734 3275 789 ποδῶν.
3328 734 3651 805 Νομοθέτης

2084 827 2330 897 Ἀθηνῶν
2391 827 2604 889 οὑτοσὶ,
2642 828 2826 881 Σόλων
2882 828 3437 899 προσαγορευόμενος
3459 823 3549 896 ἦν,
3594 830 3652 880 ἐν

2071 921 2193 984 ταῖς
2244 923 2480 992 χρυσαῖς
2523 921 2780 992 Ἀθήναις
2826 920 3265 990 θαυμαζόμενος,
3317 919 3652 988 θαυμαστῶν

2071 1012 2150 1080 τῷ
2185 1012 2494 1081 τηνικαῦτα
2521 1011 2825 1081 γεμούσαις
2858 1011 3092 1081 ἀνδρῶν.
3153 1010 3350 1065 Καίτοι
3389 1012 3508 1074 πῶς
3553 1013 3652 1066 οὐκ

2074 1105 2227 1169 ἄξιον
2250 1105 2460 1168 πάντας
2478 1105 2806 1175 θαυμάσαις
2837 1102 2911 1158 τὸ
2942 1106 3055 1174 γὰρ
3082 1100 3139 1157 ἒν
3170 1104 3415 1159 τοσοῖσδε
3464 1105 3653 1169 καλοῖς

2073 1216 2134 1251 τε
2162 1202 2259 1252 κοιλ⁸
2305 1200 2536 1267 ἀγαθοῖς
2581 1199 2868 1269 ἀνδράσιν,
2911 1198 3397 1267 ἐμπεπλησμένοις
3447 1198 3657 1252 πολλῶν

2074 1291 2257 1345 καλῶν
2315 1309 2375 1345 τε
2435 1293 2532 1344 καὶ
2572 1290 2817 1360 ἀγαθῶν,
2846 1291 2943 1344 ἕνα
2973 1291 3095 1344 τινά
3144 1292 3268 1344 καθ’
3303 1292 3484 1345 ὁτιοῦν
3533 1291 3657 1356 τοὺς

2076 1384 2276 1447 ἄλλους
2315 1382 2659 1452 ὐπερελάσαι
2713 1384 2916 1453 μικροῦ
2968 1384 3077 1437 δεῖν
3132 1383 3440 1437 κινδυνεύει
3487 1384 3659 1454 παρέ-

2076 1493 2195 1546 χειν
2218 1476 2551 1531 διαπιστεῖν.
2602 1476 2746 1530 Ἀλλ’
2788 1471 2946 1539 οὗτός
2970 1492 3033 1544 γε
3080 1476 3178 1529 καὶ
3225 1479 3282 1529 ὲν
3309 1477 3492 1539 αὐτοῖς
3525 1479 3660 1545 μετά

2075 1565 2137 1619 τὺ
2157 1564 2301 1619 θεῖον
2363 1567 2695 1636 σεδάσμιος,
2728 1566 2788 1620 οὐ
2842 1562 2922 1637 τῷ
2965 1560 3167 1637 χρυσὸν
3220 1569 3517 1634 κεκτῆσθαι
3569 1572 3660 1620 καὶ

2077 1663 2359 1730 χορηγεῖν.
2391 1656 2539 1714 Οὐδὲ
2569 1656 2677 1729 γὰρ
2701 1655 2773 1732 ἦν
2821 1661 3017 1732 ἐκείνῳ
3044 1662 3214 1723 πολὺς
3261 1662 3486 1731 χρυσὸς,
3538 1662 3658 1714 οὐδέ

2080 1769 2145 1823 γε
2178 1753 2462 1825 προύργου
2522 1753 2849 1823 τάργύριον,
2905 1755 2954 1808 εί
2990 1752 3065 1824 μὴ
3098 1752 3282 1817 καλῶς
3334 1752 3660 1824 ἁθροίζοιτο,

2087 1844 2183 1900 καὶ
2229 1849 2484 1917 κρεῖττον
2546 1848 2921 1910 ἀναλίσκοιτο,
2969 1848 3065 1900 καὶ
3131 1847 3395 1917 ἑκάτερον
3451 1847 3551 1900 σὺν
3583 1846 3661 1917 τῷ

2078 1939 2262 2013 καιρῷ
2285 1942 2552 2010 γίγνοιτο.
2598 1938 2739 1995 Οὔτε
2778 1941 2886 2011 γὰρ
2920 1938 3070 2011 αὐτῷ
3120 1941 3332 2014 τάνδρὶ,
3368 1940 3494 1994 οὔτε
3554 1940 3662 2012 μὴν

2078 2038 2198 2099 τοῖς
2225 2036 2581 2105 πειθομένοις
2617 2034 2787 2105 αὐτῷ,
2813 2028 2960 2088 οὕτω
2997 2032 3473 2104 περισπούδαστον
3499 2029 3566 2104 ἦν
3597 2034 3668 2088 τὰ.

383 2131 428 2186 si
446 2139 589 2185 recte
616 2128 1048 2197 colligeretur,et
1066 2124 1266 2178 melius
1284 2120 1710 2192 expc-rideretur,
1726 2126 1782 2174 et
1799 2119 1853 2172 in
1901 2118 1981 2172 lo~

2100 2131 2180 2185 τοῦ
2207 2122 2416 2200 χρυσοῦ
2442 2127 2733 2199 ψήγματα,
2759 2120 2835 2181 ῶν
2868 2127 2897 2179 ὁ
2922 2122 3158 2196 Κροῖσος
3178 2122 3365 2190 δοῦλος
3395 2126 3491 2193 ὢν,
3513 2128 3671 2197 ἡγεῖ-

384 2235 449 2276 eo
486 2230 781 2289 utrumque
801 2219 980 2271 ﬂeret.
1007 2215 1220 2285 Quippe
1252 2228 1354 2268 nec
1388 2214 1526 2283 ipse,
1561 2225 1667 2267 nec
1721 2210 1797 2265 illi
1843 2224 1983 2280 quos

2100 2237 2148 2274 to
2173 2219 2366 2290 κύριος
2392 2214 2558 2273 εἶναι.
2596 2217 2764 2271 Ὅθεν
2796 2214 2923 2271 οὐδὲ
2971 2217 3224 2288 μηχανὴν
3258 2221 3286 2272 ὁ
3340 2217 3520 2272 Σόλων
3550 2218 3665 2284 ἑξε-

383 2315 531 2369 dicto
554 2311 837 2366 audientes
862 2308 1121 2371 habebat,
1158 2314 1447 2374 tantopere
1482 2303 1755 2373 putabant
1802 2312 1970 2371 expe-

2100 2310 2334 2383 ξήτησεν
2393 2311 2692 2382 εὑρηκέναι
2722 2311 2841 2381 τοῖς
2878 2310 3126 2373 πολίταις
3168 2312 3285 2375 τοῖς
3318 2310 3484 2364 αὐτοῦ
3531 2312 3671 2383 πρὸς

325 2476 331 2482 ε
387 2403 582 2459 lendas
607 2402 732 2457 illas
769 2399 890 2455 auri
936 2413 1178 2466 massas,
1213 2408 1451 2467 quarum
1484 2408 1617 2450 sane
1648 2393 1983 2463 mancipium

2100 2407 2150 2460 ιδ
2205 2406 2505 2476 δυνηθῆναι
2546 2403 2992 2476 χρηματίζεσθαι
3042 2406 3226 2457 πάντα
3263 2405 3498 2476 τρόπον·
3545 2403 3671 2457 οὔτε

384 2511 509 2550 eum
552 2495 777 2550 Crtesns
810 2500 977 2557 esset,
1005 2507 1105 2562 pro
1131 2490 1356 2545 domino
1408 2501 1469 2544 se
1523 2488 1767 2557 gerebat.
1827 2486 1987 2542 Unde

2100 2496 2302 2570 ταύτην
2326 2496 2389 2569 δή
2429 2512 2572 2567 φημι
2620 2496 2722 2566 τὴν
2756 2495 3111 2566 μεταλλικὴν,
3141 2495 3265 2550 οὔτε
3314 2496 3423 2569 μὴν
3464 2497 3564 2567 τὴν
3599 2490 3672 2551 οἷ-

391 2604 494 2643 nec
518 2602 664 2642 curae
685 2584 871 2641 Soloni
912 2585 1036 2646 fuit,
1074 2590 1134 2636 ut
1156 2590 1328 2635 artem
1361 2578 1604 2650 aliquam
1624 2578 1842 2632 civibus
1865 2576 1984 2632 suis

2100 2610 2195 2663 μαι
2229 2589 2628 2662 χρυσοποιικὴν
2660 2588 3033 2659 καλουμένην.
3064 2590 3180 2643 Οὐκ
3225 2586 3331 2661 ἄρα
3384 2591 3470 2644 διὰ
3500 2589 3674 2643 ταῦτα

391 2680 814 2747 invenit-et,qua
841 2676 1071 2730 omnino
1097 2674 1431 2727 ditescerent
1454 2688 1467 2725 :
1493 2684 1603 2724 non
1630 2669 1774 2723 hanc
1796 2666 1989 2723 metal-

391 2776 580 2837 licam,
614 2786 714 2826 nec
767 2770 943 2833 illam,
969 2767 1186 2836 opinor,
1216 2764 1304 2819 cui
1337 2764 1406 2818 ab
1437 2777 1574 2817 auro
1617 2761 1984 2816 conﬁciendo-

392 2846 589 2924 nnmen
622 2873 705 2917 est
732 2862 944 2916 datum.
966 2858 1084 2914 Non
1111 2862 1209 2913 has
1234 2858 1306 2911 ob
1329 2871 1416 2911 res
1440 2855 1524 2909 vir
1542 2857 1780 2925 optimus
1805 2855 1875 2909 ab
1888 2869 1993 2925 up-

393 2956 544 3013 titnis
565 2956 720 3021 viris,
754 2953 1029 3007 maximus
1057 2966 1088 3006 a
1118 2949 1380 3004 maximis
1411 2948 1738 3012 habebatur,
1761 2955 1815 3001 et
1849 2961 1995 3002 nunc

386 3060 614 3121 quoque
634 3044 850 3101 cunctis
880 3043 1052 3098 fuisse
1071 3041 1289 3096 videtur
1317 3058 1330 3095 :
1361 3040 1456 3095 sed
1484 3040 1633 3109 quod
1654 3048 1854 3110 praeter
1869 3039 1980 3093 alia

395 3143 565 3198 multa
595 3138 969 3210 praeclaraque
997 3135 1163 3199 facta,
1209 3149 1334 3204 quae
1374 3144 1795 3203 praecesserant,
1845 3133 1991 3203 leges

345 3295 352 3301 ,
391 3237 568 3292 bonas
593 3233 807 3288 civibus
838 3230 1161 3286 omnimodo
1191 3228 1353 3283 bonis
1379 3226 1590 3283 tulerit.
1636 3225 1814 3280 Tanto
1855 3238 1989 3280 vero

392 3328 771 3398 pmstitemut
802 3337 968 3392 opere
993 3320 1192 3391 priscis
1244 3318 1454 3389 legibus
1508 3318 1579 3373 ab
1631 3319 1753 3388 ipso
1810 3316 1991 3382 factae,

389 3417 593 3490 quanti
622 3413 1197 3476 venitaestimandutn,
1222 3412 1369 3480 quod
1403 3408 1489 3464 hae
1534 3418 1829 3480 postremas
1876 3409 1995 3463 fue-

398 3512 531 3576 rint,
549 3520 605 3566 et
622 3518 890 3564 aeternum
909 3505 1118 3560 civitati
1150 3503 1497 3558 duraverint.
1527 3501 1663 3556 Nam
1699 3502 1832 3558 visa:
1854 3509 1991 3557 sunt

396 3604 531 3670 illis,
552 3603 758 3673 quibus
771 3607 929 3656 erant
947 3599 1088 3662 latae,
1113 3597 1349 3669 publicis
1366 3597 1613 3666 ipsorum
1633 3596 1994 3659 ornamentis.

394 3710 722 3769 quanquam
748 3707 810 3769 ea
838 3691 1129 3748 civitatum
1155 3689 1390 3743 aliarum
1414 3695 1743 3743 ornamenta
1775 3700 2000 3757 supera-

403 3799 547 3854 rent,
584 3791 742 3860 longe
764 3768 1115 3851 illustriores,
1157 3784 1387 3853 ipsaque
1413 3794 1565 3847 arce,
1599 3795 1764 3851 quam
1814 3778 2000 3834 muni.

394 3885 601 3940 itiorem
630 3882 847 3937 caeteris
875 3879 1079 3949 ubique
1108 3886 1377 3932 terrarum
1405 3874 1827 3938 existimabant,
1846 3872 2014 3927 insi-'

396 3979 586 4051 ,gniter
619 3975 968 4039 munitiores,
1000 3973 1167 4042 longo
1191 3970 1430 4039 denique
1484 3967 1778 4021 intervallo
1831 3966 2001 4021 rebus

408 4069 536 4134 illis,
565 4067 766 4137 quibus
795 4081 855 4120 se
879 4063 1189 4134 jactabant,
1216 4060 1494 4115 meliores.
1547 4059 1609 4113 in
1658 4059 1809 4114 hunc
1859 4071 1996 4128 ergo

398 4160 632 4213 modum
666 4155 833 4211 Solon
848 4154 1128 4224 sapientia:
1144 4152 1363 4206 culmen
1395 4151 1599 4219 attigit,
1632 4150 1778 4219 quod
1803 4162 1866 4203 ea
1894 4163 2005 4218 pra:

414 4251 613 4321 quovis
645 4265 781 4304 auro
813 4249 867 4302 in
889 4247 1066 4318 pretio
1088 4247 1408 4301 haberetur.
1436 4245 1507 4299 At
1525 4243 1751 4299 Crassus
1771 4243 1909 4298 adeo
1929 4253 2009 4297 te-

416 4343 696 4398 mulentus
721 4356 785 4396 ex
810 4340 906 4395 illo
935 4339 1069 4394 vitio
1092 4354 1215 4404 suo,
1236 4336 1676 4392 animadvertere
1699 4349 1810 4389 non
1850 4343 2007 4403 pote-

401 4446 521 4500 Prat,
546 4435 726 4504 qualis
758 4433 848 4488 ille
879 4432 963 4488 vir
993 4441 1164 4495 esset,
1193 4441 1247 4485 et
1272 4429 1417 4499 apud
1445 4428 1664 4497 qualem
1717 4426 2006 4483 hominem

2093 2685 2315 2756 ἀριστος
2346 2680 2617 2754 ἀρίστοις,
2642 2684 2736 2738 καὶ
2784 2683 3050 2751 μέγιστος
3089 2681 3372 2752 μεγίστοις
3403 2684 3543 2754 ἀνὴρ
3583 2683 3677 2736 ἀν-

2095 2775 2259 2845 δράσι
2295 2769 2594 2845 νομίζοιτο,
2619 2774 2717 2826 καὶ
2741 2772 2839 2826 νῦν
2875 2789 2938 2840 γε
2966 2775 3132 2827 πᾶσιν
3170 2772 3250 2827 ἔτι
3287 2773 3437 2827 δοκεῖ
3464 2791 3476 2803 ·
3510 2774 3587 2845 τῷ
3617 2775 3675 2829 δὲ

2096 2869 2297 2938 νόμους
2352 2865 2598 2935 ἀγαθοὺς
2660 2865 2757 2918 ἐπὶ
2803 2864 3023 2930 πολλοῖς
3074 2882 3134 2918 τε
3171 2866 3266 2919 καὶ
3293 2865 3478 2928 καλοῖς
3508 2864 3679 2935 ἐφθα-

2101 2959 2228 3013 κόσι
2257 2957 2508 3023 πολίταις
2560 2958 2739 3013 πάντα
2772 2960 3004 3028 ἀγαθοῖς
3047 2960 3384 3014 τεθεικέναι.
3421 2960 3677 3032 Τοσούτῳ

2100 3050 2157 3105 δὲ
2183 3050 2545 3122 ὑπερήλασαν
2590 3051 2718 3114 τοὺς
2756 3050 3174 3121 πρεσϐυτέρους
3212 3052 3264 3105 oi
3312 3053 3465 3123 παρά
3520 3052 3677 3107 τοῦδε

2100 3143 2492 3213 γεγενημένοι,
2522 3142 2632 3211 ὅσῳ
2657 3142 3011 3206 τελευταίους
3037 3144 3238 3208 αὐτοὺς
3262 3143 3546 3212 γενέσθαι,
3579 3149 3680 3201 καὶ

2095 3234 2412 3288 διαιωνίσαι
2474 3236 2542 3305 τῇ
2604 3234 2783 3289 πόλει.
2833 3233 3065 3300 Ἐδοξαν
3112 3237 3224 3308 γὰρ
3281 3241 3416 3304 τοῖς,
3473 3240 3540 3294 δι’
3584 3240 3681 3306 οὓς

2097 3324 2372 3393 ἐγένοντο,
2412 3324 2627 3394 κόσμου
2688 3325 2790 3394 μὲν
2840 3324 2935 3379 τοῦ
2972 3323 3106 3396 παρ’
3169 3329 3355 3394 αὐτοῖς
3393 3331 3677 3403 δημοσίου,

2100 3418 2279 3471 καίτοι
2343 3435 2406 3486 γε
2453 3417 2912 3482 πλεονεκτοῦντος
2965 3414 3074 3474 τῶν
3135 3415 3414 3488 ἐν’ἇλλαις
3468 3426 3677 3494 πόλεσι,

2104 3507 2307 3579 κομιδῆ
2336 3511 2804 3581 περιφανέστεροι
2828 3525 2844 3541 °
2881 3512 3052 3578 αὐτῆς
3079 3512 3136 3567 δὲ
3176 3516 3549 3588 ἀκροπόλεως,
3580 3521 3680 3590 τῆς

2102 3601 2287 3664 αὐτοῖς
2346 3600 2719 3671 νομιζομένης
2760 3602 3177 3675 ἀσφαλεστέρας
3211 3606 3319 3660 τῶν
3358 3608 3680 3681 ἁπανταχοῦ

2103 3694 2228 3764 γῆς,
2257 3693 2559 3765 ὑπερφυῶς
2589 3694 2991 3767 ἀσφαλέστεροι
3012 3713 3026 3730 ο
3051 3699 3145 3752 καὶ
3174 3698 3313 3762 ὅλως
3350 3717 3412 3769 γε
3439 3701 3681 3772 βελτίους

2104 3788 2237 3854 τῶν,
2270 3784 2355 3852 οἷς
2386 3789 2676 3859 ἐφρόνουν,
2707 3788 2888 3860 πολλῷ
2915 3789 2994 3862 τῷ
3037 3792 3215 3862 μέσῳ.
3252 3793 3409 3848 Οὕτω
3447 3797 3547 3865 μὲν
3590 3792 3685 3850 οὖν

2105 3871 2265 3943 οὗτος
2296 3881 2438 3951 ἀνὴρ
2461 3878 2677 3952 προῦὁη
2713 3880 2850 3952 πρὸς
2878 3882 3051 3954 ἀκρον
3080 3886 3294 3954 σοφίας,
3323 3884 3400 3957 τῷ
3423 3887 3685 3956 τιμᾶσθαι

2107 3972 2318 4043 ταύτην
2346 3974 2550 4036 παντὸς
2570 3973 2796 4046 χρυσίου
2819 3991 2831 4006 ·
2862 3974 3009 4028 οὕτω
3058 3976 3115 4029 δὲ
3150 3977 3369 4047 μεθύων
3401 3980 3481 4049 τῷ
3522 3981 3686 4035 πάθει

2108 4066 2367 4133 Κροῖσος,
2409 4065 2510 4135 οὐχ
2540 4064 2657 4130 οἷός
2680 4065 2726 4120 τ’
2753 4062 2822 4137 ἦν
2854 4067 3235 4132 αἰσθάνεσθαι,
3265 4064 3376 4134 οἷος
3418 4069 3493 4123 ὢν
3543 4073 3689 4124 ἐκεῖ·

2108 4171 2201 4218 νος
2264 4156 2551 4225 τυγχάνει,
2593 4157 2685 4211 καὶ
2746 4157 2885 4228 πρὸς
2947 4152 3060 4211 οἷον
3105 4158 3480 4215 ἐπεδείκνυτο.
3526 4161 3690 4216 Τουτὶ

2113 4247 2225 4316 γὰρ
2275 4246 2451 4316 δήπου
2481 4248 2566 4301 ’τὸ
2612 4247 2783 4311 πάθος
2846 4243 3020 4313 ὧνηᾶν
3052 4248 3315 4316 καθάπαξ
3369 4254 3691 4325 κρατήσειε,

2114 4338 2323 4391 τούτων
2355 4341 2475 4396 ταῖς
2504 4339 2711 4411 ψυχαῖς
2762 4341 2980 4411 ὲντήκει
3040 4341 3238 4396 ἑαυτοῦ
3292 4345 3520 4415 διηνεκῆ
3571 4364 3701 4400 τινας

2116 4431 2315 4499 δίψαν·
2364 4432 2432 4505 ἢν
2483 4433 2546 4485 τὸ
2579 4435 2949 4503 μετεχόμενον
3000 4436 3296 4506 ἀειδήποτε
3364 4439 3695 4508 προσαῦξον,

404 4529 778 4599 gloriaretur.
815 4525 967 4592 Quos
998 4525 1147 4579 enim
1180 4522 1375 4577 vitium
1410 4521 1522 4575 hoc
1550 4520 1720 4575 semel
1751 4528 1994 4589 occupat.

2113 4523 2189 4588 ὡς
2240 4524 2342 4594 ὕλη
2393 4526 2505 4598 πῦρ
2555 4543 2616 4578 τε
2666 4527 2764 4581 καὶ
2803 4527 3000 4596 φλόγας
3044 4527 3167 4591 ταῖς
3222 4530 3332 4583 τῶν
3375 4530 3698 4585 ἑαλωκότων

410 4636 609 4677 eorum
638 4619 840 4675 animis
861 4617 1154 4688 quamdam
1179 4615 1265 4670 sui
1294 4623 1614 4684 perpetuam
1637 4611 1787 4668 sitim
1823 4611 2012 4666 instil-

424 4714 718 4782 latzquam
772 4710 906 4765 illud
961 4711 1164 4780 ipsum,
1191 4706 1338 4776 quod
1378 4702 1706 4773 percipitur,
1728 4716 2011 4773 nunquam

416 4822 534 4862 non
568 4806 743 4875 magis
775 4818 839 4858 ac
858 4803 1034 4873 magis
1065 4814 1296 4869 augens,
1328 4786 1687 4852 uti-materies
1726 4795 1908 4862 ignem
1960 4804 2017 4850 et

418 4896 724 4959 ﬂammam,
764 4902 977 4948 mentes
1027 4898 1407 4960 correptorum
1436 4888 1542 4943 hoc
1584 4887 1778 4942 morbo
1823 4887 2015 4956 vitiat;

422 4991 633 5061 quippe
697 4989 813 5043 lteri
881 4986 1094 5055 nequit,
1126 4990 1183 5036 ut
1205 4982 1460 5051 quiasger
1493 4987 1580 5035 est
1605 4980 1811 5046 animo,
1836 4994 2019 5036 mente

420 5099 598 5138 sanus
626 5082 718 5136 sit.
746 5080 803 5134 Id
836 5081 999 5133 etiam
1017 5076 1213 5132 Crmso
1243 5072 1523 5129 usuvenit.
1551 5073 1888 5142 Argumeuto
1913 5080 2019 5139 est,

423 5175 576 5245 quod
611 5172 832 5229 Solonis
860 5172 924 5225 ad
952 5171 1134 5241 ipsum
1162 5167 1406 5226 monitus
1426 5165 1763 5237 consiliaque
1790 5181 2020 5236 respue-

411 5268 532 5331 .rit,
549 5280 669 5333 quas
690 5264 772 5317 vel
794 5263 1039 5333 Ulysses,
1062 5260 1143 5314 vel
1161 5256 1377 5324 Nestor,
1396 5259 1477 5314 vel
1497 5259 1676 5330 quivis
1695 5259 1856 5325 alius,
1876 5259 2023 5314 civili

430 5357 711 5426 sapieutia
747 5355 910 5423 longe
936 5354 1152 5407 caeteris
1186 5361 1476 5422 praestans,
1503 5352 1700 5406 merito
1734 5353 2025 5417 rexeritus,

2120 4620 2289 4687 φρεσὶ
2321 4617 2672 4687 λυμαίνεται.
2708 4621 2784 4673 Οὐ
2811 4619 2921 4691 γὰρ
2947 4619 3064 4673 ἔστι
3102 4620 3368 4675 νοσοῦντα
3394 4622 3494 4692 τὴν
3516 4623 3699 4695 ψυχὴν

2119 4710 2290 4779 ὑγιῶς
2326 4710 2475 4782 ἔχειν
2520 4712 2621 4774 τὰς
2655 4713 2886 4782 φρένας.
2944 4711 3120 4767 Ταυτί⁵
3160 4714 3254 4769 καὶ
3300 4714 3523 4788 Κροίσῳ
3559 4734 3703 4783 συμ-

2121 4802 2352 4872 ϐέϐηκε.
2390 4804 2684 4872 Καὶιδηλοῖ
2704 4805 2765 4858 τδ
2792 4802 3093 4859 διαπτύσαι
3114 4805 3214 4870 τὰς
3251 4808 3390 4880 πρὸς
3417 4809 3584 4861 αὐτόν
3604 4810 3701 4863 τοῦ

2123 4896 2365 4961 Σόλωνος
2420 4900 2802 4968 παραινέσεις,
2833 4900 2929 4952 καὶ
2969 4899 3039 4953 τά
3092 4899 3485 4971 βουλεύματα’
3534 4900 3571 4958 ἃ
3600 4901 3703 4956 κᾶν

2134 4987 2449 5054 Ὀδυσσεὺς,
2501 4987 2606 5042 κᾶν
2638 4988 2893 5059 Νέστωρ,
2931 4989 3038 5044 κᾶν
3101 4990 3354 5045 ὁστισοῦν
3395 4991 3488 5045 ἐπὶ
3538 4991 3704 5063 σοφίᾳ

2126 5080 2384 5151 πολιτικῇ
2445 5081 2582 5133 πολὺ
2613 5080 2724 5134 τῶν
2778 5081 2960 5134 ἄλλων
2990 5081 3313 5152 διενεγκὼν,
3359 5082 3602 5155 ᾐσχύνθη
3643 5099 3699 5138 τε

2126 5162 2283 5240 οῐμαι
2310 5170 2561 5234 δικαίως,
2590 5173 2688 5225 καὶ
2722 5171 2834 5225 τῶν
2871 5173 3021 5225 ίδίων
3044 5174 3337 5243 δογμάτων
3367 5171 3678 5247 προύθηκεν

2139 5261 2281 5316 Ἀλλ’
2311 5262 2339 5315 ὁ
2367 5263 2609 5332 Κροῖσός
2641 5279 2703 5332 γε
2746 5263 2845 5335 οὐχ
2891 5264 3100 5330 οὕτως·
3134 5266 3272 5320 ἀλλά
3320 5266 3547 5337 μονονοὺ
3578 5284 3707 5322 κατ-

2131 5355 2300 5422 εγέλα
2334 5354 2432 5407 τοῦ
2463 5354 2740 5427 γέροντος,
2784 5357 2878 5409 καὶ
2934 5356 3121 5428 πολλῷ
3157 5357 3401 5428 βελτίους
3443 5354 3548 5429 ἦγε
3606 5360 3706 5423 τάς

437 5464 563 5504 meo
586 5446 807 5523 quidem
831 5445 1064 5515 judicio,
1085 5445 1297 5512 fuisset,
1331 5461 1395 5501 ac
1428 5445 1913 5502 suismetdecretis
1934 5460 1994 5499 an

2132 5448 2243 5500 ἀπὸ
2270 5446 2576 5517 χρημάτων
2614 5446 2754 5508 ὅλως
2786 5447 3082 5518 ἀχρήστων
3125 5448 3293 5511 κενὰς
3331 5448 3556 5511 ἐλπίδας
3584 5467 3707 5502 νου-

422 5543 781 5612 1eposuisset.
801 5541 870 5595 At
886 5540 1107 5595 Crmsus
1126 5554 1230 5594 non
1251 5539 1322 5593 ita
1343 5553 1358 5604 ;
1379 5542 1470 5595 Sed
1492 5546 1702 5593 tantum
1725 5552 1832 5592 non
1853 5538 1994 5593 ridet

2135 5539 2334 5594 θεσιῶν
2372 5539 2594 5610 χρυσῶν
2638 5538 2718 5606 τῷ
2764 5539 2904 5604 ὄντι,
2945 5541 3041 5595 καὶ
3101 5541 3379 5613 σωτηρίας
3428 5542 3707 5612 ἀφορμὰς,

422 5652 648 5701 senem,
666 5649 906 5705 spesque
931 5633 1266 5701 depecuniis
1289 5647 1515 5701 ptorsus
1533 5633 1817 5686 inutilibus
1834 5644 2032 5686 conco-

435 5740 588 5803 ptas,
607 5738 670 5784 et
692 5742 861 5782 vanas
891 5726 1134 5796 quidem,
1158 5725 1360 5780 ducere
1385 5727 1626 5793 potiores
1645 5725 2036 5780 admonitioni-

442 5824 544 5878 bus
568 5836 761 5892 reapse
796 5819 1002 5883 aureis,
1049 5833 1281 5887 qtuequc
1310 5817 1504 5872 salutis
1528 5826 1582 5872 et
1615 5816 1800 5887 gloria:
1833 5831 2035 5886 parati-

2137 5633 2231 5686 καὶ
2254 5631 2414 5698 δόξης
2454 5618 2871 5701 παρεχομένων.
2906 5630 3095 5695 Οὕτως
3140 5632 3284 5687 ἑάλω
3341 5632 3436 5685 τοῦ
3474 5636 3707 5702 χρυσοῦ,

2137 5726 2233 5779 καὶ
2256 5723 2408 5777 τόνδε
2436 5723 2597 5792 μόνον
2619 5723 2920 5792 θαυμάζων
2973 5719 3065 5795 ἦν,
3125 5725 3232 5788 ἓως
3274 5725 3339 5779 ὲκ
3369 5725 3469 5793 τῆς
3514 5724 3711 5794 πείρας

2143 5817 2317 5884 αὐτῆς
2356 5814 2668 5886 μεμάθηκε,
2703 5816 2797 5870 καὶ
2853 5817 3071 5883 ἐπέγνω
3113 5816 3307 5871 ἑαυτὸν
3352 5814 3713 5881 ἐξηπατημέ-
