3958 6444
306 333 413 397 38‘)

1785 324 2077 386 ORATIO
2106 325 2159 386 Ι.

3472 336 3578 400 390
3608 318 3611 319 ί

305 465 418 502 νον.
450 447 590 504 ούδέ
615 447 832 519 χρόνος,
858 446 1039 518 οἶμαι,
1071 447 1266 511 πολὺς,
1320 443 1419 500 καὶ
1464 444 1494 498 ό
1514 441 1708 516 νεκρὸς
1736 444 1862 496 ἐκεῖ·

1985 439 2068 494 dae
2092 441 2331 498 rationes
2358 445 2784 514 suppeditarent.
2809 444 2994 516 Usque
3013 448 3151 505 adeo
3165 447 3234 505 ab
3260 464 3397 506 auro
3417 454 3576 509 reda-

302 559 395 606 νος
455 543 662 612 χρυσὸς
710 543 1022 613 μετάμελον
1079 540 1232 611 αὐτῷ
1289 540 1570 610 παρέσχεν
1617 538 1882 609 ἀνόνητον

302 636 401 689 καὶ
431 635 535 705 τῆς
567 638 700 706 περὶ
729 635 883 690 τόνδε
933 635 1170 702 πλάνης,
1203 633 1299 688 καὶ
1330 633 1441 687 τῶν
1477 631 1743 694 ἀπονοίας
1786 632 1882 702 ρη-

307 728 522 797 μάτων,
554 724 638 792 οἷς
667 728 917 782 ἀπειθῶν
937 727 1015 798 τῷ
1042 729 1438 798 σωφρονίζοντι
1474 724 1877 796 κατεκέχρητο.

310 824 411 884 Ὃς
441 820 551 892 γὰρ
578 820 708 891 χθὲς
737 821 830 876 καὶ
860 822 1129 892 πρότριτα
1165 820 1254 874 διὰ
1275 821 1369 873 τὸν
1426 818 1657 872 πλοῦτον
1711 817 1880 884 ἐκόμ-

303 912 505 977 παζεν,
528 912 699 983 αἴρων
722 911 918 981 ὀφρὺν,
943 913 1038 965 καὶ
1069 910 1414 982 ἀκροϐατῶν,
1475 913 1570 964 καὶ
1631 908 1723 965 τὸν
1777 909 1879 962 αὺ-

302 1004 440 1074 χένα
475 1005 672 1059 τείνων
710 1005 793 1067 είς
843 1003 1095 1073 οὐρανὸν,
1127 1004 1267 1067 ὅλως
1318 1003 1695 1074 ἐπαιρόμενος
1734 1003 1877 1057 κατὰ

302 1100 413 1152 τῶν
438 1096 606 1151 αὑτοῦ
636 1098 946 1169 βελτιόνων,
995 1096 1270 1167 Ἀθηναίῳ
1302 1094 1504 1149 Σόλωνι
1548 1094 1877 1164 διαλεγόμε-

304 1207 419 1257 νος,
445 1189 602 1255 οὗτος
642 1188 807 1253 αὐτὸς
835 1190 978 1260 μετὰ
1011 1187 1221 1260 βραχύν
1280 1206 1404 1243 τινα
1447 1187 1664 1258 χρόνον,
1693 1182 1873 1256 οἶμαι,

301 1290 373 1343 δι’
397 1288 599 1351 αὐτοὺς
629 1287 692 1358 δὴ
723 1287 851 1349 τοὺς
894 1289 1111 1357 σωροὶς
1145 1284 1254 1338 τῶν
1303 1282 1586 1354 μετάλλων
1623 1282 1782 1354 ὤφθη
1811 1299 1875 1351 γε

300 1381 487 1435 κλάων
528 1380 673 1452 μετὰ
700 1379 859 1450 βοῆς,
908 1378 1201 1448 Ἀθηναίου
1235 1376 1586 1447 μεμνημένος
1615 1375 1875 1439 Σόλωνος,

297 1476 539 1547 ὁπηνίκα
563 1473 676 1545 πῦρ
715 1472 958 1539 ἐξάλοιτο
993 1470 1117 1525 κατ’
1139 1468 1330 1534 αὐτοῦ,
1365 1469 1462 1523 καὶ
1495 1468 1586 1522 διὰ
1614 1467 1691 1539 τῷ
1704 1466 1875 1522 πλού.

295 1587 377 1639 τῳ
407 1568 655 1639 θαρρεῖν,
706 1567 1026 1631 όνειδίζοιτο
1058 1565 1212 1635 παρὰ
1267 1562 1478 1633 Κύρου,
1537 1562 1630 1617 τοῦ
1657 1563 1757 1627 τὰς
1786 1563 1877 1616 εὑ-

296 1663 452 1725 νοὶας
475 1662 583 1714 τῶν
619 1659 710 1713 ὑπ’
741 1659 911 1731 αὐτῷ,
941 1659 1037 1713 καὶ
1077 1655 1349 1728 φρουράν,
1395 1655 1495 1710 καὶ⁵
1533 1654 1872 1728 θησαυροὺς,

299 1755 401 1808 καὶ
422 1754 533 1824 ὅτῳ
567 1752 634 1806 ἂν
662 1750 923 1821 βασιλεὺς
977 1749 1206 1816 σώζοιτό
1239 1767 1299 1804 τε
1364 1750 1461 1804 καὶ
1492 1743 1551 1803 εὖ
1613 1751 1869 1819 πράττοι,
1902 1785 1949 1845 Β

301 1847 530 1917 μεγέθει
557 1847 878 1917 φρονήσεως
925 1849 1292 1917 κεκτημένου.
1334 1845 1501 1899 Ἀλλὰ
1545 1845 1654 1915 μὴν
1685 1845 1874 1900 κάκεί-

244 1922 251 1925 ’
297 1959 410 2004 va);
442 1940 634 2008 γέγονε
670 1939 832 2009 δῆλον
862 1937 925 1993 τὸ
958 1940 1058 2009 τῆς
1104 1939 1300 2010 σοφίας
1351 1940 1447 1993 καὶ
1478 1937 1574 1993 τοῦ
1634 1938 1870 1993 πλούτου

295 2036 577 2107 διάφορον.
619 2032 697 2088 Δι’
725 2034 936 2087 ἐκεῖνον
965 2033 1065 2104 μὲν
1096 2032 1206 2104 γὰρ
1241 2033 1271 2086 ό
1311 2033 1657 2103 κεκτημένος
1707 2034 1871 2087 αὑτὸν

297 2128 569 2182 ἐκέκαυτο
589 2142 604 2158 ⁸
643 2125 882 2198 τοῦνομα
908 2126 967 2180 δὲ
1001 2126 1093 2181 τοῦ
1127 2126 1369 2189 Σόλωνος
1397 2125 1562 2180 αὑτὸν
1597 2125 1871 2198 ἐρρύσατο

298 2222 401 2292 τῆς
428 2219 647 2291 φλογὸς,
674 2219 818 2275 κατὰ
847 2220 1130 2291 πάρεργον
1165 2217 1354 2291 ῥηθέν.
1402 2219 1475 2272 Οὐ
1510 2218 1619 2289 γὰρ
1646 2218 1708 2287 δὴ
1733 2218 1871 2290 πρὸς

311 2315 582 2387 σωτηρίαν
620 2314 757 2369 ἐϐόα
787 2315 1026 2384 Κροῖσος
1059 2312 1144 2374 τὸ.
1179 2310 1380 2376 Σόλων,
1414 2310 1616 2375 Σόλων,
1647 2311 1764 2365 ἀλλ’
1793 2311 1868 2376 ὡς

311 2405 448 2476 μάλα
470 2422 542 2475 γε
573 2405 876 2476 θαυμάζων
906 2406 1000 2459 τὸν
1035 2403 1226 2476 ἄνδρα,
1285 2404 1364 2459 ὅτ’
1403 2404 1497 2459 ἐπὶ
1531 2403 1641 2458 τῶν
1696 2404 1868 2470 ξύλων

298 2495 616 2565 ἐφήπλωτο,
662 2498 878 2558 τούτοις
923 2493 1461 2566 συγκανθησόμενος.
1522 2494 1703 2566 Ἐώρα
1758 2496 1866 2567 γὰρ

294 2589 397 2659 τὴν
431 2590 491 2643 ἐν
527 2589 722 2660 ἐκείνῳ
772 2589 966 2658 σοφίαν
1019 2587 1119 2642 καὶ
1159 2586 1647 2657 προφητεύουσαν·
1685 2588 1868 2654 ἔξεστι

291 2680 353 2732 δέ
389 2697 474 2734 σοι
502 2679 893 2753 καθαρώτερον
923 2677 1129 2747 γνῶναι
1161 2678 1233 2733 τὰ
1280 2678 1407 2751 περῖΙ
1453 2679 1647 2743 τῶνδε,
1681 2680 1777 2733 ἐάν
1804 2697 1865 2746 γε

291 2769 328 2847 ᾖ
362 2771 674 2843 βουλομένῳ
709 2772 1028 2839 διεξελθεῖν,
1063 2772 1118 2825 εί
1146 2771 1230 2833 τίς
1262 2788 1320 2824 τε
1367 2771 1528 2835 ἄλλος
1559 2771 1693 2842 περὶ
1742 2772 1868 2825 τού-

292 2883 405 2919 των
423 2867 703 2936 ἱστόρηκε,
733 2865 829 2919 καὶ
848 2864 1037 2928 τὰς-Ἦ
1049 2864 1267 2935 ροδότου
1295 2864 1539 2928 Μούσας.
1565 2864 1738 2918 Ταυτὶ
1764 2865 1867 2937 μὲν

292 2956 390 3015 οὖν
417 2962 553 3032 ἡμῖν
576 2957 893 3028 ἀρκούντως
915 2959 1052 3030 ἡμῖν
1077 2957 1216 3028 ἔχει,
1248 2956 1349 3011 ὅσα
1389 2961 1484 3012 καὶ
1547 2958 1741 3026 σοφίαν
1774 2976 1866 3030 μισ

293 3055 427 3124 κρδν
453 3053 717 3122 ὑμνῆσαι,
750 3051 845 3104 καὶ
865 3048 1147 3119 ἐξελέγξαι
1169 3048 1256 3103 τὸν
1280 3048 1512 3105 πλοῦτον
1531 3050 1699 3121 μηδὲν
1728 3052 1865 3120 άλη-

1986 544 2108 590 ctus
2127 536 2179 591 in
2198 544 2520 608 potestatem
2540 550 2677 608 erat,
2697 541 3050 611 idque'solum
3070 544 3468 612 admirabatur,
3484 549 3581 601 de-

1985 643 2087 683 nec
2110 629 2227 698 ipsa
2253 628 2451 684 didicit
2475 634 2835 702 experientia,
2863 650 3028 704 seque
3057 634 3346 706 deceptum
3372 653 3576 709 cogno-

1989 720 2087 777 vit.
2127 721 2241 779 Nec
2267 725 2527 793 multum,
2552 727 2770 796 opinor,
2799 732 3063 798 temporis
3092 731 3427 797 intercessit,
3448 749 3571 786 cum

1984 825 2264 871 mortuum
2309 818 2442 872 illud
2472 835 2665 874 aurum
2699 820 2846 887 fecit,
2871 831 2929 875 ut
2957 837 3082 876 eum
3123 825 3273 878 nullo
3302 824 3415 894 jam
3441 840 3566 878 cum

1982 908 2164 963 fructu
2199 913 2493 979 pmniteret
2525 922 2637 966 tum
2666 917 2874 969 erroris
2896 914 3136 975 deauro
3163 916 3271 984 sui,
3305 927 3416 970 tum
3440 932 3569 987 pro-

1984 1000 2250 1056 feCIorum
2282 1002 2349 1058 ab
2397 1006 2638 1060 amentia
2674 1007 2987 1074 verborum,
3024 1009 3245 1077 quibus,
3279 1010 3566 1080 castigat-ti

1981 1110 2091 1148 non
2120 1096 2531 1166 obtemperans,
2559 1116 2691 1154 usus
2715 1099 2918 1156 fuerat.
2953 1101 3057 1167 Qui
3103 1104 3251 1158 enim
3301 1105 3413 1157 heri
3460 1120 3565 1158 nu-

1981 1189 2215 1257 diusque
2240 1191 2434 1245 tertius
2468 1208 2526 1248 se
2557 1203 2778 1263 propter
2809 1210 2945 1264 opes
2978 1196 3270 1266 magniﬁce
3293 1197 3564 1265 jactabat,

1980 1283 2243 1336 attollens
2276 1283 2592 1353 supercilia,
2621 1288 2963 1355 summisque
2982 1290 3179 1358 pedum
3200 1290 3387 1358 digitis
3412 1291 3568 1345 ince-

1979 1372 2136 1440 dens,
2167 1385 2220 1429 et
2248 1375 2314 1429 ad
2342 1376 2541 1433 coelum
2565 1393 2738 1447 usque
2752 1379 3021 1435 cervicem
3053 1382 3360 1451 porrigens,
3388 1390 3567 1436 totus-

1935 1474 1943 1482 ‘
1979 1480 2086 1533 que
2113 1476 2334 1522 tumens
2355 1468 2619 1526 adversus
2645 1472 2897 1528 homines
2921 1473 3271 1540 semeliores,
3294 1490 3404 1545 quo
3424 1483 3569 1529 tem-

1979 1572 2113 1627 pore
2136 1574 2259 1613 cum
2284 1559 2484 1616 Solone
2503 1562 2825 1619 Atheniensi
2856 1565 3268 1632 colloquebatur
3293 1584 3308 1619 :
3334 1569 3419 1621 hic
3448 1568 3571 1637 ipse

1980 1658 2102 1719 post
2128 1651 2288 1705 breve
2312 1660 2550 1723 tempus,
2588 1664 2647 1710 ut
2700 1657 2960 1724 arbitror,
2990 1669 3211 1728 promer
3256 1660 3380 1715 illos
3417 1662 3568 1730 ipsos

1977 1743 2327 1800 metallorum
2361 1761 2591 1803 acervos
2620 1748 2730 1805 alta
2767 1764 2903 1805 voce
2957 1752 3179 1821 plorare
3227 1764 3566 1822 conspectus

1978 1845 2084 1904 est,
2112 1837 2332 1893 Solonis
2357 1838 2509 1896 illius
2523 1840 2880 1898 Atheniensis
2907 1843 3252 1909 recordatus,
3274 1859 3398 1898 cum
3421 1845 3563 1914 ignis

1979 1930 2034 1985 in
2065 1946 2190 1986 eum
2224 1932 2485 1999 insiliret,
2516 1942 2570 1988 et
2598 1935 2743 2004 quod
2776 1934 2833 1989 in
2875 1934 3073 2005 opibus
3104 1935 3361 1990 ﬁduciam
3391 1936 3566 1991 collo-

1979 2031 2159 2079 casset
2181 2066 2194 2091 ,
2225 2025 2608 2095 obiurgaretur
2635 2043 2665 2081 a
2689 2026 2855 2098 Cyro,
2884 2028 2980 2098 qui
3008 2029 3360 2084 subditorum
3392 2029 3562 2084 bene-

1976 2114 2370 2184 volentiam,et
2395 2118 2633 2189 praesidii
2666 2119 2809 2186 loco,
2829 2129 2883 2175 et
2915 2121 3398 2187 thesaurorum,et
3429 2138 3561 2192 qua-

1975 2210 2186 2267 rumvis
2218 2224 2427 2277 rerum,
2458 2212 2666 2283 quibus
2694 2222 2751 2268 et
2772 2214 3127 2269 incolumitas
3156 2218 3562 2286 etprosperltas

1975 2302 2124 2374 regia
2139 2305 2416 2359 continetu
2429 2321 2472 2372 r,
2487 2305 2657 2360 animi
2674 2306 3102 2378 magnitudinem
3119 2321 3556 2378 comparaverat.

1977 2393 2120 2462 Quin
2147 2406 2202 2451 et
2247 2396 2337 2452 ilia
2366 2413 2450 2464 re,
2478 2399 2754 2467 quodnam
2782 2408 2933 2456 esset
2956 2408 3071 2455 tum
3117 2402 3554 2472 sapientiae,tum

1974 2502 2139 2558 Opum
2164 2489 2486 2557 discrimen,
2511 2491 2788 2561 apparuit.
2809 2489 2944 2546 Nam
2969 2504 3192 2563 propter
3219 2510 3351 2564 opes
3377 2495 3444 2561 is,
3462 2499 3556 2566 qui

1973 2597 2068 2637 eas
2101 2583 2443 2652 possidebat,
2477 2593 2705 2641 exustus
2739 2584 2931 2641 fuisset
2963 2603 2977 2641 :
3013 2596 3069 2641 at
3093 2586 3316 2643 Solonis
3358 2603 3557 2644 nomen

1974 2673 2149 2731 obiter
2165 2692 2510 2746 expressum,
2526 2693 2556 2732 e
2572 2677 2802 2734 ﬂammis
2821 2681 3096 2736 hominem
3115 2682 3333 2753 eripuit.
3348 2681 3560 2755 Quippe

1972 2782 2083 2823 non
2109 2768 2304 2824 salutis
2332 2770 2691 2840 impetrandae
2713 2787 2879 2827 causa
2909 2772 3130 2830 Solonis
3156 2791 3355 2831 nomen
3398 2778 3553 2835 Crte-

1973 2849 2069 2919 sus
2089 2862 2485 2934 ingeminabat,
2515 2866 2610 2920 sed
2634 2866 2781 2936 quod
2808 2882 3140 2938 magnopere
3174 2869 3349 2924 virum
3378 2870 3555 2926 admi-

1971 2966 2214 3024 raretur,
2236 2972 2349 3028 quo
2379 2966 2622 3028 tempore
2659 2959 2820 3028 lignis
2843 2960 3134 3030 impositus
3164 2962 3403 3032 jacehat,
3428 2980 3553 3019 cum

1971 3046 2175 3104 eisdem
2201 3050 2660 3105 eniteremandus.
2685 3049 3084 3124 Videbalgenim
3107 3056 3429 3124 sapientiam
3457 3057 3559 3112 Sn-

293 3146 404 3209 θῶς
432 3145 586 3211 ὄντα,
653 3145 703 3199 ει
742 3142 818 3216 μὴ
866 3140 935 3196 δι’
968 3142 1158 3213 ἔτερόν
1213 3159 1269 3195 τι
1310 3141 1623 3212 συνάγοιτο,
1654 3144 1748 3197 καὶ
1799 3143 1862 3198 δι’

1971 3141 2114 3198 Ionis
2144 3140 2306 3196 etiam
2322 3141 2660 3196 vaticinandi
2686 3142 2735 3196 vi
2764 3146 3071 3212 praeditam.
3103 3143 3168 3199 Et
3197 3146 3311 3200 haec
3331 3148 3551 3215 quidem

290 3240 472 3294 ἐκεῖνο
519 3239 686 3294 πάλιν
718 3236 1092 3309 σκορπίζοιτο,
1126 3236 1223 3290 καὶ
1244 3237 1358 3289 τοῖν
1388 3237 1708 3307 εῖρημένοιν
1738 3237 1867 3292 ἐκά-

293 3350 451 3404 τερον
479 3333 540 3386 οὐ
567 3332 655 3386 διὰ
684 3330 879 3400 θυμὸν,
914 3328 1027 3384 οὐδ’
1089 3327 1284 3401 ὀργὴν.
1324 3327 1435 3384 οὐδ’
1462 3330 1763 3402 ἐπιθυμίαν
1787 3330 1864 3404 μὴ

294 3427 573 3495 σώφρονα,
606 3423 743 3478 ἀλλὰ
769 3424 911 3491 λόγῳ
947 3420 1213 3491 γίγνοιτο.
1244 3420 1400 3474 Δοκῶ
1440 3422 1549 3492 γάρ
1590 3438 1682 3491 μοι
1708 3424 1860 3491 είρη»

290 3516 448 3571 κέναι
493 3515 745 3571 τοσοῦτον
768 3515 935 3572 ἕνεκα
958 3513 1054 3570 τοῦ
1087 3513 1457 3585 προκειμένου
1488 3512 1717 3578 σκοποῦ,
1736 3515 1862 3568 ὅσον

286 3610 348 3676 ἐξ
403 3608 640 3680 ὀνύχων,
709 3610 866 3678 φασὶ,
925 3610 1022 3662 καὶ
1078 3609 1144 3660 ἐκ
1200 3605 1296 3662 τοῦ
1350 3606 1686 3676 κρασπέδου,
1733 3605 1862 3660 νοῦν

285 3703 472 3773 έχουσι
525 3700 716 3756 λέοντα
748 3702 845 3754 καὶ
884 3698 1118 3770 ὕφασμα
1177 3698 1467 3770 ἀρκέσειεν
1514 3697 1583 3752 ἂν
1638 3698 1864 3754 εἰδέναι.

287 3792 415 3850 Οἵον
448 3795 558 3864 γάρ
579 3811 664 3858 τις
697 3794 824 3865 ὄρος
856 3809 947 3864 μοι
984 3792 1246 3862 φαίνεται
1276 3790 1431 3860 τουτὶ
1463 3791 1525 3843 τὸ
1551 3790 1865 3844 τελευταῖον

289 3888 455 3959 ῥηθὲν
502 3887 595 3942 τοῦ
630 3886 814 3952 καλῶς
870 3903 931 3941 τε
968 3885 1350 3956 θησαυρίζειν,
1412 3883 1510 3937 καὶ
1560 3885 1658 3954 μή.
1698 3884 1865 3938 Ὅθεν

288 3982 524 4037 ὕστατον
552 3981 713 4036 τοῦτο
740 3984 958 4052 φράσας
989 3980 1122 4048 περὶ
1157 3980 1254 4034 τοῦ
1286 3976 1520 4031 πλούτου
1557 3993 1618 4030 τε
1648 3977 1860 4045 ἁπλῶς,

285 4077 383 4130 καὶ
415 4074 511 4129 τοῦ
561 4076 768 4148 τρόπου
806 4074 1078 4145 βασιλέως
1132 4071 1348 4140 Λυδῶν,
1376 4068 1647 4139 τοῦιπερὶ
1679 4068 1860 4123 αὐτῶν

284 4172 707 4244 ἀπαλλάττομαι
734 4173 919 4238 λόγου.

1974 3230 2183 3288 clarius
2231 3247 2564 3303 cognoscere
2616 3234 2841 3304 poteris,
2873 3234 2918 3289 si
2963 3236 3237 3308 perlegere
3267 3248 3378 3293 tum
3413 3241 3560 3297 alios

1970 3322 2214 3378 volueris
2244 3323 2557 3390 historicos,
2585 3331 2699 3378 tum
2726 3324 2988 3382 Herodmi
3019 3327 3226 3386 Musas.
3261 3330 3555 3389 Nobisista

1972 3433 2107 3473 sane
2139 3417 2436 3485 sufficiant,
2470 3418 2673 3489 quibus
2699 3428 2755 3476 et
2781 3421 3050 3491 sapientia
3082 3425 3272 3492 paucis
3324 3426 3555 3483 laudata.

1972 3511 2065 3579 sit,
2084 3522 2138 3568 et
2162 3524 2442 3568 ostensum
2474 3529 2667 3583 reapse
2697 3514 2832 3568 nihil
2855 3530 2977 3570 esse
3007 3517 3250 3586 divitias,
3277 3522 3382 3576 nisi
3407 3525 3553 3580 alte—

1971 3606 2085 3662 rius
2104 3606 2181 3660 rei
2203 3620 2366 3661 eausa
2388 3606 2739 3677 colligantur,
2763 3616 2814 3662 et
2830 3608 2900 3663 ob
2925 3611 3172 3666 eamdem
3198 3628 3416 3668 rursum
3431 3617 3551 3672 dis-

1965 3708 2305 3769 pergantur:
2336 3709 2501 3768 atque
2527 3699 2722 3753 horum
2756 3708 3053 3770 utrumque
3076 3717 3181 3756 non
3206 3719 3301 3772 per
3320 3705 3551 3762 iracun-

1965 3790 2133 3854 diam,
2160 3804 2259 3843 nec
2294 3787 2455 3854 iram,
2491 3804 2593 3843 nec
2622 3789 2979 3858 cupiditatem
3007 3807 3197 3860 parum
3236 3794 3540 3865 honestam,

1964 3885 2059 3941 sed
2088 3900 2211 3939 cum
2238 3883 2452 3939 ratione
2480 3883 2590 3937 fiat.
2620 3882 2831 3952 Quippe
2858 3890 3068 3937 tantum
3100 3899 3130 3937 a
3165 3885 3324 3941 nobis
3371 3887 3440 3942 de
3488 3905 3558 3943 re-

1964 3977 2243 4049 proposita
2271 3976 2475 4031 dictum
2509 3967 2767 4043 arbitror,
2801 3986 3064 4046 quantum
3088 3988 3271 4033 mente
3302 3982 3560 4049 praeditis.

1971 4072 2105 4127 satis
2133 4067 2626 4140 sitagnoscendutn
2664 4084 2729 4123 ex
2763 4070 3060 4140 unguibus,
3093 4073 3237 4141 quod
3262 4073 3440 4138 aiunt,
3492 4084 3553 4128 et

1971 4165 2192 4228 lacinia,
2223 4174 2336 4216 tum
2363 4160 2604 4224 leonem,
2638 4168 2749 4215 tum
2781 4176 3041 4230 pannum.
3071 4161 3204 4216 Nam
3240 4164 3374 4218 mihi
3423 4165 3545 4235 qui-

282 4264 406 4319 dem
432 4265 535 4320 hoc
575 4274 853 4333 postremo
888 4267 1012 4321 loco
1040 4264 1247 4321 dictum
1279 4263 1496 4319 videtur
1515 4278 1637 4319 esse
1658 4263 1814 4332 quasi
1850 4264 1936 4321 lex
1970 4261 2218 4335 quaedam
2257 4265 2416 4311 rectae
2453 4247 2799 4310 collertionis
2823 4257 3231 4325 thesaurorum,
3264 4262 3346 4315 vel
3379 4275 3553 4317 secus

281 4359 560 4421 institutae.
597 4359 835 4429 ideoque
868 4373 1186 4428 supremum
1238 4358 1341 4413 hoc
1368 4365 1479 4411 tam
1534 4356 1602 4412 de
1631 4356 1836 4412 divitiis
1870 4353 2216 4427 simpliciter,
2246 4363 2408 4420 quam
2439 4347 2506 4403 de
2528 4344 2802 4419 Lydorum
2842 4349 2986 4420 regis
3019 4351 3242 4422 ingenio
3292 4354 3536 4424 prolocu-

283 4469 393 4521 tus,
420 4458 657 4527 amplius
694 4458 761 4513 de
791 4458 872 4512 eis
901 4456 1086 4512 dicere
1108 4452 1468 4525 supersedeo.

349 4560 443 4611 Δεῖ
493 4557 550 4610 δέ
609 4572 712 4609 που
770 4553 920 4607 τόνδε
982 4554 1324 4624 μεταγαγεῖν
1377 4551 1472 4604 ἐπὶ
1505 4550 1604 4622 τὴν
1653 4548 1853 4621 Ξέρξου

2032 4536 2392 4599 Traducenda
2427 4551 2560 4592 vero
2585 4534 2652 4592 ad
2685 4537 2960 4608 ingentem
3004 4535 3200 4594 Xerxis
3234 4541 3549 4593 exercitum.

284 4653 546 4725 στρατιὰν
575 4651 674 4720 τὴν
707 4648 935 4720 πολλὴν,
984 4647 1087 4718 τὴν
1134 4647 1382 4716 φρίττειν
1415 4646 1849 4717 παρασκευάσα-

282 4762 375 4797 σαν
410 4743 667 4813 δύναμιν,
703 4741 797 4794 καὶ
824 4740 1007 4793 πάντα
1036 4736 1298 4792 σείσασαν
1323 4737 1560 4811 πέρατα,
1588 4737 1656 4807 τῇ
1689 4736 1850 4806 φήμῃ

282 4852 338 4888 τε
388 4835 483 4888 καὶ
537 4834 659 4895 ταῖς
719 4828 1064 4899 ἀπειλαῖςοῆ
1095 4827 1160 4899 δὴ
1214 4826 1463 4899 σκηπτοῦ
1500 4843 1649 4888 τινος
1691 4825 1850 4893 δίκην

288 4926 643 4997 ἐπενεχθεῖσα
667 4920 943 4993 πολλαχοῦ
973 4919 1104 4990 γῆς,
1137 4917 1268 4972 ἔνθα
1306 4920 1382 4988 μὴ
1409 4912 1479 4988 ἦν
1530 4914 1728 4987 ἁρετὴ,
1760 4909 1849 4968 οἷα

284 5019 380 5088 μὲν
411 5019 589 5072 ἐδίδου
610 5017 839 5089 θαρρεῖν
868 5010 947 5085 τῷ
973 5010 1314 5087 συνειλοχότι
1340 5010 1550 5080 ταύτην
1567 5006 1848 5076 λαμπραῖς

277 5111 487 5164 ἐλπίσιν
512 5128 531 5178 ;
563 5105 676 5163 οἷον
704 5109 748 5164 δ’
772 5106 964 5160 ἔπειτα
994 5105 1241 5177 παρέσχε
1302 5103 1611 5174 μετάμελον
1654 5102 1848 5172 ἀνόνη-

274 5220 403 5269 τον;
436 5203 715 5262 Εἰκότωςμ
744 5200 840 5254 Ἐκ
874 5198 975 5270 μὲν
1018 5197 1127 5270 γὰρ
1163 5195 1352 5259 ἁπλῶς
1395 5195 1507 5249 τῶν
1560 5193 1845 5264 κατορθωο

276 5296 462 5365 μάτων
488 5294 662 5363 μείζω
697 5294 927 5362 παρεῖχε
958 5288 1365 5361 τεκμαίρεσθαι
1395 5288 1508 5342 τῶν
1531 5287 1638 5358 ἤδη
1676 5303 1842 5355 γεγε-

270 5389 540 5458 νημένων*
572 5387 656 5441 ὅτι
693 5385 749 5439 δὲ
774 5385 935 5439 ταυτὶ⁵
968 5383 1066 5455 τῆς
1101 5382 1294 5454 τύχης,
1349 5381 1451 5434 οὐκ
1485 5380 1697 5450 ἀρετῆς
1747 5375 1838 5451 ἦν,

266 5482 393 5546 τοὺς
440 5480 587 5536 κατὰ
616 5480 822 5548 ταύτης
878 5477 1273 5549 ἐπαιρομένους
1340 5474 1443 5527 οὐκ
1503 5473 1728 5543 ἀληθεῖς
1777 5489 1842 5541 γε

271 5577 491 5645 μάντεις
528 5574 800 5646 ἀπέφηνε.
845 5573 967 5636 Πῶς
1018 5571 1127 5641 γὰρ
1159 5571 1226 5625 ἂν
1276 5568 1609 5640 κρατήσειεν
1638 5567 1841 5638 ἀρετῆς

263 5667 427 5737 τύχη,
460 5667 529 5736 ἢν
563 5666 641 5737 μὴ
665 5665 725 5719 τὸ
754 5666 899 5719 θεῖον
952 5664 1245 5735 όργίξηται
1291 5662 1387 5715 καὶ
1421 5659 1692 5731 περιορᾷς
1731 5658 1839 5711 Καὶ

261 5759 421 5812 τοῦτο
441 5762 636 5828 γέγονε
662 5759 844 5828 δῆλον,
876 5759 976 5827 οὐχ
998 5751 1161 5828 ἦττον
1231 5756 1333 5826 μὲν
1355 5756 1451 5809 καὶ
1474 5755 1596 5816 τοῖς
1632 5750 1838 5824 προλα-

263 5848 414 5904 ϐοῦσι
441 5850 835 5917 κατορθώμασι
877 5848 988 5902 τῶν
1021 5848 1292 5918 Ἑλλήνων
1317 5864 1329 5880 ⁸
1370 5847 1609 5916 μάλιστα
1648 5842 1704 5896 δὲ
1741 5860 1840 5897 κα-

1957 4639 2156 4699 oratio,
2184 4644 2239 4690 et
2301 4632 2367 4686 ad
2420 4630 2540 4684 illas
2585 4631 2796 4699 copias,
2845 4645 2967 4699 quae
3020 4629 3163 4685 fama
3216 4632 3422 4700 pariter
3473 4648 3537 4686 ae

1958 4731 2126 4787 minis
2201 4740 2394 4782 omnes
2440 4724 2574 4778 fines
2616 4732 2671 4777 et
2713 4723 2989 4792 trepidare
3031 4725 3413 4792 cotupulerunt
3481 4738 3549 4781 et

1958 4826 2696 4892 conquassarunt:qnizeque
2749 4815 2802 4869 in
2865 4816 3142 4882 complura
3203 4823 3363 4871 terra:
3419 4817 3543 4872 lora

1959 4915 2207 4972 fulminis
2236 4914 2288 4967 in
2324 4926 2532 4966 morem
2566 4911 2782 4976 delatae,
2840 4909 2928 4962 ubi
2966 4908 3112 4962 trulla
3162 4909 3336 4963 virtus
3391 4921 3533 4968 erat.

1956 5017 2226 5080 quantum
2261 5006 2338 5062 illi
2361 5004 2594 5067 fiducia,
2619 5000 3287 5073 quaeso,suppeditabant,
3320 5004 3412 5071 qui
3438 5018 3547 5058 eas

1955 5100 2234 5172 splendida
2272 5098 2505 5169 quadam
2538 5112 2635 5165 spe
2681 5093 3007 5164 collegerat?
3041 5104 3305 5162 quantum
3357 5096 3535 5164 positi.-

1953 5195 2139 5249 tentize
2172 5192 2432 5260 deinceps
2465 5189 2673 5243 inutilis
2698 5186 3043 5242 attulerunt?
3076 5185 3139 5239 Et
3169 5188 3362 5242 merito
3405 5190 3539 5258 qui~

1950 5284 2113 5347 dem;
2169 5299 2293 5338 nam
2350 5280 2676 5349 simpliciter
2722 5295 2787 5333 ex
2830 5278 2995 5333 rebus
3053 5293 3315 5350 prospere
3364 5292 3542 5350 ἕρεις

1949 5375 2159 5444 majora
2209 5373 2496 5443 praeteritis
2550 5371 2828 5441 conjicere
2867 5371 3091 5426 dabant.
3127 5371 3231 5426 Sed
3266 5373 3540 5443 quoniam.

1946 5469 2039 5523 illa
2074 5467 2326 5531 fortunae,
2354 5480 2460 5519 non
2502 5462 2724 5519 virtutis
2752 5473 2930 5530 erant,
2964 5463 3171 5518 idcirco
3202 5465 3534 5534 superbien-

1946 5569 2028 5617 tes
2090 5560 2354 5614 adversus
2425 5558 2589 5619 hanc,
2643 5566 2795 5612 vates
2831 5557 3059 5612 minime
3099 5574 3319 5613 veraces
3353 5560 3538 5613 exsti-

1945 5662 2148 5707 terunt.
2178 5651 2298 5719 Quo
2325 5649 2472 5705 enim
2524 5657 2683 5718 pacto
2722 5646 2939 5703 fortuna
2996 5651 3250 5704 virtutem
3312 5648 3532 5711 ticerit,

1943 5746 2046 5801 nisi
2084 5746 2225 5800 Deus
2256 5745 2425 5800 iratus
2453 5744 2543 5805 sit,
2562 5753 2616 5799 et
2648 5741 2983 5799 conniveat?
3013 5744 3156 5811 quod
3196 5754 3327 5795 sane
3353 5740 3537 5793 mani»

1944 5838 2085 5893 festo
2126 5835 2304 5906 paruit
2339 5847 2453 5891 tum
2487 5836 2555 5892 de
2601 5835 2949 5900 superiorum
3010 5842 3321 5894 temporum
3379 5829 3519 5883 fat-i-
