3958 6428
499 275 600 340 391

497 480 568 533 do
627 485 892 538 univers;e
944 489 1115 559 copia:
1167 476 1400 550 Persica:
1449 498 1818 557 Athenienses
1872 504 2081 560 adortae

496 581 643 636 sunt,
678 573 970 632 admodum
1009 581 1113 637 illa:
1138 585 1359 653 quidem
1400 590 1621 656 acriter,
1655 601 1714 647 ut
1746 609 1940 651 cervos
1990 598 2078 654 leo

495 666 668 733 solet;
701 671 796 723 sed
822 687 944 726 mox
987 673 1039 728 in
1089 680 1257 746 pedes
1291 695 1410 736 sese
1447 685 1831 752 conjicientes,
1884 691 2078 759 quasi-

495 772 601 824 que
635 774 921 818 cervorum
957 782 1109 821 more
1142 773 1394 828 leonibus
1443 784 1594 848 terga
1627 778 1840 843 dantes,
1879 784 1973 851 qui
2009 798 2079 839 ne

497 847 757 906 latratum
793 856 1014 924 quidem
1051 860 1194 915 ferre
1223 876 1472 932 possunt.
1518 847 1654 925 Tum
1695 886 1822 927 vero
1881 847 1950 928 de
1981 873 2074 941 iis,

497 957 619 1010 quae
650 959 848 1012 passus
883 959 988 1014 est,
1031 965 1176 1008 recte
1209 970 1301 1010 rex
1344 958 1556 1027 didicit,
1616 979 1724 1018 non
1771 966 2080 1022 multitudi-

496 1049 645 1099 nem,
679 1042 772 1092 sed
809 1041 1064 1098 virtutem
1101 1047 1301 1118 ubique
1332 1051 1577 1120 vincere,
1611 1072 1710 1112 nec
1736 1075 1860 1114 cum
1892 1060 2073 1130 bonis,

493 1128 708 1185 etiamsi
738 1134 1055 1202 pauci-sint,
1089 1143 1288 1197 multos
1346 1161 1465 1202 esse
1494 1154 1917 1220 comparandos,
1951 1157 2076 1211 licet

493 1235 686 1277 omnes
733 1227 924 1280 ordine
975 1231 1198 1296 iinesjn
1240 1236 1503 1294 ditionem
1542 1243 1816 1314 redigant.
1848 1245 1982 1300 Nam
2021 1259 2075 1304 ct

493 1316 783 1382 conjuncta
814 1333 937 1372 cum
978 1321 1178 1378 virtute
1210 1341 1502 1398 paupertas
1534 1335 1602 1388 iis
1629 1347 1710 1390 est
1767 1337 2068 1405 honestior,

491 1406 584 1472 qui
613 1408 820 1476 absque
856 1411 1055 1466 virtute
1115 1417 1331 1474 divitiis
1371 1422 1671 1491 abundant,
1728 1438 1781 1480 et
1817 1429 2072 1486 obscuris

492 1500 602 1550 nati
642 1505 956 1568 parentibus
989 1516 1090 1562 hoc
1128 1511 1285 1565 modo
1313 1513 1466 1584 longe
1494 1529 1623 1572 sunt
1654 1520 1917 1578 clariores
1961 1525 2070 1580 illis

489 1588 581 1657 qui
625 1591 693 1642 ob
735 1593 1078 1650 nobilitatem
1133 1614 1254 1655 sese
1311 1603 1586 1673 jactitant.
1638 1607 1694 1662 In
1754 1613 2066 1669 universum

489 1685 723 1752 denique
762 1690 1053 1758 conjuncta
1088 1708 1210 1748 cum
1258 1697 1479 1765 virtute,
1509 1701 1654 1756 clara
1690 1715 1850 1759 sunt:
1881 1718 1936 1762 et
1981 1723 2068 1763 se-

1684 299 2080 364 MANUELIS
2111 305 2563 374 PAL/EOLOGI

499 388 729 442 nuribus
753 387 1070 450 Graecorum
1104 399 1356 481 egregiis,
1387 409 1499 456 tum
1525 404 1608 459 vel
1636 409 1891 476 maxime,
1917 426 2052 481 quati

2157 466 2158 473 η
2190 421 2421 491 τάδηλον
2452 425 2700 493 γέγονεν,

487 1788 607 1839 cus,
633 1777 853 1834 virtutis
887 1786 1150 1852 expertia.
1194 1787 1296 1841 Sed
1331 1791 1744 1850 consideremus
1775 1811 2061 1868 accurate,
2098 1803 2138 1857 Β

487 1869 531 1923 si
564 1873 761 1939 placet,
816 1882 1120 1934 exercitum
1153 1883 1301 1937 omni
1352 1903 1584 1944 numero
1615 1894 1980 1963 superiorem,
2016 1897 2062 1951 si

488 1966 612 2033 quis
662 1982 786 2018 cum
852 1984 1140 2028 recensere
1197 1976 1362 2044 velit;
1436 1980 1531 2049 qui
1588 1985 1846 2051 quoniam
1904 1985 2065 2042 facile

487 2059 799 2126 complures
839 2063 902 2116 ad
933 2076 1123 2133 gentes
1176 2067 1387 2126 irruere
1422 2074 1616 2142 putuit,
1681 2079 1927 2132 omnium
1967 2095 2064 2150 po-

483 2160 710 2213 stremo,
744 2154 982 2221 pessimo
1019 2156 1126 2212 fato
1157 2175 1277 2227 suo,
1309 2173 1509 2217 terram
1536 2165 1669 2219 adiit
1699 2166 1932 2223 alentem
1960 2170 2061 2224 lio-

485 2246 678 2306 mines,
712 2248 802 2313 qui
834 2250 1061 2304 bonesw
1089 2267 1151 2306 ac
1183 2253 1368 2309 virtuti
1405 2267 1601 2312 cuncta
1635 2263 2059 2330 postponebant.

482 2337 574 2392 Hae
611 2356 737 2394 vero
775 2344 903 2398 tales
934 2360 998 2399 ac
1030 2355 1194 2403 tantae
1220 2352 1412 2420 copim.
1463 2360 1634 2407 totum
1692 2357 1834 2410 Asia:
1871 2358 2058 2423 robur,

480 2435 564 2486 vel
594 2436 846 2490 universa
879 2439 1060 2506 p0tius
1095 2441 1249 2507 Asia,
1281 2444 1556 2514 siquidem
1597 2457 1650 2500 et
1677 2449 1795 2518 ipsa
1823 2466 2062 2520 .quoque

479 2525 646 2598 Libya
679 2545 784 2583 non
821 2532 1029 2598 aderat,
1063 2549 1182 2603 quae
1215 2536 1317 2590 sibi
1351 2540 1642 2595 convenire
1687 2543 1974 2610 putabant,
2003 2552 2062 2598 tit

481 2636 576 2689 per
607 2637 758 2676 mare
793 2625 999 2692 pedites
1033 2625 1370 2693 incederent,
1430 2638 1717 2701 terrasque
1754 2633 1958 2689 solidas
2009 2645 2062 2690 et

477 2718 824 2774 continentes
857 2722 1088 2791 navigiis
1121 2722 1528 2793 tratisjicerent,
1576 2734 1631 2780 et
1689 2727 1924 2782 urbibus
1956 2743 2062 2782 nu-

478 2811 680 2864 merari
713 2811 1110 2867 meditnnorutn
1138 2816 1190 2868 in
1221 2832 1425 2870 morem
1471 2830 1817 2886 repererunt,
1855 2830 1909 2875 et
1936 2821 2060 2875 inu-

475 2905 654 2959 sitatis
691 2906 854 2960 rebus
891 2922 1064 2977 usque
1127 2910 1265 2964 adeo
1298 2911 1621 2988 studebant,
1681 2921 1742 2968 ut
1771 2915 2056 2984 Epusillum

471 2996 758 3063 ducerent,
791 2998 835 3053 si
871 3015 977 3052 non
1011 3000 1094 3054 bis
1121 3003 1252 3056 solis
1281 3003 1429 3057 omni
1479 3005 1723 3075 subjecta
1755 3007 1859 3061 soli
1913 3019 2056 3062 terra

475 3092 781 3154 potirentur
810 3089 1212 3160 (turpissimum
1250 3109 1486 3162 namque
1519 3095 1653 3161 fore,
1691 3098 1734 3152 si
1787 3097 1868 3152 vel
1914 3099 2057 3153 bello

473 3187 624 3231 esset
688 3193 826 3247 Opus
891 3181 1160 3236 adversus
1208 3199 1571 3254 quoscunque
1635 3191 1917 3256 mortales,
1960 3198 2055 3243 aut

471 3268 736 3322 adversus
767 3286 960 3325 omnes
996 3275 1257 3341 pariter):
1294 3277 1406 3332 haec
1443 3294 1576 3350 ergo
1612 3283 1906 3337 multitudo
1932 3285 2056 3338 bar-

472 3362 677 3426 barica,
718 3379 824 3430 qua
858 3364 1086 3420 inferior
1114 3371 1291 3424 omnis
1325 3380 1443 3424 erat
1493 3373 1773 3442 cogitatio,
1833 3391 1862 3429 a
1918 3392 2050 3446 pau-

469 3455 552 3507 cis
582 3455 877 3510 admodum
940 3460 1079 3513 vieta
1133 3462 1394 3518 militibus
1436 3473 1537 3528 est,
1599 3466 1694 3520 sed
1750 3467 1843 3536 qui
1902 3469 2048 3538 digni

470 3548 656 3604 multis
695 3561 879 3606 essent
906 3554 1166 3622 praemiis.
1199 3554 1368 3610 Erant
1403 3556 1456 3611 bi
1487 3557 1877 3626 Athenienses,
1908 3577 2050 3632 quos

467 3657 748 3696 armorum
811 3645 1027 3714 peritia,
1069 3655 1124 3701 ct
1163 3647 1329 3702 animi
1362 3651 1702 3719 fortitudine,
1748 3657 1932 3711 multis
1962 3667 2048 3712 at-

465 3755 571 3808 que
601 3740 766 3796 claris
823 3745 1028 3812 petitos
1067 3748 1311 3814 coronis,
1349 3759 1459 3804 tum
1500 3753 1722 3821 priscis,
1765 3763 1877 3809 tum
1925 3772 2051 3826 pro-

467 3834 627 3889 ximis
660 3838 1018 3905 temporibus,
1051 3855 1120 3893 ne
1169 3840 1222 3894 id
1274 3843 1494 3911 quidem
1549 3848 1794 3915 prazlium
1853 3849 2046 3904 iisdem

463 3930 736 3997 spoliavit.
774 3928 888 3983 lmo
920 3931 1081 4000 longe
1137 3935 1542 4002 pulclirioribus
1601 3949 1658 3992 et
1721 3941 2044 4010 majoribus,

461 4040 624 4092 quam
683 4025 787 4078 illae
826 4027 1036 4094 priores
1103 4027 1343 4092 fuerant,
1389 4032 1503 4086 lure
1561 4033 1641 4087 eis
1694 4034 2045 4090 benefaciens

459 4132 639 4186 pugna
671 4129 838 4186 caput
872 4118 1108 4173 ornavit.
1148 4119 1252 4172 Par
1278 4123 1422 4176 enim
1460 4131 1603 4186 erat,
1638 4136 1698 4177 ut
1723 4126 1868 4194 quod
1908 4142 2045 4195 pra:-

456 4209 588 4262 Lum
625 4210 908 4278 pulchrius
936 4221 1100 4280 atque
1137 4213 1310 4282 majus
1362 4213 1560 4270 fuisset
1589 4217 1714 4270 aliis
1765 4218 2042 4284 euntibus,

457 4315 622 4356 antea
673 4303 954 4371 pugnatis,
996 4304 1048 4356 id
1082 4314 1190 4356 tam
1242 4306 1370 4369 sibi,
1406 4322 1567 4375 quam
1627 4309 1913 4372 militibus,
1948 4311 2040 4380 qui

455 4414 570 4451 rem
609 4396 1022 4466 praeclarissime
1084 4398 1407 4466 gessissent,
1457 4401 1762 4454 consimilia
1823 4418 2042 4473 quoque

457 4491 676 4560 praemia
743 4489 1011 4547 donaret:
1073 4492 1145 4546 ob
1199 4493 1562 4546 reverentiam
1637 4495 1835 4563 partim
1904 4513 2037 4551 vera:

2157 4489 2372 4591 ιᾷδρίαν
2417 4489 2460 4574 ἰ

454 4583 938 4654 tnaguanimttatis,
977 4599 1098 4654 quae
1139 4585 1340 4656 insigni
1375 4587 1748 4654 generositate
1781 4591 2034 4660 Splende-

454 4691 569 4745 ret;
602 4679 802 4747 partim
866 4679 1206 4734 fortitudinis
1256 4680 1495 4746 eximite,
1539 4697 1664 4750 quae
1704 4693 1759 4737 et
1813 4685 2031 4741 modes-

453 4771 524 4822 tia
567 4771 803 4824 maxima
843 4781 988 4826 esset
1041 4783 1258 4838 ornata,
1320 4781 1374 4826 et
1407 4774 1681 4830 consimili
1742 4779 2030 4847 prudentia

449 4867 771 4933 conspicua,
808 4881 1137 4936 semperque
1162 4867 1394 4937 iustitiae
1446 4883 1653 4936 comes,
1687 4885 1811 4925 cum
1855 4872 2030 4926 virtu-

449 4961 592 5015 tibus
645 4964 726 5015 eis
759 4959 1042 5029 subjectis.
1081 4960 1214 5014 Nam
1262 4962 1405 5032 quod
1459 4966 1791 5033 particulare
1845 4975 1948 5031 est,
1999 4982 2028 5020 a

446 5053 620 5119 magis
657 5055 898 5122 generali
934 5063 986 5106 et
1027 5063 1259 5123 cognato
1290 5070 1512 5110 necesse
1546 5067 1630 5111 est
1664 5060 2032 5129 comprehen-

443 5144 624 5198 datur.
666 5144 722 5198 ln
759 5147 903 5200 hunc
939 5149 1158 5201 modum
1191 5148 1368 5204 affecti
1403 5167 1528 5221 erga
1585 5169 1803 5209 omnem
1858 5156 2029 5210 virtu-

445 5245 549 5288 tem
605 5238 989 5306 Atbenienses,
1039 5256 1226 5311 pacem
1278 5247 1449 5316 pluris
1509 5246 1804 5313 faciebant,
1863 5266 2026 5320 quam

443 5329 736 5382 multorum
772 5342 927 5385 terrae
975 5333 1229 5405 jugerum
1260 5339 1678 5408 acquisitiouem
1705 5359 1720 5398 :
1753 5345 2029 5414 simulque

439 5421 655 5488 Persas,
689 5425 1008 5496 iniuriarum
1042 5441 1306 5505 auctores
1331 5443 1385 5486 et
1430 5451 1645 5500 avaros,
1680 5452 1786 5491 non
1829 5453 1858 5491 a
1911 5439 2027 5493 solo

440 5531 649 5573 tantum
685 5537 785 5575 suo
822 5523 1121 5595 patriisque
1145 5529 1399 5594 sedibus;
1444 5545 1630 5584 verum
1661 5539 1772 5585 tota
1805 5548 2027 5603 quoque

436 5607 640 5664 Grzeeia
679 5612 1034 5680 depellebant.
1073 5616 1135 5670 Et
1179 5619 1290 5672 bace
1336 5635 1466 5674 sane
1529 5621 1707 5674 facere
1772 5639 1882 5675 non
1930 5622 2026 5676 de-

436 5701 578 5757 siere
605 5719 819 5759 summa
859 5721 979 5761 cum
1022 5710 1426 5776 moderatione,
1463 5729 1585 5782 qua:
1620 5714 1856 5783 cepisset
1888 5714 2022 5769 olim

436 5795 504 5846 ab
541 5796 670 5854 ipsis
709 5798 1010 5863 maioribus
1041 5818 1163 5857 cum
1194 5804 1540 5871 praecedente
1565 5805 1723 5861 bonis
1765 5809 1816 5861 in
1855 5807 2020 5864 rebus

3665 335 3756 398 399.

2746 429 2906 498 ἡνίκα
2938 431 3002 502 δὴ
3052 437 3166 499 τοῖς
3201 436 3519 509 Ἀθηναίοις
3564 448 3756 514 προσέ-

2187 514 2352 569 ϐαλεν
2386 519 2420 586 ή
2455 520 2695 591 Περσικὴ
2721 525 2873 579 πᾶσα
2905 526 3140 598 δύναμις
3160 533 3330 606 δριμὺ
3393 539 3491 606 μὲν
3527 541 3751 610 σφόδρα,

2185 610 2441 680 καθάπερ
2467 612 2605 667 λέων
2635 617 2883 686 ἐλάφοις,
2923 622 3099 675 ἔπειτ’
3127 627 3327 696 ἐχρῆτο
3357 634 3470 694 τοῖς
3503 633 3660 684 ποσὶν
3683 633 3755 694 ὡς

2183 700 2294 754 ἀπὺ
2354 703 2587 758 λεόντων
2648 711 2898 776 φυγοῦσα
2947 713 3107 786 δίκην
3171 719 3410 790 ἐλάφων,
3471 724 3580 775 τῶν
3635 725 3756 794 μηδ’

2184 793 2390 864 ὑλακήν
2424 798 2668 866 ἐνεγκεῖν
2711 801 3050 870 δυναμένων.
3092 795 3304 880 Ἕμαθε
3336 814 3399 885 δή
3425 817 3544 869 τότε
3574 818 3754 880 καλῶς

2181 885 2241 950 ἐξ
2263 879 2338 940 ὧν
2370 904 2434 956 γε
2462 891 2753 946 ἐπεπόνθει
2789 896 3070 966 βασιλεὺς.
3103 903 3180 966 ὡς
3213 907 3274 957 οὐ
3301 908 3359 960 τὸ
3388 910 3617 978 πλῆθος,
3642 912 3756 965 ἀλλ’

2181 981 2356 1052 ἀρετὴ
2387 985 2446 1037 τὸ
2477 985 2642 1039 νικῶν
2675 989 2795 1042 ἐστι
2855 999 3149 1065 πανταχῆο
3211 1000 3306 1052 καὶ
3357 1002 3419 1054 ού
3483 1006 3590 1074 χρὴ
3642 994 3755 1068 τοῖς

2179 1074 2430 1142 ἀγαθοῖς,
2467 1077 2571 1132 κᾶν
2601 1075 2738 1134 ῶσιν
2778 1083 3166 1156 εὐαρίθμητοι,
3213 1092 3341 1153 τοὺς
3377 1095 3612 1159 πολλοὺς
3646 1112 3754 1150 πα-

2179 1167 2454 1237 ραθεῖναι,
2485 1171 2535 1224 εί
2563 1170 2626 1241 δὴ
2663 1174 2758 1226 καὶ
2808 1176 3028 1231 πάντων
3073 1180 3202 1250 ἐξῆς
3245 1186 3588 1253 κρατήσαιεν
3641 1189 3752 1242 τῶν

2177 1262 2494 1331 τερμάτων.
2525 1266 2636 1320 Καὶ
2660 1268 2770 1339 γάρ
2792 1286 2876 1323 τοι
2912 1275 3005 1325 καὶ
3056 1277 3217 1326 πενία
3259 1277 3378 1344 μετ’
3409 1279 3612 1349 ἀρετῆς
3660 1298 3750 1333 τι-

2179 1359 2423 1427 μιωτέρα
2448 1359 2558 1412 τῶν
2594 1361 2806 1429 πλούτῳ
2829 1366 3131 1435 κομώντων
3183 1371 3403 1441 ἐκείνης
3445 1375 3608 1427 ἄνευ·
3651 1378 3750 1429 καὶ

2173 1449 2221 1500 οῖ
2259 1448 2318 1514 ἐξ
2344 1450 2578 1520 ἀσήμων
2615 1454 2802 1518 παῖδες
2825 1455 2918 1508 τὸν
2969 1459 3176 1528 τρόπον
3211 1460 3407 1514 τοῦτον
3465 1463 3753 1534 διαφερόν-

2170 1560 2279 1603 τως
2304 1543 2681 1617 λαμπρῦτεροι
2702 1551 2814 1600 τῶν
2864 1553 3290 1620 σεμνυνομένων
3338 1556 3425 1608 ἐπ’
3455 1558 3708 1631 εὐγενείᾳ
3733 1577 3746 1591 ·

2171 1637 2268 1689 καὶ
2304 1637 2441 1700 ὅλως
2479 1641 2547 1692 τὰ
2595 1642 2693 1694 σὺν
2741 1637 2912 1711 ἀρετῇ
2966 1644 3059 1698 καὶ
3095 1647 3331 1718 λαμπρά
3363 1665 3381 1682 ο
3425 1651 3492 1704 τὰ
3545 1654 3751 1719 ταύτης

2169 1727 2225 1780 δὲ
2257 1729 2332 1800 μὴ
2365 1732 2662 1801 μετέχοντα
2697 1735 3030 1793 τούναντίον.
3073 1739 3234 1793 Ἀλλά
3261 1744 3556 1812 σκοπῶμεν
3588 1746 3747 1816 ἀκρι-

2170 1822 2301 1888 ὅῶς,
2334 1825 2382 1878 εἰ
2413 1825 2586 1891 δοκεῖ,
2631 1830 2898 1898 στρατιὰν
2954 1833 3102 1902 ἥττω
3163 1835 3454 1889 δεικνῦσαν
3505 1839 3746 1908 ἀριθμὸν

2168 1913 2412 1981 ἅπαντα,
2449 1920 2497 1970 εί
2527 1918 2774 1989 βούλοιτὸ
2811 1940 2893 1986 τις
2923 1926 3137 1994 ἐκείνην
3182 1927 3519 2000 ἐξαριθμεῖν,
3569 1935 3602 2002 ἢ
3662 1934 3742 2003 τῷ

2169 2010 2369 2080 ῥᾳδίως
2391 2011 2470 2074 είς
2503 2011 2632 2082 ἔθνη
2664 2015 2964 2084 πάμπολλα
2998 2019 3342 2088 είσκωμάσαι
3391 2021 3742 2092 δεδυνῆσθαι,

2168 2102 2403 2156 ὕστατον
2460 2106 2683 2160 πάντων
2722 2109 2982 2179 ἐκώμασε
3033 2115 3269 2185 κακίστη
3329 2115 3496 2186 μοίρᾳ
3545 2118 3742 2186 ἐαυτῆς

2167 2196 2249 2258 είς
2285 2197 2394 2266 γῆν
2447 2198 2760 2268 ἀνθρώποις
2818 2204 3150 2274 τρέφουσαν,
3190 2206 3394 2278 ὕστερα
3439 2210 3620 2265 πάντα
3657 2213 3744 2266 θε-

2169 2291 2366 2358 μένους
2405 2291 2498 2344 τοῦ
2531 2295 2701 2347 καλοῦ
2735 2296 2826 2348 καὶ
2889 2299 2990 2367 τῆς
3029 2299 3252 2370 ἀρετῆς.
3301 2302 3453 2374 Αὕτη
3493 2305 3548 2358 δέ
3580 2308 3610 2376 ή
3643 2325 3740 2378 τη-

2165 2382 2402 2455 λικαύτη
2436 2388 2531 2440 καὶ
2562 2388 2801 2458 τοσαύτη
2837 2389 3089 2462 δύναμις,
3133 2395 3166 2463 ή
3203 2397 3352 2449 πᾶσα
3411 2399 3511 2468 τῆς
3556 2400 3735 2464 Ἀσίας

2129 2507 2132 2510 -
2169 2477 2346 2545 ἰσχὺς,
2384 2477 2589 2545 μᾶλλον
2648 2479 2704 2532 δὲ
2739 2481 2898 2535 Ἀσία
2960 2486 3132 2551 πᾶσα,
3172 2488 3221 2540 εί
3284 2491 3359 2560 μὴ
3429 2492 3521 2543 καὶ
3566 2492 3734 2562 Λιϐύη

2165 2569 2403 2638 προσῆν,
2430 2569 2464 2640 ἢ
2497 2571 2754 2634 πεζεύειν
2790 2573 3070 2630 θάλασσαν
3109 2581 3249 2652 αὐτῇ
3283 2584 3561 2654 προσῆκον
3591 2587 3741 2655 ήγεῖ-

2163 2674 2248 2717 το,
2284 2658 2380 2710 καὶ
2401 2661 2559 2712 πλεῖν
2577 2663 2844 2730 ἠπείρους
2866 2667 2965 2720 ούκ
2991 2670 3249 2740 ἀπηξίου,
3279 2674 3469 2726 πόλεσί
3499 2695 3558 2728 τε
3586 2678 3741 2748 ἀριθ-

2167 2751 2390 2819 μεῖσθαι
2426 2752 2704 2824 μεδίμνων
2729 2757 2886 2829 δίκην
2916 2763 3228 2833 ἐξεύρισκε,
3266 2771 3362 2821 καὶ
3394 2772 3613 2825 τοσόνδε
3633 2777 3740 2836 τοῖς

2164 2846 2376 2909 καινοῖς
2410 2846 2799 2919 ἐφιλοτιμεῖτο,
2833 2852 2908 2917 ὡς
2940 2859 3139 2927 μικρὸν
3183 2860 3324 2914 πάνυ
3364 2863 3639 2933 νομίζειν,
3691 2868 3736 2920 εί

2166 2936 2241 3007 μὴ
2274 2941 2458 3007 μόνοις
2487 2944 2728 2996 τουτοισὶ
2757 2945 2856 3011 τῆς
2895 2946 2984 3014 ὑφ’
3017 2949 3153 3021 ήλίῳ
3209 2939 3553 3025 κρατήσειεν
3609 2959 3742 3027 (ἐσε-

2165 3027 2288 3080 σθαι
2319 3029 2430 3098 γὰρ
2459 3030 2568 3084 τῶν
2605 3034 2926 3106 αἰσχίστων,
2956 3041 3004 3092 εί
3057 3042 3152 3094 καί
3202 3061 3344 3109 τινος
3382 3047 3530 3121 αὐτῇ
3587 3051 3742 3105 πολέ-

2165 3136 2267 3189 μου
2301 3119 2517 3192 δεήσειε
2547 3125 2684 3193 πρὸς
2714 3127 3074 3184 οὑστινασοῦν
3103 3133 3215 3187 τῶν
3251 3136 3546 3208 ἀπάντων,
3587 3143 3618 3213 ἦ
3650 3147 3742 3197 καὶ

2160 3216 2296 3282 προς
2320 3215 2532 3277 πάντας
2558 3217 2688 3287 ἑξῆς
2726 3220 3074 3294 ἀνθρώπους)
3105 3241 3119 3255 ·
3155 3226 3292 3299 αὕτη
3325 3232 3569 3308 τοίνυνή
3610 3240 3743 3308 ιιτλη⁴

2158 3305 2256 3369 θὺς
2284 3308 2318 3378 ή
2350 3307 2687 3382 βαρϐαρική,
2721 3307 2790 3384 ἧς
2839 3315 3104 3388 λογισμὸς
3159 3321 3307 3386 ἄπας
3345 3305 3583 3398 ἥττητο,
3633 3305 3740 3385 ὀλί-

2156 3418 2271 3469 γων
2307 3404 2450 3457 πάνυ
2479 3408 2834 3476 στρατιωτῶν
2865 3410 3123 3482 ἥττηται,
3170 3417 3382 3470 πολλῶν
3442 3438 3512 3489 γε
3556 3428 3735 3495 μέντοι

2156 3495 2337 3564 γερῶν
2363 3497 2552 3562 ἀξίων.
2601 3499 2908 3569 Ἀθηναίων
2930 3498 3077 3558 οὗτοι
3127 3510 3335 3576 παῖδες,
3370 3512 3471 3576 οὓς
3529 3519 3734 3572 πολλῶν

2155 3605 2214 3641 τε
2248 3590 2342 3642 καὶ
2375 3589 2648 3662 λαμπρῶν
2688 3597 3062 3666 τετυχηκότας
3099 3603 3380 3672 στεφάνων
3413 3613 3532 3674 τοῖς
3570 3613 3732 3665 πάλαι

2155 3680 2390 3750 χρόνοις,
2428 3683 2522 3736 καὶ
2563 3687 2672 3750 τοῖς
2701 3687 2889 3755 ἐγγὺς,
2922 3690 3105 3745 ὃπλων
3165 3695 3433 3770 ἐμπειρίᾳ
3475 3705 3569 3757 καὶ
3609 3722 3733 3774 γενο

2154 3775 2423 3846 ναιότητι,
2453 3778 2563 3830 οὐδ’
2595 3782 2622 3832 ὁ
2661 3783 2971 3853 τηνικαῦτα
3022 3787 3260 3860 πόλεμος
3312 3796 3544 3850 ἐκεί-ων
3594 3800 3734 3852 ἐστέ·

2157 3883 2314 3936 ρησε.
2377 3869 2567 3942 ῐιολλῴ
2623 3874 2722 3942 μὲν
2780 3875 2873 3930 οῦν
2937 3880 3185 3935 καλλίοσι
3226 3887 3320 3938 καὶ
3350 3889 3574 3956 μείζοσι
3628 3894 3730 3945 τῶν

2153 3961 2480 4027 φθασάντων
2523 3966 2686 4030 αὑτός
2735 3985 2800 4037 γε
2857 3971 3072 4037 τούτοις
3126 3969 3184 4028 εῦ
3225 3978 3396 4032 ποιῶν
3459 3985 3729 4056 ἐκόσμησε

2151 4057 2421 4128 κεφαλήν.
2468 4060 2617 4113 Ἔδει
2648 4064 2758 4132 γὰρ
2811 4065 2974 4119 αὑτὸν
3028 4068 3234 4123 καλλίω
3285 4074 3380 4126 καὶ
3412 4079 3589 4144 μείζω
3627 4080 3729 4132 τῶν

2151 4148 2258 4218 πρὸ
2307 4152 2476 4205 αὐτοῦ
2519 4157 2893 4226 γεγενημένον
2948 4160 3232 4229 ἁπάντων,
3288 4166 3472 4240 ἐαυτῷ
3522 4188 3579 4225 τε
3638 4171 3725 4224 καὶ

2149 4244 2263 4305 τοῖς
2319 4244 2682 4313 ἀριστεύσασι
2740 4251 3006 4323 παρέχειν
3061 4251 3201 4310 ἆθλα
3247 4261 3588 4335 κατάλληλα,
3650 4267 3726 4317 αί-

2146 4333 2412 4405 δούμενον
2493 4339 2592 4408 μὲν
2650 4341 2968 4414 φιλοτιμίαν
3024 4349 3124 4420 τὴν
3190 4351 3410 4423 ἀληθῆ,
3479 4333 3721 4426 γενναιόο

2145 4442 2268 4497 τητι
2345 4427 2816 4506 λαμπρυνομένην
2893 4440 3189 4509 ἐπιεικῶς,
3264 4448 3589 4521 αἰδούμενον
3668 4451 3720 4505 δὲ

2469 4528 2725 4594 περφυᾶ,
2765 4535 3120 4617 ,σωφροσύνῃ
3177 4537 3276 4608 μὲν
3336 4546 3574 4617 μεγίστῃ
3636 4562 3720 4597 κε-

2144 4615 2532 4684 κοσμημένην,
2563 4611 2823 4689 φρονήσει
2869 4622 2926 4676 δὲ
2968 4625 3133 4698 ὁμοίᾳ
3175 4629 3235 4682 τὸ
3262 4611 3388 4684 κατ’
3414 4611 3586 4705 αὐτή-ν
3606 4637 3740 4704 ἐπι-⁵

2137 4705 2510 4778 δεδειγμένην,
2560 4711 2652 4763 καὶ
2700 4713 2787 4767 ἀεὶ
2835 4715 2932 4768 σὺν
2979 4718 3056 4789 τῷ
3104 4720 3297 4793 δικαίῳ
3348 4727 3710 4796 πεξευομένην

2138 4796 2256 4864 ἅμα
2286 4815 2349 4866 γε
2378 4803 2500 4862 ταῖς
2531 4801 2623 4855 ὑπ’
2646 4804 2820 4869 αὐτὰς
2852 4808 3097 4878 ἀρεταῖς.
3133 4813 3206 4866 Τὸ
3237 4816 3349 4888 γὰρ
3381 4820 3446 4891 δὴ
3479 4818 3713 4890 μερικώ-

2133 4906 2293 4958 τερον
2323 4892 2595 4961 ἀνάγκαις
2632 4896 2835 4962 πάσαις
2871 4902 3342 4976 περιληφθήσεται
3374 4911 3455 4982 τῷ
3489 4925 3712 4978 γενικω-

2133 4981 2276 5049 τέρῳ
2323 4981 2416 5034 καὶ
2463 4988 2741 5053 συγγενεῖ.
2789 4989 2947 5043 Ούτω
2992 4992 3058 5062 δὴ
3106 4996 3246 5066 πρὸς
3293 4981 3480 5053 πᾶσαν
3522 4998 3711 5070 ἀρετήν

2133 5073 2352 5143 ἔχοντες
2379 5076 2910 5162 Ἀθηναῖομέτίμων
2938 5085 3037 5155 μέν
3063 5089 3311 5160 εἰρήνην,
3341 5094 3446 5162 πρὸ
3472 5093 3563 5146 τοῦ
3591 5091 3712 5142 πλέ-

2134 5163 2241 5235 θρα
2292 5167 2594 5237 πάμπολλα
2625 5155 2730 5241 γῆῖς
2785 5175 3044 5244 κερδᾶναι
3070 5194 3083 5208 ·
3110 5155 3256 5244 τοῦς-
3287 5181 3343 5235 δὲ
3385 5155 3706 5252 ’ύῦρίζοντιις

2133 5257 2226 5308 καὶ
2265 5259 2596 5321 πλεονέκτας
2637 5260 2962 5332 ἀνθρώπους
3004 5266 3066 5318 ού
3113 5268 3276 5336 μόνον
3305 5267 3408 5338 τῆς
3447 5268 3704 5336 σφετέρας

2131 5350 2314 5404 αὐτῶν
2341 5351 2468 5423 γῆς,
2497 5354 2591 5406 καὶ
2617 5355 2724 5407 τῶν
2755 5357 3000 5428 πατρίων
3027 5359 3197 5428 ⁴λιθῶν,
3224 5361 3358 5415 ἀλλά
3391 5363 3482 5414 καὶ
3513 5359 3702 5419 παντὸς

2128 5445 2400 5514 ἠμύνοντο
2440 5445 2536 5499 τοῦ
2575 5447 2915 5519 Ἑλληνικοῦ.
2954 5453 3065 5507 Καὶ
3106 5455 3280 5508 ταῦτα
3323 5455 3388 5524 δὴ
3430 5453 3702 5511 ποιοῦντες

2129 5535 2543 5593 διατετελέκασι
2577 5541 2715 5612 μετὰ
2748 5543 2918 5612 πόσης
2947 5543 3050 5596 οῖει
3082 5547 3459 5616 μετριότητος,
3489 5544 3698 5614 πόρρω·

2131 5627 2224 5681 θεν
2270 5631 2370 5700 μὲν
2417 5633 2705 5703 ἠργμένης
2749 5635 2814 5688 ἐκ
2859 5637 2968 5689 τῶν
3012 5639 3294 5707 προγόνων
3345 5639 3483 5707 μετά
3525 5635 3697 5698 πάσης

2129 5727 2605 5795 προηγησαμένης
2639 5726 2953 5792 πλεονεξίας
2983 5729 3096 5782 τῶν
3126 5729 3350 5800 ἀγαθῶν
3371 5769 3385 5793 ,
3415 5725 3694 5790 κατιούσης

2127 5809 2183 5862 δὲ
2225 5811 2469 5880 δικαίως,
2515 5814 2705 5885 ὥσπερ
2748 5834 2830 5880 τις
2876 5817 3099 5887 κλῆρος,
3141 5821 3402 5888 χρηστοῖς
3439 5816 3691 5882 ἐκγόνοις.
