3958 6460
312 467 417 528 393
1761 463 1907 522 OliA

2010 461 2048 519 Ο
2090 452 2135 522 Ῐ.
3459 450 3566 514 394

307 579 579 653 χρηστοὺς
612 577 840 649 ζηλοῦσι
866 577 1078 645 γονέας.
1107 576 1345 647 ’ᾘὸεσαν
1371 575 1483 646 γὰρ
1503 612 1519 640 ,
1548 569 1623 640 ὥς
1651 579 1887 646 ταυτησὶ

2010 577 2141 631 mini
2163 569 2508 640 excellentia,
2541 574 2842 646 meritoque
2879 575 3026 632 velut
3068 575 3358 631 hmreditas
3416 591 3568 644 quie-

310 677 387 747 μη
425 671 710 744 παρούσης
750 665 864 724 οὐδ’
883 669 1030 723 ἅπαν
1060 668 1124 722 τὸ
1155 668 1256 738 τῆς
1294 667 1502 739 ἀρετῆς
1541 670 1733 739 χρῆμα
1773 667 1888 722 οἷόν

307 785 368 821 τε
421 765 694 819 συνοίσειν
741 760 1058 833 ἀνθρώπῳ·
1115 760 1257 830 περὶ·
1294 754 1360 833 ἧς
1412 776 1476 828 γε
1529 761 1888 830 μετριότητος

311 856 554 931 ὲροῦμέν
593 874 648 911 τι
689 852 1146 924 προύργιαίτερον
1187 852 1330 906 κατὰ
1371 851 1569 923 σχολὴν
1614 851 1754 922 μετά
1793 851 1887 905 τοῦ

310 949 530 1021 καιροῦ,
576 947 968 1017 συναιρομένου
1009 947 1103 1000 τοῦ
1147 945 1480 1016 κρείττονος.
1524 943 1640 997 Νὖν
1682 944 1740 997 δὲ
1780 945 1888 998 τῶν

312 1040 694 1112 προκειμένων
719 1038 996 1109 ἐχώμεθα.
1026 1038 1174 1092 Ἔδει
1207 1040 1306 1108 μὲν
1334 1036 1446 1104 οὖν,
1466 1037 1524 1090 τί
1556 1036 1653 1090 καὶ
1684 1036 1889 1096 πάντας

313 1135 562 1206 ἐλελήθει
606 1133 922 1204 βαρϐάρους
962 1131 1025 1186 τὸ
1067 1133 1170 1203 τῆς
1215 1131 1420 1203 ἀρετῆς
1461 1131 1683 1200 περιὸν,
1724 1130 1888 1183 αύτδν

311 1225 448 1296 γοῦν
487 1224 712 1296 βασιλέα
758 1227 834 1295 μὴ
875 1223 1180 1293 λεληθέναι,
1226 1223 1361 1290 μηδὲ
1401 1221 1648 1292 νομίζειν
1693 1221 1890 1293 πλήθει

313 1316 614 1387 κρατήσειν
648 1313 1105 1385 προαιρουμένων
1139 1311 1364 1382 πολέμῳ
1397 1311 1623 1364 πίπτειν
1656 1310 1762 1382 πρὸ
1794 1310 1888 1364 τοῦ

313 1407 559 1478 δεδέχθαι
582 1424 638 1460 τι
667 1405 778 1459 τῶν
806 1405 1073 1475 αίσχρῶν.
1097 1404 1308 1469 Ἐδειξε
1341 1404 1450 1476 γὰρ
1482 1405 1510 1456 ό
1542 1405 1733 1474 χρόνος
1760 1403 1889 1467 τοὺς

316 1499 518 1570 ἄνδρας
549 1498 740 1553 τούσδε
773 1497 954 1566 πολλῷ
988 1513 1054 1567 γε
1089 1499 1344 1567 κρεῖττον
1377 1494 1796 1566 ἀσπαζομένους
1828 1495 1890 1546 τὺ

319 1588 439 1659 μεθ’
461 1588 640 1643 ὃπλων
669 1585 1111 1657 ἀγωνιζομένους
1135 1585 1394 1642 τεθνάναι
1423 1585 1566 1658 ὑπὲρ
1592 1585 1704 1640 τῶν
1733 1585 1888 1655 σφίσι

315 1677 702 1748 διαφερόντων,
729 1676 764 1748 ἢ
790 1677 943 1744 τινὲς
965 1676 1308 1743 ἀσπάζονται
1337 1675 1681 1748 πανηγύρεις
1703 1676 1890 1748 τρυφῇ

317 1770 412 1825 καὶ
437 1768 682 1841 ῥᾳθυμίᾳ
708 1769 1150 1840 προσηλωμένοι.
1179 1769 1240 1823 '0
1266 1768 1322 1822 δὲ
1347 1769 1415 1839 τῇ
1440 1767 1552 1822 τῶν
1575 1766 1892 1839 εὐτυχημά-

316 1876 427 1914 των
460 1859 774 1930 κραιπάλῃ,
807 1862 901 1914 καὶ
932 1862 1001 1930 τῇ
1038 1861 1207 1929 μανίᾳ
1241 1859 1350 1912 τῶν
1383 1856 1534 1928 αύτῷ
1568 1857 1898 1930 προσδοκωοι

323 1954 500 2025 μένων
529 1953 973 2025 κατορθωμάτων
999 1951 1253 2024 καθάπερ
1283 1950 1436 2022 κῦμα
1461 1952 1688 2007 τύπτειν
1712 1950 1888 2024 ἠξίου,

319 2045 468 2100 είκον
495 2045 715 2117 ἀνέμοις
744 2045 898 2116 παρά
925 2046 988 2099 τδ
1017 2045 1179 2120 δόξαν
1208 2044 1356 2116 αὐτῷ
1381 2060 1397 2078 ·
1431 2044 1577 2100 οὔτω
1605 2043 1907 2100 κάνταῦθα-

319 2138 572 2208 νενόμικε
601 2136 965 2220 (θρασύτητος
992 2136 1255 2208 ἀκρασία)
1285 2137 1494 2192 καπνοῦ
1518 2154 1572 2191 τι
1601 2136 1769 2209 μέρος
1793 2136 1892 2207 ἀρε-

319 2234 502 2288 κέσειν
526 2230 677 2302 αύτῷ
702 2231 795 2286 τοῦ
824 2231 884 2286 ιν
911 2233 978 2303 τῇ
1007 2230 1155 2304 ψυχῇ
1188 2231 1362 2303 πυρὸς
1390 2231 1629 2298 ζέοντος,
1660 2229 1804 2298 λέγω
1828 2227 1894 2302 δὴ

319 2329 416 2382 τοῦ
442 2327 595 2398 παρά
618 2326 776 2395 λόγον
802 2325 1004 2397 θυμοῦ,
1029 2325 1299 2380 πασσυδεὶ
1320 2324 1448 2388 τοὺς
1464 2321 1737 2394 Ἕλληνας
1763 2324 1894 2378 ἀνα-

321 2419 517 2474 λῶσαι.
561 2417 701 2474 Ἀλλ’
731 2419 767 2492 ἠ
814 2419 911 2487 τῆς
961 2417 1197 2489 ἀκαίρου
1249 2416 1566 2490 φιλοτιμίας
1618 2414 1896 2488 ὑπερϐολὴ

325 2511 476 2566 οὐδέν
513 2510 706 2579 έκείνφ
745 2509 911 2581 τιμῆς
955 2507 1221 2580 ἀπένειμε
1245 2523 1260 2544 ·
1306 2508 1446 2578 πρὸς
1484 2509 1544 2563 δὲ
1580 2507 1897 2564 τούναντίον

327 2602 512 2672 σαφῶς
552 2599 702 2671 αύτῷ
742 2601 842 2670 τὴν
885 2599 1216 2672 προσδοκίαν
1258 2597 1648 2670 ἀντέστρεψεν.
1688 2596 1746 2653 ’0
1785 2599 1896 2671 γὰρ

324 2699 392 2768 τῇ
429 2695 623 2768 βροντῇ
653 2694 755 2765 τῆς
786 2695 976 2765 φήμης
1005 2694 1073 2746 τά
1103 2691 1213 2746 τῶν
1245 2690 1458 2746 πολλῶν
1493 2691 1738 2762 κυκήσας
1773 2706 1899 2761 φρο-

325 2791 561 2860 νήματα.
589 2788 686 2842 καὶ
709 2785 936 2850 τούτους
963 2784 1145 2850 δείξας
1173 2784 1628 2854 καλινδουμένους
1654 2782 1762 2853 πρὸ
1790 2782 1899 2836 τῶν

326 2880 507 2936 ποδῶν
552 2879 740 2946 αὑτοῦ,
789 2877 1090 2947 φθάνοντας
1140 2879 1209 2932 τὰ
1256 2878 1413 2932 τοῦδε
1468 2875 1900 2948 προστάγματα,

326 2975 556 3045 ἀκονητὶ
596 2975 691 3029 καὶ
723 2974 824 3045 τὴν
856 2973 1086 3030 Ἐλλάδα
1127 2970 1584 3042 προσκτήσασθαι
1625 2973 1899 3039 φανταζό-

331 3086 530 3138 μενος,
567 3067 661 3127 καὶ
697 3066 1020 3138 παμπληθεὶ
1051 3064 1115 3120 τὸ
1144 3064 1459 3135 Ἑλληνικὸν
1487 3053 1744 3138 καθάπερ
1779 3067 1906 3120 πατ-

325 3163 426 3226 δάς
468 3179 618 3227 τινας
663 3161 826 3227 ἑλεῖν,
873 3158 1070 3223 παῖδάς
1113 3176 1178 3230 γε
1224 3158 1332 3213 τῶν
1375 3157 1772 3229 θρυπτομένων
1813 3159 1903 3211 ἐπ’

1995 669 2119 727 dam
2145 669 2399 724 devoluta
2433 675 2576 726 esset
2603 670 2668 723 ad
2698 677 2948 738 posteros
2971 669 3136 736 frugi,
3176 670 3318 738 frugi
3357 647 3602 740 pareo?

1996 773 2109 816 tum
2140 761 2506 817 aemulatores.
2540 759 2748 817 Norant
2775 762 2944 826 enim,
2985 761 3030 816 si
3069 763 3184 816 haec
3212 777 3319 816 non
3350 762 3570 818 adesset

1997 870 2065 910 ne
2098 854 2316 925 quidem
2343 854 2655 909 universam
2685 853 2898 907 virtutis
2920 854 3025 905 vim
3075 851 3280 908 homini
3309 854 3570 920 prodesse

1994 963 2198 1019 posse:
2239 949 2307 1004 de
2345 963 2453 1016 qua
2482 946 2858 1001 moderatione
2889 946 3196 1002 studiosius
3237 946 3442 1016 aliquid
3477 962 3571 1014 per

1997 1040 2193 1105 otium,
2229 1039 2417 1094 divino
2447 1037 2675 1108 iuvante
2703 1037 2953 1104 numine,
2982 1052 3086 1092 suo
3116 1047 3362 1107 tempore
3393 1039 3574 1107 profe-

1996 1146 2205 1185 remus.
2243 1129 2404 1184 Nunc
2435 1131 2524 1195 iis,
2560 1145 2682 1200 quae
2717 1130 2994 1198 proposita
3033 1128 3192 1184 nobis
3229 1139 3380 1192 sunt.
3435 1130 3570 1182 insi-

1994 1233 2229 1278 stemus.
2262 1221 2419 1279 Licet
2465 1235 2618 1289 ergo.
2663 1237 2786 1290 quae
2835 1222 3056 1277 virtutis
3109 1221 3425 1288 praetentis
3479 1222 3573 1284 sit,

1993 1331 2189 1372 omnes
2215 1313 2772 1386 ignorarentBarbari
2801 1329 2818 1380 ;
2870 1329 3051 1384 regem
3080 1315 3259 1384 ipsum
3293 1313 3345 1369 id
3377 1315 3574 1370 saltem

1994 1410 2253 1480 ignorare
2281 1423 2392 1463 non
2440 1409 2710 1477 oportuit,
2751 1422 2928 1477 neque
2977 1416 3174 1478 putare
3205 1407 3474 1472 futurum,
3515 1416 3576 1460 ut

1994 1503 2284 1559 hominum
2318 1500 2493 1572 copiis
2542 1515 2640 1555 eos
2677 1501 2734 1554 in
2775 1507 3101 1569 potestatem
3139 1500 3428 1568 redigeret,
3477 1499 3573 1570 qui

1995 1595 2138 1650 bello
2191 1593 2390 1650 cadere
2446 1592 2703 1656 mallent,
2752 1607 2916 1658 quam
2975 1599 3138 1661 turpe
3187 1591 3319 1661 quid
3371 1592 3577 1648 admit-

1995 1701 2130 1746 tere.
2187 1687 2407 1758 Quippe
2462 1698 2683 1757 tempus
2716 1687 2894 1752 ipsum
2933 1684 3258 1750 declaravit.
3312 1685 3403 1740 his
3440 1685 3576 1740 viris

1991 1783 2153 1852 longe
2177 1779 2350 1836 fuisse
2375 1779 2624 1846 cbarlus,
2655 1779 2704 1834 si
2744 1776 2960 1844 armati,
2990 1784 3092 1847 pro
3121 1777 3287 1832 rebus
3330 1777 3448 1832 suis
3497 1775 3582 1832 di-

1994 1873 2286 1937 micantes,
2333 1871 2772 1934 occumberent,
2825 1882 2992 1938 quam
3027 1867 3172 1932 aliis,
3223 1866 3492 1937 voluptati
3525 1875 3582 1920 et

1993 1963 2226 2033 ignavia:
2254 1960 2482 2025 deditis,
2531 1961 2672 2030 grati
2719 1960 2975 2016 ludorum
3014 1957 3141 2016 festi
3171 1957 3292 2014 dies
3322 1973 3446 2013 esse
3481 1971 3578 2012 so-

1993 2054 2159 2113 leant.
2181 2052 2395 2114 Xerses
2423 2065 2554 2110 vero
2567 2065 2954 2123 prosperorum
2973 2065 3328 2108 successuum
3355 2049 3581 2118 crapula

1994 2147 2156 2217 quasi
2183 2144 2424 2216 quadam
2459 2145 2751 2216 impulsus,
2802 2152 2859 2199 et
2887 2142 3078 2198 furore
3108 2142 3358 2212 profecto
3389 2143 3458 2197 de
3483 2157 3580 2211 spe

1997 2238 2363 2310 gerendarum
2399 2236 2639 2294 feliciter
2665 2250 2873 2300 rerum,
2899 2235 3070 2290 veluti
3101 2249 3254 2290 mare
3273 2235 3431 2305 prius
3453 2249 3581 2289 ver-

1997 2330 2178 2388 berari
2211 2329 2480 2401 iusserat,
2542 2327 2691 2396 quod
2745 2327 2925 2382 ventis
2986 2334 3190 2396 praeter
3241 2326 3577 2382 voluntatem

1998 2439 2156 2480 suam
2182 2417 2436 2488 sederet;
2470 2423 2546 2476 ita
2574 2420 2805 2492 putabat
2832 2418 2923 2475 hic
2943 2432 3166 2490 quoque
3195 2410 3255 2488 (ὀ
3305 2418 3582 2487 ἰηιοιηροο

1998 2525 2212 2574 rantetn
2252 2514 2563 2588 audaciam)
2598 2514 2820 2586 paulum
2857 2512 2992 2568 fumi
3022 2511 3092 2567 de
3136 2513 3260 2584 igne
3313 2511 3410 2583 qui
3460 2510 3582 2581 ejus

2001 2612 2059 2664 in
2093 2609 2280 2664 animo
2305 2607 2582 2678 ﬂagraret,
2633 2605 2704 2661 de
2758 2605 3044 2660 iracundia
3089 2604 3322 2660 rationis
3353 2611 3582 2673 experte

2001 2703 2146 2770 dico,
2173 2699 2379 2757 Graecis
2397 2700 2646 2755 funditus
2670 2696 3028 2753 absumendis
3059 2695 3441 2751 suﬂecturum.
3471 2693 3580 2749 Sed

2004 2795 2175 2850 nimia
2208 2795 2291 2849 vis
2319 2793 2546 2850 absurdi
2599 2793 2766 2848 studii
2801 2792 2934 2846 nihil
2965 2791 3016 2846 ei
3068 2790 3276 2860 peperit
3331 2791 3580 2854 honoris,

2005 2901 2072 2943 ac
2102 2887 2380 2943 diversum
2410 2886 2596 2956 potius
2660 2886 2868 2940 exitum
2919 2883 3036 2952 spei
3073 2882 3241 2938 dedit.
3303 2879 3437 2936 Nam
3487 2881 3585 2951 qui

2007 2980 2248 3035 rumoris
2279 2979 2486 3034 tonitru
2514 2977 2880 3048 complurium
2904 2974 3585 3046 perturbaveratanimos,

2006 3086 2184 3141 eoque
2215 3071 2521 3143 redegerat,
2563 3079 2623 3126 ut
2653 3069 2923 3140 imperata
2980 3068 3152 3137 ipsius
3188 3067 3583 3136 anticipanles,

2010 3163 2078 3219 ad
2101 3163 2268 3234 pedes
2299 3162 2421 3232 ejus
2449 3176 2572 3218 sese
2600 3169 3051 3232 prosternerent;
3083 3159 3216 3214 dum
3245 3159 3454 3229 absque
3500 3158 3588 3214 la-

326 3255 561 3324 ἀγορᾶς,
605 3252 702 3306 καὶ
750 3249 1130 3321 προσεχόντων
1173 3239 1482 3320 ἀθύρμασι,
1528 3250 1624 3304 καὶ
1671 3249 1900 3321 μηδενὸς

2010 3258 2140 3313 bore
2165 3271 2225 3313 se
2253 3253 2520 3312 Graeciam
2556 3267 2780 3326 quoque
2820 3252 3014 3309 ditioni
3069 3251 3410 3321 adiecturum
3448 3252 3587 3306 ima-

328 3347 463 3416 γοῦν
496 3347 865 3414 γεγευμένους
906 3343 1282 3413 προσήκοντος
1319 3342 1580 3414 ἀνδράσιν
1613 3343 1904 3414 ἐπιτηδεύ-

335 3457 535 3512 ματος,
570 3438 684 3493 ἀλλ’
705 3437 765 3490 έν
794 3453 859 3504 γε
885 3435 1045 3490 τοῦτο
1075 3433 1500 3506 μεμαθηκότας,
1532 3434 1814 3506 ὀρχεῖσθαί
1844 3451 1903 3488 τε

329 3533 430 3588 καὶ
456 3527 804 3596 ἀκκίζεσθαι,
835 3525 1195 3598 γυναικώδεις
1221 3525 1320 3581 καὶ
1346 3527 1446 3597 τὴν
1475 3526 1658 3596 φύσιν,
1691 3527 1786 3582 καὶ
1809 3527 1908 3598 τὴν

329 3627 593 3696 γνώμην,
623 3625 719 3678 καὶ
746 3623 848 3692 τὴν
879 3620 1127 3676 παιδείαν
1159 3620 1510 3692 ὑπάρχοντας
1533 3638 1548 3653 ’
1579 3623 1608 3675 ό
1638 3621 1905 3690 σοϐαρὸς,

329 3717 431 3772 καί
464 3716 824 3787 ὑπερνεφῶν,
855 3714 951 3767 καὶ
987 3714 1444 3782 γεγαυρωμένος,
1477 3715 1506 3766 ό
1538 3711 1780 3766 τοσαῦτα
1813 3713 1913 3783 έμ-

333 3810 584 3864 6ατεύων
626 3811 707 3872 είς
745 3807 817 3860 τά
854 3805 1128 3874 Ἑλλήνων
1166 3805 1494 3876 πράγματα,
1536 3806 1636 3858 ὅσα
1679 3808 1773 3858 καὶ
1811 3808 1912 3875 τὴν

336 3901 503 3955 τῶνδε
555 3903 662 3968 γῆν
712 3901 824 3963 τοῖς
875 3898 1186 3968 σατράπαις
1235 3897 1512 3967 διανέμειν
1563 3900 1644 3961 εἰς
1697 3897 1910 3968 ἀρχὴν,

339 3992 529 4064 ῶσπερ
559 3992 624 4046 ἂν
651 3993 699 4044 εί
723 3990 930 4062 ταύτην
957 3989 1126 4042 πάλαι
1157 3988 1484 4059 προείληφεν
1504 4003 1518 4018 ο
1546 3989 1742 4043 ὁπόσον
1769 3988 1917 4042 οίιιοο

342 4086 432 4140 θεν
463 4084 673 4153 σπουδῇ
702 4083 797 4138 ἐπὶ
823 4081 925 4152 τὴν
957 4080 1187 4136 Ἐλλάδα
1214 4082 1322 4152 γῆν
1351 4081 1602 4153 ἔτρεχεν,
1635 4081 1916 4151 ὀνειροπο-

341 4179 511 4250 λήσας
538 4178 636 4240 τὰς
665 4178 782 4230 ἐκεῖ
809 4176 991 4239 νίκας,
1019 4174 1114 4228 καὶ
1141 4173 1209 4227 τὰ
1238 4175 1346 4227 ἀπὸ
1377 4174 1484 4226 τῶν
1514 4173 1727 4243 ἐχθρῶν
1758 4174 1916 4243 έγερ-

345 4269 621 4339 θησόμενα
661 4265 838 4336 τούτῳ
878 4266 1152 4336 τρόπαια,
1198 4263 1452 4318 τοσοῦτον
1495 4263 1611 4317 ἄνω
1655 4264 1918 4332 ποταμῶν

345 4360 727 4432 παλινδρομῶν
751 4360 1116 4426 ἁνεδείκνυτο,
1143 4358 1264 4412 οὐδὲ
1291 4358 1426 4426 γοῦν
1450 4357 1620 4426 αὐτὴν
1644 4357 1743 4429 τὴν
1769 4357 1920 4426 πρώ-

346 4475 445 4528 την
477 4445 588 4519 οἶός
614 4472 675 4508 τε
708 4452 1000 4523 γενόμενος
1033 4451 1355 4518 ὑπενεγκεῖν
1386 4448 1718 4520 προσϐολήν.
1757 4448 1918 4501 ’0πό-

2009 3351 2253 3423 ginatnr,
2289 3358 2575 3422 totamque
2609 3348 2926 3406 Graecorum
2960 3347 3234 3404 nationem
3274 3355 3587 3416 capturum,

2007 3458 2108 3499 ceu
2143 3458 2354 3516 pueros
2380 3443 2674 3515 quosdam,
2703 3445 2796 3513 qui
2825 3441 3048 3497 delicias
3077 3441 3131 3494 in
3167 3440 3284 3494 foro
3314 3439 3582 3501 facerent,

2007 3547 2062 3593 et
2094 3537 2320 3594 ludicris
2345 3537 2540 3593 intenti
2568 3545 2756 3592 essent
2779 3574 2796 3600 ,
2829 3548 2934 3594 nec
2963 3534 3136 3589 ullum
3189 3532 3410 3604 aliquod
3446 3547 3590 3602 opus

2011 3629 2165 3686 virile
2197 3630 2608 3699 degustassent,
2631 3627 2730 3684 sed
2784 3625 3171 3682 tantummodo
3223 3625 3423 3681 saltare
3449 3625 3594 3680 didi-

2006 3723 2235 3788 cissent,
2263 3738 2329 3778 ac
2358 3722 2610 3778 lascivire
2629 3761 2645 3787 ,
2681 3735 2784 3776 nec
2820 3735 2927 3775 non
2952 3717 3246 3774 muliebres
3275 3730 3331 3773 et
3357 3718 3594 3789 ingeniis

2011 3823 2217 3880 essent,
2265 3825 2320 3868 et
2371 3815 2585 3880 animis,
2626 3821 2682 3870 et
2737 3813 3064 3869 educatione
3112 3811 3334 3877 :ferox,
3371 3811 3593 3882 inquam

1935 3948 1955 3959 -
2012 3907 2123 3973 ille,
2153 3921 2429 3977 supraque
2470 3908 2647 3962 nubes
2671 3906 2875 3969 elatus,
2917 3913 3086 3976 atque
3121 3905 3466 3974 superbiens,
3494 3905 3593 3974 qui

2015 4010 2167 4056 tanto
2217 4016 2342 4056 cum
2377 3998 2520 4056 fastu
2581 3998 2896 4055 Graecorum
2935 4000 2988 4053 in
3044 4000 3184 4054 bona
3221 3999 3409 4068 pedem
3452 3998 3596 4052 infe-

2017 4098 2172 4150 rehat
2217 4106 2278 4150 ut
2309 4109 2498 4149 eorum
2530 4103 2730 4149 terram
2766 4107 2990 4166 quoque
3040 4093 3277 4162 satrapis
3325 4093 3442 4148 suis
3468 4107 3594 4147 cum

2017 4197 2284 4260 potestate
2313 4187 2608 4242 tenendam
2639 4186 3020 4253 distribueret,
3050 4200 3114 4240 ac
3136 4185 3182 4241 si
3211 4183 3418 4255 pridem
3447 4183 3598 4238 illam

2021 4290 2386 4358 occupasset;
2443 4280 2531 4336 hic
2592 4294 2746 4351 ergo,
2807 4287 3014 4350 quanta
3064 4294 3191 4334 cum
3246 4277 3601 4334 festinatione
3641 4339 3658 4354 .

2021 4374 2188 4428 domo
2217 4372 2516 4442 profectus,
2565 4369 2832 4427 Graeciam
2875 4387 3045 4428 cursu
3104 4371 3340 4440 petebat,
3377 4371 3469 4426 ubi
3518 4369 3604 4423 vi-

2023 4466 2228 4520 ctorias
2262 4464 2379 4534 ipse
2412 4464 2516 4518 sibi
2554 4462 2948 4529 somniaverat,
2969 4464 3369 4532 statuendaqne
3399 4460 3470 4517 de
3498 4461 3606 4515 ho-

350 4566 439 4603 σον
471 4550 582 4617 γὰρ
620 4547 686 4617 δὴ
719 4545 819 4615 τὴν
853 4545 1120 4614 ταχίστην
1157 4541 1244 4595 ἐπ’
1272 4541 1516 4604 ἐκείνους
1557 4541 1794 4612 manus,
1830 4555 1907 4593 το-

2024 4559 2199 4615 stibns
2251 4568 2473 4628 tropica,
2533 4565 2682 4612 tanta
2734 4557 2982 4612 vicissim
3033 4571 3160 4613 cum
3219 4554 3607 4625 properatione

351 4643 498 4696 σόνδε
526 4642 754 4702 τούτους
784 4635 1025 4706 αἰσχρῶς
1053 4634 1308 4703 διέφευγε
1327 4676 1342 4700 ,
1375 4633 1536 4703 σῶμα
1567 4633 1664 4689 καὶ
1692 4634 1920 4703 γνώμην

351 4734 442 4786 καὶ
465 4731 648 4802 ψυχὴν
673 4727 810 4798 πρὸς
832 4725 1145 4780 τούναντίον
1171 4725 1317 4780 ἅπαν
1343 4725 1598 4795 τραπεὶς,
1631 4727 1727 4779 καὶ
1753 4726 1923 4779 πᾶσιν

348 4822 414 4897 ἦν
441 4826 720 4895 ἀφόρητος
749 4819 1079 4895 τῇ-έσπουδῇ.
1119 4817 1470 4886 Ἐπεθύμησε
1500 4817 1606 4887 γῆς
1636 4817 1921 4887 Περσίδος,

345 4916 671 4985 ἐπεθύμησε
704 4911 802 4965 τοῦ
835 4908 1040 4978 ταύτης
1083 4906 1294 4961 καπνοῦ
1316 4947 1332 4970 ,
1369 4908 1513 4960 κατά
1547 4907 1638 4960 τὸν
1680 4907 1922 4976 Ὀμήρου

348 5009 708 5078 πλανώμενον
747 5002 1029 5057 Ὀδυσσέα.
1059 5002 1158 5054 Ἂν
1251 5017 1303 5052 τι
1335 5003 1516 5071 χεῖρον
1544 5001 1640 5054 καί
1672 5000 1884 5053 καπνοῦ
1908 5038 1922 5063 ,

353 5103 508 5171 φίλον
541 5097 693 5167 αύτῷ
723 5093 998 5159 δέξασθαι,
1032 5093 1081 5145 si
1117 5089 1277 5162 μόνον
1307 5091 1392 5163 εἴη
1425 5091 1535 5145 τῶν
1565 5090 1800 5146 οἴκοθεν.
1841 5091 1928 5156 Ὠς

353 5194 530 5262 ἔγωγε
557 5186 712 5260 οἶμαι
735 5189 828 5240 τὸν
853 5184 1026 5255 ἀνδρα
1053 5182 1242 5237 τοῦτον
1267 5179 1373 5238 ὦδε
1403 5183 1758 5252 μεταϐαλεῖν,
1786 5183 1929 5237 ὥστε

354 5284 568 5356 χαίρειν
611 5280 854 5336 ἐάσαντα
924 5275 1224 5345 στεφάνους
1261 5291 1323 5330 τε
1367 5275 1464 5330 καὶ
1504 5275 1793 5347 θρίαμϐον,
1836 5279 1931 5331 καὶ

355 5376 454 5446 τὴν
483 5379 546 5428 ὲκ
575 5373 672 5442 τῆς
701 5370 860 5442 νίκης
889 5369 1072 5423 πᾶσαν
1099 5367 1483 5438 λαμπρότητα,
1519 5369 1686 5438 μηδὲν
1717 5371 1934 5440 θαυμά-

361 5467 476 5533 ζειν
509 5467 702 5536 ἕτερον
741 5463 880 5534 πλὴν
918 5459 1123 5530 φυγῆς,
1162 5460 1516 5532 ἀνδραπόδοις
1556 5463 1659 5516 οὐκ
1698 5464 1767 5517 ἀν
1804 5481 1934 5535 πρε-

362 5560 587 5630 πούσης.
629 5555 791 5610 Ὅθεν
829 5553 939 5608 οὐδ’
969 5553 1231 5616 ἀπεικὸς,
1273 5552 1328 5604 εἴ
1363 5570 1446 5616 τις
1487 5555 1687 5607 ἔδωκεν
1724 5557 1936 5609 ἐκεῖνον

369 5653 494 5716 ίδεῖν
521 5651 620 5714 τὰς
655 5653 712 5702 ὲν
738 5650 805 5719 τῇ
838 5645 1245 5716 γυναικωνίτιδι
1281 5647 1766 5719 κόρας,-στέργειν
1793 5651 1938 5704 κατὰ

365 5746 569 5816 κόρρης
606 5739 984 5811 τυφθήσεσθαι
1028 5738 1162 5808 παρ’
1185 5737 1366 5792 αὐτῶν
1399 5739 1566 5793 ἕνεκα
1600 5741 1701 5811 τῆς
1743 5759 1937 5811 γυναι-

313 5910 336 5927 .
368 5836 570 5898 κώδους
601 5831 769 5888 αὐτοῦ
799 5832 999 5902 φυγῆς.
1025 5830 1116 5902 Τῷ
1145 5832 1254 5903 γὰρ
1284 5832 1485 5886 αὐτίκα
1509 5837 1812 5904 τετράφθαι
1839 5838 1939 5909 τὴν

368 5923 545 5998 ψυχὴν
562 5968 578 5995 ,
605 5925 703 5981 καὶ
729 5927 856 5988 τοὺς
884 5924 1210 5994 λογισμοὺς,
1239 5925 1334 5976 καὶ
1360 5926 1612 5983 τοσοῦτον
1639 5930 1932 6009 ὀρρωδεῖν,

727 6019 1003 6080 ΡΑτιιυι..
1035 6019 1151 6079 Gn.
1195 6015 1375 6076 CLVI

2028 4653 2314 4720 repetebat
2373 4649 2634 4704 adversos
2670 4661 2884 4714 amnes,
2917 4660 3044 4700 cum
3075 4659 3143 4700 ne
3191 4645 3434 4714 primum
3481 4643 3607 4714 qui~

2027 4741 2153 4798 dem
2181 4739 2495 4796 conflictum
2531 4737 2806 4794 sustinere
2857 4735 3148 4807 potuisset.
3184 4733 3321 4790 Nam
3367 4743 3606 4805 quanto-

2029 4848 2158 4903 pere
2186 4847 2377 4888 versns
2407 4832 2507 4886 hos
2537 4830 2742 4901 impetu
2776 4828 3138 4884 celeberrimo
3161 4827 3447 4896 pergebat,
3482 4837 3607 4883 tan-

2031 4933 2220 4994 topere
2243 4925 2487 4980 vicissim
2521 4923 2590 4980 ab
2621 4923 2730 4978 illis
2757 4922 2902 4993 turpi
2930 4921 3250 4977 discedebat
3296 4921 3423 4992 fuga
3449 4938 3465 4986 ;
3498 4921 3610 4989 jam

2030 5016 2169 5072 alius
2194 5016 2358 5086 plane
2387 5024 2496 5070 tam
2528 5029 2785 5086 corpore,
2831 5029 2996 5084 quam
3044 5013 3259 5082 judicio
3317 5015 3612 5082 animoque

2032 5107 2233 5163 factus.
2256 5104 2529 5162 Omnibus
2556 5107 2627 5161 ob
2649 5106 3059 5163 festinationem
3083 5105 3445 5161 intolerabilis
3466 5114 3610 5162 erat.

2037 5197 2389 5255 Desiderabat
2420 5207 2621 5253 terram
2679 5197 2975 5265 Persidem,
3013 5198 3217 5252 fumum
3252 5197 3374 5266 ejus
3427 5214 3617 5253 exem-

2033 5291 2126 5362 plo
2157 5290 2463 5362 vagabundi
2491 5288 2712 5360 Ulyssis
2739 5290 2902 5344 illius
2941 5289 3218 5346 Homerici
3245 5289 3628 5346 desiderabat)

2034 5383 2210 5439 Etiam
2240 5383 2287 5438 si
2332 5383 2466 5453 quid
2494 5380 2648 5437 fumo
2679 5383 2943 5448 deterius,
2992 5383 3280 5438 admittere
3329 5383 3618 5454 gestiebat.

2038 5474 2203 5528 modo
2253 5473 2405 5528 domi
2433 5481 2768 5529 versaretur.
2805 5473 2924 5539 Quo
2956 5473 3035 5542 fit,
3066 5485 3125 5530 ut
3170 5475 3424 5544 equidem
3473 5477 3618 5528 arhi-

2039 5572 2176 5628 trer,
2219 5566 2368 5619 hunc
2419 5564 2600 5618 virum
2641 5565 2780 5620 adeo
2822 5564 2999 5620 fuisse
3035 5575 3305 5619 mutatum
3367 5574 3428 5619 ut
3467 5580 3623 5618 coro-

2039 5659 2130 5712 nis
2160 5666 2214 5712 et
2265 5657 2564 5726 triumpho,
2601 5665 2767 5726 atque
2804 5657 2957 5712 omni
3007 5659 3253 5712 victoriae
3303 5656 3620 5725 splendore,

2041 5751 2225 5807 Valere
2254 5751 2443 5820 jnstis,
2477 5750 2629 5804 aliud
2688 5751 2824 5804 nihil
2853 5767 3018 5820 quam
3068 5750 3269 5820 “ngam,
3302 5765 3370 5804 ne
3397 5749 3621 5817 quidem

2045 5844 2322 5916 mancipia
2374 5843 2684 5912 decentem,
2749 5844 3136 5899 admiraretur.
3194 5843 3309 5897 Nec
3374 5843 3627 5895 absimile

1993 6012 1995 6015 ι
2041 5950 2200 6021 vero,
2224 5935 2272 6019 si
2296 5934 2421 6006 quis
2441 5949 2568 5991 eum
2598 5934 2792 6006 puellis
2813 5936 3047 6006 gynmcei
3073 5934 3428 6000 spectandum
3469 5929 3626 6004 eahi-
3731 5948 3736 5952 α

3184 6027 3257 6089 i3
