3958 6424
341 460 453 522 ἷξθό

1517 453 1678 512 MAN
1690 453 1923 513 UELIS
1963 454 2415 516 PALEOLOGI

3475 459 3590 527 ’395

343 577 577 639 buisset,
606 571 745 642 aequi
777 569 1017 638 bonique
1082 566 1354 621 facturum
1387 564 1581 630 fuisse,
1639 566 1686 621 si
1733 567 1816 620 vel
1848 566 1916 618 ab

2028 571 2143 624 ὅσον
2174 570 2392 638 ἐνόμιζε
2430 568 2646 637 φοϐεῖν,
2683 569 2869 638 ἡγεῖτό
2908 572 2954 623 οί
2994 571 3067 640 μὴ
3103 573 3212 626 δεῖν
3249 572 3426 626 ποδῶν
3462 592 3602 644 προς

343 671 424 720 cis
484 663 624 735 fugae
687 663 975 716 muliebris
1033 675 1202 715 causa
1281 658 1546 728 colaphos
1622 657 1922 726 acciperet.

341 762 477 815 Nam
515 760 644 828 quia
702 755 887 811 subito
941 763 1183 808 mutatus
1213 761 1335 807 erat
1383 753 1624 814 animus,
1659 765 1765 804 una
1797 765 1921 803 cum

341 849 791 922 cogitationibus,
851 847 1074 915 jamque
1135 853 1347 898 tantum
1403 843 1705 906 metuebat,
1747 857 1924 910 quau-

345 954 457 994 tum
529 947 686 994 antea
738 951 797 992 se
843 935 1362 990 terroris-incutere
1413 934 1682 1002 putabat:
1719 945 1825 986 non
1855 931 1923 985 ad

343 1032 658 1102 fugiendum
692 1031 913 1084 domum
948 1043 1108 1098 egere
1158 1043 1216 1082 se
1244 1027 1474 1097 pedibus
1511 1023 1920 1088 arbitrabatur,

343 1139 440 1177 nec
472 1124 654 1190 equis,
683 1123 732 1174 vi
755 1135 960 1174 cursus
984 1121 1130 1188 ipsos
1158 1133 1348 1174 cervos
1373 1117 1762 1186 superantibus
1783 1155 1800 1182 ,
1830 1113 1924 1168 sed

345 1218 447 1270 alis
483 1213 826 1283 simpliciter,
864 1222 916 1266 et
948 1227 1134 1265 earum
1159 1211 1379 1275 quidem
1411 1211 1618 1271 avium,
1649 1207 1925 1277 quaelevi-

344 1318 452 1361 tate
475 1314 702 1359 ceteras
729 1304 1020 1358 excedunt.
1049 1301 1194 1357 Satis
1220 1301 1426 1355 homini
1453 1309 1700 1364 strenuo,
1720 1297 1926 1352 Helles-

332 1412 570 1468 .pnnlttm
606 1397 686 1450 vel
722 1405 835 1450 rate
869 1394 1215 1462 transiicere,
1253 1392 1399 1462 quod
1435 1401 1624 1447 natare
1648 1407 1758 1446 non
1803 1405 1928 1460 pos-

339 1501 444 1546 set.
477 1489 659 1560 Usque
685 1488 818 1543 adeo
848 1487 915 1540 de
946 1487 1056 1540 alio
1081 1486 1133 1539 in
1161 1485 1334 1549 aliud,
1369 1491 1424 1538 et
1474 1485 1529 1537 in
1577 1483 1921 1538 contrarium

338 1585 520 1652 potius
554 1590 795 1636 mutatus
827 1587 945 1632 erat
981 1596 994 1632 :
1025 1593 1148 1632 nam
1188 1576 1282 1647 qui
1339 1575 1508 1630 densa
1543 1574 1762 1630 navium
1797 1587 1927 1628 coa-

339 1693 426 1736 cta
459 1681 636 1750 copia,
673 1688 726 1735 et
753 1686 1007 1733 accurata
1051 1676 1366 1731 earumdem
1400 1675 1782 1741 commissura,
1822 1688 1922 1729 ceu

339 1783 506 1842 ponte
532 1772 768 1840 quodam
807 1769 912 1824 tale
963 1778 1287 1838 tantumque
1332 1781 1488 1822 mare
1519 1775 1922 1830 constraverat,

339 1865 484 1935 quod
515 1879 579 1918 ex
601 1863 732 1919 Asia
764 1865 815 1916 in
866 1863 1137 1932 Europam
1174 1861 1365 1916 eadem
1401 1861 1478 1914 uti
1530 1859 1924 1925 trausjectione

335 1970 464 2008 cum
499 1954 710 2008 caeteris
735 1961 861 2006 ante
891 1967 950 2007 se
997 1960 1315 2015 recusaret;
1351 1949 1560 2020 majore
1589 1963 1713 2006 cum
1747 1949 1917 2003 animi

337 2047 664 2116 dejectione,
715 2054 877 2114 atque
921 2043 1187 2098 humilius
1240 2042 1574 2114 transfugit,
1625 2058 1793 2113 quam
1836 2042 1920 2098 vel

338 2141 450 2206 ipsa
486 2138 780 2206 mancipia,
829 2136 914 2190 vel
951 2135 1175 2191 calones
1221 2135 1458 2199 faciant,
1506 2150 1788 2205 nunquam
1837 2150 1920 2189 reo

336 2231 638 2300 spiciendo,
659 2242 883 2285 cursum
908 2228 1239 2284 illumsuum
1264 2243 1487 2297 semper
1512 2243 1736 2298 urgens.
1755 2227 1922 2298 Opta-

338 2323 450 2387 bat,
485 2321 742 2386 arbitror,
767 2333 1115 2388 nequaquam
1141 2306 1376 2387 amplius
1403 2319 1783 2388 insequentum
1811 2333 1923 2372 ma-

324 2430 440 2468 nus
467 2413 717 2476 evadere,
740 2411 917 2480 deque
933 2409 1148 2466 caeteris
1168 2409 1424 2464 omnibus
1445 2409 1636 2464 leviter
1651 2409 1921 2464 sollicitus

337 2517 476 2562 erat.
495 2504 608 2558 Hoc
628 2505 804 2574 ipsum
828 2503 1273 2572 persequebatur,
1285 2512 1348 2555 ut
1374 2501 1675 2572 aufugeret,
1694 2509 1916 2570 utterga

336 2603 515 2660 daret,
541 2609 597 2652 ut
614 2611 810 2653 versus
831 2596 1092 2650 orientem
1107 2595 1279 2648 solem
1311 2593 1506 2648 itinere
1519 2602 1803 2655 contento,
1822 2607 1921 2645 ure

336 2690 657 2745 intermisso
685 2697 965 2758 pergeret;
997 2695 1056 2740 ut
1079 2701 1183 2740 non
1215 2686 1502 2750 dormiret,
1529 2701 1638 2738 uen
1669 2684 1920 2754 quiesce-

335 2795 442 2848 ret,
476 2799 744 2852 nusquam
781 2780 1129 2835 subsisteret.
1159 2776 1294 2832 Nam
1323 2779 1542 2832 charam
1569 2777 1716 2830 illam
1767 2777 1920 2845 prius

337 2879 612 2943 Europam
650 2874 742 2943 qui
773 2881 930 2941 ptuas
985 2871 1037 2924 id
1071 2869 1333 2938 temporis
1359 2868 1589 2923 oderat?
1618 2868 1764 2922 Inter
1795 2882 1919 2921 cur-

335 2968 566 3022 rendum
602 2973 781 3019 mente
821 2963 966 3018 domi
999 2970 1147 3017 totus
1194 2969 1331 3026 erat,
1364 2961 1584 3016 domum
1618 2959 1917 3023 clamabat,

335 3062 558 3116 domum
591 3073 758 3112 cursu
813 3055 1088 3119 tendebat,
1130 3068 1326 3109 manus
1363 3053 1754 3107 inanteriores
1786 3050 1919 3105 diri-

337 3169 490 3228 gens,
540 3152 730 3220 eisque
779 3149 887 3202 vim
936 3161 1189 3217 magnam
1233 3145 1522 3207 adhibens,
1570 3150 1778 3196 tantum
1813 3155 1916 3196 non

2026 664 2127 732 τὴν
2157 663 2342 716 οἴκαδε
2376 661 2575 730 φυγὴν,
2612 661 2735 729 μηδ’
2759 663 2944 716 ἵππων
2975 665 3340 734 αἰσχυνόντων
3371 665 3604 734 ἐλάφους

2026 755 2195 824 ἀρετῇ
2240 755 2469 825 δρόμου,
2512 755 2649 810 ἀλλά
2695 755 2914 824 πτερῶν
2955 756 3218 826 ἀτεχνῶς,
3262 758 3356 810 καὶ¹
3397 758 3604 811 τούτων

2027 847 2228 917 ὀρνέων
2257 846 2500 912 ἐκείνων,
2529 846 2637 898 τῶν
2664 847 2752 898 ἐπὶ
2782 846 3080 916 κουφότητι
3107 847 3214 899 τῶν
3234 847 3416 900 ἄλλων
3447 848 3600 902 πλεο-

2027 937 2380 991 νεκτούντων.
2419 939 2638 1006 Ἦγάπα
2675 939 2740 992 ἂν
2771 940 2799 992 ό
2833 941 3096 1006 γεννάδας
3133 942 3318 1010 σχεδίᾳ
3354 942 3602 1010 διαϐῆναι

2026 1030 2119 1082 τὸν
2153 1029 2568 1096 Ἑλλήσποντον,
2603 1031 2679 1092 ώς
2713 1031 2814 1083 οὐκ
2847 1031 2968 1084 ἐνὸν
2998 1031 3148 1100 αὐτῷ
3183 1031 3464 1101 νήχεσθαι.
3501 1033 3606 1086 Οὓ-

2027 1137 2132 1183 τως
2161 1121 2253 1188 ἀφ’
2283 1122 2473 1190 ἐτέρου
2507 1122 2639 1191 πρὸς
2665 1121 2875 1192 ἓτερον,
2908 1122 3109 1192 μᾶλλον
3132 1124 3189 1176 δὲ
3217 1124 3354 1190 πρὸς
3377 1126 3602 1176 τούναν-

2025 1215 2140 1268 τίον
2185 1215 2498 1282 μετέϐαλεν.
2535 1215 2593 1268 '0
2635 1216 2742 1284 γάρ
2784 1214 2922 1268 νεῶν
2967 1216 3168 1285 συνόδῳ
3213 1217 3353 1270 πάνυ
3399 1220 3601 1287 πυκνῇ,

2029 1307 2120 1360 καὶ
2163 1308 2382 1378 ἀκριϐεῖ
2421 1324 2484 1375 γε
2531 1307 2738 1360 τούτων
2783 1311 3147 1378 προσαρμογῇ
3191 1309 3292 1377 τὴν
3335 1309 3605 1376 τοσαύτην

2028 1400 2122 1452 καὶ
2143 1400 2400 1466 τοιαύτην
2424 1400 2693 1454 θάλατταν
2717 1399 3047 1468 γεφυρώσας
3067 1440 3082 1465 ,
3109 1401 3210 1453 ούκ
3235 1400 3402 1464 ἀξιῶν
3425 1401 3523 1469 τὴν
3549 1401 3608 1464 ἐξ

2040 1492 2221 1555 Ἀσίας
2252 1494 2388 1562 πρδς
2415 1492 2515 1562 τὴν
2543 1491 2822 1562 Εὐρώπην
2847 1492 3098 1546 διάὄασιν
3128 1492 3225 1562 τὴν
3256 1492 3426 1563 αὐτὴν
3459 1491 3605 1559 αὐτῷ

2032 1585 2279 1652 γενέσθαι
2313 1585 2427 1647 τοῖς
2470 1584 2576 1654 πρὸ
2616 1583 2782 1637 αὐτοῦ
2831 1585 3377 1656 μικροπρεπέστερόν
3410 1601 3469 1637 τε
3512 1587 3608 1639 καὶ

2026 1676 2411 1746 ταπεινότερον
2435 1676 2544 1729 τῶν
2571 1677 2978 1746 ἀργυρωνήτων
3005 1676 3100 1728 καὶ
3129 1676 3476 1744 σκευοφόρων
3499 1676 3607 1728 διε-

2027 1771 2337 1840 δίδρασκεν,
2363 1769 2777 1837 ἀμεταστρεπτὶ
2799 1768 2891 1821 τὸν
2916 1769 3116 1839 δρόμον
3142 1769 3228 1821 ἀεὶ
3257 1769 3602 1837 ποιούμενος.

2031 1862 2228 1933 Ηΰχετ⁸
2259 1861 2345 1928 ἂν,
2379 1855 2556 1932 οἶμαι,
2582 1861 2915 1928 διολισθῆσαι
2949 1860 3058 1912 τῶν
3091 1861 3274 1913 ούκὲτι
3297 1861 3604 1914 διωκόντων

2024 1955 2188 2008 eam
2236 1957 2336 2016 τὰς
2383 1955 2609 2023 χεῖρας,
2663 1953 2761 2006 καὶ
2812 1952 2943 2021 περὶ
2987 1951 3100 2004 τῶν
3148 1951 3326 2006 ἀλλων
3379 1953 3598 2004 πάντων

2023 2045 2200 2114 κούφη
2229 2063 2312 2106 τις
2341 2039 2409 2111 ἦν
2439 2043 2632 2112 ἐκείνῳ
2664 2043 2907 2112 φροντίς.
2937 2042 3078 2095 Λύτό
3106 2059 3172 2110 γε
3203 2041 3361 2096 τοῦτο
3391 2042 3600 2096 διώκων

2020 2132 2122 2207 ἦν,
2158 2137 2218 2188 τδ
2251 2135 2704 2204 ἀποδιδράσκειν,
2742 2132 2802 2186 τὸ
2835 2132 3062 2203 φεύγειν
3083 2172 3099 2195 ,
3135 2133 3194 2186 τὸ
3224 2134 3326 2203 τὴν
3361 2133 3494 2202 πρὸς
3525 2132 3601 2186 ἕω

2023 2229 2252 2298 πορείαν
2283 2227 2537 2280 σύντονόν
2565 2244 2624 2279 τε
2650 2227 2746 2280 zeal.
2773 2225 3008 2294 ἄληκτον
3035 2225 3184 2294 αὐτῷ
3212 2227 3511 2292 γίγνεσθαι,
3538 2226 3598 2278 τὸ

2027 2321 2100 2390 μὴ
2133 2319 2438 2379 καθεύδειν,
2473 2317 2534 2370 τὸ
2573 2317 2646 2386 μὴ
2681 2318 2934 2387 ἠρεμεῖν,
2965 2317 3026 2369 τὸ
3066 2316 3140 2386 μὴ
3175 2316 3450 2370 ἵστασθαι.
3486 2317 3599 2388 Τὴν

2022 2415 2154 2476 πρὶν
2183 2413 2291 2482 γὰρ
2320 2410 2481 2480 φίλην
2510 2409 2780 2480 Εὐρώπην
2807 2409 2923 2472 πῶς
2949 2410 3052 2462 οἴει
3099 2409 3221 2461 τότε
3255 2409 3595 2479 μεμίσηκεν;

2025 2507 2187 2558 Ὀλον
2219 2504 2358 2556 οῖκοι
2388 2502 2480 2554 τὸν
2509 2501 2634 2553 νοῦν
2663 2495 2776 2568 εἶχε
2807 2499 2947 2552 θέων
2966 2540 2980 2565 ,
3012 2497 3188 2553 οἴκαδ’
3215 2502 3344 2555 ἐϐόα
3365 2543 3381 2568 ,
3414 2502 3597 2555 οἴκαδε

2020 2598 2112 2650 τὸν
2139 2596 2338 2666 δρόμον
2368 2595 2658 2664 εἰργάζετο
2678 2635 2692 2659 ,
2726 2593 2918 2646 τείνων
2945 2592 3022 2646 τὼ
3052 2595 3202 2664 χεῖρε
3231 2597 3343 2656 τοῖς
3374 2595 3560 2664 πρόσω
3581 2637 3596 2657 ,

2021 2687 2114 2740 καὶ
2155 2684 2377 2754 μονονοὺ
2420 2682 2748 2746 κονδυλίζων
2783 2681 3072 2746 τουτουσὶ,
3108 2682 3303 2752 κομιδῇ
3344 2682 3601 2751 βιαζόμε-

2021 2794 2131 2839 νος.
2156 2772 2265 2828 Ἦν
2294 2775 2491 2836 αὐτοὺς
2517 2774 2612 2826 καὶ
2639 2776 2703 2844 τῇ
2738 2775 2831 2844 βοῇ
2863 2773 3115 2843 καθάπερ
3149 2774 3375 2841 μάστιγι
3403 2789 3600 2842 προσε-

2019 2867 2258 2928 λαύνων,
2302 2865 2379 2934 τῷ
2425 2864 2616 2935 μηδενὶ
2667 2863 2774 2916 τῶν
2821 2864 3043 2918 πάντων
3089 2865 3402 2931 ἀρκεῖσθαι.
3448 2865 3476 2918 ὃ
3522 2865 3598 2934 μὴ

2020 2962 2248 3030 δύναμιν
2303 2960 2370 3013 ἂν
2423 2956 2568 3028 εἶχεν
2621 2956 2879 3027 αύθωρδν
2932 2957 3097 3010 αὐτὸν
3151 2958 3597 3025 διασφενδονῆσαι
3663 2983 3678 2992 ~

2023 3054 2159 3124 πρὸς
2200 3053 2301 3122 τὴν
2352 3050 2612 3121 πατρίδα.
2652 3049 2818 3105 Ὀθεν
2858 3047 2978 3102 δέον
3026 3048 3249 3112 τούτους
3300 3048 3600 3118 θαυμάζειν

2020 3152 2120 3220 τῆς
2151 3149 2474 3220 ἐπιμελείας
2503 3147 2598 3201 τοῦ
2627 3147 2832 3218 δρόμου
2853 3186 2869 3212 ,
2899 3147 2982 3200 ὅτι
3013 3146 3080 3216 δὴ
3113 3147 3208 3199 καὶ
3237 3147 3426 3200 τοῦτον
3456 3143 3602 3218 εἰχον

337 3260 550 3316 pugnos
577 3242 878 3312 ingerebat.
910 3241 1140 3296 Eosdem
1169 3254 1321 3306 voce,
1352 3237 1506 3308 quasi
1531 3235 1762 3305 ﬂagello,
1791 3249 1920 3289 con-

2028 3242 2254 3294 κατόπιν
2281 3239 2373 3292 τὸν
2401 3237 2575 3298 οὕτως
2607 3236 2986 3305 ἐπειγόμενον,
3019 3239 3046 3288 ὁ
3075 3236 3130 3289 δὲ
3165 3237 3259 3288 καὶ
3285 3238 3599 3290 τούναντίον

341 3337 567 3396 citabat,
604 3332 747 3400 quod
783 3329 932 3385 nulla
976 3345 1201 3400 prorsus
1234 3344 1294 3382 re
1341 3334 1660 3382 contentus.
1695 3323 1921 3392 acquie-

341 3435 540 3492 sceret,
570 3442 691 3496 qua:
715 3440 822 3480 non
836 3424 1022 3478 eadem
1045 3423 1217 3493 ipsum
1248 3421 1382 3475 hora
1418 3419 1471 3472 in
1499 3419 1726 3486 patriam
1762 3417 1916 3486 quasi

339 3519 688 3589 fundaejactu
721 3514 1016 3572 transferre
1049 3523 1255 3583 posset.
1292 3511 1448 3567 Unde
1487 3511 1669 3574 flebat,
1709 3521 1768 3564 ut
1793 3525 1916 3564 cum

337 3627 435 3666 eos
462 3611 530 3664 ob
561 3609 835 3679 singulare
865 3608 920 3664 in
938 3622 1105 3663 cursu
1123 3605 1366 3660 studiqu
1401 3602 1663 3658 admirari
1697 3603 1921 3659 deberet

339 3705 430 3774 qui
455 3719 483 3758 a
505 3713 653 3773 tergo
679 3703 976 3771 ipsummet
997 3702 1133 3754 adeo
1155 3697 1500 3753 festinantem
1525 3697 1915 3766 relinquerent,

338 3797 676 3851 contrarium
704 3797 885 3864 potius
902 3801 1108 3863 ageret,
1132 3805 1336 3860 eosque
1361 3789 1592 3861 graviter
1611 3801 1912 3845 aecusaret.

339 3891 550 3958 Quippe
579 3889 911 3944 celeritatem
939 3901 1128 3940 eorum
1165 3883 1338 3954 ipsius
1395 3884 1459 3937 ad
1496 3883 1673 3953 fugam
1719 3882 1918 3936 alacri-

340 3994 425 4036 tas
484 3997 579 4051 pro
615 3981 871 4036 tarditate
913 3977 1146 4048 quadam
1183 3977 1436 4032 habebat.
1466 3975 1691 4047 Semper
1713 3977 1915 4030 exhor-

342 4075 560 4129 tabatur
584 4073 814 4128 comites
835 4085 1054 4135 cursus,
1077 4085 1177 4124 nec
1200 4069 1255 4124 in
1277 4085 1345 4126 eo
1369 4084 1429 4125 se
1451 4082 1915 4140 supervacaneum

343 4168 546 4236 aliquid
605 4166 784 4220 facere
805 4163 1292 4219 animadvertebat.
1317 4161 1437 4218 Non
1470 4163 1615 4218 enim
1644 4159 1718 4215 illi
1742 4159 1922 4214 feren-

340 4259 472 4313 dum
505 4257 805 4312 ullomodo
839 4259 1122 4324 putabant,
1141 4255 1193 4309 si
1230 4268 1340 4310 non
1367 4252 1618 4307 eumdem
1647 4265 1769 4303 cum
1794 4260 1922 4317 rege

340 4365 566 4404 cursum
599 4347 953 4411 conficerent,
985 4360 1122 4420 quos
1174 4345 1313 4400 idem
1347 4357 1468 4398 cum
1503 4341 1595 4394 illo
1641 4333 1818 4394 metus
1866 4337 1922 4391 in

339 4458 581 4497 errorem
617 4439 942 4510 impulisset.
977 4440 1178 4509 quique
1226 4451 1453 4506 prorsus
1489 4433 1555 4486 ab
1590 4432 1746 4487 initio
1786 4430 1925 4498 fuga:

342 4553 400 4591 se
426 4551 552 4591 cum
581 4549 648 4589 eo
676 4531 973 4588 dedissent.
997 4529 1053 4586 Si
1078 4531 1168 4599 qui
1204 4529 1492 4599 nequirent
1512 4523 1796 4594 consequi,
1827 4537 1924 4578 eos

2031 3333 2218 3400 σαφῶς
2260 3330 2466 3396 ἐποίει,
2506 3328 2604 3382 καὶ
2650 3326 3018 3395 διαφερόντως
3060 3328 3259 3389 αὐτοὺς
3300 3329 3597 3396 ἐμέμφετο.

2033 3425 2145 3495 Τὴν
2171 3423 2280 3493 γὰρ
2308 3421 2487 3476 αὐτῶν
2512 3421 2789 3490 ταχυτῆτα
2819 3418 3128 3489 βραδυτῆτά
3154 3435 3271 3482 πως
3301 3421 3600 3488 ἀπέφαινεν

2031 3515 2062 3584 ὴ
2114 3513 2250 3579 πρδς
2288 3510 2386 3580 τὴν
2421 3508 2598 3578 φυγὴν
2631 3507 2933 3577 προθυμία.
2973 3509 3325 3563 Διεκελεύετο
3373 3511 3472 3580 μὲν
3513 3512 3601 3564 ἀεὶ

2029 3607 2141 3666 τοῖς
2173 3601 2320 3672 αύτῷ
2353 3601 2636 3654 συνθέουσι
2657 3641 2672 3666 ,
2706 3601 2982 3668 παρέλκον
3010 3618 3061 3654 τι
3094 3591 3188 3655 καὶ
3220 3603 3476 3673 περιττὸν
3503 3605 3603 3657 οὐκ

2031 3696 2424 3759 αἰσθανόμενον
2453 3693 2644 3747 ποιῶν.
2673 3693 2746 3744 Ού
2777 3693 2888 3763 γὰρ
2918 3693 3146 3746 ἀνεκτόν
3172 3711 3236 3758 γε
3268 3695 3480 3758 πάντως
3507 3697 3605 3748 αύ-

2031 3794 2140 3850 τοίς
2169 3789 2245 3857 μὴ
2269 3788 2362 3839 τὶν
2389 3785 2550 3838 αὑτὸν
2579 3783 2762 3835 ἀνύειν
2791 3783 2992 3852 δρόμον
3021 3784 3099 3851 τῷ
3130 3783 3371 3849 βασιλεῖ,
3400 3784 3474 3853 τῷ
3499 3786 3602 3856 τεῳ

2030 3881 2204 3947 τούτῳ
2233 3877 2384 3947 φόϐῳ
2415 3878 2853 3945 παρατραπεῖσι,
2885 3876 2980 3925 καὶ
3012 3875 3291 3936 παντελῶς
3326 3875 3424 3945 τὴν
3454 3877 3604 3944 πρώ-

2028 3988 2128 4040 την
2174 3969 2268 4021 σὺν
2306 3966 2454 4036 αὐτῷ
2508 3967 2646 4033 σφᾶς
2700 3965 2899 4027 αὐτοὺς
2944 3965 3268 4018 ἐκδεδευκόσι
3314 3969 3379 4036 τῇ
3431 3971 3598 4037 φυγῇ.

2031 4062 2170 4122 Τοὺς
2201 4060 2246 4113 δ’
2271 4059 2370 4112 οὐκ
2399 4057 2707 4126 ἀρκοῦντας
2738 4055 3076 4120 ἀκολουθεῖν,
3110 4059 3333 4120 τούτους
3361 4059 3405 4109 δ’
3427 4060 3484 4121 ὲς
3515 4075 3607 4112 κε-

2035 4171 2206 4222 ρακας
2238 4150 2617 4219 ἀποπέμπων,
2650 4149 2800 4212 ἀξιον
2828 4148 2922 4202 καί
2953 4149 3000 4200 οί
3033 4147 3310 4218 προσῆκον
3343 4151 3604 4219 πράττειν

2029 4247 2058 4296 ό
2091 4244 2331 4310 γενναῖος
2367 4241 2640 4309 ἐνόμιζεν.
2668 4239 2830 4303 Ὀλος
2864 4240 2972 4307 γὰρ
3009 4233 3076 4309 ἦν
3110 4240 3210 4309 τῆς
3244 4241 3442 4310 φυγῆς,
3477 4243 3606 4303 ὅλας

2030 4337 2129 4399 τὰς
2157 4335 2312 4404 ἡνίας
2342 4335 2517 4401 ἐφεὶς,
2551 4335 2692 4403 ὁρῶν
2726 4334 2806 4392 εἰς
2842 4333 3005 4402 μόνον
3033 4333 3125 4387 τὸν
3157 4333 3372 4404 καιρὸν,
3402 4337 3495 4389 καὶ
3530 4337 3608 4405 μὴ

2031 4427 2168 4496 πρὸς
2212 4425 2400 4494 ἓτερον
2453 4423 2694 4494 βλέπων.
2733 4423 2895 4476 Ἀλλά
2949 4424 3055 4493 μὴν
3106 4424 3228 4476 ἀντὶ
3271 4424 3457 4478 πεδίου
3504 4425 3606 4496 τὴν

2031 4517 2268 4589 ὀρεινὴν,
2308 4515 2432 4569 ἀντὶ
2471 4515 2528 4568 δέ
2570 4513 2912 4582 ψαμμώδους
2949 4514 3050 4582 τὴν
3096 4514 3257 4567 λίθων
3301 4515 3606 4584 γέμουσαν,

341 4628 408 4683 ad
441 4642 635 4683 corvos
672 4627 824 4682 abire
843 4625 1191 4694 jubcns,_sua
1219 4636 1275 4678 se
1301 4620 1382 4674 vir
1410 4628 1667 4673 strenuus
1695 4629 1922 4686 persona

2035 4611 2154 4663 ἀντὶ
2179 4609 2236 4662 δέ
2266 4610 2417 4671 λείας
2445 4606 2566 4662 ὁδοῦ
2591 4607 2691 4677 τὴν
2717 4609 2980 4676 τραχεῖαν
3009 4606 3103 4660 καί
3134 4607 3355 4660 σκολιὰν
3383 4606 3602 4678 ἤλαυνε,

340 4722 564 4791 dignum
620 4719 750 4788 quid
801 4732 961 4788 agere
1001 4715 1278 4786 putabat:
1321 4726 1447 4766 nam
1505 4719 1651 4765 totus
1693 4718 1814 4764 erat
1868 4709 1924 4762 in

346 4815 496 4883 fuga,
545 4821 696 4866 totas
746 4810 1027 4864 laxaverat
1073 4805 1358 4867 habenas,
1395 4801 1536 4855 alius
1576 4801 1650 4853 rei
1699 4799 1922 4863 nullius,

345 4921 510 4974 quam
560 4901 820 4971 temporis
865 4901 1131 4952 rationem
1160 4892 1413 4947 habebat.
1457 4891 1783 4956 Quinetiam
1827 4904 1927 4958 pro

346 4996 664 5064 campestri,
697 5008 795 5063 per
844 5000 1194 5043 montuosum
1219 4999 1237 5051 ;
1265 4999 1364 5053 pro
1402 4997 1653 5048 arenosa,
1701 4996 1798 5050 per
1838 4995 1928 5036 sa-

350 5105 535 5154 xeum;
562 5101 660 5156 pro
682 5083 824 5148 laevi,
853 5097 949 5152 per
972 5081 1077 5134 iter
1100 5090 1356 5146 asperum
1380 5075 1778 5145 obliquumque
1804 5082 1927 5128 teu-

347 5184 532 5237 debat.
566 5181 716 5233 Diem
749 5189 848 5246 pro
875 5181 1035 5227 nocte
1065 5169 1319 5234 ducebat,
1355 5177 1675 5236 noctemque
1698 5165 1926 5236 profun-

345 5274 472 5326 dam
521 5283 619 5338 pro
664 5265 812 5321 clara
857 5262 1000 5317 luce.
1045 5259 1114 5312 At
1158 5259 1338 5327 qualis
1372 5259 1473 5323 vir,
1521 5256 1795 5312 obsecro?
1833 5255 1929 5326 qui

351 5363 563 5436 valente
594 5355 846 5417 meridie,
872 5353 1013 5409 coalo
1053 5350 1210 5416 sudo,
1243 5365 1495 5420 campum
1529 5349 1850 5419 aequabilem
1876 5357 1931 5403 et

354 5457 597 5520 planum,
638 5462 739 5501 nec
767 5446 874 5500 ulla
905 5461 963 5499 re
1001 5444 1314 5508 molestum,
1347 5442 1612 5512 gradatim
1663 5456 1727 5496 ac
1758 5441 1928 5504 tarde,

353 5557 464 5610 pra:
497 5535 900 5606 magnificentia
952 5533 1228 5602 fastuque,
1281 5533 1366 5586 vix
1409 5531 1612 5600 alioqui
1650 5529 1939 5608 transiret.

351 5631 514 5702 Atqui
555 5631 714 5684 modo
747 5628 794 5684 si
823 5625 1216 5682 comedendum
1242 5634 1408 5689 esset,
1458 5623 1676 5677 aliudve
1702 5621 1829 5690 quid
1854 5620 1930 5675 rei

353 5722 676 5779 necessariae
711 5719 1038 5783 faciendum,
1076 5719 1150 5781 id,
1185 5717 1454 5787 siquidem
1489 5723 1734 5786 urgeret,
1768 5711 1933 5783 equi-

351 5824 500 5876 tans,
550 5813 736 5878 credo,
781 5810 1035 5867 faciebat.
1085 5809 1271 5880 Usque
1311 5809 1451 5863 adeo
1492 5822 1603 5877 prae
1642 5805 1936 5859 formidine

353 5911 596 5960 utentem
629 5903 774 5960 velut
803 5903 1082 5972 amiserat,
1129 5917 1228 5959 nec
1265 5901 1431 5956 ullam
1467 5899 1549 5955 vel
1581 5897 1817 5964 honesti,
1853 5896 1935 5952 vel

2028 4704 2126 4773 τὴν
2160 4701 2332 4756 νύκτα
2371 4702 2469 4770 μὲν
2504 4699 2720 4770 ἡμέραν
2752 4697 3107 4766 λογιζόμενος
3129 4737 3144 4762 ,
3179 4696 3349 4768 αὐτὴν
3384 4697 3441 4750 δέ
3477 4714 3604 4751 σκο-

2028 4795 2272 4865 τομήνην
2299 4795 2493 4846 ἀκτῖνα
2523 4791 2672 4862 μάλα
2698 4790 3118 4856 ἀστράπτουσαν
3137 4805 3152 4822 ο
3181 4789 3276 4842 καὶ
3301 4789 3493 4854 ταῦτα,
3523 4793 3606 4849 τίς

2031 4887 2151 4938 ποτ’
2176 4884 2424 4954 ἀνδρῶνς
2461 4885 2488 4936 ό
2527 4881 2881 4953 μεσημϐρίας
2919 4881 3228 4951 σταθερᾶς,
3265 4882 3486 4950 αἰθρίας
3519 4881 3608 4934 ού-

2033 4975 2603 5047 σης,πεδίον-δμαλόν
2637 4991 2695 5027 τε
2733 4974 2827 5027 καὶ
2861 4973 3022 5038 λεῖον,
3059 4975 3158 5025 καὶ
3192 4973 3362 5043 μηδέν
3393 4990 3447 5025 τι
3483 4973 3608 5047 δυσ-

2033 5069 2226 5140 χερὲς,
2264 5067 2427 5138 σχολῇ
2471 5069 2562 5120 καὶ
2605 5067 2772 5136 βάδην
2833 5065 2940 5120 ὑπδ
2995 5065 3479 5136 μεγαλοπρεπείας
3519 5067 3612 5118 xit

2031 5162 2205 5231 τύφου
2243 5160 2397 5230 μόλις
2432 5159 2826 5230 πορευόμενος.
2862 5157 2973 5212 Καὶ
3011 5156 3119 5228 μὴν
3151 5157 3352 5226 δεῆσαν
3385 5159 3602 5224 φαγεῖν,

2034 5255 2068 5322 ἦ
2097 5270 2149 5305 τι
2181 5252 2291 5305 τῶν
2320 5251 2631 5319 ἐπάναγκες
2664 5251 2927 5321 πράττειν
2950 5293 2965 5315 ,
2996 5251 3288 5305 ἐλαύνοντά
3341 5268 3405 5319 γε
3457 5246 3615 5321 οἶμαι

2033 5345 2093 5398 τδ
2134 5347 2463 5412 κατεπεῖγον
2503 5344 2667 5405 αὐτὸν
2707 5342 3061 5412 ἐργάξεσθαι.
3113 5343 3270 5397 Οὕτω
3315 5360 3398 5396 τοι
3443 5343 3618 5414 δειλίᾳ

2035 5444 2133 5499 τας
2175 5437 2382 5506 φρένας
2423 5435 2614 5506 ὥσπερ
2656 5434 2925 5501 ἀπόλωλε,
2953 5437 3061 5488 «καὶ
3103 5435 3257 5488 οὐδὲν
3294 5434 3444 5504 αύτῷ
3484 5437 3618 5506 περὶ

2036 5531 2130 5580 τοῦ
2176 5528 2339 5580 καλοῦ
2373 5545 2434 5579 τε
2469 5529 2569 5580 καὶ
2607 5527 2946 5596 καθήκοντος
2988 5524 3202 5595 ἔμελεν.
3241 5525 3398 5578 Οὕτω
3437 5525 3614 5594 πάντη

2038 5620 2320 5689 λογισμῶν
2346 5619 2707 5678 ἀπεπταικὼς
2736 5617 3002 5689 τηλικῷδε
3033 5621 3276 5689 σχήματι
3305 5618 3614 5688 προσηκόν-

2035 5727 2165 5775 των,
2199 5711 2331 5780 πρὸς
2361 5710 2437 5778 τῷ
2472 5710 2715 5787 μηδόλως
2747 5709 3103 5778 αἰσχύνεσθαι
3131 5710 3241 5762 οὐδ’
3266 5708 3548 5774 ὑπελογίζε
3561 5724 3618 5759 το

2040 5801 2149 5853 τῶν
2185 5801 2373 5853 δεινῶν
2406 5801 2582 5864 οὐδὲν,
2621 5801 2682 5852 οὐ
2728 5800 2863 5870 πῦρ,
2900 5800 2957 5852 ού
3004 5799 3200 5868 θῆρας,
3233 5799 3334 5851 οὐκ
3375 5797 3614 5859 ὄλισθον,

2042 5896 2101 5948 οὐ
2142 5893 2439 5964 βόρϐορον,
2476 5894 2536 5947 ού
2574 5892 2874 5959 σκόπελον,
2909 5893 2968 5946 οὐ
3006 5892 3288 5962 κρημνὸν,
3323 5891 3383 5943 οὐ
3417 5888 3610 5958 ligor,
3643 5884 3652 5892 ’
