3958 6422
401 488 500 547 39ῗ

1829 456 2115 535 ORATIO
2148 455 2196 532 ἰ.

338 580 344 587 ’
399 592 502 644 οὐκ
547 590 765 656 ἀδοξίαν
813 591 1006 663 αὐτήν.
1055 572 1244 645 Πάντα
1278 589 1472 662 ἑορτὴν
1523 588 1709 659 ἡγεῖτο
1755 588 1821 642 τὰ
1850 589 1978 642 δυσ-

2103 582 2268 637 lerori
2319 581 2584 636 rationem
2631 564 2889 638 habebat.
2943 580 3129 651 Usque
3185 578 3321 635 adeo
3366 593 3590 649 prorsus
3639 596 3667 631 ο

399 684 578 758 χερῆο
629 685 808 740 πάντα
859 684 1172 757 πανήγυριν
1246 685 1317 738 τὰ
1382 684 1555 738 δεινά.
1601 683 1788 753 Μηδὲν
1837 681 1977 751 πλὴν

2103 676 2504 744 :ogitationibus
2536 717 2552 743 ,
2628 684 2791 729 tantae
2842 675 3116 744 maiestati
3166 672 3670 737 convenientibus,

414 774 720 845 Ἀθηναίων
764 775 997 847 φοϐερὸν
1024 815 1039 842 ,
1094 776 1263 846 μηδὲν
1316 778 1551 855 φευκτὸν
1594 775 1724 830 ἄνευ
1775 774 1976 827 αὐτῶν.

404 867 607 931 Μόνοις
637 868 852 931 τούτοις
894 868 1104 932 πάντας
1143 869 1256 922 δεῖν
1288 868 1576 939 πρωτείων
1612 867 1830 930 πάντως
1874 883 1980 919 πα·

351 1007 376 1041 ,
410 962 680 1030 ραχωρεῖν
713 961 806 1014 ἐπί.
838 961 947 1015 τῶν
981 961 1239 1015 ἁπάντων
1261 978 1277 995 ’
1316 961 1414 1014 καὶ
1442 961 1572 1023 τοὺς
1603 958 1765 1013 τοῦτο
1803 958 1981 1030 πράτ-

403 1068 598 1115 τοντας
626 1053 896 1124 μηδαμῶς
924 1053 1309 1125 αἰσχύνεσθαι.
1337 1052 1403 1108 Τί
1431 1052 1539 1124 χρὴ
1568 1052 1739 1106 πολλὰ
1766 1050 1982 1120 λέγεινς

405 1145 588 1216 Σεμνὰ
621 1146 724 1215 μὲν
754 1137 934 1203 πάντα
959 1148 1027 1203 τὰ
1055 1146 1307 1218 ἄκοσμα,
1336 1147 1528 1219 κέρδος
1558 1145 1615 1200 δὲ
1646 1145 1854 1216 ζημίαν
1880 1146 1986 1198 πᾶ-

405 1254 504 1291 σαν
529 1237 801 1308 ἐνόμιζεν,
830 1239 881 1293 εί
909 1240 1015 1303 σῶς
1042 1240 1512 1311 ἐπαναστρέφειεν
1534 1238 1717 1294 οἴκαδε
1739 1253 1756 1272 ο
1784 1236 1985 1292 οὔκουν

405 1323 777 1399 ἠρυθρίασεν,
828 1332 1017 1403 ἕτερος
1073 1333 1426 1388 παντάπασιν
1475 1333 1535 1398 ἐξ
1586 1332 1752 1387 ἄλλου
1805 1331 1984 1402 πάντη

407 1420 755 1487 φαινόμενος.
800 1420 923 1474 υύδ’
953 1422 1140 1492 ἡγεῖτο
1184 1423 1456 1494 χαλεπὸν,
1503 1424 1554 1476 εί
1594 1420 1772 1493 ὁρῷτο
1816 1422 1988 1493 χείρω

407 1509 924 1579 πάσχωνέκείνων,
975 1512 1012 1568 ἃ.
1061 1515 1248 1585 μικρῷ
1296 1514 1533 1587 πρόσθεν
1583 1516 1802 1585 ἠπείλει
1851 1517 1987 1582 τοῖς,

409 1604 500 1672 ὑφ’
533 1601 609 1658 ὧν
662 1587 813 1660 ταῦτ’
849 1607 1082 1678 ἔπασχε.
1139 1610 1336 1664 Καίτοι
1385 1610 1439 1663 τί
1495 1609 1616 1663 ποτ’
1653 1608 1722 1665 ἂν
1774 1609 1991 1680 αἴσχιον

409 1699 584 1762 εἴποις
634 1699 736 1768 τῆς
811 1698 987 1761 οὕτως
1046 1703 1107 1765 ἐς
1175 1701 1349 1773 ἄκρον
1415 1701 1757 1774 μεταϐολῆς,
1813 1700 1991 1768 οὕτως

408 1788 606 1858 ἀθρόον
653 1800 853 1862 γεγενη
865 1794 1070 1863 μένης;
1102 1793 1266 1858 Γένος
1300 1792 1594 1865 βατράχων
1647 1792 1876 1865 μηδενὸς
1904 1793 1993 1848 δε-

409 1879 727 1950 διττομένου
775 1883 877 1939 οὐκ
922 1885 982 1948 ἐς
1032 1885 1197 1956 βυθὸν
1247 1886 1630 1954 καταδύονται,
1663 1885 1742 1952 ώς
1779 1889 1994 1958 ἀφανι-

2082 769 2400 832 destitutus,
2424 758 2786 838 praeterquam
2810 769 2953 839 quod
2980 768 3180 823 nullius
3206 781 3328 822 eum
3346 765 3421 822 rei
3447 764 3674 835 puderet

2086 873 2186 923 nec
2221 859 2449 928 periculi
2478 860 2779 931 quidquam
2809 865 2871 913 ad
2901 859 3147 914 animum
3181 860 3476 913 revocabat
3509 874 3523 908 :
3560 873 3668 910 non

2086 950 2291 1021 ignem,
2333 966 2440 1006 non
2495 950 2662 1017 feras,
2720 966 2826 1005 non
2883 951 3117 1015 ruinam,
3170 950 3276 1004 no'n
3312 964 3672 1013 cenum,non

2086 1046 2394 1115 scopulum,
2422 1061 2531 1101 non
2570 1047 2900 1117 praecipitem
2921 1047 3126 1112 locum,
3158 1061 3266 1099 non
3308 1045 3532 1111 famem,
3562 1060 3671 1098 non

2088 1140 2259 1210 ipsam
2311 1137 2613 1194 infamiam.
2656 1139 2851 1194 Omnia
2907 1133 3138 1195 molesta
3192 1152 3292 1207 pro
3338 1136 3500 1203 festo,
3555 1138 3675 1191 dira

2091 1247 2188 1299 pro
2221 1230 2471 1286 ludorum
2507 1232 2823 1314 celebritate
2843 1232 3113 1299 ducebat;
3153 1231 3289 1286 nihil
3332 1230 3381 1286 ei
3412 1230 3675 1284 lormida-

2089 1322 2218 1387 bile,
2243 1332 2443 1392 praeter
2464 1322 2823 1378 Athenienses
2847 1340 2862 1389 ;
2885 1323 3021 1377 nihil
3043 1322 3288 1391 exceptis
3311 1321 3439 1387 illis,
3465 1319 3678 1390 fugien-

2089 1414 2217 1467 dum
2259 1432 2271 1468 :
2312 1413 2396 1468 his
2437 1412 2572 1468 solis
2603 1428 2795 1468 omnes
2839 1412 3066 1466 omnino
3098 1411 3298 1465 debere
3351 1411 3580 1480 primas,
3620 1411 3678 1463 in

2092 1504 2258 1559 rebus
2286 1503 2566 1568 omnibus,
2604 1505 2940 1570 concedere;
2972 1519 3073 1559 nec
3116 1503 3167 1558 id
3206 1502 3536 1558 facientibus
3566 1501 3679 1555 ullo

2094 1597 2255 1651 modo
2285 1595 2481 1666 pudori
2511 1609 2632 1651 esse
2659 1610 2841 1664 posse.
2863 1594 3004 1661 Quid
3030 1595 3217 1648 multis
3238 1607 3377 1663 Opus
3405 1592 3528 1647 est?
3557 1607 3681 1646 om-

2096 1689 2187 1743 nia
2220 1674 2478 1744 indecora
2502 1702 2602 1759 pro
2634 1689 2900 1750 honestis,
2925 1697 3090 1742 Omne
3118 1685 3378 1740 damnum
3408 1698 3504 1753 pro
3526 1683 3682 1737 lucro

2098 1779 2378 1848 ducebat;
2412 1779 2574 1834 modo
2600 1779 2787 1834 salvus
2812 1777 3036 1832 domum
3073 1782 3460 1830 reverteretur.
3494 1771 3684 1840 Itaque

2096 1850 2207 1925 non
2233 1870 2612 1931 erubescebat,
2645 1869 2790 1940 quod
2812 1867 2979 1922 alium
3020 1876 3247 1938 prorsus
3277 1879 3342 1919 ex
3386 1863 3493 1918 alio
3519 1876 3578 1917 se
3605 1862 3687 1916 fa-

412 1935 604 2042 σθῆναι
632 1935 744 2040 az.
774 1935 1647 2050 angat;Bagistane;
1669 1935 1929 2051 ἷτὲισχῖον,
1961 1982 1991 2035 δ

2103 1972 2243 2018 etum
2275 1963 2623 2029 ostenderet;
2650 1935 2753 2017 nec
2782 1975 2944 2032 grave
2969 1935 3213 2030 putabat,
3245 1958 3290 2013 si
3323 1956 3603 2011 hominum
3626 1954 3685 2009 in

415 2065 604 2136 μηδεν)⁸
638 2066 752 2122 τῶν
799 2068 1029 2124 πώποτε
1076 2070 1471 2141 γεγενημένων
1518 2069 1826 2143 ἀνθρώπων
1868 2074 1992 2137 ταῖς

412 2159 543 2231 παρ’
587 2159 783 2214 ἑαυτοῦ
828 2163 1155 2229 φαντασίαις
1198 2161 1577 2232 ἐξισούμενος,
1619 2164 1759 2235 ὅπερ
1798 2164 1911 2218 οὐδ’
1939 2166 1992 2217 οί

415 2252 629 2312 πτῶκες
678 2248 964 2305 ποιοῦσινο
1015 2250 1273 2318 ἔφευγεν,
1322 2251 1571 2322 ἔτρεχεν,
1613 2252 1717 2304 οὐκ
1767 2251 1992 2320 ἠρέμει,

418 2342 553 2414 μηδέ
581 2344 672 2397 τὸν
701 2342 969 2399 διώκοντα
999 2343 1236 2415 βλέπων,
1266 2342 1299 2414 ἢ
1328 2344 1489 2398 σκιὰν
1521 2343 1664 2414 ὀρῶν
1694 2343 1932 2406 ἐκείνου,
1957 2343 1991 2414 ἢ

419 2433 602 2501 φωνῆς
649 2433 786 2498 ὅλως
843 2432 1084 2505 ἀκούων.
1144 2435 1305 2498 Ἴσως
1352 2450 1418 2503 γε
1475 2434 1853 2506 παρεμυθεῖτο
1901 2434 1996 2487 τὶν

422 2522 710 2593 ἄνθρωπον
739 2524 914 2577 ταῦτα
949 2525 1252 2593 πάσχοντα,
1283 2518 1440 2594 οἶμαι
1466 2523 1522 2577 δὲ
1554 2509 1663 2578 κατ
1679 2522 1995 2594 προῦτρεπε

417 2614 552 2686 πρὸς
587 2615 685 2685 τὴν
723 2616 1134 2687 ἀνυπέρϐλητόν
1168 2633 1228 2670 τε
1258 2614 1353 2669 καὶ
1382 2615 1777 2687 ἀπαράϐλητον
1804 2615 1998 2686 ἐκτρο-

417 2706 547 2774 πὴν,
572 2705 633 2759 τὸ
679 2706 808 2769 τοὺς
865 2706 1475 2777 συναλαζονευομένους
1526 2705 1678 2776 αύτῷ
1727 2704 1998 2777 πρότερον

416 2794 539 2867 τότε
579 2797 1003 2867 συμφεύγοντας
1030 2798 1164 2869 ὁρᾷν
1188 2798 1342 2853 οὐδὲν
1373 2797 1590 2851 ἐκείνου
1627 2795 1997 2868 σχολαίτερον.

420 2889 645 2943 Πάντων
676 2890 784 2959 γὰρ
829 2890 1111 2962 προύργου
1146 2892 1377 2960 γέγονεν
1412 2890 1599 2954 αὐτοῖς
1635 2891 1670 2961 ἡ
1721 2890 1860 2962 πρὸς
1903 2890 2000 2945 τὸν

418 2978 564 3034 οἶκον
603 2982 889 3046 ἐπάνοδος.Δ
916 2983 1136 3054 Ταύτης
1166 2984 1268 3039 οὐκ
1318 2982 1387 3039 ἂν
1432 2982 1707 3053 ἠλλάξατο
1740 2982 2001 3054 βασιλεὺς

422 3074 532 3127 οὐδ’
566 3069 640 3128 ὧν
666 3078 837 3145 χωρὶς
863 3074 969 3147 οὐκ¹
991 3067 1060 3129 ἂν
1083 3074 1238 3145 ἠξίου
1268 3075 1329 3129 τὸ
1361 3076 1494 3146 πρὶν
1532 3075 1749 3147 βιῶναι.
1778 3074 2000 3148 Ταύτης

423 3166 601 3218 πάντα
643 3165 874 3236 δεύτερα
924 3162 1030 3239 ἦγε
1078 3168 1176 3221 καὶ
1226 3166 1516 3238 βασιλείαν
1572 3166 1767 3239 αὐτὴν,
1796 3167 2004 3240 κλῆρον

420 3256 780 3323 δικαιότατον,
799 3262 863 3313 ἐκ
893 3261 1104 3332 πατρὸς
1132 3259 1283 3333 αὐτῷ
1312 3259 1707 3329 κατελθοῦσαν,
1733 3263 2004 3334 μεγίστην
2030 3280 2076 3343 c

419 3348 610 3405 οὖσαν.
663 3352 750 3414 Ὠς
797 3352 905 3423 γὰρ
939 3352 1138 3418 ἔοικεν,
1179 3355 1211 3407 ὁ
1244 3343 1432 3423 ’φόϐος
1476 3353 1660 3425 ψυχῆς
1709 3355 2001 3427 κρατήσας

411 3442 679 3507 ,καθάπαξ
736 3443 914 3498 δεινόν
951 3460 1005 3498 τι
1042 3447 1251 3517 ταύτης
1292 3445 1485 3501 ἐλάσαι
1539 3450 1648 3501 πᾶν
1693 3447 1922 3516 ἀγαθὸν,
1953 3451 2003 3505 εί

413 3533 499 3606 ,μὴ
526 3534 625 3588 σὺν
651 3536 795 3607 λόγῳ
830 3536 992 3591 τοῦτο
1016 3539 1430 3611 προσκτήσαιτο
1455 3539 1534 3609 τῷ
1561 3543 1876 3614 γιγνομένῳ
1908 3544 2004 3598 καὶ

423 3627 711 3697 πρέποντι,
752 3622 873 3683 εἶτα
908 3629 1006 3685 καὶ
1040 3632 1223 3702 χρόνῳ
1254 3631 1434 3704 τούτῳ
1470 3635 1809 3703 συγγένοιτο.
1846 3634 1904 3698 δς
1936 3635 2004 3697 ἂν

421 3719 694 3789 περιόδοις
741 3722 838 3774 καὶ
887 3723 1127 3794 μήκεσιν
1180 3724 1329 3795 αὐτῇ
1375 3741 1440 3794 γε
1477 3725 1638 3781 τοῦτο
1670 3726 2005 3809 λιροστήξας

422 3812 519 3863 καὶ
550 3810 862 3879 παγιώσας,
896 3812 1277 3886 ἀμετάϐλητον
1321 3817 1626 3887 ἀποφῆναι.
1660 3818 1852 3871 Πείθει
1893 3819 2003 3872 δει-

425 3898 514 3951 λία
564 3901 823 3971 τρώσασα
875 3904 1037 3975 νοῦνκ
1083 3905 1313 3977 ἀκράτῳ
1366 3906 1522 3978 φόϐῳ
1572 3906 2000 3976 κατασχεθέντα,

427 3991 625 4062 ῥᾳδίως
648 3993 1108 4050 ἀνταλλάττεσθαι
1135 3996 1391 4065 μεγάλων
1424 3996 1523 4050 καὶ
1555 3998 1699 4051 πάνυ
1731 3996 2003 4067 λαμπρῶν

425 4083 607 4155 φαῦλα
643 4085 739 4137 καὶ
789 4086 978 4155 γελοῖα
1027 4088 1369 4159 πράγματα,
1420 4089 1516 4142 καὶ
1563 4089 1633 4142 τὰ
1681 4078 2005 4159 δυσχερείας

426 4173 621 4242 μεστὰ,
649 4177 744 4229 καὶ
779 4178 1044 4249 μισητέα,
1076 4181 1173 4233 καί⁸
1223 4179 1518 4249 βδελυκτὲ.
1549 4180 1627 4244 ὡς
1678 4182 1744 4236 τὰ
1792 4181 2006 4246 τούτοις

424 4267 663 4336 ἐναντία,
691 4270 788 4324 σὺν
819 4270 1135 4343 εὐφροσύνῃ
1167 4271 1451 4344 δέχεσθαι,
1492 4271 1630 4343 πρὸς
1668 4274 1840 4344 μόνην
1871 4274 2007 4327 ἁπο-

423 4356 694 4411 6λέποντα
719 4359 816 4430 τὴν
847 4359 941 4413 τοῦ
974 4359 1279 4425 λυποῦντος
1308 4360 1658 4430 ἀπαλλαγήν.
1689 4362 1852 4415 Τουτὶ
1902 4380 2008 4417 πα-

426 4446 531 4500 θὼν
573 4448 851 4517 βασιλεὺς,
884 4449 1166 4520 βασιλείαν
1221 4450 1321 4520 μὲν
1367 4448 1539 4522 αὐτὴν
1590 4449 1748 4520 παρὰ
1795 4434 2018 4519 φαῦλον

426 4540 672 4609 θέμενος,
721 4540 783 4596 τὸ
816 4540 1247 4609 προσκυνεῖσθαι
1301 4541 1501 4612 μικρὸν
1547 4542 1877 4612 ἡγούμενος,
1918 4560 2007 4612 μι-

2096 2054 2270 2110 oculis
2296 2054 2461 2109 etiam
2495 2054 2768 2110 deteriora
2803 2052 3101 2124 pateretur,
3135 2066 3298 2121 quam
3346 2064 3468 2119 qua:
3520 2050 3686 2120 paulo

2097 2157 2223 2201 ante
2245 2146 2559 2202 minabatur
2583 2147 2672 2213 iis,
2698 2160 2726 2201 a
2746 2148 2950 2216 quibus
2971 2145 3088 2200 haec
3105 2145 3435 2216 patiebatur.
3463 2144 3533 2196 At
3556 2158 3684 2195 vero

2096 2238 2229 2307 quid
2260 2238 2365 2294 dici
2422 2237 2638 2309 turpius
2687 2239 2792 2293 hac
2837 2236 3143 2293 mutatione
3195 2238 3368 2307 possit
3413 2245 3682 2301 extrema,

2098 2338 2207 2384 tam
2242 2330 2424 2385 subito
2452 2330 2632 2386 facta?
2659 2329 2846 2396 Ranae,
2875 2332 2919 2386 si
2949 2330 3094 2385 nulla
3127 2346 3213 2385 res
3237 2336 3502 2386 terrorem
3530 2331 3686 2385 incn-

2094 2416 2217 2488 ‘tiat,
2250 2421 2302 2476 in
2329 2421 2497 2477 altum
2537 2437 2597 2477 se
2620 2434 2728 2477 non
2757 2422 3102 2499 demergunt,
3138 2433 3197 2479 ut
3232 2423 3432 2478 abditae
3487 2423 3685 2493 palude

2100 2526 2370 2582 nusquam
2389 2522 2709 2584 appareant.
2740 2506 2838 2568 Hic
2868 2528 3020 2579 vero,
3044 2514 3137 2585 qui
3175 2515 3308 2570 nulli
3346 2515 3682 2582 mortalium,

2094 2605 2192 2674 "qui
2230 2620 2471 2677 unquam
2495 2606 2846 2673 exstiterunt,
2871 2607 3360 2680 imaginationibus
3377 2625 3441 2665 ex
3466 2624 3526 2665 se
3551 2623 3687 2663 con-

2099 2697 2272 2767 ceptis
2298 2712 2396 2767 par
2425 2706 2565 2767 erat,
2598 2699 2653 2753 id
2696 2697 2878 2755 facere
2919 2701 3204 2768 sustinuit,
3242 2703 3385 2772 quod
3422 2718 3491 2758 ne
3531 2702 3687 2772 lepo-

2103 2804 2191 2846 res
2215 2790 2436 2861 quidem
2478 2791 2719 2860 faciunt,‘
2767 2791 3032 2865 fugiebat,
3067 2796 3346 2863 currebat,
3383 2810 3492 2852 non
3524 2796 3684 2868 quie-

2105 2881 2314 2949 scebat,
2333 2897 2458 2945 cum
2475 2899 2575 2941 nec
2594 2894 3013 2957 persequentem
3032 2898 3301 2953 cerneret,
3317 2902 3417 2943 nec
3435 2889 3688 2946 umbram

2092 2968 2223 3046 ejus
2279 2975 2510 3042 videret,
2566 2986 2662 3032 aut
2695 2992 2886 3033 vocem
2925 2976 3092 3032 ullam
3146 2978 3380 3034 audiret.
3433 2978 3689 3037 Fortasse

2104 3067 2493 3125 consolabatur
2541 3069 2820 3125 hominem
2891 3069 3006 3124 haec
3058 3071 3425 3141 perferentem
3455 3110 3469 3136 ,
3523 3080 3689 3140 atque

2105 3160 2269 3217 etiam
2302 3161 2587 3231 incitabat,
2629 3162 2817 3228 credo,
2847 3162 2913 3218 ad
2948 3178 3224 3218 summam
3252 3171 3307 3219 et
3344 3162 3691 3234 incompara-

2110 3253 2275 3310 bilem
2301 3253 2441 3310 hanc
2468 3248 2742 3310 insaniam
2769 3271 2786 3323 ;
2821 3255 2965 3325 quod
2989 3270 3106 3323 eos,
3141 3271 3279 3326 quos
3317 3266 3478 3311 antea
3507 3256 3688 3313 socios

2106 3342 2379 3400 habuerat
2410 3345 2768 3413 arrogantiae,
2796 3361 2940 3400 nunc
2961 3347 3132 3401 nihilo
3157 3362 3218 3403 se
3242 3347 3524 3418 segniores
3550 3348 3691 3419 fugae

2106 3434 2289 3489 socios
2324 3435 2690 3506 conspiceret.
2719 3433 2854 3490 Nam
2902 3436 3039 3490 nihil
3085 3438 3166 3492 eis
3215 3448 3335 3493 erat
3380 3436 3685 3508 antiquius,

2106 3542 2269 3597 quam
2303 3527 2383 3582 uti
2415 3528 2639 3584 domum
2666 3527 2933 3586 redirent.
2962 3525 3099 3586 Cum
3128 3530 3231 3586 hac
3257 3530 3572 3587 reversione
3594 3547 3692 3587 rex

2107 3634 2210 3674 nec
2252 3619 2345 3673 illa
2378 3610 2792 3690 commutasset,
2826 3621 3037 3692 absque
3067 3624 3269 3693 quibus
3297 3633 3455 3678 antea
3498 3640 3569 3680 ne
3610 3625 3692 3678 vi-

2105 3725 2234 3767 vere
2278 3711 2499 3782 quidem
2539 3715 2827 3770 voluisset.
2879 3715 3019 3770 Huic
3066 3715 3251 3771 omnia
3295 3718 3689 3786 postponebat,

2107 3803 2402 3873 ipsumque
2454 3804 2591 3863 adeo
2620 3820 2877 3875 regnum,
2911 3808 3038 3878 jure
3069 3807 3312 3864 debitum
3340 3810 3388 3865 ei
3422 3811 3688 3880 patrimo-

2107 3897 2284 3960 nium,
2319 3896 2465 3966 quod
2497 3897 2894 3967 amplissimum
2935 3914 2965 3954 a
2996 3907 3152 3970 patre
3185 3912 3492 3972 acceperat.
3522 3903 3695 3961 Nimi-

2108 4003 2230 4043 rum
2263 3996 2462 4055 metus,
2494 3989 2573 4045 uti
2616 3991 2853 4060 videtur,
2888 3993 2935 4049 si
2968 3995 3139 4049 semel
3184 3996 3428 4051 animum
3458 3982 3696 4068 occupa-

2107 4079 2268 4145 verit,
2300 4079 2679 4160 admirabilem
2710 4082 2817 4135 vim
2867 4083 3031 4138 habet
3056 4098 3127 4138 ex
3171 4100 3236 4140 eo
3267 4070 3498 4154 pellendi
3529 4101 3695 4143 omne

2109 4171 2355 4239 bonum;
2392 4172 2446 4226 in
2474 4181 2845 4230 consentanea
2879 4178 3217 4247 decenteque
3245 4179 3455 4235 ratione
3482 4168 3534 4235 id
3576 4182 3696 4236 aui-

2098 4276 2234 4331 ,mus
2252 4263 2523 4333 acquirat,
2550 4264 2713 4334 eique
2733 4273 2950 4336 tempus
2975 4267 3042 4322 ad
3076 4269 3296 4338 aliquod
3327 4272 3469 4326 adsit
3502 4288 3515 4323 :
3547 4275 3694 4344 quod

2111 4349 2204 4409 ubi
2251 4354 2444 4424 spatiis
2482 4356 2810 4426 quibusdam
2858 4358 3342 4427 intercedentibus,
3376 4367 3559 4419 animo
3604 4368 3696 4420 bo-

2112 4461 2240 4502 num
2272 4448 2452 4518 ipsum
2484 4449 2749 4517 infixerit,
2780 4452 3127 4524 solidumque
3163 4453 3396 4523 fecerit,
3432 4458 3692 4515 immuta-

2110 4537 2219 4592 bile
2249 4538 2518 4595 redditur.
2551 4540 2866 4610 Trepidatio
2911 4544 2957 4599 si
3012 4554 3251 4600 mentem
3302 4552 3691 4613 vulneraverit,

425 4631 561 4699 κροῦ
588 4631 687 4685 καὶ
720 4631 826 4685 ὑπὸ
868 4633 1087 4687 πάντων
1131 4631 1304 4686 ἐθνῶν
1346 4634 1480 4704 παρ’
1506 4633 1662 4686 οὐδέν
1696 4650 1749 4686 τι
1795 4633 1999 4702 λογιζό-

2114 4623 2409 4684 immodica
2441 4641 2748 4701 correptam
2781 4631 3098 4697 formidine,
3125 4635 3271 4690 facili
3294 4652 3414 4693 eam
3446 4654 3696 4695 momen-

430 4738 589 4787 μενος
627 4723 688 4774 τδ
735 4722 841 4775 ὑπὸ
888 4723 981 4776 τὸν
1032 4724 1125 4777 ὑπ’
1157 4724 1322 4777 αὐτὸν
1356 4725 1585 4793 μονονοὺ
1633 4725 1730 4778 καὶ
1771 4725 1862 4778 ῐσα
1885 4724 2007 4797 Θεῷ

429 4812 866 4882 θεραπεύεσθαι,
917 4815 1123 4885 ἑορτῶν
1164 4833 1226 4869 τε
1282 4815 1561 4886 ἀλογήσας
1616 4818 1711 4869 καὶ
1755 4815 2008 4887 πανηγύ-

430 4919 593 4970 ρεων,
645 4899 732 4966 αἷς
799 4903 1013 4976 ἔχαιρε,
1065 4904 1321 4975 βασίλειά
1370 4921 1431 4958 τε
1494 4904 1591 4958 καὶ
1644 4906 1869 4978 λουτρὰ,
1915 4906 2010 4960 καὶ⁹

427 4993 794 5063 παραδείσους
847 4996 1095 5060 ἐκείνους
1142 4997 1429 5069 περιιδὼν,
1461 4997 1497 5051 ἃ
1531 4999 1628 5051 καὶ
1676 4999 1771 5052 τοῦ
1805 5002 2007 5065 παντὸς

431 5086 727 5157 προετίμα,
771 5081 927 5158 οἶμαι
957 5086 1014 5142 δὲ
1041 5089 1138 5142 καὶ
1166 5091 1345 5160 νήσων
1373 5091 1621 5157 ἐκείνων,
1652 5090 1719 5153 ἃς
1754 5091 1867 5155 τοῖς
1906 5094 2009 5161 μά-

427 5192 626 5248 καρσιν
656 5179 965 5252 ἀπένειμαν
996 5182 1046 5236 οἱ
1074 5180 1199 5235 τότε
1227 5181 1661 5253 παραπαίοντες,
1690 5183 2007 5251 ἀσφοδελῶν

427 5286 485 5322 τε
517 5271 829 5340 λειμώνων,
866 5273 967 5326 καὶ
1005 5273 1264 5329 Ἠλυσίου
1315 5274 1524 5339 πεδίου,
1553 5276 1649 5328 καὶ
1686 5275 1798 5328 τῶν
1830 5277 2009 5330 τοιού-

428 5376 535 5413 των
597 5363 884 5431 ἁπάντων,
945 5366 1047 5437 τὴν
1106 5367 1318 5420 ίδιώτου
1383 5370 1580 5437 μοῖραν
1635 5367 1851 5439 ἐπῄνει,
1913 5360 2009 5420 καὶ

431 5453 682 5522 στέργειν
725 5455 943 5531 ἕτοιμος
987 5453 1056 5528 ἦν
1104 5455 1367 5525 δουλείαν,
1414 5460 1510 5510 καὶ
1560 5458 1740 5511 πάντα
1792 5460 2008 5530 φέρειν,

431 5544 592 5612 μόνον
620 5546 669 5598 εί
698 5544 947 5611 σώζοιτο.
983 5549 1161 5604 Λίθων
1191 5550 1251 5604 δὲ
1282 5551 1510 5606 ἐκείνων
1544 5551 1655 5604 τῶν
1685 5553 1896 5606 πολλῶν
1947 5572 2007 5606 τε

430 5638 525 5690 καὶ
553 5638 757 5707 καλῶν,
788 5641 884 5693 καὶ
914 5642 1194 5713 μεγάλων,
1227 5639 1309 5706 οἷς
1350 5645 1715 5713 ἐκεκόσμητο,
1749 5646 1840 5701 καὶ
1875 5646 2009 5699 πλα-

428 5731 591 5781 τὲ.νου
631 5733 731 5800 τῆς
770 5733 1003 5804 χρυσῆς,
1040 5738 1136 5787 καὶ
1180 5734 1245 5806 δὴ
1282 5737 1376 5788 καὶ
1415 5734 1583 5805 τύφου
1639 5737 1842 5802 παντὸς
1893 5739 2010 5791 ἐπι-

430 5819 781 5891 λελησμένος,
841 5826 1125 5894 ἠσπάζετό
1172 5844 1231 5881 τε
1291 5830 1507 5894 πενίαν,
1572 5829 1667 5881 καὶ¹
1725 5830 2009 5900 προύτίθει

432 5916 717 5986 σχήματος
756 5919 918 5987 μόνον
962 5921 1063 5997 οὐκ
1112 5921 1419 5975 ἀθανασίαν
1462 5920 1615 5991 αύτῷ
1644 5924 2004 5995 παρέχοντο;.

2115 4731 2171 4777 to
2202 4721 2452 4791 impellit,
2484 4733 2547 4777 ut
2581 4737 2704 4777 cum
2740 4724 2952 4791 magnis
2979 4733 3034 4779 et
3071 4727 3229 4781 valde
3266 4727 3566 4796 splendidis
3612 4748 3697 4786 re-

2113 4814 2219 4868 bus
2275 4814 2404 4868 vilia
2438 4814 2780 4884 ridiculaque
2808 4824 3146 4882 commutet;
3178 4811 3432 4888 acmlena
3467 4819 3698 4876 difﬁcul-

2114 4903 2262 4970 tatis,
2298 4903 2532 4974 odioque
2581 4911 2636 4959 et
2677 4907 3054 4961 exsecratione
3086 4907 3270 4975 digna,
3319 4909 3482 4964 veluti
3520 4912 3563 4966 si
3613 4911 3699 4966 his

2112 4997 2390 5053 contraria
2440 4997 2621 5052 forent
2653 5010 2777 5053 cum
2817 4997 3113 5067 voluptate.
3144 4990 3318 5055 solam
3348 5002 3588 5057 molesta:
3618 4988 3696 5060 rei

2115 5091 2580 5162 propulsationem
2615 5102 2894 5160 spectans.
2922 5089 3207 5161 suscipiat.
3242 5091 3357 5149 Hoc
3396 5110 3520 5150 cum
3573 5098 3699 5152 huic

2117 5198 2336 5252 quoque
2363 5184 2474 5253 regi
2510 5181 2820 5243 accidiSset.
2849 5197 3080 5256 regnum
3109 5185 3289 5255 ipsum
3331 5188 3696 5260 vilipendcns,

2115 5275 2493 5329 adorationem
2524 5272 2907 5343 parvifaciens,
2937 5291 3043 5347 qua
3074 5292 3243 5347 prope
3267 5282 3484 5338 cunctis
3511 5297 3539 5337 a
3569 5298 3700 5353 gen-

2116 5367 2265 5422 tibus
2312 5368 2638 5435 colebatur;
2694 5383 2795 5438 pro
2825 5370 2998 5425 nihilo
3054 5371 3284 5439 ducens,
3335 5377 3481 5446 quod
3520 5377 3638 5431 suis
3669 5393 3700 5431 a

2113 5459 2350 5514 subditis
2393 5460 2443 5515 ei
2480 5454 2662 5514 cultus
2717 5475 2884 5530 prope
2929 5461 3114 5519 divino
3142 5475 3262 5533 ‘par
3292 5466 3647 5521 exhiberetur
3682 5484 3699 5530 ;

2115 5551 2373 5621 neglectis
2390 5561 2443 5606 et
2464 5552 2906 5607 solemnitatibus
2918 5561 2972 5607 et
2989 5552 3238 5608 ludorum
3262 5553 3699 5612 celebritatibus.

2114 5643 2319 5713 quibus
2342 5643 2544 5712 alioqui
2569 5644 2965 5709 delectabatur,
2992 5647 3280 5717 reginsque
3309 5662 3435 5702 cum
3462 5648 3698 5704 lavacris

2114 5746 2168 5790 et
2197 5736 2467 5806 paradisis
2499 5745 2847 5807 aspernatus,
2902 5752 3024 5805 qua:
3073 5740 3250 5795 cuivis
3304 5740 3382 5795 rei
3439 5739 3699 5809 praeferre

2113 5829 2364 5895 solebat;
2418 5829 2682 5900 itemque,
2727 5844 2848 5885 mea
2891 5845 3022 5885 sane
3059 5834 3340 5901 opinione,
3376 5835 3498 5889 illas
3546 5835 3698 5903 ipsas
3747 5907 3750 5911 _

2116 5924 2347 5990 insulas,
2379 5938 2519 5994 quas
2546 5936 2736 5978 eorum
2756 5930 3060 5994 temporum
3076 5924 3237 5980 deliri
3255 5926 3505 5981 homines
3527 5926 3699 5982 beatis

3563 463 3669 531 303
3782 438 3791 447 ’
