3958 6420
262 488 368 552 399

1432 483 1835 548 MANUELIS
1864 479 2315 560 PALIEOLOGI

3411 481 3522 544 400

261 607 650 667 attribuerunt,
700 619 825 660 cum
876 604 1130 660 herbosis
1165 603 1276 660 illis
1327 614 1520 675 pratis,
1583 615 1633 660 et
1667 602 1835 674 Elysit

1955 600 2068 656 Καὶ
2119 599 2226 669 μὴν
2255 598 2485 662 εἰκότως
2529 598 2596 654 ἀν
2625 615 2708 662 τις
2755 598 2900 652 εῐποι
2950 597 3195 663 κάκεῖνο,
3224 597 3308 651 ὅτι
3349 597 3412 668 δὴ
3442 598 3540 651 καὶ

261 715 480 768 campo,
506 698 697 752 etaliis
722 696 1034 768 hujusmodi
1061 695 1316 752 omnibus
1343 714 1356 750 :
1384 696 1578 766 privati
1607 696 1844 751 hominis

263 802 464 846 sortem
492 791 828 844 laudabatac
850 790 1167 843 servitutem
1197 773 1429 842 tolerare
1457 799 1680 856 paratus
1703 795 1846 850 erat,

260 877 559 945 omniaque
592 876 754 940 ferre,
791 874 954 930 modo
986 876 1170 930 salvus
1190 877 1469 930 evaderet.
1494 875 1846 930 Gemmarum

265 985 419 1032 vero.
447 970 650 1040 quibus
690 977 744 1024 et
777 969 982 1030 multis,
1033 978 1088 1024 et
1117 969 1382 1040 pulchris,
1415 978 1468 1022 et
1513 969 1728 1039 magnis
1760 984 1851 1024 or-

265 1072 427 1116 natus
445 1069 585 1126 erat,
612 1075 898 1130 aureasque
918 1061 1141 1127 platani,
1168 1068 1221 1115 et
1243 1060 1416 1116 fastus
1429 1061 1609 1116 omnis
1623 1061 1846 1126 oblitus,

264 1163 639 1222 paupertatem
682 1152 1130 1221 amplectebatur,
1171 1152 1332 1221 eique
1377 1151 1646 1222 maiestati
1695 1161 1850 1206 ante-

263 1244 521 1310 ponebat,
558 1259 679 1313 qua:
713 1244 817 1314 ipsi
850 1251 1059 1297 tantum
1094 1259 1204 1298 non
1234 1243 1708 1299 immortalitatem
1739 1243 1850 1297 lar-

263 1339 530 1405 giebatur.
565 1335 674 1390 Nec
700 1340 796 1392 abs
831 1352 888 1390 re
917 1337 1040 1406 quis
1061 1337 1283 1404 dixerit,
1301 1353 1448 1402 eum,
1469 1352 1580 1407 quo
1598 1347 1850 1407 tempore

258 1443 426 1483 nemo
478 1443 586 1481 non
646 1428 744 1498 ipsi
782 1430 1114 1484 assentando
1141 1429 1542 1493 blandiebatur,
1598 1430 1849 1484 futurum

257 1527 488 1588 putasse
516 1527 574 1572 ut
628 1521 1057 1578 immortalitatis
1105 1538 1326 1593 quoque
1363 1533 1592 1598 propter
1621 1539 1851 1594 regnum

263 1611 540 1682 particeps
573 1612 816 1668 iierct.ld
840 1614 985 1667 enim
1015 1628 1232 1684 semper
1254 1614 1308 1668 in
1335 1615 1529 1669 melius
1555 1623 1667 1669 tum
1697 1629 1850 1680 cura,

260 1711 379 1758 tum
410 1703 612 1759 virtute
641 1721 741 1758 sua
786 1705 1114 1774 provehens,
1159 1705 1281 1761 loco
1327 1707 1513 1776 pontis
1553 1716 1609 1762 et
1655 1707 1854 1778 gradus

259 1794 333 1848 ad
361 1804 636 1864 speratam
672 1796 1144 1857 immortalitatem
1177 1795 1282 1852 sibi
1316 1795 1433 1852 fore
1460 1798 1734 1863 credebat,
1770 1807 1854 1852 at-

265 1901 371 1952 que
396 1884 538 1940 hanc
566 1885 828 1952 vicissim,
857 1899 981 1957 post
1023 1887 1239 1958 longam
1270 1889 1322 1942 in
1359 1889 1520 1944 ternis
1547 1903 1855 1945 commora-

1952 692 2158 760 ταύτης
2185 689 2461 758 ἐνόμιζεν,
2495 690 2661 760 ἡνίκα
2711 690 2864 760 παρά
2898 690 3120 743 πάντων
3148 687 3536 752 ἔκολακεύετο,

1955 784 2204 854 μεθέξειν
2239 783 2330 838 διὰ
2378 782 2479 853 τὴν
2523 783 2827 853 βασιλείαν.
2884 783 3148 835 Ἔσεσθαι
3207 783 3318 851 γὰρ
3365 781 3537 850 αὐτὴν

1954 875 2172 945 ἐκείνῳ,
2198 874 2550 928 ὲπιδιδοῦσαν
2599 876 2710 928 αἰεὶ
2749 875 2886 942 πρὸς
2930 875 3177 944 ἄμεινον,
3215 873 3538 943 ἐπιμελείας

1952 968 2050 1036 τῆς
2083 966 2248 1020 αὐτοῦ
2275 967 2371 1020 καὶ
2409 966 2616 1036 ἀρετῆς
2644 967 2852 1026 εἵνεκα.
2895 967 3142 1034 γέφυραν
3168 966 3264 1020 καὶ
3290 963 3540 1035 κλίμακα

1953 1057 2054 1127 τῆς
2107 1057 2473 1128 ἐλπιζομένης
2510 1057 2852 1120 ἀθανασίας’
2885 1058 2982 1111 καὶ
3038 1058 3216 1128 αὐτὴν
3263 1073 3327 1124 γε
3373 1055 3540 1108 πάλιν

1953 1148 2125 1220 γέρας
2151 1152 2248 1220 τῆς
2281 1148 2562 1220 βασιλείας
2607 1149 2746 1218 μετά
2787 1153 3012 1220 μακρὰν
3052 1151 3153 1219 τὴν
3186 1149 3378 1204 ινθάδε
3417 1147 3540 1201 δια-

1953 1241 2171 1312 τριϐήν.
2217 1241 2363 1294 Ἀλλ’
2393 1243 2493 1295 οὐκ
2528 1241 2657 1309 ὲνῆν
2705 1243 2988 1312 τραπέντα
3020 1241 3202 1312 ψυχὴν
3255 1243 3356 1312 τὴν
3393 1244 3538 1308 γνὼο

1959 1349 2068 1401 μην
2100 1334 2274 1402 ἴσχειν
2314 1333 2610 1402 ἀκίνητον
2640 1333 2787 1387 ὥστε
2837 1333 2938 1403 τὴν
2983 1333 3085 1402 μὲν
3126 1332 3414 1403 βασιλείαν
3451 1333 3542 1385 εύ-

1955 1423 2072 1490 θὺς,
2107 1426 2206 1477 καὶ
2236 1425 2264 1478 ὅ
2289 1426 2342 1478 τί
2369 1441 2477 1493 περ
2519 1425 2722 1493 σεμνὸν
2775 1426 2948 1496 αὐτὴν
2997 1427 3289 1496 ἀποφαίνοι
3323 1427 3537 1498 χρῆμα,

1954 1515 2153 1579 ἐξέωσε
2205 1516 2306 1586 τῆς
2346 1519 2568 1586 μνήμης
2598 1532 2614 1549 ⁸
2655 1517 2724 1570 τὰ
2749 1519 2959 1589 ταύτης
2995 1518 3054 1572 δὲ
3099 1519 3232 1591 ﬁla
3287 1519 3384 1572 καὶ
3418 1535 3542 1588 τερ-

1955 1607 2088 1675 πνὰ,
2123 1607 2269 1678 ἀπερ
2297 1609 2365 1662 ἂν
2401 1604 2560 1679 οἶμαι
2597 1609 2789 1664 τοῦτον
2825 1611 3148 1680 προτιθέναι
3196 1610 3294 1664 καὶ
3323 1607 3539 1679 ἀμϐρο-

1957 1699 2078 1762 σίας
2107 1701 2205 1754 καὶ
2235 1701 2524 1770 νέκταρος,
2554 1703 2666 1755 τῶν
2697 1701 2976 1770 λογισμῶν
2999 1702 3268 1756 διεώσατο
3298 1703 3500 1765 τελέως
3519 1717 3535 1733 ·

1954 1791 2050 1844 καὶ
2082 1791 2433 1862 ἀμωσγέπως
2461 1792 2583 1846 οὐδὲ
2616 1793 2898 1863 ἐμέμνητο
2925 1793 3026 1864 τῆς
3051 1793 3184 1863 πρὶν
3217 1793 3536 1864 ἐμπλήκτου

1959 1884 2312 1953 παραφορᾶς.
2375 1883 2464 1947 Ὦς
2509 1885 2689 1952 ἔγωγε
2755 1881 2936 1955 οἴμαι,
2977 1884 3035 1936 ετ
3083 1900 3172 1947 τις
3222 1886 3375 1956 αύτῷ
3408 1884 3540 1954 περὶ

265 1978 494 2042 tionem,
527 1977 681 2048 regni
723 1977 1029 2048 praemium.
1068 1977 1175 2034 Sed
1219 1979 1334 2034 ﬂeri
1381 1995 1487 2034 non
1525 1989 1758 2050 poterat.
1799 1997 1828 2035 ιι

1964 1975 2248 2046 βατιλείος
2281 1976 2376 2030 καὶ
2405 1975 2517 2030 τῶν
2556 1976 2774 2049 ἐκείνης
2821 1976 3051 2047 ἀγαθῶν
3078 1977 3387 2046 τηνικαῦτα
3421 1975 3538 2028 δια-ι

255 2069 455 2123 .animo
517 2078 812 2137 mutatus,
874 2081 1109 2126 mentem
1185 2071 1466 2127 immotam
1544 2075 1853 2130 retineret:

263 2165 452 2231 itaque
478 2175 600 2216 mox
632 2170 688 2217 et
718 2177 972 2232 regnum,
999 2172 1054 2218 et
1078 2163 1347 2234 quidquid
1377 2165 1496 2235 ejus
1518 2175 1667 2222 esset
1695 2181 1858 2238 gene-

261 2251 361 2317 ris,
397 2261 456 2306 ut
496 2262 741 2324 augustae
768 2255 850 2311 rei
895 2270 1094 2312 nomen
1125 2272 1294 2327 regno
1338 2259 1682 2326 conciliaret,
1744 2273 1856 2314 me-

262 2342 435 2397 moria
485 2344 756 2412 exclusit;
791 2361 1025 2417 quaeque
1075 2362 1247 2418 regno
1293 2348 1536 2416 jucunda
1587 2352 1852 2414 inessent,

251 2433 567 2489 existimata
593 2435 924 2507 carteroquin
968 2437 1037 2492 ab
1069 2437 1187 2508 ipso
1221 2445 1330 2493 tam
1360 2440 1653 2506 ambrosia,
1688 2457 1850 2512 quam

253 2521 477 2581 nectare
519 2527 757 2598 potiora,
805 2543 1036 2598 prorsus
1095 2545 1126 2585 e
1176 2531 1602 2600 cogitationibus
1641 2535 1849 2605 ejecit;

255 2617 607 2686 quodamque
665 2618 839 2674 modo
905 2619 1053 2674 illius
1103 2622 1349 2690 pristinae
1401 2623 1719 2694 stolidaeque
1763 2626 1849 2678 in-

257 2723 433 2764 saniae
474 2725 544 2764 ne
575 2711 794 2780 quidem
825 2713 1174 2778 meminerat,
1213 2723 1270 2768 ut
1298 2715 1550 2784 equidem
1587 2717 1843 2785 arbitrer,

257 2801 302 2854 si
330 2801 458 2871 quis
485 2801 550 2856 de
575 2793 767 2872 regno,
797 2801 974 2874 deque
1000 2804 1153 2873 regni
1177 2804 1355 2873 bonis,
1381 2805 1448 2860 ad
1467 2821 1593 2872 eum
1624 2807 1676 2862 id
1706 2816 1848 2864 tem-

250 2893 408 2961 poris
443 2893 824 2959 disseruisset,
853 2902 909 2950 et
935 2897 1388 2954 molestissimum
1417 2899 1467 2954 ei
1500 2899 1772 2967 futurum,
1792 2909 1849 2956 et

255 2983 495 3040 fortasse
530 2987 1017 3056 reprehensionem
1049 3005 1268 3060 quoque
1299 2991 1609 3048 subiturum
1650 2991 1842 3048 fuisse.

253 3075 416 3146 Atqui
443 3078 622 3146 prius,
655 3093 777 3134 cum
802 3079 870 3134 ab
890 3081 1041 3134 omni
1065 3081 1364 3137 sobrietate
1387 3097 1616 3153 prorsus
1634 3084 1844 3140 alienus

244 3175 416 3233 esset,
442 3176 497 3221 et
541 3168 882 3237 admittebat,
918 3182 971 3226 et
1015 3172 1468 3242 amplectebatur,
1518 3181 1573 3228 et
1620 3174 1842 3247 largiter

1959 2066 2194 2136 λέγοιτο,
2233 2067 2342 2122 κᾶν
2368 2067 2785 2138 ὲπαχθέστατος
2827 2069 3003 2136 δόξαι,
3032 2072 3126 2124 καί
3157 2086 3262 2123 που
3290 2069 3386 2124 καὶ
3415 2071 3538 2122 ἐπι-

1957 2159 2182 2230 τίμησίν
2237 2178 2360 2215 τινα
2409 2159 2541 2230 παρ’
2592 2159 2760 2216 αὐτοῦ
2823 2161 3105 2228 δέξασθαι.
3177 2161 3370 2216 Καίτοι
3437 2163 3535 2214 καὶ

1957 2253 2196 2322 ἐδέχετο,
2227 2256 2321 2307 καὶ
2367 2256 2672 2325 ἠσπάζετο,
2719 2255 2815 2310 καὶ
2873 2257 3089 2325 συχνοῖς
3135 2254 3535 2325 ἠμείϐετοςδὼ-

1957 2361 2098 2415 ροις,
2143 2346 2307 2400 ὁπότε
2356 2349 2644 2412 παντελῶς
2689 2350 3101 2418 ἀσωφρόνιστος
3150 2343 3254 2420 ἦν,
3299 2349 3354 2402 εί
3389 2365 3535 2410 τινες

1956 2438 2164 2492 ἐκεῖνον
2189 2439 2460 2517 ἐτίμησαν
2486 2440 2576 2494 ίσα
2601 2443 2716 2505 τοῖς
2744 2443 2801 2495 έν
2829 2440 3044 2511 οὐρανῷ
3067 2441 3531 2505 πολιτευομένοις,

1955 2530 2050 2584 καὶ
2086 2531 2185 2600 τῆς
2217 2532 2409 2585 αὐτόθι
2472 2533 2697 2604 χάριτος
2740 2533 3132 2588 ἀπολαύουσιν.
3172 2533 3313 2587 Ἀλλ’
3356 2533 3458 2604 οὐχ
3503 2536 3535 2587 6

1954 2626 2148 2696 πρώην
2174 2623 2380 2695 Ξέρξης
2405 2620 2494 2696 ἦν,
2516 2627 2990 2698 μετενηνεγμένος
3019 2630 3081 2682 ὲκ
3112 2629 3222 2681 τῶν
3249 2629 3532 2698 προτέρων

1955 2717 2094 2788 πρὸς
2143 2717 2428 2784 τάναντία,
2464 2721 2492 2772 6
2545 2718 2723 2774 ταῦτα
2782 2721 2907 2774 τότε
2956 2721 3452 2793 διαπραττόμενος,
3501 2723 3532 2775 6

1951 2811 2140 2872 πολὺς,
2168 2811 2196 2862 6
2229 2810 2424 2879 μέγας,
2453 2811 2480 2864 6
2511 2809 2742 2881 θρασὺς,
2769 2812 2798 2864 6
2828 2811 3165 2884 ὑπερόπτης,
3185 2811 3214 2864 6
3241 2811 3529 2883 ὑϐριστὴς,

1946 2901 1976 2954 6
2010 2899 2359 2966 κινδυνεύων,
2395 2900 2472 2963 ῶς
2513 2917 2580 2969 γε
2633 2902 2909 2971 ἐφαίνετο,
2941 2903 3036 2958 καὶ
3089 2903 3226 2974 πρὸς
3273 2903 3335 2956 τὸ
3383 2901 3530 2956 θετον

1943 2992 2050 3062 ἤδη
2085 2991 2392 3062 κεχρῆσθαί
2431 3009 2576 3047 τισιν
2626 2993 2907 3065 ἁμίλλαις,
2939 2995 3057 3050 ἀλλ’
3102 2995 3291 3067 ἕτερός
3313 3013 3400 3060 τις
3431 2994 3526 3048 τού

1945 3086 2116 3141 πάλαι
2161 3085 2386 3158 Ξέρξου,
2418 3088 2512 3141 καὶ
2566 3088 2745 3158 πάντη
2802 3089 2972 3153 ξένος.
3028 3089 3103 3142 Τὸ
3143 3089 3251 3159 γὰρ
3295 3089 3359 3158 δὴ
3392 3089 3528 3158 πρὸς

1945 3179 2049 3250 γῆν
2078 3179 2308 3233 κύπτειν
2345 3181 2682 3252 μεταμελείᾳ
2710 3181 2814 3253 τὴν
2870 3181 3117 3252 κεφαλὴν
3159 3181 3524 3257 βαρυνόμενον

251 3259 714 3316 remunerabatur
742 3301 759 3328 ,
813 3263 860 3319 si
889 3264 978 3333 qui
1017 3280 1140 3319 eum
1183 3267 1300 3333 pari
1332 3281 1456 3320 cum
1492 3265 1600 3324 diis
1636 3266 1835 3322 coaliti-

1941 3273 2041 3326 ούκ
2082 3267 2150 3344 ἦν
2197 3273 2298 3343 τῆς
2345 3273 2628 3346 προτέρας
2683 3271 3070 3350 ὑπεροψίας,ᾖ
3101 3293 3166 3346 γε
3225 3275 3523 3348 σύντροφος

249 3349 358 3408 bus
405 3361 460 3406 et
491 3352 699 3407 caelesti
739 3354 912 3424 gratia
961 3354 1369 3425 perh'uentibus
1397 3356 1605 3412 honore
1629 3356 1833 3413 coluis-

250 3439 678 3498 sent.'Sedenim
718 3442 785 3498 de
817 3445 1092 3515 prioribus
1117 3447 1184 3500 ad
1215 3446 1492 3502 contraria
1527 3445 1833 3512 traductus,

250 3547 361 3586 non
416 3532 529 3602 jam
593 3533 858 3603 pristinus
908 3535 999 3592 ille
1052 3536 1260 3592 Xerxes
1313 3543 1484 3603 erat,
1554 3537 1650 3607 qui
1720 3536 1836 3592 haec

243 3635 362 3677 tum
431 3624 659 3700 agebat,
727 3626 1007 3694 celebris,
1078 3629 1328 3698 inquam,
1371 3629 1485 3693 ille,
1549 3645 1830 3700 magnus,

244 3716 448 3782 audax,
481 3699 682 3782 elatus,
711 3717 981 3783 insolens,
1010 3720 1104 3788 qui
1145 3734 1338 3788 parum
1363 3721 1570 3786 aberat,
1597 3699 1676 3776 uti
1705 3723 1832 3793 qui-

245 3811 369 3864 dem
399 3809 716 3880 apparebat,
752 3810 888 3880 quin
915 3825 1041 3864 cum
1069 3811 1187 3879 ipso
1215 3811 1324 3866 Deo
1349 3821 1622 3867 certamen
1654 3814 1830 3870 susci-

257 3910 434 3968 peret,
481 3902 578 3955 sed
614 3901 756 3956 alius
783 3901 852 3955 ab
881 3899 978 3954 ιιιο
1002 3902 1281 3970 quondam
1317 3900 1521 3969 Xerxe,
1557 3903 1829 3976 planeque

243 3992 518 4046 diversus.
555 3989 689 4046 Nam
711 4005 775 4046 ex
800 3991 1150 4060 poenitentia,
1186 3993 1348 4063 quasi
1379 3993 1424 4049 si
1456 4010 1622 4065 grave
1663 4005 1830 4066 caput

242 4090 412 4146 esset,
444 4081 633 4136 oculos
669 4082 726 4136 in
795 4090 997 4137 terram
1053 4083 1311 4155 deﬁgere”,
1369 4099 1478 4141 non
1514 4087 1663 4144 illius
1703 4097 1825 4142 erat

244 4174 516 4242 superbiat
563 4174 785 4245 prioris,
837 4174 929 4232 cui
963 4175 1158 4245 primis
1186 4178 1256 4232 ab
1307 4177 1467 4234 annis
1520 4179 1825 4235 innutritus

238 4272 383 4330 erat,
417 4275 470 4321 et
503 4265 710 4335 absque
732 4280 837 4336 qua
867 4281 937 4324 ne
978 4270 1241 4346 temporis
1265 4270 1487 4340 quidem
1541 4280 1826 4325 momento

241 4358 490 4427 conspici
518 4368 751 4429 poterat.
789 4357 977 4424 Itaque
1018 4362 1245 4416 materie
1291 4361 1506 4416 Xerxes
1531 4361 1674 4416 idem
1708 4377 1825 4415 ma-

241 4461 385 4501 nens
421 4448 570 4517 (nam
603 4448 722 4503 ﬁeri
769 4454 981 4503 natura:
1011 4449 1244 4504 mutatio
1289 4449 1600 4520 nequibat).
1641 4449 1822 4504 forma

239 4548 486 4594 extreme
511 4545 746 4606 mutata,
783 4540 999 4596 cunctis
1030 4543 1328 4596 maximam
1361 4541 1432 4595 de
1462 4557 1520 4596 se
1546 4542 1823 4611 praebebat

1940 3368 2172 3430 ἐκεῖνος,
2200 3369 2297 3421 καὶ
2325 3363 2396 3440 ἧς
2442 3369 2618 3438 χωρὶς
2668 3368 2782 3421 οὐδ’
2811 3369 2871 3422 ὲν
2924 3369 3130 3436 ἀκαρεῖ
3179 3369 3275 3422 τοῦ
3326 3370 3520 3439 χρόνου

1937 3453 2128 3509 τοῦτον
2169 3453 2240 3528 ἦν
2288 3447 2568 3526 θεαθῆναι.
2613 3458 2779 3512 Ὥστε
2815 3458 2918 3529 τὴν
2951 3459 3084 3528 ὓλην
3127 3461 3156 3513 6
3188 3460 3355 3523 αὐτὸς
3388 3459 3520 3529 Ξέρ-

1938 3547 2037 3616 ξης
2069 3541 2250 3618 μένων
2279 3548 2362 3620 (ού
2403 3548 2514 3619 γὰρ
2547 3548 2677 3620 ἐνῆν
2721 3550 2823 3621 τὴν
2849 3549 3014 3620 φύσιν
3047 3551 3399 3623 μεταϐαλεῖν)
3421 3591 3436 3616 ,
3459 3553 3520 3607 τὸ

1934 3633 2075 3703 εἶδος
2127 3639 2314 3710 ἄκρως
2362 3639 2630 3710 ἀμείψας,
2661 3641 2877 3706 πάντας
2932 3659 2997 3711 γε
3043 3647 3272 3714 παρεῖχε
3305 3643 3517 3714 θαυμά-

1933 3730 2072 3795 ζειν,
2105 3731 2166 3784 ού
2204 3731 2537 3802 φιλοσοφῶν,
2573 3732 2635 3786 ού
2683 3733 3020 3805 μετριάζων,
3052 3733 3258 3801 πόθεν;
3289 3737 3516 3790 τούναν-

1931 3823 2048 3878 τίον
2105 3825 2206 3894 μὲν
2278 3823 2392 3890 οὖν,
2444 3824 2523 3888 ὡς
2601 3824 2682 3897 μὴ
2761 3827 3098 3896 γεγευμένος
3167 3825 3512 3897 φιλοσοφίας.

1929 3915 2256 3986 μετριάζειν
2281 3916 2670 3988 διδασκούσης.
2701 3916 2930 3990 ταύτης
2963 3919 3074 3990 γὰρ
3123 3914 3279 3982 οὗτος
3308 3918 3514 3990 ἔρημος

1929 4008 2030 4074 ὣν,
2081 4009 2257 4074 οὕτως
2309 4013 2566 4080 ἀκόσμως
2618 4012 2896 4084 ἐχρήσατο
2953 4013 3020 4084 τῇ
3076 4011 3384 4082 μεταϐολῇ,
3436 4012 3514 4075 ὡς

1931 4102 2252 4174 ἀποκρύψαι
2304 4103 2477 4174 ταύτῃ
2531 4103 2866 4169 πολύποδας,
2895 4103 2992 4157 καὶ
3044 4103 3217 4173 λῆρον
3264 4104 3512 4163 ἅπαντας

1929 4193 2211 4262 ἀποφῆναι
2241 4194 2368 4257 τοὺς
2401 4192 2824 4264 χαμαιλέοντας.
2857 4195 2965 4248 Καὶ
3011 4194 3118 4265 γὰρ
3163 4194 3193 4247 6
3223 4193 3376 4266 ἣρως
3419 4193 3510 4248 ού-

1928 4284 2070 4345 τοσὶ,
2099 4284 2301 4354 μᾶλλον
2331 4283 2388 4337 δὲ
2428 4286 2454 4337 6
2504 4283 2596 4338 καὶ
2643 4285 2871 4352 τούτους
2913 4284 3081 4348 αὐτὸς
3124 4284 3342 4356 παριὼν
3380 4285 3509 4347 τοὺς

1927 4375 2137 4444 ἥρωας,
2173 4374 2250 4438 ῶς
2302 4391 2367 4442 γε
2418 4372 2576 4445 ᾤετο,
2615 4374 2712 4428 καὶ
2757 4375 2908 4445 Ἴρου
2963 4381 3089 4428 τότε
3143 4375 3238 4429 τού
3278 4376 3510 4445 πένητος

1926 4464 2312 4534 ταπεινότερον
2357 4464 2681 4535 ἐφρόνησεν.
2739 4466 2930 4528 Οὕτως
2981 4464 3040 4530 ἐξ
3097 4465 3315 4537 αἰθέρος
3365 4465 3509 4534 πρὸς

1927 4557 2161 4612 ἄϐυσσον
2195 4556 2591 4622 ἀποπέπτωκε,
2628 4555 2982 4625 κατενεγκὼν
3030 4556 3130 4627 μὲν
3164 4557 3262 4627 τὴν
3308 4545 3503 4629 ὀφρὺῦ,

240 4631 663 4686 admirationem
695 4650 710 4688 :
745 4647 855 4687 non
887 4633 1352 4703 philosophando,
1382 4646 1488 4685 non
1533 4632 1817 4687 moderate

1937 4647 2275 4715 κατενεγκὼν
2302 4648 2360 4702 δὲ
2387 4648 2552 4716 δγκον
2590 4649 2686 4702 καὶ
2721 4648 2983 4718 φρόνημα
3008 4663 3023 4677 ο
3053 4647 3219 4717 ῥίψας
3271 4648 3372 4718 μὲν
3405 4649 3506 4717 τὴν

240 4737 302 4778 se
336 4725 596 4794 gerendo,
616 4724 878 4796 (quonam
903 4725 1196 4795 idpacto?)
1221 4723 1316 4778 sed
1333 4724 1450 4778 \ice
1470 4737 1649 4788 versa,
1675 4725 1821 4793 quod

238 4816 666 4886 philosophiam,
741 4817 1130 4872 moderationis
1182 4815 1524 4884 magistram,
1568 4829 1676 4869 non
1721 4815 1820 4870 de-

237 4916 529 4976 gustasset.
561 4910 644 4965 Ab
681 4925 744 4964 ea
771 4908 1088 4972 destitutus,
1126 4909 1178 4961 in
1213 4904 1598 4962 vicissitudine
1628 4921 1817 4960 rerum
1862 4905 1872 4915 '

237 5001 374 5055 adeo
404 5015 463 5054 se
492 5001 778 5056 inhoneste
811 5000 1000 5068 gessit,
1031 5013 1087 5053 ut
1125 5007 1180 5053 et
1230 4997 1462 5069 polypos
1491 4999 1818 5053 obscuraret

234 5101 290 5146 et
313 5092 759 5155 chamazleontes,
788 5106 968 5146 meras
991 5105 1102 5160 pra:
1126 5105 1184 5158 se
1208 5105 1384 5160 nugas
1423 5089 1648 5148 faceret.
1677 5088 1814 5144 Nam

225 5186 397 5238 heros
420 5184 544 5246 iste,
569 5183 652 5236 vel
679 5184 772 5252 qui
808 5184 990 5252 potius
1039 5182 1187 5252 ipsos
1245 5181 1454 5237 anteire
1481 5197 1540 5236 se
1591 5183 1817 5252 putabat

235 5276 657 5338 lteroas,animo
685 5275 1110 5345 tntndejectiore
1159 5290 1323 5345 quam
1351 5274 1576 5330 lrnsille
1596 5276 1811 5330 mendi-

231 5382 330 5420 cus
388 5374 526 5419 erat.
558 5364 649 5420 Sic
687 5367 753 5420 ad
776 5369 1032 5439 abyssum
1065 5382 1133 5424 ex
1183 5371 1386 5423 mthere
1425 5368 1650 5432 decidit,
1700 5377 1808 5422 tam

231 5458 561 5527 superciliis,
588 5474 751 5528 quam
803 5470 1019 5515 tumore
1043 5449 1352 5531 spirituque
1382 5461 1605 5532 deiectis
1634 5478 1650 5528 ;
1685 5476 1808 5515 cum

231 5551 448 5606 leonina
469 5553 628 5622 pelle,
658 5553 857 5610 ferocia
874 5569 1094 5624 quoque
1110 5555 1353 5625 deposita
1381 5571 1395 5610 :
1424 5566 1531 5608 tam
1557 5556 1809 5608 absolute

228 5643 465 5712 deni-pte
501 5655 742 5700 mutatus
771 5662 834 5701 ex
868 5647 975 5700 alio
1033 5649 1084 5701 in
1152 5649 1343 5710 alium,
1381 5649 1545 5701 vitam
1591 5657 1646 5700 ut
1695 5648 1808 5715 ipse

229 5750 383 5789 suam
443 5739 669 5803 odisset,
719 5740 1080 5810 amentia:th
1117 5755 1182 5796 ac
1234 5739 1492 5793 vanitatis
1553 5739 1800 5808 pristina:

228 5841 420 5896 pmnas
440 5829 553 5898 ipse
578 5831 982 5900 quodammodo
1017 5832 1082 5886 de
1111 5834 1294 5902 seipso
1319 5843 1586 5890 sumeret.
1609 5846 1804 5899 quant-

226 5934 390 5986 quam
424 5921 608 5976 animo
643 5923 732 5976 illa
763 5937 899 5994 puro
944 5932 1363 5994 spontaneoque
1413 5938 1518 5978 non
1573 5921 1800 5978 faceret.

1923 4739 2169 4812 λεοντῆν,
2201 4741 2367 4812 ῥίψας
2396 4741 2454 4794 δὲ
2483 4740 2827 4812 ἐμϐρίθειανο
2862 4740 2958 4794 καὶ
2986 4739 3125 4804 ὅλως
3152 4738 3298 4794 οὕτω
3329 4757 3500 4808 μετα-

1921 4833 2102 4887 ϐαλὼν
2137 4831 2382 4904 ἀκριϐῶς
2410 4832 2550 4901 πρὸς
2584 4831 2775 4901 ἕτερον
2808 4831 2868 4895 ἐξ
2900 4832 3116 4900 ἑτέρου,
3152 4831 3229 4893 ῶς
3270 4831 3501 4898 μισῆσαι

1917 4924 2012 4976 τὸν
2041 4924 2206 4978 αὑτοῦ
2241 4925 2378 4993 βίον,
2409 4924 2504 4978 καὶ
2536 4924 2696 4987 δίκας
2737 4922 2902 4986 αὐτὸς
2935 4924 3066 4992 παρ’
3099 4923 3266 4976 αὑτοῦ
3296 4924 3501 4991 τρόπον

1917 5017 1981 5087 δή
2011 5035 2134 5072 τινα
2163 5016 2465 5087 λαμϐάνειν
2489 5017 2588 5087 τῆς
2641 5016 2918 5088 προτέρας
2960 5015 3222 5078 ἀπονοίας
3271 5016 3365 5067 καὶ
3397 5032 3498 5084 μα-

1915 5111 2222 5180 ταιότητος,
2258 5111 2307 5162 εί
2344 5112 2441 5164 καὶ
2487 5113 2564 5180 μὴ
2600 5109 2800 5182 γνώμῃ
2827 5109 3049 5180 καθαρᾷ
3077 5111 3174 5162 καὶ
3204 5107 3497 5176 ἐθελουσίῳ

1914 5199 2067 5253 ταῦτ’
2103 5200 2397 5271 ἔπραττεν.
2433 5202 2531 5254 ’Ὧν
2562 5201 2619 5254 δὲ
2665 5201 2726 5254 ἑν
2782 5199 2860 5270 τῷ
2895 5202 3160 5271 σχήματι,
3193 5200 3289 5252 καὶ
3325 5197 3515 5251 ποιῶν

1911 5290 1949 5344 ἃ
1980 5289 2082 5343 κᾶν
2125 5291 2392 5361 ᾐσχύνετο
2439 5291 2646 5352 δοῦλος.
2676 5291 2965 5344 ἀλλόκοτόν
3020 5307 3072 5344 τι
3117 5291 3282 5359 τέρας
3336 5287 3494 5354 ἐφαί-

1911 5398 2053 5435 νετο.
2085 5381 2266 5453 Τιμᾷν
2314 5382 2421 5450 γὰρ
2459 5382 2523 5452 δὴ
2571 5383 2631 5435 τὸ
2667 5384 2892 5453 μέτρον,
2928 5381 3004 5444 ὠς
3041 5382 3142 5446 δεῖ,
3198 5380 3294 5434 καὶ
3325 5395 3486 5449 προσο

1911 5473 2060 5542 ἐλειν
2123 5473 2304 5543 ἑαυτῷ
2364 5474 2727 5544 μηδεπώποτε
2783 5473 3132 5545 μεμαθηκὼς
3199 5474 3275 5526 ὅδ’
3312 5473 3490 5542 ἀνὴρ,

1911 5564 2166 5627 ἐξώκειλε
2230 5567 2608 5636 μετατραπεὶς
2641 5565 2699 5630 ἐξ
2726 5567 3110 5636 ὑπερηςανίας
3144 5564 3238 5618 καὶ
3275 5562 3488 5633 ὕϐρεως

1910 5657 1991 5718 εἰς
2055 5656 2424 5726 ταπεινότητα
2483 5656 2698 5720 δούλοις
2776 5659 3139 5726 πρέπουσαν,
3191 5655 3370 5722 ἄκραν
3427 5653 3487 5721 ἐξ

1909 5749 2106 5812 ἄκρας,
2158 5747 2257 5799 σὺν
2311 5749 2576 5818 ἀκοσμία.
2615 5747 2804 5811 Οὕτως
2861 5748 3009 5801 ἅπαν
3060 5747 3338 5818 βαρϐαρων
3391 5743 3489 5797 καὶ

1907 5832 2254 5895 ἀπαίδευτον,
2305 5835 2354 5885 εί
2407 5836 2508 5903 μὲν
2561 5835 2869 5904 εὐπραγεῖ,
2919 5839 3032 5899 τοῖς
3081 5835 3486 5902 ταπεινοτέροις

1907 5923 2180 6001 ἀφόρητον
2208 5941 2221 5954 ⁸
2257 5929 2308 5980 εἱ
2352 5925 2397 5980 δ’
2449 5927 2809 5998 ἀσθενήσειεν
2856 5929 3008 5998 αὐτῷ
3050 5929 3108 5982 τό
3137 5945 3197 5997 γε
3250 5927 3484 5995 παρέχον
