3958 6426
483 236 586 306 tot
1305 225 1310 230 “
1535 235 1548 263 ‘
1917 243 2204 305 omne
2241 245 2292 309 ι.
3640 242 3757 305 tea

486 351 756 427 ὑϐρίζειν,
794 352 992 426 ῥαδίως
1033 357 1171 411 οῐσει
1198 354 1294 412 καὶ
1323 355 1526 412 δούλων
1573 354 1910 427 σκώμματα.
1938 353 2049 408 Καὶ

2186 352 2404 421 ἰυηιιιιιε
2475 349 2625 422 regia
2712 350 2976 422 dignitate
3027 352 3290 423 praeditus
3343 360 3518 421 esset,
3577 367 3749 423 eaque

485 446 552 519 δὴ
595 445 694 502 καὶ
723 446 880 511 οὗτος
931 447 1212 518 βασιλεὺς,
1237 449 1484 513 τοιοῦτος
1539 448 1642 518 μὲν
1687 449 1748 501 τὸ
1777 449 1935 517 γένος
1961 444 2048 510 ὢν1

2187 444 2394 510 ’aceret,
2424 458 2546 513 quae
2572 444 2656 500 vel
2689 445 3020 516 mancipium
3056 447 3278 517 aliquod
3303 447 3509 517 pudore
3540 461 3750 516 praepe-

488 540 708 610 καὶτῆς
749 539 828 604 ῶς
863 540 1082 608 ἀληθῶς
1127 541 1380 607 παιδείας
1418 541 1706 612 ἀμέτοχος,
1746 539 1914 610 μόνης
1959 538 2051 609 τῆς

2180 537 2346 593 iitum
2399 551 2509 592 non
2549 537 2918 594 commisisset
2972 555 2990 607 ς
3037 541 3416 610 prodigiosum
3470 540 3743 610 quoddam

487 629 788 702 ἐπιθυμίας
807 631 903 686 τοῦ
928 630 1195 698 σώζεσθαι
1214 630 1478 702 γεγονὼς,
1497 631 1569 685 τά
1593 630 1824 688 τοιαῦτα
1849 629 2050 702 χαλεπὰ

2184 636 2474 685 nonstrum
2497 643 2620 685 esse
2648 630 2956 688 videbatur.
2994 632 3127 688 Nam
3162 633 3305 703 quod
3361 637 3448 688 vir
3483 633 3572 687 hic
3631 646 3747 686 mo-

488 721 789 791 νενοσήκει,
837 722 930 775 καὶ
969 721 1354 776 ἐναντιώσεων
1406 725 1606 788 ἄκραις
1659 719 2051 776 ἐνεπεπτώκει.

2183 723 2322 789 tum,
2345 736 2447 777 ceu
2472 737 2571 792 par
2597 731 2702 790 est,
2736 723 3020 792 amplecti,
3079 725 3278 795 suique
3322 726 3592 780 rationem
3645 725 3746 778 ha-

487 803 560 882 '0
616 811 726 881 γάρ
773 811 874 866 οὐκ
925 807 995 884 ἦν
1051 802 1266 884 βιωτὸν,
1315 816 1362 869 εί
1418 813 1492 887 μὴ
1549 815 1911 886 δωροφοροϊτο
1965 813 2050 867 atati

2184 827 2319 878 tere,
2355 828 2659 885 numquam
2691 814 2979 871 didicisset
3013 832 3027 870 :
3065 817 3134 871 de
3186 818 3445 887 superbia
3503 815 3747 888 petulan-

487 900 871 968 arpocxuvoiro.
897 902 1052 971 παρά
1091 920 1152 956 τε
1188 904 1298 958 τῶν
1349 905 1778 973 ἀστυγειτόνων,
1813 903 1908 958 καὶ
1951 902 2050 957 τῶι

2183 903 2353 974 .iaque
2383 919 2598 960 summa
2623 919 2897 961 summam
2951 906 3018 962 ad
3055 907 3439 977 abjectionem,
3463 910 3746 979 mancipiis

486 989 654 1043 αὐτοῦ
682 989 922 1056 πάντων,
951 993 1063 1048 τῶν
1092 1012 1149 1048 τε
1178 995 1343 1066 πέριξ
1371 997 1471 1066 τῆς
1507 996 1789 1065 Περσίδος,
1823 996 1920 1050 καὶ
1949 995 2049 1049 τῶι

2186 995 2602 1060 :onvenientem,
2632 1009 2758 1054 cum
2794 995 3062 1053 dedecore
3094 999 3443 1055 exorbitavit.
3481 998 3555 1056 lta
3584 1002 3749 1070 quid-

487 1080 826 1150 ποῤῥωτάτω
899 1084 1227 1152 καθημένων
1285 1087 1497 1152 ἐθνῶν,
1548 1083 1705 1151 οὗτος
1764 1088 1930 1152 αὐτὸς
1995 1088 2050 1157 δὴ

2182 1085 2297 1155 ιιιίι]
2321 1085 2613 1142 barbarum
2639 1094 2694 1140 et
2733 1099 2929 1155 expers
2955 1093 3040 1141 est
3083 1086 3375 1152 doctrinae,
3429 1087 3475 1142 si
3518 1103 3745 1158 prospe~

486 1169 798 1239 γυμνωθεὶς
836 1172 916 1242 τῷ
954 1175 1181 1246 πολέμῳ
1227 1177 1431 1245 πάσης,
1477 1178 1554 1242 ὡς
1591 1181 1790 1245 εἰπεῖν,
1821 1183 1922 1249 τῆς
1969 1182 2049 1234 οὐ·

2185 1174 2327 1229 'itate
2353 1172 2592 1240 fruatur,
2658 1174 3060 1230 intolerabilem
3096 1175 3152 1229 in
3205 1177 3424 1231 modum
3467 1193 3595 1249 erga
3644 1180 3748 1232 hu«

488 1262 628 1327 σίας,
677 1264 852 1319 ἔπειθ’
905 1265 1046 1322 ἑκὼν
1098 1268 1411 1325 άπεϐάλετο
1457 1271 1599 1324 ὅπλα
1655 1287 1715 1324 τε
1763 1273 1948 1327 ἐκεῖνα
1993 1272 2051 1326 τό

2184 1265 2412 1322 uiliores
2442 1281 2503 1322 se
2529 1267 2688 1337 gerit,
2718 1267 2926 1323 sin-ille
2954 1268 3112 1337 quasi
3150 1267 3274 1324 fons
3305 1269 3626 1325 insolentiae
3645 1270 3747 1325 de-

485 1356 736 1428 λαμπρά,
781 1359 878 1413 καὶ
916 1359 1207 1430 βασιλικὴν
1257 1363 1463 1431 σκευὴν
1506 1361 1745 1426 ἃπασαν,
1795 1361 1871 1425 ῶς
1922 1357 2048 1416 εἶναι

2185 1357 2430 1424 iiiitetur,
2451 1358 2538 1413 vel
2569 1360 2968 1430 mancipiorum
3003 1360 3238 1416 ludibria
3267 1361 3431 1416 facile
3469 1360 3628 1416 feret.
3658 1361 3748 1418 Sic

485 1446 655 1519 ταύτῃ
682 1449 1031 1521 κουφότερος,
1064 1453 1161 1504 καὶ
1202 1453 1332 1524 ῥᾷον
1376 1453 1641 1511 δύνασθαι
1672 1454 1938 1526 φέρεσθαι
1975 1455 2048 1524 ἐφ

2182 1457 2223 1506 3t
2253 1449 2355 1507 iste
2371 1463 2490 1517 rex,
2516 1451 2608 1506 tali
2633 1460 2934 1522 prognatus
2949 1466 3172 1522 genere,
3205 1467 3461 1522 versaque
3480 1452 3745 1509 doctrinae

463 1537 702 1604 .ἴππων,
753 1541 898 1608 μάλα
953 1543 1152 1616 κομιδῇ
1221 1546 1766 1616 ταλαιπωρησάντων
1826 1549 2026 1602 συντόνι

2187 1557 2411 1614 gnarus,
2437 1541 2706 1598 duntaxat
2739 1542 3137 1600 incolumitatis
3165 1545 3353 1600 studio
3386 1545 3608 1610 ductus,
3637 1553 3747 1600 tam

481 1629 684 1698 δρόμῳ.
716 1626 790 1685 Ἦ
830 1633 934 1686 πού
969 1650 1033 1701 γε
1079 1637 1176 1688 καὶ
1207 1634 1411 1700 ὄνειδος
1456 1639 1767 1706 ὑπήνεγκεν
1813 1637 2044 1710 εὐχερῶς

2180 1634 2426 1704 gravibus
2454 1635 2914 1701 laboravitvitiis,
2944 1645 3000 1692 et
3025 1637 3079 1691 in
3125 1648 3371 1693 extreme
3419 1637 3743 1694 dissidentia

485 1723 636 1791 παρά
661 1722 768 1776 τῶν
793 1724 984 1787 αὐτοῦ,
1020 1725 1100 1790 είς
1133 1725 1226 1789 οὒς
1248 1727 1356 1781 οὐδ’
1386 1727 1457 1782 ἂν
1478 1729 1633 1799 ἠξίου
1665 1730 1878 1801 συχνῶς
1905 1732 2048 1803 δρᾷν,

2193 1725 2384 1784 ncidit.
2414 1726 2552 1782 Nam
2583 1727 2882 1784 vivendum
2918 1727 3022 1784 sibi
3046 1742 3155 1784 non
3185 1727 3581 1794 arbitrabatur,
3639 1728 3752 1782 nisi-

485 1815 818 1885 βεΰλημένος
877 1815 983 1870 ὐπδ
1040 1816 1139 1871 τοῦ
1191 1818 1386 1888 τύφου.
1425 1819 1586 1876 Οὐτω
1628 1839 1748 1885 πως
1801 1821 1951 1893 αὐτῷ
1994 1825 2048 1878 τὲ

2188 1816 2520 1876 leferrentur
2543 1819 2612 1875 ad
2643 1834 2770 1877 eum
2804 1811 3054 1886 munera,
3112 1819 3222 1876 nisi
3273 1821 3598 1876 adoraretur
3625 1827 3680 1875 et
3716 1833 3751 1873 a

486 1905 618 1977 πρὶν
643 1908 724 1970 είς
750 1908 1063 1964 τούναντίον
1103 1911 1534 1982 ἀντέστραπται.
1567 1913 1642 1967 Τδ
1675 1913 1781 1983 γάρ
1828 1915 1960 1987 περὶ
1996 1919 2049 1986 τῇ

2188 1909 2438 1977 lnitimis,
2463 1919 2520 1968 et
2547 1912 2663 1968 suis
2696 1912 2976 1976 omnibus,
3012 1922 3121 1968 tam
3156 1913 3305 1969 circa
3336 1908 3614 1969 Persidem
3650 1927 3751 1966 un-

483 2001 632 2072 ψυχῇ
657 2001 889 2055 δεδιέναι
915 2001 1158 2056 τοιοῦτον
1183 2003 1475 2075 ἄνθρωπον
1503 2003 1633 2057 ὅντα
1656 2003 1843 2058 ἔπειθε
1873 2005 2046 2074 φέρεις

2182 2002 2335 2072 lique
2394 2003 2543 2068 sitis,
2581 2018 2747 2074 quam
2789 2006 3020 2064 remotis
3072 2006 3396 2076 longissime
3441 2004 3745 2076 gentibus:

481 2093 676 2164 ἡδέως,
707 2094 736 2146 ὃ
761 2111 814 2145 τι
841 2092 908 2146 ἂν
937 2094 1218 2166 ἐνθυμηθῇ
1248 2111 1334 2159 τις
1364 2094 1548 2162 ἀηδὲς,
1586 2095 1684 2148 καὶ
1716 2093 1937 2157 λυπετν,
1969 2094 2044 2148 κα

2182 2092 2259 2148 hic
2310 2092 2431 2164 ipse
2492 2093 2733 2151 nudatus
2783 2094 2838 2149 in
2861 2094 3006 2152 bello
3037 2094 3274 2161 eunetis,
3299 2108 3470 2164 prope
3492 2093 3745 2160 dixerim,

481 2188 698 2240 δάκνειν
733 2187 1058 2257 δυνάμενον.
1095 2189 1357 2242 Ἔπειθεν
1415 2187 1671 2257 ἐφίεσθαι
1707 2187 1864 2258 ψιλὸν
1895 2187 2044 2258 όφθῆ·

2178 2181 2543 2249 facultatibus,
2578 2199 2701 2240 mox
2729 2193 2787 2241 et
2815 2199 2968 2241 arma
3005 2184 3097 2242 illa
3123 2185 3412 2255 splendida
3438 2200 3564 2240 cum
3597 2185 3741 2239 amni

481 2300 570 2335 ναι
603 2283 716 2345 τοῖς
747 2281 884 2334 οἴκοι
921 2281 1164 2351 μένουσι,
1202 2281 1300 2335 καὶ
1332 2278 1480 2334 τοῦθ’
1513 2280 1772 2351 ἡγεῖσθαι
1808 2281 2044 2352 λαμπρό

2187 2284 2365 2332 trnatu
2413 2275 2563 2347 regio
2589 2276 2764 2340 libens
2807 2276 3028 2346 abiicit;
3054 2285 3113 2332 ut
3138 2276 3313 2347 levior
3341 2283 3490 2332 esset
3520 2291 3588 2331 ac
3615 2275 3750 2328 faciv

482 2389 640 2440 τερον
690 2371 802 2424 τῶν
857 2371 1080 2425 πώποτε
1133 2371 1522 2442 γεγενημένων
1565 2371 1720 2442 αὐτῷ
1768 2371 2030 2444 λαφύρων

2187 2365 2274 2421 ius
2314 2367 2383 2420 ab
2433 2367 2590 2436 equis
2625 2366 2829 2437 gestari
2881 2375 3088 2437 posset,
3144 2367 3237 2437 qui
3263 2375 3523 2423 contento
3580 2383 3745 2422 cursu

485 2463 604 2532 μεθ’
657 2456 733 2517 ῶν
777 2478 842 2532 γε
893 2463 1119 2530 Σούσοις
1169 2462 1606 2534 ἐπανερχόμενος
1677 2460 1821 2533 (πῶς
1867 2462 1936 2518 ἄν
1977 2481 2048 2527 τις

2179 2457 2406 2528 graviter
2483 2456 2879 2528 aﬂligerentur.
2963 2454 3374 2528 Nonnunquam
3433 2465 3489 2513 et
3543 2458 3742 2528 probra

483 2552 628 2606 είποι
669 2551 766 2623 τὴν
815 2553 908 2606 ἐπὶ
938 2551 1155 2616 τούτοις
1205 2551 1545 2623 τελουμένην
1600 2551 1752 2623 αὐτῷ
1799 2553 2000 2620 μανίαν
2024 2553 2046 2623 ;ῖ

2184 2565 2396 2605 tuorum
2428 2549 2588 2606 facile
2623 2551 2910 2614 tolerabat,
2937 2565 3078 2620 quos
3117 2559 3278 2605 antea
3298 2565 3410 2619 pra:
3438 2549 3581 2604 fastu
3605 2564 3747 2616 saepe

481 2643 584 2696 οὐκ
627 2643 877 2711 ὀλιγάκις
913 2643 1301 2715 ἐθριάμϐευεν,
1344 2643 1742 2717 εὐφημούντων
1788 2643 1886 2699 καὶ
1929 2662 2044 2717 κροε

2188 2659 2235 2698 Ie
2265 2644 2485 2712 quidem
2513 2641 2711 2698 intueri
2739 2642 3090 2712 dignabatur.
3113 2640 3298 2710 Usque
3329 2642 3466 2697 adeo
3485 2641 3751 2712 pristinus

481 2734 719 2789 τούντων
746 2736 854 2788 τῶν
891 2735 1283 2800 ὑπαντώντων,
1318 2735 1415 2788 καὶ⁹
1439 2716 1624 2790 πάντα
1661 2733 1725 2804 δὴ
1760 2735 2044 2789 ποιούντω·

2190 2734 2212 2790 :i
2237 2745 2414 2790 status
2454 2735 2519 2789 ad
2554 2736 2710 2806 longe
2739 2736 3016 2808 diversum
3039 2733 3363 2790 rediit.Nam
3378 2733 3522 2804 quod
3551 2734 3753 2788 auium

482 2825 651 2898 αὐτῷ,
683 2825 884 2895 μικροῦ
933 2827 1048 2880 δεῖν
1085 2825 1178 2880 ῐσα
1205 2825 1349 2896 Θεῷ.
1380 2827 1455 2880 Τδ
1499 2830 1609 2896 γάρ
1659 2827 1867 2898 σφόδρα
1907 2828 2045 2881 εὐτυ·

2182 2828 2410 2895 ritzequze
2449 2841 2563 2879 sum
2595 2829 2676 2879 vir
2700 2826 2826 2882 talis
2845 2818 3132 2890 metueret,
3182 2825 3419 2895 idipsnm
3451 2826 3498 2880 ei
3517 2840 3745 2894 persua-

481 2920 598 2988 χεϊν
647 2919 848 2989 ἀρετὴν
899 2918 1036 2972 ίδίαν
1091 2919 1484 2988 λογισάμενος,
1537 2920 1635 2973 καὶ
1679 2919 1760 2990 τῷ
1803 2919 1954 2990 παρὰ
1999 2919 2044 2973 τί

2193 2919 2362 2980 ηεὶιοι,
2430 2926 2492 2972 ut
2538 2917 2766 2972 libenter
2820 2916 3026 2980 ferret,
3087 2915 3350 2986 quidquid
3432 2915 3756 2970 acerbitatis

482 3010 629 3074 είκδς
672 3008 732 3062 εὖ
786 3010 1072 3082 πράττειν,
1119 3011 1248 3081 μηδ’
1302 3011 1609 3064 ὁπωστιοῦν
1665 3011 2045 3082 αισθανόμενος

2182 3007 2350 3062 ιιιίιίιο
2380 3009 2506 3077 quis
2531 3006 2868 3075 conceperit,
2902 3004 3172 3076 quidquid
3195 3006 3390 3062 afferre
3440 3005 3745 3062 molestiam

480 3103 580 3172 τῆς
631 3101 827 3156 ἑαυτοῦ
882 3101 1280 3172 μαλακότητος,
1323 3101 1460 3158 ἀλλά
1514 3103 1978 3174 κατορχούμενος,
2011 3121 2036 3156 ε

2185 3108 2220 3155 :t
2256 3098 2504 3154 mordere
2537 3108 2716 3177 potest
2749 3116 2762 3153 :
2798 3096 3182 3168 persuadebat,
3218 3108 3279 3154 ut
3302 3175 3307 3177 Α
3334 3098 3514 3154 nudus
3553 3097 3624 3152 ab
3681 3097 3748 3150 iis

478 3211 627 3258 τινες
656 3195 754 3262 μὲν
783 3191 894 3247 εἷεν
924 3195 1214 3262 κρείττους
1256 3193 1446 3261 αὐτοῦ,
1477 3194 1673 3262 πλήθει
1704 3195 1762 3249 δέ
1794 3194 2041 3264 τοσαύτης

2186 3191 2418 3260 :onspici
2451 3175 2702 3260 cuperet,
2760 3191 2910 3246 domi
2942 3193 3035 3260 qui
3070 3175 3411 3255 manserant,
3444 3191 3606 3261 idque
3645 3190 3749 3243 du-

479 3286 761 3355 δυνάμεως
787 3286 985 3357 ἥττους
1015 3287 1286 3352 γένοιντο,
1316 3285 1524 3355 τελχϊνι
1557 3286 1777 3356 δαίμονι
1810 3287 2042 3360 φθονερι]

2186 3298 2317 3340 :cret
2369 3284 2643 3339 illustrius
2690 3283 2975 3350 omnibus,
3033 3298 3158 3353 quae
3217 3299 3460 3353 unquam
3517 3283 3749 3350 adeptus

473 3377 982 3448 κατακεχρημένοι,
1012 3375 1202 3447 ῶσπερ
1252 3393 1338 3440 τις
1388 3377 1575 3446 γίγας.
1609 3378 1641 3449 ἢ
1685 3378 1989 3449 Ἡρακλῆς,
2027 3381 2036 3430 1‘

2186 3379 2365 3454 'nerat,
2402 3379 2596 3448 spoliis
2621 3396 2638 3434 :
2668 3377 2996 3448 quibuscum
3019 3377 3158 3434 Susa
3203 3389 3484 3434 revertens
3524 3377 3749 3450 (quibus

480 3472 540 3538 ἐξ
577 3471 857 3541 Ὀλύμπου
916 3469 1145 3536 κατιὼν,
1181 3470 1446 3550 επιεικῶς
1499 3469 1608 3523 τῶν
1655 3469 1836 3525 ἄλλων
1889 3487 2043 3524 κατα·

2186 3459 2400 3524 )bsecro
2450 3470 2632 3525 verbis
2680 3471 2951 3528 insaniam
3003 3470 3128 3540 quis
3151 3471 3408 3541 explicet,
3432 3485 3539 3540 qua
3570 3470 3623 3524 in
3664 3470 3749 3525 his

481 3566 719 3632 φρονῶν,
746 3562 901 3616 οὐδὲν
944 3557 1012 3633 ἦν
1056 3563 1201 3631 μέγα
1248 3563 1344 3616 καὶ
1393 3562 1613 3628 σεμνὸν,
1646 3561 1676 3616 ὃ
1725 3561 1800 3632 μὴ
1848 3563 2044 3632 πρέποι

2189 3561 2499 3630 utebatur?)
2534 3576 2641 3616 non
2677 3560 2892 3620 modice
2929 3563 3272 3633 triumphare
3306 3561 3536 3626 solebat,
3563 3561 3752 3639 accla-

479 3655 732 3725 ἐνόμιζεν
765 3653 976 3724 ἑαυτῷ..
1011 3654 1268 3726 ’Δπονοίᾳ
1298 3653 1410 3726 γὰρ
1443 3656 1651 3726 ἐσχάτη
1676 3655 2039 3724 κατασχεθεὶς

2183 3653 2446 3709 nantibus
2467 3663 2522 3707 et
2556 3652 2936 3722 plaudentibus
2973 3654 3060 3720 iis,
3093 3652 3190 3723 qui
3217 3651 3596 3718 occurrebant,
3624 3661 3746 3706 tan-

479 3747 618 3818 ὐψοῦ
659 3747 758 3818 τὴν
793 3745 1038 3817 κεφαλὴν
1085 3745 1284 3817 αίρων,
1317 3745 1498 3816 ὁπόση
1533 3745 1768 3815 δύναμις
1801 3741 1870 3817 ἦν
1915 3745 2042 3812 αὐτῆ

2192 3757 2532 3813 umquenon
2559 3743 2608 3798 ei
2627 3752 2824 3800 cuneta
2855 3743 2961 3800 deo
2987 3743 3138 3812 paria
3157 3741 3552 3802 deferentibus.
3589 3741 3745 3809 Quod

477 3841 574 3896 καὶ
613 3839 839 3912 μονονοὺ
871 3839 1170 3908 πετόμενος
1197 3837 1372 3894 θέλων
1400 3837 1718 3908 φαίνεσθαι,
1747 3837 2040 3908 καθήμενα

2182 3834 2312 3890 anim
2344 3849 2598 3904 magnam
2624 3835 3044 3905 prosperitatem
3071 3849 3170 3904 pro
3200 3833 3396 3889 virtute
3428 3849 3526 3889 sua
3575 3835 3745 3888 duce-

478 3933 575 3989 ὲπὶ
623 3931 718 3987 τοῦ
779 3931 1057 4006 βασιλείου
1108 3931 1326 4002 θρόνου,
1382 3931 1485 3995 τάς
1534 3929 1859 4003 καθημέραν
1911 3931 2037 4001 τηλι

2186 3932 2280 3992 ἐι,
2326 3935 2378 3982 et
2408 3926 2480 3982 ob
2521 3939 2816 3982 successus
2847 3926 3174 3982 immodicos
3213 3941 3370 3982 suam
3401 3925 3518 3995 ipse
3575 3925 3749 3980 molli-

479 4026 648 4082 κάσδε
683 4025 875 4096 τιμάς,
911 4025 1054 4097 ὑπὲρ
1094 4025 1193 4096 τὴν
1225 4023 1388 4092 ἀξίαν
1415 4022 1621 4093 οὔσας,
1643 4024 1785 4095 μήτε
1817 4023 1926 4078 τῶν
1967 4022 2042 4076 rei

2186 4017 2294 4072 ,iem
2344 4032 2455 4072 non
2501 4016 2728 4073 sentiret
2754 4054 2781 4081 ._
2835 4017 2932 4074 sed
2985 4018 3334 4088 proculcaret
3388 4017 3644 4074 meliores
3688 4032 3749 4072 se

479 4118 736 4188 σώματος
759 4116 928 4172 αὐτοῦ
958 4117 1481 4187 πλεονεκτημάτων,
1511 4117 1651 4186 μήτε
1685 4115 1793 4186 μὴν
1827 4115 1938 4170 τῶν
1966 4115 2042 4184 τῆ.

2184 4109 2393 4180 quidem
2417 4108 2591 4173 viros,
2631 4117 2910 4164 tantarum
2938 4119 3120 4164 tamen
3151 4109 3435 4180 copiarum
3490 4109 3747 4164 multitu-

475 4211 655 4283 ψυχῆς
705 4210 1040 4281 τοπαράπιν
1093 4207 1350 4280 ἐνόμιζεν
1411 4207 1663 4282 ᾁπᾲδειν.
1714 4208 1790 4262 Τὸ
1843 4205 1955 4275 γάρ
1999 4206 2065 4276 δὴ
2169 4200 3758 4272 dinicedentes,etabinfestoinvidoquedarmoneillusus:

476 4301 675 4358 Γνῶθι
733 4299 967 4357 σαυτὸν
1005 4293 1182 4372 λῆρον
1232 4299 1495 4368 άντικρυς
1559 4299 1748 4369 ἠγεῖτο
1774 4337 1790 4360 ,
1833 4297 1868 4368 ἢ
1944 4297 2036 4350 οὐδ

2209 4294 2326 4349 uasi
2355 4295 2509 4364 gigas
2535 4294 2834 4364 quispiam,
2866 4294 2949 4350 vel
2984 4293 3270 4360 Hercules,
3297 4295 3384 4349 vel
3411 4309 3478 4350 ex
3513 4293 3763 4364 Olympo.

477 4354 879 4465 ἆᾴιγᾷιδεν,
902 4354 1190 4448 ἐϐούλετο.
1375 4354 1491 4460 έῆᾷ
1517 4354 1622 4462 μίν
1650 4354 1908 4460 γὰρ-ᾔδει
1960 4406 2040 4440 πα

2195 4354 2267 4455 iui.
2283 4354 2678 4451 descendisset,
2703 4354 2991 4457 insigniter
3014 4387 3151 4442 alios
3181 4354 3570 4450 contemnens,
3583 4354 3758 4436 'nihil-

473 4485 607 4554 τῶν,
637 4484 776 4554 (πῶς
805 4483 914 4552 γάρ
935 4483 1002 4538 ἂν
1027 4481 1214 4552 ἠγνόει
1240 4480 1336 4533 καὶ
1360 4480 1518 4534 τοῦτο
1535 4481 1577 4549 ;)
1594 4479 1693 4548 τὴν
1721 4479 1775 4532 δὲ
1813 4477 2036 4548 κορυφὴε

2178 4491 2441 4546 mgnum,
2475 4477 2609 4532 nihil
2633 4486 2927 4548 augustum
2968 4487 3108 4544 erat,
3137 4477 3283 4542 quod
3319 4492 3378 4534 se
3411 4478 3604 4533 decere
3632 4489 3741 4529 non

474 4577 642 4632 αὐτοῦ
695 4578 756 4630 οὐ
801 4575 939 4630 πολὺ
993 4576 1095 4645 τῆς
1129 4573 1397 4643 οὐρανίας
1445 4571 1600 4643 οἶμαι
1643 4562 1824 4628 δοκεῖν
1873 4571 2037 4641 άψίδοι

2181 4567 2554 4624 trbitraretur.
2577 4569 2835 4625 Extrema
2867 4585 3112 4640 namque
3136 4579 3433 4639 correptus
3481 4569 3744 4632 amentia,

472 4670 890 4736 ἀπολελεῖφθαι.
930 4668 1106 4723 Ταυτὶ
1140 4669 1249 4738 γάρ
1301 4667 1490 4720 δίδωσι
1523 4666 1670 4719 νοεῖν
1697 4665 1724 4718 ό
1759 4664 1876 4736 βίος
1891 4662 2032 4718 ⁷τοῦδ

2182 4661 2387 4730 [nantis
2417 4670 2634 4732 poterat
2665 4662 2876 4718 viribus
2911 4661 2966 4716 in
3017 4661 3253 4717 sublime
3290 4668 3454 4731 caput
3492 4659 3745 4716 attollens

429 4816 443 4842 ε
471 4761 721 4834 τάνδρός.
754 4758 880 4814 Εῐεν
911 4760 1010 4828 δήο
1042 4758 1250 4812 τούτων
1278 4758 1386 4828 γὰρ
1421 4757 1553 4820 ἴσως
1590 4755 1735 4818 ἅλις.
1845 4800 1854 4807 .

2178 4761 2486 4823 antumque
2515 4769 2624 4811 non
2655 4754 2842 4810 volare
2891 4751 3066 4808 videri
3114 4753 3326 4816 volens,
3362 4750 3620 4820 quotiens
3687 4750 3741 4803 in

474 4859 627 4926 regio
643 4857 784 4914 solio
809 4855 1144 4919 consideret,
1203 4853 1555 4924 quotidianos
1595 4851 1719 4908 illos
1760 4866 1828 4907 ac
1883 4859 2070 4907 tantos
2108 4848 2370 4916 honores,
2401 4849 2498 4922 qui
2521 4867 2686 4923 supra
2711 4851 3030 4924 dignitatem
3059 4850 3232 4918 ipsius
3289 4856 3495 4914 essent,
3566 4846 3752 4923 omni:

473 4968 550 5012 no
583 4952 828 5024 corporis
859 4951 1138 5020 animique
1173 4951 1261 5006 sui
1306 4949 1531 5005 dotibus
1576 4947 1796 5006 eximiis
1840 4954 2152 5018 competere
2209 4949 2458 5019 putabat.
2494 4947 2708 5021 Quippe
2768 4949 2998 5005 verbum
3034 4946 3186 5011 illud,
3254 4942 3428 4998 Nosce
3498 4940 3742 5009 teipsum,

473 5064 576 5120 pro
599 5047 784 5102 fabula
815 5060 1041 5114 prorsus
1077 5044 1314 5099 habebat
1341 5061 1356 5099 :
1385 5043 1472 5098 vel
1501 5057 1603 5098 nec
1635 5042 1904 5109 audierat,
1956 5058 2058 5099 nec
2096 5044 2290 5102 audire
2310 5045 2548 5102 volebat.
2564 5045 2734 5103 Norat
2757 5045 3116 5116 ille'quidem,
3149 5057 3209 5098 se
3261 5039 3476 5097 calcare
3516 5047 3741 5106 terram,

474 5144 612 5209 (quo
636 5138 783 5191 enim
803 5137 857 5190 id
887 5144 1048 5204 pacto
1089 5135 1323 5191 nesciret
1343 5134 1384 5203 ;)
1416 5135 1514 5190 sed
1549 5135 1836 5201 verticem,
1860 5136 2053 5202 credo,
2094 5152 2259 5194 suum
2289 5139 2626 5209 opinabatur
2657 5141 2726 5196 ab
2765 5140 2863 5197 illo
2894 5137 3104 5196 cadesti
3129 5133 3344 5190 fornice
3375 5147 3483 5186 non
3510 5131 3744 5211 multum

471 5235 688 5288 abesse.
712 5228 846 5284 Nam
877 5238 936 5284 ut
958 5230 1076 5284 haec
1109 5229 1177 5284 de
1205 5244 1274 5285 eo
1289 5230 1618 5300 c0gitemus,
1651 5231 1770 5300 ipsa
1806 5229 2046 5287 hominis
2078 5232 2190 5288 vita
2209 5232 2380 5301 facit;
2423 5237 2585 5292 aesit
2618 5237 2862 5301 itasane,
2896 5248 3024 5290 nam
3059 5235 3129 5288 de
3177 5229 3264 5285 his
3283 5228 3519 5283 fortasse
3557 5224 3714 5282 satis.

549 5322 692 5394 Ὦρα
743 5323 789 5376 δ’
841 5323 905 5378 ἂν
950 5323 1037 5393 εἴη
1091 5323 1187 5378 καὶ
1233 5321 1299 5377 τὸ
1342 5321 1438 5378 τοῦ
1483 5323 1663 5392 Γύγου
1723 5319 2064 5394 κατόρθωμα

2239 5327 2481 5401 Tempus
2511 5329 2914 5396 autemfuerit,
2948 5337 3007 5383 ut
3045 5325 3326 5398 egregium
3391 5320 3526 5377 illud
3583 5315 3763 5390 (ivgis.

473 5416 908 5486 παραγαγόντας
950 5416 1034 5476 είς
1085 5413 1276 5485 μέσον,
1307 5415 1530 5485 βασάνῳ
1573 5415 1736 5468 τοῦτο
1776 5431 2036 5486 προσαγα

2181 5419 2386 5476 τεείηιιε
2435 5421 2488 5475 in
2543 5421 2730 5478 medio
2773 5417 3132 5490 productum,
3170 5414 3411 5474 examini
3462 5413 3744 5470 sistamus.

471 5514 616 5580 γεῐν.
653 5509 828 5572 Οὗτος
873 5507 1056 5564 τοίνυν
1099 5508 1307 5578 ποιμὴν
1347 5507 1451 5578 μέν
1478 5501 1547 5578 ἦν
1587 5507 1688 5576 τὴν
1725 5507 1919 5577 τύχην,
1955 5509 2034 5562 Au

2180 5513 2299 5568 Erat
2329 5513 2498 5583 igitur
2537 5514 2625 5570 hic
2653 5513 2871 5569 fortuna
2885 5520 2940 5568 et
2961 5511 3278 5568 conditione
3307 5505 3527 5578 quidem
3557 5503 3743 5574 epilio,

470 5603 580 5658 δῶν
630 5602 686 5655 δι
729 5599 992 5671 τύραννος
1025 5598 1219 5668 γέγονε
1270 5602 1480 5669 στροφῇ
1535 5599 1850 5669 σφενδόνης.
1891 5599 1968 5663 ὥς
1994 5617 2028 5668 γ

2181 5599 2263 5658 sed
2297 5601 2572 5674 Lydorum
2604 5589 2872 5674 tyrannus
2900 5600 3076 5656 factus
3105 5606 3209 5661 est,
3251 5597 3412 5664 idque
3439 5605 3532 5662 per
3563 5590 3744 5644 inver-

476 5709 668 5761 φασιν,
721 5691 773 5746 al
829 5690 969 5754 τιως
1024 5707 1086 5758 γε
1143 5691 1237 5746 τὸν
1303 5690 1470 5759 μῦθον
1525 5692 1600 5759 μὴ
1652 5692 2039 5762 ἁτιμάσαιμενη

2178 5693 2381 5751 sionem
2413 5695 2570 5766 palae.
2627 5707 2727 5751 ceu
2780 5692 3111 5764 perhibent;
3174 5687 3442 5758 siquidem
3499 5678 3741 5736 fabulam
