3958 6466
236 245 342 307 403

1398 261 1800 323 M-ANU-ELIS
1845 262 1928 319 PA
1941 261 2296 324 L/EOLOGI

3389 257 3493 323 404

241 361 411 426 ipsam
449 376 556 414 non
594 364 1028 431 rrpmliabimus.
1060 367 1246 437 Itaque
1279 371 1475 424 merito
1527 372 1658 439 palan
1686 371 1811 441 qui-

1924 371 2129 424 Οὐκοῦν
2156 375 2254 442 τὴν
2286 374 2376 425 ἐπὶ
2401 374 2463 440 τῇ
2494 373 2758 442 σφενδόνῃ
2797 373 3050 442 μηχανὴν
3102 370 3493 442 θαυμάσωμεν

236 451 358 505 dem
391 453 534 507 illius
571 465 740 510 artem
761 457 1174 526 admirahimur,
1205 462 1400 531 si'quis
1425 465 1564 518 hanc
1587 465 1808 534 Lydiam

237 545 501 609 fabulam,
561 564 661 601 ceu
696 550 954 617 quiddam
1007 555 1380 617 verissimum,
1415 556 1808 612 admittendam

238 641 571 693 roucesserit
602 659 615 696 :
649 651 870 705 ateum,
912 647 1011 710 qui.
1042 647 1141 700 hac
1167 657 1280 702 arte
1331 665 1446 703 rem
1506 651 1709 718 peregit
1758 659 1814 705 et

236 729 493 794 (-rml'rcit,
556 749 837 802 nunquam
895 739 1136 804 beatum,
1187 741 1232 794 si
1285 752 1432 797 recte
1457 745 1854 810 pronuntiare

236 821 506 883 volumus,
538 838 816 892 nunquam
845 830 1026 896 magni
1055 830 1360 885 faciendum
1396 832 1808 890 arbitrabimur.

144 915 145 918 ‘
236 911 606 976 Quamobrem
642 915 783 970 istuc
808 919 842 972 ?-
861 918 1016 984 Quod
1047 921 1218 988 ipsius
1253 925 1516 978 machinae
1551 923 1812 992 perfectio

138 1015 149 1024 ‘
239 1023 346 1061 non
387 1009 605 1078 proprie
637 1009 866 1073 bonum,
890 1028 991 1067 nec
1021 1013 1265 1077 beatum,
1295 1029 1398 1070 nec
1429 1015 1812 1072 admirandum

238 1100 369 1167 quid
421 1111 572 1157 esset
621 1114 804 1158 mente
865 1105 1132 1172 praeditis.
1190 1106 1324 1160 Nam
1375 1107 1519 1176 quod
1550 1124 1576 1159 a
1611 1109 1812 1162 virtute

240 1208 347 1245 non
373 1202 480 1254 est,
515 1209 616 1247 nec
648 1193 849 1248 bonum
895 1203 980 1249 est
1028 1196 1248 1265 proprie
1282 1213 1296 1251 ε
1360 1198 1506 1264 quod
1561 1198 1815 1252 inanimae
1851 1220 1855 1224 η

239 1301 458 1355 quoque
482 1302 570 1342 res
597 1288 870 1343 universae
891 1287 1236 1344 clamabunt.
1251 1288 1356 1356 Qui
1385 1291 1600 1346 virtutis
1621 1307 1814 1346 exsors

240 1377 573 1440 est,etiamsi
603 1378 808 1446 potitus
852 1393 1043 1448 regno,
1067 1380 1217 1448 quod
1243 1381 1387 1449 ipsas
1441 1382 1581 1436 ultra
1634 1382 1815 1438 Gades
1851 1412 1854 1415 -

241 1484 300 1522 se
328 1469 590 1538 porrigat,
617 1484 812 1526 omnes
836 1484 992 1538 opes,
1021 1475 1204 1526 omnia
1227 1473 1815 1544 mancipiacollegerit,

243 1567 298 1615 et
319 1561 528 1626 omnia,
561 1576 684 1631 quae
714 1562 768 1615 in
813 1562 918 1616 hac
973 1565 1080 1616 vita
1127 1562 1368 1631 jucunda
1418 1575 1546 1620 sunt
1583 1583 1597 1629 ;
1633 1581 1696 1621 ac
1733 1567 1819 1621 his

241 1652 438 1707 deinde
473 1652 697 1707 [ruendi
742 1662 953 1708 tantum
987 1654 1092 1709 sibi
1147 1657 1489 1711 concesserit
1535 1658 1815 1726 temporis,

241 1754 508 1813 quantum
535 1745 748 1800 libitum
803 1745 1012 1801 fuerit:
1048 1763 1205 1816 nugm
1258 1749 1410 1804 istaec
1449 1749 1649 1804 virtute
1683 1766 1819 1820 pra:-

179 1837 187 1845 '
243 1838 394 1893 ditis.
421 1838 698 1909 Quidquid
729 1841 875 1894 enim
902 1841 985 1895 vel
1012 1848 1224 1911 gestum
1257 1850 1363 1905 est,
1397 1843 1477 1896 vel
1499 1843 1817 1910 percipitur,

241 1931 285 1982 si
314 1945 439 1984 cum
471 1927 686 1995 virtute,
722 1930 923 1985 bonum
973 1948 988 1986 :
1017 1932 1102 1985 sin
1139 1943 1343 2000 autem,
1365 1933 1720 1986 contrarium.
1751 1934 1820 1987 At

243 2020 419 2091 Gyges
471 2022 670 2076 virtute
732 2038 839 2076 non
885 2023 1112 2093 adeptus
1146 2034 1228 2080 est
1267 2026 1638 2097 tyrannidem,
1674 2027 1817 2096 quod

241 2129 374 2169 sane
432 2115 514 2170 vel
576 2115 705 2173 hinc
777 2126 934 2186 paret
965 2135 986 2186 :V
1024 2118 1156 2172 nihil
1209 2122 1354 2172 enim
1420 2121 1610 2175 virtuti
1669 2136 1821 2176 com-

246 2222 410 2260 mune
463 2221 588 2260 cum
650 2208 956 2276 tyrannide,
1019 2225 1118 2264 nec
1179 2211 1461 2281 tyrannide
1525 2226 1817 2282 Oppresso-

243 2314 363 2350 rum
431 2299 571 2353 bona
631 2315 774 2360 cum
858 2302 1156 2366 voluntate,
1227 2318 1462 2366 praeesse
1549 2312 1818 2374 tyrannus

243 2401 442 2456 potest.
501 2392 734 2458 Quinam
764 2393 1107 2460 istuc?Quia
1177 2395 1228 2448 vi
1289 2397 1498 2451 coactis
1563 2397 1818 2465 imperat.

240 2480 345 2538 Ubi
375 2492 556 2537 autem
589 2484 691 2547 vis.
724 2485 798 2539 ibi
831 2485 1084 2541 voluntas
1140 2489 1317 2542 abest.
1350 2487 1472 2553 Quo
1534 2488 1613 2553 ﬁt,
1649 2497 1708 2542 ut
1739 2491 1818 2542 in-

242 2583 407 2629 vento
445 2576 682 2645 quodam
723 2585 779 2632 et
830 2586 950 2631 arte
982 2576 1160 2649 Gyges
1195 2580 1248 2633 in
1278 2588 1604 2649 potestatem
1639 2583 1819 2650 gentis

247 2667 414 2721 unius
446 2682 679 2738 corpora
715 2670 1008 2737 redegerit,
1041 2672 1206 2726 etiam
1260 2672 1446 2727 invitae
1473 2690 1488 2738 ;
1515 2687 1615 2727 nec
1645 2676 1822 2729 homi-

244 2771 373 2810 num
400 2771 563 2826 supra
585 2759 798 2814 vicinos
825 2758 1078 2824 fortium,
1101 2761 1207 2815 nisi
1231 2763 1570 2817 contrarium
1597 2779 1819 2833 quoque

242 2846 540 2901 dicendum
571 2855 698 2904 est:
735 2850 836 2904 hoc
866 2864 997 2904 vero
1037 2865 1135 2904 nec
1167 2851 1482 2917 honestum,
1525 2868 1625 2908 nec
1657 2854 1819 2907 dura-

243 2938 372 2998 bile,
426 2940 572 3008 quod
605 2941 853 3008 oppressi
895 2941 1203 3012 tyrannide,
1263 2943 1410 2998 illam
1443 2944 1509 2998 ad
1541 2944 1818 3000 conditio-

1918 463 1983 515 ἂν
2014 463 2260 528 δικαίως,
2297 467 2344 517 εί
2376 465 2494 531 δοίη
2523 483 2609 528 τις
2642 467 2737 518 τὸν
2767 465 2958 518 Λύδιον
2984 464 3175 518 τοῦτον
3214 463 3385 534 μῦθον
3418 466 3494 526 ὡς

1919 555 2287 624 ἀληθέστατον
2326 557 2627 622 δέξασθαι’
2663 558 2755 609 τὸν
2806 557 2861 610 δὲ
2922 557 2985 626 δὴ
3037 558 3350 627 περάναντα
3403 554 3495 607 καὶ

1919 645 2328 714 κατωρθωκότα
2379 648 2444 716 τῇ
2483 649 2722 717 μηχανῇ,
2762 647 2861 700 οὐκ
2908 648 2973 700 ἄν
3003 665 3132 700 ποτε
3162 647 3345 701 δίκαια
3378 663 3498 698 ποι-

1916 735 2104 796 οῦντες
2171 736 2466 804 εὐδαίμονα
2522 738 2855 807 νομίσαιμεν
2920 739 3016 790 καὶ
3073 737 3317 805 ζηλωτόν
3373 753 3494 788 τινα

1914 823 2080 880 εἶναι.
2111 827 2208 880 Διὰ
2239 827 2323 889 τί;
2363 828 2485 880 ’Ὁτι
2516 827 2578 880 τὸ
2623 831 2721 894 τῆς
2753 829 3006 897 μηχανῆς
3043 827 3389 895 ἀποτέλεσμα
3432 828 3492 880 οὐ

1917 918 2124 984 κυρίως
2169 918 2397 986 ἀγαθὸν,
2439 919 2562 972 οὐδὲ
2618 918 2901 988 εὔδαιμον,
2961 919 3082 973 οὐδὲ
3137 919 3376 988 ζηλωτόν
3429 935 3492 984 γε

1915 1009 2042 1062 νοῦν
2088 1009 2328 1080 ἔχουσιν.
2366 1013 2432 1066 Ὃ
2482 1013 2588 1082 γὰρ
2637 1013 2737 1064 οὐκ
2784 1012 2843 1076 ἐξ
2891 1014 3096 1083 ἀρετῆς
3139 1012 3260 1065 οὐδὲ
3290 1012 3494 1077 ἀγαθὸν

1918 1101 2146 1170 κυρίως,
2178 1104 2226 1154 εί
2251 1102 2316 1174 δὴ
2344 1107 2437 1156 καὶ
2467 1104 2535 1156 τὰ
2567 1103 2754 1174 ἄψυχα
2797 1103 2978 1156 πάντα
3009 1104 3168 1155 τοῦτο
3199 1103 3496 1171 κεκράξον-

1916 1209 2027 1245 ται.
2064 1193 2192 1246 Κᾶν,
2217 1195 2244 1245 ὁ
2271 1193 2484 1262 ταύτης
2517 1194 2764 1263 ἄμοιρος,
2810 1193 2981 1262 ἄρξας
3019 1193 3148 1246 εἴτι
3183 1195 3276 1245 καὶ
3312 1193 3496 1245 Γαδεί-

1921 1301 2032 1352 ρων
2077 1284 2228 1338 ἐστὶν
2280 1285 2560 1350 ἐπέκεινα,
2587 1287 2816 1357 ἀθροίσῃ
2868 1286 2969 1357 μὲν
3014 1285 3194 1340 πάντα
3245 1286 3495 1351 πλοῦτον,

1918 1377 2150 1449 ἀθροίσῃ
2209 1377 2267 1430 δὲ
2322 1379 2659 1449 ἀνδράποδα,
2709 1379 2806 1431 καὶ
2865 1378 3045 1433 πάντα
3098 1379 3166 1432 τὰ
3221 1379 3316 1431 τοῦ
3380 1379 3498 1448 βίου

1917 1468 2159 1536 τερπνάο
2194 1462 2316 1520 εἶτα
2360 1467 2540 1537 ἑαυτῷ
2592 1467 2775 1522 πάντα
2819 1467 2895 1538 δῷ
2936 1468 3283 1537 καρποῦσθαι
3314 1469 3500 1538 χρόνον

1919 1558 2116 1611 ὁπόσον
2169 1557 2374 1627 βούλει,
2409 1559 2578 1628 λῆρος
2624 1560 2739 1621 τοῖς
2789 1560 3116 1628 μετέχουσιν
3163 1560 3386 1628 ἀρετῆς.
3431 1560 3503 1612 Τὸ

1920 1652 2028 1720 γὰρ
2074 1650 2557 1721 πεπραγμένον,ἢ
2613 1651 3008 1720 μετεχόμενον,
3046 1652 3095 1703 εἰ
3155 1652 3252 1703 σὺν
3307 1653 3500 1720 ἀρετῇ,

1922 1741 2125 1796 καλόν·
2181 1744 2231 1796 εἰ
2283 1743 2341 1796 δὲ
2395 1745 2492 1814 μὴ,
2548 1743 2883 1798 τούναντίον.
2953 1745 3012 1798 '0
3061 1744 3240 1814 Γύγης
3291 1744 3345 1798 δὲ
3403 1745 3504 1798 οὐκ

1921 1833 2090 1904 ἀρετῇ
2123 1835 2518 1905 τετυράννηκε.
2555 1835 2667 1889 Καὶ
2713 1834 2875 1888 τοῦτο
2921 1835 3081 1905 δῆλον
3132 1837 3384 1888 αὐτόθεν.
3424 1837 3500 1888 Ού

1921 1929 2031 1997 γάρ
2067 1929 2219 1980 ἐστιν
2249 1927 2402 1981 οὐδὲν
2442 1927 2622 1982 κοινὸν
2651 1928 2821 1997 ἀρετῇ
2867 1929 3001 1998 πρδς
3039 1929 3358 1997 τυραννίδα,
3392 1927 3505 1982 οὐδ’

1921 2021 1999 2074 ἔνι
2031 2023 2437 2092 τυραννεύοντα
2469 2023 2666 2093 γνώμῃ
2701 2021 2809 2074 τῶν
2843 2021 3299 2092 τυραννουμένων
3341 2021 3505 2074 τοῦτο

1922 2116 2118 2168 ποιεῖν.
2156 2115 2316 2179 Πῶς;
2349 2115 2475 2167 Ὅτι
2522 2113 2846 2184 βιαζόμενος
2896 2113 3076 2184 ἄρχει.
3109 2114 3219 2166 Καὶ
3275 2113 3360 2166 ἵνα
3391 2112 3502 2182 βία.

1922 2205 2119 2260 ἄπεστι
2158 2195 2377 2276 γνώμη.
2418 2207 2584 2261 Ὥστε
2628 2208 2905 2271 σωμάτων
2940 2207 3251 2276 κεκράτηκε
3286 2208 3506 2276 μηχανῇ

1921 2312 2027 2348 τινι
2075 2297 2169 2349 καὶ
2213 2297 2379 2367 τέχνῃ
2435 2296 2625 2359 ἔθνους
2693 2296 2958 2358 ἑνὸς,καὶ
3016 2297 3089 2364 μὴ
3141 2296 3503 2367 βουλομένουο

1924 2391 2016 2443 καὶ
2044 2389 2252 2442 τούτων
2298 2391 2358 2442 οὐ
2409 2391 2676 2458 γενναίων
2710 2390 2851 2459 ὑπὲρ
2885 2390 3011 2453 τοὺς
3038 2391 3312 2459 γείτονας,
3347 2393 3394 2444 εἰ
3429 2392 3502 2460 μή

1921 2497 2006 2544 τις
2058 2483 2209 2536 εἴποι
2266 2483 2360 2536 καὶ
2413 2481 2748 2536 τούναντίον.
2795 2482 2969 2536 Τοῦτο
3001 2483 3058 2537 δὲ
3106 2483 3229 2536 οὔτε
3282 2483 3500 2553 σεμνὸν,

1920 2574 2042 2629 οὔτε
2073 2574 2322 2645 μόνιμον,
2350 2574 2462 2627 τῶν
2491 2574 2942 2644 τυραννηθέντων
2973 2575 3216 2629 ἀκόντων
3250 2577 3328 2638 είς
3355 2575 3504 2628 τοῦτ’

1921 2666 2211 2721 ἐλθόντων.
2269 2667 2436 2720 Ἀνευ
2495 2667 2551 2718 δὲ
2615 2666 2725 2720 τῶν
2783 2666 3120 2737 είρημένων,
3159 2667 3209 2718 εί
3261 2666 3507 2737 ἀκριϐῶς

1923 2758 2194 2828 θεωρήσει
2249 2775 2352 2822 τις,
2383 2757 2692 2827 ἀνθρώπων
2738 2757 2922 2828 Γύγης
2957 2758 3018 2811 οὐ
3070 2756 3459 2827 βεϐασίλευκεν
3485 2771 3502 2789 ⁸

1922 2848 2083 2918 ειπερ
2114 2849 2146 2916 ἡ
2183 2846 2379 2916 γνώμη
2436 2846 2535 2915 μὲν
2570 2846 2771 2916 ψυχῆς,
2809 2847 3015 2916 κυρίως
3051 2847 3107 2902 δὲ
3145 2848 3431 2917 ἄνθρωπος
3466 2850 3500 2920 ἠ

1921 2938 2092 3009 ψυχή.
2133 2939 2376 3001 Ἐκεῖνος
2409 2938 2465 2992 δὲ
2497 2939 2758 3010 τύραννος
2782 2938 2857 2992 ὢν
2897 2939 3150 2993 τοσοῦτον
3175 2939 3381 3010 ἀπέσχε
3407 2941 3501 2994 τοῦ

245 3045 370 3083 nem
411 3030 563 3084 inviti
595 3033 967 3100 pervenerint.
1001 3033 1326 3104 Quanquam
1369 3043 1424 3090 et
1476 3037 1683 3107 absque
1714 3038 1818 3104 his,

1925 3030 2022 3093 τὰς
2053 3029 2162 3082 τῶν
2193 3030 2646 3100 τυραννηθὲντων
2674 3029 2900 3101 γνώμας
2928 3033 3211 3101 κερδᾶναι,
3243 3032 3365 3084 ὅσον
3405 3033 3502 3084 καὶ

245 3136 367 3188 quae
393 3120 537 3176 dicta
573 3131 725 3195 sunt,
753 3122 799 3178 si
829 3123 953 3192 quis
994 3134 1252 3180 accurate
1278 3140 1391 3186 rem
1419 3129 1818 3195 considerabit,

245 3216 472 3270 minime
498 3216 679 3286 Gyges
710 3231 802 3272 rex
834 3217 1120 3272 hominum
1154 3218 1298 3287 fuit;
1332 3221 1604 3291 siquidem
1636 3206 1822 3280 volun-

247 3318 352 3364 tas.
396 3309 563 3361 animi
595 3315 720 3373 est;
773 3308 994 3363 animus
1043 3318 1223 3363 autem
1263 3312 1486 3381 proprie
1521 3322 1603 3368 est
1635 3314 1817 3378 homo.

248 3399 452 3460 Atille,
481 3400 575 3468 qui
629 3409 894 3470 tyrannus
941 3410 1108 3467 esset,
1143 3411 1350 3457 tantum
1403 3406 1610 3473 aberat,
1645 3415 1703 3460 ut
1728 3424 1826 3477 op—.

250 3509 566 3563 pressorum
618 3493 930 3548 voluntates
991 3494 1366 3564 lucrifaceret,
1399 3508 1607 3567 quanto
1647 3501 1822 3569 magis

245 3595 678 3658 consentaneum
707 3594 848 3650 erat,
885 3601 1008 3641 eum
1042 3588 1096 3642 in
1130 3589 1258 3644 odio
1295 3604 1418 3645 esse
1449 3591 1729 3656 omnibus,
1771 3601 1824 3647 et

245 3675 462 3732 insidiis
493 3691 680 3731 eorum
714 3675 936 3730 omnino
970 3677 1098 3746 peti.
1131 3676 1255 3732 llaec
1288 3679 1498 3733 scilicet
1523 3678 1613 3733 illa
1641 3688 1824 3749 tyran-

250 3770 395 3824 nidis
429 3769 571 3822 bona
603 3779 753 3833 sunt,
787 3783 908 3838 quae
945 3765 1069 3824 cum
1118 3783 1183 3823 ea
1217 3769 1377 3824 simul
1409 3778 1464 3824 et
1491 3780 1821 3839 nascuntur,

248 3869 302 3916 et
334 3867 633 3929 augescunt
665 3857 864 3927 quovis
897 3856 1099 3923 modo;
1130 3866 1184 3913 et
1213 3861 1432 3928 quando
1459 3875 1584 3916 cum
1615 3877 1675 3914 ea
1709 3861 1823 3917 dis-

250 3952 558 4013 solvuntur,
579 3949 633 4003 in
655 3949 1021 4004 foedissimum
1041 3949 1299 4018 quiddam
1327 3951 1606 4007 desinunt.
1635 3953 1822 4008 Enim-

248 4057 379 4098 vero
409 4042 457 4098 si
488 4041 758 4096 orationis
783 4039 949 4108 hujus
982 4040 1159 4097 forma
1190 4051 1353 4111 atque
1388 4042 1528 4098 ratio
1559 4044 1823 4113 simplici-

250 4147 335 4192 ter
371 4135 613 4190 historize
646 4135 890 4190 texendae
915 4142 1238 4204 potestatem
1286 4137 1444 4193 nobis
1475 4123 1838 4204 concederet,-

251 4229 421 4285 multo
451 4227 656 4283 rectius
708 4241 873 4296 quam
929 4228 1090 4283 modo
1117 4229 1524 4284 narrationibus
1555 4231 1824 4286 institutis

1922 3121 2219 3176 ἀκόλουθον
2267 3117 2336 3192 ἦν
2383 3121 2538 3192 παρὰ
2589 3123 2810 3177 πάντων
2857 3124 3021 3178 αὐτὸν
3077 3123 3372 3194 μισεῖσθαι,
3408 3127 3502 3178 καὶ

1923 3215 2381 3269 ὲπιδουλεύεσθαι
2413 3217 2592 3269 πάντα
2627 3216 2724 3286 τρό
2737 3234 2850 3270 πον.
2891 3216 3078 3270 Ταῦτα
3105 3205 3171 3287 δὴ
3201 3217 3269 3271 τὰ
3299 3235 3501 3288 τυραν-

1924 3307 2066 3368 νίδος
2096 3307 2300 3375 ἀγαθὰ,
2329 3309 2424 3361 καὶ
2475 3308 2606 3379 τῇδε
2650 3311 3014 3379 συμτρυόμενά
3056 3328 3115 3362 τε
3151 3313 3246 3364 καὶ
3283 3327 3503 3364 συνεπι-

1923 3395 2140 3450 διδόντα
2185 3397 2278 3450 τὸν
2323 3398 2503 3451 πάντα
2547 3399 2770 3469 τρόπον,
2825 3400 2917 3454 καὶ
2967 3400 3312 3454 τελευτῶντα
3368 3404 3504 3470 πρὸς

1925 3487 2210 3557 αἴσχιστόν
2258 3507 2334 3554 τι,
2395 3491 2611 3560 σύναμα
2653 3492 2827 3563 ταύτῃ
2890 3492 3243 3563 διαλυόμενα.
3283 3495 3357 3550 Οὐ
3397 3497 3504 3565 μὴν

1925 3581 2042 3634 ἀλλ’
2094 3582 2143 3635 εἰ
2203 3582 2267 3634 τὸ
2309 3582 2497 3652 σχῆμα
2529 3581 2636 3635 ’τοῦ
2698 3583 2861 3650 λόγου
2907 3586 3170 3656 καθαρῶς
3205 3585 3506 3652 ἐπέτρεπεν

1928 3673 2187 3744 ἱστορεῖν,
2243 3669 2390 3745 εἶχον
2440 3674 2658 3743 ἐλέγξαι
2713 3679 2827 3741 τοῖς
2875 3678 3184 3748 διηγήμασι
3218 3679 3395 3748 πολλῷ
3439 3697 3505 3749 γε

1929 3764 2140 3834 βέλτιον
2190 3767 2222 3838 ἣ
2275 3767 2390 3832 νῦν,
2428 3769 2504 3832 ὡς
2533 3771 2560 3823 ὅ
2599 3787 2656 3823 τε
2701 3771 2910 3841 χρυσίῳ
2942 3771 3087 3825 πάνυ
3121 3771 3358 3842 θαρρῶν,
3389 3773 3416 3826 ὃ
3445 3791 3506 3826 τε

1929 3859 2135 3929 σιδήρῳ
2197 3861 2340 3929 μέγα
2389 3861 2606 3930 φρονῶν
2658 3863 2751 3916 καὶ
2797 3862 2938 3916 λεῶν
2988 3862 3342 3932 ἀθροίσματι,
3372 3864 3399 3916 δ
3443 3857 3503 3918 τε

1929 3957 2204 4023 μηχαναῖς
2243 3955 2499 4019 ἐλπίζων,
2539 3956 2635 4008 καὶ
2689 3956 2932 4008 τουτοισὶ
2979 3955 3158 4025 ψιλοῖς
3211 3957 3501 4028 ἐγχειρῶν,

1925 4047 2020 4098 καὶ
2048 4046 2208 4110 εἴτις
2229 4048 2445 4110 τούτοις
2473 4047 2792 4116 ἐφάμιλλος,
2819 4048 2895 4118 μὴ
2929 4050 3240 4119 προσούσης
3271 4051 3500 4118 ἀρετῆς.

1929 4136 2291 4207 ἐξηπάτηται.
2337 4139 2492 4190 Ἐπεὶ
2544 4138 2600 4190 δὲ
2653 4138 2748 4192 νῦν
2798 4139 2860 4192 ού
2913 4139 3324 4210 προηγούμενον
3362 4134 3508 4194 τοῦθ’

1930 4228 2081 4294 ἡμῖν,
2116 4226 2231 4281 ἀλλ’
2286 4227 2675 4282 ἀποδεικνύναι
2731 4232 3028 4301 πειρᾶσθαι
3086 4237 3208 4296 ταῖς
3268 4234 3508 4302 παραοέο

251 4326 482 4392 probare
511 4336 769 4392 possem;
809 4329 864 4376 et
904 4314 1032 4374 eum
1071 4320 1162 4388 qui
1199 4335 1453 4390 magnam
1504 4322 1558 4376 in
1591 4338 1725 4378 auro
1757 4323 1821 4376 li-

1933 4333 2104 4384 σεσιν,
2143 4317 2218 4382 ὡς
2249 4318 2512 4390 ἄρχουσιν
2537 4321 2815 4376 ἐθέλουσιν
2845 4324 3070 4387 ἀγαθοῖς
3101 4320 3242 4379 εῖναι
3285 4327 3508 4380 πάντων

252 4417 468 4471 duciam
503 4415 677 4485 ponit,
707 4423 761 4469 et
799 4415 892 4484 qui
924 4429 981 4468 se
1004 4413 1151 4469 ferro
1183 4429 1247 4469 ac
1276 4416 1598 4484 populorum
1632 4417 1829 4469 collec-

254 4511 403 4566 tione
433 4521 764 4576 magnopere
788 4506 979 4574 jactat,
1012 4513 1070 4559 et
1091 4506 1183 4572 qui
1221 4505 1394 4558 fretus
1423 4515 1507 4561 est
1533 4506 1824 4571 machinis,
1872 4532 1877 4536 α

255 4601 459 4668 quique
499 4599 631 4654 solis
659 4599 745 4654 his
768 4597 1012 4652 animum
1048 4596 1260 4664 adjicit,
1305 4607 1358 4652 et
1391 4598 1436 4651 si
1471 4600 1596 4666 quis
1633 4598 1825 4652 horum

255 4691 454 4747 similis
486 4701 570 4744 est
599 4707 614 4751 ;
654 4705 804 4753 eum,
836 4689 942 4744 nisi
988 4688 1164 4755 virtus
1199 4690 1364 4753 adsit,
1399 4688 1508 4742 falli
1541 4699 1702 4758 atque
1729 4690 1826 4744 de-

254 4786 386 4851 cipi.
412 4785 614 4838 Verum
643 4783 901 4851 quoniam
929 4781 1032 4835 hoc
1055 4783 1123 4835 ah
1149 4781 1303 4836 initio
1327 4797 1434 4837 non
1465 4782 1823 4845 instituimus,

255 4879 347 4931 sed
388 4887 598 4930 tantum
626 4877 702 4930 uti
733 4889 830 4942 per
873 4875 1316 4943 comparationes
1347 4875 1727 4943 probaremus,
1762 4877 1826 4932 iis

259 4969 620 5036 principibus,
655 4965 746 5034 qui
782 4965 908 5019 boni
941 4968 1064 5019 esse
1092 4964 1280 5028 velint,
1313 4966 1378 5018 ad
1413 4965 1825 5032 perliciendum,

257 5076 380 5131 quae
421 5059 668 5127 cupiant,
698 5055 832 5111 nihil
861 5053 1127 5122 sapientia
1160 5055 1358 5109 melius
1381 5070 1504 5110 esse
1531 5076 1542 5110 :
1579 5056 1826 5110 instituto

259 5162 450 5206 nostro
494 5147 788 5202 convenire
833 5144 1117 5208 duximus,
1151 5143 1205 5198 'si
1242 5160 1342 5199 nec
1371 5159 1561 5200 omnes
1600 5147 1733 5200 tales
1775 5150 1827 5202 in

258 5244 496 5296 medium
515 5241 964 5310 produceremus,
994 5253 1060 5290 ne
1084 5236 1294 5293 theatro
1318 5236 1528 5293 molesti
1558 5253 1829 5302 essemus,

259 5330 590 5388 ineﬂabilem
626 5327 920 5398 quemdam
972 5343 1262 5382 numerum
1313 5326 1678 5396 proferendo;
1727 5343 1829 5382 ucc

259 5427 397 5482 citra
425 5423 646 5477 modum
671 5420 757 5480 his
776 5435 963 5476 eorum
994 5420 1240 5475 historiis
1272 5429 1566 5484 uteremur,
1597 5437 1661 5474 ne
1681 5421 1826 5489 quod

263 5513 603 5585 propositum
639 5529 664 5562 ιι
693 5509 848 5567 nobis
875 5519 976 5573 est,
1015 5511 1066 5564 in
1089 5511 1466 5567 narrationum
1495 5511 1827 5578 infinitarum

262 5603 418 5672 quasi
447 5617 595 5655 mare
631 5601 893 5663 delatum,
929 5601 1276 5669 naufragium
1313 5602 1536 5656 laceret.
1579 5604 1656 5657 Ac
1685 5611 1842 5674 recte,

263 5695 482 5772 quidem
515 5691 582 5750 ad
617 5692 820 5747 exitum
875 5692 948 5759 id,
983 5693 1124 5763 quod
1177 5694 1243 5748 ah
1298 5693 1447 5754 initio
1489 5693 1836 5772 volebamus,

1932 4408 2156 4478 ἄμεινον
2207 4409 2280 4464 ἂν
2329 4412 2417 4480 εἴη
2487 4412 2650 4480 σοφία
2703 4413 2844 4484 πρὸς
2881 4414 2942 4466 τὸ
2975 4415 3278 4484 περαίνειν,
3314 4416 3350 4470 ἃ
3384 4417 3508 4486 βού-

1930 4498 2105 4552 λοιντο
2134 4515 2146 4528 ·
2189 4500 2446 4570 ἡγήμεθα
2487 4501 2629 4568 μάλα
2680 4503 3006 4572 συμϐαίνειν
3047 4504 3122 4574 τῷ
3156 4509 3507 4578 προκειμένῳ

1932 4587 2122 4656 σκοπῷ
2178 4589 2317 4658 μήτε
2366 4589 2577 4653 πάντας
2623 4591 2855 4658 ἀγαγεῖν
2909 4593 2991 4654 είς
3055 4594 3223 4662 μέσον
3265 4595 3392 4657 τούς
3443 4614 3505 4664 γε

1929 4679 2224 4743 τοιούτους,
2257 4681 2343 4734 ἵνα
2374 4680 2528 4752 μὴτὸ
2559 4682 2786 4752 θέατρον
2813 4683 3260 4754 ἀποκναίσωμεν,
3293 4686 3508 4757 ἀμύθη-

1929 4771 2021 4824 τόν
2048 4789 2169 4824 τινα
2198 4772 2430 4842 ἀριθμὸν
2458 4775 2906 4841 παρεισάγοντες,
2932 4775 3057 4844 μήτ’
3083 4775 3340 4846 ἀμέτρως
3369 4779 3506 4848 χρήε

1931 4860 2130 4914 σασθαι
2182 4862 2436 4916 ταυταισὶ
2494 4865 2614 4924 ταῖς
2661 4864 2782 4915 κατ’
2827 4864 3026 4927 αὐτοὺς
3079 4867 3366 4931 ἱστορίαις,
3423 4871 3500 4939 μή

1932 4969 2062 5005 ποτε
2097 4954 2234 5023 πρὸς
2290 4955 2532 5021 πέλαγος
2585 4954 2948 5023 διηγημάτων
2990 4957 3237 5027 ἀπείρων
3275 4960 3338 5012 τὸ
3368 4978 3502 5028 προ-

1931 5046 2187 5111 κείμενον
2227 5049 2359 5117 ἡμῖν
2409 5046 2669 5116 ἐμπεσὸν,
2703 5050 3010 5120 ναυαγήσῃ.
3047 5050 3157 5102 Καὶ
3201 5049 3264 5120 δὴ
3323 5051 3503 5114 καλῶς

1934 5155 2026 5206 μοι
2058 5131 2220 5190 ’δοκεῖ
2271 5135 2729 5205 συμπεπεράνθαι
2779 5140 2840 5186 τὸ
2889 5137 3170 5206 καταρχὰς
3214 5139 3345 5205 ἡμῖν
3377 5137 3502 5205 βού-

1930 5230 2101 5297 λημα.
2150 5229 2238 5291 Ὠς
2284 5229 2392 5298 γάρ
2441 5247 2493 5281 τι
2551 5229 2900 5297 παράδειγμα
2939 5228 3197 5291 λαῦόντες
3245 5230 3344 5299 ἤδη
3377 5231 3503 5294 τοὺς

1930 5322 2130 5391 ἄνδρας
2171 5321 2416 5387 τούτους,
2464 5319 2574 5392 [ὲκ]
2627 5321 2734 5374 τῶν
2761 5321 2964 5390 ὁμοίων
2993 5321 3177 5384 αὐτοῖς
3221 5321 3500 5386 ἁπάντων,

1934 5414 2028 5467 καὶ
2075 5414 2169 5475 τὰς
2223 5413 2462 5482 ἱστορίας
2515 5413 2616 5475 τὰς
2668 5413 2796 5482 περὶ
2854 5412 3059 5465 τούτων
3118 5412 3318 5474 ίκανῶς
3366 5414 3501 5479 ἀφο-

1935 5506 2306 5571 σιωσάμενοι,
2399 5503 2582 5557 πᾶσαν
2663 5521 2722 5556 τε
2798 5501 3147 5572 περιεργίαν’
3201 5502 3498 5574 παρέντες,

1933 5597 2071 5649 κατὰ
2121 5598 2311 5666 καιρὸν
2382 5595 2868 5665 ἀπαλλαττόμεθα,
2929 5595 3001 5658 ὡς
3073 5595 3177 5664 ἐμὲ
3224 5611 3288 5662 γε
3371 5599 3497 5666 περὶ

1934 5689 2121 5765 τούτου
2145 5689 2384 5760 νομίσαι.
2421 5689 2530 5743 Καὶ
2556 5688 2661 5762 γάρ
2685 5705 2768 5742 τοι
2801 5686 3161 5758 μεμιμήμεθα
3183 5686 3353 5756 ὀρθῶς
3376 5687 3495 5741 δια-

1809 5816 1814 5820 ”
1863 5812 2049 5836 νννιαν“
2087 5813 2092 5818 ’
