3958 6424
376 272 478 338 ίθ5

1823 261 2111 336 (in-{Tro
2150 275 2197 333 ι.

3533 266 3650 326 ιθίῐ

375 389 720 460 πραξάμενοι
769 390 894 454 τοὺς
932 390 1456 461 ἀργυρογνώμονας,
1515 386 1598 454 οἷς
1637 407 1701 460 γε
1742 389 1862 454 ἔθος
1901 392 1966 445 ἐκ

2085 390 2362 444 leductum
2402 386 2533 441 mihi
2563 364 2797 441 videtur.
2841 384 3134 455 Postquam
3166 384 3312 438 enim
3344 382 3487 438 viros
3515 383 3644 436 hos-

375 482 470 533 τοῦ
501 479 700 552 μέρους
733 484 795 535 τὺ
846 482 1209 540 πᾶνείδέναι.
1240 485 1352 536 Καὶ
1380 478 1533 551 οἶμαι
1577 483 1779 553 χρῆναι
1812 485 1953 550 ἀγα-

378 573 486 641 πᾷν
532 575 598 642 τῇ
639 569 845 642 μεθόδῳ
878 573 1074 644 ταύτῃ,
1109 573 1170 625 El
1211 574 1320 644 γὰρ
1351 573 1402 626 οἳ
1439 577 1555 636 τοῖς
1585 574 1725 637 ὅλοις
1769 573 1956 639 ἔδοξαν

379 664 513 717 πολὺ
547 667 678 728 τοὺς
705 665 898 729 ἀλλους
928 666 1292 732 παρενεγκεῖν
1319 706 1334 730 ,
1366 665 1576 726 τούτοις
1624 666 1865 736 ἀτεχνῶς
1898 666 1958 719 τδ

379 755 630 826 λαμπρὸν
656 755 1033 825 τετελευτήκει
1057 757 1192 826 πρὸς
1218 756 1372 809 οὐδὲν
1395 757 1563 826 ἱερὸν,
1589 759 1739 827 φασὶ,
1765 759 1878 811 τισὶ
1901 757 1960 812 δὲ

380 846 472 898 καὶ
503 844 640 914 πρὸς
692 846 1021 910 τούναντίον,
1054 846 1132 918 τῷ
1181 848 1258 918 μὴ
1305 848 1544 917 γνησίως
1613 849 1745 920 μηδέ
1780 850 1961 914 καλῶς

381 935 440 988 τὸ
471 937 570 1004 τῆς
617 937 821 1004 ἀρετῆς
859 938 1105 1006 μετιέναι
1140 940 1356 1009 χρῆμα,
1396 940 1560 1011 σχολῇ
1613 941 1664 1010 γ’
1713 940 1780 994 ἂν
1812 941 1962 996 ἄλλοι

382 1025 490 1081 τῶν
522 1027 829 1081 ἐλασσόνων
857 1029 1073 1098 ἀληθῶς
1105 1031 1172 1084 ἂν
1212 1031 1426 1097 δόξαιεν
1474 1032 1794 1102 εὐδαίμονες
1825 1029 1964 1085 εἶναι

384 1118 461 1188 τῷ
491 1119 763 1182 πλουτεῖν,
785 1124 882 1174 καὶ¹
905 1123 1146 1192 πλήθους
1171 1123 1384 1194 ἄρχειν,
1412 1125 1507 1176 καὶ
1533 1122 1592 1188 ἐξ
1620 1124 1963 1194 οἱασδήτινος

389 1199 638 1279 μηχανῆς
662 1211 814 1279 σφίσι
841 1230 904 1278 γε
933 1216 1117 1276 αὐτοῖς
1145 1212 1466 1269 δουλοῦσθαι
1496 1218 1570 1284 μὴ
1604 1215 1966 1285 βουλομένους

387 1299 934 1370 ἁνθρὼπους.“⁸⁸Ωστε
981 1305 1064 1358 δεῖ
1088 1304 1200 1360 τῶν
1236 1307 1491 1377 ἱστοριῶν
1525 1307 1822 1377 ἀφέμενον,
1869 1310 1965 1363 ἆτε

389 1393 481 1446 καὶ
520 1395 694 1465 παρόν
726 1413 808 1448 σοι
862 1397 1067 1462 ταύτας
1095 1399 1296 1452 εἰδέναι
1344 1400 1498 1470 παρὰ
1543 1399 1654 1452 τῶν
1687 1399 1967 1471 προῠργου

389 1485 546 1539 τοῦτο
609 1488 1009 1556 πεποιηκότων,
1065 1491 1400 1560 πειραθῆναι
1454 1493 1695 1545 τουτοισὶ
1723 1495 1836 1554 τοῖς
1877 1493 1970 1544 divo

390 1579 546 1647 δράσι
586 1580 922 1650 παραϐαλεῖν
964 1584 1168 1637 ἐκεῖνον
1198 1583 1265 1654 δὴ
1293 1585 1384 1636 τὸν
1415 1585 1642 1654 ἄριστον
1693 1585 1879 1655 ἄνδρα,
1909 1585 1970 1638 δν

391 1672 449 1734 ἐξ
491 1671 801 1736 ὑποθέσεως
856 1674 1171 1743 ὑπεθέμεθα
1221 1675 1502 1746 καταρχὰς
1561 1674 1758 1738 εὐθύς·
1821 1675 1966 1743 λέγω

391 1731 453 1829 δή
493 1761 583 1813 τὸν
614 1731 897 1832 φρόνιμον,
936 1731 1295 1833 καὶκάιγαθδν,
1482 1731 1675 1837 ⁷σοφόν.
1706 1731 1784 1820 .⁹Ο
1831 1731 1965 1837 γοῶν
1996 1731 2039 1786 Β

393 1851 628 1916 τοιοῦτος
662 1854 939 1924 βασιλεὺς,
968 1856 1001 1928 ἢ
1034 1855 1170 1920 ὅλως
1205 1857 1390 1927 ἄρχων
1418 1858 1603 1925 τινῶν,
1636 1859 1970 1931 ἐρρωμένως

395 1945 532 2013 ἔχων
551 1947 648 2015 τὴν
673 1946 870 2016 ψυχὴν,
905 1950 996 2001 καὶ
1028 1949 1104 2012 ὡς
1141 1949 1248 2020 χρὴ
1281 1951 1454 2018 φιλῶν
1478 1948 1551 2004 ὧν
1582 1953 1765 2020 ἄρχει.
1796 1952 1970 2006 θέλων

397 2055 453 2090 τε
483 2037 680 2100 αὐτοὺς
712 2039 843 2109 όρᾷν
871 2040 929 2090 ἐν
962 2035 1042 2102 οἷς
1072 2041 1138 2094 ἂν
1161 2043 1405 2109 γένοιντο
1440 2042 1540 2112 τὴν
1567 2045 1792 2113 γνώμην
1817 2044 1976 2114 ἀμεί-

399 2146 538 2196 νους,
576 2133 678 2192 καὶ,
695 2131 877 2200 ζητῶν
906 2133 1121 2187 ἅπαντα
1152 2138 1374 2202 τρόπον,
1403 2136 1470 2188 δι’
1500 2129 1576 2191 ὧν
1605 2135 1664 2188 εὖ
1692 2137 1970 2190 πείσονται

399 2223 529 2293 παρ’
560 2225 724 2276 αὑτοῦ
744 2239 758 2253 ⁶
795 2225 984 2278 ἔπειτα
1013 2226 1105 2278 καὶ
1135 2227 1203 2294 τῇ
1237 2225 1472 2295 δυνάμει
1504 2226 1612 2280 τῶν
1651 2229 1826 2294 λόγων
1857 2228 1978 2282 πεί-

402 2319 508 2370 θων
537 2317 757 2382 αὐτοὺς,
795 2317 921 2386 μήτ’
952 2317 1269 2382 ἀλαζονείας
1335 2320 1623 2372 τοσῡνολον
1658 2321 1786 2391 μήτ’
1819 2323 1978 2391 εἰρω-

401 2407 545 2470 νείας
577 2407 882 2476 ἁπτόμενος
908 2408 1098 2481 (ἄμφω
1147 2410 1254 2481 γὰρ
1288 2410 1470 2480 κακὼ)
1501 2411 1576 2474 ὡς
1606 2412 1691 2481 εἴη
1729 2412 1829 2482 μὲν
1869 2407 1979 2477 οἷός

402 2500 567 2561 ἐστιν,
609 2500 782 2553 ἐθέλοι
834 2500 880 2553 δ’
907 2501 1042 2571 ὅπερ
1078 2501 1254 2554 ἐθέλει
1280 2518 1294 2534 ο
1327 2503 1355 2554 ὁ
1404 2503 1470 2574 δὴ
1505 2502 1746 2568 τοιοῦτος
1791 2504 1982 2558 οὐδένα

402 2588 553 2658 λήσει
581 2589 689 2642 τῶν
728 2588 970 2656 ἀγαθῶν,
1003 2590 1080 2653 ὡς
1112 2590 1186 2643 ῶν
1219 2609 1283 2661 γε
1317 2593 1576 2662 τυγχάνει
1609 2594 1680 2646 τὰ
1713 2594 1849 2664 πρὸς
1885 2595 1981 2648 αὐ-

403 2681 525 2742 τοὺς
547 2681 642 2733 καὶ
665 2681 864 2752 πατὴρ,
888 2682 979 2734 καὶ
1009 2681 1316 2752 οἰκονόμος,
1345 2686 1437 2736 καὶ
1461 2683 1633 2753 φίλος,
1665 2686 1759 2739 καὶ
1789 2684 1986 2756 κυϐερ-

406 2776 592 2842 νήτης,
615 2773 708 2826 καὶ
733 2773 957 2843 ποιμὴν,
977 2777 1070 2827 καὶ
1097 2775 1302 2847 ἰατρὸς,
1321 2779 1420 2831 καὶ
1439 2777 1620 2831 πάντα
1643 2779 1712 2832 τὰ
1733 2778 1985 2832 τοιαῦτα.

411 2863 602 2917 Ἔσται
648 2865 748 2934 μὲν
789 2867 897 2936 γὰρ
925 2867 1110 2930 αὐτοῖς
1165 2867 1374 2939 σωτὴρ,
1411 2868 1563 2922 ἔσται
1602 2869 1660 2924 δὲ
1713 2871 1988 2933 παντοίως

407 2956 698 3026 ὠφέλιμος,
741 2958 799 3010 ἐν
848 2957 1021 3012 ἅπασι
1073 2963 1289 3029 καιροῖς
1341 2977 1401 3013 τε
1454 2961 1550 3014 καὶ
1606 2963 1987 3033 περιστάσεσι,

2061 497 2123 538 ce
2162 482 2309 536 velut
2327 479 2574 548 exempla
2597 479 2936 548 sumpsimus
2955 479 3221 550 omnium,
3245 477 3324 531 eis
3345 475 3642 540 similium;

2063 573 2454 640 memoriaque
2475 573 2542 627 de
2567 572 2701 640 ipsis
2721 571 2955 640 prodita,
2983 571 3121 626 satis
3141 570 3423 638 attigimus
3440 609 3455 633 ,
3480 567 3651 622 omis-

2061 664 2160 727 sis,
2193 678 2537 732 quazcunque
2575 675 2984 730 supervacanea
3044 659 3222 715 forent
3257 675 3272 713 :
3313 667 3644 728 opportune.

2064 755 2216 808 velut
2254 753 2510 824 equidem
2547 754 2808 814 arbitror,
2859 753 3205 808 desistimus.
3239 751 3455 805 Etenim
3501 763 3650 804 recte

2067 845 2323 910 fecimus,
2352 847 2447 916 qui
2483 846 2696 916 argenti
2744 846 3155 901 examinatores
3202 844 3399 898 imitati
3429 844 3645 901 simus;

2064 938 2265 1008 quibus
2293 948 2379 993 est
2413 939 2466 992 in
2496 953 2648 993 more
2683 947 2858 991 totum
2896 953 2960 992 ex
2988 947 3140 1006 parte
3165 950 3464 1006 agnoscere
3498 953 3512 989 :
3538 950 3646 1001 qua

2065 1046 2198 1087 sane
2238 1031 2388 1086 brevi
2427 1030 2655 1087 docendi
2689 1029 2775 1084 via
2816 1030 3014 1084 debere
3065 1043 3166 1083 nos
3211 1042 3333 1083 esse
3357 1033 3644 1083 contentos

2067 1123 2331 1177 arbitror.
2366 1123 2426 1176 Si
2472 1125 2618 1176 cnim
2653 1123 2789 1185 illis,
2845 1123 2935 1190 qui
2978 1122 3143 1176 rebus
3195 1120 3452 1175 Omnibus
3488 1120 3647 1186 longe

2039 1228 2042 1230 '
2069 1225 2291 1269 ctrtrros
2321 1215 2527 1269 anteire
2560 1216 2662 1270 visi
2691 1224 2842 1278 sntit,
2885 1212 3178 1267 manifesto
3207 1213 3470 1281 splendor
3497 1211 3544 1265 is
3580 1227 3607 1263 θ
3633 1214 3644 1262 1

2071 1305 2215 1362 sacri
2246 1307 2405 1370 nihil,
2435 1308 2576 1374 quod
2606 1308 2784 1370 aiunt,
2817 1307 3039 1364 tandem
3066 1306 3251 1369 rediit,
3275 1321 3337 1358 ac
3376 1305 3654 1357 nonnullis

2072 1399 2127 1452 in
2167 1397 2507 1452 contrariam
2546 1412 2764 1467 quoque
2819 1406 3026 1466 partem
3075 1396 3295 1460 cecidit,
3333 1396 3495 1463 idque
3527 1410 3658 1464 pro.

2072 1504 2282 1561 pterea,
2313 1490 2457 1560 quod
2495 1505 2605 1543 non
2643 1490 2878 1552 sincere,
2915 1505 3017 1544 nec
3052 1499 3198 1544 recte
3237 1487 3438 1541 virtute
3467 1496 3650 1542 secta-

2077 1589 2271 1635 rentur
2303 1596 2317 1634 :
2349 1581 2526 1635 multo
2564 1580 2749 1634 minus
2777 1579 3072 1634 inferiores
3099 1579 3212 1641 alii,
3245 1586 3463 1646 propter
3494 1593 3652 1647 opes,

2073 1682 2128 1728 et
2159 1672 2346 1743 populi
2377 1673 2751 1737 dominatum,
2786 1680 2841 1727 et
2874 1673 2926 1726 in
2954 1673 3277 1726 servitutem
3308 1671 3376 1724 ab
3405 1687 3486 1735 se,
3524 1684 3658 1739 qua-

2073 1780 2292 1834 cunque
2346 1766 2566 1820 tandem
2631 1776 2772 1828 arte,
2818 1765 3070 1820 redactos
3121 1765 3372 1819 homines
3428 1765 3653 1823 invitos.

2074 1870 2202 1912 vere
2232 1855 2375 1911 beati
2407 1871 2529 1910 esse
2562 1855 2910 1909 videbuntur.
2941 1854 3286 1925 Quapropter
3317 1854 3542 1908 omissis
3575 1853 3657 1906 bi-

2080 1947 2291 2014 storiis,
2314 1962 2452 2016 quas
2477 1947 2762 2017 percipere
2792 1946 2860 2002 de
2893 1946 2961 2002 iis
2989 1955 3165 2016 potes,
3188 1948 3279 2016 qui
3311 1960 3405 2000 eas
3434 1961 3498 1998 ex
3533 1959 3662 2016 pro-

2041 2039 2221 2095 fesso
2269 2046 2546 2102 tractant,
2601 2038 2918 2092 conandum
2966 2038 3128 2094 nobis
3159 2048 3262 2101 est,
3327 2047 3384 2091 ut
3415 2053 3540 2091 cum
3577 2035 3661 2089 bis

2074 2129 2210 2182 viris
2270 2129 2541 2198 optimum
2599 2128 2751 2180 illum
2806 2131 2984 2182 virum
3031 2143 3440 2197 comparemus,
3487 2143 3658 2189 quem

2075 2219 2263 2275 statim
2319 2219 2388 2274 ab
2446 2219 2603 2274 initio
2660 2219 2996 2287 peculariter
3048 2220 3208 2274 nobis
3243 2219 3658 2289 praposuimus,

2079 2311 2406 2382 prudentem
2443 2313 2689 2381 inquam,
2713 2321 2768 2366 et
2798 2312 3028 2389 bonum,
3061 2321 3117 2368 ct
3156 2313 3482 2382 sapientem.
3513 2310 3663 2366 Talis

2081 2419 2212 2474 ergo
2246 2419 2360 2467 rex,
2391 2415 2485 2457 aut
2536 2406 2794 2474 princeps
2830 2404 3057 2460 omnino
3091 2405 3485 2474 quorumdam,
3535 2405 3678 2459 forti-

2081 2505 2134 2550 ct
2160 2496 2741 2564 constantiprteditus
2766 2497 2974 2563 animo,
3008 2495 3212 2568 quique
3244 2499 3528 2566 subjectos
3561 2498 3665 2550 im-

2087 2586 2238 2656 perio
2265 2601 2367 2641 suo
2408 2589 2487 2642 sic
2523 2587 2720 2657 diligit,
2761 2589 2840 2642 uti
2870 2588 3052 2654 debet,
3081 2599 3133 2644 et
3163 2590 3343 2644 videre
3378 2591 3524 2659 cupit
3558 2604 3658 2646 eos

2086 2680 2141 2732 in
2194 2680 2302 2735 illis
2349 2689 2654 2744 versantes,
2708 2682 2912 2750 quibus
2949 2683 3204 2738 meliores
3245 2698 3438 2738 eorum
3492 2683 3700 2738 animi'

2085 2769 2430 2836 reddantur;
2465 2770 2727 2839 omnith
2762 2771 2975 2826 ratione
3003 2771 3232 2841 quaerit,
3271 2773 3474 2842 quibus
3504 2774 3670 2828 rebus

2091 2861 2225 2916 bene
2252 2863 2318 2915 de
2339 2862 2482 2930 ipsis
2507 2863 2702 2916 mereri
2732 2863 2906 2930 possit
2931 2881 2944 2927 ;
2978 2877 3042 2918 ac
3063 2863 3263 2919 deinde
3289 2866 3472 2918 verbis
3501 2865 3666 2918 etiam

2089 2967 2210 3016 eos,
2257 2963 2310 3007 et
2357 2953 2684 3021 eloquentiae
2725 2954 2775 3007 vi
2809 2953 3016 3018 ﬂectit;
3049 2964 3108 3010 ut
3152 2960 3221 3010 ab
3259 2958 3690 3026 omniprotsus

407 3050 690 3115 γινώσκων
715 3049 815 3119 μὲν
841 3050 900 3103 τὸ
928 3051 1065 3104 πᾶσι
1090 3054 1336 3104 συνοῖσον
1366 3051 1573 3121 βέλτιον
1595 3053 1816 3106 πάντων
1843 3051 1983 3104 ἐκεί-

2089 3046 2428 3115 arrogantia,
2457 3047 2538 3100 sic
2589 3046 2754 3100 etiam
2795 3045 3240 3103 dissimulatione
3282 3050 3496 3106 alienus
3534 3051 3673 3121 (οεο-

408 3162 534 3207 νων,
566 3143 733 3208 θέλων
756 3145 812 3200 δὲ
835 3143 900 3198 αὖ
931 3144 1090 3199 τοῦτο
1116 3145 1320 3215 σφίσιν,
1351 3145 1383 3216 ἢ
1411 3144 1594 3212 σφίσιν
1625 3143 1809 3206 αὐτοῖς
1832 3143 1982 3196 ἐκεί-

409 3253 488 3288 νοι
512 3253 528 3270 ο
550 3237 684 3304 πρὸς
710 3235 767 3288 δὲ
786 3238 846 3288 τὸ
867 3237 1104 3308 περᾶναι
1133 3238 1193 3290 τὺ
1221 3237 1382 3302 δόξαν
1413 3235 1628 3307 βέλτιον
1658 3232 1801 3290 εἶναι
1861 3237 1985 3289 ἐπι·-

412 3327 624 3396 στήμην
653 3328 1012 3398 κεκτημένος,
1041 3330 1244 3400 σπουδῇ
1282 3330 1377 3383 καὶ
1407 3329 1611 3400 εὐφυΐᾳ
1634 3325 1989 3396 συνειλεγμέο

411 3433 528 3484 νην,
575 3415 641 3486 ἢν
670 3418 734 3469 οὐ
789 3418 985 3487 ῥαδίως
1027 3419 1324 3488 ὑπερϐαλεῖ
1360 3419 1531 3490 οὐδ”η
1573 3418 1682 3472 τῶν
1729 3417 1989 3472 ἁπάντων

411 3509 572 3576 ὁμοῦ,
603 3509 747 3578 λέγω
773 3511 838 3581 δὴ
863 3511 972 3565 τῶν
1003 3512 1110 3565 ὑπὸ
1139 3514 1319 3582 χεῖρα,
1352 3511 1724 3583 ἀκρισέστατα
1753 3527 1990 3582 συγκρο-

410 3603 640 3670 τηθεῖσα
673 3603 808 3671 πρὸς
842 3602 900 3656 ἓν
938 3620 991 3655 τι
1022 3603 1238 3674 χρῆμα.
1287 3603 1442 3657 ’Ὢσθ’
1479 3603 1822 3675 ὑποληπτέον
1854 3604 1990 3672 ἡμῖν

414 3692 482 3747 ἂν
539 3696 649 3762 είη,
689 3694 825 3764 ὅπερ
875 3695 1174 3764 ἀναγκαῖον
1227 3695 1356 3749 νοῦν
1406 3695 1614 3765 έχουσι.
1667 3695 1731 3747 Τί
1785 3693 1989 3761 τοῦτο;

425 3783 514 3847 Ὦς
541 3783 647 3854 ἄρα
670 3783 878 3855 τάληθῆ
903 3785 1307 3856 πεπεισμένους
1330 3787 1458 3848 τοὺς
1487 3785 1831 3856 ἀρχομένους
1861 3786 1991 3856 περὶ

413 3875 513 3929 τοῦ
545 3874 825 3946 ἄρχοντος,
847 3877 929 3930 ὅτι
955 3877 1118 3940 καλός
1145 3893 1205 3930 τε
1229 3876 1472 3945 κάγαθός
1501 3877 1637 3942 ἐστι,
1666 3877 1758 3929 καὶ
1777 3877 1846 3930 τὰ
1869 3875 1990 3928 κατ’

416 3965 600 4031 αὐτὸν,
632 3967 724 4019 καὶ
759 3965 828 4018 τὰ
859 3967 1001 4019 κατὰ.
1035 3964 1227 4020 τούσδε
1249 4005 1264 4030 ,
1303 3965 1458 4018 οὐδὲν
1493 3965 1559 4018 ἂν
1589 3965 1676 4034 εἴη
1710 3963 1772 4018 τὸ
1802 3979 1992 4034 προσι-

419 4058 686 4127 στάμενον
719 4058 968 4127 μεθέξειν
999 4059 1202 4122 αὐτοὺς
1232 4058 1444 4111 πολλῶν
1479 4075 1538 4110 τε
1567 4058 1668 4117 ¹καὶ
1717 4061 1991 4128 μεγίστων

417 4151 662 4218 ἀγαθῶν.
695 4150 864 4202 Ταυτὶ
887 4151 946 4203 δὲ
974 4150 1120 4219 λέγω
1151 4151 1282 4220 περὶ
1315 4149 1570 4221 χρηστῶν
1605 4166 1664 4202 τε
1690 4151 1787 4202 καὶ
1821 4152 1995 4203 ἐπιειο

419 4241 697 4312 κεστέρων
747 4240 1076 4312 ἀνθρώπων.
1109 4241 1218 4294 Τὸν
1270 4241 1382 4311 γὰρ
1434 4240 1662 4303 Ἰούδαν,
1719 4243 1812 4295 καὶ
1868 4241 1993 4304 τοὺς

418 4335 711 4399 τοιούτους,
768 4333 876 4386 οὐδ’
929 4335 962 4404 ή
999 4332 1095 4386 τοῦ
1131 4332 1387 4402 Σωτῆρος
1415 4333 1609 4403 ἀρετὴ,
1660 4333 1694 4403 ἢ
1727 4333 1995 4402 οὐρανοὺς

2090 3137 2201 3192 nim
2224 3148 2516 3206 utrumque
2539 3137 2738 3191 malum
2761 3138 2888 3208 est),
2913 3149 2972 3193 ut
2994 3141 3086 3206 sit,
3113 3141 3292 3209 qualis
3314 3150 3427 3204 est;
3452 3151 3503 3195 et
3525 3145 3672 3211 quod
3749 3199 3756 3206 ,

2089 3227 2226 3290 vult,
2259 3227 2384 3282 velit
2416 3243 2433 3282 :
2464 3228 2878 3298 talis,inqnaut,
2901 3231 3170 3286 bonorum
3197 3232 3366 3287 latere
3393 3234 3672 3288 neminem

2092 3327 2292 3390 potest,
2322 3321 2458 3390 quin
2493 3322 2639 3390 quod
2670 3324 2868 3378 attinet
2897 3323 3069 3393 ipsos,
3101 3333 3153 3379 et
3183 3333 3342 3396 pater
3374 3327 3468 3391 sit,
3495 3338 3548 3381 et
3571 3327 3674 3382 ad-

2092 3410 2458 3478 ministrator,
2489 3423 2542 3466 et
2578 3414 2810 3480 amicus,
2838 3423 2894 3470 et
2915 3416 3274 3486 gubernator,
3300 3431 3353 3474 et
3383 3429 3584 3488 pastor,
3622 3430 3679 3475 et

2095 3502 2362 3564 medicus,
2397 3513 2452 3558 et
2502 3503 2776 3572 ejusmodi
2814 3507 3021 3563 omnia.
3057 3508 3191 3564 Nam
3225 3519 3280 3566 et
3323 3523 3570 3568 servator
3595 3514 3677 3568 eis

2091 3597 2217 3660 erit,
2248 3605 2303 3649 ct
2328 3595 2483 3650 utilis
2526 3598 2870 3664 omnimodo,
2903 3600 3100 3669 quovis
3134 3611 3401 3672 tempore,
3437 3605 3674 3672 quibus-

2093 3686 2176 3741 vis
2218 3687 2440 3742 casibus
2477 3705 2489 3739 :
2535 3692 2678 3758 quod
2708 3699 2764 3744 et
2809 3691 3096 3760 profutura
3133 3695 3412 3749 universis
3450 3696 3675 3759 melius.

2094 3793 2256 3847 quam
2291 3779 2391 3848 ipsi
2419 3795 2635 3844 omnes,
2668 3782 2938 3851 intelligat
2966 3802 2979 3848 ;
3011 3793 3065 3837 et
3099 3786 3271 3856 magis
3304 3787 3418 3842 haec
3449 3788 3528 3843 eis
3553 3803 3677 3842 evc-

2099 3870 2218 3936 nire
2255 3870 2465 3939 cupiat,
2499 3885 2661 3939 quam
2714 3872 2815 3940 ipsi
2866 3873 3088 3930 sibimet
3142 3877 3275 3944 ipsis
3327 3885 3560 3946 optent:
3608 3881 3674 3931 ad

2101 3961 2494 4028 perliciendum
2541 3971 2723 4017 autem
2781 3963 2856 4031 id,
2910 3967 3059 4035 quod
3091 3969 3287 4024 melius
3333 3986 3459 4026 esse
3497 3972 3673 4026 visum

2097 4051 2281 4118 fuerit,
2319 4067 2386 4108 ea
2437 4055 2699 4123 praeditus
2731 4056 2802 4110 sit
2833 4059 3148 4126 prudentia,
3187 4070 3304 4116 tum
3335 4065 3525 4126 studii,
3561 4073 3672 4116 tum

2097 4144 2298 4214 ingenii
2357 4146 2406 4199 vi
2439 4146 2702 4214 collecta;
2732 4164 2897 4218 quam
2937 4166 3044 4205 non
3080 4151 3238 4208 facile
3266 4154 3348 4208 vel
3379 4159 3678 4212 accuratis-
3718 4187 3727 4195 -

2095 4236 2234 4290 sime
2267 4235 2322 4289 in
2347 4253 2516 4291 unum
2547 4239 2782 4293 conflata
2807 4243 2972 4297 simul
3024 4245 3271 4300 omnium
3303 4249 3521 4317 peritia,
3548 4251 3679 4306 sub-

2101 4326 2342 4382 ditorum
2377 4329 2623 4399 inquam,
2655 4334 3024 4402 superaverit.
3060 4336 3408 4408 Quapropter
3435 4341 3484 4394 id
3519 4343 3680 4398 nobis

422 4426 682 4496 ἐκάλυψε,
727 4427 867 4482 ma
914 4427 1007 4480 τὸν
1058 4426 1366 4496 προφήτην,
1397 4425 1702 4496 ὠφέλησεν.
1737 4426 1894 4480 Οὕτω
1927 4427 1983 4497 δὴ

2101 4425 2186 4472 est
2218 4419 2672 4486 existimandum,
2720 4425 2868 4494 quod
2921 4429 3238 4484 emstimare
3301 4442 3491 4488 mente.
3538 4451 3679 4504 pra:-

423 4521 633 4592 χωροῦν
655 4521 715 4574 τὸ
747 4521 1002 4589 πρᾶγμα,
1038 4517 1161 4589 μηδ’
1187 4520 1358 4590 ἑτέρῳ
1384 4521 1498 4572 τοῖν
1522 4519 1704 4572 πεδοῖν
1729 4535 1995 4588 παραχω-

423 4615 597 4680 λεῦον,
625 4614 688 4666 οὐ
724 4613 966 4683 βραδέως
1000 4611 1329 4684 κατανὲήσει
1374 4611 1512 4682 πρός
1547 4628 1599 4664 τι
1635 4611 1999 4681 χρηστότερον

423 4707 616 4776 πέρας.
637 4707 747 4760 Καὶ
763 4704 922 4758 τοῦτο
941 4704 1104 4773 λέγω,
1120 4705 1180 4758 οὺ
1201 4705 1620 4774 μαντευόμενος,
1638 4704 1761 4757 οὐδὲ
1783 4720 1999 4772 1:90:91}-

421 4799 613 4852 τεὺων.
650 4798 722 4850 Τὸ
749 4797 848 4866 μὲν
879 4797 988 4866 γὰρ
1013 4797 1298 4866 Τειρεσίου
1327 4795 1422 4848 τοῦ
1453 4796 1644 4860 πάλαι,
1668 4794 1729 4847 τὸ
1747 4794 1804 4847 δὲ
1834 4792 2000 4846 Δασὶδ

423 4887 888 4960 βασιλέως.Ἐμοὶ
916 4886 970 4938 δέ
1004 4885 1230 4956 θάτερον
1264 4889 1362 4956 μὲν
1392 4885 1466 4956 μὴ
1521 4885 1730 4954 γένοιτο
1772 4884 1854 4945 (οὐ
1888 4884 1998 4952 γὰρ

420 4981 542 5051 Θεῴ
571 4977 771 5048 φίλον),
789 4977 1015 5052 θάτερον
1044 4977 1102 5030 δὲ
1154 4979 1412 5047 μέγιστον
1446 4976 1568 5047 μὲν,
1602 4977 1717 5029 ἀλλ’
1741 4975 1863 5030 οὐδέ
1887 4977 1995 5029 δει-

424 5073 614 5125 κνύναι
643 5071 774 5139 χρὴ,
797 5069 871 5132 ὼς
906 5069 1047 5138 ὑπὲρ
1077 5070 1247 5138 ἡμᾶς.
1282 5068 1453 5137 Δῆλον
1475 5067 1602 5138 γάρ.
1637 5068 1711 5121 Οὐ
1745 5068 1854 5137 μὴν
1884 5066 1997 5122 ἀλλ’

425 5165 544 5218 οὐδὲ
572 5161 992 5231 τεκμαιρόμεθα
1004 5161 1194 5227 τοῦτο,
1224 5162 1301 5224 ὼς
1325 5156 1435 5214 οἷόν
1463 5178 1523 5213 τε
1550 5158 1693 5214 εἶναι
1729 5161 2000 5232 ἐξηπατῆ·

427 5254 572 5306 σθαι.
611 5251 790 5305 Πολλὰ
821 5250 929 5322 γὰρ
963 5251 1032 5305 ἂν
1067 5250 1296 5304 τοιαῦτα
1331 5251 1575 5322 συμϐαίη
1593 5254 1708 5316 τοῖς
1734 5251 1999 5323 διισχυρι-

424 5342 675 5411 ζομένοις
701 5343 832 5410 περὶ
860 5339 955 5392 τοῦ
987 5339 1311 5408 πράγματος
1337 5339 1446 5392 ἀπὸ
1481 5339 1819 5410 τεκμηρίων.
1859 5339 1998 5391 Ἀλλ’

425 5434 646 5503 ἀνάγκη
683 5429 962 5499 λογισμῶν
995 5429 1157 5482 τοῦτο
1187 5430 1442 5499 λέγομεν.
1487 5430 1594 5482 Καὶ
1619 5431 1890 5485 σκοπείτω
1914 5449 2000 5495 τις

426 5525 542 5577 ὡδί.
577 5525 733 5576 Δυοῖν
761 5522 866 5589 γὰρ
895 5522 1111 5583 πάντως
1150 5520 1363 5591 θατέρῳ
1393 5521 1578 5585 κακῶς
1609 5523 1880 5592 πράξουσι
1907 5526 2001 5576 πό-
2040 5519 2042 5522 ’

428 5612 565 5678 λειη,
595 5612 693 5679 (τῷ
731 5613 838 5679 γὰρ
877 5610 942 5681 δὴ
1001 5609 1119 5662 κατ’
1159 5610 1328 5678 ἄμφω
1362 5610 1608 5677 νοσῆσαι,
1650 5611 1772 5664 οὐδὲ
1817 5614 2002 5678 κακῶς

433 5704 638 5765 πρᾶξαι
669 5703 980 5767 περιέσται·
1018 5701 1150 5754 ἀλλὰ
1189 5701 1286 5768 τὴν
1313 5702 1577 5772 ταχίστην
1611 5705 1950 5761 ἀπολωλένω
1982 5710 1998 5775 )

2100 4506 2198 4562 diti
2222 4509 2534 4563 necessario
2561 4511 2784 4570 debent.
2815 4513 2956 4578 Quid
2985 4516 3124 4569 istuc
3146 4517 3168 4569 ?
3191 4516 3245 4572 Si
3275 4533 3398 4572 vere
3419 4519 3530 4573 sint
3557 4537 3679 4589 pcr-

2100 4603 2254 4656 suasi
2305 4601 2374 4657 de
2409 4603 2658 4672 principe
2713 4605 2940 4670 subditi,
2993 4607 3139 4674 quod
3201 4617 3469 4676 prmslans
3505 4613 3578 4668 sit
3626 4623 3680 4667 rt

2100 4693 2378 4763 egregius,
2412 4708 2536 4748 cum
2574 4695 2712 4753 suis.
2747 4705 2859 4750 tum
2883 4696 3131 4766 ipsorum
3162 4699 3216 4751 in
3246 4703 3505 4769 negotiis,
3543 4703 3679 4758 nihil

2102 4795 2224 4837 esse
2250 4781 2665 4852 impedimento,
2693 4800 2802 4854 quo
2829 4787 3010 4840 minus
3038 4793 3090 4840 et
3117 4793 3356 4843 multoru
3379 4805 3440 4853 ιι,
3475 4801 3530 4844 ct
3560 4809 3680 4846 ma-

2103 4873 2382 4928 ximorum
2432 4875 2702 4929 bonorum
2750 4890 3034 4946 compotes
3066 4879 3234 4946 (iant;
3267 4890 3432 4950 atque
3464 4883 3580 4938 hare
3612 4886 3678 4937 de

2102 4965 2262 5021 bouis
2288 4974 2343 5021 et
2363 4968 2628 5024 modestis
2653 4969 2970 5026 hominibus
2996 4973 3314 5042 pronuntio.
3341 4972 3476 5027 Nam
3500 4974 3676 5038 Judae,

2103 5070 2268 5128 atque
2299 5059 2422 5115 aliis
2456 5059 2682 5126 talibus,
2719 5077 2788 5116 ne
2818 5061 2938 5132 ipsa
2970 5064 3192 5133 quidem
3223 5065 3530 5124 Servatoris
3565 5071 3677 5122 vir-

2105 5161 2213 5217 tus,
2261 5167 2384 5223 quas
2413 5155 2586 5209 caelos
2620 5157 2856 5223 operuit,
2899 5164 2956 5209 ut
2988 5158 3270 5225 pr0phetae
3301 5161 3480 5216 verbis
3529 5171 3676 5226 utar,

2103 5245 2351 5316 profuit-
2384 5245 2499 5303 i-loc
2545 5247 2706 5304 modo
2749 5250 2796 5304 si
2842 5265 2929 5306 res
2973 5255 3252 5321 procedet,
3285 5271 3386 5311 nec
3414 5257 3678 5312 alterutro

2105 5338 2241 5407 pede
2279 5339 2646 5404 claudicabit;
2681 5355 3024 5412 nequaquam
3079 5346 3224 5401 lente
3274 5351 3473 5406 bonum
3513 5353 3576 5406 ad
3613 5353 3678 5407 fl-

2107 5447 2230 5485 nem
2261 5432 2582 5503 perveniet:
2613 5434 2761 5500 quod
2793 5435 3047 5504 equidem
3073 5453 3175 5493 nec
3200 5450 3260 5495 ut
3287 5442 3557 5509 hariolus,
3582 5461 3678 5500 nec

2106 5533 2164 5577 ut
2191 5524 2455 5594 propheta
2489 5524 2632 5579 dico.
2663 5523 2994 5583 Nam'istud
3059 5526 3208 5588 illius
3261 5535 3422 5602 prisci
3457 5534 3678 5590 Tiresia!

2106 5615 2317 5680 fuerit;
2359 5615 2464 5672 hoc
2507 5616 2730 5673 Davidis
2786 5621 2948 5692 regis.
2988 5621 3120 5680 Mihi
3173 5642 3303 5681 vero
3341 5627 3507 5681 nolim
3539 5629 3676 5682 alte-

2107 5724 2229 5764 rum
2269 5707 2403 5765 illud
2431 5710 2771 5782 contingere,
2803 5717 2948 5785 quod
2983 5728 3262 5783 acceptum
3293 5719 3399 5774 Deo
3428 5735 3535 5775 non
3567 5720 3674 5777 sit:
