3958 6428
289 303 302 312 ,
405 232 514 295 ιοτ

1580 240 1984 303 MANU'ELIS
2027 243 2488 306 PAL/EOLOGI

3533 254 3624 321 408

402 351 638 406 alterum
689 367 822 408 vero
854 354 1153 410 maximum
1181 370 1316 412 sane
1341 356 1600 427 quiddam
1631 367 1734 426 est,
1766 359 1862 415 sed
1891 374 1958 416 su

2083 362 2116 432 ἢ
2164 361 2245 433 τῷ
2275 362 2352 441 μὴ
2389 362 2648 431 προνοίας
2672 361 2921 432 χρηστῆς
2951 361 3378 419 ἀπολελαυκέναι
3403 371 3625 438 χρηστῶν

401 461 496 514 pra
541 460 645 501 nos
674 461 800 502 esse
841 447 1104 516 positum,
1145 465 1214 505 ne
1247 451 1479 507 indicari
1525 453 1747 522 quidem
1790 454 1975 520 debet,

397 553 523 591 cum
553 540 906 608 perspicuum
942 540 1034 596 sit.
1069 539 1179 597 Nec
1197 541 1325 597 item
1357 544 1426 598 de
1457 543 1794 614 conjecturis
1825 545 1979 600 colli-

395 632 595 702 gimus,
653 641 715 687 ut
767 632 880 688 falli
922 637 1221 702 possimus.
1272 637 1510 694 Eveuire
1560 653 1798 708 namque
1845 639 1973 694 talia

392 734 600 791 queunt
630 724 718 786 iis.
751 725 840 790 qui
865 725 936 781 de
955 741 1016 781 re
1039 727 1296 797 quapiam
1317 743 1385 785 ex
1406 729 1740 799 coniecturis
1765 730 1973 801 aliquid

395 811 692 868 aliirmant.
727 815 967 872 Adducti
1004 832 1137 872 vero
1163 817 1472 876 rationibus
1502 821 1836 876 necessariis
1869 820 1972 876 hoc

390 906 628 960 dicimus
659 923 672 960 :
707 922 772 960 ac
805 907 861 962 in
895 907 1044 964 hunc
1073 924 1207 965 sane
1238 911 1456 966 modum
1487 912 1860 968 consideratio
1882 913 1968 969 in-

391 997 847 1064 stituatueruaa
876 1016 967 1056 res
999 1008 1148 1067 sunt,
1202 1018 1436 1072 quarum
1469 1019 1651 1059 rerum
1703 1005 1970 1061 alterutra

389 1087 646 1144 infelices
671 1090 839 1146 urbes
883 1103 1046 1148 erunt
1072 1095 1300 1164 (quippe
1324 1095 1369 1151 si
1405 1096 1552 1151 vitiis
1589 1097 1865 1154 ambobus
1891 1099 1970 1153 la—

387 1179 611 1245 borent,
641 1195 708 1235 ne
738 1185 1013 1250 supererit
1042 1184 1260 1254 quidem
1291 1187 1394 1250 eis,
1441 1197 1500 1242 ut
1537 1186 1785 1244 infelices
1817 1191 1968 1256 sint;

385 1269 483 1324 sed
530 1281 693 1326 erunt
724 1273 1139 1344 quamprimum
1185 1277 1470 1350 perditae);
1505 1278 1592 1334 vel
1633 1279 1680 1336 si
1726 1279 1966 1336 fructum

388 1361 749 1428 providentia:
783 1365 960 1430 bonas,
996 1368 1268 1424 bonorum
1323 1369 1665 1439 principum,
1697 1384 1809 1426 non
1837 1387 1967 1441 per-

389 1456 680 1524 ceperint;
715 1457 800 1511 vel
839 1459 885 1514 si
915 1460 998 1516 eis
1046 1475 1239 1530 parere
1269 1477 1380 1518 non
1416 1462 1715 1518 voluerint.
1746 1467 1826 1520 Ac
1853 1465 1967 1534 pri-

388 1561 536 1600 mum
566 1548 790 1618 quidem
852 1551 988 1606 illud
1024 1560 1112 1608 est
1160 1553 1518 1624 perdimcile:
1549 1555 1728 1612 bonus
1755 1566 1816 1614 ut
1847 1571 1966 1612 om-

386 1639 522 1695 nino
550 1639 812 1712 princeps
845 1644 1178 1701 inveniatur.
1209 1645 1454 1701 Alterum
1487 1661 1620 1704 vero
1671 1662 1842 1718 prope
1871 1663 1958 1706 ne-

2071 1653 2375 1722 ἑφάνησαν.
2425 1651 2718 1723 Δηλονοτιὴ
2744 1654 2842 1708 καὶ
2875 1649 3086 1721 τυφλῷ,
3122 1652 3290 1718 φησὶν
3321 1649 3348 1701 ὁ
3381 1648 3633 1716 κωμικὸς,
3676 1697 3684 1702 .

2081 457 2379 524 ἀρχόντων,
2411 455 2444 524 ἢ
2480 453 2558 524 τῷ
2598 454 2776 508 τοῖσδε
2819 453 3069 508 ἀπειθεῖν
3134 454 3526 525 βεϐουλεῦσθαι.
3564 463 3628 516 Τδ

2081 549 2185 616 μὲν
2213 543 2310 602 οὗν
2361 547 2580 618 πρῶτον
2613 547 2992 618 παγχάλεπον,
3030 551 3270 620 ἄρχοντα
3313 553 3626 606 παντάπασιν

2077 638 2280 706 ἀγαθὸν
2332 637 2659 708 εὐρεθῆναι’
2710 639 2772 694 τὸ
2802 640 2986 709 μέντοι
3021 639 3278 709 δεύτερον
3323 641 3507 710 μικροῦ
3545 644 3629 696 καὶ

2075 731 2376 798 ἀναγκαῖον
2400 729 2468 784 ἂν
2491 731 2764 799 εῐποιμεν,
2795 730 2988 799 ἀγαθῷ
3019 732 3410 802 γινωσκομένῳ
3434 733 3507 803 τῷ
3537 736 3628 804 ἀρ-

2074 837 2223 888 χοντι
2255 820 2492 889 ἀγαθοὺς
2517 821 2678 884 ὄντας
2705 821 2992 876 πείθεσθαι
3021 823 3146 885 τοὺς
3180 822 3432 892 ὐπάὐτῷ
3447 841 3631 892 τεταγο

2077 911 2293 979 μένους.
2322 913 2385 966 Εί
2431 913 2539 983 γὰρ
2588 913 2727 983 πρὸς
2773 914 2906 976 τοὺς
2949 915 3054 968 ὐπὸ
3087 917 3247 984 χεῖρα
3294 914 3510 984 πατρὸς,
3542 916 3627 969 καὶ

2074 1004 2268 1072 φίλων,
2303 1009 2397 1060 καὶ
2427 1006 2788 1076 κυϐερνήτου,
2807 1008 2901 1062 καλ
2927 1008 3036 1062 τῶν
3057 1008 3316 1061 τοιούτων
3341 1009 3518 1076 ἐπέχει
3541 1008 3630 1060 τά-

2073 1095 2176 1162 ξιν,
2219 1097 2338 1159 πῶς
2379 1097 2478 1167 οὐχ
2523 1097 2635 1160 ἔξει
2670 1097 3073 1169 πεπεισμένους
3127 1098 3344 1160 αὐτοὺς,
3378 1099 3426 1149 εἰ
3466 1095 3630 1158 καλῶς

2071 1190 2224 1244 ταῦτ’
2253 1189 2480 1256 είδεῖεν;
2511 1191 2622 1244 Καὶ
2653 1191 2765 1262 γὰρ
2802 1192 3025 1254 πάντως
3064 1190 3307 1259 ποιμένι,
3354 1189 3444 1242 καὶ
3486 1190 3633 1241 ίππο-

2072 1281 2283 1352 φορϐᾦ,
2336 1282 2430 1337 καὶ
2458 1281 2722 1353 βουκόλῳ,
2757 1283 2949 1353 ἕψεται
2989 1282 3363 1352 ὲξηγουμένῳ,
3407 1281 3522 1334 ὅποι
3571 1278 3632 1332 ἂν

2072 1377 2385 1444 πορεύοιτο,
2435 1373 2505 1427 τὰ
2538 1375 2672 1444 παρ’
2723 1374 2936 1428 ἐκείνου
2971 1373 3235 1445 προνοίας
3272 1370 3633 1426 ἀπολαύσοντα

2069 1466 2206 1530 ζῶα·
2242 1467 2353 1520 Καὶ
2373 1465 2738 1537 κυϐερνήτης,
2769 1467 2866 1520 καὶ
2896 1465 3102 1534 ίατρὸς,
3129 1466 3225 1516 καὶ
3255 1464 3391 1525 ὅλως
3426 1461 3634 1530 εὐεργέ-

2065 1575 2189 1629 της,
2228 1553 2289 1614 εὖ
2341 1558 2746 1630 μάλαγπάντως
2795 1560 3099 1624 πείσουσιν,
3160 1555 3243 1620 οἷς
3279 1573 3344 1624 γε
3406 1555 3636 1624 σωτῆρες

388 1735 694 1788 eessarium
726 1750 954 1804 quoque
971 1737 1274 1792 dixerimus
1301 1756 1314 1803 ;
1350 1749 1408 1793 ut
1444 1738 1702 1810 principi,
1724 1741 1820 1810 qui
1845 1755 1958 1797 esse

2077 1715 2171 1813 ἀιίῖ
2199 1715 2260 1798 οὐ
2283 1761 2343 1798 σε
2367 1743 2463 1798 νῦν
2488 1715 2802 1816 δσοφιστὴς
2828 1715 3118 1813 ἄρτι-πρὸς
3136 1715 3307 1810 ἕτερα
3326 1715 3501 1810 βιϐλία
3525 1753 3639 1808 μετ-

390 1824 568 1881 bonus
618 1821 963 1894 agnoscitur.
1021 1831 1226 1884 subditi
1257 1840 1314 1886 et
1353 1831 1456 1901 ipsi
1505 1833 1633 1888 boui
1683 1833 1965 1909 obtempe—

391 1925 536 1972 rent.
572 1916 707 1973 Nam
735 1920 781 1975 si
815 1935 944 1992 erga
973 1921 1226 1979 subditos
1251 1931 1306 1978 et
1329 1925 1526 1994 patris,
1553 1935 1607 1980 et
1631 1925 1962 1991 amicorum,

386 2017 441 2064 et
463 2011 876 2081 gubernatoris,
908 2022 963 2068 et
993 2015 1230 2070 aliorum
1264 2016 1574 2087 huiusmodi
1601 2019 1787 2074 locum
1817 2021 1963 2077 obti-

387 2112 476 2157 net
509 2120 524 2157 :
561 2118 672 2173 quo
708 2114 870 2174 pacto
903 2121 1012 2160 non
1047 2122 1148 2164 eos
1194 2108 1343 2163 dicto
1381 2110 1672 2167 audientes
1716 2111 1958 2178 habebit,

384 2195 551 2250 modo
579 2195 695 2252 hac
735 2197 803 2251 de
838 2198 958 2268 ipso
993 2209 1138 2255 recte
1192 2201 1422 2256 norint?
1453 2199 1692 2259 Omnino
1721 2219 1962 2276 namque

383 2298 682 2357 paswrem,
715 2296 770 2344 et
797 2292 1112 2361 equarium,
1148 2303 1204 2348 et
1255 2297 1676 2364 armentarium,
1708 2315 1960 2370 quocun-

383 2393 493 2448 que
515 2383 842 2450 perrexerit,
873 2383 1083 2439 itineris
1101 2385 1296 2440 ducem
1324 2399 1650 2459 sequentur,
1697 2405 1960 2461 quaecun-

381 2487 491 2541 que
521 2473 778 2529 animalia
810 2474 985 2545 ipsius
1029 2478 1376 2548 providentia
1430 2495 1677 2552 curaque
1721 2481 1959 2540 ﬁ'uitura

381 2575 533 2624 sunt.
566 2565 758 2623 itidem
791 2579 848 2624 et
889 2570 1226 2639 gubernator
1261 2572 1438 2638 navis,
1489 2583 1548 2630 et
1597 2574 1869 2642 medicus,
1904 2587 1961 2633 et

381 2660 700 2731 quicunque
722 2663 881 2719 bene
908 2666 978 2720 de
1015 2665 1143 2721 aliis
1171 2676 1441 2729 meretur,
1472 2670 1702 2727 omnino
1729 2685 1960 2741 persua-

382 2749 548 2804 dendi
573 2751 680 2806 vim
708 2752 775 2806 ad
801 2767 893 2809 eos
932 2753 1212 2810 habebunt
1245 2771 1383 2825 quos
1414 2767 1653 2814 servant.
1685 2759 1957 2817 Nimirum

381 2840 470 2896 vel
493 2857 638 2896 caeco
670 2853 845 2914 paret,
875 2845 1056 2916 inquit
1081 2848 1331 2903 comicus
1362 2850 1472 2916 ille,
1498 2866 1530 2906 a
1553 2867 1665 2922 quo
1689 2861 1740 2908 te
1766 2868 1958 2910 recens

381 2941 686 3004 praceptor
719 2944 848 2993 tuus
886 2938 1028 2994 alios
1064 2940 1132 2994 ad
1171 2939 1340 2997 libros
1367 2942 1648 3011 traduxit;
1687 2942 1954 3013 futurum,

2079 1840 2353 1911 ινήνοχεν,
2405 1838 2481 1902 ὡς
2517 1837 2586 1906 ἢν
2623 1837 2699 1908 μὴ
2751 1837 2820 1891 δι’
2867 1835 3150 1906 ἁμαρτίαν
3205 1830 3539 1903 ἀντικρούσῃ
3584 1826 3640 1879 τὸ

2081 1933 2258 1996 Θεῖον,
2301 1927 2362 1986 εὖ
2396 1931 2455 1984 τὸ
2478 1929 2726 1985 τοιοῦτον
2761 1931 3008 1999 ὐπήκοον
3047 1928 3338 1981 πείσονται
3368 1922 3516 1992 παρὰ
3552 1918 3666 1985 τοῦ,

2077 2024 2320 2079 τοιούτου
2360 2025 2650 2080 δεσπότου.
2702 2024 2815 2078 Καὶ
2859 2020 3139 2086 τεύξονται
3192 2037 3257 2088 γε
3310 2013 3644 2084 εὐδαιμονίας

2074 2117 2474 2188 ἀληθεστάτης.
2510 2118 2748 2188 μακροῖς
2767 2115 2958 2186 ίδρῶσι
2988 2115 3084 2169 καὶ
3105 2114 3319 2175 πόνοις,
3336 2111 3433 2181 οὐχ
3455 2110 3645 2180 ἥκιστα

2073 2210 2131 2265 δὲ
2171 2187 2266 2263 καὶ
2298 2187 2566 2271 κινδύνοις
2597 2187 2694 2261 τοῦ
2732 2206 2833 2260 σύν
2857 2205 3043 2266 αὐτοῖς
3066 2203 3207 2274 ὑπὲρ
3237 2201 3427 2255 αὐτῶν
3457 2199 3647 2266 ἀγωνι-

2075 2301 2335 2372 ζομένου,
2369 2299 2464 2354 καὶ
2485 2300 2584 2354 σὺν
2607 2299 2891 2369 ἐπιστήμῃ
2907 2297 2969 2352 τὸ
2991 2299 3199 2365 σκάςος
3222 2294 3480 2364 ἄγοντος.
3499 2287 3647 2345 Οὕτω

2072 2394 2184 2464 γὰρ
2218 2391 2355 2464 πρδς
2388 2390 2634 2461 ἀγαθοὺς
2672 2391 2954 2460 ὑπηκόους
2996 2388 3204 2459 ἀγαθὸς
3254 2387 3453 2458 ἄρχων
3493 2382 3648 2453 ἔχων,

2075 2488 2171 2541 καὶ
2187 2485 2416 2548 τούτους
2438 2483 2654 2554 βλέπων
2666 2483 3078 2554 ἀνηρτημένους
3101 2478 3264 2533 αὐτοῦ
3276 2477 3369 2549 τῷ
3407 2475 3649 2544 νεύματι,
3666 2524 3670 2529 .

2076 2577 2440 2649 βουλομένους
2483 2593 2543 2630 τε
2577 2575 2726 2644 αὐτῷ
2761 2577 2857 2630 καὶ
2893 2575 3224 2646 εὐχομένους
3251 2575 3337 2629 τὰ
3373 2570 3648 2630 κάλλιστα,

2076 2671 2133 2725 τί
2209 2671 2311 2724 οὐκ
2373 2669 2441 2724 ἂν
2507 2667 2808 2739 ἐργάσαιτο
2866 2668 2976 2723 τῶν
3045 2666 3270 2732 καλῶν;
3365 2664 3480 2726 πῶς
3540 2658 3652 2729 οὐχὶ

2070 2764 2160 2818 καὶ
2187 2758 2389 2829 ἑαυτῷ,
2411 2761 2510 2814 καὶ
2531 2761 2644 2824 τοῖς
2668 2758 3019 2830 πειθομένοις
3047 2757 3220 2826 αὐτῷ,
3255 2773 3296 2826 μ
3313 2757 3544 2827 εγίστων
3572 2750 3650 2804 αῖς

2069 2872 2183 2917 τιος
2209 2853 2434 2923 ἀγαθῶν
2461 2850 2776 2919 ἀναγκαίαις
2809 2850 2892 2916 ἂν,
2911 2852 3146 2920 γένοιτο,
3173 2849 3278 2919 τὴν
3322 2849 3486 2919 ὀρθὴν
3511 2845 3642 2916 πρὸς

2068 2946 2131 2999 τὸ
2166 2947 2413 3000 συνοῖσον
2440 2943 2592 3015 αὐτῷ
2619 2942 2887 3015 χωροῦντι
2952 2943 3320 3013 ὲφεπομένων
3353 2941 3636 3003 ἁπάντων;

387 3033 446 3080 ut
479 3026 616 3082 tales
647 3027 873 3095 subditi,
915 3030 962 3086 si
997 3029 1141 3087 Deus
1164 3033 1396 3103 alicujus
1424 3037 1627 3104 peccati
1659 3051 1825 3094 causa
1849 3052 1956 3096 non

2067 3037 2163 3100 Τίς
2186 3039 2286 3092 οὐκ
2309 3037 2378 3091 ἂν
2403 3036 2684 3108 ἀγάμενος
2714 3036 2876 3090 αὐτὸν
2895 3037 2994 3104 τῆς
3012 3033 3406 3104 γενναιότητος
3435 3031 3527 3087 καὶ
3537 3029 3639 3132 των

381 3117 680 3184 obstiterit,
713 3123 782 3178 ab
811 3123 1089 3194 ejusmodi
1123 3127 1255 3182 hero
1281 3128 1622 3201 pet-benigne
1651 3139 1958 3188 tractentur

2064 3131 2279 3200 τρόπων
2306 3129 2403 3183 τοῦ
2432 3146 2499 3199 γε
2559 3129 2762 3192 παντὸς
2790 3129 3046 3199 τιμῆσαι,
3074 3130 3123 3181 εί
3161 3127 3238 3198 μὴ
3282 3126 3488 3198 σφόδρα
3519 3121 3639 3194 μαί-

380 3222 438 3268 et
457 3216 1021 3288 verissima;bcatitate
1040 3221 1347 3292 potiantur;
1375 3223 1540 3294 idque
1563 3225 1830 3282 diuturnis
1847 3236 1959 3283 tum

379 3308 701 3379 sudoribus,
731 3319 849 3371 tum
871 3312 1152 3372 laboribus
1181 3329 1284 3372 nec
1306 3316 1486 3370 minus
1508 3317 1768 3386 periculis
1790 3317 1958 3387 illius,

379 3401 476 3472 qui
513 3417 638 3461 cum
684 3404 768 3464 eis
794 3407 1100 3466 certamina
1133 3421 1236 3479 pro
1282 3409 1365 3466 eis
1394 3409 1650 3480 suscipit,
1682 3427 1746 3468 ac
1777 3413 1958 3469 navim

384 3493 566 3564 perite
604 3497 954 3565 moderatur.
987 3498 1204 3571 Quippe
1235 3500 1280 3557 si
1312 3501 1487 3557 bonus
1529 3503 1804 3575 princeps,
1831 3519 1959 3576 erga

377 3590 556 3645 bonos
588 3590 860 3657 subditos,
894 3591 1000 3648 hoc
1033 3597 1196 3650 modo
1219 3594 1298 3669 sit
1328 3594 1562 3651 allectus
1590 3614 1606 3653 :
1641 3611 1848 3667 eosque
1877 3598 1958 3654 vi-

378 3680 507 3736 deat
534 3694 573 3740 a.
591 3694 693 3737 suo
715 3689 852 3736 nutu
877 3681 1180 3753 pendentes
1202 3702 1226 3750 ;;
1243 3699 1308 3741 ac
1328 3685 1564 3757 principi
1591 3693 1706 3741 tum
1733 3687 1959 3757 cupien-

375 3783 484 3839 tes,
517 3783 632 3828 tum
670 3783 925 3846 optantes
966 3776 1313 3839 faustissima
1356 3793 1584 3850 quaque
1609 3798 1633 3863 ξ,
1665 3780 1794 3850 quid
1845 3795 1956 3836 non

375 3866 466 3923 ille
495 3866 572 3922 rei
603 3867 884 3937 praeclarae
916 3867 1213 3939 perfecerit
1235 3869 1258 3924 7
1279 3884 1394 3942 quo
1421 3880 1586 3942 pacto
1619 3887 1730 3928 non
1761 3880 1816 3928 et
1850 3872 1954 3944 ipsi

375 3955 510 4023 sibi,
537 3966 593 4011 et
624 3959 856 4028 imperio
898 3959 1243 4030 parentibus,
1275 3960 1641 4023 maximorum
1686 3961 1951 4017 bonorum

376 4058 565 4106 auctor
605 4051 882 4108 exstiterit
911 4069 925 4118 ;
971 4052 1246 4122 siquidem
1275 4053 1428 4109 illum
1462 4053 1534 4110 ad
1561 4053 1614 4109 id
1644 4055 1790 4124 quod
1822 4069 1955 4124 pro-.

373 4139 622 4197 futurum
646 4210 648 4213 τ
671 4143 778 4210 sit,
798 4152 948 4200 recta
983 4145 1320 4215 gradientem
1348 4146 1458 4211 via,
1489 4147 1673 4201 cuncti
1701 4159 1954 4217 sequan-

375 4242 468 4288 tur
487 4232 673 4300 tQuis
722 4248 832 4290 non
879 4235 952 4292 ob
983 4250 1312 4306 generosum
1344 4236 1611 4303 animum,
1647 4245 1708 4294 et
1747 4253 1949 4308 mores,

374 4339 501 4380 eum
536 4325 872 4395 suspiciens,
900 4326 956 4382 in
997 4328 1175 4397 pretio
1200 4342 1370 4398 supra
1397 4342 1486 4386 res
1517 4343 1709 4386 omnes
1746 4330 1952 4388 habue-

2061 3237 2243 3287 νοιτος
2269 3220 2433 3274 ’Ὥστε
2459 3220 2731 3291 πρόδηλον
2763 3219 2948 3279 αὐτοῖς
2981 3219 3041 3272 τὸ
3063 3219 3434 3288 εὐδαιμονεῖν.
3457 3216 3548 3268 Δεῖ
3565 3209 3638 3273 δὲ,

2058 3307 2237 3384 οἴμαι,
2273 3312 2414 3385 πρὸς
2459 3311 2713 3380 τοιαῦτα,
2749 3311 2844 3366 καὶ
2883 3312 2994 3374 πᾶς
3039 3312 3177 3382 ὲρεί,
3211 3309 3505 3365 αἰτιᾶσθαι
3545 3305 3637 3374 μὲν

2059 3404 2284 3477 ἀρετὴν,
2305 3398 2375 3476 ἧς
2395 3402 2668 3473 ἀπούσης,
2687 3398 2970 3474 προῦπτον
2995 3401 3166 3457 κακὸν
3191 3404 3222 3473 ἡ
3254 3401 3490 3457 δοκοῦσα
3517 3397 3638 3474 :63-

2062 3497 2262 3568 μερία·
2285 3497 2402 3559 τοῖς
2425 3495 2536 3568 γὰρ
2561 3495 2664 3550 οὐκ
2693 3495 2869 3563 ἀξίοις
2897 3494 2961 3547 τὸ
2984 3493 3295 3566 εὐπραγεῖν
3323 3495 3424 3547 οὐκ
3451 3489 3640 3560 ὠφέλι-

2061 3609 2163 3664 μον
2188 3608 2203 3623 ·
2235 3589 2512 3646 αίτιᾶσθαι
2531 3588 2590 3643 δὲ
2611 3587 2742 3652 τούς
2771 3587 2967 3658 λόγους
2993 3587 3093 3659 οὐχ
3122 3582 3291 3660 ἦττον
3322 3589 3356 3658 ἢ
3392 3586 3487 3656 τὴν
3515 3585 3635 3656 ἀρε-

2056 3684 2174 3754 τήν.
2207 3682 2332 3737 Οῖδε
2365 3683 2474 3752 γὰρ
2514 3685 2565 3736 οί
2591 3681 2879 3744 πείθοντες
2923 3679 3220 3736 ἀπολαύειν
3262 3684 3380 3737 τῶν
3427 3679 3637 3746 ἐκείνης

2056 3774 2403 3844 ἀγαθῶν.”Ως
2424 3776 2539 3845 είγε
2567 3774 2728 3828 τοῦτο
2751 3774 2827 3846 μὴ
2860 3773 3159 3843 βούλοιντο,
3183 3773 3301 3827 οὐδ’
3329 3773 3636 3844 ὠφελῆσον⁶
3669 3809 3676 3814 ρ

2055 3882 2148 3919 ται
2178 3864 2510 3936 παρόιύτῆς,
2541 3868 2618 3937 μὴ
2651 3867 3015 3935 μετασχόντες
3035 3865 3145 3933 τῶν
3172 3863 3350 3936 αὐτῆς
3379 3861 3598 3931 ἀγαθῶν
3618 3871 3636 3890 ⁸

2057 3959 2176 4023 πῶς
2203 3959 2312 4028 γὰρ
2347 3957 2611 4023 ἀκοντεςς
2651 3957 2818 4012 Ὥστε
2861 3957 2944 4011 δεῖ
2974 3956 3066 4011 τὸν
3118 3955 3336 4023 ἀγαθὸν
3383 3955 3631 4024 ἄρχοντα,

2053 4055 2149 4106 καὶ
2177 4050 2400 4120 ἀγαθῶν
2416 4066 2578 4105 τινων
2607 4050 3032 4119 προῖστάμενον,
3064 4048 3160 4102 καὶ
3187 4047 3258 4101 τὰ
3286 4049 3421 4118 περὶ
3446 4047 3635 4114 λόγους

2054 4141 2262 4209 ἀγαθὸν
2290 4135 2451 4206 εἶναι,
2477 4140 2546 4193 ἵν’
2568 4139 2682 4210 ἔχοι
2709 4139 2922 4195 πείθειν
2950 4140 3172 4204 αὐτοὺς,
3203 4139 3292 4206 ἐφ’
3323 4137 3406 4202 οἷς
3432 4140 3499 4192 ἂν
3519 4135 3634 4205 βέλ-

2053 4250 2168 4286 τιον
2189 4234 2275 4304 είη
2313 4233 2608 4304 πράττειν’
2632 4231 2724 4286 ίνα
2751 4233 2828 4300 μὴ
2854 4230 3095 4303 χρηστὸς
3121 4230 3222 4302 μὲν
3237 4230 3354 4302 εἴη,
3387 4226 3635 4301 χρηστῶν

2051 4325 2110 4378 δὲ
2136 4326 2307 4398 ἄρχῃ,
2330 4324 2737 4394 ἀφηνιάζοντας
2758 4322 2803 4375 δ’
2829 4322 2982 4393 ὅμως
3005 4321 3146 4392 ἔχων
3163 4323 3393 4386 αὐτοὺς,
3433 4321 3530 4376 καὶ
3561 4317 3634 4389 μὴ

373 4417 466 4484 rit,
491 4415 600 4473 nisi
633 4417 793 4473 valde
823 4418 1108 4475 insaniat?
1141 4420 1558 4478 evidentissime
1585 4423 1824 4494 denique
1851 4441 1952 4496 pa-

2064 4418 2308 4479 εικοντας
2337 4413 2422 4480 οἷς
2451 4414 2606 4484 γνοίη
2636 4416 2777 4486 πρὸς
2809 4413 2913 4485 τὴν
2955 4415 3226 4486 σφετέραν
3269 4415 3457 4469 αὐτῶν
3501 4409 3638 4479 ὠφέ-

372 4517 478 4576 ret,
510 4509 608 4564 bos
633 4509 822 4566 beatos
847 4523 992 4568 esse.
1015 4511 1272 4569 Arbitror
1299 4520 1482 4570 autem
1514 4514 1651 4586 ipse,
1685 4531 1786 4573 nec
1803 4517 1956 4589 quis-

381 4616 544 4670 quam
601 4602 957 4671 inﬂciabitur,
1001 4620 1225 4661 causam
1255 4609 1450 4662 horum
1476 4610 1541 4663 ad
1571 4610 1830 4665 virtutem
1864 4625 1953 4666 rr-

373 4693 694 4760 i'erendam;
743 4697 951 4767 absque
999 4713 1104 4766 qua
1153 4699 1246 4765 sit,
1301 4711 1551 4770 apertum
1585 4703 1789 4756 malum
1825 4703 1948 4770 erit,

371 4801 497 4858 qum
519 4787 755 4845 felicitas
803 4805 928 4846 esse
956 4791 1195 4846 videtur.
1235 4791 1477 4863 Indignis
1521 4794 1665 4850 enim
1709 4811 1797 4850 res
1826 4811 1952 4865 pro-

374 4893 548 4949 sperae
576 4891 910 4937 nocumento
959 4895 1111 4939 sunt.
1147 4882 1337 4952 Neque
1388 4885 1576 4941 minus
1617 4886 1950 4957 eloquentia:

372 4971 569 5028 studiis
621 4973 739 5030 haec
778 4984 910 5030 sunt
967 4985 1188 5046 accepta
1245 4975 1470 5033 ferenda
1521 4991 1684 5048 quam
1733 4980 1944 5034 virtuti.

373 5056 507 5112 Nam
537 5075 601 5116 ea
627 5070 779 5125 sunt,
807 5077 932 5132 quae
981 5063 1313 5118 mortalibus
1343 5065 1698 5134 persuadent,
1733 5074 1792 5120 ut
1835 5066 1946 5120 viro

374 5150 506 5205 tutis
539 5151 643 5206 trui
669 5154 828 5210 bonis
850 5155 1022 5210 velint
1059 5174 1073 5212 :
1109 5156 1311 5226 quippe
1337 5156 1382 5212 si
1410 5155 1513 5213 hoc
1539 5155 1720 5213 facere
1751 5157 1943 5224 nolint,

373 5239 511 5293 nihil
546 5255 612 5295 ex
640 5243 839 5298 virtute
868 5246 1145 5305 commodi
1171 5248 1496 5318 percipient,
1530 5247 1798 5304 bonorum
1827 5248 1946 5318 ejus

374 5329 600 5385 minime
628 5334 920 5404 participes
953 5335 1079 5392 facti
1115 5354 1130 5395 :
1161 5353 1270 5409 quo
1297 5340 1444 5397 enim
1471 5339 1578 5396 hoc
1602 5348 1763 5410 pacto
1785 5339 1947 5396 cadat

371 5420 424 5474 in
453 5422 701 5478 invitos?
731 5424 1098 5491 Quamobrem
1135 5429 1307 5485 bonus
1334 5432 1610 5502 princeps,
1634 5440 1690 5487 et
1719 5432 1814 5502 qui
1845 5432 1947 5492 bo-

371 5511 458 5568 nis
486 5513 764 5584 aliquibus
799 5528 1020 5586 praeest,
1071 5521 1234 5575 etiam
1286 5523 1574 5593 praeceptis
1617 5522 1944 5593 eloquentia:

370 5615 516 5662 recte
547 5607 852 5664 instructus
883 5624 1008 5666 esse
1048 5611 1230 5679 debet,
1264 5623 1322 5668 ut
1351 5629 1482 5672 suos
1511 5615 1792 5685 impellere
1821 5617 1944 5686 per?

370 5699 650 5760 suadendo
691 5703 863 5775 possit
891 5703 960 5760 ad
993 5719 1056 5762 ea
1091 5719 1213 5777 quae
1253 5705 1432 5765 facere
1481 5707 1767 5785 prastabit
1802 5724 1816 5766 :
1873 5723 1951 5774 ne

2057 4505 2230 4572 λειαν,
2251 4506 2405 4561 οὐδὲν
2427 4505 2672 4568 δκείνους
2689 4505 2860 4576 ὀνήσῃ
2885 4521 2900 4538 ο
2923 4505 3046 4558 ἐπεὶ
3067 4507 3160 4559 καὶ
3189 4505 3382 4568 παῖδες
3416 4502 3632 4573 ίατρὼν,

2057 4597 2233 4652 ἔστων
2261 4598 2320 4653 δὲ
2345 4597 2447 4669 τὴν
2472 4600 2674 4669 τέχνην
2703 4593 2924 4666 ἀγαθοὶ,
2959 4598 3011 4652 εί
3043 4597 3120 4670 μὴ
3152 4595 3250 4652 καὶ
3280 4597 3448 4662 δεξιοί
3492 4609 3635 4655 τινες

2057 4683 2187 4751 εἷεν,
2225 4691 2318 4743 καὶ
2348 4689 2537 4743 είδεῖεν
2565 4689 2714 4749 ὅπως
2741 4688 2990 4742 πείσουσι
3023 4688 3092 4741 τὰ
3130 4686 3257 4755 παρ’
3292 4688 3520 4742 ἐκείνων
3551 4683 3633 4737 δέ·

2056 4779 2250 4849 χεσθαι
2281 4779 2580 4850 φάρμακα,
2630 4779 2824 4834 οὐδένα
2859 4795 2962 4833 που
3021 4778 3129 4832 τῶν
3163 4780 3387 4834 πάντων
3415 4777 3631 4846 ὠφελή-

2055 4889 2224 4927 σουσι.
2247 4874 2340 4926 Δεῖ
2357 4872 2488 4944 γὰρ,
2509 4869 2691 4942 οἶμαι,
2709 4871 3074 4942 προηγεῖσθαι
3097 4870 3253 4943 δόξης
3278 4873 3380 4942 μὲν
3392 4868 3630 4941 χρηστῆς

2053 4965 2250 5030 πειθὼ,
2285 4965 2492 5034 ταύτης
2523 4965 2581 5018 δὲ
2608 4965 2842 5034 δύναμιν
2869 4963 3068 5033 λόγων,
3094 4965 3144 5016 εί
3179 4964 3364 5033 μέλλοι
3393 4979 3480 5025 τις
3519 4962 3624 5014 ἀπό

2051 5075 2197 5122 τινος
2221 5057 2534 5125 ἀναγκαίως
2553 5056 2955 5128 ὠφελήσεσθαι,
2978 5055 3282 5126 δυναμένου
3309 5055 3472 5109 τοῦτο
3495 5051 3625 5120 δρᾶ-

2053 5168 2165 5218 σαι,
2191 5151 2288 5204 καὶ
2311 5149 2539 5220 προσέτι
2567 5148 2996 5214 θέλοντος.⁹¹Ωσθ³
3015 5149 3066 5202 oi
3089 5149 3238 5217 λόγοι
3262 5149 3360 5202 καὶ
3387 5142 3622 5205 πειθοῦς,

2053 5244 2149 5298 καὶ
2200 5243 2298 5296 τοῦ
2367 5241 2615 5308 δοξάζειν
2684 5241 2868 5309 ἀγαθά
2921 5241 3131 5311 ἀγαθὸν
3199 5241 3440 5310 ὑπήκοον
3497 5233 3624 5304 περὶ

2050 5334 2272 5404 ἀγαθῶν
2317 5336 2620 5406 ἀρχόντων,
2670 5335 2837 5389 αιτιοι
2869 5334 3060 5403 σαφῶς
3086 5333 3496 5403 ἀναπέφανταιο
3532 5325 3622 5380 καὶ

2048 5423 2161 5480 εἷεν
2181 5425 2248 5480 ἂν
2274 5426 2523 5498 χρυσίου,
2554 5428 2646 5479 καὶ
2669 5425 3042 5497 πολυχειρίας,
3063 5426 3156 5479 καὶ
3187 5423 3460 5496 μηχανῆς,
3491 5421 3623 5473 am

2047 5518 2113 5587 δὴ
2145 5519 2280 5590 πρὸς
2305 5518 2596 5588 σύγκρισιν
2620 5521 2753 5590 ἡμῖν
2775 5520 3121 5590 τοκαταρχὰς
3141 5516 3445 5588 παρετέθη,
3469 5507 3624 5580 ἀμεί-

2047 5627 2171 5674 νους
2201 5611 2336 5682 πρὸς
2358 5611 2627 5682 ὠφέλειαν
2650 5611 2903 5682 ἄρχουσι.
2938 5613 3048 5666 Καὶ
3077 5613 3108 5665 ό
3139 5610 3236 5665 νῦν
3268 5609 3408 5682 ημῖν
3433 5603 3621 5666 διαζω-

2047 5703 2425 5782 γραφούμινος
2454 5704 2658 5784 ἄρχων,
2690 5706 2771 5771 είς
2798 5705 2868 5761 τὰ
2903 5706 3001 5778 τῆς
3031 5706 3212 5778 ψυχῆς
3255 5699 3430 5761 αὐτοῦ
3468 5696 3619 5750 πλεο-
