3958 6430
306 257 411 322 409

1729 254 2020 316 ORATIO
2048 257 2136 320 ΙΙ.

3457 268 3566 331 410

305 367 471 439 νεκτή
482 383 626 438 ματα
653 365 752 430 τὰς
782 365 995 430 ἀγαθὰς
1042 365 1264 429 ἑλπίδας
1289 366 1428 438 ἔχων
1463 367 1866 440 ἀνηρτημένας,

1984 367 2164 424 bonus
2195 370 2418 441 quidem
2451 373 2568 442 ipse
2592 372 2684 440 sit,
2713 384 2767 429 et
2791 373 2954 430 bonis
2997 373 3229 445 imperet
3253 415 3269 440 ,
3302 386 3357 430 at
3386 377 3562 434 nihilo

304 457 572 527 κρείττων
601 473 702 509 που
734 455 948 518 πάντως
979 455 1047 508 ἂν
1077 457 1162 524 εῐη
1186 455 1295 508 τῶν
1322 459 1415 510 ἐπὶ
1446 461 1564 523 ταῖς
1590 459 1693 524 ἔξω
1719 460 1881 513 δυνά.-

304 564 464 618 μεσιν
493 547 944 618 ἐπερειδομένων,
985 547 1122 617 ὅπερ
1165 547 1224 612 ἐξ
1261 549 1440 620 ἀρχῆς
1471 553 1603 620 ἡμῖν
1633 553 1875 623 είρηται.

303 639 483 692 Καλόν
514 655 596 692 σοι
627 641 832 702 Ιτοίνυν,
856 631 900 693 ὦ
925 638 1169 708 φίλτατε,
1195 641 1395 711 ἀρετῆς
1419 643 1875 715 ἐπιμελούμενον,

305 730 433 800 μηδ’
451 731 756 784 ὁπωστιοῦν
788 733 1018 800 ἀμελεῖν
1045 732 1152 786 τῶν
1181 734 1377 801 λόγων,
1409 726 1580 791 ὄντων
1607 755 1666 790 τε
1689 741 1880 804 ἁπλῶς

302 819 579 887 χρηστῶν,
615 820 706 870 καὶ
764 820 902 888 πρὸς
951 820 1020 872 τὰ
1074 823 1288 892 χρηστὰ
1339 827 1750 896 συνεργούντων
1803 830 1879 894 ὡς

303 909 415 962 οὐδ’
457 910 524 962 ἂν
551 908 610 964 ἐν
630 907 782 980 οἶμαι
807 913 915 964 τῶν
935 912 1170 968 πάντων.
1204 915 1278 967 Οὖ
1315 915 1421 985 μὴν
1459 917 1576 970 ἀλλ’
1605 919 1762 992 εῐπερ
1796 938 1880 975 σοι

300 1001 368 1052 τὸ.
406 1001 673 1070 εἰρημένα
709 1002 887 1065 καλῶς
933 1019 996 1070 γε
1035 1005 1180 1075 ἔχειν
1221 1005 1350 1067 ἴσως
1385 1008 1552 1072 δοκεῖ,
1600 1009 1726 1080 ἔχου
1766 1012 1878 1068 τῶν

301 1091 483 1144 καλῶν
504 1094 862 1163 δεδογμένων,
888 1096 1344 1165 μηδ’ἀτιμάζειν,
1376 1098 1519 1170 ἅπερ
1547 1101 1870 1172 θαυμάζεις.

310 1181 371 1236 ⁸0
399 1184 509 1254 γὰρ
541 1181 780 1239 ἐπαινῶν
810 1199 861 1240 τι
895 1187 1109 1258 χρῆμα,
1143 1187 1244 1243 εἶτ’
1279 1193 1501 1261 ἀμελῶς
1538 1197 1675 1266 πρὸς
1741 1200 1875 1252 αὐτὸ

1991 464 2174 518 minus
2197 473 2549 522 contumaces
2579 468 2913 537 experiatur,
2939 483 3040 522 nec
3065 468 3353 539 imperium
3381 470 3562 526 detre-

1989 557 2271 613 ctantibus
2307 559 2359 612 in
2401 558 2468 614 iis
2515 576 2634 628 qua:
2667 561 2908 627 ipsorum
2940 560 3247 615 commodis
3287 564 3559 617 servitura

1989 647 2271 716 prospicit,
2314 649 2612 720 quidquam
2652 651 2900 705 utilitatis
2935 651 3147 706 aderat.
3189 651 3323 703 Nam
3356 660 3408 706 et
3447 667 3563 705 me-

1988 738 2118 800 dici,
2149 739 2274 794 licet
2302 749 2420 796 arte
2450 751 2768 812 praestantes
2805 742 2932 808 sint,
2971 741 3074 795 nisi
3108 742 3179 796 sit
3209 741 3373 795 etiam
3405 757 3557 810 qure-

1987 833 2108 884 dam
2141 832 2194 885 in
2242 834 2323 888 eis
2353 834 2676 896 dexteritas,
2709 844 2992 903 artemque
3026 835 3237 899 norint,
3271 850 3378 903 qua
3429 849 3556 902 prr-

1990 924 2279 988 Suadeant,
2312 935 2370 980 ut
2409 927 2478 980 ab
2508 927 2588 981 eis
2619 926 2861 981 exhibita
2905 926 3299 981 medicamenta
3332 939 3558 980 suman-

1993 1028 2104 1078 tur.
2149 1034 2212 1072 ex
2239 1019 2498 1073 omnibus
2531 1019 2764 1073 fortasse
2797 1019 3000 1072 nemini
3039 1018 3358 1088 proderunt.
3393 1016 3557 1069 Arbi-

1988 1119 2103 1163 tror
2130 1114 2300 1176 enim,
2327 1122 2454 1165 ante
2481 1112 2678 1165 bonam
2708 1111 3022 1181 opinionem
3057 1108 3365 1178 praecedere
3389 1107 3558 1161 debe-

1984 1219 2040 1259 re
2067 1206 2512 1274 persuasionem;
2547 1204 2688 1257 banc
2741 1217 2873 1256 vero
2904 1201 3212 1258 facultatem
3235 1200 3562 1266 eloquentiae

259 1300 266 1304 ε
298 1277 642 1346 διακείμενος
663 1319 678 1344 ,
706 1282 799 1334 καὶ
837 1283 912 1352 μὴ
949 1284 1206 1354 θηρεύειν
1237 1288 1439 1341 ἐθέλων
1471 1291 1633 1345 τοῦτο
1667 1297 1872 1369 σπουδῇ

299 1385 359 1421 τε
385 1370 556 1442 πάσῃ,
590 1375 682 1427 καὶ
705 1375 866 1426 παντὶ
887 1375 1076 1446 τρόπῳ
1109 1381 1328 1448 γραφὴν
1346 1379 1530 1444 ἀνοίας
1562 1384 1866 1452 ἀποίσεται,

1981 1389 2260 1462 quidpiam
2289 1390 2600 1444 necessario
2625 1389 2907 1458 percipere
2934 1387 3150 1451 debeat,
3180 1387 3272 1454 qui
3305 1386 3422 1452 ejus
3453 1384 3560 1437 im-

299 1465 398 1518 καὶ
433 1466 663 1538 ὀφλήσει
697 1468 908 1537 γέλωτα
941 1473 1105 1524 παντὶ
1137 1471 1496 1573 δικαίῳονοῦν
1529 1472 1768 1545 ἔχουσιν.

1984 1484 2254 1555 prrtiendi
2287 1491 2392 1537 tam
2426 1481 2740 1536 facultatem
2777 1497 2941 1552 quam
2972 1480 3308 1538 voluntatem
3339 1479 3556 1531 habeat.

301 1561 666 1628 οί¹³η¹ο¹πθῐη
694 1566 840 1621 dare
884 1576 1049 1636 Ρδιθίι
1082 1568 1150 1622 ab
1178 1561 1505 1639 eloqu'enliae
1537 1574 1590 1627 Vi
1629 1583 1745 1631 tum
1785 1582 2227 1650 persuasionem,
2295 1589 2409 1636 tum
2462 1579 2778 1648 Opinionem
2821 1580 3018 1633 bonam
3085 1577 3356 1631 bonorum
3421 1572 3559 1629 sub-

302 1657 541 1712 ditorum
566 1659 630 1712 de
660 1657 817 1713 bonis
840 1659 1186 1729 principibus
1215 1663 1508 1731 proﬁcisci,
1540 1674 1702 1736 atque
1729 1669 1872 1727 hanc
1906 1682 1963 1728 et
1996 1689 2155 1739 auro,
2184 1685 2236 1728 et
2264 1687 2464 1742 magno
2487 1671 2760 1734 exercitu,
2792 1679 2843 1724 et
2873 1669 3154 1728 machina,
3188 1684 3338 1736 quae
3373 1681 3402 1719 a
3462 1679 3536 1717 no

302 1751 388 1806 bis
420 1750 767 1807 instituenda!
801 1767 968 1808 causa
999 1755 1424 1822 comparationis
1466 1758 1518 1814 in
1555 1762 1791 1820 medium
1823 1768 1892 1823 ab
1932 1769 2086 1824 initio
2123 1775 2253 1822 sunt
2285 1767 2471 1832 allata,
2539 1764 2883 1836 principibus
2919 1778 3020 1818 usu
3084 1776 3186 1817 suo
3235 1761 3390 1830 longe
3417 1753 3560 1835 prie:

299 1851 466 1898 δίεπε·
503 1841 688 1897 “idem
721 1842 813 1912 (ιυῑ
849 1859 996 1898 nunc
1022 1859 1051 1897 ³
1096 1846 1252 1901 ιιουίε
1277 1847 1488 1916 Ρίοὶιιῐα
1529 1854 1686 1920 quasi
1722 1858 1955 1925 quadam
1987 1873 2282 1928 expressus
2306 1867 2394 1914 est
2430 1858 2708 1927 princeps,
2778 1870 2900 1910 cum
2969 1854 3145 1924 ipsius
3217 1854 3371 1908 bona:
3429 1867 3558 1921 spes

297 1937 368 1990 ab
397 1936 628 2008 egregiis
660 1937 714 1992 in
745 1953 811 1992 eo
835 1937 1056 1993 dotibus
1082 1939 1251 1994 animi
1286 1943 1596 2011 pendeant;
1627 1949 1851 2005 omnino
1889 1952 2293 2022 praestantioris
2362 1952 2470 2006 erit
2543 1951 2637 2020 qui
2708 1948 3065 2004 facultatibus
3102 1945 3362 2022 extrariis
3419 1945 3562 2002 inui-

298 2033 674 2102 tuntur,,quod
700 2033 948 2088 abinitio
978 2034 1240 2092 diximus.
1276 2037 1465 2106 itaque
1503 2051 1652 2097 recte
1713 2019 1906 2111 facies,
1947 2047 2272 2102 charissime
2334 2046 2428 2112 fili,
2459 2046 2504 2100 si
2532 2047 2606 2100 ita
2637 2044 2823 2098 virtuti
2859 2043 3104 2102 studeas.
3140 2052 3196 2094 ut
3223 2019 3554 2109 eloquentia:

298 2124 476 2180 studia
503 2126 652 2181 nullo
674 2126 836 2180 modo
859 2127 1286 2198 negligas;qua2
1305 2140 1354 2184 et
1374 2131 1696 2202 simpliciter
1714 2138 1869 2193 utilia
1909 2149 2034 2194 sunt
2081 2149 2136 2195 et
2166 2141 2233 2194 ad
2285 2154 2376 2194 res
2407 2139 2568 2194 utiles
2599 2148 2761 2207 atque
2828 2125 3006 2190 bonas
3072 2135 3196 2203 plus
3247 2132 3552 2203 adjumenti

299 2233 459 2290 quam
493 2219 601 2273 ulla
629 2234 714 2274 res
741 2220 867 2284 alia,
900 2235 1020 2276 mea
1048 2221 1268 2292 quidem
1332 2224 1614 2292 opinione,
1676 2227 1936 2286 all‘erunt.
1977 2231 2089 2288 Nec
2121 2247 2228 2286 non
2261 2232 2330 2298 si,
2367 2247 2488 2300 quae
2526 2233 2666 2286 dicta
2692 2237 2845 2294 sunt,
2871 2239 3019 2283 recte
3067 2226 3161 2281 tibi
3190 2227 3330 2280 dicta
3360 2225 3556 2280 viden-

308 2325 413 2378 tur,
441 2318 767 2386 amplectere
795 2317 1014 2372 decreta
1037 2318 1326 2388 praeclara,
1355 2335 1455 2376 nec
1522 2337 1645 2392 qua
1713 2325 2026 2393 admiraris,
2106 2327 2385 2400 negligito.
2464 2325 2602 2380 Nam
2647 2325 2744 2397 qui
2783 2339 2894 2379 rem
2946 2323 3182 2390 aliquam
3235 2321 3438 2386 laudat,
3492 2335 3559 2375 ac

307 2408 495 2464 deinde
542 2411 873 2480 negligenter
903 2426 1022 2466 eam
1061 2423 1240 2473 curat.
1273 2428 1374 2468 nec
1405 2415 1632 2470 omnino
1662 2417 1846 2474 studio
1882 2429 2046 2490 atque
2081 2423 2292 2477 ratione
2320 2419 2690 2495 persequitur,
2754 2417 3006 2473 amentia:
3077 2425 3264 2470 notam
3319 2415 3556 2481 auferet,

299 2516 353 2564 et
377 2521 409 2561 a
444 2519 621 2562 mente
645 2509 887 2578 praeditis
910 2509 1118 2578 optimo
1141 2510 1266 2581 jure
1299 2512 1588 2570 ridebitur.

1982 1297 2292 1366 praecedere
2328 1311 2343 1349 :
2381 1296 2425 1349 si
2458 1296 2678 1366 quidem
2715 1294 2912 1364 aliquis
2943 1295 3012 1348 ab
3043 1294 3229 1363 aliquo
3277 1290 3554 1347 commodi

917 2671 1138 2726 ΛΟΓΟΣ
1160 2670 1232 2728 B'.
1899 2634 1948 2694 Β

293 2782 443 2862 Ὅτε
455 2782 522 2838 τὸ
549 2783 665 2862 “ex
689 2783 918 2862 ἀγαθὸν
946 2782 1099 2862 πᾷᾳι
1126 2786 1498 2862 φιβούμενόις
1515 2787 1866 2862 ἐστιγφιισιο

365 2853 484 2924 κῷς
507 2867 521 2881 °
552 2853 588 2908 ὁ
605 2853 679 2924 δὲ,
701 2855 886 2917 κακὸς
911 2853 1009 2907 καί
1037 2853 1228 2916 ἐαυτῷ
1253 2853 1537 2924 μισητός.⁷
1566 2853 1868 2922 Φιλοῦμεν

362 2921 435 2976 δὲ
471 2924 567 2994 καὶ
625 2923 690 2977 τὸ
728 2923 922 2994 κακὸν
956 2923 1130 2977 ἔστιν
1181 2921 1302 2991 ὅτε,
1349 2921 1576 2994 ἀγαθὸν
1623 2921 1867 2980 κάκεῖνο

363 2990 724 3061 νομίζοντες.
749 2993 860 3048 Kal
883 2994 1016 3062 περὶ
1045 2990 1433 3064 εὐδαιμονίας
1462 2996 1562 3050 καὶ
1618 2997 1864 3066 ἀρετῆς.

375 3131 517 3199 Ἐγὼ
560 3132 787 3202 νομίζω,
830 3132 926 3185 καὶ
968 3130 1176 3194 πάντας
1202 3125 1363 3214 οξμαι
1415 3134 1479 3203 τῇ
1517 3131 1645 3204 δόξῃ
1690 3133 1868 3206 ταύτῃ

293 3219 606 3282 συνθέσθαι,
638 3220 713 3289 μὴ
739 3221 900 3287 μόνον
923 3222 1016 3273 τὸν
1045 3221 1333 3273 σπουδαῖον
1355 3222 1449 3274 καὶ
1471 3223 1699 3290 ἀγαθὸν,
1728 3223 1866 3275 ἀλλὰ

292 3315 390 3368 καὶ
419 3315 510 3368 τὸν
540 3313 744 3383 φαῦλον
764 3314 861 3367 καὶ
890 3314 1126 3383 πονηρὸν
1154 3313 1462 3384 ἄνθρωπον,
1495 3319 1865 3385 μισοπόνηρον

294 3405 392 3460 καὶ
427 3404 714 3476 φιλόκαλον
747 3399 890 3459 εἶναι
919 3405 1060 3476 αὐτῇ
1090 3407 1158 3476 τῇ
1190 3405 1347 3474 φύσει
1370 3422 1384 3438 ο
1421 3407 1522 3460 κᾶν
1551 3424 1634 3471 τις
1666 3409 1746 3472 εἰς
1780 3427 1869 3461 το·

294 3497 486 3552 σοῦτον
509 3497 704 3562 κακίας
721 3497 1002 3570 ἐξενεχθῇ,
1031 3498 1110 3561 ὡς
1141 3501 1218 3570 μὴ
1247 3500 1563 3572 περαιτέρω
1590 3502 1864 3573 προϐῆναι

292 3591 572 3656 δύνασθαι,
609 3589 706 3645 ἃτε
738 3591 802 3660 δὴ
835 3591 970 3661 πρὸς
999 3589 1298 3660 τοΰσχατον
1337 3593 1508 3662 αὐτῆς
1536 3594 1865 3665 ἀφιγμένος,

293 3687 390 3739 καὶ
415 3685 607 3738 ἑαυτὸν
630 3684 727 3751 τῆς
759 3684 1024 3754 πονηρίας
1055 3684 1440 3756 βδελύττεσθαι
1462 3685 1556 3739 τὸν
1584 3687 1862 3742 τοιοῦτον·

298 3778 497 3847 μᾶλλον
525 3777 580 3831 δὲ
622 3776 719 3830 καὶ
758 3780 869 3840 τοῖς
898 3777 1112 3844 ἀλόγοις
1143 3779 1236 3831 καὶ
1264 3779 1618 3848 ἀναισθήτοις
1653 3780 1867 3852 ἀγαθὴν

292 3867 439 3926 εἶναι
467 3871 566 3940 τὴν
609 3870 793 3939 φύσιν,
828 3869 887 3934 ἐξ
921 3869 1129 3938 ἀγαθοῦ
1161 3871 1222 3924 τὸ
1255 3865 1396 3924 εἶναι
1426 3870 1721 3926 λαϐοῦσαν.
1758 3873 1867 3926 Καὶ

2544 2672 2808 2731 ORATIO
2836 2671 2898 2728 ll.

1970 2791 2127 2857 Quod
2144 2791 2337 2846 bonum
2357 2807 2433 2845 est
2449 2791 2514 2844 ab
2538 2789 2784 2844 omnibus
2804 2787 3127 2840 naturaliter
3151 2785 3326 2857 diligi.
3359 2783 3556 2838 flami-

2045 2879 2159 2915 nem
2182 2863 2384 2915 malum
2402 2861 2565 2914 etiam
2585 2861 2688 2927 ipsi
2738 2858 2839 2913 sibi
2861 2857 2980 2910 odio
3003 2873 3133 2910 esse.
3162 2853 3558 2927 Nonnunquam

2039 2950 2159 2986 vero
2187 2944 2233 2985 et
2264 2933 2340 2992 id.
2362 2939 2501 2998 quod
2541 2923 2739 2982 malum
2759 2939 2857 2990 est,
2883 2929 3190 2998 diligimus;
3212 2923 3339 2994 quia
3364 2925 3558 2978 bonum

2041 3019 2152 3058 esse
2195 2997 2465 3072 putamus.
2485 3000 2721 3070 Itemque
2769 2998 2835 3052 de
2870 2998 3123 3068 feiicitate
3154 2997 3318 3065 deque
3342 2998 3554 3050 virtute.

3259 3074 3271 3134 ί

2039 3143 2117 3201 Ita
2155 3141 2406 3212 equidem
2436 3140 2639 3207 sentio,
2683 3148 2736 3194 et
2787 3137 3038 3210 opinioni
3099 3151 3232 3192 mea:
3283 3137 3557 3190 neminem

1968 3254 2076 3294 non
2113 3249 2469 3291 assensurum
2499 3233 2808 3298 arbritror;
2845 3245 2952 3284 non
2987 3229 3189 3282 virtute
3223 3227 3388 3280 modo
3415 3239 3558 3295 pm.

1967 3333 2140 3386 dituni
2177 3339 2233 3384 et
2263 3329 2489 3391 bonum,
2529 3325 2624 3381 sed
2655 3325 2822 3379 etiam
2869 3323 3126 3377 vitiosum
3151 3335 3215 3375 ac
3243 3321 3555 3390 improbum

1971 3425 2270 3485 hominem.
2300 3422 2416 3493 ipsa
2463 3429 2662 3474 natura
2721 3427 2837 3471 tum
2886 3415 3296 3486 improbitatem
3350 3415 3556 3477 odisse,

1969 3526 2083 3570 tum
2115 3513 2333 3570 honeSti
2369 3512 2554 3569 studio
2601 3511 2777 3566 teneri
2813 3526 2829 3564 ι
2864 3525 2930 3565 ac
2961 3509 3088 3564 licet
3113 3509 3313 3575 aliquis
3342 3509 3554 3561 adeam

1969 3606 2317 3660 vitiositatem
2352 3590 2614 3674 abreptus
2645 3601 2841 3666 fuerit,
2893 3609 2954 3656 ut
2997 3600 3230 3657 ulterius
3295 3600 3554 3670 progredi

1969 3706 2228 3768 nequeat,
2263 3695 2422 3769 quasi
2453 3697 2544 3766 qui
2587 3696 2654 3749 ad
2683 3706 2890 3750 metam
2939 3693 3062 3764 ejus
3098 3701 3400 3749 extremam
3434 3707 3556 3761 per-

1968 3789 2198 3854 venerit,
2237 3797 2418 3842 tamen
2455 3785 2735 3841 hominem
2756 3785 3030 3856 ejusmodi
3062 3784 3302 3854 seipsum
3335 3785 3406 3837 ob
3448 3783 3555 3836 im-

1969 3881 2301 3951 probitatem
2329 3877 2643 3933 abominari
2678 3894 2693 3933 :
2728 3876 2838 3930 imo
2867 3875 2950 3932 vel
3009 3875 3183 3930 brutis
3243 3889 3306 3928 ac
3355 3889 3554 3930 sensus

291 3964 453 4018 τοῦτό
493 3965 608 4016 ἐστι
638 3963 698 4017 τὸ
731 3961 1148 4035 θρυλλούμενον,
1193 3963 1270 4028 ὡς
1303 3963 1414 4034 ἄρα
1443 3965 1620 4019 πάντα
1653 3965 1865 4034 ἐφίεται

1979 3972 2284 4039 expertibus
2320 3981 2572 4025 naturam
2610 3968 2812 4022 bonam
2843 3982 2988 4030 esse,
3030 3981 3153 4030 qua:
3183 3964 3551 4021 substantiam

290 4055 388 4110 τοῦ
415 4055 619 4125 ἀγαθοῦ
655 4072 716 4110 τε
755 4058 849 4110 καὶ
884 4056 1202 4124 συγγενοῦς.
1235 4058 1334 4128 Είη
1364 4057 1410 4110 δ’
1443 4059 1510 4112 ἂν
1542 4057 1704 4112 τοῦτό
1741 4075 1801 4128 γε
1829 4062 1861 4129 ἡ

292 4147 510 4200 πάντων
543 4147 640 4216 μὲν
669 4146 811 4217 ἀρχὴ
857 4148 952 4200 καὶ
987 4147 1321 4218 ὑπεράρχιος
1354 4148 1537 4220 φύσις,
1569 4149 1789 4204 πάντων
1809 4149 1867 4204 δὲ

291 4243 644 4312 δημιουργὸς,
673 4243 766 4295 καὶ
796 4243 1115 4313 συνέχουσα,
1150 4245 1244 4296 καὶ
1269 4243 1330 4297 εὖ
1363 4245 1593 4298 ποιοῦσα
1609 4244 1861 4316 δύναμις.

289 4335 422 4403 ὁλκῇ
457 4350 562 4386 τινι
589 4333 966 4403 γνησιότητος,
998 4335 1094 4388 καὶ
1149 4335 1450 4407 ὑπεροχῆς,
1498 4339 1596 4390 καὶ
1648 4339 1866 4406 ἀγαθω-

293 4427 460 4495 σύνης
495 4426 628 4495 πρὸς
653 4426 852 4495 ἑαυτὴν
880 4427 1236 4496 ἐπισπωμένη
1265 4429 1324 4480 τὸ
1355 4429 1465 4481 πᾶν
1493 4445 1507 4459 ο
1545 4427 1718 4482 ἐθέλει
1752 4429 1863 4498 γὰρ

288 4517 370 4584 τῷ
420 4518 682 4586 πεφυκότι
730 4518 1048 4588 κινούμενον
1091 4519 1151 4572 τὸ
1215 4521 1620 4592 δημιουργηθέν
1667 4539 1725 4575 τε
1770 4525 1860 4575 καὶ

291 4608 516 4676 ποιηθὲν
558 4609 634 4680 μὴ
665 4611 888 4680 μακρὰν
919 4609 1275 4680 εὑρίσκεσθαι
1307 4611 1401 4665 τοῦ
1431 4613 1768 4685 δημιουργοῦ
1801 4631 1862 4668 τε

291 4705 384 4757 καὶ
410 4702 654 4772 ποιητοῦ.
685 4703 758 4755 Τὸ
781 4704 889 4775 γὰρ
913 4703 1132 4757 ὁθενοῦν
1157 4706 1248 4758 ἐπὶ
1297 4706 1397 4774 τὴν
1425 4707 1651 4777 πρώτην
1683 4707 1864 4760 αἰτίαν

295 4799 610 4865 ἀνατρέχειν
661 4798 825 4864 φιλεῖ,
877 4799 972 4851 καὶ
996 4797 1090 4850 τοῦ
1138 4797 1541 4864 προνοουμέιου
1573 4799 1666 4850 καὶ
1710 4797 1865 4849 συνέ-

299 4906 476 4958 χοντος
515 4889 776 4958 μηδλμὼς
811 4888 1146 4958 ἀφίστασθαι
1173 4890 1234 4942 τὸ
1265 4891 1434 4958 χωρὶς
1465 4887 1632 4942 αὑτοῦ
1671 4890 1746 4959 μὴ
1775 4889 1865 4941 δυο

297 4981 526 5050 νὰμενον
565 4983 834 5051 περιεῖναι
860 4997 880 5016 ο
934 4984 1029 5035 καὶ
1077 4980 1140 5035 τδ
1186 4975 1352 5053 ἦττον
1399 4977 1540 5035 εῖναι
1586 4979 1736 5048 παρὰ
1787 4979 1865 5051 τῷ

291 5075 581 5142 κρείττονι,
633 5073 843 5145 βαθμοῦ
894 5074 989 5129 καὶ
1023 5072 1235 5139 τάξεως
1288 5074 1534 5144 μείζονος
1577 5071 1864 5139 τεύξεσθαι

293 5166 610 5233 προσδοκῶν
631 5183 648 5199 ο
676 5169 771 5220 καὶ
799 5169 1078 5220 κοινωνεῖν
1103 5166 1196 5220 τοῦ
1225 5167 1500 5239 θειοτέρου
1519 5166 1576 5220 τὸ
1600 5166 1864 5220 ὑλικὼτε-

297 5275 388 5327 ρον
413 5276 429 5293 ο
458 5261 608 5323 ὅπως
649 5260 717 5315 ἂν
743 5263 808 5331 τῇ
849 5261 1108 5334 μετουσίᾳ
1141 5259 1539 5332 λαμπρύνοιτο.
1590 5259 1697 5313 Καὶ
1728 5259 1864 5322 ὅλως

294 5348 355 5404 τδ
399 5353 510 5414 τοῖς
549 5351 690 5415 ὅλοις
734 5353 1120 5424 ὑποδεέστερον
1160 5352 1377 5408 οἴκοθεν
1411 5354 1696 5420 ἐπείγεται
1733 5352 1862 5422 τρέ-

295 5459 411 5511 χειν
441 5443 593 5514 παρά
615 5444 676 5497 τὸ
703 5446 1021 5516 προσθεῖναι
1048 5445 1142 5500 καὶ
1168 5444 1384 5499 τελέσαι
1407 5443 1731 5513 δυνάμενον.
1774 5443 1863 5508 Ὧς

295 5532 403 5602 γὰρ
435 5533 502 5605 δὴ
541 5537 661 5599 ταῖς
689 5537 824 5608 πρὸς
860 5537 992 5590 Θεὸν
1019 5536 1286 5607 ὲγγύτησί
1315 5553 1375 5592 τε
1415 5535 1510 5590 καὶ
1541 5535 1857 5589 οίκειώσεσι

299 5624 361 5678 τὸ
389 5627 663 5697 περιεῖναι
711 5629 807 5684 καὶ
837 5629 1111 5693 σώζεσθαι
1143 5629 1383 5699 γίνεται,
1440 5630 1534 5682 καὶ
1601 5629 1855 5699 μετέχειν

297 5716 503 5786 ἀίαθοῦ
523 5733 537 5752 ·
568 5721 660 5774 τὸν
693 5720 809 5778 ἴσον
840 5721 1042 5793 τρόπον
1087 5725 1207 5790 ταῖς
1253 5722 1571 5778 διαστάσεσι
1621 5722 1714 5776 καὶ
1747 5729 1860 5789 τοῖς

1971 4055 2189 4118 suam'a
2221 4063 2368 4118 bono
2397 4063 2470 4118 sit
2521 4066 2846 4114 consecuta.
2888 4057 3067 4126 Atque
3128 4055 3236 4111 hoc
3281 4055 3412 4108 illud
3466 4063 3553 4110 est

1970 4153 2524 4225 vulgoocelebratum,
2561 4152 2744 4205 omnia
2779 4151 2906 4204 boni
2955 4148 3287 4216 cognatique
3333 4145 3555 4199 deside.

1970 4249 2051 4301 rio
2107 4246 2256 4301 duci.
2306 4245 2461 4312 Quod
2511 4260 2642 4300 sane
2692 4244 2920 4308 bonum,
2985 4242 3370 4296 universormn
3418 4239 3557 4300 illud

1971 4338 2294 4410 principium
2329 4337 2516 4397 fuerit.
2538 4346 2593 4391 et
2625 4335 2801 4404 posita
2824 4351 2990 4404 supra
3016 4333 3342 4404 principium
3387 4347 3561 4386 omne

1971 4440 2185 4496 natura,
2225 4439 2465 4499 potestas
2499 4428 2588 4482 illa
2625 4428 2863 4483 creatrix
2892 4427 3164 4492 omnium,
3203 4425 3388 4479 omnia
3418 4439 3557 4478 con-v.

1969 4528 2170 4590 tinens,
2201 4521 2478 4588 benefica;
2531 4532 2586 4577 et
2619 4537 2742 4590 quae
2763 4520 2948 4575 omnia
2991 4520 3228 4588 quadam
3287 4518 3554 4574 illecebra

1967 4618 2331 4686 cognationis,
2363 4615 2699 4679 eminentiae,
2748 4613 3014 4668 bonitatis
3047 4612 3113 4665 ad
3141 4626 3201 4665 se
3226 4610 3384 4677 rapit.
3411 4608 3552 4666 Nam

1965 4706 2048 4761 sic
2073 4719 2266 4760 natura
2304 4713 2681 4774 comparatum
2736 4713 2845 4767 est,
2876 4712 2934 4756 ut
2977 4699 3121 4772 quod
3167 4711 3411 4754 creatum
3464 4708 3550 4756 est

1964 4809 2020 4854 et
2052 4797 2280 4860 factum,
2320 4808 2470 4853 motu
2511 4812 2614 4851 suo
2646 4813 2754 4851 non
2795 4797 2956 4864 longe
3005 4795 3202 4850 abesse
3251 4793 3320 4846 ab
3349 4791 3570 4874 opiﬂcc'

1965 4892 2393 4964 conditoreque.
2425 4892 2576 4946 velit.
2605 4890 2818 4945 Etenim
2849 4889 3057 4959 qumvis
3089 4903 3201 4952 res,
3233 4885 3375 4940 unde
3405 4886 3553 4940 unde

1965 4985 2058 5053 sit,
2082 4985 2149 5041 ad
2177 5000 2398 5042 causam
2434 4985 2664 5056 primam
2693 4995 2980 5040 recurrere
3027 4981 3230 5052 gaudet
3258 4998 3274 5034 :
3312 4994 3414 5035 nec
3439 4979 3554 5035 ullo

1969 5079 2128 5133 modo
2150 5095 2177 5131 a
2206 5079 2568 5148 prospiciente
2593 5078 2695 5132 sibi
2716 5089 2882 5146 seque
2907 5074 3218 5128 continente
3239 5074 3356 5127 vult
3389 5073 3553 5129 abes-

1967 5184 2048 5236 se,
2073 5170 2214 5240 quod
2244 5171 2452 5238 absque
2475 5168 2564 5222 illo
2591 5171 2802 5223 salvum
2830 5179 2954 5220 esse
2968 5163 3157 5234 nequit
3183 5163 3430 5233 :etquod
3465 5164 3552 5218 iu-

1971 5261 2138 5317 ferius
2189 5271 2295 5326 est,
2325 5277 2446 5318 esse
2476 5276 2598 5316 cum
2659 5257 3030 5329 praastantiori
3098 5259 3275 5329 cupit,
3356 5271 3388 5312 a
3440 5272 3552 5328 quo

1973 5355 2203 5423 gradum
2287 5361 2340 5408 et
2400 5355 2578 5408 locum
2679 5349 2947 5420 ampliore
2973 5366 3002 5402 ιι
3086 5365 3146 5406 se
3211 5363 3552 5406 consecutu-

1970 5462 2094 5501 rum
2149 5454 2330 5515 sperat
2360 5462 2376 5503 ;
2411 5455 2466 5500 et
2503 5443 2784 5513 particeps
2815 5457 2940 5497 esse
2999 5440 3316 5508 divinioris,
3347 5441 3494 5510 quod
3518 5457 3554 5496 θ

1966 5537 2244 5592 crassiore
2267 5535 2493 5590 materia
2525 5543 2766 5599 constat,
2799 5541 2858 5588 ut
2887 5532 3011 5602 ejus
3071 5531 3331 5588 fruitione
3360 5530 3548 5601 splen-

1961 5629 2143 5684 didius
2181 5628 2396 5683 evadat.
2427 5627 2507 5682 Ad
2535 5625 2831 5691 summam,
2887 5627 3152 5696 quidquid
3212 5625 3550 5682 omnino-te.

1969 5723 2136 5781 nuius
2161 5729 2264 5788 est,
2297 5736 2361 5776 cx
2388 5735 2508 5778 sese
2549 5735 2771 5775 currere
2819 5719 3002 5776 studet
3034 5720 3099 5775 ad
3133 5717 3186 5774 id
3239 5718 3384 5790 quod
3407 5718 3544 5787 adji-
