  <div class='ocr_page' id='page_1' title='image "/cluster/home/n/w/nwhite01/storage/ocr_20150623/156/coo.31924054870617/213.png"; bbox 0 0 3958 6450; ppageno 0'>
   <div class='ocr_carea' id='block_1_1' title="bbox 346 283 447 351">
    <p class='ocr_par' dir='ltr' id='par_1_1' title="bbox 346 283 447 351">
     <span class='ocr_line' id='line_1_1' title="bbox 346 283 447 351; baseline -0.02 -1"><span class='ocrx_word' id='word_1_1' title='bbox 346 283 447 351; x_wconf 67' lang='grc'><strong>411</strong></span> 
     </span>
    </p>
   </div>
   <div class='ocr_carea' id='block_1_2' title="bbox 1385 249 2416 351">
    <p class='ocr_par' dir='ltr' id='par_1_2' title="bbox 1385 249 2416 351">
     <span class='ocr_line' id='line_1_2' title="bbox 1385 249 2416 351; baseline 0.005 -5"><span class='ocrx_word' id='word_1_2' title='bbox 1385 278 1393 285; x_wconf 85' lang='grc'><em>’</em></span> <span class='ocrx_word' id='word_1_3' title='bbox 1473 249 1922 348; x_wconf 66' lang='grc' dir='ltr'>’ΜΑΝυΕιιε</span> <span class='ocrx_word' id='word_1_4' title='bbox 1961 286 2416 351; x_wconf 69' lang='grc' dir='ltr'>ΡΑωιοιοοι</span> 
     </span>
    </p>
   </div>
   <div class='ocr_carea' id='block_1_3' title="bbox 3503 297 3615 363">
    <p class='ocr_par' dir='ltr' id='par_1_3' title="bbox 3503 297 3615 363">
     <span class='ocr_line' id='line_1_3' title="bbox 3503 297 3615 363; baseline -0.036 0"><span class='ocrx_word' id='word_1_5' title='bbox 3503 297 3615 363; x_wconf 62' lang='lat' dir='ltr'><strong>lli</strong></span> 
     </span>
    </p>
   </div>
   <div class='ocr_carea' id='block_1_4' title="bbox 347 397 1951 475">
    <p class='ocr_par' dir='ltr' id='par_1_4' title="bbox 347 397 1927 469">
     <span class='ocr_line' id='line_1_4' title="bbox 347 397 1927 469; baseline -0.003 -11"><span class='ocrx_word' id='word_1_6' title='bbox 347 397 529 458; x_wconf 86' lang='lat' dir='ltr'><strong>ciendi</strong></span> <span class='ocrx_word' id='word_1_7' title='bbox 553 407 607 454; x_wconf 90' lang='lat' dir='ltr'><strong>et</strong></span> <span class='ocrx_word' id='word_1_8' title='bbox 629 398 946 469; x_wconf 78' lang='lat' dir='ltr'><strong>perficiendi</strong></span> <span class='ocrx_word' id='word_1_9' title='bbox 974 397 1287 455; x_wconf 77' lang='lat' dir='ltr'><strong>facultatem</strong></span> <span class='ocrx_word' id='word_1_10' title='bbox 1333 398 1521 455; x_wconf 83' lang='lat' dir='ltr'><strong>habet.</strong></span> <span class='ocrx_word' id='word_1_11' title='bbox 1558 398 1631 455; x_wconf 91' lang='lat' dir='ltr'><strong>Ut</strong></span> <span class='ocrx_word' id='word_1_12' title='bbox 1689 402 1834 455; x_wconf 91' lang='lat' dir='ltr'><strong>enim</strong></span> <span class='ocrx_word' id='word_1_13' title='bbox 1863 415 1927 454; x_wconf 80' lang='lat' dir='ltr'><strong>ex</strong></span> 
     </span>
    </p>
   </div>
   <div class='ocr_carea' id='block_1_5' title="bbox 2057 397 3616 475">
    <p class='ocr_par' dir='ltr' id='par_1_5' title="bbox 2057 400 3616 475">
     <span class='ocr_line' id='line_1_5' title="bbox 2057 400 3616 475; baseline 0.008 -24"><span class='ocrx_word' id='word_1_14' title='bbox 2057 403 2336 472; x_wconf 66' lang='grc' dir='ltr'>[ωρισμοῖς</span> <span class='ocrx_word' id='word_1_15' title='bbox 2359 401 2420 454; x_wconf 81' lang='grc' dir='ltr'>τὸ</span> <span class='ocrx_word' id='word_1_16' title='bbox 2443 400 2793 473; x_wconf 79' lang='grc' dir='ltr'><strong>διεφθάρθαι,</strong></span> <span class='ocrx_word' id='word_1_17' title='bbox 2821 402 2917 457; x_wconf 77' lang='grc' dir='ltr'>καὶ</span> <span class='ocrx_word' id='word_1_18' title='bbox 2937 403 3132 475; x_wconf 83' lang='grc' dir='ltr'>μηκέτ’</span> <span class='ocrx_word' id='word_1_19' title='bbox 3156 400 3323 463; x_wconf 73' lang='grc' dir='ltr'>εἶναι.</span> <span class='ocrx_word' id='word_1_20' title='bbox 3350 406 3423 463; x_wconf 79' lang='grc' dir='ltr'><strong>Τὸ</strong></span> <span class='ocrx_word' id='word_1_21' title='bbox 3448 408 3505 463; x_wconf 74' lang='grc' dir='ltr'>δὲ</span> <span class='ocrx_word' id='word_1_22' title='bbox 3535 411 3616 464; x_wconf 75' lang='grc' dir='ltr'><strong>αι-</strong></span> 
     </span>
    </p>
   </div>
   <div class='ocr_carea' id='block_1_6' title="bbox 350 489 1979 562">
    <p class='ocr_par' dir='ltr' id='par_1_6' title="bbox 350 489 1979 562">
     <span class='ocr_line' id='line_1_6' title="bbox 350 489 1979 562; baseline -0.001 -15"><span class='ocrx_word' id='word_1_23' title='bbox 350 493 610 562; x_wconf 89' lang='lat' dir='ltr'><strong>propiore</strong></span> <span class='ocrx_word' id='word_1_24' title='bbox 643 490 710 545; x_wconf 91' lang='lat' dir='ltr'><strong>ad</strong></span> <span class='ocrx_word' id='word_1_25' title='bbox 754 490 920 547; x_wconf 89' lang='lat' dir='ltr'><strong>Deum</strong></span> <span class='ocrx_word' id='word_1_26' title='bbox 951 506 1176 548; x_wconf 88' lang='lat' dir='ltr'><strong>accessu</strong></span> <span class='ocrx_word' id='word_1_27' title='bbox 1208 501 1261 547; x_wconf 86' lang='lat' dir='ltr'><strong>et</strong></span> <span class='ocrx_word' id='word_1_28' title='bbox 1292 491 1668 547; x_wconf 86' lang='lat' dir='ltr'><strong>familiaritate</strong></span> <span class='ocrx_word' id='word_1_29' title='bbox 1694 489 1979 547; x_wconf 70' lang='lat' dir='ltr'><strong>salutem&quot;</strong></span> 
     </span>
    </p>
   </div>
   <div class='ocr_carea' id='block_1_7' title="bbox 349 585 1930 656">
    <p class='ocr_par' dir='ltr' id='par_1_7' title="bbox 349 585 1930 656">
     <span class='ocr_line' id='line_1_7' title="bbox 349 585 1930 656; baseline -0.001 -15"><span class='ocrx_word' id='word_1_30' title='bbox 349 600 403 641; x_wconf 89' lang='lat' dir='ltr'><strong>et</strong></span> <span class='ocrx_word' id='word_1_31' title='bbox 428 585 887 653; x_wconf 86' lang='lat' dir='ltr'><strong>incolumitatem,</strong></span> <span class='ocrx_word' id='word_1_32' title='bbox 916 601 1041 641; x_wconf 92' lang='lat' dir='ltr'><strong>cum</strong></span> <span class='ocrx_word' id='word_1_33' title='bbox 1076 587 1201 641; x_wconf 89' lang='lat' dir='ltr'><strong>boni</strong></span> <span class='ocrx_word' id='word_1_34' title='bbox 1254 587 1698 656; x_wconf 86' lang='lat' dir='ltr'><strong>participatione,</strong></span> <span class='ocrx_word' id='word_1_35' title='bbox 1731 602 1930 641; x_wconf 81' lang='lat' dir='ltr'><strong>conse-</strong></span> 
     </span>
    </p>
   </div>
   <div class='ocr_carea' id='block_1_8' title="bbox 346 677 1936 748">
    <p class='ocr_par' dir='ltr' id='par_1_8' title="bbox 346 677 1936 748">
     <span class='ocr_line' id='line_1_8' title="bbox 346 677 1936 748; baseline -0.002 -16"><span class='ocrx_word' id='word_1_36' title='bbox 346 679 592 747; x_wconf 91' lang='lat' dir='ltr'><strong>quimur,</strong></span> <span class='ocrx_word' id='word_1_37' title='bbox 630 678 825 732; x_wconf 87' lang='lat' dir='ltr'><strong>eodem</strong></span> <span class='ocrx_word' id='word_1_38' title='bbox 846 677 1009 731; x_wconf 86' lang='lat' dir='ltr'><strong>modo</strong></span> <span class='ocrx_word' id='word_1_39' title='bbox 1036 693 1130 747; x_wconf 90' lang='lat' dir='ltr'><strong>per</strong></span> <span class='ocrx_word' id='word_1_40' title='bbox 1174 679 1574 748; x_wconf 76' lang='lat' dir='ltr'><strong>Sejunctionem</strong></span> <span class='ocrx_word' id='word_1_41' title='bbox 1607 695 1671 733; x_wconf 89' lang='lat' dir='ltr'><strong>ac</strong></span> <span class='ocrx_word' id='word_1_42' title='bbox 1694 679 1936 747; x_wconf 87' lang='lat' dir='ltr'><strong>diremp-</strong></span> 
     </span>
    </p>
   </div>
   <div class='ocr_carea' id='block_1_9' title="bbox 348 769 1929 841">
    <p class='ocr_par' dir='ltr' id='par_1_9' title="bbox 348 769 1929 841">
     <span class='ocr_line' id='line_1_9' title="bbox 348 769 1929 841; baseline 0.001 -18"><span class='ocrx_word' id='word_1_43' title='bbox 348 781 462 823; x_wconf 90' lang='lat' dir='ltr'><strong>tum</strong></span> <span class='ocrx_word' id='word_1_44' title='bbox 493 769 803 834; x_wconf 86' lang='lat' dir='ltr'><strong>interimus,</strong></span> <span class='ocrx_word' id='word_1_45' title='bbox 836 777 890 823; x_wconf 88' lang='lat' dir='ltr'><strong>et</strong></span> <span class='ocrx_word' id='word_1_46' title='bbox 923 769 977 822; x_wconf 94' lang='lat' dir='ltr'><strong>in</strong></span> <span class='ocrx_word' id='word_1_47' title='bbox 1030 769 1259 823; x_wconf 83' lang='lat' dir='ltr'><strong>nihilum</strong></span> <span class='ocrx_word' id='word_1_48' title='bbox 1304 770 1627 841; x_wconf 87' lang='lat' dir='ltr'><strong>redigimur.</strong></span> <span class='ocrx_word' id='word_1_49' title='bbox 1688 771 1818 841; x_wconf 85' lang='lat' dir='ltr'><strong>Ejus</strong></span> <span class='ocrx_word' id='word_1_50' title='bbox 1851 770 1929 824; x_wconf 85' lang='lat' dir='ltr'><strong>rei</strong></span> 
     </span>
    </p>
   </div>
   <div class='ocr_carea' id='block_1_10' title="bbox 347 848 1931 925">
    <p class='ocr_par' dir='ltr' id='par_1_10' title="bbox 347 848 1931 925">
     <span class='ocr_line' id='line_1_10' title="bbox 347 848 1931 925; baseline 0.003 -17"><span class='ocrx_word' id='word_1_51' title='bbox 347 860 515 909; x_wconf 80' lang='lat' dir='ltr'><strong>causa</strong></span> <span class='ocrx_word' id='word_1_52' title='bbox 575 848 1035 925; x_wconf 18' lang='lat' dir='ltr'><strong>estgadmirabilis</strong></span> <span class='ocrx_word' id='word_1_53' title='bbox 1066 857 1314 925; x_wconf 82' lang='lat' dir='ltr'><strong>quaedam</strong></span> <span class='ocrx_word' id='word_1_54' title='bbox 1363 860 1650 914; x_wconf 87' lang='lat' dir='ltr'><strong>harmonia</strong></span> <span class='ocrx_word' id='word_1_55' title='bbox 1685 875 1865 913; x_wconf 82' lang='lat' dir='ltr'><strong>rerum</strong></span> <span class='ocrx_word' id='word_1_56' title='bbox 1902 874 1931 913; x_wconf 88' lang='lat' dir='ltr'><strong>a</strong></span> 
     </span>
    </p>
   </div>
   <div class='ocr_carea' id='block_1_11' title="bbox 346 921 1933 1022">
    <p class='ocr_par' dir='ltr' id='par_1_11' title="bbox 346 921 1933 1022">
     <span class='ocr_line' id='line_1_11' title="bbox 346 921 1933 1022; baseline 0.003 -21"><span class='ocrx_word' id='word_1_57' title='bbox 346 961 514 1002; x_wconf 82' lang='lat' dir='ltr'><strong>causa</strong></span> <span class='ocrx_word' id='word_1_58' title='bbox 565 921 939 1017; x_wconf 67' lang='lat' dir='ltr'><strong>proTectarum</strong></span> <span class='ocrx_word' id='word_1_59' title='bbox 1002 958 1057 1004; x_wconf 90' lang='lat' dir='ltr'><strong>et</strong></span> <span class='ocrx_word' id='word_1_60' title='bbox 1095 951 1467 1019; x_wconf 92' lang='lat' dir='ltr'><strong>conditarum,</strong></span> <span class='ocrx_word' id='word_1_61' title='bbox 1508 967 1632 1007; x_wconf 89' lang='lat' dir='ltr'><strong>cum</strong></span> <span class='ocrx_word' id='word_1_62' title='bbox 1674 953 1795 1022; x_wconf 90' lang='lat' dir='ltr'><strong>ipso</strong></span> <span class='ocrx_word' id='word_1_63' title='bbox 1829 968 1933 1007; x_wconf 90' lang='lat' dir='ltr'><strong>au-</strong></span> 
     </span>
    </p>
   </div>
   <div class='ocr_carea' id='block_1_12' title="bbox 348 1041 1934 1111">
    <p class='ocr_par' dir='ltr' id='par_1_12' title="bbox 348 1041 1934 1111">
     <span class='ocr_line' id='line_1_12' title="bbox 348 1041 1934 1111; baseline 0.003 -17"><span class='ocrx_word' id='word_1_64' title='bbox 348 1052 506 1095; x_wconf 84' lang='lat' dir='ltr'><strong>ctore</strong></span> <span class='ocrx_word' id='word_1_65' title='bbox 532 1050 589 1096; x_wconf 88' lang='lat' dir='ltr'><strong>et</strong></span> <span class='ocrx_word' id='word_1_66' title='bbox 626 1042 912 1096; x_wconf 84' lang='lat' dir='ltr'><strong>conditore</strong></span> <span class='ocrx_word' id='word_1_67' title='bbox 945 1057 962 1096; x_wconf 91' lang='lat'><strong>:</strong></span> <span class='ocrx_word' id='word_1_68' title='bbox 994 1041 1311 1111; x_wconf 71' lang='lat' dir='ltr'><strong>ineﬂ&#39;abilis,</strong></span> <span class='ocrx_word' id='word_1_69' title='bbox 1381 1045 1597 1100; x_wconf 86' lang='lat' dir='ltr'><strong>ratione</strong></span> <span class='ocrx_word' id='word_1_70' title='bbox 1622 1044 1934 1101; x_wconf 87' lang='lat' dir='ltr'><strong>communi-</strong></span> 
     </span>
    </p>
   </div>
   <div class='ocr_carea' id='block_1_13' title="bbox 350 1131 1933 1213">
    <p class='ocr_par' dir='ltr' id='par_1_13' title="bbox 350 1131 1933 1213">
     <span class='ocr_line' id='line_1_13' title="bbox 350 1131 1933 1213; baseline 0.009 -30"><span class='ocrx_word' id='word_1_71' title='bbox 350 1131 586 1186; x_wconf 89' lang='lat' dir='ltr'><strong>cationis</strong></span> <span class='ocrx_word' id='word_1_72' title='bbox 611 1139 668 1185; x_wconf 90' lang='lat' dir='ltr'><strong>et</strong></span> <span class='ocrx_word' id='word_1_73' title='bbox 708 1131 976 1189; x_wconf 76' lang='lat' dir='ltr'><strong>effusione</strong></span> <span class='ocrx_word' id='word_1_74' title='bbox 1006 1134 1312 1204; x_wconf 85' lang='lat' dir='ltr'><strong>bonitatis;</strong></span> <span class='ocrx_word' id='word_1_75' title='bbox 1347 1154 1633 1207; x_wconf 82' lang='lat' dir='ltr'><strong>nunquam</strong></span> <span class='ocrx_word' id='word_1_76' title='bbox 1668 1158 1933 1213; x_wconf 89' lang='lat' dir='ltr'><strong>rumpen-</strong></span> 
     </span>
    </p>
   </div>
   <div class='ocr_carea' id='block_1_14' title="bbox 350 1220 1933 1305">
    <p class='ocr_par' dir='ltr' id='par_1_14' title="bbox 350 1220 1933 1305">
     <span class='ocr_line' id='line_1_14' title="bbox 350 1220 1933 1305; baseline 0.01 -30"><span class='ocrx_word' id='word_1_77' title='bbox 350 1220 443 1288; x_wconf 92' lang='lat' dir='ltr'><strong>da,</strong></span> <span class='ocrx_word' id='word_1_78' title='bbox 486 1230 710 1290; x_wconf 87' lang='lat' dir='ltr'><strong>propter</strong></span> <span class='ocrx_word' id='word_1_79' title='bbox 744 1233 1029 1280; x_wconf 87' lang='lat' dir='ltr'><strong>auctorem</strong></span> <span class='ocrx_word' id='word_1_80' title='bbox 1064 1227 1272 1283; x_wconf 89' lang='lat' dir='ltr'><strong>vinculi</strong></span> <span class='ocrx_word' id='word_1_81' title='bbox 1303 1240 1358 1285; x_wconf 88' lang='lat' dir='ltr'><strong>ct</strong></span> <span class='ocrx_word' id='word_1_82' title='bbox 1385 1231 1606 1287; x_wconf 89' lang='lat' dir='ltr'><strong>unionis</strong></span> <span class='ocrx_word' id='word_1_83' title='bbox 1654 1238 1933 1305; x_wconf 86' lang='lat' dir='ltr'><strong>magnitu-</strong></span> 
     </span>
    </p>
   </div>
   <div class='ocr_carea' id='block_1_15' title="bbox 350 1310 1934 1399">
    <p class='ocr_par' dir='ltr' id='par_1_15' title="bbox 350 1310 1934 1399">
     <span class='ocr_line' id='line_1_15' title="bbox 350 1310 1934 1399; baseline 0.012 -34"><span class='ocrx_word' id='word_1_84' title='bbox 350 1310 558 1368; x_wconf 88' lang='lat' dir='ltr'><strong>dinem.</strong></span> <span class='ocrx_word' id='word_1_85' title='bbox 592 1315 794 1370; x_wconf 87' lang='lat' dir='ltr'><strong>Eadem</strong></span> <span class='ocrx_word' id='word_1_86' title='bbox 819 1316 934 1386; x_wconf 84' lang='lat' dir='ltr'><strong>jam</strong></span> <span class='ocrx_word' id='word_1_87' title='bbox 966 1319 1191 1389; x_wconf 86' lang='lat' dir='ltr'><strong>paulum</strong></span> <span class='ocrx_word' id='word_1_88' title='bbox 1226 1323 1574 1394; x_wconf 81' lang='lat' dir='ltr'><strong>intelligitur,</strong></span> <span class='ocrx_word' id='word_1_89' title='bbox 1616 1326 1744 1381; x_wconf 89' lang='lat' dir='ltr'><strong>dum</strong></span> <span class='ocrx_word' id='word_1_90' title='bbox 1771 1330 1934 1399; x_wconf 87' lang='lat' dir='ltr'><strong>spiri-</strong></span> 
     </span>
    </p>
   </div>
   <div class='ocr_carea' id='block_1_16' title="bbox 355 1403 1934 1483">
    <p class='ocr_par' dir='ltr' id='par_1_16' title="bbox 355 1403 1934 1483">
     <span class='ocr_line' id='line_1_16' title="bbox 355 1403 1934 1483; baseline 0.01 -27"><span class='ocrx_word' id='word_1_91' title='bbox 355 1403 436 1457; x_wconf 90' lang='lat' dir='ltr'><strong>ttti</strong></span> <span class='ocrx_word' id='word_1_92' title='bbox 460 1407 858 1476; x_wconf 90' lang='lat' dir='ltr'><strong>contemplanti</strong></span> <span class='ocrx_word' id='word_1_93' title='bbox 890 1407 1064 1463; x_wconf 90' lang='lat' dir='ltr'><strong>lutum</strong></span> <span class='ocrx_word' id='word_1_94' title='bbox 1089 1412 1311 1477; x_wconf 87' lang='lat' dir='ltr'><strong>obstat;</strong></span> <span class='ocrx_word' id='word_1_95' title='bbox 1340 1413 1435 1468; x_wconf 89' lang='lat' dir='ltr'><strong>sed</strong></span> <span class='ocrx_word' id='word_1_96' title='bbox 1488 1415 1680 1483; x_wconf 87' lang='lat' dir='ltr'><strong>purius</strong></span> <span class='ocrx_word' id='word_1_97' title='bbox 1705 1416 1934 1471; x_wconf 85' lang='lat' dir='ltr'><strong>immor-</strong></span> 
     </span>
    </p>
   </div>
   <div class='ocr_carea' id='block_1_17' title="bbox 354 1496 1931 1577">
    <p class='ocr_par' dir='ltr' id='par_1_17' title="bbox 354 1496 1931 1577">
     <span class='ocr_line' id='line_1_17' title="bbox 354 1496 1931 1577; baseline 0.01 -28"><span class='ocrx_word' id='word_1_98' title='bbox 354 1496 567 1551; x_wconf 89' lang='lat' dir='ltr'><strong>talitate</strong></span> <span class='ocrx_word' id='word_1_99' title='bbox 600 1512 695 1565; x_wconf 87' lang='lat' dir='ltr'><strong>per</strong></span> <span class='ocrx_word' id='word_1_100' title='bbox 726 1501 1194 1557; x_wconf 86' lang='lat' dir='ltr'><strong>resurrectionem</strong></span> <span class='ocrx_word' id='word_1_101' title='bbox 1252 1504 1470 1562; x_wconf 85' lang='lat' dir='ltr'><strong>donatis</strong></span> <span class='ocrx_word' id='word_1_102' title='bbox 1502 1508 1743 1577; x_wconf 83' lang='lat' dir='ltr'><strong>patefict.</strong></span> <span class='ocrx_word' id='word_1_103' title='bbox 1779 1507 1931 1575; x_wconf 85' lang='lat' dir='ltr'><strong>Qua-</strong></span> 
     </span>
    </p>
   </div>
   <div class='ocr_carea' id='block_1_18' title="bbox 354 1595 1929 1663">
    <p class='ocr_par' dir='ltr' id='par_1_18' title="bbox 354 1595 1929 1663">
     <span class='ocr_line' id='line_1_18' title="bbox 354 1595 1929 1663; baseline 0.011 -23"><span class='ocrx_word' id='word_1_104' title='bbox 354 1598 576 1659; x_wconf 89' lang='lat' dir='ltr'><strong>propter</strong></span> <span class='ocrx_word' id='word_1_105' title='bbox 605 1604 852 1646; x_wconf 90' lang='lat' dir='ltr'><strong>amorem</strong></span> <span class='ocrx_word' id='word_1_106' title='bbox 886 1595 1085 1649; x_wconf 88' lang='lat' dir='ltr'><strong>mereri</strong></span> <span class='ocrx_word' id='word_1_107' title='bbox 1140 1595 1288 1663; x_wconf 92' lang='lat' dir='ltr'><strong>dico,</strong></span> <span class='ocrx_word' id='word_1_108' title='bbox 1344 1613 1454 1652; x_wconf 90' lang='lat' dir='ltr'><strong>non</strong></span> <span class='ocrx_word' id='word_1_109' title='bbox 1512 1600 1676 1654; x_wconf 89' lang='lat' dir='ltr'><strong>modo</strong></span> <span class='ocrx_word' id='word_1_110' title='bbox 1724 1603 1929 1657; x_wconf 89' lang='lat' dir='ltr'><strong>bonum</strong></span> 
     </span>
    </p>
   </div>
   <div class='ocr_carea' id='block_1_19' title="bbox 2039 493 3629 570">
    <p class='ocr_par' dir='ltr' id='par_1_19' title="bbox 2039 493 3629 570">
     <span class='ocr_line' id='line_1_19' title="bbox 2039 493 3629 570; baseline 0.007 -26"><span class='ocrx_word' id='word_1_111' title='bbox 2039 510 2154 546; x_wconf 83' lang='grc' dir='ltr'>τιον</span> <span class='ocrx_word' id='word_1_112' title='bbox 2185 493 2470 565; x_wconf 79' lang='grc' dir='ltr'>θαυμαστή</span> <span class='ocrx_word' id='word_1_113' title='bbox 2504 511 2589 558; x_wconf 85' lang='grc' dir='ltr'><strong>τις</strong></span> <span class='ocrx_word' id='word_1_114' title='bbox 2614 494 2855 565; x_wconf 80' lang='grc' dir='ltr'><strong>ἁρμονία</strong></span> <span class='ocrx_word' id='word_1_115' title='bbox 2882 494 2991 551; x_wconf 88' lang='grc' dir='ltr'><strong>τῶν</strong></span> <span class='ocrx_word' id='word_1_116' title='bbox 3018 497 3280 552; x_wconf 79' lang='grc' dir='ltr'>αἰτιατῶν</span> <span class='ocrx_word' id='word_1_117' title='bbox 3316 501 3504 554; x_wconf 66' lang='grc' dir='ltr'>τεκαὶ</span> <span class='ocrx_word' id='word_1_118' title='bbox 3524 515 3629 570; x_wconf 78' lang='grc' dir='ltr'>γε-“</span> 
     </span>
    </p>
   </div>
   <div class='ocr_carea' id='block_1_20' title="bbox 2037 581 3616 662">
    <p class='ocr_par' dir='ltr' id='par_1_20' title="bbox 2037 581 3616 662">
     <span class='ocr_line' id='line_1_20' title="bbox 2037 581 3616 662; baseline 0.006 -26"><span class='ocrx_word' id='word_1_119' title='bbox 2037 581 2277 652; x_wconf 84' lang='grc' dir='ltr'>γονότων</span> <span class='ocrx_word' id='word_1_120' title='bbox 2324 584 2463 648; x_wconf 69' lang='grc' dir='ltr'>πρὸς</span> <span class='ocrx_word' id='word_1_121' title='bbox 2500 584 2591 637; x_wconf 74' lang='grc' dir='ltr'>τὸν</span> <span class='ocrx_word' id='word_1_122' title='bbox 2641 584 2818 639; x_wconf 71' lang='grc' dir='ltr'>αἴτιον</span> <span class='ocrx_word' id='word_1_123' title='bbox 2845 588 2936 640; x_wconf 80' lang='grc' dir='ltr'>καὶ</span> <span class='ocrx_word' id='word_1_124' title='bbox 2978 589 3348 660; x_wconf 82' lang='grc' dir='ltr'><strong>πεποιηκότα,</strong></span> <span class='ocrx_word' id='word_1_125' title='bbox 3372 590 3616 662; x_wconf 79' lang='grc' dir='ltr'>ἄρῤητος</span> 
     </span>
    </p>
   </div>
   <div class='ocr_carea' id='block_1_21' title="bbox 2041 673 3615 754">
    <p class='ocr_par' dir='ltr' id='par_1_21' title="bbox 2041 673 3615 754">
     <span class='ocr_line' id='line_1_21' title="bbox 2041 673 3615 754; baseline 0.006 -27"><span class='ocrx_word' id='word_1_126' title='bbox 2041 673 2144 745; x_wconf 81' lang='grc' dir='ltr'>μὲν</span> <span class='ocrx_word' id='word_1_127' title='bbox 2167 673 2245 745; x_wconf 83' lang='grc' dir='ltr'>τῷ</span> <span class='ocrx_word' id='word_1_128' title='bbox 2266 677 2454 746; x_wconf 88' lang='grc' dir='ltr'>τρόπῳ</span> <span class='ocrx_word' id='word_1_129' title='bbox 2476 676 2578 741; x_wconf 83' lang='grc' dir='ltr'>τῆς</span> <span class='ocrx_word' id='word_1_130' title='bbox 2607 678 2895 743; x_wconf 74' lang='grc' dir='ltr'>κρίνωνίας</span> <span class='ocrx_word' id='word_1_131' title='bbox 2919 678 3014 731; x_wconf 73' lang='grc' dir='ltr'>καὶ</span> <span class='ocrx_word' id='word_1_132' title='bbox 3039 681 3105 750; x_wconf 79' lang='grc' dir='ltr'>τῇ</span> <span class='ocrx_word' id='word_1_133' title='bbox 3127 682 3226 750; x_wconf 82' lang='grc' dir='ltr'>τῆς</span> <span class='ocrx_word' id='word_1_134' title='bbox 3253 681 3615 754; x_wconf 82' lang='grc' dir='ltr'><strong>ἀγαθωσύνης</strong></span> 
     </span>
    </p>
   </div>
   <div class='ocr_carea' id='block_1_22' title="bbox 2039 766 3616 842">
    <p class='ocr_par' dir='ltr' id='par_1_22' title="bbox 2039 766 3616 842">
     <span class='ocr_line' id='line_1_22' title="bbox 2039 766 3616 842; baseline 0.004 -22"><span class='ocrx_word' id='word_1_135' title='bbox 2039 766 2283 837; x_wconf 82' lang='grc' dir='ltr'>ὲκχύσει,</span> <span class='ocrx_word' id='word_1_136' title='bbox 2303 768 2578 840; x_wconf 75' lang='grc' dir='ltr'>ἄρρηκτος</span> <span class='ocrx_word' id='word_1_137' title='bbox 2597 769 2652 824; x_wconf 77' lang='grc' dir='ltr'>δὲ</span> <span class='ocrx_word' id='word_1_138' title='bbox 2679 769 2768 824; x_wconf 76' lang='grc' dir='ltr'><strong>διὰ</strong></span> <span class='ocrx_word' id='word_1_139' title='bbox 2786 770 2881 824; x_wconf 76' lang='grc' dir='ltr'><strong>τὸν</strong></span> <span class='ocrx_word' id='word_1_140' title='bbox 2906 771 3271 842; x_wconf 79' lang='grc' dir='ltr'><strong>συνδήσαντα,</strong></span> <span class='ocrx_word' id='word_1_141' title='bbox 3292 774 3463 827; x_wconf 78' lang='grc' dir='ltr'>καὶτὸ</span> <span class='ocrx_word' id='word_1_142' title='bbox 3480 775 3616 828; x_wconf 81' lang='grc' dir='ltr'>πολὺ</span> 
     </span>
    </p>
   </div>
   <div class='ocr_carea' id='block_1_23' title="bbox 2036 854 3616 935">
    <p class='ocr_par' dir='ltr' id='par_1_23' title="bbox 2036 854 3616 935">
     <span class='ocr_line' id='line_1_23' title="bbox 2036 854 3616 935; baseline 0.005 -26"><span class='ocrx_word' id='word_1_143' title='bbox 2036 854 2140 921; x_wconf 73' lang='grc' dir='ltr'>τῆς</span> <span class='ocrx_word' id='word_1_144' title='bbox 2174 859 2424 923; x_wconf 83' lang='grc' dir='ltr'>ὲνώσεως</span> <span class='ocrx_word' id='word_1_145' title='bbox 2450 876 2463 891; x_wconf 88' lang='grc'><strong>·</strong></span> <span class='ocrx_word' id='word_1_146' title='bbox 2491 859 2672 930; x_wconf 78' lang='grc' dir='ltr'>ὀλίγον</span> <span class='ocrx_word' id='word_1_147' title='bbox 2706 860 2835 931; x_wconf 80' lang='grc' dir='ltr'>ἄρτι</span> <span class='ocrx_word' id='word_1_148' title='bbox 2865 861 3273 935; x_wconf 70' lang='grc' dir='ltr'>γινωσκομένη,</span> <span class='ocrx_word' id='word_1_149' title='bbox 3311 862 3407 918; x_wconf 85' lang='grc' dir='ltr'><strong>τοῦ</strong></span> <span class='ocrx_word' id='word_1_150' title='bbox 3443 862 3616 933; x_wconf 88' lang='grc' dir='ltr'><strong>πηλοῦ</strong></span> 
     </span>
    </p>
   </div>
   <div class='ocr_carea' id='block_1_24' title="bbox 2036 949 3608 1023">
    <p class='ocr_par' dir='ltr' id='par_1_24' title="bbox 2036 949 3608 1023">
     <span class='ocr_line' id='line_1_24' title="bbox 2036 949 3608 1023; baseline 0.003 -22"><span class='ocrx_word' id='word_1_151' title='bbox 2036 950 2472 1020; x_wconf 83' lang='grc' dir='ltr'>προσισταμένου</span> <span class='ocrx_word' id='word_1_152' title='bbox 2490 950 2564 1020; x_wconf 80' lang='grc' dir='ltr'>τῷ</span> <span class='ocrx_word' id='word_1_153' title='bbox 2584 949 2878 1021; x_wconf 78' lang='grc' dir='ltr'><strong>θεωροῦντι</strong></span> <span class='ocrx_word' id='word_1_154' title='bbox 2909 951 3215 1022; x_wconf 87' lang='grc' dir='ltr'>πνεύματι·</span> <span class='ocrx_word' id='word_1_155' title='bbox 3253 952 3608 1023; x_wconf 79' lang='grc' dir='ltr'>φανησομένη</span> 
     </span>
    </p>
   </div>
   <div class='ocr_carea' id='block_1_25' title="bbox 2037 1038 3621 1113">
    <p class='ocr_par' dir='ltr' id='par_1_25' title="bbox 2037 1038 3621 1113">
     <span class='ocr_line' id='line_1_25' title="bbox 2037 1038 3621 1113; baseline 0.003 -21"><span class='ocrx_word' id='word_1_156' title='bbox 2037 1038 2096 1092; x_wconf 76' lang='grc' dir='ltr'>δὲ</span> <span class='ocrx_word' id='word_1_157' title='bbox 2157 1039 2547 1113; x_wconf 77' lang='grc' dir='ltr'>καθαρώτερον</span> <span class='ocrx_word' id='word_1_158' title='bbox 2585 1040 3074 1096; x_wconf 81' lang='grc' dir='ltr'>ἀπαθανατισθεῖσι</span> <span class='ocrx_word' id='word_1_159' title='bbox 3123 1042 3213 1096; x_wconf 87' lang='grc' dir='ltr'><strong>διά</strong></span> <span class='ocrx_word' id='word_1_160' title='bbox 3256 1042 3356 1112; x_wconf 87' lang='grc' dir='ltr'>τῆς</span> <span class='ocrx_word' id='word_1_161' title='bbox 3385 1044 3621 1098; x_wconf 84' lang='grc' dir='ltr'>ἀναστά·</span> 
     </span>
    </p>
   </div>
   <div class='ocr_carea' id='block_1_26' title="bbox 2045 1126 3621 1205">
    <p class='ocr_par' dir='ltr' id='par_1_26' title="bbox 2045 1126 3621 1205">
     <span class='ocr_line' id='line_1_26' title="bbox 2045 1126 3621 1205; baseline 0.004 -23"><span class='ocrx_word' id='word_1_162' title='bbox 2045 1145 2207 1193; x_wconf 86' lang='grc' dir='ltr'>σεως.</span> <span class='ocrx_word' id='word_1_163' title='bbox 2227 1129 2458 1200; x_wconf 81' lang='grc' dir='ltr'>Φιλητδν</span> <span class='ocrx_word' id='word_1_164' title='bbox 2474 1130 2602 1200; x_wconf 92' lang='grc' dir='ltr'>γοῦν</span> <span class='ocrx_word' id='word_1_165' title='bbox 2624 1126 2764 1184; x_wconf 76' lang='grc' dir='ltr'>εἷναί</span> <span class='ocrx_word' id='word_1_166' title='bbox 2788 1148 2930 1202; x_wconf 90' lang='grc' dir='ltr'>φημι</span> <span class='ocrx_word' id='word_1_167' title='bbox 2955 1131 3017 1185; x_wconf 78' lang='grc' dir='ltr'>οὐ</span> <span class='ocrx_word' id='word_1_168' title='bbox 3043 1132 3205 1203; x_wconf 86' lang='grc' dir='ltr'>μόνον</span> <span class='ocrx_word' id='word_1_169' title='bbox 3225 1148 3298 1205; x_wconf 85' lang='grc' dir='ltr'><strong>γε</strong></span> <span class='ocrx_word' id='word_1_170' title='bbox 3314 1130 3374 1186; x_wconf 82' lang='grc' dir='ltr'><strong>τδ</strong></span> <span class='ocrx_word' id='word_1_171' title='bbox 3392 1133 3621 1202; x_wconf 76' lang='grc' dir='ltr'>ἄπειρον</span> 
     </span>
    </p>
   </div>
   <div class='ocr_carea' id='block_1_27' title="bbox 2034 1221 3618 1295">
    <p class='ocr_par' dir='ltr' id='par_1_27' title="bbox 2034 1221 3618 1295">
     <span class='ocr_line' id='line_1_27' title="bbox 2034 1221 3618 1295; baseline 0.003 -20"><span class='ocrx_word' id='word_1_172' title='bbox 2034 1221 2261 1289; x_wconf 70' lang='grc' dir='ltr'>ἀγαθῦν,</span> <span class='ocrx_word' id='word_1_173' title='bbox 2278 1222 2371 1277; x_wconf 73' lang='grc' dir='ltr'>καὶ</span> <span class='ocrx_word' id='word_1_174' title='bbox 2386 1222 2484 1294; x_wconf 80' lang='grc' dir='ltr'>τὴν</span> <span class='ocrx_word' id='word_1_175' title='bbox 2506 1222 2792 1295; x_wconf 83' lang='grc' dir='ltr'>ἀστραπὴν</span> <span class='ocrx_word' id='word_1_176' title='bbox 2812 1223 2902 1277; x_wconf 87' lang='grc' dir='ltr'><strong>τοῦ</strong></span> <span class='ocrx_word' id='word_1_177' title='bbox 2924 1223 3179 1291; x_wconf 79' lang='grc' dir='ltr'><strong>κάλλους,</strong></span> <span class='ocrx_word' id='word_1_178' title='bbox 3199 1224 3295 1278; x_wconf 83' lang='grc' dir='ltr'>καὶ</span> <span class='ocrx_word' id='word_1_179' title='bbox 3319 1226 3420 1294; x_wconf 78' lang='grc' dir='ltr'>τῆς</span> <span class='ocrx_word' id='word_1_180' title='bbox 3445 1223 3618 1295; x_wconf 80' lang='grc' dir='ltr'>ὥρας,</span> 
     </span>
    </p>
   </div>
   <div class='ocr_carea' id='block_1_28' title="bbox 2036 1315 3624 1387">
    <p class='ocr_par' dir='ltr' id='par_1_28' title="bbox 2036 1315 3624 1387">
     <span class='ocr_line' id='line_1_28' title="bbox 2036 1315 3624 1387; baseline 0.001 -19"><span class='ocrx_word' id='word_1_181' title='bbox 2036 1315 2130 1368; x_wconf 71' lang='grc' dir='ltr'>καὶ</span> <span class='ocrx_word' id='word_1_182' title='bbox 2153 1315 2251 1384; x_wconf 83' lang='grc' dir='ltr'>τῆς</span> <span class='ocrx_word' id='word_1_183' title='bbox 2277 1316 2522 1385; x_wconf 83' lang='grc' dir='ltr'>χάριτος,</span> <span class='ocrx_word' id='word_1_184' title='bbox 2554 1316 2678 1387; x_wconf 68' lang='grc' dir='ltr'>ητις</span> <span class='ocrx_word' id='word_1_185' title='bbox 2711 1316 2905 1386; x_wconf 69' lang='grc' dir='ltr'>ἐκείνῳ</span> <span class='ocrx_word' id='word_1_186' title='bbox 2940 1316 3320 1386; x_wconf 81' lang='grc' dir='ltr'>ξυμπέφυκεν,</span> <span class='ocrx_word' id='word_1_187' title='bbox 3360 1315 3495 1370; x_wconf 84' lang='grc' dir='ltr'><strong>ἀλλά</strong></span> <span class='ocrx_word' id='word_1_188' title='bbox 3525 1317 3624 1370; x_wconf 70' lang='grc' dir='ltr'>καὶ</span> 
     </span>
    </p>
   </div>
   <div class='ocr_carea' id='block_1_29' title="bbox 2036 1398 3623 1477">
    <p class='ocr_par' dir='ltr' id='par_1_29' title="bbox 2036 1398 3623 1477">
     <span class='ocr_line' id='line_1_29' title="bbox 2036 1398 3623 1477; baseline 0.003 -20"><span class='ocrx_word' id='word_1_189' title='bbox 2036 1406 2167 1472; x_wconf 73' lang='grc' dir='ltr'>πᾶν,</span> <span class='ocrx_word' id='word_1_190' title='bbox 2198 1398 2243 1474; x_wconf 81' lang='grc' dir='ltr'>ᾧ</span> <span class='ocrx_word' id='word_1_191' title='bbox 2276 1406 2497 1475; x_wconf 75' lang='grc' dir='ltr'>μέτεστι</span> <span class='ocrx_word' id='word_1_192' title='bbox 2530 1405 2698 1460; x_wconf 89' lang='grc' dir='ltr'>καλοῦ</span> <span class='ocrx_word' id='word_1_193' title='bbox 2735 1423 2795 1459; x_wconf 86' lang='grc' dir='ltr'><strong>τε</strong></span> <span class='ocrx_word' id='word_1_194' title='bbox 2851 1407 2946 1460; x_wconf 74' lang='grc' dir='ltr'><strong>καὶ</strong></span> <span class='ocrx_word' id='word_1_195' title='bbox 2987 1405 3227 1477; x_wconf 80' lang='grc' dir='ltr'><strong>ἀγαθοῦ,</strong></span> <span class='ocrx_word' id='word_1_196' title='bbox 3261 1407 3329 1461; x_wconf 85' lang='grc' dir='ltr'>δι’</span> <span class='ocrx_word' id='word_1_197' title='bbox 3374 1407 3506 1461; x_wconf 79' lang='grc' dir='ltr'>αὐτὸ</span> <span class='ocrx_word' id='word_1_198' title='bbox 3562 1406 3623 1461; x_wconf 79' lang='grc' dir='ltr'><strong>τὸ</strong></span> 
     </span>
    </p>
   </div>
   <div class='ocr_carea' id='block_1_30' title="bbox 2033 1496 3623 1570">
    <p class='ocr_par' dir='ltr' id='par_1_30' title="bbox 2033 1496 3623 1570">
     <span class='ocr_line' id='line_1_30' title="bbox 2033 1496 3623 1570; baseline 0.002 -20"><span class='ocrx_word' id='word_1_199' title='bbox 2033 1496 2382 1569; x_wconf 85' lang='grc' dir='ltr'>ύπεράγαθον</span> <span class='ocrx_word' id='word_1_200' title='bbox 2411 1498 2506 1550; x_wconf 71' lang='grc' dir='ltr'><strong>καὶ</strong></span> <span class='ocrx_word' id='word_1_201' title='bbox 2545 1497 2874 1569; x_wconf 72' lang='grc' dir='ltr'>ὑπέρκαλον,</span> <span class='ocrx_word' id='word_1_202' title='bbox 2913 1498 3007 1552; x_wconf 75' lang='grc' dir='ltr'><strong>καὶ</strong></span> <span class='ocrx_word' id='word_1_203' title='bbox 3058 1499 3121 1552; x_wconf 75' lang='grc' dir='ltr'>τὸ</span> <span class='ocrx_word' id='word_1_204' title='bbox 3167 1500 3305 1570; x_wconf 78' lang='grc' dir='ltr'>πρὸς</span> <span class='ocrx_word' id='word_1_205' title='bbox 3356 1498 3487 1552; x_wconf 74' lang='grc' dir='ltr'>αὐτὸ</span> <span class='ocrx_word' id='word_1_206' title='bbox 3523 1498 3623 1568; x_wconf 81' lang='grc' dir='ltr'>τῆς</span> 
     </span>
    </p>
   </div>
   <div class='ocr_carea' id='block_1_31' title="bbox 2038 1588 3625 1662">
    <p class='ocr_par' dir='ltr' id='par_1_31' title="bbox 2038 1588 3625 1662">
     <span class='ocr_line' id='line_1_31' title="bbox 2038 1588 3625 1662; baseline 0.001 -22"><span class='ocrx_word' id='word_1_207' title='bbox 2038 1588 2256 1657; x_wconf 86' lang='grc' dir='ltr'>φύσεως</span> <span class='ocrx_word' id='word_1_208' title='bbox 2296 1589 2452 1659; x_wconf 78' lang='grc' dir='ltr'>ἡμῶν</span> <span class='ocrx_word' id='word_1_209' title='bbox 2489 1590 2774 1657; x_wconf 79' lang='grc' dir='ltr'>συγγενές.</span> <span class='ocrx_word' id='word_1_210' title='bbox 2810 1589 2909 1643; x_wconf 86' lang='grc' dir='ltr'>Διά</span> <span class='ocrx_word' id='word_1_211' title='bbox 2938 1589 3046 1662; x_wconf 80' lang='grc' dir='ltr'>γὰρ</span> <span class='ocrx_word' id='word_1_212' title='bbox 3077 1589 3175 1660; x_wconf 82' lang='grc' dir='ltr'>τὴν</span> <span class='ocrx_word' id='word_1_213' title='bbox 3202 1590 3391 1661; x_wconf 79' lang='grc' dir='ltr'>κοινὴν</span> <span class='ocrx_word' id='word_1_214' title='bbox 3422 1589 3625 1659; x_wconf 73' lang='grc' dir='ltr'><strong>(Ξιναφο⁸</strong></span> 
     </span>
    </p>
   </div>
   <div class='ocr_carea' id='block_1_32' title="bbox 355 1679 1951 1775">
    <p class='ocr_par' dir='ltr' id='par_1_32' title="bbox 355 1681 1935 1759">
     <span class='ocr_line' id='line_1_32' title="bbox 355 1681 1935 1759; baseline 0.009 -24"><span class='ocrx_word' id='word_1_215' title='bbox 355 1681 488 1735; x_wconf 86' lang='lat' dir='ltr'><strong>illud</strong></span> <span class='ocrx_word' id='word_1_216' title='bbox 512 1681 793 1736; x_wconf 86' lang='lat' dir='ltr'><strong>infinitum</strong></span> <span class='ocrx_word' id='word_1_217' title='bbox 847 1691 904 1738; x_wconf 92' lang='lat' dir='ltr'><strong>et</strong></span> <span class='ocrx_word' id='word_1_218' title='bbox 939 1683 1127 1755; x_wconf 79' lang='lat' dir='ltr'><strong>fulgur</strong></span> <span class='ocrx_word' id='word_1_219' title='bbox 1177 1688 1313 1743; x_wconf 86' lang='lat' dir='ltr'><strong>illud</strong></span> <span class='ocrx_word' id='word_1_220' title='bbox 1346 1688 1791 1759; x_wconf 78' lang='lat' dir='ltr'><strong>pulchritudinis,</strong></span> <span class='ocrx_word' id='word_1_221' title='bbox 1823 1695 1935 1749; x_wconf 74' lang='lat' dir='ltr'><strong>ele-</strong></span> 
     </span>
    </p>
   </div>
   <div class='ocr_carea' id='block_1_33' title="bbox 2057 1679 3624 1775">
    <p class='ocr_par' dir='ltr' id='par_1_33' title="bbox 2057 1679 3624 1751">
     <span class='ocr_line' id='line_1_33' title="bbox 2057 1679 3624 1751; baseline -0.001 -17"><span class='ocrx_word' id='word_1_222' title='bbox 2057 1681 2145 1746; x_wconf 66' lang='grc' dir='ltr'><strong>οάν</strong></span> <span class='ocrx_word' id='word_1_223' title='bbox 2189 1697 2249 1733; x_wconf 85' lang='grc' dir='ltr'><strong>τε</strong></span> <span class='ocrx_word' id='word_1_224' title='bbox 2289 1681 2385 1733; x_wconf 72' lang='grc' dir='ltr'>καὶ</span> <span class='ocrx_word' id='word_1_225' title='bbox 2433 1680 2638 1750; x_wconf 79' lang='grc' dir='ltr'>σχέσιν,</span> <span class='ocrx_word' id='word_1_226' title='bbox 2667 1681 2745 1744; x_wconf 88' lang='grc' dir='ltr'>ὡς</span> <span class='ocrx_word' id='word_1_227' title='bbox 2792 1680 2856 1735; x_wconf 81' lang='grc' dir='ltr'>ἄν</span> <span class='ocrx_word' id='word_1_228' title='bbox 2893 1698 2979 1743; x_wconf 89' lang='grc' dir='ltr'><strong>τις</strong></span> <span class='ocrx_word' id='word_1_229' title='bbox 3029 1680 3197 1747; x_wconf 74' lang='grc' dir='ltr'>εἴποι,</span> <span class='ocrx_word' id='word_1_230' title='bbox 3229 1680 3329 1751; x_wconf 82' lang='grc' dir='ltr'>τὴν</span> <span class='ocrx_word' id='word_1_231' title='bbox 3382 1679 3520 1750; x_wconf 84' lang='grc' dir='ltr'>πρὸς</span> <span class='ocrx_word' id='word_1_232' title='bbox 3563 1679 3624 1733; x_wconf 81' lang='grc' dir='ltr'>τὸ</span> 
     </span>
    </p>
   </div>
   <div class='ocr_carea' id='block_1_34' title="bbox 352 1772 1938 1851">
    <p class='ocr_par' dir='ltr' id='par_1_34' title="bbox 352 1772 1938 1851">
     <span class='ocr_line' id='line_1_34' title="bbox 352 1772 1938 1851; baseline 0.01 -25"><span class='ocrx_word' id='word_1_233' title='bbox 352 1772 573 1841; x_wconf 71' lang='lat' dir='ltr'><strong>gantiae,</strong></span> <span class='ocrx_word' id='word_1_234' title='bbox 605 1778 818 1841; x_wconf 58' lang='lat' dir='ltr'><strong>gratia,</strong></span> <span class='ocrx_word' id='word_1_235' title='bbox 839 1776 989 1845; x_wconf 89' lang='lat' dir='ltr'><strong>quod</strong></span> <span class='ocrx_word' id='word_1_236' title='bbox 1019 1777 1123 1848; x_wconf 91' lang='lat' dir='ltr'><strong>ipsi</strong></span> <span class='ocrx_word' id='word_1_237' title='bbox 1145 1790 1342 1835; x_wconf 89' lang='lat' dir='ltr'><strong>natura</strong></span> <span class='ocrx_word' id='word_1_238' title='bbox 1366 1781 1533 1851; x_wconf 88' lang='lat' dir='ltr'><strong>inest,</strong></span> <span class='ocrx_word' id='word_1_239' title='bbox 1558 1800 1749 1840; x_wconf 89' lang='lat' dir='ltr'><strong>verum</strong></span> <span class='ocrx_word' id='word_1_240' title='bbox 1770 1789 1938 1842; x_wconf 87' lang='lat' dir='ltr'><strong>etiam</strong></span> 
     </span>
    </p>
   </div>
   <div class='ocr_carea' id='block_1_35' title="bbox 359 1864 1940 1947">
    <p class='ocr_par' dir='ltr' id='par_1_35' title="bbox 359 1864 1940 1947">
     <span class='ocr_line' id='line_1_35' title="bbox 359 1864 1940 1947; baseline 0.01 -31"><span class='ocrx_word' id='word_1_241' title='bbox 359 1864 626 1934; x_wconf 86' lang='lat' dir='ltr'><strong>quidquid</strong></span> <span class='ocrx_word' id='word_1_242' title='bbox 660 1866 1087 1935; x_wconf 85' lang='lat' dir='ltr'><strong>pulchritudinis</strong></span> <span class='ocrx_word' id='word_1_243' title='bbox 1120 1881 1204 1926; x_wconf 88' lang='lat' dir='ltr'><strong>est</strong></span> <span class='ocrx_word' id='word_1_244' title='bbox 1237 1886 1300 1926; x_wconf 86' lang='lat' dir='ltr'><strong>ac</strong></span> <span class='ocrx_word' id='word_1_245' title='bbox 1326 1872 1455 1928; x_wconf 88' lang='lat' dir='ltr'><strong>boni</strong></span> <span class='ocrx_word' id='word_1_246' title='bbox 1488 1876 1785 1946; x_wconf 84' lang='lat' dir='ltr'><strong>particeps,</strong></span> <span class='ocrx_word' id='word_1_247' title='bbox 1814 1892 1940 1947; x_wconf 90' lang='lat' dir='ltr'><strong>pro-</strong></span> 
     </span>
    </p>
   </div>
   <div class='ocr_carea' id='block_1_36' title="bbox 357 1960 1943 2040">
    <p class='ocr_par' dir='ltr' id='par_1_36' title="bbox 357 1960 1943 2040">
     <span class='ocr_line' id='line_1_36' title="bbox 357 1960 1943 2040; baseline 0.012 -33"><span class='ocrx_word' id='word_1_248' title='bbox 357 1965 476 2023; x_wconf 85' lang='lat' dir='ltr'><strong>pter</strong></span> <span class='ocrx_word' id='word_1_249' title='bbox 502 1965 829 2027; x_wconf 83' lang='lat' dir='ltr'><strong>supretnum’</strong></span> <span class='ocrx_word' id='word_1_250' title='bbox 873 1960 1007 2016; x_wconf 86' lang='lat' dir='ltr'><strong>illud</strong></span> <span class='ocrx_word' id='word_1_251' title='bbox 1041 1962 1272 2031; x_wconf 85' lang='lat' dir='ltr'><strong>bonum,</strong></span> <span class='ocrx_word' id='word_1_252' title='bbox 1335 1982 1765 2040; x_wconf 90' lang='lat' dir='ltr'><strong>supremamque</strong></span> <span class='ocrx_word' id='word_1_253' title='bbox 1821 1972 1943 2040; x_wconf 83' lang='lat' dir='ltr'><strong>pul-</strong></span> 
     </span>
    </p>
   </div>
   <div class='ocr_carea' id='block_1_37' title="bbox 355 2046 1943 2128">
    <p class='ocr_par' dir='ltr' id='par_1_37' title="bbox 355 2046 1943 2128">
     <span class='ocr_line' id='line_1_37' title="bbox 355 2046 1943 2128; baseline 0.013 -29"><span class='ocrx_word' id='word_1_254' title='bbox 355 2046 744 2125; x_wconf 79' lang='lat' dir='ltr'><strong>chritudinem,</strong></span> <span class='ocrx_word' id='word_1_255' title='bbox 766 2066 831 2106; x_wconf 89' lang='lat' dir='ltr'><strong>ac</strong></span> <span class='ocrx_word' id='word_1_256' title='bbox 848 2061 1048 2109; x_wconf 76' lang='lat' dir='ltr'><strong>nostrae</strong></span> <span class='ocrx_word' id='word_1_257' title='bbox 1066 2070 1192 2111; x_wconf 90' lang='lat' dir='ltr'><strong>cum</strong></span> <span class='ocrx_word' id='word_1_258' title='bbox 1212 2071 1276 2111; x_wconf 90' lang='lat' dir='ltr'><strong>ea</strong></span> <span class='ocrx_word' id='word_1_259' title='bbox 1313 2071 1523 2114; x_wconf 88' lang='lat' dir='ltr'><strong>naturae</strong></span> <span class='ocrx_word' id='word_1_260' title='bbox 1542 2064 1943 2128; x_wconf 80' lang='lat' dir='ltr'><strong>cognationem.</strong></span> 
     </span>
    </p>
   </div>
   <div class='ocr_carea' id='block_1_38' title="bbox 356 2138 1943 2223">
    <p class='ocr_par' dir='ltr' id='par_1_38' title="bbox 356 2138 1943 2223">
     <span class='ocr_line' id='line_1_38' title="bbox 356 2138 1943 2223; baseline 0.01 -30"><span class='ocrx_word' id='word_1_261' title='bbox 356 2138 492 2197; x_wconf 85' lang='lat' dir='ltr'><strong>Nam</strong></span> <span class='ocrx_word' id='word_1_262' title='bbox 526 2154 750 2212; x_wconf 84' lang='lat' dir='ltr'><strong>propter</strong></span> <span class='ocrx_word' id='word_1_263' title='bbox 772 2160 1123 2202; x_wconf 89' lang='lat' dir='ltr'><strong>communem</strong></span> <span class='ocrx_word' id='word_1_264' title='bbox 1149 2148 1471 2207; x_wconf 89' lang='lat' dir='ltr'><strong>relationem</strong></span> <span class='ocrx_word' id='word_1_265' title='bbox 1495 2162 1550 2209; x_wconf 87' lang='lat' dir='ltr'><strong>et</strong></span> <span class='ocrx_word' id='word_1_266' title='bbox 1577 2153 1943 2223; x_wconf 77' lang='lat' dir='ltr'><strong>affectionem,</strong></span> 
     </span>
    </p>
   </div>
   <div class='ocr_carea' id='block_1_39' title="bbox 360 2233 1943 2316">
    <p class='ocr_par' dir='ltr' id='par_1_39' title="bbox 360 2233 1943 2316">
     <span class='ocr_line' id='line_1_39' title="bbox 360 2233 1943 2316; baseline 0.011 -31"><span class='ocrx_word' id='word_1_267' title='bbox 360 2242 423 2285; x_wconf 89' lang='lat' dir='ltr'><strong>ut</strong></span> <span class='ocrx_word' id='word_1_268' title='bbox 457 2233 531 2287; x_wconf 88' lang='lat' dir='ltr'><strong>ita</strong></span> <span class='ocrx_word' id='word_1_269' title='bbox 557 2233 760 2301; x_wconf 89' lang='lat' dir='ltr'><strong>dicam,</strong></span> <span class='ocrx_word' id='word_1_270' title='bbox 796 2237 864 2291; x_wconf 86' lang='lat' dir='ltr'><strong>ad</strong></span> <span class='ocrx_word' id='word_1_271' title='bbox 925 2239 1162 2307; x_wconf 90' lang='lat' dir='ltr'><strong>primum</strong></span> <span class='ocrx_word' id='word_1_272' title='bbox 1190 2241 1344 2309; x_wconf 89' lang='lat' dir='ltr'><strong>illud,</strong></span> <span class='ocrx_word' id='word_1_273' title='bbox 1401 2259 1734 2316; x_wconf 86' lang='lat' dir='ltr'><strong>omnemque</strong></span> <span class='ocrx_word' id='word_1_274' title='bbox 1781 2263 1943 2316; x_wconf 89' lang='lat' dir='ltr'><strong>supra</strong></span> 
     </span>
    </p>
   </div>
   <div class='ocr_carea' id='block_1_40' title="bbox 360 2326 1945 2407">
    <p class='ocr_par' dir='ltr' id='par_1_40' title="bbox 360 2326 1945 2407">
     <span class='ocr_line' id='line_1_40' title="bbox 360 2326 1945 2407; baseline 0.011 -29"><span class='ocrx_word' id='word_1_275' title='bbox 360 2326 752 2393; x_wconf 81' lang='lat' dir='ltr'><strong>perfectionem</strong></span> <span class='ocrx_word' id='word_1_276' title='bbox 789 2330 1029 2396; x_wconf 86' lang='lat' dir='ltr'><strong>positum</strong></span> <span class='ocrx_word' id='word_1_277' title='bbox 1054 2332 1284 2399; x_wconf 88' lang='lat' dir='ltr'><strong>bonum,</strong></span> <span class='ocrx_word' id='word_1_278' title='bbox 1313 2338 1497 2391; x_wconf 84' lang='lat' dir='ltr'><strong>omnia</strong></span> <span class='ocrx_word' id='word_1_279' title='bbox 1541 2348 1597 2394; x_wconf 90' lang='lat' dir='ltr'><strong>et</strong></span> <span class='ocrx_word' id='word_1_280' title='bbox 1619 2338 1761 2393; x_wconf 87' lang='lat' dir='ltr'><strong>bona</strong></span> <span class='ocrx_word' id='word_1_281' title='bbox 1791 2341 1945 2407; x_wconf 88' lang='lat' dir='ltr'><strong>linnt,</strong></span> 
     </span>
    </p>
   </div>
   <div class='ocr_carea' id='block_1_41' title="bbox 361 2421 1947 2496">
    <p class='ocr_par' dir='ltr' id='par_1_41' title="bbox 361 2421 1947 2496">
     <span class='ocr_line' id='line_1_41' title="bbox 361 2421 1947 2496; baseline 0.008 -23"><span class='ocrx_word' id='word_1_282' title='bbox 361 2430 417 2474; x_wconf 88' lang='lat' dir='ltr'><strong>et</strong></span> <span class='ocrx_word' id='word_1_283' title='bbox 436 2421 758 2492; x_wconf 84' lang='lat' dir='ltr'><strong>diliguntur,</strong></span> <span class='ocrx_word' id='word_1_284' title='bbox 782 2431 966 2477; x_wconf 90' lang='lat' dir='ltr'><strong>mutua</strong></span> <span class='ocrx_word' id='word_1_285' title='bbox 984 2423 1222 2492; x_wconf 89' lang='lat' dir='ltr'><strong>quadam</strong></span> <span class='ocrx_word' id='word_1_286' title='bbox 1244 2425 1530 2482; x_wconf 78' lang='lat' dir='ltr'><strong>affectione</strong></span> <span class='ocrx_word' id='word_1_287' title='bbox 1544 2430 1646 2483; x_wconf 84' lang='lat' dir='ltr'><strong>sibi</strong></span> <span class='ocrx_word' id='word_1_288' title='bbox 1670 2429 1947 2496; x_wconf 85' lang='lat' dir='ltr'><strong>devincta,</strong></span> 
     </span>
    </p>
   </div>
   <div class='ocr_carea' id='block_1_42' title="bbox 363 2510 1945 2587">
    <p class='ocr_par' dir='ltr' id='par_1_42' title="bbox 363 2510 1945 2587">
     <span class='ocr_line' id='line_1_42' title="bbox 363 2510 1945 2587; baseline 0.008 -21"><span class='ocrx_word' id='word_1_289' title='bbox 363 2510 498 2578; x_wconf 70' lang='lat' dir='ltr'><strong>Quae</strong></span> <span class='ocrx_word' id='word_1_290' title='bbox 534 2515 679 2568; x_wconf 90' lang='lat' dir='ltr'><strong>enim</strong></span> <span class='ocrx_word' id='word_1_291' title='bbox 705 2515 869 2570; x_wconf 87' lang='lat' dir='ltr'><strong>alicui</strong></span> <span class='ocrx_word' id='word_1_292' title='bbox 904 2515 983 2570; x_wconf 88' lang='lat' dir='ltr'><strong>rei</strong></span> <span class='ocrx_word' id='word_1_293' title='bbox 1012 2515 1251 2586; x_wconf 88' lang='lat' dir='ltr'><strong>simplici</strong></span> <span class='ocrx_word' id='word_1_294' title='bbox 1296 2526 1530 2584; x_wconf 80' lang='lat' dir='ltr'><strong>cognata</strong></span> <span class='ocrx_word' id='word_1_295' title='bbox 1561 2531 1713 2587; x_wconf 91' lang='lat' dir='ltr'><strong>sunt,</strong></span> <span class='ocrx_word' id='word_1_296' title='bbox 1751 2538 1945 2578; x_wconf 87' lang='lat' dir='ltr'><strong>eorum</strong></span> 
     </span>
    </p>
   </div>
   <div class='ocr_carea' id='block_1_43' title="bbox 361 2605 1946 2682">
    <p class='ocr_par' dir='ltr' id='par_1_43' title="bbox 361 2605 1946 2682">
     <span class='ocr_line' id='line_1_43' title="bbox 361 2605 1946 2682; baseline 0.006 -22"><span class='ocrx_word' id='word_1_297' title='bbox 361 2612 417 2660; x_wconf 80' lang='lat' dir='ltr'><strong>et</strong></span> <span class='ocrx_word' id='word_1_298' title='bbox 447 2605 678 2661; x_wconf 82' lang='lat' dir='ltr'><strong>invicem</strong></span> <span class='ocrx_word' id='word_1_299' title='bbox 705 2610 954 2676; x_wconf 63' lang='lat' dir='ltr'><strong>quaedam</strong></span> <span class='ocrx_word' id='word_1_300' title='bbox 973 2616 1058 2663; x_wconf 87' lang='lat' dir='ltr'><strong>est</strong></span> <span class='ocrx_word' id='word_1_301' title='bbox 1076 2609 1353 2677; x_wconf 79' lang='lat' dir='ltr'><strong>cognatio.</strong></span> <span class='ocrx_word' id='word_1_302' title='bbox 1401 2611 1641 2682; x_wconf 83' lang='lat' dir='ltr'><strong>Cognata</strong></span> <span class='ocrx_word' id='word_1_303' title='bbox 1692 2630 1821 2668; x_wconf 87' lang='lat' dir='ltr'><strong>vero</strong></span> <span class='ocrx_word' id='word_1_304' title='bbox 1859 2617 1946 2671; x_wconf 83' lang='lat' dir='ltr'><strong>di-</strong></span> 
     </span>
    </p>
   </div>
   <div class='ocr_carea' id='block_1_44' title="bbox 361 2698 1951 2771">
    <p class='ocr_par' dir='ltr' id='par_1_44' title="bbox 361 2698 1951 2771">
     <span class='ocr_line' id='line_1_44' title="bbox 361 2698 1951 2771; baseline 0.006 -16"><span class='ocrx_word' id='word_1_305' title='bbox 361 2698 481 2769; x_wconf 75' lang='lat' dir='ltr'><strong>ligi,</strong></span> <span class='ocrx_word' id='word_1_306' title='bbox 506 2714 576 2753; x_wconf 90' lang='lat' dir='ltr'><strong>ne</strong></span> <span class='ocrx_word' id='word_1_307' title='bbox 602 2699 782 2753; x_wconf 84' lang='lat' dir='ltr'><strong>verbis</strong></span> <span class='ocrx_word' id='word_1_308' title='bbox 801 2698 1022 2769; x_wconf 88' lang='lat' dir='ltr'><strong>quidem</strong></span> <span class='ocrx_word' id='word_1_309' title='bbox 1052 2714 1191 2769; x_wconf 91' lang='lat' dir='ltr'><strong>opus</strong></span> <span class='ocrx_word' id='word_1_310' title='bbox 1221 2709 1327 2763; x_wconf 86' lang='lat' dir='ltr'><strong>cst,</strong></span> <span class='ocrx_word' id='word_1_311' title='bbox 1353 2710 1411 2754; x_wconf 91' lang='lat' dir='ltr'><strong>ut</strong></span> <span class='ocrx_word' id='word_1_312' title='bbox 1437 2706 1718 2771; x_wconf 83' lang='lat' dir='ltr'><strong>probetur.</strong></span> <span class='ocrx_word' id='word_1_313' title='bbox 1746 2708 1951 2764; x_wconf 85' lang='lat' dir='ltr'><strong>Omnes</strong></span> 
     </span>
    </p>
   </div>
   <div class='ocr_carea' id='block_1_45' title="bbox 365 2793 1949 2864">
    <p class='ocr_par' dir='ltr' id='par_1_45' title="bbox 365 2793 1949 2864">
     <span class='ocr_line' id='line_1_45' title="bbox 365 2793 1949 2864; baseline 0.004 -17"><span class='ocrx_word' id='word_1_314' title='bbox 365 2809 499 2862; x_wconf 82' lang='lat' dir='ltr'><strong>ergo</strong></span> <span class='ocrx_word' id='word_1_315' title='bbox 526 2793 723 2856; x_wconf 86' lang='lat' dir='ltr'><strong>bonos,</strong></span> <span class='ocrx_word' id='word_1_316' title='bbox 747 2802 803 2847; x_wconf 89' lang='lat' dir='ltr'><strong>et</strong></span> <span class='ocrx_word' id='word_1_317' title='bbox 831 2807 861 2846; x_wconf 89' lang='lat' dir='ltr'><strong>a</strong></span> <span class='ocrx_word' id='word_1_318' title='bbox 886 2793 1054 2857; x_wconf 90' lang='lat' dir='ltr'><strong>bono,</strong></span> <span class='ocrx_word' id='word_1_319' title='bbox 1075 2799 1133 2848; x_wconf 85' lang='lat' dir='ltr'><strong>et</strong></span> <span class='ocrx_word' id='word_1_320' title='bbox 1157 2793 1223 2848; x_wconf 90' lang='lat' dir='ltr'><strong>ad</strong></span> <span class='ocrx_word' id='word_1_321' title='bbox 1251 2794 1453 2849; x_wconf 91' lang='lat' dir='ltr'><strong>bonum</strong></span> <span class='ocrx_word' id='word_1_322' title='bbox 1477 2799 1748 2864; x_wconf 89' lang='lat' dir='ltr'><strong>conditos,</strong></span> <span class='ocrx_word' id='word_1_323' title='bbox 1782 2815 1949 2853; x_wconf 87' lang='lat' dir='ltr'><strong>unum</strong></span> 
     </span>
    </p>
   </div>
   <div class='ocr_carea' id='block_1_46' title="bbox 369 2884 1967 2966">
    <p class='ocr_par' dir='ltr' id='par_1_46' title="bbox 369 2884 1967 2966">
     <span class='ocr_line' id='line_1_46' title="bbox 369 2884 1967 2966; baseline 0.007 -30"><span class='ocrx_word' id='word_1_324' title='bbox 369 2884 437 2937; x_wconf 83' lang='lat' dir='ltr'><strong>ad</strong></span> <span class='ocrx_word' id='word_1_325' title='bbox 472 2897 696 2952; x_wconf 84' lang='lat' dir='ltr'><strong>scopum</strong></span> <span class='ocrx_word' id='word_1_326' title='bbox 732 2886 953 2939; x_wconf 88' lang='lat' dir='ltr'><strong>tendere</strong></span> <span class='ocrx_word' id='word_1_327' title='bbox 986 2884 1106 2941; x_wconf 88' lang='lat' dir='ltr'><strong>dico</strong></span> <span class='ocrx_word' id='word_1_328' title='bbox 1129 2885 1151 2957; x_wconf 95' lang='lat'>(</span> <span class='ocrx_word' id='word_1_329' title='bbox 1176 2901 1322 2940; x_wconf 90' lang='lat' dir='ltr'><strong>nunc</strong></span> <span class='ocrx_word' id='word_1_330' title='bbox 1365 2888 1509 2941; x_wconf 87' lang='lat' dir='ltr'><strong>enim</strong></span> <span class='ocrx_word' id='word_1_331' title='bbox 1542 2888 1607 2944; x_wconf 83' lang='lat' dir='ltr'><strong>ad</strong></span> <span class='ocrx_word' id='word_1_332' title='bbox 1638 2889 1967 2966; x_wconf 52' lang='lat' dir='ltr'><strong>institutum.</strong></span> 
     </span>
    </p>
   </div>
   <div class='ocr_carea' id='block_1_47' title="bbox 370 2974 1953 3051">
    <p class='ocr_par' dir='ltr' id='par_1_47' title="bbox 370 2974 1953 3051">
     <span class='ocr_line' id='line_1_47' title="bbox 370 2974 1953 3051; baseline 0.006 -23"><span class='ocrx_word' id='word_1_333' title='bbox 370 2974 681 3041; x_wconf 84' lang='lat' dir='ltr'><strong>revertor),</strong></span> <span class='ocrx_word' id='word_1_334' title='bbox 719 2976 813 3044; x_wconf 89' lang='lat' dir='ltr'><strong>qui</strong></span> <span class='ocrx_word' id='word_1_335' title='bbox 844 2983 949 3039; x_wconf 84' lang='lat' dir='ltr'><strong>est,</strong></span> <span class='ocrx_word' id='word_1_336' title='bbox 984 2990 1171 3032; x_wconf 86' lang='lat' dir='ltr'><strong>amare</strong></span> <span class='ocrx_word' id='word_1_337' title='bbox 1193 2976 1424 3041; x_wconf 85' lang='lat' dir='ltr'><strong>bonum,</strong></span> <span class='ocrx_word' id='word_1_338' title='bbox 1484 2989 1537 3034; x_wconf 83' lang='lat' dir='ltr'><strong>et</strong></span> <span class='ocrx_word' id='word_1_339' title='bbox 1555 2982 1821 3051; x_wconf 74' lang='lat' dir='ltr'><strong>quidquid</strong></span> <span class='ocrx_word' id='word_1_340' title='bbox 1847 2984 1953 3038; x_wconf 85' lang='lat' dir='ltr'><strong>tale</strong></span> 
     </span>
    </p>
   </div>
   <div class='ocr_carea' id='block_1_48' title="bbox 2047 1771 3624 1842">
    <p class='ocr_par' dir='ltr' id='par_1_48' title="bbox 2047 1771 3624 1842">
     <span class='ocr_line' id='line_1_48' title="bbox 2047 1771 3624 1842; baseline 0 -18"><span class='ocrx_word' id='word_1_341' title='bbox 2047 1772 2265 1841; x_wconf 88' lang='grc' dir='ltr'>πρῶτον</span> <span class='ocrx_word' id='word_1_342' title='bbox 2299 1772 2394 1825; x_wconf 73' lang='grc' dir='ltr'><strong>καὶ</strong></span> <span class='ocrx_word' id='word_1_343' title='bbox 2426 1771 2774 1842; x_wconf 81' lang='grc' dir='ltr'>ύπερτέλειον</span> <span class='ocrx_word' id='word_1_344' title='bbox 2806 1771 3011 1840; x_wconf 81' lang='grc' dir='ltr'>ἀγαθὸν</span> <span class='ocrx_word' id='word_1_345' title='bbox 3044 1773 3225 1826; x_wconf 79' lang='grc' dir='ltr'>πάντα</span> <span class='ocrx_word' id='word_1_346' title='bbox 3286 1771 3624 1839; x_wconf 69' lang='grc' dir='ltr'>ἀγαθύνεταῑ</span> 
     </span>
    </p>
   </div>
   <div class='ocr_carea' id='block_1_49' title="bbox 2043 1864 3627 1937">
    <p class='ocr_par' dir='ltr' id='par_1_49' title="bbox 2043 1864 3627 1937">
     <span class='ocr_line' id='line_1_49' title="bbox 2043 1864 3627 1937; baseline -0.001 -18"><span class='ocrx_word' id='word_1_347' title='bbox 2043 1866 2138 1919; x_wconf 70' lang='grc' dir='ltr'>καὶ</span> <span class='ocrx_word' id='word_1_348' title='bbox 2170 1865 2431 1934; x_wconf 78' lang='grc' dir='ltr'>φιλεῖται,</span> <span class='ocrx_word' id='word_1_349' title='bbox 2466 1866 2659 1936; x_wconf 73' lang='grc' dir='ltr'>ἔχοντα</span> <span class='ocrx_word' id='word_1_350' title='bbox 2692 1867 2826 1937; x_wconf 78' lang='grc' dir='ltr'>πρὸς</span> <span class='ocrx_word' id='word_1_351' title='bbox 2851 1865 3058 1937; x_wconf 78' lang='grc' dir='ltr'>ἄλληλα</span> <span class='ocrx_word' id='word_1_352' title='bbox 3096 1869 3383 1937; x_wconf 86' lang='grc' dir='ltr'>σχετικῶς.</span> <span class='ocrx_word' id='word_1_353' title='bbox 3415 1867 3497 1920; x_wconf 84' lang='grc' dir='ltr'><strong>Τὰ</strong></span> <span class='ocrx_word' id='word_1_354' title='bbox 3515 1864 3627 1935; x_wconf 88' lang='grc' dir='ltr'><strong>γάρ</strong></span> 
     </span>
    </p>
   </div>
   <div class='ocr_carea' id='block_1_50' title="bbox 2043 1956 3628 2031">
    <p class='ocr_par' dir='ltr' id='par_1_50' title="bbox 2043 1956 3628 2031">
     <span class='ocr_line' id='line_1_50' title="bbox 2043 1956 3628 2031; baseline 0 -19"><span class='ocrx_word' id='word_1_355' title='bbox 2043 1956 2201 2027; x_wconf 84' lang='grc' dir='ltr'>ἁπλῷ</span> <span class='ocrx_word' id='word_1_356' title='bbox 2246 1974 2354 2011; x_wconf 90' lang='grc' dir='ltr'>τινι</span> <span class='ocrx_word' id='word_1_357' title='bbox 2397 1959 2635 2027; x_wconf 85' lang='grc' dir='ltr'>συγγενῆ</span> <span class='ocrx_word' id='word_1_358' title='bbox 2685 1961 2777 2013; x_wconf 75' lang='grc' dir='ltr'><strong>καὶ</strong></span> <span class='ocrx_word' id='word_1_359' title='bbox 2826 1958 3076 2030; x_wconf 85' lang='grc' dir='ltr'>ἀλλήλοις</span> <span class='ocrx_word' id='word_1_360' title='bbox 3107 1961 3173 2013; x_wconf 87' lang='grc' dir='ltr'><strong>ἂν</strong></span> <span class='ocrx_word' id='word_1_361' title='bbox 3210 1959 3316 2031; x_wconf 71' lang='grc' dir='ltr'>εἴη.</span> <span class='ocrx_word' id='word_1_362' title='bbox 3349 1960 3423 2012; x_wconf 83' lang='grc' dir='ltr'>Τὸ</span> <span class='ocrx_word' id='word_1_363' title='bbox 3449 1959 3505 2012; x_wconf 78' lang='grc' dir='ltr'>δὲ</span> <span class='ocrx_word' id='word_1_364' title='bbox 3535 1977 3628 2030; x_wconf 79' lang='grc' dir='ltr'>φι-</span> 
     </span>
    </p>
   </div>
   <div class='ocr_carea' id='block_1_51' title="bbox 2046 2050 3624 2121">
    <p class='ocr_par' dir='ltr' id='par_1_51' title="bbox 2046 2050 3624 2121">
     <span class='ocr_line' id='line_1_51' title="bbox 2046 2050 3624 2121; baseline 0.003 -18"><span class='ocrx_word' id='word_1_365' title='bbox 2046 2050 2258 2104; x_wconf 87' lang='grc' dir='ltr'>λεῖσθαι</span> <span class='ocrx_word' id='word_1_366' title='bbox 2310 2051 2379 2104; x_wconf 85' lang='grc' dir='ltr'><strong>τά</strong></span> <span class='ocrx_word' id='word_1_367' title='bbox 2418 2051 2655 2119; x_wconf 87' lang='grc' dir='ltr'>συγγενῆ</span> <span class='ocrx_word' id='word_1_368' title='bbox 2716 2050 2840 2104; x_wconf 78' lang='grc' dir='ltr'>οὐδὲ</span> <span class='ocrx_word' id='word_1_369' title='bbox 2889 2051 3049 2121; x_wconf 86' lang='grc' dir='ltr'>λόγου</span> <span class='ocrx_word' id='word_1_370' title='bbox 3106 2051 3277 2105; x_wconf 87' lang='grc' dir='ltr'>δεῖται</span> <span class='ocrx_word' id='word_1_371' title='bbox 3326 2051 3624 2107; x_wconf 80' lang='grc' dir='ltr'>δεικνύναι.</span> 
     </span>
    </p>
   </div>
   <div class='ocr_carea' id='block_1_52' title="bbox 2050 2136 3629 2211">
    <p class='ocr_par' dir='ltr' id='par_1_52' title="bbox 2050 2136 3629 2211">
     <span class='ocr_line' id='line_1_52' title="bbox 2050 2136 3629 2211; baseline 0.001 -18"><span class='ocrx_word' id='word_1_372' title='bbox 2050 2141 2262 2203; x_wconf 77' lang='grc' dir='ltr'>Πάντας</span> <span class='ocrx_word' id='word_1_373' title='bbox 2297 2140 2396 2211; x_wconf 80' lang='grc' dir='ltr'>μὲν</span> <span class='ocrx_word' id='word_1_374' title='bbox 2427 2136 2520 2194; x_wconf 81' lang='grc' dir='ltr'><strong>οῦν</strong></span> <span class='ocrx_word' id='word_1_375' title='bbox 2541 2142 2668 2205; x_wconf 74' lang='grc' dir='ltr'>τοῦς</span> <span class='ocrx_word' id='word_1_376' title='bbox 2699 2142 2957 2209; x_wconf 78' lang='grc' dir='ltr'>ἀγαθοὺς,</span> <span class='ocrx_word' id='word_1_377' title='bbox 2988 2145 3082 2195; x_wconf 74' lang='grc' dir='ltr'><strong>καὶ</strong></span> <span class='ocrx_word' id='word_1_378' title='bbox 3123 2142 3215 2195; x_wconf 77' lang='grc' dir='ltr'><strong>ὑπ’</strong></span> <span class='ocrx_word' id='word_1_379' title='bbox 3255 2141 3487 2210; x_wconf 79' lang='grc' dir='ltr'>ἀγαθοῦ,</span> <span class='ocrx_word' id='word_1_380' title='bbox 3532 2144 3629 2195; x_wconf 71' lang='grc' dir='ltr'><strong>καὶ</strong></span> 
     </span>
    </p>
   </div>
   <div class='ocr_carea' id='block_1_53' title="bbox 2048 2233 3629 2305">
    <p class='ocr_par' dir='ltr' id='par_1_53' title="bbox 2048 2233 3629 2305">
     <span class='ocr_line' id='line_1_53' title="bbox 2048 2233 3629 2305; baseline -0.001 -18"><span class='ocrx_word' id='word_1_381' title='bbox 2048 2235 2134 2287; x_wconf 77' lang='grc' dir='ltr'><strong>ἐπ’</strong></span> <span class='ocrx_word' id='word_1_382' title='bbox 2186 2233 2376 2304; x_wconf 80' lang='grc' dir='ltr'>ἀγαθῷ</span> <span class='ocrx_word' id='word_1_383' title='bbox 2408 2234 2936 2305; x_wconf 78' lang='grc' dir='ltr'>δημιουργηθέντας,</span> <span class='ocrx_word' id='word_1_384' title='bbox 2988 2237 3068 2296; x_wconf 80' lang='grc' dir='ltr'><strong>εἰς</strong></span> <span class='ocrx_word' id='word_1_385' title='bbox 3107 2234 3207 2289; x_wconf 68' lang='grc' dir='ltr'>ἕνα</span> <span class='ocrx_word' id='word_1_386' title='bbox 3258 2234 3403 2302; x_wconf 80' lang='grc' dir='ltr'>λέγω</span> <span class='ocrx_word' id='word_1_387' title='bbox 3431 2235 3629 2288; x_wconf 88' lang='grc' dir='ltr'>τείνειν</span> 
     </span>
    </p>
   </div>
   <div class='ocr_carea' id='block_1_54' title="bbox 2051 2324 3632 2396">
    <p class='ocr_par' dir='ltr' id='par_1_54' title="bbox 2051 2324 3632 2396">
     <span class='ocr_line' id='line_1_54' title="bbox 2051 2324 3632 2396; baseline 0.001 -19"><span class='ocrx_word' id='word_1_388' title='bbox 2051 2325 2254 2378; x_wconf 83' lang='grc' dir='ltr'>σκοπὸν</span> <span class='ocrx_word' id='word_1_389' title='bbox 2285 2325 2407 2396; x_wconf 74' lang='grc' dir='ltr'>(ήδη</span> <span class='ocrx_word' id='word_1_390' title='bbox 2441 2327 2548 2396; x_wconf 86' lang='grc' dir='ltr'><strong>γάρ</strong></span> <span class='ocrx_word' id='word_1_391' title='bbox 2574 2324 2876 2396; x_wconf 78' lang='grc' dir='ltr'>ἐπάνειμι),</span> <span class='ocrx_word' id='word_1_392' title='bbox 2905 2326 2965 2380; x_wconf 76' lang='grc' dir='ltr'><strong>τὸ</strong></span> <span class='ocrx_word' id='word_1_393' title='bbox 2991 2326 3166 2396; x_wconf 80' lang='grc' dir='ltr'>φιλεῖν</span> <span class='ocrx_word' id='word_1_394' title='bbox 3191 2326 3251 2381; x_wconf 86' lang='grc' dir='ltr'><strong>τδ</strong></span> <span class='ocrx_word' id='word_1_395' title='bbox 3282 2327 3510 2394; x_wconf 73' lang='grc' dir='ltr'>ἀγαθὸν,</span> <span class='ocrx_word' id='word_1_396' title='bbox 3534 2327 3632 2379; x_wconf 70' lang='grc' dir='ltr'><strong>καὶ</strong></span> 
     </span>
    </p>
   </div>
   <div class='ocr_carea' id='block_1_55' title="bbox 2054 2417 3630 2489">
    <p class='ocr_par' dir='ltr' id='par_1_55' title="bbox 2054 2417 3630 2489">
     <span class='ocr_line' id='line_1_55' title="bbox 2054 2417 3630 2489; baseline -0.002 -18"><span class='ocrx_word' id='word_1_397' title='bbox 2054 2421 2236 2488; x_wconf 78' lang='grc' dir='ltr'>μισεῖν</span> <span class='ocrx_word' id='word_1_398' title='bbox 2262 2420 2323 2472; x_wconf 77' lang='grc' dir='ltr'>τὸ</span> <span class='ocrx_word' id='word_1_399' title='bbox 2349 2419 2425 2489; x_wconf 83' lang='grc' dir='ltr'>μὴ</span> <span class='ocrx_word' id='word_1_400' title='bbox 2478 2417 2752 2471; x_wconf 77' lang='grc' dir='ltr'>τοιοῦτονο</span> <span class='ocrx_word' id='word_1_401' title='bbox 2783 2418 2877 2477; x_wconf 73' lang='grc' dir='ltr'><strong>καὶ</strong></span> <span class='ocrx_word' id='word_1_402' title='bbox 2903 2417 3122 2472; x_wconf 82' lang='grc' dir='ltr'>διώκειν</span> <span class='ocrx_word' id='word_1_403' title='bbox 3148 2417 3208 2471; x_wconf 82' lang='grc' dir='ltr'>τὺ</span> <span class='ocrx_word' id='word_1_404' title='bbox 3240 2418 3421 2479; x_wconf 68' lang='grc' dir='ltr'>καλὸν,</span> <span class='ocrx_word' id='word_1_405' title='bbox 3451 2419 3544 2470; x_wconf 83' lang='grc' dir='ltr'>καί</span> <span class='ocrx_word' id='word_1_406' title='bbox 3568 2418 3630 2469; x_wconf 72' lang='grc' dir='ltr'>τὸ</span> 
     </span>
    </p>
   </div>
   <div class='ocr_carea' id='block_1_56' title="bbox 2051 2510 3632 2581">
    <p class='ocr_par' dir='ltr' id='par_1_56' title="bbox 2051 2510 3632 2581">
     <span class='ocr_line' id='line_1_56' title="bbox 2051 2510 3632 2581; baseline -0.003 -13"><span class='ocrx_word' id='word_1_407' title='bbox 2051 2510 2225 2574; x_wconf 80' lang='grc' dir='ltr'>ἄλλως</span> <span class='ocrx_word' id='word_1_408' title='bbox 2278 2511 2401 2581; x_wconf 75' lang='grc' dir='ltr'>ἔχον</span> <span class='ocrx_word' id='word_1_409' title='bbox 2434 2510 2681 2580; x_wconf 80' lang='grc' dir='ltr'>φεύγειν.</span> <span class='ocrx_word' id='word_1_410' title='bbox 2732 2510 3036 2581; x_wconf 80' lang='grc' dir='ltr'>Συμϐαίνει</span> <span class='ocrx_word' id='word_1_411' title='bbox 3083 2511 3137 2565; x_wconf 88' lang='grc' dir='ltr'>δὲ</span> <span class='ocrx_word' id='word_1_412' title='bbox 3186 2511 3280 2565; x_wconf 72' lang='grc' dir='ltr'><strong>καὶ</strong></span> <span class='ocrx_word' id='word_1_413' title='bbox 3321 2511 3632 2565; x_wconf 83' lang='grc' dir='ltr'>τούναντίον</span> 
     </span>
    </p>
   </div>
   <div class='ocr_carea' id='block_1_57' title="bbox 2054 2602 3649 2674">
    <p class='ocr_par' dir='ltr' id='par_1_57' title="bbox 2054 2602 3649 2674">
     <span class='ocr_line' id='line_1_57' title="bbox 2054 2602 3649 2674; baseline -0.002 -16"><span class='ocrx_word' id='word_1_414' title='bbox 2054 2605 2330 2667; x_wconf 84' lang='grc' dir='ltr'>πολλάκις.</span> <span class='ocrx_word' id='word_1_415' title='bbox 2378 2604 2489 2657; x_wconf 76' lang='grc' dir='ltr'>Καὶ</span> <span class='ocrx_word' id='word_1_416' title='bbox 2521 2602 2630 2674; x_wconf 84' lang='grc' dir='ltr'><strong>γὰρ</strong></span> <span class='ocrx_word' id='word_1_417' title='bbox 2678 2603 2944 2674; x_wconf 88' lang='grc' dir='ltr'>φιλοῦμεν</span> <span class='ocrx_word' id='word_1_418' title='bbox 2996 2602 3057 2657; x_wconf 74' lang='grc' dir='ltr'>τὸ</span> <span class='ocrx_word' id='word_1_419' title='bbox 3108 2604 3274 2657; x_wconf 63' lang='grc' dir='ltr'>κακὴν</span> <span class='ocrx_word' id='word_1_420' title='bbox 3319 2604 3464 2658; x_wconf 77' lang='grc' dir='ltr'>ἔστιν</span> <span class='ocrx_word' id='word_1_421' title='bbox 3519 2608 3649 2665; x_wconf 66' lang='grc' dir='ltr'><strong>ὅπερ</strong></span> 
     </span>
    </p>
   </div>
   <div class='ocr_carea' id='block_1_58' title="bbox 2052 2695 3632 2767">
    <p class='ocr_par' dir='ltr' id='par_1_58' title="bbox 2052 2695 3632 2767">
     <span class='ocr_line' id='line_1_58' title="bbox 2052 2695 3632 2767; baseline -0.001 -17"><span class='ocrx_word' id='word_1_422' title='bbox 2052 2698 2147 2750; x_wconf 69' lang='grc' dir='ltr'><strong>καὶ</strong></span> <span class='ocrx_word' id='word_1_423' title='bbox 2178 2696 2238 2749; x_wconf 81' lang='grc' dir='ltr'>τὸ</span> <span class='ocrx_word' id='word_1_424' title='bbox 2273 2695 2477 2764; x_wconf 74' lang='grc' dir='ltr'>ἀγαθὸν</span> <span class='ocrx_word' id='word_1_425' title='bbox 2524 2696 2715 2765; x_wconf 84' lang='grc' dir='ltr'>ὥσπερ</span> <span class='ocrx_word' id='word_1_426' title='bbox 2760 2697 3068 2767; x_wconf 78' lang='grc' dir='ltr'>φεύγομεν·</span> <span class='ocrx_word' id='word_1_427' title='bbox 3138 2700 3233 2767; x_wconf 79' lang='grc' dir='ltr'><strong>οὐχ</strong></span> <span class='ocrx_word' id='word_1_428' title='bbox 3284 2698 3365 2750; x_wconf 83' lang='grc' dir='ltr'>ὅτι</span> <span class='ocrx_word' id='word_1_429' title='bbox 3436 2714 3518 2759; x_wconf 80' lang='grc' dir='ltr'><strong>τις</strong></span> <span class='ocrx_word' id='word_1_430' title='bbox 3571 2698 3632 2749; x_wconf 78' lang='grc' dir='ltr'><strong>τὸ</strong></span> 
     </span>
    </p>
   </div>
   <div class='ocr_carea' id='block_1_59' title="bbox 2053 2783 3630 2861">
    <p class='ocr_par' dir='ltr' id='par_1_59' title="bbox 2053 2783 3630 2861">
     <span class='ocr_line' id='line_1_59' title="bbox 2053 2783 3630 2861; baseline 0 -20"><span class='ocrx_word' id='word_1_431' title='bbox 2053 2788 2260 2855; x_wconf 81' lang='grc' dir='ltr'>ἀγαθὸν</span> <span class='ocrx_word' id='word_1_432' title='bbox 2290 2787 2546 2856; x_wconf 74' lang='grc' dir='ltr'>ἐγνωκὼς</span> <span class='ocrx_word' id='word_1_433' title='bbox 2602 2789 2661 2842; x_wconf 79' lang='grc' dir='ltr'>ὃν</span> <span class='ocrx_word' id='word_1_434' title='bbox 2718 2789 2949 2859; x_wconf 76' lang='grc' dir='ltr'>ἀγαθὸν,</span> <span class='ocrx_word' id='word_1_435' title='bbox 3104 2789 3308 2858; x_wconf 74' lang='grc' dir='ltr'>ἀγαθὸν</span> <span class='ocrx_word' id='word_1_436' title='bbox 3364 2791 3630 2858; x_wconf 78' lang='grc' dir='ltr'>ἀποστρέ-</span> 
     </span>
    </p>
   </div>
   <div class='ocr_carea' id='block_1_60' title="bbox 2055 2876 3629 2956">
    <p class='ocr_par' dir='ltr' id='par_1_60' title="bbox 2055 2876 3629 2956">
     <span class='ocr_line' id='line_1_60' title="bbox 2055 2876 3629 2956; baseline -0.001 -23"><span class='ocrx_word' id='word_1_437' title='bbox 2055 2897 2249 2950; x_wconf 83' lang='grc' dir='ltr'>φεται·</span> <span class='ocrx_word' id='word_1_438' title='bbox 2310 2881 2343 2951; x_wconf 83' lang='grc' dir='ltr'>ἢ</span> <span class='ocrx_word' id='word_1_439' title='bbox 2401 2881 2547 2950; x_wconf 84' lang='grc' dir='ltr'>φιλεῖ</span> <span class='ocrx_word' id='word_1_440' title='bbox 2599 2883 2659 2935; x_wconf 84' lang='grc' dir='ltr'><strong>τὸ</strong></span> <span class='ocrx_word' id='word_1_441' title='bbox 2719 2881 2991 2952; x_wconf 74' lang='grc' dir='ltr'>πονηρὸν,</span> <span class='ocrx_word' id='word_1_442' title='bbox 3147 2882 3404 2953; x_wconf 73' lang='grc' dir='ltr'>πονηρὸν,</span> <span class='ocrx_word' id='word_1_443' title='bbox 3458 2883 3629 2935; x_wconf 77' lang='grc' dir='ltr'>τοιοῦ-</span> 
     </span>
    </p>
   </div>
   <div class='ocr_carea' id='block_1_61' title="bbox 2055 2974 3626 3043">
    <p class='ocr_par' dir='ltr' id='par_1_61' title="bbox 2055 2974 3626 3043">
     <span class='ocr_line' id='line_1_61' title="bbox 2055 2974 3626 3043; baseline 0 -16"><span class='ocrx_word' id='word_1_444' title='bbox 2055 2992 2145 3027; x_wconf 88' lang='grc' dir='ltr'><strong>τον</strong></span> <span class='ocrx_word' id='word_1_445' title='bbox 2189 2974 2319 3026; x_wconf 72' lang='grc' dir='ltr'>αὐτὸ</span> <span class='ocrx_word' id='word_1_446' title='bbox 2362 2974 2755 3043; x_wconf 71' lang='grc' dir='ltr'>ἐπιστάμενος,</span> <span class='ocrx_word' id='word_1_447' title='bbox 2788 2974 2993 3043; x_wconf 68' lang='grc' dir='ltr'>πόθενς</span> <span class='ocrx_word' id='word_1_448' title='bbox 3028 2975 3222 3030; x_wconf 90' lang='grc' dir='ltr'>πολλοῦ</span> <span class='ocrx_word' id='word_1_449' title='bbox 3273 2992 3336 3042; x_wconf 90' lang='grc' dir='ltr'><strong>γε</strong></span> <span class='ocrx_word' id='word_1_450' title='bbox 3390 2976 3482 3029; x_wconf 71' lang='grc' dir='ltr'>καὶ</span> <span class='ocrx_word' id='word_1_451' title='bbox 3513 2976 3626 3028; x_wconf 72' lang='grc' dir='ltr'>δεῖ·</span> 
     </span>
    </p>
   </div>
   <div class='ocr_carea' id='block_1_62' title="bbox 372 3055 1951 3145">
    <p class='ocr_par' dir='ltr' id='par_1_62' title="bbox 372 3070 1950 3145">
     <span class='ocr_line' id='line_1_62' title="bbox 372 3070 1950 3145; baseline 0.006 -23"><span class='ocrx_word' id='word_1_452' title='bbox 372 3086 479 3125; x_wconf 91' lang='lat' dir='ltr'><strong>non</strong></span> <span class='ocrx_word' id='word_1_453' title='bbox 513 3077 619 3135; x_wconf 81' lang='lat' dir='ltr'><strong>est,</strong></span> <span class='ocrx_word' id='word_1_454' title='bbox 653 3070 878 3126; x_wconf 88' lang='lat' dir='ltr'><strong>odisse:</strong></span> <span class='ocrx_word' id='word_1_455' title='bbox 912 3071 1200 3126; x_wconf 87' lang='lat' dir='ltr'><strong>honestum</strong></span> <span class='ocrx_word' id='word_1_456' title='bbox 1244 3072 1467 3136; x_wconf 86' lang='lat' dir='ltr'><strong>sectari,</strong></span> <span class='ocrx_word' id='word_1_457' title='bbox 1510 3074 1770 3145; x_wconf 86' lang='lat' dir='ltr'><strong>quodque</strong></span> <span class='ocrx_word' id='word_1_458' title='bbox 1818 3075 1950 3132; x_wconf 79' lang='lat' dir='ltr'><strong>alle-</strong></span> 
     </span>
    </p>
   </div>
   <div class='ocr_carea' id='block_1_63' title="bbox 2057 3055 3629 3145">
    <p class='ocr_par' dir='ltr' id='par_1_63' title="bbox 2057 3066 3629 3138">
     <span class='ocr_line' id='line_1_63' title="bbox 2057 3066 3629 3138; baseline 0 -18"><span class='ocrx_word' id='word_1_459' title='bbox 2057 3067 2172 3120; x_wconf 82' lang='grc' dir='ltr'>ἀλλ⁹</span> <span class='ocrx_word' id='word_1_460' title='bbox 2202 3068 2285 3118; x_wconf 75' lang='grc' dir='ltr'>ὅτι</span> <span class='ocrx_word' id='word_1_461' title='bbox 2314 3066 2375 3119; x_wconf 82' lang='grc' dir='ltr'>τὸ</span> <span class='ocrx_word' id='word_1_462' title='bbox 2404 3067 2573 3121; x_wconf 79' lang='grc' dir='ltr'>κακὸν</span> <span class='ocrx_word' id='word_1_463' title='bbox 2598 3068 2805 3136; x_wconf 83' lang='grc' dir='ltr'>ἀγαθὸν</span> <span class='ocrx_word' id='word_1_464' title='bbox 2829 3071 3064 3136; x_wconf 82' lang='grc' dir='ltr'>ἡγεῖται.</span> <span class='ocrx_word' id='word_1_465' title='bbox 3083 3069 3341 3138; x_wconf 63' lang='grc' dir='ltr'>’ῐΙςφύσις</span> <span class='ocrx_word' id='word_1_466' title='bbox 3368 3070 3475 3138; x_wconf 85' lang='grc' dir='ltr'>γὰρ</span> <span class='ocrx_word' id='word_1_467' title='bbox 3500 3071 3629 3138; x_wconf 82' lang='grc' dir='ltr'>ἡμῖν</span> 
     </span>
    </p>
   </div>
   <div class='ocr_carea' id='block_1_64' title="bbox 369 3160 1956 3239">
    <p class='ocr_par' dir='ltr' id='par_1_64' title="bbox 369 3160 1956 3239">
     <span class='ocr_line' id='line_1_64' title="bbox 369 3160 1956 3239; baseline 0.003 -21"><span class='ocrx_word' id='word_1_468' title='bbox 369 3160 520 3219; x_wconf 80' lang='lat' dir='ltr'><strong>ctum</strong></span> <span class='ocrx_word' id='word_1_469' title='bbox 545 3170 630 3218; x_wconf 89' lang='lat' dir='ltr'><strong>est</strong></span> <span class='ocrx_word' id='word_1_470' title='bbox 647 3164 825 3229; x_wconf 86' lang='lat' dir='ltr'><strong>aliter,</strong></span> <span class='ocrx_word' id='word_1_471' title='bbox 848 3162 1059 3232; x_wconf 87' lang='lat' dir='ltr'><strong>fugere.</strong></span> <span class='ocrx_word' id='word_1_472' title='bbox 1085 3164 1241 3231; x_wconf 63' lang='lat' dir='ltr'><strong>Smpe</strong></span> <span class='ocrx_word' id='word_1_473' title='bbox 1263 3180 1392 3219; x_wconf 89' lang='lat' dir='ltr'><strong>vero</strong></span> <span class='ocrx_word' id='word_1_474' title='bbox 1415 3167 1754 3222; x_wconf 78' lang='lat' dir='ltr'><strong>contrarium</strong></span> <span class='ocrx_word' id='word_1_475' title='bbox 1778 3170 1956 3239; x_wconf 88' lang='lat' dir='ltr'><strong>quod-</strong></span> 
     </span>
    </p>
   </div>
   <div class='ocr_carea' id='block_1_65' title="bbox 372 3253 1958 3327">
    <p class='ocr_par' dir='ltr' id='par_1_65' title="bbox 372 3253 1958 3327">
     <span class='ocr_line' id='line_1_65' title="bbox 372 3253 1958 3327; baseline 0.005 -19"><span class='ocrx_word' id='word_1_476' title='bbox 372 3270 480 3324; x_wconf 90' lang='lat' dir='ltr'><strong>que</strong></span> <span class='ocrx_word' id='word_1_477' title='bbox 508 3253 776 3324; x_wconf 82' lang='lat' dir='ltr'><strong>contingit</strong></span> <span class='ocrx_word' id='word_1_478' title='bbox 810 3272 824 3308; x_wconf 90' lang='lat'><strong>:</strong></span> <span class='ocrx_word' id='word_1_479' title='bbox 868 3255 1073 3325; x_wconf 87' lang='lat' dir='ltr'><strong>quippe</strong></span> <span class='ocrx_word' id='word_1_480' title='bbox 1126 3272 1522 3327; x_wconf 89' lang='lat' dir='ltr'><strong>nonnunquam</strong></span> <span class='ocrx_word' id='word_1_481' title='bbox 1552 3269 1606 3313; x_wconf 89' lang='lat' dir='ltr'><strong>et</strong></span> <span class='ocrx_word' id='word_1_482' title='bbox 1641 3261 1843 3315; x_wconf 87' lang='lat' dir='ltr'><strong>malum</strong></span> <span class='ocrx_word' id='word_1_483' title='bbox 1872 3262 1958 3317; x_wconf 84' lang='lat' dir='ltr'><strong>di-</strong></span> 
     </span>
    </p>
   </div>
   <div class='ocr_carea' id='block_1_66' title="bbox 375 3347 1945 3421">
    <p class='ocr_par' dir='ltr' id='par_1_66' title="bbox 375 3347 1945 3421">
     <span class='ocr_line' id='line_1_66' title="bbox 375 3347 1945 3421; baseline 0.004 -19"><span class='ocrx_word' id='word_1_484' title='bbox 375 3347 622 3418; x_wconf 82' lang='lat' dir='ltr'><strong>ligimus,</strong></span> <span class='ocrx_word' id='word_1_485' title='bbox 661 3348 915 3417; x_wconf 87' lang='lat' dir='ltr'><strong>quodque</strong></span> <span class='ocrx_word' id='word_1_486' title='bbox 937 3351 1140 3402; x_wconf 92' lang='lat' dir='ltr'><strong>bonum</strong></span> <span class='ocrx_word' id='word_1_487' title='bbox 1198 3357 1283 3403; x_wconf 90' lang='lat' dir='ltr'><strong>est</strong></span> <span class='ocrx_word' id='word_1_488' title='bbox 1340 3350 1495 3419; x_wconf 88' lang='lat' dir='ltr'><strong>quasi</strong></span> <span class='ocrx_word' id='word_1_489' title='bbox 1523 3350 1784 3421; x_wconf 79' lang='lat' dir='ltr'><strong>fugimus,</strong></span> <span class='ocrx_word' id='word_1_490' title='bbox 1835 3369 1945 3409; x_wconf 92' lang='lat' dir='ltr'><strong>non</strong></span> 
     </span>
    </p>
   </div>
   <div class='ocr_carea' id='block_1_67' title="bbox 374 3439 1956 3510">
    <p class='ocr_par' dir='ltr' id='par_1_67' title="bbox 374 3439 1956 3510">
     <span class='ocr_line' id='line_1_67' title="bbox 374 3439 1956 3510; baseline 0.005 -18"><span class='ocrx_word' id='word_1_491' title='bbox 374 3439 522 3509; x_wconf 89' lang='lat' dir='ltr'><strong>quod</strong></span> <span class='ocrx_word' id='word_1_492' title='bbox 559 3440 756 3509; x_wconf 87' lang='lat' dir='ltr'><strong>aliquis</strong></span> <span class='ocrx_word' id='word_1_493' title='bbox 787 3439 1034 3509; x_wconf 81' lang='lat' dir='ltr'><strong>agnitum</strong></span> <span class='ocrx_word' id='word_1_494' title='bbox 1071 3440 1302 3509; x_wconf 87' lang='lat' dir='ltr'><strong>bonum,</strong></span> <span class='ocrx_word' id='word_1_495' title='bbox 1350 3442 1497 3510; x_wconf 91' lang='lat' dir='ltr'><strong>quod</strong></span> <span class='ocrx_word' id='word_1_496' title='bbox 1559 3447 1761 3498; x_wconf 90' lang='lat' dir='ltr'><strong>bonum</strong></span> <span class='ocrx_word' id='word_1_497' title='bbox 1856 3446 1956 3510; x_wconf 89' lang='lat' dir='ltr'><strong>sit,</strong></span> 
     </span>
    </p>
   </div>
   <div class='ocr_carea' id='block_1_68' title="bbox 376 3533 1953 3608">
    <p class='ocr_par' dir='ltr' id='par_1_68' title="bbox 376 3533 1953 3608">
     <span class='ocr_line' id='line_1_68' title="bbox 376 3533 1953 3608; baseline 0.006 -24"><span class='ocrx_word' id='word_1_498' title='bbox 376 3542 649 3602; x_wconf 87' lang='lat' dir='ltr'><strong>quatenus</strong></span> <span class='ocrx_word' id='word_1_499' title='bbox 682 3540 767 3587; x_wconf 89' lang='lat' dir='ltr'><strong>est</strong></span> <span class='ocrx_word' id='word_1_500' title='bbox 791 3534 995 3589; x_wconf 91' lang='lat' dir='ltr'><strong>bonum</strong></span> <span class='ocrx_word' id='word_1_501' title='bbox 1020 3533 1359 3600; x_wconf 86' lang='lat' dir='ltr'><strong>adversetur,</strong></span> <span class='ocrx_word' id='word_1_502' title='bbox 1379 3536 1708 3592; x_wconf 85' lang='lat' dir='ltr'><strong>autmalum</strong></span> <span class='ocrx_word' id='word_1_503' title='bbox 1735 3537 1953 3608; x_wconf 81' lang='lat' dir='ltr'><strong>diligat,</strong></span> 
     </span>
    </p>
   </div>
   <div class='ocr_carea' id='block_1_69' title="bbox 376 3618 1958 3703">
    <p class='ocr_par' dir='ltr' id='par_1_69' title="bbox 376 3618 1958 3703">
     <span class='ocr_line' id='line_1_69' title="bbox 376 3618 1958 3703; baseline 0.005 -26"><span class='ocrx_word' id='word_1_504' title='bbox 376 3634 647 3692; x_wconf 84' lang='lat' dir='ltr'><strong>quatenus</strong></span> <span class='ocrx_word' id='word_1_505' title='bbox 677 3625 876 3678; x_wconf 86' lang='lat' dir='ltr'><strong>malum</strong></span> <span class='ocrx_word' id='word_1_506' title='bbox 910 3633 1014 3688; x_wconf 89' lang='lat' dir='ltr'><strong>est,</strong></span> <span class='ocrx_word' id='word_1_507' title='bbox 1045 3618 1172 3680; x_wconf 74' lang='lat' dir='ltr'><strong>cum</strong></span> <span class='ocrx_word' id='word_1_508' title='bbox 1202 3625 1405 3681; x_wconf 88' lang='lat' dir='ltr'><strong>malum</strong></span> <span class='ocrx_word' id='word_1_509' title='bbox 1455 3642 1576 3683; x_wconf 87' lang='lat' dir='ltr'><strong>csse</strong></span> <span class='ocrx_word' id='word_1_510' title='bbox 1626 3629 1768 3684; x_wconf 80' lang='lat' dir='ltr'><strong>sciat</strong></span> <span class='ocrx_word' id='word_1_511' title='bbox 1797 3630 1958 3703; x_wconf 86' lang='lat' dir='ltr'><strong>(quo-</strong></span> 
     </span>
    </p>
   </div>
   <div class='ocr_carea' id='block_1_70' title="bbox 378 3713 1957 3791">
    <p class='ocr_par' dir='ltr' id='par_1_70' title="bbox 378 3713 1957 3791">
     <span class='ocr_line' id='line_1_70' title="bbox 378 3713 1957 3791; baseline 0.006 -23"><span class='ocrx_word' id='word_1_512' title='bbox 378 3730 503 3768; x_wconf 89' lang='lat' dir='ltr'><strong>nam</strong></span> <span class='ocrx_word' id='word_1_513' title='bbox 536 3713 589 3767; x_wconf 91' lang='lat' dir='ltr'><strong>id</strong></span> <span class='ocrx_word' id='word_1_514' title='bbox 625 3714 821 3783; x_wconf 77' lang='lat' dir='ltr'><strong>pacto?</strong></span> <span class='ocrx_word' id='word_1_515' title='bbox 850 3714 1073 3770; x_wconf 90' lang='lat' dir='ltr'><strong>minime</strong></span> <span class='ocrx_word' id='word_1_516' title='bbox 1107 3715 1310 3786; x_wconf 88' lang='lat' dir='ltr'><strong>sane),</strong></span> <span class='ocrx_word' id='word_1_517' title='bbox 1343 3717 1437 3773; x_wconf 90' lang='lat' dir='ltr'><strong>sed</strong></span> <span class='ocrx_word' id='word_1_518' title='bbox 1485 3718 1612 3789; x_wconf 90' lang='lat' dir='ltr'><strong>quia</strong></span> <span class='ocrx_word' id='word_1_519' title='bbox 1637 3721 1784 3791; x_wconf 91' lang='lat' dir='ltr'><strong>quod</strong></span> <span class='ocrx_word' id='word_1_520' title='bbox 1841 3739 1957 3779; x_wconf 87' lang='lat' dir='ltr'><strong>ma-</strong></span> 
     </span>
    </p>
   </div>
   <div class='ocr_carea' id='block_1_71' title="bbox 378 3808 1952 3884">
    <p class='ocr_par' dir='ltr' id='par_1_71' title="bbox 378 3808 1952 3884">
     <span class='ocr_line' id='line_1_71' title="bbox 378 3808 1952 3884; baseline 0.006 -23"><span class='ocrx_word' id='word_1_521' title='bbox 378 3810 492 3861; x_wconf 90' lang='lat' dir='ltr'><strong>lum</strong></span> <span class='ocrx_word' id='word_1_522' title='bbox 515 3815 598 3862; x_wconf 86' lang='lat' dir='ltr'><strong>cst</strong></span> <span class='ocrx_word' id='word_1_523' title='bbox 618 3808 820 3863; x_wconf 87' lang='lat' dir='ltr'><strong>bonum</strong></span> <span class='ocrx_word' id='word_1_524' title='bbox 844 3822 964 3864; x_wconf 91' lang='lat' dir='ltr'><strong>esse</strong></span> <span class='ocrx_word' id='word_1_525' title='bbox 994 3818 1166 3879; x_wconf 85' lang='lat' dir='ltr'><strong>putat.</strong></span> <span class='ocrx_word' id='word_1_526' title='bbox 1195 3809 1453 3864; x_wconf 87' lang='lat' dir='ltr'><strong>Naturam</strong></span> <span class='ocrx_word' id='word_1_527' title='bbox 1478 3827 1712 3881; x_wconf 91' lang='lat' dir='ltr'><strong>namque</strong></span> <span class='ocrx_word' id='word_1_528' title='bbox 1742 3815 1952 3884; x_wconf 73' lang='lat' dir='ltr'><strong>proha-</strong></span> 
     </span>
    </p>
   </div>
   <div class='ocr_carea' id='block_1_72' title="bbox 378 3899 1955 3974">
    <p class='ocr_par' dir='ltr' id='par_1_72' title="bbox 378 3899 1955 3974">
     <span class='ocr_line' id='line_1_72' title="bbox 378 3899 1955 3974; baseline 0.004 -20"><span class='ocrx_word' id='word_1_529' title='bbox 378 3900 559 3955; x_wconf 89' lang='lat' dir='ltr'><strong>vimus</strong></span> <span class='ocrx_word' id='word_1_530' title='bbox 587 3912 652 3967; x_wconf 80' lang='lat' dir='ltr'><strong>ex</strong></span> <span class='ocrx_word' id='word_1_531' title='bbox 680 3900 826 3954; x_wconf 90' lang='lat' dir='ltr'><strong>bono</strong></span> <span class='ocrx_word' id='word_1_532' title='bbox 854 3908 910 3954; x_wconf 92' lang='lat' dir='ltr'><strong>et</strong></span> <span class='ocrx_word' id='word_1_533' title='bbox 949 3899 1149 3955; x_wconf 88' lang='lat' dir='ltr'><strong>bonam</strong></span> <span class='ocrx_word' id='word_1_534' title='bbox 1187 3914 1334 3964; x_wconf 89' lang='lat' dir='ltr'><strong>esse,</strong></span> <span class='ocrx_word' id='word_1_535' title='bbox 1374 3901 1634 3972; x_wconf 88' lang='lat' dir='ltr'><strong>quodque</strong></span> <span class='ocrx_word' id='word_1_536' title='bbox 1656 3913 1955 3974; x_wconf 81' lang='lat' dir='ltr'><strong>cognatum</strong></span> 
     </span>
    </p>
   </div>
   <div class='ocr_carea' id='block_1_73' title="bbox 379 3993 1958 4066">
    <p class='ocr_par' dir='ltr' id='par_1_73' title="bbox 379 3993 1958 4066">
     <span class='ocr_line' id='line_1_73' title="bbox 379 3993 1958 4066; baseline 0 -18"><span class='ocrx_word' id='word_1_537' title='bbox 379 4002 486 4057; x_wconf 92' lang='lat' dir='ltr'><strong>est,</strong></span> <span class='ocrx_word' id='word_1_538' title='bbox 547 4005 825 4063; x_wconf 76' lang='lat' dir='ltr'><strong>quaerere,</strong></span> <span class='ocrx_word' id='word_1_539' title='bbox 875 3993 1139 4064; x_wconf 89' lang='lat' dir='ltr'><strong>quidquid</strong></span> <span class='ocrx_word' id='word_1_540' title='bbox 1195 3994 1457 4062; x_wconf 91' lang='lat' dir='ltr'><strong>alienum,</strong></span> <span class='ocrx_word' id='word_1_541' title='bbox 1518 3996 1727 4066; x_wconf 84' lang='lat' dir='ltr'><strong>fugere.</strong></span> <span class='ocrx_word' id='word_1_542' title='bbox 1804 3994 1958 4049; x_wconf 87' lang='lat' dir='ltr'><strong>Licet</strong></span> 
     </span>
    </p>
   </div>
   <div class='ocr_carea' id='block_1_74' title="bbox 381 4086 1959 4156">
    <p class='ocr_par' dir='ltr' id='par_1_74' title="bbox 381 4086 1959 4156">
     <span class='ocr_line' id='line_1_74' title="bbox 381 4086 1959 4156; baseline 0.001 -16"><span class='ocrx_word' id='word_1_543' title='bbox 381 4095 562 4142; x_wconf 88' lang='lat' dir='ltr'><strong>autem</strong></span> <span class='ocrx_word' id='word_1_544' title='bbox 592 4102 719 4142; x_wconf 88' lang='lat' dir='ltr'><strong>vere</strong></span> <span class='ocrx_word' id='word_1_545' title='bbox 742 4086 823 4142; x_wconf 90' lang='lat' dir='ltr'><strong>sic</strong></span> <span class='ocrx_word' id='word_1_546' title='bbox 862 4096 1177 4156; x_wconf 88' lang='lat' dir='ltr'><strong>comparata</strong></span> <span class='ocrx_word' id='word_1_547' title='bbox 1213 4102 1303 4143; x_wconf 87' lang='lat' dir='ltr'><strong>res</strong></span> <span class='ocrx_word' id='word_1_548' title='bbox 1343 4088 1434 4151; x_wconf 88' lang='lat' dir='ltr'><strong>sit,</strong></span> <span class='ocrx_word' id='word_1_549' title='bbox 1493 4097 1674 4144; x_wconf 90' lang='lat' dir='ltr'><strong>tamen</strong></span> <span class='ocrx_word' id='word_1_550' title='bbox 1708 4088 1959 4144; x_wconf 83' lang='lat' dir='ltr'><strong>homines</strong></span> 
     </span>
    </p>
   </div>
   <div class='ocr_carea' id='block_1_75' title="bbox 382 4179 1959 4250">
    <p class='ocr_par' dir='ltr' id='par_1_75' title="bbox 382 4179 1959 4250">
     <span class='ocr_line' id='line_1_75' title="bbox 382 4179 1959 4250; baseline 0.003 -19"><span class='ocrx_word' id='word_1_551' title='bbox 382 4179 674 4249; x_wconf 84' lang='lat' dir='ltr'><strong>plerosque</strong></span> <span class='ocrx_word' id='word_1_552' title='bbox 696 4179 887 4234; x_wconf 80' lang='lat' dir='ltr'><strong>videas</strong></span> <span class='ocrx_word' id='word_1_553' title='bbox 912 4179 1182 4234; x_wconf 86' lang='lat' dir='ltr'><strong>deteriora</strong></span> <span class='ocrx_word' id='word_1_554' title='bbox 1206 4193 1314 4249; x_wconf 70' lang='lat' dir='ltr'><strong>pra:</strong></span> <span class='ocrx_word' id='word_1_555' title='bbox 1344 4180 1666 4235; x_wconf 82' lang='lat' dir='ltr'><strong>melioribus</strong></span> <span class='ocrx_word' id='word_1_556' title='bbox 1692 4180 1959 4250; x_wconf 86' lang='lat' dir='ltr'><strong>eligentes</strong></span> 
     </span>
    </p>
   </div>
   <div class='ocr_carea' id='block_1_76' title="bbox 382 4267 1959 4341">
    <p class='ocr_par' dir='ltr' id='par_1_76' title="bbox 382 4267 1959 4341">
     <span class='ocr_line' id='line_1_76' title="bbox 382 4267 1959 4341; baseline 0.003 -18"><span class='ocrx_word' id='word_1_557' title='bbox 382 4284 448 4324; x_wconf 90' lang='lat' dir='ltr'><strong>ac</strong></span> <span class='ocrx_word' id='word_1_558' title='bbox 477 4269 695 4324; x_wconf 88' lang='lat' dir='ltr'><strong>facilius</strong></span> <span class='ocrx_word' id='word_1_559' title='bbox 727 4287 753 4323; x_wconf 87' lang='lat' dir='ltr'><strong>a</strong></span> <span class='ocrx_word' id='word_1_560' title='bbox 782 4269 945 4325; x_wconf 89' lang='lat' dir='ltr'><strong>bonis</strong></span> <span class='ocrx_word' id='word_1_561' title='bbox 980 4267 1049 4324; x_wconf 88' lang='lat' dir='ltr'><strong>ad</strong></span> <span class='ocrx_word' id='word_1_562' title='bbox 1082 4272 1223 4325; x_wconf 88' lang='lat' dir='ltr'><strong>mala</strong></span> <span class='ocrx_word' id='word_1_563' title='bbox 1253 4286 1417 4341; x_wconf 88' lang='lat' dir='ltr'><strong>quam</strong></span> <span class='ocrx_word' id='word_1_564' title='bbox 1445 4288 1474 4326; x_wconf 90' lang='lat' dir='ltr'><strong>a</strong></span> <span class='ocrx_word' id='word_1_565' title='bbox 1514 4274 1672 4328; x_wconf 91' lang='lat' dir='ltr'><strong>malis</strong></span> <span class='ocrx_word' id='word_1_566' title='bbox 1697 4274 1763 4329; x_wconf 89' lang='lat' dir='ltr'><strong>ad</strong></span> <span class='ocrx_word' id='word_1_567' title='bbox 1816 4274 1959 4328; x_wconf 90' lang='lat' dir='ltr'><strong>bona</strong></span> 
     </span>
    </p>
   </div>
   <div class='ocr_carea' id='block_1_77' title="bbox 383 4357 1957 4427">
    <p class='ocr_par' dir='ltr' id='par_1_77' title="bbox 383 4357 1957 4427">
     <span class='ocr_line' id='line_1_77' title="bbox 383 4357 1957 4427; baseline 0.006 -19"><span class='ocrx_word' id='word_1_568' title='bbox 383 4364 732 4411; x_wconf 86' lang='lat' dir='ltr'><strong>transeuntes</strong></span> <span class='ocrx_word' id='word_1_569' title='bbox 772 4374 786 4411; x_wconf 90' lang='lat'><strong>:</strong></span> <span class='ocrx_word' id='word_1_570' title='bbox 817 4357 1020 4427; x_wconf 83' lang='lat' dir='ltr'><strong>quique</strong></span> <span class='ocrx_word' id='word_1_571' title='bbox 1072 4357 1193 4415; x_wconf 87' lang='lat' dir='ltr'><strong>illos</strong></span> <span class='ocrx_word' id='word_1_572' title='bbox 1228 4370 1282 4415; x_wconf 92' lang='lat' dir='ltr'><strong>et</strong></span> <span class='ocrx_word' id='word_1_573' title='bbox 1304 4361 1653 4417; x_wconf 77' lang='lat' dir='ltr'><strong>admirantur</strong></span> <span class='ocrx_word' id='word_1_574' title='bbox 1682 4370 1737 4417; x_wconf 91' lang='lat' dir='ltr'><strong>et</strong></span> <span class='ocrx_word' id='word_1_575' title='bbox 1767 4362 1957 4418; x_wconf 86' lang='lat' dir='ltr'><strong>beatos</strong></span> 
     </span>
    </p>
   </div>
   <div class='ocr_carea' id='block_1_78' title="bbox 385 4447 1957 4525">
    <p class='ocr_par' dir='ltr' id='par_1_78' title="bbox 385 4447 1957 4525">
     <span class='ocr_line' id='line_1_78' title="bbox 385 4447 1957 4525; baseline 0.006 -25"><span class='ocrx_word' id='word_1_576' title='bbox 385 4447 705 4516; x_wconf 60' lang='lat' dir='ltr'><strong>pradicant,</strong></span> <span class='ocrx_word' id='word_1_577' title='bbox 736 4450 932 4503; x_wconf 91' lang='lat' dir='ltr'><strong>borum</strong></span> <span class='ocrx_word' id='word_1_578' title='bbox 961 4460 1169 4505; x_wconf 89' lang='lat' dir='ltr'><strong>sortem</strong></span> <span class='ocrx_word' id='word_1_579' title='bbox 1224 4452 1565 4508; x_wconf 87' lang='lat' dir='ltr'><strong>miserantur</strong></span> <span class='ocrx_word' id='word_1_580' title='bbox 1622 4454 1714 4522; x_wconf 89' lang='lat' dir='ltr'><strong>qtti</strong></span> <span class='ocrx_word' id='word_1_581' title='bbox 1765 4469 1957 4525; x_wconf 83' lang='lat' dir='ltr'><strong>reapse</strong></span> 
     </span>
    </p>
   </div>
   <div class='ocr_carea' id='block_1_79' title="bbox 387 4540 1954 4613">
    <p class='ocr_par' dir='ltr' id='par_1_79' title="bbox 387 4540 1954 4613">
     <span class='ocr_line' id='line_1_79' title="bbox 387 4540 1954 4613; baseline 0.006 -20"><span class='ocrx_word' id='word_1_582' title='bbox 387 4540 527 4594; x_wconf 88' lang='lat' dir='ltr'><strong>bona</strong></span> <span class='ocrx_word' id='word_1_583' title='bbox 557 4556 663 4595; x_wconf 92' lang='lat' dir='ltr'><strong>non</strong></span> <span class='ocrx_word' id='word_1_584' title='bbox 693 4551 841 4598; x_wconf 82' lang='lat' dir='ltr'><strong>recte</strong></span> <span class='ocrx_word' id='word_1_585' title='bbox 886 4542 1247 4613; x_wconf 80' lang='lat' dir='ltr'><strong>degustarint,</strong></span> <span class='ocrx_word' id='word_1_586' title='bbox 1291 4547 1385 4601; x_wconf 86' lang='lat' dir='ltr'><strong>sed</strong></span> <span class='ocrx_word' id='word_1_587' title='bbox 1414 4545 1656 4601; x_wconf 87' lang='lat' dir='ltr'><strong>habitum</strong></span> <span class='ocrx_word' id='word_1_588' title='bbox 1686 4547 1954 4602; x_wconf 84' lang='lat' dir='ltr'><strong>malorum</strong></span> 
     </span>
    </p>
   </div>
   <div class='ocr_carea' id='block_1_80' title="bbox 385 4633 1958 4703">
    <p class='ocr_par' dir='ltr' id='par_1_80' title="bbox 385 4633 1958 4703">
     <span class='ocr_line' id='line_1_80' title="bbox 385 4633 1958 4703; baseline 0.004 -16"><span class='ocrx_word' id='word_1_589' title='bbox 385 4633 761 4703; x_wconf 89' lang='lat' dir='ltr'><strong>acquisierint.</strong></span> <span class='ocrx_word' id='word_1_590' title='bbox 801 4644 856 4690; x_wconf 90' lang='lat' dir='ltr'><strong>et</strong></span> <span class='ocrx_word' id='word_1_591' title='bbox 889 4651 954 4692; x_wconf 84' lang='lat' dir='ltr'><strong>ex</strong></span> <span class='ocrx_word' id='word_1_592' title='bbox 1009 4654 1200 4694; x_wconf 87' lang='lat' dir='ltr'><strong>eorum</strong></span> <span class='ocrx_word' id='word_1_593' title='bbox 1256 4638 1624 4693; x_wconf 90' lang='lat' dir='ltr'><strong>inebriatione</strong></span> <span class='ocrx_word' id='word_1_594' title='bbox 1693 4640 1958 4695; x_wconf 88' lang='lat' dir='ltr'><strong>continua</strong></span> 
     </span>
    </p>
   </div>
   <div class='ocr_carea' id='block_1_81' title="bbox 385 4726 1959 4799">
    <p class='ocr_par' dir='ltr' id='par_1_81' title="bbox 385 4726 1959 4799">
     <span class='ocr_line' id='line_1_81' title="bbox 385 4726 1959 4799; baseline 0.003 -19"><span class='ocrx_word' id='word_1_595' title='bbox 385 4743 452 4781; x_wconf 88' lang='lat' dir='ltr'><strong>ne</strong></span> <span class='ocrx_word' id='word_1_596' title='bbox 481 4726 695 4795; x_wconf 88' lang='lat' dir='ltr'><strong>quidem</strong></span> <span class='ocrx_word' id='word_1_597' title='bbox 731 4729 796 4784; x_wconf 89' lang='lat' dir='ltr'><strong>ad</strong></span> <span class='ocrx_word' id='word_1_598' title='bbox 828 4732 1176 4785; x_wconf 87' lang='lat' dir='ltr'><strong>sobrietatem</strong></span> <span class='ocrx_word' id='word_1_599' title='bbox 1213 4733 1387 4787; x_wconf 91' lang='lat' dir='ltr'><strong>redire</strong></span> <span class='ocrx_word' id='word_1_600' title='bbox 1433 4731 1647 4786; x_wconf 82' lang='lat' dir='ltr'><strong>sincere</strong></span> <span class='ocrx_word' id='word_1_601' title='bbox 1698 4730 1910 4799; x_wconf 90' lang='lat' dir='ltr'><strong>possint</strong></span> <span class='ocrx_word' id='word_1_602' title='bbox 1945 4752 1959 4798; x_wconf 87' lang='lat'>;</span> 
     </span>
    </p>
   </div>
   <div class='ocr_carea' id='block_1_82' title="bbox 386 4818 1961 4894">
    <p class='ocr_par' dir='ltr' id='par_1_82' title="bbox 386 4818 1961 4894">
     <span class='ocr_line' id='line_1_82' title="bbox 386 4818 1961 4894; baseline 0.006 -23"><span class='ocrx_word' id='word_1_603' title='bbox 386 4818 497 4873; x_wconf 90' lang='lat' dir='ltr'><strong>imo</strong></span> <span class='ocrx_word' id='word_1_604' title='bbox 535 4821 638 4876; x_wconf 90' lang='lat' dir='ltr'><strong>hac</strong></span> <span class='ocrx_word' id='word_1_605' title='bbox 696 4821 814 4894; x_wconf 89' lang='lat' dir='ltr'><strong>ipsa</strong></span> <span class='ocrx_word' id='word_1_606' title='bbox 852 4838 1075 4892; x_wconf 87' lang='lat' dir='ltr'><strong>quoque</strong></span> <span class='ocrx_word' id='word_1_607' title='bbox 1118 4825 1336 4879; x_wconf 90' lang='lat' dir='ltr'><strong>liberati</strong></span> <span class='ocrx_word' id='word_1_608' title='bbox 1387 4824 1737 4887; x_wconf 79' lang='lat' dir='ltr'><strong>temulentia,</strong></span> <span class='ocrx_word' id='word_1_609' title='bbox 1762 4839 1961 4880; x_wconf 89' lang='lat' dir='ltr'><strong>rursus</strong></span> 
     </span>
    </p>
   </div>
   <div class='ocr_carea' id='block_1_83' title="bbox 388 4911 1962 4984">
    <p class='ocr_par' dir='ltr' id='par_1_83' title="bbox 388 4911 1962 4984">
     <span class='ocr_line' id='line_1_83' title="bbox 388 4911 1962 4984; baseline 0.002 -18"><span class='ocrx_word' id='word_1_610' title='bbox 388 4913 455 4966; x_wconf 91' lang='lat' dir='ltr'><strong>ad</strong></span> <span class='ocrx_word' id='word_1_611' title='bbox 484 4911 864 4970; x_wconf 71' lang='lat' dir='ltr'><strong>offendendum</strong></span> <span class='ocrx_word' id='word_1_612' title='bbox 892 4917 1062 4984; x_wconf 85' lang='lat' dir='ltr'><strong>parati</strong></span> <span class='ocrx_word' id='word_1_613' title='bbox 1091 4918 1223 4981; x_wconf 90' lang='lat' dir='ltr'><strong>sint,</strong></span> <span class='ocrx_word' id='word_1_614' title='bbox 1258 4916 1328 4970; x_wconf 92' lang='lat' dir='ltr'><strong>ob</strong></span> <span class='ocrx_word' id='word_1_615' title='bbox 1372 4930 1628 4983; x_wconf 86' lang='lat' dir='ltr'><strong>eam,qua</strong></span> <span class='ocrx_word' id='word_1_616' title='bbox 1650 4915 1827 4969; x_wconf 89' lang='lat' dir='ltr'><strong>adhuc</strong></span> <span class='ocrx_word' id='word_1_617' title='bbox 1864 4916 1962 4969; x_wconf 83' lang='lat' dir='ltr'><strong>dc-</strong></span> 
     </span>
    </p>
   </div>
   <div class='ocr_carea' id='block_1_84' title="bbox 388 5005 1960 5078">
    <p class='ocr_par' dir='ltr' id='par_1_84' title="bbox 388 5005 1960 5078">
     <span class='ocr_line' id='line_1_84' title="bbox 388 5005 1960 5078; baseline 0.003 -21"><span class='ocrx_word' id='word_1_618' title='bbox 388 5005 686 5071; x_wconf 85' lang='lat' dir='ltr'><strong>tineantur,</strong></span> <span class='ocrx_word' id='word_1_619' title='bbox 718 5009 996 5078; x_wconf 86' lang='lat' dir='ltr'><strong>crapulam</strong></span> <span class='ocrx_word' id='word_1_620' title='bbox 1023 5018 1076 5063; x_wconf 90' lang='lat' dir='ltr'><strong>et</strong></span> <span class='ocrx_word' id='word_1_621' title='bbox 1119 5008 1387 5078; x_wconf 80' lang='lat' dir='ltr'><strong>profectas</strong></span> <span class='ocrx_word' id='word_1_622' title='bbox 1419 5024 1482 5062; x_wconf 76' lang='lat' dir='ltr'><strong>ex</strong></span> <span class='ocrx_word' id='word_1_623' title='bbox 1513 5008 1809 5077; x_wconf 84' lang='lat' dir='ltr'><strong>gravedine</strong></span> <span class='ocrx_word' id='word_1_624' title='bbox 1840 5022 1960 5062; x_wconf 90' lang='lat' dir='ltr'><strong>ver-</strong></span> 
     </span>
    </p>
   </div>
   <div class='ocr_carea' id='block_1_85' title="bbox 387 5096 1990 5169">
    <p class='ocr_par' dir='ltr' id='par_1_85' title="bbox 387 5096 1990 5169">
     <span class='ocr_line' id='line_1_85' title="bbox 387 5096 1990 5169; baseline 0.005 -22"><span class='ocrx_word' id='word_1_625' title='bbox 387 5096 606 5165; x_wconf 85' lang='lat' dir='ltr'><strong>tigines.</strong></span> <span class='ocrx_word' id='word_1_626' title='bbox 638 5097 800 5153; x_wconf 87' lang='lat' dir='ltr'><strong>Iidem</strong></span> <span class='ocrx_word' id='word_1_627' title='bbox 819 5108 870 5153; x_wconf 88' lang='lat' dir='ltr'><strong>et</strong></span> <span class='ocrx_word' id='word_1_628' title='bbox 900 5115 1096 5169; x_wconf 79' lang='lat' dir='ltr'><strong>pravos</strong></span> <span class='ocrx_word' id='word_1_629' title='bbox 1128 5100 1378 5154; x_wconf 91' lang='lat' dir='ltr'><strong>homines</strong></span> <span class='ocrx_word' id='word_1_630' title='bbox 1427 5099 1600 5155; x_wconf 82' lang='lat' dir='ltr'><strong>bonos</strong></span> <span class='ocrx_word' id='word_1_631' title='bbox 1626 5115 1748 5154; x_wconf 86' lang='lat' dir='ltr'><strong>csse</strong></span> <span class='ocrx_word' id='word_1_632' title='bbox 1768 5106 1990 5169; x_wconf 77' lang='lat' dir='ltr'><strong>putant‘</strong></span> 
     </span>
    </p>
   </div>
   <div class='ocr_carea' id='block_1_86' title="bbox 390 5189 1966 5261">
    <p class='ocr_par' dir='ltr' id='par_1_86' title="bbox 390 5189 1966 5261">
     <span class='ocr_line' id='line_1_86' title="bbox 390 5189 1966 5261; baseline 0.003 -19"><span class='ocrx_word' id='word_1_633' title='bbox 390 5196 447 5242; x_wconf 89' lang='lat' dir='ltr'><strong>et</strong></span> <span class='ocrx_word' id='word_1_634' title='bbox 480 5191 712 5245; x_wconf 79' lang='lat' dir='ltr'><strong>miseros</strong></span> <span class='ocrx_word' id='word_1_635' title='bbox 768 5189 950 5246; x_wconf 84' lang='lat' dir='ltr'><strong>felices</strong></span> <span class='ocrx_word' id='word_1_636' title='bbox 982 5207 998 5245; x_wconf 90' lang='lat'><strong>:</strong></span> <span class='ocrx_word' id='word_1_637' title='bbox 1028 5192 1229 5261; x_wconf 88' lang='lat' dir='ltr'><strong>quippe</strong></span> <span class='ocrx_word' id='word_1_638' title='bbox 1281 5189 1488 5259; x_wconf 81' lang='lat' dir='ltr'><strong>judicio</strong></span> <span class='ocrx_word' id='word_1_639' title='bbox 1524 5193 1809 5259; x_wconf 85' lang='lat' dir='ltr'><strong>falluntur,</strong></span> <span class='ocrx_word' id='word_1_640' title='bbox 1866 5206 1966 5247; x_wconf 93' lang='lat' dir='ltr'><strong>nec</strong></span> 
     </span>
    </p>
   </div>
   <div class='ocr_carea' id='block_1_87' title="bbox 393 5282 1974 5349">
    <p class='ocr_par' dir='ltr' id='par_1_87' title="bbox 393 5282 1974 5349">
     <span class='ocr_line' id='line_1_87' title="bbox 393 5282 1974 5349; baseline 0.001 -16"><span class='ocrx_word' id='word_1_641' title='bbox 393 5296 583 5334; x_wconf 89' lang='lat' dir='ltr'><strong>eorum</strong></span> <span class='ocrx_word' id='word_1_642' title='bbox 618 5296 821 5349; x_wconf 81' lang='lat' dir='ltr'><strong>seOpns</strong></span> <span class='ocrx_word' id='word_1_643' title='bbox 871 5296 995 5335; x_wconf 88' lang='lat' dir='ltr'><strong>cum</strong></span> <span class='ocrx_word' id='word_1_644' title='bbox 1033 5295 1199 5348; x_wconf 87' lang='lat' dir='ltr'><strong>scopo</strong></span> <span class='ocrx_word' id='word_1_645' title='bbox 1241 5291 1445 5335; x_wconf 77' lang='lat' dir='ltr'><strong>rectam</strong></span> <span class='ocrx_word' id='word_1_646' title='bbox 1506 5282 1791 5337; x_wconf 86' lang='lat' dir='ltr'><strong>ferentium</strong></span> <span class='ocrx_word' id='word_1_647' title='bbox 1848 5298 1974 5337; x_wconf 84' lang='lat' dir='ltr'><strong>sen-</strong></span> 
     </span>
    </p>
   </div>
   <div class='ocr_carea' id='block_1_88' title="bbox 397 5369 1969 5438">
    <p class='ocr_par' dir='ltr' id='par_1_88' title="bbox 397 5369 1969 5438">
     <span class='ocr_line' id='line_1_88' title="bbox 397 5369 1969 5438; baseline 0.001 -15"><span class='ocrx_word' id='word_1_648' title='bbox 397 5370 641 5430; x_wconf 87' lang='lat' dir='ltr'><strong>tentiam,</strong></span> <span class='ocrx_word' id='word_1_649' title='bbox 678 5369 731 5422; x_wconf 91' lang='lat' dir='ltr'><strong>in</strong></span> <span class='ocrx_word' id='word_1_650' title='bbox 782 5371 991 5438; x_wconf 86' lang='lat' dir='ltr'><strong>judicio</strong></span> <span class='ocrx_word' id='word_1_651' title='bbox 1029 5370 1095 5424; x_wconf 89' lang='lat' dir='ltr'><strong>de</strong></span> <span class='ocrx_word' id='word_1_652' title='bbox 1132 5370 1362 5424; x_wconf 87' lang='lat' dir='ltr'><strong>honesto</strong></span> <span class='ocrx_word' id='word_1_653' title='bbox 1387 5381 1437 5426; x_wconf 93' lang='lat' dir='ltr'><strong>ct</strong></span> <span class='ocrx_word' id='word_1_654' title='bbox 1473 5371 1616 5424; x_wconf 88' lang='lat' dir='ltr'><strong>bono</strong></span> <span class='ocrx_word' id='word_1_655' title='bbox 1673 5371 1969 5427; x_wconf 83' lang='lat' dir='ltr'><strong>consentit.</strong></span> 
     </span>
    </p>
   </div>
   <div class='ocr_carea' id='block_1_89' title="bbox 400 5460 1969 5534">
    <p class='ocr_par' dir='ltr' id='par_1_89' title="bbox 400 5460 1969 5534">
     <span class='ocr_line' id='line_1_89' title="bbox 400 5460 1969 5534; baseline -0.001 -19"><span class='ocrx_word' id='word_1_656' title='bbox 400 5461 555 5527; x_wconf 81' lang='lat' dir='ltr'><strong>Apud</strong></span> <span class='ocrx_word' id='word_1_657' title='bbox 584 5460 709 5515; x_wconf 86' lang='lat' dir='ltr'><strong>illos</strong></span> <span class='ocrx_word' id='word_1_658' title='bbox 735 5462 880 5515; x_wconf 89' lang='lat' dir='ltr'><strong>enim</strong></span> <span class='ocrx_word' id='word_1_659' title='bbox 915 5460 1007 5530; x_wconf 87' lang='lat' dir='ltr'><strong>qui</strong></span> <span class='ocrx_word' id='word_1_660' title='bbox 1038 5460 1149 5523; x_wconf 81' lang='lat' dir='ltr'><strong>fuci</strong></span> <span class='ocrx_word' id='word_1_661' title='bbox 1174 5467 1432 5517; x_wconf 86' lang='lat' dir='ltr'><strong>dicuntur</strong></span> <span class='ocrx_word' id='word_1_662' title='bbox 1492 5463 1608 5534; x_wconf 85' lang='lat' dir='ltr'><strong>(eos</strong></span> <span class='ocrx_word' id='word_1_663' title='bbox 1667 5471 1850 5516; x_wconf 88' lang='lat' dir='ltr'><strong>autem</strong></span> <span class='ocrx_word' id='word_1_664' title='bbox 1884 5462 1969 5515; x_wconf 91' lang='lat' dir='ltr'><strong>in-</strong></span> 
     </span>
    </p>
   </div>
   <div class='ocr_carea' id='block_1_90' title="bbox 404 5551 1961 5622">
    <p class='ocr_par' dir='ltr' id='par_1_90' title="bbox 404 5551 1961 5622">
     <span class='ocr_line' id='line_1_90' title="bbox 404 5551 1961 5622; baseline -0.001 -15"><span class='ocrx_word' id='word_1_665' title='bbox 404 5551 589 5621; x_wconf 83' lang='lat' dir='ltr'><strong>telligo</strong></span> <span class='ocrx_word' id='word_1_666' title='bbox 620 5552 714 5621; x_wconf 89' lang='lat' dir='ltr'><strong>qui</strong></span> <span class='ocrx_word' id='word_1_667' title='bbox 773 5568 861 5606; x_wconf 72' lang='lat' dir='ltr'><strong>res</strong></span> <span class='ocrx_word' id='word_1_668' title='bbox 924 5553 1199 5607; x_wconf 83' lang='lat' dir='ltr'><strong>secundas</strong></span> <span class='ocrx_word' id='word_1_669' title='bbox 1255 5567 1354 5622; x_wconf 88' lang='lat' dir='ltr'><strong>pro</strong></span> <span class='ocrx_word' id='word_1_670' title='bbox 1390 5553 1647 5613; x_wconf 80' lang='lat' dir='ltr'><strong>felicitate</strong></span> <span class='ocrx_word' id='word_1_671' title='bbox 1700 5553 1961 5616; x_wconf 81' lang='lat' dir='ltr'><strong>ducunt).</strong></span> 
     </span>
    </p>
   </div>
   <div class='ocr_carea' id='block_1_91' title="bbox 400 5644 1970 5717">
    <p class='ocr_par' dir='ltr' id='par_1_91' title="bbox 400 5644 1970 5717">
     <span class='ocr_line' id='line_1_91' title="bbox 400 5644 1970 5717; baseline 0 -18"><span class='ocrx_word' id='word_1_672' title='bbox 400 5645 644 5699; x_wconf 83' lang='lat' dir='ltr'><strong>omnium</strong></span> <span class='ocrx_word' id='word_1_673' title='bbox 705 5644 758 5699; x_wconf 92' lang='lat' dir='ltr'><strong>hi</strong></span> <span class='ocrx_word' id='word_1_674' title='bbox 816 5644 1113 5701; x_wconf 83' lang='lat' dir='ltr'><strong>felicissimi</strong></span> <span class='ocrx_word' id='word_1_675' title='bbox 1167 5656 1601 5717; x_wconf 70' lang='lat' dir='ltr'><strong>cmterorumque</strong></span> <span class='ocrx_word' id='word_1_676' title='bbox 1653 5645 1970 5700; x_wconf 90' lang='lat' dir='ltr'><strong>mortalium</strong></span> 
     </span>
    </p>
   </div>
   <div class='ocr_carea' id='block_1_92' title="bbox 403 5737 1971 5812">
    <p class='ocr_par' dir='ltr' id='par_1_92' title="bbox 403 5737 1971 5812">
     <span class='ocr_line' id='line_1_92' title="bbox 403 5737 1971 5812; baseline 0.003 -23"><span class='ocrx_word' id='word_1_677' title='bbox 403 5738 840 5803; x_wconf 66' lang='lat' dir='ltr'><strong>praestantissimi</strong></span> <span class='ocrx_word' id='word_1_678' title='bbox 874 5737 1191 5809; x_wconf 69' lang='lat' dir='ltr'><strong>iudicantur</strong></span> <span class='ocrx_word' id='word_1_679' title='bbox 1226 5754 1368 5809; x_wconf 87' lang='lat' dir='ltr'><strong>esse,</strong></span> <span class='ocrx_word' id='word_1_680' title='bbox 1430 5739 1630 5812; x_wconf 88' lang='lat' dir='ltr'><strong>quibus</strong></span> <span class='ocrx_word' id='word_1_681' title='bbox 1685 5740 1971 5810; x_wconf 81' lang='lat' dir='ltr'><strong>prosperi-</strong></span> 
     </span>
    </p>
   </div>
   <div class='ocr_carea' id='block_1_93' title="bbox 2057 3158 3632 3231">
    <p class='ocr_par' dir='ltr' id='par_1_93' title="bbox 2057 3158 3632 3231">
     <span class='ocr_line' id='line_1_93' title="bbox 2057 3158 3632 3231; baseline 0.001 -19"><span class='ocrx_word' id='word_1_682' title='bbox 2057 3158 2435 3213; x_wconf 74' lang='grc' dir='ltr'>ἀποδέδεικται</span> <span class='ocrx_word' id='word_1_683' title='bbox 2463 3159 2523 3224; x_wconf 80' lang='grc' dir='ltr'>ἐξ</span> <span class='ocrx_word' id='word_1_684' title='bbox 2550 3160 2753 3228; x_wconf 79' lang='grc' dir='ltr'>ἀγαθοῦ</span> <span class='ocrx_word' id='word_1_685' title='bbox 2778 3179 2836 3212; x_wconf 77' lang='grc' dir='ltr'><strong>τε</strong></span> <span class='ocrx_word' id='word_1_686' title='bbox 2870 3163 2966 3214; x_wconf 75' lang='grc' dir='ltr'><strong>καὶ</strong></span> <span class='ocrx_word' id='word_1_687' title='bbox 2995 3161 3197 3231; x_wconf 80' lang='grc' dir='ltr'>ἀγαθὴ,</span> <span class='ocrx_word' id='word_1_688' title='bbox 3232 3162 3325 3214; x_wconf 72' lang='grc' dir='ltr'><strong>καὶ</strong></span> <span class='ocrx_word' id='word_1_689' title='bbox 3352 3162 3409 3213; x_wconf 56' lang='grc' dir='ltr'><strong>τὶ</strong></span> <span class='ocrx_word' id='word_1_690' title='bbox 3437 3179 3632 3229; x_wconf 71' lang='grc' dir='ltr'>συγγειι</span> 
     </span>
    </p>
   </div>
   <div class='ocr_carea' id='block_1_94' title="bbox 2060 3251 3629 3323">
    <p class='ocr_par' dir='ltr' id='par_1_94' title="bbox 2060 3251 3629 3323">
     <span class='ocr_line' id='line_1_94' title="bbox 2060 3251 3629 3323; baseline 0.001 -19"><span class='ocrx_word' id='word_1_691' title='bbox 2060 3252 2150 3315; x_wconf 64' lang='lat' dir='ltr'><strong>vt;</strong></span> <span class='ocrx_word' id='word_1_692' title='bbox 2205 3251 2464 3318; x_wconf 81' lang='grc' dir='ltr'>ζητοῦσα,</span> <span class='ocrx_word' id='word_1_693' title='bbox 2504 3256 2593 3305; x_wconf 78' lang='grc' dir='ltr'><strong>καὶ</strong></span> <span class='ocrx_word' id='word_1_694' title='bbox 2625 3252 2940 3323; x_wconf 74' lang='grc' dir='ltr'>τάλλότριον</span> <span class='ocrx_word' id='word_1_695' title='bbox 2982 3255 3126 3307; x_wconf 79' lang='grc' dir='ltr'>ἆτταν</span> <span class='ocrx_word' id='word_1_696' title='bbox 3159 3255 3455 3323; x_wconf 81' lang='grc' dir='ltr'>φεύγουσα.</span> <span class='ocrx_word' id='word_1_697' title='bbox 3485 3255 3629 3321; x_wconf 82' lang='grc' dir='ltr'>Πλὴν</span> 
     </span>
    </p>
   </div>
   <div class='ocr_carea' id='block_1_95' title="bbox 2061 3324 3631 3416">
    <p class='ocr_par' dir='ltr' id='par_1_95' title="bbox 2061 3342 3631 3416">
     <span class='ocr_line' id='line_1_95' title="bbox 2061 3342 3631 3416; baseline 0.003 -21"><span class='ocrx_word' id='word_1_698' title='bbox 2061 3342 2152 3395; x_wconf 72' lang='grc' dir='ltr'><strong>καὶ</strong></span> <span class='ocrx_word' id='word_1_699' title='bbox 2185 3342 2357 3406; x_wconf 77' lang='grc' dir='ltr'>οὕτως</span> <span class='ocrx_word' id='word_1_700' title='bbox 2388 3342 2618 3413; x_wconf 73' lang='grc' dir='ltr'>ἐχούσης</span> <span class='ocrx_word' id='word_1_701' title='bbox 2653 3346 2752 3415; x_wconf 81' lang='grc' dir='ltr'>τῆς</span> <span class='ocrx_word' id='word_1_702' title='bbox 2784 3345 3061 3416; x_wconf 81' lang='grc' dir='ltr'>ἀληθείας,</span> <span class='ocrx_word' id='word_1_703' title='bbox 3092 3347 3223 3409; x_wconf 83' lang='grc' dir='ltr'>ῐδοις</span> <span class='ocrx_word' id='word_1_704' title='bbox 3256 3348 3322 3401; x_wconf 83' lang='grc' dir='ltr'>ἂν</span> <span class='ocrx_word' id='word_1_705' title='bbox 3359 3350 3476 3410; x_wconf 77' lang='grc' dir='ltr'>τοὺς</span> <span class='ocrx_word' id='word_1_706' title='bbox 3507 3349 3631 3399; x_wconf 83' lang='grc' dir='ltr'>πολ-</span> 
     </span>
    </p>
   </div>
   <div class='ocr_carea' id='block_1_96' title="bbox 2058 3434 3630 3513">
    <p class='ocr_par' dir='ltr' id='par_1_96' title="bbox 2058 3434 3630 3513">
     <span class='ocr_line' id='line_1_96' title="bbox 2058 3434 3630 3513; baseline 0.005 -25"><span class='ocrx_word' id='word_1_707' title='bbox 2058 3434 2183 3500; x_wconf 82' lang='grc' dir='ltr'>λοὺς</span> <span class='ocrx_word' id='word_1_708' title='bbox 2217 3436 2325 3489; x_wconf 84' lang='grc' dir='ltr'><strong>τῶν</strong></span> <span class='ocrx_word' id='word_1_709' title='bbox 2364 3438 2670 3510; x_wconf 85' lang='grc' dir='ltr'>ἀνθρώπων</span> <span class='ocrx_word' id='word_1_710' title='bbox 2696 3438 2766 3493; x_wconf 80' lang='grc' dir='ltr'>τὰ</span> <span class='ocrx_word' id='word_1_711' title='bbox 2794 3442 2962 3511; x_wconf 87' lang='grc' dir='ltr'>χείρω</span> <span class='ocrx_word' id='word_1_712' title='bbox 3001 3442 3109 3496; x_wconf 83' lang='grc' dir='ltr'><strong>τῶν</strong></span> <span class='ocrx_word' id='word_1_713' title='bbox 3141 3443 3466 3513; x_wconf 76' lang='grc' dir='ltr'>κρειττόνων</span> <span class='ocrx_word' id='word_1_714' title='bbox 3497 3460 3630 3510; x_wconf 86' lang='grc' dir='ltr'>προ·</span> 
     </span>
    </p>
   </div>
   <div class='ocr_carea' id='block_1_97' title="bbox 2059 3528 3635 3606">
    <p class='ocr_par' dir='ltr' id='par_1_97' title="bbox 2059 3528 3635 3606">
     <span class='ocr_line' id='line_1_97' title="bbox 2059 3528 3635 3606; baseline 0.004 -24"><span class='ocrx_word' id='word_1_715' title='bbox 2059 3528 2438 3598; x_wconf 81' lang='grc' dir='ltr'>αιρουμένους,</span> <span class='ocrx_word' id='word_1_716' title='bbox 2461 3530 2555 3583; x_wconf 79' lang='grc' dir='ltr'><strong>καὶ</strong></span> <span class='ocrx_word' id='word_1_717' title='bbox 2578 3531 2709 3601; x_wconf 75' lang='grc' dir='ltr'>ῥᾷον</span> <span class='ocrx_word' id='word_1_718' title='bbox 2731 3531 2838 3585; x_wconf 73' lang='grc' dir='ltr'>ἀπὸ</span> <span class='ocrx_word' id='word_1_719' title='bbox 2866 3530 3073 3587; x_wconf 82' lang='grc' dir='ltr'>τούτων</span> <span class='ocrx_word' id='word_1_720' title='bbox 3103 3536 3183 3599; x_wconf 86' lang='grc' dir='ltr'><strong>είς</strong></span> <span class='ocrx_word' id='word_1_721' title='bbox 3200 3535 3268 3589; x_wconf 75' lang='grc' dir='ltr'><strong>τά</strong></span> <span class='ocrx_word' id='word_1_722' title='bbox 3295 3538 3438 3590; x_wconf 80' lang='grc' dir='ltr'><strong>κακά</strong></span> <span class='ocrx_word' id='word_1_723' title='bbox 3468 3554 3635 3606; x_wconf 65' lang='grc' dir='ltr'>μετα-</span> 
     </span>
    </p>
   </div>
   <div class='ocr_carea' id='block_1_98' title="bbox 2061 3620 3635 3698">
    <p class='ocr_par' dir='ltr' id='par_1_98' title="bbox 2061 3620 3635 3698">
     <span class='ocr_line' id='line_1_98' title="bbox 2061 3620 3635 3698; baseline 0.007 -26"><span class='ocrx_word' id='word_1_724' title='bbox 2061 3620 2355 3684; x_wconf 75' lang='grc' dir='ltr'>ϐάλλοντας</span> <span class='ocrx_word' id='word_1_725' title='bbox 2390 3620 2422 3691; x_wconf 82' lang='grc' dir='ltr'>ἢ</span> <span class='ocrx_word' id='word_1_726' title='bbox 2460 3621 2519 3686; x_wconf 80' lang='grc' dir='ltr'>ἐξ</span> <span class='ocrx_word' id='word_1_727' title='bbox 2577 3621 2805 3677; x_wconf 76' lang='grc' dir='ltr'>ἐκείνων</span> <span class='ocrx_word' id='word_1_728' title='bbox 2855 3627 2934 3689; x_wconf 83' lang='grc' dir='ltr'><strong>είς</strong></span> <span class='ocrx_word' id='word_1_729' title='bbox 2968 3625 3174 3681; x_wconf 79' lang='grc' dir='ltr'>ταῦτα’</span> <span class='ocrx_word' id='word_1_730' title='bbox 3213 3629 3498 3691; x_wconf 85' lang='grc' dir='ltr'>κάκείνους</span> <span class='ocrx_word' id='word_1_731' title='bbox 3535 3629 3635 3698; x_wconf 79' lang='grc' dir='ltr'>μὲν</span> 
     </span>
    </p>
   </div>
   <div class='ocr_carea' id='block_1_99' title="bbox 2061 3713 3635 3786">
    <p class='ocr_par' dir='ltr' id='par_1_99' title="bbox 2061 3713 3635 3786">
     <span class='ocr_line' id='line_1_99' title="bbox 2061 3713 3635 3786; baseline 0.005 -20"><span class='ocrx_word' id='word_1_732' title='bbox 2061 3713 2381 3784; x_wconf 73' lang='grc' dir='ltr'>ζηλοῦντας,</span> <span class='ocrx_word' id='word_1_733' title='bbox 2409 3714 2500 3768; x_wconf 74' lang='grc' dir='ltr'><strong>καὶ</strong></span> <span class='ocrx_word' id='word_1_734' title='bbox 2533 3716 2956 3786; x_wconf 77' lang='grc' dir='ltr'>μακαρίζοντας,</span> <span class='ocrx_word' id='word_1_735' title='bbox 2986 3717 3209 3781; x_wconf 77' lang='grc' dir='ltr'>τούτους</span> <span class='ocrx_word' id='word_1_736' title='bbox 3231 3720 3287 3774; x_wconf 84' lang='grc' dir='ltr'>δὲ</span> <span class='ocrx_word' id='word_1_737' title='bbox 3316 3720 3635 3784; x_wconf 64' lang='grc' dir='ltr'>ταλανζον-</span> 
     </span>
    </p>
   </div>
   <div class='ocr_carea' id='block_1_100' title="bbox 2060 3805 3632 3882">
    <p class='ocr_par' dir='ltr' id='par_1_100' title="bbox 2060 3805 3632 3882">
     <span class='ocr_line' id='line_1_100' title="bbox 2060 3805 3632 3882; baseline 0.004 -23"><span class='ocrx_word' id='word_1_738' title='bbox 2060 3822 2182 3869; x_wconf 87' lang='grc' dir='ltr'>τας,</span> <span class='ocrx_word' id='word_1_739' title='bbox 2220 3805 2296 3877; x_wconf 83' lang='grc' dir='ltr'><strong>τῷ</strong></span> <span class='ocrx_word' id='word_1_740' title='bbox 2333 3806 2408 3879; x_wconf 78' lang='grc' dir='ltr'>μὴ</span> <span class='ocrx_word' id='word_1_741' title='bbox 2440 3807 2623 3872; x_wconf 86' lang='grc' dir='ltr'>καλῶς</span> <span class='ocrx_word' id='word_1_742' title='bbox 2654 3807 2949 3876; x_wconf 79' lang='grc' dir='ltr'>γεγεῦσθαι</span> <span class='ocrx_word' id='word_1_743' title='bbox 2995 3810 3104 3865; x_wconf 83' lang='grc' dir='ltr'><strong>τῶν</strong></span> <span class='ocrx_word' id='word_1_744' title='bbox 3143 3811 3361 3882; x_wconf 83' lang='grc' dir='ltr'>ἀληθῶς</span> <span class='ocrx_word' id='word_1_745' title='bbox 3391 3814 3632 3881; x_wconf 81' lang='grc' dir='ltr'>ἀγαθῶν,</span> 
     </span>
    </p>
   </div>
   <div class='ocr_carea' id='block_1_101' title="bbox 2060 3898 3638 3974">
    <p class='ocr_par' dir='ltr' id='par_1_101' title="bbox 2060 3898 3638 3974">
     <span class='ocr_line' id='line_1_101' title="bbox 2060 3898 3638 3974; baseline 0.003 -21"><span class='ocrx_word' id='word_1_746' title='bbox 2060 3898 2178 3953; x_wconf 84' lang='grc' dir='ltr'>ἀλλ’</span> <span class='ocrx_word' id='word_1_747' title='bbox 2217 3901 2274 3952; x_wconf 80' lang='grc' dir='ltr'>ὲν</span> <span class='ocrx_word' id='word_1_748' title='bbox 2297 3898 2409 3965; x_wconf 79' lang='grc' dir='ltr'>ἕξει</span> <span class='ocrx_word' id='word_1_749' title='bbox 2448 3900 2556 3974; x_wconf 81' lang='grc' dir='ltr'><strong>τῶν</strong></span> <span class='ocrx_word' id='word_1_750' title='bbox 2587 3901 2774 3955; x_wconf 83' lang='grc' dir='ltr'>κακῶν</span> <span class='ocrx_word' id='word_1_751' title='bbox 2804 3903 3160 3973; x_wconf 83' lang='grc' dir='ltr'>γεγενῆσθαι,</span> <span class='ocrx_word' id='word_1_752' title='bbox 3197 3905 3290 3957; x_wconf 76' lang='grc' dir='ltr'><strong>καὶ</strong></span> <span class='ocrx_word' id='word_1_753' title='bbox 3324 3907 3391 3973; x_wconf 77' lang='grc' dir='ltr'>τῇ</span> <span class='ocrx_word' id='word_1_754' title='bbox 3425 3908 3638 3971; x_wconf 74' lang='grc' dir='ltr'>συνεχεῖ</span> 
     </span>
    </p>
   </div>
   <div class='ocr_carea' id='block_1_102' title="bbox 2062 3990 3637 4065">
    <p class='ocr_par' dir='ltr' id='par_1_102' title="bbox 2062 3990 3637 4065">
     <span class='ocr_line' id='line_1_102' title="bbox 2062 3990 3637 4065; baseline 0.004 -22"><span class='ocrx_word' id='word_1_755' title='bbox 2062 3990 2269 4044; x_wconf 87' lang='grc' dir='ltr'>τούτων</span> <span class='ocrx_word' id='word_1_756' title='bbox 2310 3992 2453 4064; x_wconf 80' lang='grc' dir='ltr'>μέθῃ</span> <span class='ocrx_word' id='word_1_757' title='bbox 2506 3992 2642 4063; x_wconf 82' lang='grc' dir='ltr'>μηδὲ</span> <span class='ocrx_word' id='word_1_758' title='bbox 2688 3993 2855 4063; x_wconf 71' lang='grc' dir='ltr'>νῆψαι</span> <span class='ocrx_word' id='word_1_759' title='bbox 2902 3994 3156 4065; x_wconf 79' lang='grc' dir='ltr'>καθαρῶς</span> <span class='ocrx_word' id='word_1_760' title='bbox 3191 3995 3452 4050; x_wconf 82' lang='grc' dir='ltr'>δύνασθαι</span> <span class='ocrx_word' id='word_1_761' title='bbox 3479 4013 3493 4028; x_wconf 75' lang='grc' dir='ltr'><strong><em>ο</em></strong></span> <span class='ocrx_word' id='word_1_762' title='bbox 3523 3998 3637 4051; x_wconf 82' lang='grc' dir='ltr'>ἀλλ’</span> 
     </span>
    </p>
   </div>
   <div class='ocr_carea' id='block_1_103' title="bbox 2062 4081 3640 4158">
    <p class='ocr_par' dir='ltr' id='par_1_103' title="bbox 2062 4081 3640 4158">
     <span class='ocr_line' id='line_1_103' title="bbox 2062 4081 3640 4158; baseline 0.006 -26"><span class='ocrx_word' id='word_1_763' title='bbox 2062 4081 2291 4136; x_wconf 76' lang='grc' dir='ltr'>ἐπειδὰν</span> <span class='ocrx_word' id='word_1_764' title='bbox 2318 4084 2412 4136; x_wconf 73' lang='grc' dir='ltr'>καὶ</span> <span class='ocrx_word' id='word_1_765' title='bbox 2444 4084 2680 4153; x_wconf 80' lang='grc' dir='ltr'>ταυτησὶ</span> <span class='ocrx_word' id='word_1_766' title='bbox 2713 4085 2813 4153; x_wconf 78' lang='grc' dir='ltr'>τῆς</span> <span class='ocrx_word' id='word_1_767' title='bbox 2847 4085 3016 4154; x_wconf 82' lang='grc' dir='ltr'>μέθης</span> <span class='ocrx_word' id='word_1_768' title='bbox 3050 4087 3435 4154; x_wconf 67' lang='grc' dir='ltr'>ἀπαλλαγεῖεν,</span> <span class='ocrx_word' id='word_1_769' title='bbox 3471 4105 3640 4158; x_wconf 83' lang='grc' dir='ltr'>προσ-</span> 
     </span>
    </p>
   </div>
   <div class='ocr_carea' id='block_1_104' title="bbox 2062 4173 3641 4250">
    <p class='ocr_par' dir='ltr' id='par_1_104' title="bbox 2062 4173 3641 4250">
     <span class='ocr_line' id='line_1_104' title="bbox 2062 4173 3641 4250; baseline 0.004 -21"><span class='ocrx_word' id='word_1_770' title='bbox 2062 4175 2286 4229; x_wconf 83' lang='grc' dir='ltr'>κόπτειν</span> <span class='ocrx_word' id='word_1_771' title='bbox 2317 4174 2475 4237; x_wconf 80' lang='grc' dir='ltr'>αὓθις</span> <span class='ocrx_word' id='word_1_772' title='bbox 2510 4176 2765 4246; x_wconf 76' lang='grc' dir='ltr'>ἑτοίμους</span> <span class='ocrx_word' id='word_1_773' title='bbox 2797 4173 2942 4231; x_wconf 75' lang='grc' dir='ltr'>εἶναι</span> <span class='ocrx_word' id='word_1_774' title='bbox 2974 4179 3063 4232; x_wconf 70' lang='grc' dir='ltr'>διὰ</span> <span class='ocrx_word' id='word_1_775' title='bbox 3093 4180 3191 4248; x_wconf 76' lang='grc' dir='ltr'><strong>τὴν</strong></span> <span class='ocrx_word' id='word_1_776' title='bbox 3239 4181 3641 4250; x_wconf 74' lang='grc' dir='ltr'>ἐπικρατοῦσαν</span> 
     </span>
    </p>
   </div>
   <div class='ocr_carea' id='block_1_105' title="bbox 2060 4265 3641 4342">
    <p class='ocr_par' dir='ltr' id='par_1_105' title="bbox 2060 4265 3641 4342">
     <span class='ocr_line' id='line_1_105' title="bbox 2060 4265 3641 4342; baseline 0.004 -23"><span class='ocrx_word' id='word_1_777' title='bbox 2060 4265 2141 4320; x_wconf 68' lang='grc' dir='ltr'>ἔτι</span> <span class='ocrx_word' id='word_1_778' title='bbox 2161 4265 2496 4337; x_wconf 78' lang='grc' dir='ltr'>κραιπάλην,</span> <span class='ocrx_word' id='word_1_779' title='bbox 2521 4266 2616 4320; x_wconf 74' lang='grc' dir='ltr'>καὶ</span> <span class='ocrx_word' id='word_1_780' title='bbox 2635 4269 2761 4331; x_wconf 77' lang='grc' dir='ltr'>τοῦς</span> <span class='ocrx_word' id='word_1_781' title='bbox 2778 4271 2841 4321; x_wconf 83' lang='grc' dir='ltr'>ἐκ</span> <span class='ocrx_word' id='word_1_782' title='bbox 2857 4269 2953 4338; x_wconf 81' lang='grc' dir='ltr'><strong>τῆς</strong></span> <span class='ocrx_word' id='word_1_783' title='bbox 2972 4270 3344 4342; x_wconf 81' lang='grc' dir='ltr'>ὲωλοκρασίας</span> <span class='ocrx_word' id='word_1_784' title='bbox 3376 4271 3641 4340; x_wconf 75' lang='grc' dir='ltr'>ἰλίγγους.</span> 
     </span>
    </p>
   </div>
   <div class='ocr_carea' id='block_1_106' title="bbox 2063 4352 3647 4433">
    <p class='ocr_par' dir='ltr' id='par_1_106' title="bbox 2063 4352 3647 4433">
     <span class='ocr_line' id='line_1_106' title="bbox 2063 4352 3647 4433; baseline 0.003 -21"><span class='ocrx_word' id='word_1_785' title='bbox 2063 4352 2223 4413; x_wconf 81' lang='grc' dir='ltr'>Οὗτοι</span> <span class='ocrx_word' id='word_1_786' title='bbox 2239 4359 2332 4412; x_wconf 73' lang='grc' dir='ltr'><strong>καὶ</strong></span> <span class='ocrx_word' id='word_1_787' title='bbox 2349 4358 2477 4422; x_wconf 77' lang='grc' dir='ltr'>τοῦς</span> <span class='ocrx_word' id='word_1_788' title='bbox 2504 4359 2746 4427; x_wconf 86' lang='grc' dir='ltr'>φαύλους</span> <span class='ocrx_word' id='word_1_789' title='bbox 2771 4360 3096 4432; x_wconf 76' lang='grc' dir='ltr'>ἀνθρώπους</span> <span class='ocrx_word' id='word_1_790' title='bbox 3117 4362 3358 4432; x_wconf 80' lang='grc' dir='ltr'>ἀγαθοὺς</span> <span class='ocrx_word' id='word_1_791' title='bbox 3392 4363 3647 4433; x_wconf 73' lang='grc' dir='ltr'>νομίζου·</span> 
     </span>
    </p>
   </div>
   <div class='ocr_carea' id='block_1_107' title="bbox 2064 4443 3648 4522">
    <p class='ocr_par' dir='ltr' id='par_1_107' title="bbox 2064 4443 3648 4522">
     <span class='ocr_line' id='line_1_107' title="bbox 2064 4443 3648 4522; baseline 0.002 -21"><span class='ocrx_word' id='word_1_792' title='bbox 2064 4464 2150 4501; x_wconf 93' lang='grc' dir='ltr'><strong>σιν</strong></span> <span class='ocrx_word' id='word_1_793' title='bbox 2187 4443 2354 4514; x_wconf 76' lang='grc' dir='ltr'>εἶναι,</span> <span class='ocrx_word' id='word_1_794' title='bbox 2398 4448 2642 4513; x_wconf 72' lang='grc' dir='ltr'>καὶτοὺς</span> <span class='ocrx_word' id='word_1_795' title='bbox 2682 4450 2902 4514; x_wconf 82' lang='grc' dir='ltr'>ἀθλίους</span> <span class='ocrx_word' id='word_1_796' title='bbox 2926 4451 3274 4522; x_wconf 82' lang='grc' dir='ltr'>εὐδαίμονας.</span> <span class='ocrx_word' id='word_1_797' title='bbox 3318 4454 3648 4521; x_wconf 82' lang='grc' dir='ltr'>Σφάλλονται</span> 
     </span>
    </p>
   </div>
   <div class='ocr_carea' id='block_1_108' title="bbox 2071 4539 3650 4617">
    <p class='ocr_par' dir='ltr' id='par_1_108' title="bbox 2071 4539 3650 4617">
     <span class='ocr_line' id='line_1_108' title="bbox 2071 4539 3650 4617; baseline 0.003 -25"><span class='ocrx_word' id='word_1_798' title='bbox 2071 4541 2172 4612; x_wconf 79' lang='grc' dir='ltr'><strong>μὲν</strong></span> <span class='ocrx_word' id='word_1_799' title='bbox 2188 4539 2297 4609; x_wconf 82' lang='grc' dir='ltr'>γὰρ</span> <span class='ocrx_word' id='word_1_800' title='bbox 2323 4556 2392 4595; x_wconf 87' lang='grc' dir='ltr'><strong>πε</strong></span> <span class='ocrx_word' id='word_1_801' title='bbox 2401 4542 2456 4608; x_wconf 72' lang='lat' dir='ltr'><strong>pi.</strong></span> <span class='ocrx_word' id='word_1_802' title='bbox 2472 4541 2571 4608; x_wconf 80' lang='grc' dir='ltr'><strong>τὴν</strong></span> <span class='ocrx_word' id='word_1_803' title='bbox 2582 4541 2656 4611; x_wconf 73' lang='grc' dir='ltr'>ψῆ</span> <span class='ocrx_word' id='word_1_804' title='bbox 2665 4559 2784 4610; x_wconf 87' lang='grc' dir='ltr'>φον,</span> <span class='ocrx_word' id='word_1_805' title='bbox 2806 4543 2867 4597; x_wconf 87' lang='grc' dir='ltr'><strong>ού</strong></span> <span class='ocrx_word' id='word_1_806' title='bbox 2885 4544 3100 4617; x_wconf 81' lang='grc' dir='ltr'>συνᾴδει</span> <span class='ocrx_word' id='word_1_807' title='bbox 3116 4544 3173 4597; x_wconf 82' lang='grc' dir='ltr'>δὲ</span> <span class='ocrx_word' id='word_1_808' title='bbox 3193 4545 3465 4598; x_wconf 84' lang='grc' dir='ltr'>κάκείνων</span> <span class='ocrx_word' id='word_1_809' title='bbox 3482 4546 3509 4597; x_wconf 84' lang='grc' dir='ltr'>ὁ</span> <span class='ocrx_word' id='word_1_810' title='bbox 3523 4557 3650 4602; x_wconf 73' lang='grc' dir='ltr'>σκο-</span> 
     </span>
    </p>
   </div>
   <div class='ocr_carea' id='block_1_109' title="bbox 2069 4632 3649 4705">
    <p class='ocr_par' dir='ltr' id='par_1_109' title="bbox 2069 4632 3649 4705">
     <span class='ocr_line' id='line_1_109' title="bbox 2069 4632 3649 4705; baseline 0.001 -19"><span class='ocrx_word' id='word_1_811' title='bbox 2069 4633 2192 4698; x_wconf 70' lang='grc' dir='ltr'>πδς,</span> <span class='ocrx_word' id='word_1_812' title='bbox 2221 4632 2299 4701; x_wconf 83' lang='grc' dir='ltr'><strong>τῷ</strong></span> <span class='ocrx_word' id='word_1_813' title='bbox 2330 4632 2441 4685; x_wconf 89' lang='grc' dir='ltr'><strong>τῶν</strong></span> <span class='ocrx_word' id='word_1_814' title='bbox 2473 4632 2654 4704; x_wconf 83' lang='grc' dir='ltr'>ὀρθῶς</span> <span class='ocrx_word' id='word_1_815' title='bbox 2677 4635 3022 4705; x_wconf 76' lang='grc' dir='ltr'>ποιουμένων</span> <span class='ocrx_word' id='word_1_816' title='bbox 3049 4636 3146 4698; x_wconf 87' lang='grc' dir='ltr'>τὰς</span> <span class='ocrx_word' id='word_1_817' title='bbox 3186 4637 3489 4702; x_wconf 85' lang='grc' dir='ltr'>ἀποφάσεις</span> <span class='ocrx_word' id='word_1_818' title='bbox 3522 4637 3649 4704; x_wconf 69' lang='grc' dir='ltr'>περὶ</span> 
     </span>
    </p>
   </div>
   <div class='ocr_carea' id='block_1_110' title="bbox 2068 4729 3651 4801">
    <p class='ocr_par' dir='ltr' id='par_1_110' title="bbox 2068 4729 3651 4801">
     <span class='ocr_line' id='line_1_110' title="bbox 2068 4729 3651 4801; baseline -0.003 -17"><span class='ocrx_word' id='word_1_819' title='bbox 2068 4729 2168 4801; x_wconf 80' lang='grc' dir='ltr'>τὴν</span> <span class='ocrx_word' id='word_1_820' title='bbox 2195 4729 2289 4783; x_wconf 87' lang='grc' dir='ltr'><strong>τοῦ</strong></span> <span class='ocrx_word' id='word_1_821' title='bbox 2322 4729 2489 4783; x_wconf 86' lang='grc' dir='ltr'>καλοῦ</span> <span class='ocrx_word' id='word_1_822' title='bbox 2520 4747 2579 4782; x_wconf 82' lang='grc' dir='ltr'><strong>τε</strong></span> <span class='ocrx_word' id='word_1_823' title='bbox 2611 4731 2705 4782; x_wconf 79' lang='grc' dir='ltr'><strong>καὶ</strong></span> <span class='ocrx_word' id='word_1_824' title='bbox 2733 4730 2939 4798; x_wconf 77' lang='grc' dir='ltr'>ἀγαθοῦ</span> <span class='ocrx_word' id='word_1_825' title='bbox 2966 4729 3168 4799; x_wconf 85' lang='grc' dir='ltr'>κρίσιν.</span> <span class='ocrx_word' id='word_1_826' title='bbox 3197 4730 3355 4799; x_wconf 79' lang='grc' dir='ltr'>Παρὰ</span> <span class='ocrx_word' id='word_1_827' title='bbox 3391 4731 3497 4800; x_wconf 66' lang='grc' dir='ltr'>γὰρ</span> <span class='ocrx_word' id='word_1_828' title='bbox 3540 4732 3651 4791; x_wconf 82' lang='grc' dir='ltr'>τοῖς</span> 
     </span>
    </p>
   </div>
   <div class='ocr_carea' id='block_1_111' title="bbox 2069 4820 3652 4891">
    <p class='ocr_par' dir='ltr' id='par_1_111' title="bbox 2069 4820 3652 4891">
     <span class='ocr_line' id='line_1_111' title="bbox 2069 4820 3652 4891; baseline -0.003 -16"><span class='ocrx_word' id='word_1_829' title='bbox 2069 4821 2428 4891; x_wconf 78' lang='grc' dir='ltr'>καλουμένοις</span> <span class='ocrx_word' id='word_1_830' title='bbox 2460 4822 2692 4891; x_wconf 82' lang='grc' dir='ltr'>κηφῆσι,</span> <span class='ocrx_word' id='word_1_831' title='bbox 2718 4821 2862 4887; x_wconf 77' lang='grc' dir='ltr'>λέγω</span> <span class='ocrx_word' id='word_1_832' title='bbox 2890 4820 2955 4889; x_wconf 85' lang='grc' dir='ltr'><strong>δὴ</strong></span> <span class='ocrx_word' id='word_1_833' title='bbox 2989 4822 3103 4885; x_wconf 84' lang='grc' dir='ltr'>τοῖς</span> <span class='ocrx_word' id='word_1_834' title='bbox 3121 4821 3218 4891; x_wconf 85' lang='grc' dir='ltr'>τὴν</span> <span class='ocrx_word' id='word_1_835' title='bbox 3251 4821 3540 4891; x_wconf 73' lang='grc' dir='ltr'>ῥᾳστώνην</span> <span class='ocrx_word' id='word_1_836' title='bbox 3568 4837 3652 4870; x_wconf 80' lang='grc' dir='ltr'>τι-</span> 
     </span>
    </p>
   </div>
   <div class='ocr_carea' id='block_1_112' title="bbox 2071 4912 3657 4984">
    <p class='ocr_par' dir='ltr' id='par_1_112' title="bbox 2071 4912 3657 4984">
     <span class='ocr_line' id='line_1_112' title="bbox 2071 4912 3657 4984; baseline -0.003 -17"><span class='ocrx_word' id='word_1_837' title='bbox 2071 4914 2319 4979; x_wconf 86' lang='grc' dir='ltr'>θεμένοις</span> <span class='ocrx_word' id='word_1_838' title='bbox 2347 4914 2708 4984; x_wconf 77' lang='grc' dir='ltr'>εύδαιμονίαν,</span> <span class='ocrx_word' id='word_1_839' title='bbox 2736 4915 2843 4967; x_wconf 77' lang='grc' dir='ltr'>οἵδε</span> <span class='ocrx_word' id='word_1_840' title='bbox 2873 4915 2980 4967; x_wconf 88' lang='grc' dir='ltr'><strong>τῶν</strong></span> <span class='ocrx_word' id='word_1_841' title='bbox 3001 4912 3217 4967; x_wconf 74' lang='grc' dir='ltr'>πάντων</span> <span class='ocrx_word' id='word_1_842' title='bbox 3245 4913 3657 4981; x_wconf 75' lang='grc' dir='ltr'>εὐδαιμονέστε-</span> 
     </span>
    </p>
   </div>
   <div class='ocr_carea' id='block_1_113' title="bbox 2080 5000 3657 5078">
    <p class='ocr_par' dir='ltr' id='par_1_113' title="bbox 2080 5000 3657 5078">
     <span class='ocr_line' id='line_1_113' title="bbox 2080 5000 3657 5078; baseline -0.002 -19"><span class='ocrx_word' id='word_1_843' title='bbox 2080 5023 2164 5078; x_wconf 93' lang='grc' dir='ltr'><strong>ροι</strong></span> <span class='ocrx_word' id='word_1_844' title='bbox 2191 5006 2494 5075; x_wconf 80' lang='grc' dir='ltr'>κρίνονται,</span> <span class='ocrx_word' id='word_1_845' title='bbox 2521 5008 2615 5058; x_wconf 71' lang='grc' dir='ltr'><strong>καὶ</strong></span> <span class='ocrx_word' id='word_1_846' title='bbox 2637 5008 2852 5060; x_wconf 80' lang='grc' dir='ltr'>πάντων</span> <span class='ocrx_word' id='word_1_847' title='bbox 2879 5007 3089 5077; x_wconf 87' lang='grc' dir='ltr'>ἀνδρῶν</span> <span class='ocrx_word' id='word_1_848' title='bbox 3105 5000 3427 5077; x_wconf 74' lang='grc' dir='ltr'>ἄριστοι,οἷς</span> <span class='ocrx_word' id='word_1_849' title='bbox 3454 5006 3520 5060; x_wconf 85' lang='grc' dir='ltr'>ἂν</span> <span class='ocrx_word' id='word_1_850' title='bbox 3543 5007 3657 5066; x_wconf 86' lang='grc' dir='ltr'>τοῖς</span> 
     </span>
    </p>
   </div>
   <div class='ocr_carea' id='block_1_114' title="bbox 2084 5090 3655 5169">
    <p class='ocr_par' dir='ltr' id='par_1_114' title="bbox 2084 5090 3655 5169">
     <span class='ocr_line' id='line_1_114' title="bbox 2084 5090 3655 5169; baseline -0.003 -17"><span class='ocrx_word' id='word_1_851' title='bbox 2084 5097 2227 5162; x_wconf 75' lang='grc' dir='ltr'>ὅλοις</span> <span class='ocrx_word' id='word_1_852' title='bbox 2257 5093 2661 5168; x_wconf 84' lang='grc' dir='ltr'>εῦπράττουσιν</span> <span class='ocrx_word' id='word_1_853' title='bbox 2689 5097 2947 5169; x_wconf 73' lang='grc' dir='ltr'>εὐμαρῶς</span> <span class='ocrx_word' id='word_1_854' title='bbox 2979 5097 3044 5151; x_wconf 68' lang='grc' dir='ltr'>τὰ</span> <span class='ocrx_word' id='word_1_855' title='bbox 3060 5090 3426 5169; x_wconf 79' lang='grc' dir='ltr'>τῇδεφὲροιτο</span> <span class='ocrx_word' id='word_1_856' title='bbox 3449 5096 3655 5149; x_wconf 80' lang='grc' dir='ltr'>πάντα·</span> 
     </span>
    </p>
   </div>
   <div class='ocr_carea' id='block_1_115' title="bbox 2082 5187 3661 5263">
    <p class='ocr_par' dir='ltr' id='par_1_115' title="bbox 2082 5187 3661 5263">
     <span class='ocr_line' id='line_1_115' title="bbox 2082 5187 3661 5263; baseline -0.001 -21"><span class='ocrx_word' id='word_1_857' title='bbox 2082 5193 2176 5244; x_wconf 67' lang='grc' dir='ltr'><strong>καὶ</strong></span> <span class='ocrx_word' id='word_1_858' title='bbox 2202 5188 2311 5244; x_wconf 84' lang='grc' dir='ltr'>εἷεν</span> <span class='ocrx_word' id='word_1_859' title='bbox 2330 5189 2429 5257; x_wconf 78' lang='grc' dir='ltr'>μὲν</span> <span class='ocrx_word' id='word_1_860' title='bbox 2458 5189 2870 5260; x_wconf 78' lang='grc' dir='ltr'>ἀπηλλαγμένοι</span> <span class='ocrx_word' id='word_1_861' title='bbox 2893 5190 3215 5258; x_wconf 84' lang='grc' dir='ltr'>φροντίδων,</span> <span class='ocrx_word' id='word_1_862' title='bbox 3233 5188 3528 5263; x_wconf 75' lang='grc' dir='ltr'>ὲσθιουσῶν</span> <span class='ocrx_word' id='word_1_863' title='bbox 3558 5187 3661 5253; x_wconf 74' lang='grc' dir='ltr'><strong>τὰς</strong></span> 
     </span>
    </p>
   </div>
   <div class='ocr_carea' id='block_1_116' title="bbox 2077 5276 3664 5353">
    <p class='ocr_par' dir='ltr' id='par_1_116' title="bbox 2077 5276 3664 5353">
     <span class='ocr_line' id='line_1_116' title="bbox 2077 5276 3664 5353; baseline -0.001 -18"><span class='ocrx_word' id='word_1_864' title='bbox 2077 5283 2256 5353; x_wconf 72' lang='grc' dir='ltr'>ψυχὰς</span> <span class='ocrx_word' id='word_1_865' title='bbox 2287 5284 2466 5353; x_wconf 78' lang='grc' dir='ltr'>σητῶν</span> <span class='ocrx_word' id='word_1_866' title='bbox 2487 5282 2639 5335; x_wconf 77' lang='grc' dir='ltr'>οὐδὲν</span> <span class='ocrx_word' id='word_1_867' title='bbox 2661 5276 2843 5353; x_wconf 82' lang='grc' dir='ltr'>ἦττον,</span> <span class='ocrx_word' id='word_1_868' title='bbox 2861 5284 2909 5334; x_wconf 85' lang='grc' dir='ltr'>εἰ</span> <span class='ocrx_word' id='word_1_869' title='bbox 2927 5282 3167 5335; x_wconf 85' lang='grc' dir='ltr'>τουτοισί</span> <span class='ocrx_word' id='word_1_870' title='bbox 3193 5299 3297 5336; x_wconf 86' lang='grc' dir='ltr'><strong>που</strong></span> <span class='ocrx_word' id='word_1_871' title='bbox 3316 5282 3664 5349; x_wconf 82' lang='grc' dir='ltr'>συγγένοιντο</span> 
     </span>
    </p>
   </div>
   <div class='ocr_carea' id='block_1_117' title="bbox 2089 5372 3666 5445">
    <p class='ocr_par' dir='ltr' id='par_1_117' title="bbox 2089 5372 3666 5445">
     <span class='ocr_line' id='line_1_117' title="bbox 2089 5372 3666 5445; baseline -0.001 -17"><span class='ocrx_word' id='word_1_872' title='bbox 2089 5376 2365 5445; x_wconf 83' lang='grc' dir='ltr'>συνεχῶς·</span> <span class='ocrx_word' id='word_1_873' title='bbox 2422 5372 2532 5428; x_wconf 76' lang='grc' dir='ltr'>εἷεν</span> <span class='ocrx_word' id='word_1_874' title='bbox 2581 5376 2637 5428; x_wconf 79' lang='grc' dir='ltr'>δὲ</span> <span class='ocrx_word' id='word_1_875' title='bbox 2690 5379 3034 5445; x_wconf 70' lang='grc' dir='ltr'>πραγμάτιον</span> <span class='ocrx_word' id='word_1_876' title='bbox 3085 5378 3290 5439; x_wconf 69' lang='grc' dir='ltr'>ὲκτὲς,</span> <span class='ocrx_word' id='word_1_877' title='bbox 3351 5375 3666 5428; x_wconf 79' lang='grc' dir='ltr'>ἀποκναίειν</span> 
     </span>
    </p>
   </div>
   <div class='ocr_carea' id='block_1_118' title="bbox 2088 5465 3666 5537">
    <p class='ocr_par' dir='ltr' id='par_1_118' title="bbox 2088 5465 3666 5537">
     <span class='ocr_line' id='line_1_118' title="bbox 2088 5465 3666 5537; baseline -0.001 -19"><span class='ocrx_word' id='word_1_878' title='bbox 2088 5467 2410 5536; x_wconf 81' lang='grc' dir='ltr'>δυναμένων</span> <span class='ocrx_word' id='word_1_879' title='bbox 2460 5468 2555 5520; x_wconf 74' lang='grc' dir='ltr'><strong>καὶ</strong></span> <span class='ocrx_word' id='word_1_880' title='bbox 2604 5465 2748 5527; x_wconf 83' lang='grc' dir='ltr'>νοῦν,</span> <span class='ocrx_word' id='word_1_881' title='bbox 2774 5466 2866 5519; x_wconf 78' lang='grc' dir='ltr'><strong>καὶ</strong></span> <span class='ocrx_word' id='word_1_882' title='bbox 2914 5466 3092 5537; x_wconf 82' lang='grc' dir='ltr'>σῶμα·</span> <span class='ocrx_word' id='word_1_883' title='bbox 3125 5466 3333 5521; x_wconf 73' lang='grc' dir='ltr'>καὶτοῦ</span> <span class='ocrx_word' id='word_1_884' title='bbox 3361 5468 3458 5534; x_wconf 80' lang='grc' dir='ltr'><strong>μὲν</strong></span> <span class='ocrx_word' id='word_1_885' title='bbox 3481 5466 3666 5518; x_wconf 86' lang='grc' dir='ltr'>πονεῖν</span> 
     </span>
    </p>
   </div>
   <div class='ocr_carea' id='block_1_119' title="bbox 2084 5557 3668 5629">
    <p class='ocr_par' dir='ltr' id='par_1_119' title="bbox 2084 5557 3668 5629">
     <span class='ocr_line' id='line_1_119' title="bbox 2084 5557 3668 5629; baseline -0.001 -15"><span class='ocrx_word' id='word_1_886' title='bbox 2084 5559 2346 5624; x_wconf 81' lang='grc' dir='ltr'>ἄγευστοι</span> <span class='ocrx_word' id='word_1_887' title='bbox 2372 5574 2385 5588; x_wconf 76' lang='grc'><strong><em>⁸</em></strong></span> <span class='ocrx_word' id='word_1_888' title='bbox 2428 5560 2456 5610; x_wconf 87' lang='grc' dir='ltr'><strong>ό</strong></span> <span class='ocrx_word' id='word_1_889' title='bbox 2487 5558 2603 5627; x_wconf 82' lang='grc' dir='ltr'>βίος</span> <span class='ocrx_word' id='word_1_890' title='bbox 2630 5559 2686 5612; x_wconf 80' lang='grc' dir='ltr'>δὲ</span> <span class='ocrx_word' id='word_1_891' title='bbox 2720 5560 2901 5621; x_wconf 69' lang='grc' dir='ltr'>αὺτοῖς</span> <span class='ocrx_word' id='word_1_892' title='bbox 2928 5558 3130 5629; x_wconf 73' lang='grc' dir='ltr'>τρυφὴ,</span> <span class='ocrx_word' id='word_1_893' title='bbox 3162 5560 3255 5613; x_wconf 67' lang='grc' dir='ltr'><strong>καὶ</strong></span> <span class='ocrx_word' id='word_1_894' title='bbox 3307 5559 3466 5612; x_wconf 77' lang='grc' dir='ltr'>πλέον</span> <span class='ocrx_word' id='word_1_895' title='bbox 3490 5557 3668 5612; x_wconf 76' lang='grc' dir='ltr'>οὐδέν.</span> 
     </span>
    </p>
   </div>
   <div class='ocr_carea' id='block_1_120' title="bbox 2087 5648 3668 5721">
    <p class='ocr_par' dir='ltr' id='par_1_120' title="bbox 2087 5648 3668 5721">
     <span class='ocr_line' id='line_1_120' title="bbox 2087 5648 3668 5721; baseline -0.004 -15"><span class='ocrx_word' id='word_1_896' title='bbox 2087 5650 2248 5718; x_wconf 80' lang='grc' dir='ltr'>Μέγα</span> <span class='ocrx_word' id='word_1_897' title='bbox 2282 5649 2339 5702; x_wconf 78' lang='grc' dir='ltr'>δὲ</span> <span class='ocrx_word' id='word_1_898' title='bbox 2385 5650 2606 5704; x_wconf 74' lang='grc' dir='ltr'>κάκεῖνο</span> <span class='ocrx_word' id='word_1_899' title='bbox 2634 5651 2970 5719; x_wconf 78' lang='grc' dir='ltr'>νομίζουσιν.</span> <span class='ocrx_word' id='word_1_900' title='bbox 2996 5651 3077 5704; x_wconf 83' lang='grc' dir='ltr'>ὅτι</span> <span class='ocrx_word' id='word_1_901' title='bbox 3099 5649 3555 5721; x_wconf 79' lang='grc' dir='ltr'>θαυματοποιοὺς,</span> <span class='ocrx_word' id='word_1_902' title='bbox 3575 5648 3668 5701; x_wconf 74' lang='grc' dir='ltr'>καὶ</span> 
     </span>
    </p>
   </div>
   <div class='ocr_carea' id='block_1_121' title="bbox 2091 5739 3670 5811">
    <p class='ocr_par' dir='ltr' id='par_1_121' title="bbox 2091 5739 3670 5811">
     <span class='ocr_line' id='line_1_121' title="bbox 2091 5739 3670 5811; baseline 0.001 -20"><span class='ocrx_word' id='word_1_903' title='bbox 2091 5740 2318 5811; x_wconf 78' lang='grc' dir='ltr'>μίμους,</span> <span class='ocrx_word' id='word_1_904' title='bbox 2340 5740 2431 5793; x_wconf 64' lang='grc' dir='ltr'>καὶ</span> <span class='ocrx_word' id='word_1_905' title='bbox 2449 5741 2741 5809; x_wconf 66' lang='grc' dir='ltr'>ὀρχηστὰς,</span> <span class='ocrx_word' id='word_1_906' title='bbox 2774 5741 2953 5808; x_wconf 80' lang='grc' dir='ltr'>σμήνη</span> <span class='ocrx_word' id='word_1_907' title='bbox 2995 5759 3049 5795; x_wconf 82' lang='grc' dir='ltr'><strong>τε</strong></span> <span class='ocrx_word' id='word_1_908' title='bbox 3093 5741 3361 5805; x_wconf 73' lang='grc' dir='ltr'>κολάκων,</span> <span class='ocrx_word' id='word_1_909' title='bbox 3389 5740 3482 5794; x_wconf 79' lang='grc' dir='ltr'>καὶ</span> <span class='ocrx_word' id='word_1_910' title='bbox 3511 5739 3670 5799; x_wconf 69' lang='lat' dir='ltr'><strong>669t-</strong></span> 
     </span>
    </p>
   </div>
  </div>
