3958 6426
270 235 376 300 413
1676 247 1818 310 ORA

1922 249 2074 313 ΟΠ.
3412 250 3520 317 ill

269 348 414 403 στῶν
448 347 602 419 ἔθνη,
633 349 735 404 καὶ⁵
759 350 1091 421 παρασίτων
1125 352 1319 424 ἑσμὸν,
1347 354 1600 421 καὶτοὺς
1646 357 1818 414 ἄλλου.

1950 370 2061 418 tate
2086 360 2422 432 frueutibus,
2450 362 2724 421 universae
2747 377 2837 422 res
2891 362 3058 434 huius
3078 362 3204 419 vita:
3233 366 3521 420 commode

266 441 396 503 τοὺς
416 440 691 505 τοιούτους
718 440 781 497 εὖ
794 443 972 496 ποιεῖν
994 443 1250 499 δύνανται
1271 446 1322 498 οἱ
1346 446 1478 517 παρ’
1500 448 1686 505 αὐτῶν
1701 449 1818 504 θαυ·

1945 454 2252 511 succedunt
2281 455 2527 526 ;quique
2547 456 2710 514 liberi
2738 463 2870 512 sunt
2900 464 2955 513 et
2981 461 3258 511 immunes
3292 470 3323 510 a
3345 456 3518 519 curis,

264 531 588 601 μαζόμενοι,
612 533 721 587 ἀπὸ
737 533 832 586 τοῦ
851 533 1105 589 πλουτεῖν
1127 536 1188 590 τό
1203 536 1467 591 δύνασθαι
1482 542 1815 611 κεκτημένοι

1949 558 2058 600 non
2091 545 2274 604 minus
2306 548 2517 604 animos
2545 548 2981 618 depascentibus,
3002 563 3168 619 quam
3191 548 3347 602 tinem
3379 548 3526 601 sole-

260 633 377 688 ant,
414 622 461 678 si
484 622 799 693 frequenter
816 625 897 680 eis
923 627 1271 695 adhaereant;
1305 630 1581 686 immunes
1603 646 1634 686 a
1664 634 1922 703 negotiis,
1945 650 2070 706 quae
2096 648 2334 694 mentem
2364 648 2418 694 et
2448 654 2648 709 corpus
2670 638 2921 695 cruciare
2958 653 3225 710 possunt;
3266 645 3524 707 expertes

262 716 534 783 laborum,
549 733 722 786 eaque
744 717 990 776 fruentes
1008 722 1139 789 vita,
1157 725 1444 794 quarninil
1469 726 1543 782 sit
1566 727 1713 783 aliud
1740 743 1902 798 quam
1926 746 2091 788 merae
2112 733 2604 806 deliciae.Magnum
2629 744 2684 793 et
2714 735 2842 790 illud
2865 735 3141 805 quidpiam
3163 750 3283 790 esse
3304 742 3518 804 putant,

260 813 407 884 quod
453 814 870 884 praestigiatores
889 859 902 877 .
925 825 981 871 et
1018 817 1216 875 mimos
1247 830 1303 876 et
1334 822 1644 889 saltatores,
1670 831 1725 879 et
1755 825 2103 883 adulatorum
2135 831 2414 896 examina,
2443 841 2498 886 et
2529 832 2923 902 ﬂagitiosorum
2958 831 3230 892 nationes,
3255 840 3310 885 et
3345 845 3508 898 para-

261 906 492 960 sitorum
522 922 762 976 gregem,
795 919 848 962 et
867 909 1006 965 alios
1039 911 1174 1001 tales
1206 913 1422 971 allicere
1442 915 1728 972 beneficiis
1756 918 2203 993 possint,qui;eis
2229 923 2580 980 admirationi
2605 932 2755 991 sunt,
2791 937 2916 980 cum
2941 921 2993 976 id
3016 930 3271 991 prmstare
3292 929 3517 991 queant.

263 998 388 1068 quia
412 998 616 1052 divitiis
660 999 970 1057 abundant.

326 1081 503 1147 Αὖται
535 1091 635 1160 μὲν
669 1092 763 1148 οὖν
813 1096 870 1147 αἱ
916 1095 1131 1167 κρίσεις
1171 1100 1282 1153 τῶν
1313 1101 1663 1175 φαυλοτέρων
1697 1080 1831 1174 περὶ

258 1182 350 1236 τὸν
400 1176 745 1253 ἀνθρώπινον
795 1185 930 1256 βίον,
970 1191 1065 1243 καὶ
1118 1190 1265 1246 οὕτω
1319 1195 1422 1263 τὴν
1472 1196 1828 1266 εὐδαιμονίαν

259 1270 558 1340 ὁρίζονταιο
600 1274 836 1338 ἐλεεινὸς
879 1277 937 1332 δὲ
966 1277 1283 1349 ἅνθρωπος,
1310 1283 1410 1337 καὶ
1438 1278 1830 1350 ταλαύίζεσθαι

258 1362 469 1426 δίκαιος
504 1368 745 1420 τουτοισὶ
781 1370 895 1432 τοῖς
946 1370 1225 1444 μοχθηρίᾳ
1278 1375 1518 1440 συζῶσιν
1549 1378 1710 1444 οὗτος
1745 1378 1829 1433 δο-

259 1457 370 1517 κεῖ,
411 1446 456 1523 ᾧ
500 1456 577 1526 μὴ
609 1459 875 1528 πράττειν
903 1461 1136 1530 ἔξεστιν,
1166 1462 1249 1530 οἷς
1283 1448 1353 1521 ἃν
1378 1470 1573 1541 ήσθείη
1602 1471 1833 1526 διαπαν-

259 1546 374 1613 τὸς,
412 1547 446 1618 ἢ
484 1550 672 1610 πενίας
711 1552 771 1605 ού
802 1556 1280 1630 συγχωρούσηςηή
1312 1561 1415 1633 τῆς
1462 1563 1604 1636 ἥϐης
1649 1583 1830 1638 παρα-

260 1641 570 1709 κμασάσης,
588 1641 621 1712 ή
639 1658 780 1706 τινος
802 1646 911 1699 τῶν
934 1647 1170 1716 θύραθεν
1185 1654 1621 1724 συμπτωμάτων
1638 1656 1770 1710 ἀπεί
1777 1675 1834 1728 ρ-

1936 1146 1941 1151 .
2001 1105 2129 1164 Haec
2184 1123 2378 1165 eorum
2433 1110 2767 1182 quicateris
2822 1117 2953 1165 sunt
2983 1107 3288 1177 praviores.
3319 1107 3513 1161 devita

1930 1201 2388 1271 humanajudicia
2408 1212 2557 1269 sunt,
2593 1210 2758 1272 atque
2784 1202 2856 1257 ita
2877 1200 3201 1256 felicitatem
3220 1199 3510 1255 definiunt.

1928 1290 2126 1348 Iisdem
2161 1293 2217 1347 in
2244 1293 2393 1347 omni
2450 1292 2693 1361 nequitia
2746 1294 2918 1348 vitam
2972 1290 3315 1361 exigentibus
3350 1293 3513 1344 homo

1929 1383 2094 1439 miser
2124 1391 2181 1440 et
2207 1384 2544 1442 miserabilis
2570 1399 2692 1442 esse
2720 1368 2961 1452 videtur,
2993 1386 3088 1455 qui
3113 1398 3176 1439 ea
3210 1381 3508 1454 peragendi

1930 1476 2249 1535 facultatem
2300 1493 2409 1533 non
2452 1479 2637 1545 habet,
2675 1494 2740 1534 ex
2776 1480 2980 1549 quibus
3010 1493 3226 1548 semper
3262 1478 3509 1544 volupta-

1932 1576 2288 1640 tem‘caperet
2306 1609 2323 1636 ,
2355 1569 2440 1624 vel
2471 1569 2656 1639 inopia
2682 1585 2792 1626 non
2820 1573 3191 1640 permittente,
3219 1571 3300 1624 vel
3326 1569 3506 1624 aetads

1929 1663 2135 1717 amisso
2164 1660 2316 1728 ﬂore,
2352 1661 2435 1716 vel
2462 1663 2704 1718 extrario
2729 1677 2858 1717 casu
2882 1664 3117 1732 quodam
3149 1662 3504 1730 impediente.

258 1746 470 1843 γοντος.
504 1732 658 1843 Harpali.
698 1733 754 1787 δὲ
798 1737 914 1843 τοῖς
948 1740 1307 1809 ἡμιφαύλοις,
1334 1745 1413 1809 ὡς
1447 1745 1514 1801 ἄν
1547 1764 1634 1812 τις
1659 1748 1818 1814 είποι,

1932 1756 2002 1808 At
2023 1768 2154 1809 vero
2177 1754 2527 1823 semipravis,
2558 1754 2635 1808 uti
2699 1755 2825 1823 quis
2854 1768 2950 1808 eos
2981 1752 3357 1822 appellaverit,
3385 1752 3508 1843 qui-

259 1820 354 1872 καί
392 1836 537 1884 τινος
565 1821 878 1893 φιλοτιμίας
912 1829 1232 1899 μετέχουσι,
1259 1834 1368 1889 τῶν
1401 1837 1467 1908 τῇ
1506 1839 1690 1908 τρυφῇ
1730 1839 1826 1892 καὶ

259 1910 509 1981 ῥᾳθυμία
559 1914 1007 1999 προσηλωμένων
1047 1923 1466 1997 μακαριώτερος
1488 1927 1669 1999 »δήπου
1699 1931 1829 1998 φαί-

260 2019 410 2055 νεται
432 2004 461 2055 ὁ
491 2004 579 2057 διὰ
604 2008 800 2076 χοροὺς
830 2010 1203 2082 ἀνδραπόδων,
1240 2017 1334 2070 καὶ
1365 2020 1592 2073 οἰκετῶν
1621 2021 1825 2091 πλήθη,

255 2096 349 2148 καὶ
385 2094 481 2165 τὴν
519 2096 686 2167 ἄλλην
719 2100 828 2154 τῶν
865 2105 1211 2173 πραγμάτων
1241 2109 1525 2177 ἀφθονίαν,
1560 2115 1658 2166 καὶ¹
1687 2114 1826 2169 πολὺ

256 2186 518 2259 ἀργύριον
543 2190 780 2259 ἀφειδῶς
813 2193 1264 2266 ἀναλισκόμενον,
1291 2201 1402 2255 τῶν
1427 2203 1642 2272 ἐχθρῶν
1676 2208 1815 2260 ἀνώ-

258 2294 409 2348 τερος
438 2280 746 2350 γινόμενος,
777 2286 873 2340 καὶ
909 2291 977 2358 τῇ
1007 2288 1236 2359 δυνάμει
1267 2297 1499 2348 τουτωνὶ
1527 2299 1829 2368 κατορχού-

272 2385 437 2438 μενος,
472 2374 617 2427 κατὰ
660 2375 788 2444 ῥοῦν
828 2379 981 2449 αὐτῷ
1011 2383 1342 2451 χωρούντων
1379 2387 1490 2440 τῶν
1522 2386 1830 2458 βουλευμά-

258 2478 385 2565 τωιμ,
431 2464 498 2519 δι’
525 2468 835 2565 μήντιναοῦν
883 2472 1060 2544 φοράν
1113 2492 1174 2529 τε
1225 2477 1321 2531 καὶ
1363 2477 1559 2550 τύχην,
1593 2480 1626 2549 ἦ
1659 2482 1716 2534 τὸ
1750 2482 1827 2554 μὴ

251 2558 501 2625 γενναῖον
525 2558 659 2624 ἴσως
687 2561 833 2632 ἔχειν
865 2565 1185 2621 ἀντίπαλον.
1211 2567 1286 2622 Οὐ
1322 2570 1431 2640 γὰρ
1465 2572 1530 2624 ὲκ
1557 2573 1653 2641 τῆς
1687 2574 1828 2642 γνώ-

254 2668 365 2721 μης
396 2654 506 2708 τῶν
535 2656 902 2727 εὖροούντων,
946 2662 1043 2712 καὶ
1088 2660 1186 2715 τοῦ
1212 2663 1467 2730 γενναίου
1504 2668 1659 2732 σφίσι
1689 2684 1825 2738 φρο-

249 2747 517 2816 νήματος,
545 2746 655 2800 οὐδ’
694 2751 759 2802 ὲκ
786 2751 887 2819 τῆς
938 2751 1147 2821 πολλῆς
1193 2753 1442 2823 ἀνδρίας,
1486 2756 1580 2809 καὶ
1610 2756 1711 2825 τῆς
1739 2773 1829 2809 τοο

250 2837 459 2908 σαύτης
488 2842 830 2909 φρονήσεως,
857 2842 953 2896 καὶ
981 2846 1077 2913 τῆς
1109 2846 1240 2913 περὶ
1273 2846 1342 2898 τὰ
1369 2847 1622 2916 πρακτέα
1655 2865 1826 2902 σπου-

246 2929 349 2999 δῆς
374 2947 434 2983 τε
476 2935 572 2987 καὶ
602 2934 1011 3004 γενναιότητος,
1036 2935 1133 2989 καὶ
1168 2935 1472 3007 συλλήϐδην
1499 2940 1600 3009 τῆς
1629 2939 1824 3009 λοιπῆς

246 3023 486 3093 ἀρετῆς·
529 3021 725 3078 οὔκουν
764 3026 874 3078 οὐδ’
922 3026 1031 3081 ἀπὸ
1085 3029 1198 3080 τῶν
1244 3029 1538 3098 πράξεων,
1586 3031 1683 3085 καὶ
1722 3031 1818 3084 τοῦ

1932 1858 2039 1916 que
2065 1845 2252 1915 gloriae
2279 1845 2513 1916 quadam
2539 1845 2839 1914 cupiditate
2860 1844 3159 1909 ducuntur,
3196 1843 3242 1897 is
3265 1858 3385 1898 esse
3411 1859 3507 1897 vo-

1931 1938 2182 2009 luptariis
2236 1948 2293 1993 et
2344 1937 2578 2007 ignaviae
2635 1937 2830 1992 deditis
2880 1936 3503 2002 beatiorexistimatur,

1930 2032 2022 2101 qui
2085 2030 2478 2099 mancipiorum
2513 2030 2769 2099 gregibus
2794 2068 2810 2093 ,
2832 2038 2886 2084 et
2911 2028 3082 2098 copiis
3113 2043 3422 2094 servorum,
3455 2037 3509 2084 et

1938 2133 2137 2178 caetera
2168 2136 2349 2175 rerum
2385 2119 2741 2185 abundantia,
2776 2120 3059 2189 multoque
3085 2128 3313 2187 argento
3340 2119 3511 2188 largi-

1933 2226 2014 2279 ter
2047 2229 2329 2282 expenso,“
2352 2215 2470 2269 suis
2517 2212 2771 2281 superior
2803 2213 3055 2267 hostibus
3087 2212 3295 2273 evadit,
3324 2221 3380 2266 et
3409 2226 3503 2277 po-

1932 2313 2182 2361 testatem
2226 2319 2414 2359 eorum
2453 2304 2703 2373 proterit,
2736 2304 2986 2360 consiliis
3018 2319 3279 2373 prospere
3302 2303 3508 2357 ceden-

1931 2397 2075 2453 tibus
2105 2412 2236 2453 casu
2267 2397 2549 2466 quopiam,
2588 2396 2670 2451 vel
2695 2395 2836 2450 forte
2865 2396 3105 2461 fortuna,
3136 2395 3218 2451 rel
3246 2395 3388 2465 quod
3417 2397 3513 2449 all-

1929 2490 2232 2544 versarinm
2292 2488 2525 2544 fortasse
2549 2503 2740 2559 parum
2791 2496 3076 2543 strenuum
3138 2489 3355 2543 habeat.
3396 2487 3512 2543 Neu

1928 2581 2073 2636 enim
2111 2597 2177 2637 ex
2229 2581 2411 2635 indole
2440 2570 2883 2647 strenuitateque
2927 2581 3208 2650 prosperis
3238 2579 3510 2634 utentium

1929 2673 2299 2737 successibus,
2337 2687 2436 2728 nec
2469 2687 2665 2742 magna
2698 2671 3042 2739 fortitudine,
3076 2688 3175 2727 nec
3198 2673 3510 2742 prudentia,

1929 2780 2031 2820 nec
2059 2765 2113 2818 in
2141 2765 2370 2834 agendis
2418 2770 2583 2819 rebus
2611 2762 2693 2819 vel
2723 2765 2929 2831 studio,
2966 2765 3051 2819 vel
3077 2765 3380 2831 industria,
3409 2780 3514 2820 nec

1929 2855 2157 2922 reliquis
2200 2854 2300 2921 (ut
2358 2855 2671 2910 summatim
2743 2855 2965 2927 dicam)
3018 2856 3343 2910 virtutibus:
3402 2870 3512 2911 non

1926 2948 2091 3003 etiam
2136 2963 2199 3002 ex
2241 2946 2419 3011 factis,
2481 2955 2646 3016 atque
2706 2948 2990 3014 moribus;
3043 2964 3144 3004 nec
3186 2949 3254 3011 de
3285 2949 3515 3004 materie

1929 3028 2425 3109 negotiorum‘qua:
2450 3040 2506 3093 in
2530 3040 2785 3096 manibus
2803 3042 2961 3107 'sunt,
2989 3056 3086 3096 nec
3113 3041 3181 3094 de
3209 3040 3512 3095 adversarii

245 3115 469 3186 τρόπου’
502 3115 612 3168 οὐδ’
641 3115 751 3170 ἀπὸ
805 3119 906 3188 τῆς
947 3117 1087 3187 ὕλης
1129 3121 1239 3175 τῶν
1268 3123 1372 3176 ἀνὰ
1420 3127 1612 3194 χεῖρας
1643 3142 1818 3196 πραγ-

1923 3132 2328 3201 exploratione,
2387 3147 2624 3201 quanam
2679 3133 2733 3187 in
2765 3133 2969 3188 virtute
2996 3148 3061 3187 ac
3127 3133 3383 3195 scientia,
3426 3135 3509 3188 rel

250 3210 440 3281 μάτων
466 3221 483 3238 ο
515 3208 626 3263 οὐδ’
659 3210 724 3262 ὲκ
755 3209 854 3264 τοῦ
896 3210 989 3264 τὸν
1016 3213 1448 3289 ρὰνταγωνιστὴν
1479 3217 1821 3288 βασανίζειν,

245 3301 398 3362 ὅπως
446 3301 650 3371 ἀρετῆς
683 3317 741 3353 τε
777 3302 872 3356 καὶ
907 3301 1244 3375 ἐπιστήμης,
1281 3306 1312 3376 ἢ
1349 3294 1696 3380 φαυλότητος
1726 3314 1823 3368 καὶ

244 3393 605 3458 ἀπαιδευσίας
655 3394 876 3465 μετέχει
897 3410 913 3426 ο
952 3395 1070 3449 ἀλλ’
1102 3398 1169 3450 ἐκ
1199 3398 1304 3470 τῆς
1332 3400 1615 3466 ἐκϐάσεως
1649 3404 1821 3475 μόνης

243 3488 485 3541 τουτοισὶ
541 3486 609 3540 τὰ
660 3487 967 3557 πράγματα
1023 3487 1291 3559 κρίνεται,
1344 3492 1446 3562 τὴν
1483 3494 1685 3566 ἀρετὴν
1724 3512 1821 3566 μευ

243 3578 435 3650 τροῦσι
466 3581 578 3641 τοῖς
599 3580 997 3651 εὐτυχήμασιν,
1026 3582 1219 3653 ἄκροις
1259 3584 1310 3656 (ὅ
1337 3585 1494 3656 φασι)
1530 3586 1825 3652 δακτύλοις

242 3671 352 3733 τῶν
388 3673 735 3744 πραγμάτων
768 3674 1197 3744 ἐφαπτομένοις.
1234 3677 1352 3732 Κᾶν
1378 3678 1524 3733 οὕτω
1553 3681 1653 3753 τὴν
1685 3699 1820 3736 σαυ-

177 3809 183 3815 .
241 3767 340 3821 τοῦ
364 3766 545 3838 ψυχὴν
571 3766 907 3838 ἀσύγκριτον
948 3770 1254 3845 ἀποφήνῃς,
1287 3771 1362 3837 ὡς
1410 3770 1554 3828 εἶναι
1593 3775 1693 3843 μὲν
1721 3778 1820 3847 τῆς

242 3860 521 3931 Νέστορος
558 3862 654 3914 καὶ
692 3862 1046 3932 Σολομῶντος
1083 3867 1505 3937 φρονιμωτέραν
1528 3910 1543 3935 ,
1580 3863 1724 3924 εἶναι
1761 3869 1817 3940 δε

239 3954 343 4022 τῆς
384 3952 671 4024 Ἀχιλλέως
706 3957 801 4008 καὶ
828 3955 1068 4025 Σαμψὼν
1098 3958 1499 4029 ἀνδρειοτέραν,
1539 3961 1818 4031 γέμουσάν

239 4065 299 4113 τε
329 4046 560 4118 ἀρετῶν,
587 4040 660 4099 ὧν
689 4046 922 4117 ήρκεσεν
956 4048 1165 4119 ἑκάστη
1191 4053 1470 4123 κοσμῆσαι
1493 4053 1585 4108 τὸν
1615 4071 1815 4124 κεκτηο

242 4139 427 4210 μένονο
456 4139 559 4192 κᾶν
603 4136 746 4192 οὕτω
781 4138 850 4193 τὰ
889 4143 1147 4211 πρακτέα
1178 4143 1492 4217 διενεργῇς,
1525 4147 1602 4213 ὡς
1644 4151 1816 4220 φοϐῆ-

239 4250 331 4285 σαι
368 4230 470 4301 μὲν
505 4230 771 4297 ἐναντίον,
809 4233 1080 4304 εὐφρᾶναι
1129 4237 1186 4289 δὲ
1221 4237 1400 4307 φίλον,
1441 4239 1723 4311 θαυμάσαι
1755 4242 1813 4296 δὲ

238 4324 481 4387 πάνταςθ
526 4323 721 4378 ἔπειτα
758 4325 860 4390 τῆς
906 4325 1078 4397 τύχης
1108 4328 1582 4403 ἀντιπιπτούσης,
1626 4333 1659 4405 ἢ
1716 4354 1814 4388 πε-

236 4420 357 4479 νίας
395 4416 686 4487 πειραθῇς,
731 4416 764 4487 ἢ
797 4418 897 4487 τῆς
942 4419 1299 4492 ὑπαρχούσης
1327 4426 1572 4498 ὲκπέσῃς
1614 4428 1800 4500 δόξης,

236 4511 271 4580 η
300 4526 447 4571 τινος
468 4508 659 4578 ¹ἥττων
693 4510 1087 4597 ὀφθῇςέπολλὰ
1133 4512 1190 4566 δὲ
1237 4515 1305 4568 ἂν
1331 4512 1546 4584 γένοιτο
1582 4522 1809 4576 τοιαῦτα

236 4604 367 4672 περὶ
396 4599 486 4652 τὸν
516 4598 747 4672 εὔριπον
785 4601 935 4655 τόνδε
974 4602 1110 4673 βίον,
1143 4608 1231 4658 καὶ
1265 4608 1455 4677 γέγονέ
1491 4628 1577 4675 τις
1605 4614 1807 4670 πολλά-

235 4710 320 4753 xi:
358 4691 631 4760 κρείττων
666 4692 860 4762 ἀνδρὸς
916 4695 1213 4750 σπουδαίου
1265 4700 1358 4752 καὶ
1397 4701 1523 4755 νοῦν
1566 4703 1804 4774 ἔχοντος,

245 4783 363 4852 μηδ’
389 4786 676 4854 ἀνδριᾶσιν
709 4786 904 4851 ἐοικὼς
958 4788 1359 4860 ἅπεξεσμένοις
1417 4797 1498 4858 εἰς
1539 4795 1679 4861 εἶδος
1713 4801 1807 4850 ἀν-

246 4873 357 4940 διιὶις
380 4876 678 4946 γενναίου),
714 4880 741 4930 ὁ
776 4880 1005 4950 εὐήθης,
1036 4882 1064 4934 ὁ
1104 4881 1303 4950 δειλὸς,
1334 4885 1363 4937 ὁ
1397 4886 1594 4956 μιαρὸς
1620 4929 1635 4952 ,
1666 4890 1809 4960 ἀκήν

243 4981 365 5029 κοας
396 4969 552 5038 παρὰ
576 4969 686 5022 τῶν
720 4969 796 5033 ὡς
837 4972 1055 5043 άληθῶς
1092 4976 1352 5032 τοιούτων
1390 4980 1719 5050 ἀνθρώπων,
1760 4983 1809 5037 οἳ

233 5057 295 5127 δή
327 5076 446 5113 τινα
479 5060 856 5131 Θαυμάζοντες
893 5067 1287 5136 κατορθοῦντα,
1320 5071 1414 5142 καὶ
1438 5072 1537 5142 τῆς
1560 5077 1810 5142 γενναιό-

232 5169 391 5220 τητος
426 5154 695 5229 ἀγάμενοι
729 5158 957 5226 σφόδρα,
993 5162 1087 5212 καὶ
1125 5140 1399 5230 ἐγκώμιῷ
1437 5140 1629 5237 μακρὰ
1682 5169 1806 5221 κατ’

229 5244 396 5297 αὐτοῦ
422 5245 905 5316 δημιουργοῦντες,
941 5251 1216 5321 ὀστράκου
1254 5256 1430 5325 (φασὶ)
1462 5266 1807 5326 μεταπεσόν-

230 5353 352 5402 τος,
392 5337 834 5405 μεταϐαλόντες,
882 5344 1172 5407 κακίζουσι
1220 5347 1339 5416 μεθ’
1382 5349 1694 5419 ὑπερϐολῆς
1745 5353 1806 5406 οὗ

232 5429 710 5500 μεταϐεϐλημένον
755 5435 856 5503 τὴν
913 5437 1156 5508 ἀρετὴν,
1192 5437 1250 5491 ὃν
1286 5442 1502 5511 ,μικρὸν
1565 5444 1804 5511 πρόσθεν

225 5519 634 5590 ὲπῄνουν,’καὶ
675 5523 758 5577 ὅτι
820 5525 894 5595 μὴ
960 5530 1055 5581 καὶ
1086 5529 1378 5600 οὐρανίους
1432 5533 1585 5602 αὐτῷ
1635 5537 1802 5602 τιμὰς

226 5610 528 5680 ἀπονέμειν
578 5612 697 5678 ἐξὸν
748 5609 816 5685 ἦν
862 5620 1070 5684 αὐτοῖς,
1119 5621 1524 5692 ἐδυσχέραινον.
1563 5624 1802 5690 Πένθους

1925 3224 2176 3279 socordia
2211 3235 2264 3278 et
2299 3224 2517 3280 inscitia
2548 3224 2617 3279 sit
2642 3226 2924 3295 praeditus,
2948 3227 3041 3281 sed
3075 3242 3138 3278 ex
3169 3236 3363 3281 eventu
3388 3227 3510 3282 solo

1924 3316 1992 3371 de
2033 3316 2198 3372 rebus
2237 3326 2507 3384 statuunt,
2561 3318 2690 3373 dum
2747 3319 3004 3373 virtutem
3054 3335 3118 3373 ex
3157 3321 3509 3377 successibus

1926 3409 2243 3476 metiuntur,
2270 3421 2324 3467 et
2356 3414 2618 3468 extremis
2667 3412 2836 3482 (quod
2874 3412 3051 3482 aiunt)
3089 3412 3272 3485 digitis
3307 3429 3392 3468 res
3423 3424 3510 3468 at-

1925 3500 2161 3571 tingunt.
2212 3500 2366 3557 Licet
2402 3503 2649 3558 animum
2681 3510 2834 3559 tuum
2866 3490 3003 3559 adeo
3027 3505 3266 3574 positum
3288 3520 3504 3560 onmem

1919 3603 2075 3649 extra
2127 3594 2597 3664 comparationem
2651 3596 2871 3665 probes,
2920 3607 2979 3650 ιιι
3008 3596 3196 3650 animo
3251 3595 3510 3653 Nestoris

1920 3693 2085 3755 atque
2110 3685 2420 3743 Salomonis
2450 3688 2774 3758 prudentior
2804 3689 2896 3753 sit,
2924 3699 2979 3743 et
3003 3689 3232 3743 Achillis
3266 3703 3329 3743 ac
3352 3689 3507 3742 Sam-

1920 3778 2073 3834 sonis
2104 3780 2288 3835 animo
2319 3779 2537 3854 fortior,
2560 3779 2737 3849 iisque
2757 3780 2997 3834 refertus
3024 3781 3342 3845 virtutibus,
3372 3797 3504 3851 qua-,-

1921 3889 2041 3926 rutu
2100 3872 2357 3942 quaelibet
2407 3873 2654 3927 ornando
2685 3871 2993 3942 possessori
3042 3888 3145 3927 suo
3178 3872 3503 3929 sufficeret:

1919 3965 2046 4020 licet
2101 3965 2310 4035 agenda
2341 3965 2420 4020 sic
2461 3966 2736 4035 perlieias,
2782 3975 2839 4019 ιιι
2881 3966 3201 4020 adversario
3236 3962 3503 4021 terrorem

1919 4056 2174 4119 incuties,
2210 4056 2540 4125 voluptatein
2598 4042 2779 4125 parias
2824 4058 3042 4120 amico,
3067 4073 3264 4114 omnes
3296 4060 3349 4113 in
3407 4059 3506 4113 ad-

1919 4150 2262 4204 mirationem
2324 4150 2398 4203 tui
2458 4151 2639 4217 rapias
2685 4166 2698 4203 :
2757 4152 2849 4205 sed
2893 4160 3098 4204 mutata
3142 4151 3340 4206 deinde
3393 4151 3504 4205 for-

1920 4251 2074 4302 tuna,
2126 4239 2208 4294 vel
2268 4240 2736 4310 inpanpcrtatem
2797 4240 3083 4305 incideris,
3145 4243 3228 4297 vel
3297 4255 3503 4312 partam

1914 4334 2143 4404 gloriam
2193 4316 2464 4400 amiseris,
2489 4334 2577 4389 vel
2627 4334 2803 4390 victus
2837 4335 2905 4388 ab
2939 4337 3125 4406 aliquo
3148 4338 3315 4393 fueris
3349 4337 3503 4409 (qua-

1874 4428 1987 4499 ;lia
2058 4427 2222 4481 multa
2282 4426 2336 4479 in
2405 4427 2507 4481 bac
2546 4428 2895 4483 volnbilivita
2944 4431 3162 4483 evenire
3232 4441 3501 4499 possunt,

1919 4520 1974 4573 in
2035 4534 2142 4587 qua
2191 4519 2389 4587 saepius
2437 4520 2681 4585 accidit,
2717 4531 2774 4574 ιιι
2805 4522 3081 4574 hominem
3130 4531 3239 4574 tmn
3279 4523 3497 4589 virtute,

1921 4620 2032 4665 tum
2068 4621 2245 4664 mente
2272 4612 2555 4680 pt'mdituut
2590 4614 2772 4666 vincat
2806 4615 3030 4681 aliquis,
3053 4629 3120 4667 ne
3148 4617 3343 4670 statuis
3372 4617 3497 4684 qui-

1918 4705 2038 4760 dem
2090 4705 2321 4773 sculptis
2350 4705 2415 4758 ad
2450 4704 2682 4759 formam
2742 4706 2951 4758 strenui
2978 4706 3074 4759 viri
3113 4709 3498 4775 respondens),

1917 4810 1970 4852 et
1988 4798 2239 4862 stultum,
2270 4804 2322 4851 et
2356 4798 2632 4861 timidum,
2667 4807 2720 4852 et
2755 4799 3024 4865 impurum
3056 4799 3130 4852 illi
3165 4809 3216 4854 te
3258 4800 3497 4868 appella-

1915 4892 2050 4946 bunt
2099 4890 2375 4955 homines,
2420 4893 2514 4962 qui
2569 4907 2760 4958 reapse
2810 4891 2945 4947 tales
2991 4903 3144 4958 sunt,
3176 4892 3379 4962 quique
3404 4908 3492 4947 res

1914 4985 2205 5054 preat-[aras
2237 4996 2516 5054 gerentem
2581 4986 2817 5054 aliquem
2868 4983 3230 5049 admirantes,
3275 4995 3327 5037 et
3358 4994 3493 5039 stre-

1914 5079 2183 5131 nultatem
2214 5076 2368 5130 valde
2397 5076 2783 5145 suspicientes,
2806 5076 3153 5143 prolixasque
3175 5076 3363 5131 laudes
3398 5080 3494 5132 bo.

1915 5165 2045 5218 mini
2070 5160 2392 5230 condentes,
2418 5175 2554 5220 testa
2588 5165 2755 5234 (quod
2780 5164 2956 5235 aiunt)
2981 5179 3249 5219 conversa
3277 5167 3493 5232 mutati,

1913 5272 2080 5324 supra
2113 5258 2334 5312 modum
2372 5258 2513 5310 male
2554 5265 2789 5310 tractant
2817 5257 3043 5310 minime
3080 5267 3352 5311 mutatum
3384 5260 3495 5312 vir-

1913 5358 2027 5403 tute
2068 5349 2265 5413 virum,
2327 5364 2489 5425 quem
2539 5349 2700 5417 paulo
2739 5357 2865 5401 ante
2896 5347 3293 5414 lattalabaut,et
3343 5353 3489 5417 quod

1916 5445 2159 5496 linuntes
2179 5442 2226 5496 ei
2281 5441 2536 5495 ccelestes
2564 5439 2778 5494 deferre
2816 5455 2920 5495 non
2956 5452 3210 5510 possent,
3255 5445 3486 5498 moleste

1908 5534 2173 5589 ferebant.
2200 5534 2364 5588 Iidem
2394 5532 2687 5602 lugendum
2713 5543 2939 5586 censent
2968 5548 3092 5587 eum
3128 5535 3220 5602 ‘qui
3257 5535 3481 5603 gloriam

1906 5627 2125 5689 amittit,
2153 5643 2258 5682 non
2289 5626 2428 5680 illam
2469 5623 2833 5689 verissimam,
2861 5632 2915 5678 et
2941 5624 3263 5687 durabilem,
3297 5636 3351 5680 et
3376 5643 3481 5680 ιιιι.ι

228 5700 269 5763 δ’
299 5701 453 5768 ἄξιον
486 5704 674 5759 τοῦτον
727 5710 1039 5780 κρίνουσιν,
1080 5713 1143 5778 ὃς
1179 5715 1242 5768 ἂν
1270 5715 1430 5787 δόξης
1464 5717 1672 5788 ἕρημος
1711 5720 1800 5789 γέ-

1922 5737 2002 5784 unt
2040 5718 2236 5789 spiritu
2276 5718 2401 5774 hinc
2432 5719 2781 5789 migrantent,
2810 5717 2903 5773 sed
2931 5718 3070 5774 hanc
3092 5733 3307 5785 vanam,
3330 5733 3477 5788 qut}:—

1134 5808 1155 5829 \
1546 5808 1549 5811 .
