3958 6420
1075 187 1218 213 sunt“

505 246 614 312 415

1687 233 2574 299 MANUELtsmLmLoct
3619 233 3713 304 ut

507 376 616 431 que
673 357 858 429 pmius
909 369 1033 409 esse
1076 352 1249 424 gloria
1298 353 1518 408 videtur
1555 367 1722 423 quam
1767 350 1860 413 sit,
1888 357 1940 403 et
1962 363 2078 403 euut

2192 363 2356 410 νοιτο,
2387 346 2450 399 οὐ
2501 344 2602 413 τῆς
2632 322 3010 413 ἀληθεστάτης
3063 326 3168 412 δὴ,
3195 325 3299 396 ’καὶ
3341 328 3586 415 μονίμου,
3627 351 3710 404 καὶ

508 467 739 522 corpore
778 448 1116 512 dissolvitur,
1153 448 1198 502 si
1241 448 1381 502 bene
1421 447 1614 510 duret;
1649 444 1931 499 autetiam
1971 457 2077 496 non

507 560 636 600 raro
681 554 809 597 ante
857 542 1134 595 hominem
1175 543 1382 610 ipsum,
1418 541 1499 595 sic
1531 540 1836 594 ferentibus
1865 537 2079 593 eventis

507 638 940 703 rerum,‘avo,iat,
974 636 1056 688 vel
1098 636 1280 705 potius
1309 634 1544 688 infinitis
1579 633 1754 688 modis
1779 633 1832 686 in
1857 639 2079 686 eontra-

510 731 649 783 tium
675 730 840 782 radit.
871 730 1228 782 Arbitrantur
1270 742 1402 782 sane
1433 728 1687 781 virtutem
1725 741 1850 780 sesc
1877 723 2078 786 colere,

505 825 633 877 dum
661 838 782 878 eam
813 822 1068 876 affectant
1098 821 1462 883 ambitiosius,
1482 819 1714 889 ideoque
1737 817 1891 874 nullo
1917 816 2081 870 modo

508 916 766 978 fut-tome,
816 915 910 968 sed
948 914 1132 967 virtuti
1167 915 1556 968 strenuitatem
1611 912 1938 966 attribuunt.
1978 909 2084 964 Ve-

509 1022 628 1056 rum
660 1004 818 1057 factis
839 1003 975 1070 ipsis
1005 1002 1324 1065 ostendunt,
1353 1004 1574 1057 minime
1599 1018 1658 1058 se
1685 1001 1844 1056 bonis
1876 1015 1906 1054 a
1945 999 2083 1055 viris

508 1112 658 1162 gesm
699 1097 882 1149 \irtuti
930 1107 1148 1163 accepta
1183 1096 1344 1157 ferre,
1371 1097 1465 1149 sed
1498 1093 1736 1149 fortuna:
1777 1101 1953 1147 totum
1979 1093 2082 1147 im-

509 1200 737 1256 putare;
775 1189 1018 1257 adeoque
1044 1189 1172 1243 dum
1233 1188 1560 1257 simpliciter
1607 1201 1873 1256 prospero
1907 1199 2077 1242 cursu

2188 439 2677 508 συναπερχομένης
2714 435 2925 489 ἐνθένδε
2974 437 3056 506 τῷ
3090 437 3396 507 πνεύματι·
3425 441 3638 509 ταυτησὶ
3663 441 3713 496 δὲ

2187 534 2291 601 τῆς
2321 534 2504 601 κενῆς,
2547 535 2648 600 τῆς
2677 531 2884 601 μᾶλλόν
2923 547 2991 600 γε
3027 530 3344 599 δοκούσηςῆ
3375 531 3716 604 ὑπαρχούσης,

2187 626 2284 678 καὶ
2325 625 2701 694 συλλυομένης
2751 624 2830 694 τῷ
2877 625 3131 696 σώματι,
3183 624 3380 677 ὁπόταν
3431 638 3492 691 γε
3544 624 3630 678 καὶ
3666 623 3720 681 εὖ

2187 720 2484 791 διαρκέσῃ,
2513 719 2547 786 ἢ
2608 717 2704 770 καὶ
2753 715 3255 786 προαφιπταμὲνης
3294 714 3452 766 αὐτοῦ
3488 715 3720 780 πολλάκις

2187 814 2301 874 τοῖς
2327 811 2436 866 ἀπὸ
2481 811 2592 864 τῶν
2621 809 2972 880 πραγμάτων
3019 805 3386 877 συμπτώμασι
3414 822 3430 838 ο
3465 806 3648 876 μᾶλλον
3673 807 3724 862 δέ

2192 924 2297 960 που
2360 907 2457 958 καὶ
2514 904 2866 976 τρεπομένης
2923 904 3004 963 εις
3047 900 3356 954 τούναντίον
3390 900 3593 970 μυρέοις
3617 899 3726 970 τρό-

2191 1015 2334 1062 ποις.
2377 998 2596 1050 Οῐυνται
2636 995 2734 1066 μὲν
2775 991 2873 1048 οὖν
2922 994 3127 1062 ἀρετὴν
3165 991 3520 1062 μετέρχεσθαι
3549 991 3621 1061 τῷ
3651 1009 3727 1060 φι-

2187 1087 2722 1159 λοτιμεῖσθαιβοθεν
2757 1086 2855 1155 τὴν
2887 1085 3058 1156 τύχην
3087 1083 3358 1154 οὐδαμῶς,
3373 1083 3468 1154 τὴν
3485 1082 3527 1137 δ’
3547 1084 3725 1152 ἀρετὴν

2189 1181 2351 1236 αίτιῶ
2362 1197 2476 1232 νται
2497 1179 2634 1246 πρὸς
2656 1177 3034 1246 γενναιότητα.
3059 1177 3347 1230 Φαίνονται
3371 1176 3430 1228 δὲ
3461 1169 3539 1238 οἷς
3568 1174 3726 1244 πράτ-

508 1281 873 1349 navigatiouis
928 1289 1168 1335 utentem
1229 1295 1484 1349 magnum
1522 1280 1753 1341 ducunt,
1806 1292 1916 1332 non
1947 1292 2078 1332 eum

2185 1289 2396 1334 τουσιν,
2415 1261 2619 1341 ἥκιστα
2643 1269 2744 1339 μέν
2764 1287 2817 1321 τι
2833 1267 3091 1336 νέμοντες
3115 1268 3282 1338 ἀρετῇ
3306 1265 3412 1319 τῶν
3439 1266 3733 1333 πεπραγμέ-

507 1371 600 1439 qui
652 1373 828 1442 perite
862 1372 1042 1426 navim
1073 1375 1426 1435 moderatur,
1451 1388 1507 1426 tn
1539 1385 1732 1426 errore
1753 1378 2072 1426 versantur.

2184 1382 2293 1419 νων
2331 1365 2592 1436 χρηστοῖς
2629 1361 2880 1430 ἀνδράσι,
2899 1361 2968 1431 τῇ
2991 1359 3135 1430 τύχη
3161 1358 3221 1414 δὲ
3252 1358 3312 1410 τὸ
3335 1358 3442 1411 πᾶν
3467 1357 3732 1425 λογιζόμε-

507 1481 612 1517 νοι.
637 1465 745 1517 Καὶ
765 1464 856 1516 τὸν
882 1463 1069 1527 ἁπλῶς
1097 1463 1434 1516 εὐπλοοῦντα
1469 1463 1645 1532 μέγαν
1662 1460 2112 1532 ἡγούμενοι,ὀὐχὶ
2139 1459 2232 1513 τδν
2262 1459 2360 1512 σὺν
2391 1455 2670 1525 δπιστήμῃ
2700 1453 2759 1506 τδ
2781 1454 2986 1520 σκάφος
3007 1453 3231 1520 ἂγοντα,
3259 1449 3401 1504 οὕτω
3430 1447 3732 1502 πλανῶνται.

578 1557 836 1610 Sedenim
894 1558 1040 1611 hunc
1100 1559 1154 1610 in
1215 1556 1438 1611 modum
1489 1558 1542 1611 lti
1573 1555 1841 1619 sentiunt,
1877 1570 1943 1611 ac
1975 1569 2083 1610 non
2113 1558 2160 1618 B

505 1649 602 1705 abs
656 1665 715 1703 re
778 1651 1023 1717 quidem,
1087 1659 1148 1704 ut
1193 1649 1285 1719 qui
1314 1664 1416 1705 nec
1451 1649 1657 1719 egregii
1689 1649 1790 1704 viri
1816 1649 1950 1714 sint,
1977 1661 2080 1702 nee

505 1741 722 1808 egregie
762 1738 886 1796 boni
919 1744 1184 1795 rationem
1219 1741 1523 1811 intelligere
1545 1749 1753 1810 queant
1788 1750 2078 1812 propterea

503 1835 649 1902 quod
681 1849 870 1886 eorum
925 1850 1078 1888 mens
1111 1834 1341 1888 ulterius
1395 1849 1560 1904 quam
1606 1834 1751 1889 oculi
1787 1841 2080 1903 penetrare

505 1943 613 1981 non
643 1931 836 1996 possit,
865 1929 997 1994 imo,
1021 1931 1204 1984 verius
1239 1937 1296 1982 ut
1323 1931 1538 1998 loquar,
1575 1945 1640 1984 ne
1665 1929 1884 2000 quidem
1913 1943 2080 1999 appa-

504 2023 678 2076 rentia
732 2021 998 2088 sincerius
1050 2032 1212 2089 atque
1243 2023 1432 2090 purius
1487 2022 1800 2092 inspiciaot-
1834 2022 1904 2075 At
1939 2036 2074 2077 vero

503 2113 631 2167 boui
665 2123 718 2167 et
746 2114 1085 2168 cordatiorea
1113 2116 1167 2168 in
1225 2115 1542 2169 universum
1604 2115 1859 2170 electioni
1887 2116 2080 2170 volun-

501 2204 628 2259 tatis
681 2214 734 2258 et
784 2205 1112 2268 institutioni
1166 2217 1329 2261 rectae
1393 2207 1704 2263 felicitatem
1749 2207 2074 2263 attribuunt.

501 2294 637 2348 Nam
673 2297 951 2366 prosperis
979 2297 1062 2352 vel
1100 2298 1200 2362 uti,
1225 2299 1306 2353 vel
1334 2313 1440 2353 non
1470 2300 1550 2354 uti
1582 2301 1954 2366 successibus,
1983 2317 2078 2356 nc-

499 2404 776 2458 quaquam
811 2391 1064 2460 princeps
1093 2393 1254 2461 quasi
1291 2393 1578 2462 cogitatio,
1628 2409 1809 2449 veram
1850 2395 2077 2452 tendens

499 2481 568 2535 ad
601 2482 938 2547 heatitatem,
981 2483 1050 2538 ab
1083 2484 1161 2540 eis
1193 2499 1315 2540 esse
1355 2493 1609 2556 putatur:
1652 2488 1876 2556 quando
1900 2487 2075 2557 major

502 2591 561 2631 re
626 2577 1008 2646 prosperitatis
1059 2588 1214 2647 parte
1269 2578 1452 2632 vitiosi
1497 2582 1678 2649 potius
1733 2596 1897 2650 quam
1940 2595 2080 2650 pra:-

497 2677 708 2724 slantes
753 2679 808 2723 et
849 2669 1052 2740 egregii
1100 2670 1200 2724 viri
1252 2671 1530 2726 fruuntur.
1575 2672 1843 2725 Nimirum
1886 2673 2077 2728 beatus

501 2761 672 2814 animi
703 2770 957 2828 respecm
992 2760 1188 2816 beatus
1216 2771 1322 2816 est.
1352 2761 1585 2817 Animus
1617 2778 1745 2817 vero
1776 2777 1874 2832 per
1906 2763 2080 2817 virtu-

499 2861 609 2907 tem
635 2851 688 2907 in
711 2859 856 2907 statu
886 2868 988 2908 suo
1020 2862 1323 2922 permanet,
1365 2853 1448 2908 vel
1475 2854 1540 2907 ad
1571 2870 1696 2910 eum
1750 2854 1918 2910 redit.
1943 2853 2071 2910 Vir-

2274 1551 2418 1605 Ἀλλ’
2457 1549 2567 1603 οἵδε
2619 1548 2725 1619 μὲν
2760 1540 2864 1601 ὧδε
2911 1546 3158 1610 εἰκότως,
3211 1543 3308 1598 at:
3363 1541 3441 1613 μὴ
3497 1541 3734 1610 γενναῖοι,

2193 1643 2329 1716 μηδὲ
2378 1641 2648 1712 γενναίως
2684 1638 2948 1708 τάγαθὸν,
2979 1639 3102 1692 ὅποι
3149 1636 3288 1706 ἔχει,
3328 1635 3624 1706 διακρίνειν
3648 1628 3737 1684 οἷοί

2184 1752 2247 1790 τε
2295 1735 2472 1798 δντες,
2521 1732 2601 1803 τῷ
2634 1733 2710 1803 μὴ
2742 1731 3058 1800 περαιτέρω
3109 1729 3211 1798 τῆς
3260 1727 3439 1797 ὅψεως
3480 1726 3578 1794 τὴν
3609 1723 3737 1792 σφῶν

2187 1825 2430 1882 διάνοιαν
2467 1823 2793 1879 διικνεῖσθαι
2838 1822 3141 1888 δύνασθαι,
3194 1819 3295 1874 καὶ
3352 1822 3412 1873 τό
3461 1835 3524 1885 γε
3561 1816 3738 1885 ἀληθέα

2188 1935 2383 1990 στερον
2427 1919 2626 1988 φάναι,
2666 1917 2802 1989 μηδὲ
2835 1915 2968 1985 γοῦν
3012 1915 3154 1969 αὐτὰ
3185 1915 3257 1967 τὰ
3292 1912 3589 1980 φαινόμενα
3624 1909 3740 1960 θεω-

2187 2012 2412 2081 ροῦντες
2444 2011 2764 2082 ὑγιέστερόν
2786 2027 2846 2063 τε
2868 2009 2966 2063 καὶ
2986 2007 3396 2078 καθαρώτερον·
3419 2005 3468 2058 οί
3493 2004 3536 2056 δ’
3567 1999 3740 2069 ἀγαθοὶ

2185 2106 2284 2160 καὶ
2307 2105 2715 2175 νουνεχὲστεροι
2761 2101 2870 2157 τῶν
2905 2101 3118 2171 ἀνδρῶν
3167 2099 3247 2169 τῷ
3297 2099 3405 2168 ὅλῳ
3437 2113 3497 2148 τε
3548 2093 3639 2146 καὶ
3673 2089 3739 2158 τῷ

2187 2197 2371 2259 παντὶ,
2423 2199 2489 2266 τῇ
2544 2196 2868 2268 προαιρέσει
2902 2195 2998 2248 καὶ
3023 2195 3092 2264 τῇ
3131 2191 3414 2246 παιδεύσει
3446 2189 3542 2258 τὴν
3582 2184 3738 2238 εὐδαι-

2190 2290 2379 2360 μονίαν
2422 2291 2758 2358 λογίζονται.
2804 2289 2878 2343 Τδ
2932 2288 3042 2360 γὰρ
3095 2288 3312 2358 εὐροεῖν
3362 2301 3422 2339 τε
3457 2282 3548 2337 καὶ
3582 2280 3652 2350 μὴ
3684 2278 3738 2332 οὐ

2187 2389 2579 2458 προηγουμένη
2612 2385 2838 2454 φροντὶς
2896 2384 3035 2454 πρὲις
3097 2380 3198 2450 τὴν
3253 2376 3477 2448 ἀληθῶς
3513 2373 3741 2439 εὐδαιμοο

2187 2480 2307 2533 νίαν
2353 2480 2535 2542 αὐτοῖς
2570 2473 2894 2550 νομίζεταιο
2933 2474 3125 2545 ἐπειδὴ
3159 2472 3258 2527 καὶ
3282 2471 3345 2525 τδ
3376 2469 3509 2525 πολύ
3538 2466 3632 2535 τῆς
3655 2463 3744 2549 ὲὺ·

2189 2577 2340 2646 ροίας
2376 2573 2549 2629 κακία
2601 2571 2806 2644 μᾶλλον
2839 2569 2873 2641 ἢ
2909 2565 3296 2635 καλοκαγαθία
3328 2561 3653 2633 καρποῦται.
3690 2555 3743 2607 '0

2183 2669 2241 2724 δὲ
2279 2667 2558 2738 εὐδαίμων
2616 2665 2705 2718 διὰ
2765 2655 2866 2733 τὴν
2920 2662 3100 2732 ψυχὴν
3157 2656 3310 2712 τοῦτ’
3353 2656 3420 2711 ἂν
3458 2654 3563 2722 εἴη.
3607 2651 3668 2704 Ἢ
3693 2647 3740 2700 δὲ

2183 2759 2333 2831 ψυχὴ
2381 2759 2470 2812 διὰ
2525 2760 2624 2828 τὴν
2677 2757 2882 2829 ἀρετὴν
2931 2756 2990 2808 ὲν
3047 2753 3124 2823 τῷ
3155 2749 3286 2805 κατ’
3323 2749 3495 2818 αὐτὴν
3527 2740 3739 2816 μένει,ἢ

2185 2855 2574 2926 ἐπανέρχεται.
2631 2852 2697 2906 Ἦ
2746 2850 2790 2905 δ’
2824 2848 2994 2920 ἀρετὴ
3043 2847 3151 2901 τῶν
3195 2845 3286 2915 ἐφ’
3320 2845 3486 2915 ἡμῖν,
3526 2839 3617 2894 καὶ
3656 2834 3741 2902 τῆς

498 2955 590 3000 tus
625 2955 806 2999 autem
843 2920 1032 2999 nostra
1061 2945 1116 3000 iu
1140 2954 1404 3015 potestate
1459 2956 1649 3001 nostra
1682 2931 1950 3001 electione
1970 2945 2075 3001 sita

2187 2920 2586 3019 προαιρέσεως.
2648 2945 2920 3010 Καθάπερ
2971 2939 3066 2995 οὐν
3123 2941 3152 2994 ὁ
3208 2937 3543 3008 βουλόμενος
3592 2929 3740 2989 κακὸς

499 3044 610 3092 est.
655 3033 1128 3101 Quemadmodum
1159 3051 1290 3107 ergo
1329 3038 1421 3109 qui
1451 3039 1630 3093 malus
1667 3053 1788 3092 esse
1816 3037 1955 3104 vult,
1987 3053 2080 3094 ne-

501 3129 745 3182 cessario
769 3129 829 3183 fit
867 3130 1043 3185 maius
1066 3129 1213 3200 (nam
1244 3144 1341 3199 per
1370 3131 1544 3198 ipsum
1579 3131 1716 3186 velle
1746 3131 1935 3186 statim
1975 3132 2032 3185 fit
2061 3147 2076 3186 :

499 3217 650 3273 velut
681 3219 733 3273 in
788 3221 1040 3276 oratione
1093 3222 1343 3290 proxime
1376 3233 1640 3294 sequente
1669 3224 1871 3279 clarius
1907 3225 2080 3295 expli-

499 3310 786 3379 cabitur),
851 3312 929 3368 sic
967 3313 1133 3369 etiam
1196 3315 1290 3384 qui
1353 3315 1529 3371 bonus
1583 3331 1705 3372 esse
1773 3318 1893 3371 vult
1961 3321 2078 3384 (ve-

501 3418 626 3458 rum
651 3405 797 3459 enim
827 3405 969 3461 velle
992 3407 1290 3463 comitatur
1318 3416 1374 3464 et
1405 3409 1586 3479 ipsum
1619 3409 1803 3480 opus),
1839 3425 1950 3466 non
1979 3425 2079 3482 po-

501 3497 629 3552 terit
660 3512 768 3552 non
795 3497 907 3554 ﬁeri
934 3499 1132 3554 bonus.
1166 3499 1518 3571 Quapropter
1551 3501 1596 3556 si
1628 3501 1756 3557 boni
1795 3502 1920 3569 viri,
1954 3485 2077 3559 mea

503 3591 724 3659 quidem
776 3591 1055 3663 opinione,
1121 3593 1189 3648 de
1235 3594 1346 3648 vita
1395 3604 1450 3649 et
1491 3595 1695 3652 virtute
1749 3601 2076 3654 sententiam

501 3679 650 3736 ferre
680 3682 962 3748 deberent,
996 3698 1224 3752 prorsus
1255 3683 1406 3738 illum
1434 3684 1710 3743 hominem
1750 3703 1819 3744 ne
1855 3689 2075 3760 quidem

499 3774 768 3829 exsistere
805 3774 1004 3831 debere
1030 3775 1301 3844 dicerent,
1329 3779 1424 3849 qui
1469 3778 1692 3837 virtutis
1722 3789 1806 3837 est
1856 3797 2074 3853 expers.

499 3866 608 3934 Qui
642 3874 822 3922 autem
854 3868 1033 3925 bonus
1071 3884 1193 3926 esse
1222 3871 1362 3940 vult,
1397 3874 1712 3930 necessario
1739 3875 1918 3932 bonus
1949 3890 2078 3932 eva-

502 3960 631 4024 det;
671 3959 889 4014 tametsi
940 3959 1216 4017 fortunam
1247 3963 1475 4019 minime
1505 3966 1801 4036 propitiam
1825 3967 2077 4035 experia-

497 4058 616 4109 tur.
647 4052 847 4122 ubique
878 4065 986 4108 tam
1037 4055 1142 4124 ipsi
1194 4071 1359 4126 quam
1393 4058 1682 4114 conatibus
1699 4058 1820 4130 ejus
1848 4059 2076 4114 obstan-

499 4153 632 4200 tem.
650 4143 784 4198 Nam
818 4146 962 4216 quod
989 4148 1192 4203 bonum
1220 4159 1324 4215 est,
1343 4165 1450 4205 non
1473 4150 1728 4220 fortunae,
1760 4169 1867 4208 non
1891 4168 2076 4217 casus,

499 4247 598 4293 aut
652 4239 918 4308 temporis
975 4241 1277 4296 aliorumve
1310 4243 1501 4298 talium
1552 4243 1765 4300 fructus
1835 4253 1944 4311 est,
1979 4245 2075 4301 sed

501 4329 725 4386 virtutis
767 4339 821 4386 et
859 4333 1072 4386 arbitrii
1106 4334 1289 4398 liberi,
1332 4337 1476 4404 quod
1535 4337 1786 4408 impediri
1816 4353 1874 4392 re
1930 4339 2077 4392 nulla

500 4433 704 4491 potest.
733 4422 850 4478 Non
881 4426 1026 4479 enim
1064 4425 1290 4484 haberet
1317 4427 1664 4495 eiectionem,
1721 4443 1821 4483 nec
1852 4429 2079 4485 liberta-

500 4523 611 4569 tem
663 4531 842 4581 suam,
880 4517 1022 4586 quod
1052 4517 1296 4572 animum
1355 4519 1571 4579 attinet.
1607 4521 1651 4574 si
1684 4521 1974 4590 praepediri
2010 4521 2078 4575 ab

498 4608 682 4677 aliqua
718 4625 776 4663 re
821 4618 1026 4680 posset.
1094 4611 1199 4666 Sed
1259 4621 1442 4667 tamen
1494 4613 1653 4668 bonis
1677 4628 1895 4684 quoque
1921 4613 2077 4682 viris,

499 4702 731 4769 gloriam
789 4703 1116 4771 acquisitam
1170 4705 1444 4767 amittere,
1495 4707 1715 4761 videtur
1745 4721 1864 4762 esse
1891 4705 1959 4760 de
1991 4722 2080 4760 re-

503 4809 858 4848 rum'earum
896 4812 1126 4852 numero
1171 4797 1369 4865 quibus
1430 4798 1818 4856 abhorremus.
1861 4801 2078 4871 Quippe

503 4888 746 4940 dolorem
793 4889 1008 4954 afferre,
1057 4890 1325 4959 quasique
1357 4893 1609 4947 mordere
1657 4900 1836 4963 potest
1858 4909 1952 4950 eos
1978 4894 2072 4963 qui

502 4981 631 5032 huic
666 4981 842 5034 adhuc
871 4981 993 5034 vitae
1017 4983 1256 5050 copulati
1292 4993 1442 5045 sunt.
1476 4985 1635 5055 cujus
1687 4986 1959 5059 praecipua
1991 4987 2074 5042 di-

501 5072 678 5138 gnitas
743 5073 794 5123 in
831 5073 1221 5130 Oi'CCISiUIIiiiIIS
1266 5078 1546 5141 quaerendi
1584 5078 1800 5134 honesti
1832 5079 2073 5136 nominis

501 5173 585 5215 est
613 5163 738 5216 sita.
759 5162 1000 5218 Gloriam
1044 5181 1173 5220 vero
1193 5177 1246 5222 et
1274 5167 1559 5223 honestum
1587 5185 1785 5226 nomen
1810 5171 2070 5242 intelligo,

506 5254 909 5318 utAiexaudri,
971 5265 1030 5311 ut
1079 5257 1226 5329 Cyri,
1281 5268 1341 5315 ut
1372 5259 1456 5314 his
1506 5262 1793 5327 similium,
1834 5279 2067 5332 quorum

505 5360 726 5409 nomen,
771 5347 884 5417 jam
918 5349 1045 5404 olim
1098 5353 1387 5409 exstinctis
1418 5355 1738 5424 corporibus
1760 5397 1774 5423 ,
1811 5356 2069 5412 oblivioni

498 5450 610 5489 non
638 5447 720 5492 est
769 5439 1045 5496 traditum.
1099 5442 1308 5497 Etenim
1335 5445 1422 5499 illa
1456 5447 1650 5516 gloria,
1709 5463 1830 5517 qua:
1856 5447 2073 5503 duravit

503 5527 790 5594 hactenus,
824 5530 1038 5589 fructus
1061 5537 1284 5605 quidam
1316 5547 1431 5592 erat
1459 5540 1820 5595 certaminum
1849 5541 2074 5597 etiaboo

501 5635 647 5682 rum,
697 5632 753 5678 et
778 5627 1244 5694 magnanimitatis
1275 5629 1327 5683 in
1369 5630 1439 5686 iis
1469 5632 1754 5688 declarata:
1800 5635 1987 5699 rebus,
2019 5634 2074 5690 in

499 5712 703 5783 quibus
758 5733 981 5773 necesse
1014 5730 1128 5774 erat
1168 5733 1224 5776 ut
1255 5738 1377 5779 sese
1415 5735 1737 5794 praestarent
1768 5727 1936 5793 viros,
1981 5729 2072 5797 qui

2186 3039 2331 3099 εἶναι
2362 3043 2678 3111 ἀναγκαίως
2706 3040 2920 3110 γίνεται
2969 3035 3140 3104 (αὐτῷ
3188 3032 3306 3103 γὰρ
3335 3029 3534 3096 τούτῳ,
3563 3022 3635 3092 τῷ
3661 3019 3738 3073 θέ-

2185 3141 2325 3204 λειν,
2364 3136 2528 3201 εὐθὺς
2563 3137 2799 3205 γίνεται⁹
2831 3133 2908 3196 ὥς
2940 3133 2998 3185 ἐν
3044 3129 3122 3200 τῷ
3153 3125 3370 3196 ἑφεξῆς
3399 3122 3546 3190 λόγῳ
3595 3112 3746 3188 ῥηθή-

2188 3251 2344 3288 σεται
2372 3229 2804 3304 καθαρώτερον),
2825 3227 2968 3282 οὕτω
2997 3227 3092 3280 καὶ
3121 3227 3150 3278 ὁ
3170 3224 3389 3292 ἀγαθὸς
3432 3218 3742 3292 βουλόμενος

2188 3324 2332 3384 εἶναι
2384 3325 2487 3395 (τῷ
2543 3323 2655 3395 γὰρ
2708 3320 2926 3392 άληθῶς
2953 3320 3129 3375 θέλειν
3157 3319 3365 3372 ἕπεται
3401 3314 3496 3371 καὶ
3522 3313 3582 3368 τδ
3614 3311 3746 3373 ἔνερ-

2186 3421 2328 3492 γείν)
2365 3421 2467 3474 οὐκ
2514 3417 2628 3471 ἔσθ’
2659 3418 2810 3480 ὅπως
2857 3414 2918 3468 οὐ
2949 3415 3267 3483 γενήσεται.
3304 3413 3470 3466 ’Ὥστε
3500 3402 3645 3461 εἶπον
3670 3400 3747 3460 ἂν,

2184 3515 2386 3584 δεῆσαν
2417 3513 2567 3584 (ἐμοὶ
2597 3510 2800 3579 δοκεῖν)
2832 3508 2964 3579 περὶ
3005 3505 3153 3574 ζωῆς
3179 3521 3236 3557 τε
3271 3505 3371 3560 καλ¹
3400 3499 3599 3574 ἀρετῆς
3624 3492 3748 3562 γνώ-

2189 3623 2301 3680 μην
2329 3583 2515 3661 δοῦναι
2546 3603 2676 3667 τοὺς
2704 3599 2944 3670 ἀγαθοὺς
2983 3599 3207 3668 άνδρας,
3238 3595 3326 3661 ὥς
3362 3595 3472 3650 ἔδει
3512 3588 3642 3663 μηδὲ
3663 3583 3748 3654 τὴν

2187 3699 2362 3774 ἀρχὴν
2386 3696 2642 3768 γενέσθαι
2696 3695 2791 3749 τὸν
2848 3693 3178 3763 ἄνθρωπον,
3233 3689 3354 3762 ὅτῳ
3409 3689 3488 3762 μὴ
3519 3687 3750 3760 μέτεστιν

2184 3794 2408 3868 ἀρετῆς.
2442 3792 2504 3846 ’0
2525 3791 2581 3846 δὲ
2606 3789 2808 3860 ἀγαθὸς
2834 3787 3161 3859 βουλόμενος
3190 3781 3341 3840 εἶναι
3365 3783 3571 3845 πάσαις
3599 3775 3749 3842 ἀνάγ-

2185 3907 2310 3954 καις
2342 3887 2661 3959 γενήσεται,
2714 3882 2822 3937 κᾶν
2877 3881 2980 3936 οὐκ
3044 3877 3315 3948 εὐμενοῦς
3368 3877 3628 3948 πειρᾶται
3665 3869 3752 3932 τῆς

2184 3983 2379 4055 τύχης,
2413 3975 2865 4052 προσισταμένης
2896 3973 2945 4026 οἱ
2978 3971 3257 4042 πανταχῆ,
3299 3972 3400 4026 καὶ
3440 3971 3556 4032 τοῖς
3587 3969 3748 4036 ἓγχει·

2187 4077 2423 4148 ρὴμασι.
2463 4072 2539 4125 Τὸ
2577 4069 2686 4142 γὰρ
2715 4068 2922 4136 ἀγαθὸν
2950 4066 3012 4120 οὐ
3055 4065 3251 4134 τύχης.
3283 4064 3411 4120 οὐδέ
3449 4080 3594 4126 τινος
3629 4075 3752 4127 συμ-

2185 4167 2502 4238 πτώματος,
2536 4165 2570 4238 ﬂ
2608 4162 2806 4234 καιρῶ
2834 4203 2849 4227 ,
2909 4159 3004 4214 καὶ
3051 4159 3163 4214 τῶν
3209 4159 3481 4213 τοιούτων
3507 4198 3522 4222 ,
3559 4151 3753 4222 καρπᾶς

2105 4275 2159 4337 D
2186 4262 2360 4326 ἐστιν,
2396 4257 2514 4314 ἀλλ’
2547 4255 2751 4326 ἀρετῆς
2788 4272 2848 4310 τε
2898 4254 2995 4308 καὶ
3030 4251 3528 4322 αὐτεξουσιότητος
3550 4290 3568 4315 ,
3676 4261 3757 4310 γε·

2185 4353 2376 4408 νέσθαι
2425 4347 2610 4421 εἶργόν
2661 4367 2713 4402 τι
2765 4348 2879 4403 τῶν
2918 4347 3139 4400 πάντων
3197 4347 3360 4400 οὐδέν
3407 4349 3578 4400 ἐστιν.
3633 4337 3754 4393 Οὐδὲ

2186 4445 2298 4514 γὰρ
2323 4444 2389 4498 ἂν
2424 4438 2493 4516 ἦν
2530 4441 2706 4514 ταύτῃ
2738 4441 3082 4513 προαίρεσις,
3107 4437 3224 4492 οὐδὲ
3253 4437 3633 4505 αὐτεξούσιον,
3666 4432 3755 4484 ὅσα

2185 4553 2252 4604 γε
2284 4537 2364 4599 είς
2394 4534 2493 4604 τὴν
2521 4533 2705 4604 ψυχὴν
2755 4533 2934 4602 φέρει,
2974 4531 3128 4593 ὄντος
3157 4545 3220 4596 γε
3254 4527 3357 4582 τοῦ
3399 4527 3754 4582 κωλύσοντος.

2193 4629 2270 4683 Οὐ
2314 4627 2418 4698 μὴν
2446 4627 2582 4681 ἀλλὰ
2613 4626 2711 4680 καὶ
2741 4627 2844 4688 τοῖς
2879 4621 3109 4692 ἀγαθοῖς
3149 4620 3380 4688 ἀνδράσι
3413 4622 3477 4678 τὸ
3507 4620 3608 4688 τὴν
3633 4633 3756 4681 παρ-

2183 4721 2353 4775 οῦσαν
2383 4719 2542 4785 δόξαν
2592 4716 2936 4788 ἐζημιῶσθαι
2973 4715 3032 4768 ἓν
3088 4731 3144 4767 τι
3174 4713 3284 4764 τῶν
3329 4713 3591 4781 φευκτῶν
3630 4705 3756 4761 εἶναι

2183 4815 2357 4870 δοκεῖ.
2413 4811 2670 4880 Λυπῆσαι
2723 4810 2833 4881 γὰρ
2893 4807 3191 4876 δυνάμενον
3249 4805 3346 4858 καὶ
3397 4806 3590 4860 δακεῖν
3642 4799 3760 4858 τοὺς

2185 4905 2721 4975 συμπεπλεγμένους
2754 4900 2892 4973 τῷδε
2941 4899 3020 4970 τῷ
3047 4899 3176 4970 βίῳο-
3206 4888 3270 4952 οὐ
3306 4898 3370 4950 τό
3404 4915 3470 4964 γε
3508 4895 3754 4964 σεμνότε-

2186 5017 2282 5070 ρον
2311 4997 2560 5070 ἀφορμαὶ
2590 4995 2843 5051 εὔκλειαν
2886 4993 3173 5062 φέρουσαι.
3221 4991 3395 5054 Δόξαν
3445 4991 3504 5044 δὲ
3551 4986 3644 5040 καὶ
3676 4981 3758 5034 εὐ-

2183 5093 2370 5146 κλειαν
2405 5091 2552 5159 λέγω
2581 5089 2680 5160 τὴν
2721 5086 3100 5156 Ἀλεξάνδρου,
3132 5084 3230 5153 τὴν
3259 5082 3476 5150 Κύρου,
3514 5081 3615 5150 τὴν
3653 5075 3755 5127 τῶν

2183 5182 2466 5248 τοιούτων,
2513 5175 2590 5234 ὢν
2632 5181 2733 5233 οὐκ
2783 5181 2842 5233 ὲν
2874 5178 3014 5250 λήθῃ
3055 5176 3248 5244 γέγονε
3283 5173 3560 5243 τοῦνομα,
3598 5167 3756 5223 πάλαι

2179 5273 2291 5328 τῶν
2334 5271 2604 5342 σωμάτων
2657 5269 2953 5325 λυθέντων.
2997 5267 3212 5338 Ἐκείνη
3269 5265 3382 5335 γὰρ
3433 5267 3468 5337 ἡ
3529 5259 3751 5326 δόξα,ή

2179 5364 2524 5435 διαρκέσασα
2551 5360 2712 5432 μέχρι
2734 5359 2914 5429 δεῦρο,
2944 5359 3160 5427 καρπός
3205 5375 3289 5420 τις
3322 5351 3394 5426 ἦν
3429 5349 3754 5435 ἀγωνισμάο

2181 5432 2313 5518 των,
2362 5453 2458 5507 καὶ
2498 5451 2698 5513 πόνων,
2743 5452 2837 5504 καὶ
2889 5448 3084 5503 πολλοῦ
3117 5450 3498 5520 φρονήματος,
3550 5441 3639 5511 ἐφ’
3673 5432 3752 5499 οἷς

2181 5547 2354 5619 ἐχρῆν
2374 5543 2650 5600 δεικνύναι
2677 5543 2767 5597 τὸν
2807 5543 2974 5614 ἄνδρα
3008 5523 3148 5611 μήτε
3178 5537 3570 5611 φιλοσώματον
3603 5533 3755 5593 ὄντα,

2185 5638 2324 5703 μήτε
2351 5636 2630 5707 χρήμασιν
2652 5635 2820 5700 ὲπτοη
2832 5632 3012 5701 μένον,
3039 5633 3176 5701 μήτε
3209 5628 3426 5701 ἡδοναῖς
3460 5624 3752 5695 κεχηνότα.

2181 5722 2320 5797 μήτε
2361 5728 2466 5799 μὴν
2515 5728 2645 5782 αὐτὸ
2675 5727 2734 5781 τὸ
2773 5727 2872 5798 ζῇν
2906 5726 3152 5793 εὐδοξίας
3186 5721 3542 5798 προτιθέντα.
3569 5713 3753 5772 Ταῦτα
