3958 6422
537 439 644 506 419
1713 440 2100 500 MANUELIS

2182 438 2599 500 'ALRIOLOGI
3659 443 3745 510 ιε)

541 575 600 612 se
643 556 721 612 sic
755 555 977 611 atlectos
1018 555 1203 621 liabet,
1253 554 1379 611 utei
1417 563 1528 608 tum
1551 564 1779 624 optima,
1816 563 1928 608 tum
1956 555 2104 608 hone

2182 561 2198 614 ι
2233 553 2535 624 ὑπερφυὲς,
2568 553 2894 624 φιλούμενός
2917 554 3064 608 ἐστιν
3089 551 3245 619 οὗτος
3271 555 3365 626 οὐχ
3393 556 3558 627 ἐαυτῷ
3589 559 3745 630 μόνον,

538 647 782 702 stissima
814 661 1044 717 quaeque
1082 647 1252 700 velint
1275 654 1330 701 et
1362 652 1584 714 optent,
1616 644 1687 698 ob
1715 641 2101 712 perfectionem

2219 643 2314 693 καὶ
2354 645 2468 705 τοῖς
2508 643 2742 714 ἀνδράσι
2793 645 2907 706 τοῖς
2941 644 3193 711 ἀγαθοῖς,
3242 645 3483 718 tim-at;
3522 649 3609 701 καὶ
3655 653 3750 714 τοῖς

535 741 779 802 virtutis,
825 755 946 808 qum
979 749 1038 793 ut
1064 739 1142 792 illi
1193 747 1520 793 ornamento
1543 746 1648 802 est,
1676 738 1757 791 sic
1792 746 1846 790 et
1882 737 1998 805 ipsa
2030 737 2081 790 vi

2217 737 2431 798 κακοῖς.
2488 737 2597 789 Καὶ
2645 736 2807 790 τοῦτο
2853 738 2915 790 οὐ
2952 737 3291 808 θαυμαστόν.
3331 741 3586 814 Καθάπερ
3609 743 3749 814 γὰρὸ

534 830 721 884 cissim
753 830 821 882 ab
847 843 913 884 eo
953 844 1050 897 par
1098 840 1478 884 ornamentum
1505 828 1723 897 accipit.
1777 826 1934 892 Quod
1963 827 2097 881 deni

2220 829 2463 896 πονηρὸς
2495 827 2786 898 ἄνθρωπος
2823 830 2920 882 καὶ
2964 830 3144 900 ἐαυτῷ
3174 832 3399 902 μισητός
3429 835 3640 888 ἐστιδιά
3668 836 3749 904 τὴν

535 935 642 988 que
669 921 973 972 maximum
1010 928 1063 973 et
1094 921 1308 990 insigne
1323 920 1581 988 quiddam
1621 928 1726 984 est,
1755 934 1861 973 non
1888 919 1976 973 hic
2004 935 2034 973 a
2058 934 2098 974 si

2217 921 2442 984 κακίαν,
2473 923 2686 975 τουτονὶ
2735 922 2828 974 τὸν
2873 921 3080 991 τρόπον
3107 923 3135 974 ό
3165 923 3369 990 ἀγαθὸς
3407 925 3497 976 καὶ
3531 925 3626 978 ὑπὸ
3657 927 3763 977 τῶνε

535 1011 657 1079 ipso
681 1020 896 1065 tantum
959 1012 1228 1079 diligitur,
1253 1021 1307 1066 et
1347 1011 1506 1066 bonis
1548 1011 1708 1075 viris,
1736 1026 1924 1064 verum
1951 1014 2095 1065 etian

2219 1013 2444 1079 φαύλων
2475 1015 2714 1085 φιλεῖται
2741 1055 2756 1080 ,
2792 1016 2986 1084 φανεὶς
3017 1015 3250 1079 ἐκείνοις
3275 1010 3385 1080 οἷός
3412 1017 3572 1072 ἐστιν.
3613 1018 3750 1074 Ἀδύ-

535 1105 727 1169 malis;
787 1119 890 1156 nec
929 1103 980 1156 id
1038 1119 1170 1158 sane
1220 1103 1923 1168 mirum.Qnemadmodnm
1953 1103 2098 1157 enim

2218 1120 2377 1157 νατον
2417 1104 2474 1157 δὲ
2521 1105 2793 1177 κρυϐῆναι
2835 1105 3025 1170 πόλιν,
3063 1106 3250 1160 ἐπάνω
3294 1108 3450 1178 ὅρους
3499 1109 3748 1176 κειμένην.

537 1197 702 1250 homo
729 1211 929 1264 pravus
965 1203 1128 1249 etiam
1160 1197 1260 1264 ipsi
1294 1196 1401 1250 sibi
1427 1204 1511 1251 est
1535 1197 1661 1250 odio
1693 1207 1917 1265 propter
1943 1197 2100 1250 vitio.

2233 1196 2292 1248 Ὀ
2323 1197 2432 1267 γὰρ
2463 1197 2598 1262 Θεὸς
2626 1199 2726 1268 τὴν
2753 1200 2958 1270 ἀρετὴν
2985 1201 3087 1255 οὐκ
3117 1202 3489 1255 ἀνεπίδεικτον
3511 1201 3754 1270 συγχωρεῖ

535 1290 775 1353 sitatem,
797 1289 990 1342 eodem
1014 1289 1177 1343 modo
1208 1289 1388 1344 bonus
1412 1289 1480 1343 ab
1504 1290 1768 1357 improbis
1787 1304 2006 1359 quoque
2029 1289 2098 1342 di-

2222 1288 2431 1359 μένειψ
2466 1290 2636 1361 αὐτήν
2656 1307 2739 1357 τε,
2769 1288 2946 1361 οἶμαι,
2972 1293 3172 1364 τιμῶν,
3209 1294 3305 1347 καὶ
3341 1294 3432 1347 τὸν
3455 1292 3617 1363 αὐτῆς
3649 1293 3751 1361 τρό-

533 1383 738 1452 ligitur,
766 1399 889 1438 cum
923 1384 990 1437 ab
1011 1386 1092 1438 eis
1124 1384 1248 1439 talis
1287 1399 1409 1438 esse
1442 1385 1776 1452 conspicitur
1811 1386 1987 1453 qualis
2007 1393 2093 1438 est

2220 1399 2411 1453 φιμον,
2473 1383 2569 1435 καὶ
2616 1383 2756 1453 πρός
2795 1401 2858 1451 γε
2898 1384 2980 1438 ἐτι
3012 1385 3350 1456 παρακαλῶν
3379 1387 3459 1448 είς
3486 1385 3544 1438 τδ
3570 1385 3751 1451 ἀγαθὸν

534 1474 738 1543 Nequit
768 1483 952 1544 aptem
999 1476 1112 1528 ﬁeri
1150 1483 1210 1528 ut
1268 1476 1434 1530 situm
1484 1491 1649 1545 supra
1683 1485 1922 1532 montem
1955 1477 2097 1544 oppi'

2219 1473 2488 1537 ἅπαντας.
2537 1474 2866 1542 Ἀναγκάζει
2924 1477 3035 1546 γὰρ
3085 1478 3266 1532 πάντα
3300 1480 3522 1543 τρόπον,
3571 1477 3633 1530 ἶν’
3664 1479 3745 1545 ἐμ·

535 1565 664 1620 dum
713 1566 1101 1619 abscondatur.
1146 1563 1264 1618 Non
1297 1565 1440 1619 enim
1495 1564 1766 1634 permittit
1795 1565 1936 1618 Deus
1967 1572 2027 1617 ut
2059 1563 2098 1617 it

2217 1563 2402 1634 πλήσῃ
2427 1564 2771 1633 δαιτυμόνων
2796 1565 2948 1636 αὐτῷ
2993 1569 3089 1622 τὺν
3138 1564 3309 1635 οἷκον,
3337 1570 3412 1629 ὼς
3444 1566 3632 1637 μηδένα
3661 1581 3760 1618 στε-

536 1657 754 1711 occulto
809 1657 984 1712 virtus
1022 1655 1289 1725 patefacta
1346 1656 1555 1711 nemini
1605 1664 1841 1721 maneat,
1888 1672 2012 1711 cum
2058 1671 2088 1708 u

2221 1653 2461 1726 ρηθῆναι
2529 1657 2628 1727 τῆς
2662 1657 2834 1728 καλῆς
2866 1651 3076 1730 θοίνης.
3110 1661 3221 1715 Καὶ
3260 1661 3368 1731 μὴν
3422 1660 3471 1712 εί
3519 1658 3759 1710 ὀινεπῗδει-

538 1751 711 1818 ipsam
733 1749 943 1803 honore
966 1747 1185 1813 alliciat,
1215 1757 1273 1801 ut
1293 1749 1549 1824 equidem
1575 1749 1836 1814 arbitror,
1857 1756 1912 1804 et
1937 1747 2101 1803 alum‘

2225 1761 2354 1808 κτος
2407 1741 2475 1817 ἦν
2520 1747 2775 1818 ἡάρετὴ,
2805 1748 2918 1802 οὔτ’
2965 1749 3032 1804 ἂν
3077 1750 3218 1814 ὅλως
3273 1751 3526 1818 ἐφιλεῖτο,
3575 1747 3678 1801 οὔτ’
3709 1749 3761 1800 ἂν

532 1857 663 1895 num
708 1843 851 1910 ejus,
891 1850 1098 1895 llltlLul
1123 1856 1318 1896 omnes
1373 1841 1439 1895 ad
1475 1841 1680 1896 bonum
1705 1842 1928 1896 excitet.
1956 1841 2088 1910 (Γ.οεί

2223 1835 2568 1904 ἐθαυμάζετο
2613 1844 2746 1908 παρ’
2770 1838 3084 1893 οὑτινοσοῦν
3135 1841 3248 1894 τῶν
3306 1837 3761 1904 ἁπάντων·ὥσπερ

531 1934 678 1987 enim
712 1933 888 1988 modis
915 1933 1171 1987 omnibus
1219 1941 1277 1986 ut
1304 1932 1528 1986 domum
1566 1947 1722 1986 suam
1759 1933 2004 1986 convivis
2027 1948 2094 1987 re-

2219 1927 2315 1980 καὶ
2349 1902 2558 1999 χρυσὸς
2611 1902 2867 2000 λαμπρὸς
2894 1971 2909 1997 ,
2958 1935 3025 2002 τῇ
3077 1934 3147 2002 γῇ
3203 1932 3510 2001 φυρόμενος
3545 1929 3654 1993 ἐτι,
3685 1902 3762 1980 καὶ

531 2028 696 2096 pleat,
739 2041 808 2080 ne
847 2026 914 2079 ab
965 2025 1062 2078 illo
1091 2025 1291 2078 eximio
1341 2025 1635 2094 quisquam
1665 2025 1824 2094 epulo
1859 2025 2094 2080 exclusti:

2217 2018 2492 2090 διαφανής
2529 2037 2616 2085 τις
2662 2021 2834 2088 λίθος,
2869 2025 2927 2075 ἐν
2973 2023 3156 2076 σκότει
3184 2025 3464 2094 κείμενος.
3500 2021 3698 2076 Μᾶλλον
3718 2019 3763 2070 δέ

532 2120 696 2174 absit.
735 2117 900 2187 Atqui
937 2117 982 2170 si
1012 2116 1189 2170 virtus
1227 2116 1352 2171 aliis
1381 2116 1683 2185 pateﬁeret,
1717 2132 1817 2171 nec
1854 2118 2095 2186 diligere

2216 2110 2330 2163 οὐδ’
2368 2112 2435 2165 ἂν
2472 2107 2552 2176 εἷς
2591 2109 2740 2184 εῖχεν
2777 2114 2837 2179 ἐξ
2882 2116 3099 2187 ἐκείνης
3139 2116 3201 2170 τὸ
3249 2115 3509 2186 παράπαν
3537 2109 3761 2183 κερδᾶναί

529 2219 619 2265 tur
648 2226 676 2264 a
707 2223 1007 2280 quoquam,
1040 2223 1139 2263 nec
1158 2208 1508 2262 admirationi
1531 2216 1701 2274 esset,
1731 2209 1907 2264 instar
1927 2210 2084 2280 splen

2215 2219 2290 2266 τι,
2351 2204 2619 2274 μηδαμῶς
2666 2206 3140 2278 ἐπιδεδειγμένης.
3181 2209 3379 2279 Ἀρετὴ
3427 2208 3535 2276 γὰρ
3571 2204 3759 2272 ἀνενέρ-

529 2303 708 2355 dentis
758 2301 901 2362 auri,
941 2301 1083 2368 quod
1123 2299 1306 2353 adhuc
1353 2306 1514 2353 terra:
1556 2301 1883 2368 permixtum
1924 2309 2028 2366 est,
2062 2315 2091 2354 c

2216 2313 2383 2365 γητος
2414 2299 2766 2366 ἀμωσγέπως
2807 2298 3086 2370 ἰᾶκοσμος.
3132 2300 3259 2355 Ὀτι
3298 2302 3392 2354 καὶ
3423 2298 3597 2362 καλῶς
3619 2299 3760 2368 ἡρμο-

529 2409 756 2462 gemmae
785 2393 1090 2462 pellucidm,
1120 2393 1174 2445 in
1207 2391 1450 2446 tenebris
1474 2392 1594 2445 sita:
1622 2409 1636 2446 :
1682 2392 1794 2446 imo
1821 2393 2004 2460 potius
2038 2407 2092 2447 et

2218 2385 2429 2454 σμένης
2483 2385 2657 2458 λύρας
2715 2387 2870 2441 οὐδὲν
2904 2389 3118 2457 ὄφελος,
3169 2391 3270 2444 τοῦ
3311 2392 3410 2454 τὰς
3456 2389 3640 2460 χορδὰς
3666 2385 3758 2456 μετ’

527 2501 612 2550 ea,
666 2499 1015 2552 nequaquam
1050 2484 1108 2538 in
1137 2483 1376 2537 medium
1407 2483 1698 2552 producta,
1740 2498 1902 2537 nemo
1937 2499 2090 2552 pror-

2216 2477 2536 2548 ἐπιστήμης
2573 2478 2893 2548 κινήσοντος
2933 2481 3209 2552 μηδαμῶς
3247 2482 3422 2545 ὄντος.
3467 2479 3638 2535 Καλὸν
3685 2477 3761 2548 μὲν

533 2588 630 2629 sus
657 2575 791 2628 lucri
819 2573 1121 2644 quidquam
1154 2589 1350 2642 capere
1377 2583 1601 2642 posset;
1625 2573 1825 2644 quippe
1845 2575 2096 2629 virtusin-

2216 2569 2325 2638 γὰρ
2364 2571 2397 2638 ἡ
2433 2571 2624 2641 ἁρετὴ,
2660 2571 2827 2626 καλὸν
2849 2561 2906 2624 δὲ
2929 2575 2958 2626 ὁ
2977 2572 3188 2642 ταύτης
3218 2574 3463 2644 ἐργάτης
3487 2588 3501 2604 ·
3533 2573 3691 2626 δεῖται
3719 2567 3763 2621 δὲ

528 2666 716 2721 eﬂicax
750 2667 1068 2721 omnicaret
1093 2677 1448 2730 ornamento,
1479 2669 1702 2736 quando
1738 2683 1804 2722 ne
1827 2667 1959 2738 lyrae
1986 2669 2091 2737 qni

2214 2659 2468 2729 ἀλλήλων
2511 2661 2772 2733 ἑκάτερα,
2814 2664 2958 2716 κατὰ
2983 2664 3085 2734 τὴν
3109 2666 3212 2734 τῆς
3253 2667 3448 2736 ἀξίνης
3484 2682 3541 2717 τε
3570 2663 3658 2716 καὶ
3677 2678 3764 2732 χει-

527 2759 650 2812 dem
684 2767 828 2812 recte
857 2761 1142 2813 instructae
1175 2759 1322 2813 ullus
1352 2769 1436 2814 est
1477 2775 1633 2823 usus,
1664 2761 1711 2815 si
1743 2776 1900 2816 nemo
1925 2761 1996 2817 sit
2019 2777 2090 2830 qu

2217 2751 2309 2823 ρὸς
2353 2752 2561 2807 εἰκόνα.
2604 2753 2778 2808 Τοῦτο
2807 2754 2866 2810 δέ
2900 2755 3017 2810 ἐστι
3058 2759 3278 2829 κυρίως
3311 2761 3344 2830 ἡ
3376 2758 3576 2830 ἀρετὴ,
3619 2757 3674 2810 τδ
3703 2757 3763 2808 δι·

527 2848 767 2901 chordas
821 2849 994 2917 perite
1025 2849 1226 2917 pulset.
1264 2847 1395 2901 Nam
1422 2851 1638 2920 egregia
1673 2867 1762 2907 res
1792 2852 1968 2907 virtus
2001 2862 2084 2907 est

2217 2845 2448 2915 ενεργού
2457 2861 2622 2916 μενον
2648 2847 2854 2914 ἀγαθὸν
2881 2850 3026 2904 κατά
3044 2867 3108 2918 γε
3141 2851 3382 2920 γνῶσιν,
3407 2853 3497 2905 καὶ
3519 2847 3760 2922 πρόθεσιν,

527 2940 806 3007 egregium
839 2940 1101 3008 quiddam
1129 2943 1346 2996 virtutis
1372 2943 1589 3007 cultor;
1635 2943 1729 2998 scd
1765 2943 2004 2998 alterum
2033 2947 2082 2997 al

2214 2940 2312 2992 καὶ
2338 2937 2477 3004 ἐξιν·
2510 2942 2607 2992 καὶ
2645 2940 2902 3008 ἐνάρετος
2939 2941 3081 3013 ἀνὴρ
3117 2944 3145 2995 ό
3179 2942 3290 3015 τὴν
3329 2943 3532 3014 ἀρετὴν
3565 2941 3761 3011 νομίζων

530 3031 701 3086 terius
729 3033 972 3102 indiget,
1001 3035 1065 3088 ad
1099 3051 1294 3090 manus
1326 3047 1489 3104 atque
1516 3037 1756 3091 dolabrae
1786 3037 2093 3093 similitudi.

2211 3031 2435 3084 πάντων
2489 3027 2716 3100 ἄριστον
2755 3025 2923 3097 εἶναι,
2969 3033 3068 3085 καὶ
3100 3032 3284 3102 φιλῶν
3322 3033 3384 3086 τὸ
3428 3035 3657 3102 ἄριστον,
3686 3027 3761 3080 καὶ

529 3139 674 3178 nem.
709 3125 804 3180 Est
825 3137 1003 3180 autem
1032 3110 1248 3197 proprie
1266 3130 1438 3183 virtus
1463 3131 1664 3184 bonum
1688 3129 1834 3198 quod
1853 3146 1882 3184 a
1904 3131 2092 3186 scientt

2215 3121 2388 3175 ποιῶν
2419 3122 2446 3174 ὃ
2476 3139 2539 3190 γε
2580 3124 2751 3200 φιλείλ
2790 3124 2885 3178 καὶ
2914 3126 3080 3196 ἡδέως
3110 3124 3282 3180 τοῦτο
3322 3129 3593 3198 πράττων.
3625 3119 3763 3184 Οὗτος

525 3231 590 3268 ac
648 3218 920 3286 prudente
955 3235 1017 3272 ex
1064 3220 1230 3273 animi
1287 3221 1564 3290 proposito
1595 3232 1648 3275 et
1676 3222 1859 3276 habitu
1891 3224 2088 3291 perﬁci!

2219 3213 2498 3283 εὐδαίμων
2546 3214 2623 3278 ὡς
2664 3217 2900 3286 ἀληθῶς·
2939 3211 3096 3281 οὗτος
3131 3217 3385 3289 ζηλωτὸς
3435 3215 3491 3274 εὖ
3523 3215 3761 3288 φρονοῦσι·

527 3313 648 3369 tur;
686 3305 987 3374 itidemque
1023 3308 1104 3360 vir
1136 3309 1399 3377 praeditus
1440 3309 1662 3374 virtute,
1721 3311 1814 3379 qui
1847 3312 2090 3367 virtuten

2213 3305 2358 3359 τοῦτ’
2391 3307 2553 3376 ἀνὴρ,
2589 3306 2748 3360 τοῦτο
2784 3308 3064 3380 τελειότης
3109 3313 3142 3380 ἡ
3181 3313 3326 3385 παρ’
3353 3315 3508 3384 ἡμῖν,
3539 3315 3570 3382 ἡ
3618 3325 3764 3381 μακα-

522 3397 799 3450 existimat
867 3413 992 3452 esse
1060 3416 1173 3454 rem
1238 3403 1488 3454 omnium
1566 3402 2079 3470 prmstantissimam

2215 3398 2404 3470 ριότης
2435 3398 2531 3451 τοῦ
2563 3399 2692 3471 τῇδε
2735 3401 2852 3470 βίου
2874 3415 2888 3431 ⁶
2922 3403 3005 3456 ὅτι
3041 3404 3273 3473 σεμνὸν,
3303 3407 3385 3459 ὅτι
3422 3407 3582 3476 μέγα.
3612 3400 3764 3457 Καὶεῐ

525 3491 782 3560 quodque
819 3493 1345 3560 praestantissimum
1381 3502 1486 3557 est,
1531 3493 1728 3561 diligit,
1761 3495 1981 3562 etquod
2021 3495 2088 3548 di-

2212 3490 2386 3542 ταῦτα
2435 3490 2655 3560 ἀληθῆ,
2701 3492 2820 3554 πῶς
2876 3494 2937 3544 οὐ
2998 3493 3139 3562 μέγα
3175 3495 3502 3566 ἄνθρωπος,
3534 3494 3663 3550 κατὰ
3687 3492 3767 3558 τὴν

523 3585 664 3654 ligit,
717 3587 847 3640 facit
909 3601 972 3639 ac
1021 3586 1257 3640 libenter
1307 3587 1524 3656 quidem
1587 3586 1742 3640 facit.
1795 3584 1894 3640 llic
1919 3602 2086 3643 rever;

2211 3582 2464 3652 Γραφὴν,
2512 3583 2743 3650 ἀγαθοῖς
2787 3584 2972 3655 ἔργοις
3018 3587 3232 3656 χαίρων
3285 3607 3300 3654 ;
3341 3589 3452 3641 Καὶ
3489 3583 3764 3641 τούναντίον

522 3678 722 3732 beatus
755 3687 862 3744 est,
900 3680 988 3734 hic
1020 3691 1168 3732 recte
1194 3677 1573 3748 judicantibus
1603 3679 1962 3734 admirabilis.
1992 3682 2085 3735 H01

2213 3672 2420 3744 φαῦλόν
2476 3689 2552 3740 τι,
2598 3676 2626 3727 ό
2681 3675 2785 3746 τὴν
2836 3677 3042 3729 κακίαν
3073 3678 3418 3749 ποιούμενος
3449 3679 3622 3748 ἐαυτῷ
3651 3677 3762 3746 βίον·

519 3779 602 3822 est
629 3787 750 3824 esse
774 3770 952 3823 virum
977 3787 993 3836 ;
1031 3771 1135 3824 hoc
1166 3781 1352 3826 nostra
1382 3781 1463 3826 est
1489 3773 1772 3841 perfectio,
1791 3773 1893 3828 hoc
1911 3771 2078 3842 hujus

2209 3767 2288 3819 ῶν
2343 3767 2445 3836 μὲν
2499 3767 2946 3839 ἀπεχθανόμενος
2977 3772 3069 3823 καὶ
3114 3771 3413 3841 βδελυκτὸς
3450 3774 3561 3835 τοῖς
3598 3769 3763 3824 εἰδόσιν

522 3877 584 3914 cc
645 3861 769 3916 vitae
819 3862 1087 3926 beatitas,
1150 3863 1411 3932 quoniam
1460 3872 1753 3934 augustum
1803 3865 2064 3937 quiddam

2209 3860 2374 3913 αὐτὸν
2399 3858 2630 3927 ἅπασιν,
2658 3859 2736 3912 ὢν
2765 3860 2822 3913 δὲ
2847 3862 2943 3914 καὶ
2967 3863 3094 3924 τοὺς
3118 3861 3428 3935 λογισμοὺς
3461 3861 3766 3931 κεκτημένος

519 3954 783 4020 quoniam
813 4027 818 4029 _
844 3969 1125 4023 magnum.
1165 3954 1297 4020 Quae
1333 3956 1377 4010 si
1412 3971 1538 4010 vera
1579 3967 1728 4022 sunt,
1800 3974 1911 4029 quo
1945 3967 2082 4028 pacti

2212 3952 2404 4022 ὥσπερ
2436 3952 2724 4022 ἐλέγχους,
2776 3955 2871 4006 καὶ
2899 3952 2958 4005 τὸ
2991 3954 3231 4017 συνειδὸς
3273 3957 3500 4022 δικάζον
3527 3949 3763 4010 ἀδέκαστά

521 4061 630 4098 non
655 4027 918 4101 eximium
945 4048 1204 4118 quiddam
1237 4059 1320 4103 est
1349 4051 1532 4114 homo,
1559 4067 1841 4107 sacrarum
1862 4053 2080 4108 utLitte

2209 4061 2268 4096 τε
2297 4045 2397 4097 καὶ⁷
2423 4045 2806 4114 ἀπαραίτητα.
2845 4043 2976 4097 Ὅτε
3042 4045 3223 4099 τοίνυν
3254 4050 3417 4103 ταῦθ’
3454 4047 3623 4110 οὕτως
3651 4045 3762 4112 ἔχει.

518 4153 706 4191 rarum
730 4139 916 4193 verbis
943 4149 1087 4200 utar,
1109 4141 1202 4210 qui
1226 4141 1385 4195 bonis
1401 4157 1459 4197 se
1477 4142 1635 4198 factis
1655 4144 1912 4210 oblectat,
1941 4158 2004 4198 ac
2027 4145 2072 4196 vi

2208 4135 2458 4206 δηλονότι
2493 4137 2710 4203 πέφυκε
2755 4135 2903 4199 ἅπας
2935 4135 3226 4207 ἄνθρωπος
3258 4135 3404 4193 εἶναι
3440 4140 3539 4209 μὲν
3568 4133 3764 4209 μισοπό-

515 4232 726 4289 cissim.
771 4247 996 4300 pravum
1033 4233 1316 4300 quiddam,
1365 4236 1458 4302 qui
1500 4236 1852 4291 vitiositatem
1871 4252 1968 4304 pro
1991 4236 2078 4304 ipsi

2209 4241 2400 4295 νηρος,
2444 4219 2586 4279 εἶναι
2623 4225 2679 4277 δὲ
2715 4226 3010 4292 φιλόκαλος
3043 4247 3052 4259 ·
3095 4229 3188 4280 καὶ⁵
3217 4231 3536 4300 συμφώνως
3580 4229 3765 4298 ἔχουσιν

515 4322 668 4377 ducit
692 4325 820 4387 vita,
853 4338 975 4376 cum
1005 4324 1216 4378 invisus
1263 4327 1334 4379 sit
1360 4336 1412 4376 et
1437 4325 1822 4381 abominabilis
1845 4329 2071 4380 omnihu

2209 4314 2471 4379 ἅπαντες,
2501 4315 2586 4367 ὅτι
2618 4315 2785 4368 καλὸν
2823 4319 2855 4387 ἡ
2894 4317 3089 4387 ἀρετὴ,
3124 4319 3219 4370 καὶ
3250 4323 3430 4374 κακὸν
3461 4323 3493 4392 ἡ
3534 4314 3762 4386 πονηρία-

517 4416 609 4485 qui
633 4431 756 4470 eum
793 4425 1106 4479 noverunt,
1159 4426 1214 4468 et
1237 4425 1482 4470 suasmet
1517 4417 1875 4486 cogitationes
1909 4418 2080 4473 habea

2211 4405 2345 4475 Περὶ
2378 4405 2436 4457 δὲ
2490 4407 2588 4467 τὰς
2622 4405 2832 4475 κρίσεις
2883 4407 3350 4478 διαμαρτάνουσι,
3389 4413 3487 4466 καὶ
3518 4407 3767 4480 διαιροῦν⁸

487 4485 667 4564 ’νείκη
713 4507 948 4572 indices,
988 4509 1274 4577 ipsamque
1315 4508 1738 4570 conscientiam,
1781 4510 2046 4580 ineorrup

2209 4512 2301 4549 ται
2331 4498 2460 4558 τοὺς
2506 4497 2678 4564 βίους,
2726 4499 2886 4552 ἐνίων
2933 4501 3256 4570 ἡγουμένων
3289 4505 3354 4556 τὸ
3389 4505 3564 4558 κακὸν
3592 4500 3767 4569 ἀγαθὸν

517 4614 817 4669 severeqne
843 4600 1230 4668 judicantem?
1270 4599 1530 4656 [LL-ccum
1564 4601 1635 4654 ita
1671 4603 1805 4667 sint,
1837 4601 2080 4656 nimirun

2207 4583 2368 4654 εἶναι,
2399 4589 2477 4660 τῷ
2500 4593 2599 4653 τὰς
2643 4593 2845 4656 κακίας
2890 4597 3010 4656 ταῖς
3042 4597 3267 4663 ἀρεταῖς
3296 4597 3765 4668 παραπεπηγέναι,

514 4707 544 4744 a
574 4700 765 4745 natura
797 4694 876 4746 sic
897 4692 1074 4746 onmis
1107 4693 1268 4746 homo
1289 4701 1642 4760 comparatus
1668 4701 1752 4746 est
1780 4702 1838 4747 nt
1893 4694 2077 4762 impro‘

2205 4683 2303 4736 καὶ
2333 4682 2411 4754 τῷ
2444 4686 2512 4738 τὰ
2558 4686 2874 4751 φαυλότατα
2915 4689 3166 4756 μετέχειν
3217 4691 3469 4756 ἀγαθοῦ,
3500 4690 3576 4754 ὡς
3608 4686 3768 4740 θεόθεν

512 4783 738 4836 bitatem
771 4783 974 4846 oderit,
1001 4792 1056 4836 et
1098 4784 1310 4836 honesti
1344 4783 1526 4835 studio
1561 4792 1843 4848 teneatur;
1873 4800 2075 4839 omnes

2206 4777 2567 4848 ὑπηργμένα.
2607 4779 2788 4849 Ὅπερ
2839 4780 3025 4851 ἀπατᾷ
3071 4785 3198 4844 τοὺς
3244 4782 3510 4846 πολλοὺς,
3541 4777 3769 4838 καὶτοὺς

515 4889 624 4943 que
648 4875 1026 4940 consentiunt,
1055 4875 1310 4926 virtutem
1331 4887 1453 4925 esse
1476 4887 1585 4925 rem
1605 4872 1802 4926 bonam
1831 4883 1885 4927 et
1903 4875 2078 4943 impro

2213 4868 2288 4938 μὴ
2318 4869 2690 4936 προσέχοντας
2721 4869 2932 4936 θέλγει,
2961 4871 3056 4922 καὶ
3103 4871 3240 4939 πρὸς
3273 4871 3378 4941 τὴν
3420 4871 3600 4925 αὐτῶν
3633 4863 3769 4919 ἀπώ-

512 4963 760 5026 bitatem,
779 4965 998 5015 malam.
1017 4962 1074 5014 ln
1088 4960 1387 5030 judicando
1406 4973 1533 5012 vero
1553 4957 1837 5023 falluntur,
1861 4960 2075 5014 diversa

2209 4960 2360 5011 λειαν
2388 4959 2570 5024 ἕλκον,
2607 4962 2922 5032 παρασύρει
2972 4979 3031 5014 τε
3091 4965 3186 5015 καὶ
3228 4962 3505 5028 λωϐᾶται,
3539 4959 3770 5023 καθάπερ

511 5070 621 5123 que
640 5055 852 5109 vivendi
874 5068 1071 5122 genera
1093 5051 1452 5114 constituunt,
1485 5050 1801 5119 dumaliqui
1828 5052 1972 5119 quod
1995 5067 2074 5104 ma

1583 5050 1801 5119 naliqui
1828 5052 1972 5119 quod
1995 5067 2108 5104 ma—
2213 5053 2344 5121 ήμῖν
2383 5054 2601 5121 εἴρηται
2635 5056 2915 5125 καταρχὰς
2965 5055 3146 5115 εὐθύς.

513 5149 627 5200 lum
652 5156 759 5209 est,
782 5146 982 5200 bonum
1007 5160 1130 5198 esse
1150 5153 1438 5212 propterea
1473 5152 1685 5213 putant,
1705 5144 1846 5211 quod
1869 5143 2003 5196 vitia
2022 5143 2314 5197 virtutibus
2338 5147 2674 5210 adhaereant,
2700 5162 2760 5200 ac
2782 5147 3031 5216 pessimae
3053 5164 3271 5219 quoque
3298 5164 3387 5204 res
3409 5149 3535 5204 boni
3565 5139 3770 5218 partici-

512 5257 608 5309 pes
633 5243 762 5305 sint,
782 5243 927 5296 velut
945 5255 970 5291 a
995 5239 1103 5300 Deo
1122 5237 1352 5292 condita:
1374 5257 1386 5291 :
1407 5236 1553 5307 quod
1587 5252 1716 5292 sane
1736 5237 2049 5306 complures
2075 5238 2296 5307 decipit,
2323 5239 2695 5308 animumque:
2730 5255 2834 5294 non
2864 5241 3210 5297 advertentcs
3231 5243 3524 5307 deinnlcet,
3544 5258 3605 5296 ac
3631 5235 3770 5309 pelli-

514 5341 666 5392 cieus
711 5337 776 5391 ad
824 5337 1065 5406 ipsorum
1114 5336 1391 5394 interitum
1437 5345 1778 5390 transversos
1831 5336 1975 5403 rapit
2021 5344 2074 5389 et
2094 5335 2378 5405 depravat,
2428 5338 2892 5405 quemadmodum
2916 5338 2989 5392 ab
3021 5339 3176 5394 initio
3206 5339 3389 5396 statim
3440 5357 3468 5393 a
3504 5338 3658 5394 nobis
3695 5340 3770 5388 est

514 5429 835 5484 indicatum.

1137 5493 1394 5550 ORATIO
1433 5496 1524 5551 Ill.

2841 5496 3059 5550 ΛΟΓΟΣ
3086 5499 3157 5552 Γ¹.

510 5592 587 5646 De
667 5591 975 5655 electione,
1057 5593 1222 5660 deque
1295 5591 1641 5650 voluntario,
1741 5598 1851 5640 tum
1947 5605 2073 5658 quoi

2206 5591 2341 5659 Περὶ
2397 5589 2802 5660 προαιρέσεως
2879 5590 2977 5660 καὶ
3021 5590 3348 5644 ἐκουσίου’
3380 5591 3484 5643 καὶ
3547 5587 3769 5660 ὅτιούκ

581 5667 753 5717 malus
819 5677 920 5712 non
965 5653 1159 5712 natura
1206 5678 1298 5714 nec
1345 5662 1694 5725 extrinsecus,
1760 5668 1849 5712 sed
1888 5653 2093 5713 suamet

2269 5653 2337 5713 ἐκ
2370 5653 2636 5728 φύσεως,
2665 5657 2808 5712 οὐδὲ
2833 5659 3060 5723 ἔξωθεν
3090 5664 3121 5713 ό
3161 5664 3371 5724 κακὸς,
3411 5663 3598 5725 αὐτὸς
3633 5653 3767 5713 ἀλλ’

574 5737 686 5802 ipse
715 5733 871 5800 culpa
894 5734 961 5785 sit
984 5741 1179 5785 malus.

2271 5729 2465 5795 ἑαυτῷ
2491 5732 2685 5787 αἴτιος
2715 5731 2965 5798 γίνεται.

579 5825 744 5889 Satis,
764 5823 981 5893 opinor,
1005 5832 1280 5877 ostensum
1314 5822 1561 5892 estquod
1619 5822 1956 5892 pr0positum
1991 5837 2091 5874 no.
2131 5825 2140 5833 '

2273 5823 2553 5874 Δέδεικται
2601 5823 2722 5891 μὲν.
2753 5821 2824 5884 ὡς
2861 5821 3124 5891 ἡγοῦμαι.
3147 5823 3208 5875 τδ
3247 5823 3617 5892 προκείμενον
3643 5817 3766 5887 ἡμῖν

504 5917 590 5974 bis
640 5926 798 5979 erat,
860 5918 1131 5983 tinemqu
1207 5915 1308 5970 sibi
1375 5915 1789 5971 convenientem
1844 5925 2057 5972 assecut

2204 5915 2431 5979 ἱκανῶς,
2463 5917 2554 5968 καὶ
2597 5917 2772 5984 πῖρας
2804 5913 2830 5965 ὁ
2865 5912 3020 5981 λόγος
3053 5913 3241 5984 εἴληφε
3272 5913 3552 5986 προσῆκον
3599 5902 3760 5973 αὐτῷ·
