3958 6424
236 422 329 487 lii

1536 400 1823 468 ORATIO
1862 396 1980 462 Ill.

3383 398 3487 460 4‘22

233 538 342 589 ἔστι
381 535 440 589 δὲ
474 535 660 589 λοιπὶν
718 534 907 603 φάναι,
965 531 1108 586 ὃιατί
1162 532 1211 583 οῖ
1270 528 1369 598 μὲν
1421 528 1617 587 τοῦτο.
1649 526 1699 579 οῖ
1738 523 1795 576 δὲ

1921 514 2097 568 iratio.
2144 487 2802 581 lb~stat,ut.exponamus
2843 511 3197 583 quamobrem
3252 512 3317 566 de
3364 513 3492 583 qui-

234 630 408 681 ὲκεῖνο
438 627 731 698 γινόμεθα,
775 629 907 696 μιᾶς
944 627 1112 697 τιμῆς
1154 624 1259 683 καὶ,
1303 623 1521 693 φύσεως
1555 618 1803 690 ἠξιωμέ-

237 739 334 775 νοι.
359 722 469 773 Καὶ
505 721 708 788 φαμὲν,
739 718 830 773 διὰ
851 720 952 790 τὴν
985 718 1315 789 προαίρεσιν
1346 715 1540 784 μόνην.
1571 710 1662 780 Τῷ
1697 711 1804 779 γὰρ

239 812 424 881 ἁγαθῷ
452 812 690 866 ἐθέλοντι
730 807 897 875 εῖναι,
944 812 1042 864 καὶ
1071 808 1310 876 τάγαθὸν
1343 804 1618 867 διώκοντι,
1650 801 1806 854 οὐδέν

239 923 287 957 τι
318 905 428 958 τῶν
470 905 691 957 πάντων
720 902 956 973 κώλυμα
995 901 1171 963 ἔσται,
1194 900 1269 960 ὡς
1303 899 1376 968 μὴ
1407 892 1553 949 εἶναι
1585 891 1800 962 ἀγαθῷ.

172 1041 180 1049 .
250 994 386 1049 Ἀλλ’
413 994 474 1045 οὐ
507 992 693 1045 δικαία
712 993 1047 1063 παραίτησις
1070 989 1147 1058 τῷ
1176 987 1250 1060 μὴ
1282 987 1809 1057 σπουδαίῳὙεγενη-

247 1088 407 1156 μένῳ.
458 1083 634 1139 Ἐκὼν
667 1084 777 1155 γὰρ
817 1080 959 1137 εἶναι
1016 1083 1075 1136 ού
1128 1082 1397 1149 γίγνεται.
1445 1080 1511 1134 Ei
1562 1078 1670 1147 γὰρ
1710 1075 1831 1137 καὶ,

245 1180 410 1233 πολλὰ
434 1180 564 1250 ἡμῖν
591 1178 883 1246 ἐπιφύεται
903 1177 1010 1229 τῶν
1046 1175 1261 1239 δεινῶν,
1291 1173 1482 1243 ὥσπερ
1523 1170 1808 1238 αὐτόματα

244 1274 331 1326 καὶ
370 1269 669 1337 αὖτόμολαο
700 1268 819 1322 ἀλλ’
846 1268 1005 1321 οὐδὲν
1031 1267 1214 1320 αὐτῶν
1239 1265 1305 1321 ἂν
1332 1266 1417 1337 εῖη
1450 1263 1596 1317 οὕτω
1634 1260 1807 1330 βιαιό-

239 1381 418 1416 τατονο
452 1363 548 1415 καὶ
602 1361 1106 1430 τυραννικώτατον,
1157 1358 1232 1418 ὡς
1273 1359 1367 1411 καὶ
1399 1357 1498 1424 τῆς
1532 1354 1809 1424 θελήσεως

238 1457 391 1528 ἡμῶν
415 1454 599 1523 ἄρξαι.
632 1452 731 1523 Εἴη
753 1451 865 1523 γὰρ
893 1449 960 1504 ἂν
984 1449 1158 1521 ταύτῃ
1179 1466 1244 1516 γε
1279 1449 1343 1518 δή
1372 1464 1488 1510 πως
1521 1442 1811 1517 ἀνῃρημέ-

240 1566 329 1601 νον
367 1548 500 1617 ήμϊν
526 1544 622 1599 καὶ
648 1543 711 1597 τὸ
743 1541 1118 1607 αὐτεξούσιον,
1157 1540 1233 1604 ὡς
1259 1540 1363 1593 κάν
1394 1538 1474 1609 τῷ
1509 1538 1614 1605 πρδ
1653 1534 1809 1590 τοῦδε

244 1641 375 1710 ἡμῖν
414 1636 633 1709 εἴρηται
676 1635 842 1705 λόγῳ.
874 1634 986 1702 Τῆς
1020 1633 1075 1686 δὲ
1107 1631 1486 1702 προαιρέσεως
1520 1630 1596 1700 μὴ
1629 1624 1812 1680 νοσού-

242 1748 378 1800 σης,
433 1728 569 1799 μηδὲ
624 1725 992 1795 δουλὶυθείσης
1040 1722 1317 1799 καθάπαξ,
1354 1721 1460 1775 κᾶν
1491 1720 1520 1774 ὃ
1561 1736 1612 1772 τι
1645 1716 1809 1772 πάθοι

238 1823 407 1876 κακὸν
435 1824 494 1874 τὸ
526 1818 685 1889 σῶμα
705 1859 718 1880 ,
761 1818 915 1871 οὐδὲν
960 1816 1121 1887 ἡμῶν
1155 1813 1408 1884 ἐμποδὼν
1439 1812 1617 1876 ἔσται,
1663 1809 1809 1864 ὥστε

238 1913 462 1981 ἀγαθοῖς
506 1906 669 1964 εἶναι.
717 1908 820 1963 Καὶ
856 1907 1009 1978 δηλοί
1044 1906 1113 1960 τὰ
1157 1906 1267 1960 τῶν
1303 1894 1475 1973 ἁγίων
1507 1903 1810 1973 σκάμματα

243 2006 567 2075 νενικηκότα
602 2004 712 2056 πᾶν
758 2001 954 2070 βίαιον.
985 2001 1279 2068 Συνίστησι
1302 1997 1360 2051 δέ
1399 2014 1490 2067 μοι
1523 1995 1617 2049 τὸν
1653 1995 1811 2063 λόγον

240 2100 334 2152 καὶ
370 2095 707 2151 τούναντίον.
740 2093 814 2148 Τὸ
850 2093 962 2163 γὰρ
994 2091 1269 2151 ἀκουσίως
1316 2088 1482 2142 καλὸν
1527 2089 1701 2143 ποιεῖν
1749 2086 1810 2139 οὐ

244 2190 495 2258 στεφανοῖ
535 2188 661 2250 τοὺς
737 2184 1163 2255 ἐργαζομένους.
1234 2181 1309 2234 Τὸ
1366 2178 1545 2233 τοίνυν
1609 2177 1813 2234 ἄκοντα

258 2283 439 2343 ποιεῖν,
480 2280 513 2350 ἧ
551 2278 784 2348 πάσχειν
811 2293 864 2330 τι
908 2274 985 2346 μὴ
1015 2274 1366 2345 βουλόμενον,
1401 2271 1525 2325 οὔτε
1570 2269 1812 2338 ἀγαθοὺς

264 2370 410 2441 ἡμᾶς,
449 2369 561 2422 ἀλλ’
592 2369 713 2422 οὐδὲ
740 2366 978 2443 φαύλους
1003 2365 1306 2437 ἐργάζεται
1329 2377 1345 2393 ⁶
1380 2362 1459 2432 τῷ
1487 2361 1532 2416 δ’
1566 2361 1807 2430 ἑκουσίῳ

257 2464 538 2533 θελήματι,
584 2462 721 2530 ὅπερ
753 2460 869 2513 ἐστὶ
909 2458 1018 2512 τῶν
1047 2457 1133 2527 ἐφ’
1157 2458 1312 2526 ἡμῖν,
1346 2454 1444 2510 καὶ
1465 2454 1568 2508 ούκ
1595 2454 1810 2524 ἠργμέ-

246 2573 332 2607 νον
363 2555 581 2619 ἔξωθεν,
618 2553 727 2605 οὐδ’
763 2551 1103 2621 ἐπαγόμενον
1168 2547 1413 2614 ὁθενοῦν,
1470 2545 1675 2616 ἀγαθὸς
1717 2548 1815 2601 καὶ

251 2645 327 2715 μὴ
356 2643 597 2706 τοιοῦτος
651 2643 885 2705 ἕκαστος
913 2642 1152 2710 γίνεται.
1186 2641 1351 2693 Ὥστε
1383 2639 1445 2693 τδ
1485 2640 1597 2692 πᾶν
1628 2640 1694 2691 ὲκ
1714 2638 1814 2707 τῆς

244 2736 640 2808 προαιρέσεως.
674 2734 823 2805 Πλὴν
882 2737 911 2788 ό
952 2733 1158 2801 φαῦλος
1189 2732 1370 2786 ’θέλων
1402 2724 1571 2795 εἶναι,
1590 2728 1815 2799 γέγονεν

245 2823 407 2887 εὐθὺς
451 2825 517 2895 τῇ
557 2822 799 2893 θεὶήσει,
843 2824 948 2878 κᾶν
978 2823 1152 2893 μηδὲν
1199 2823 1505 2892 ἐργάσηται
1554 2821 1664 2875 τῶν
1709 2837 1813 2874 κα·

243 2915 378 2971 κῶν.
429 2914 713 2985 ’Δρκέσειε
764 2915 873 2986 γὰρ
937 2915 1004 2968 ἂν
1053 2909 1193 2970 εἶναι
1247 2913 1458 2979 κακὸν,
1512 2912 1589 2984 τῷ
1637 2912 1815 2966 θέλειν

243 3011 462 3067 ἀπεῖναι
496 3007 590 3061 τοῦ
618 3007 850 3076 ἀγαθοῦ.
883 3007 993 3061 Kal
1029 3005 1191 3064 τοῦτο
1228 3000 1451 3075 εύλογον
1482 3001 1660 3076 οἴμαι.
1702 3007 1817 3061 Καὶ

177 3174 185 3179 .
243 3102 354 3171 γὰρ
379 3100 510 3154 αὐτὸ
543 3100 605 3154 τὸ
631 3100 805 3154 κακὸν
838 3101 905 3171 τῇ
933 3099 1180 3172 ἀπουσίᾳ
1210 3098 1305 3154 τοῦ
1336 3097 1507 3155 καλοῦ
1541 3099 1813 3170 ὑπάρχειν

1907 604 2138 662 bustlam
2171 622 2200 660 ο
2229 607 2385 661 nobis
2410 607 2512 661 hoc
2532 607 2641 671 liat,
2682 606 2813 660 illud
2845 622 2911 661 ex
2938 607 3084 673 aliis,
3119 622 3242 662 cum
3289 616 3503 677 tamen‘

1907 698 2074 777 unius
2113 697 2394 769 dignitatis
2420 706 2474 752 et
2502 708 2711 752 naturae
2741 698 2938 753 simus.
2970 698 3049 753 Ac
3109 698 3342 754 dicimus
3389 699 3496 752 hoc

1910 790 2029 844 fieri
2093 790 2265 846 solius
2331 790 2614 845 electionis
2678 790 2908 845 ratione.
2968 788 3104 844 Nam
3162 791 3255 862 qui
3320 791 3499 845 bonus

1907 899 2029 940 esse
2051 884 2185 947 vult,
2223 883 2479 954 quodque
2531 883 2738 938 bonum
2776 891 2860 938 est
2908 892 3171 948 sectatur,
3225 883 3302 937 illi
3361 883 3497 946 niln't

1907 974 2132 1028 omnino
2157 987 2280 1028 esse
2305 972 2692 1042 impedimento
2714 980 2891 1042 potest
2941 972 3235 1042 quominus
3283 972 3353 1025 sit
3398 971 3498 1024 bo-

1908 1061 2174 1119 nus.Nec
2198 1064 2248 1117 ei
2296 1063 2390 1133 qui
2416 1078 2522 1118 non
2563 1062 2738 1119 evasit
2767 1062 2822 1117 in
2864 1062 3044 1117 virum
3098 1062 3324 1126 bonum,
3351 1060 3499 1129 justa

1909 1155 2450 1223 superatexcusatio.
2485 1151 2619 1207 Nam
2642 1154 2746 1209 hoc
2768 1154 2972 1208 volenti
2998 1153 3285 1221 contingit.
3317 1152 3501 1216 Quan-

1910 1260 2074 1315 quam
2105 1246 2249 1300 enim
2286 1246 2455 1300 multa
2486 1246 2602 1301 dira
2633 1246 2953 1317 graviaque,
2983 1246 3134 1300 velut
3157 1259 3223 1298 ex
3252 1258 3309 1299 se
3326 1243 3502 1297 ultro-

1907 1331 2021 1408 que
2045 1338 2359 1402 venientia,
2381 1353 2482 1394 nos
2507 1337 2854 1404 adoriuntur,
2880 1345 3059 1392 tamen
3093 1336 3303 1390 nullum
3322 1348 3387 1389 ex
3417 1333 3502 1388 eis

1908 1431 2045 1485 adeo
2079 1430 2379 1484 violentum
2412 1439 2579 1499 atque
2623 1430 2974 1501 tyrannicum
3017 1429 3204 1494 fuerit,
3251 1436 3311 1482 ut
3332 1426 3498 1481 etiam

1910 1521 1967 1577 in
2001 1521 2337 1576 voluntatem
2385 1529 2632 1577 nostram
2690 1521 2978 1590 imperium
3034 1527 3325 1585 exerceat;
3370 1530 3498 1571 nam

1920 1614 2220 1683 caeteroqui
2252 1615 2416 1670 nobis
2481 1614 2598 1684 ipsa
2630 1614 2855 1669 libertas
2898 1599 3196 1668 voluntatis
3220 1620 3497 1667 evertere-

1912 1716 2023 1770 tur,
2076 1706 2222 1762 sicut
2274 1705 2331 1760 in
2398 1707 2651 1761 oratione
2713 1707 2817 1762 hac
2882 1705 3227 1776 prtecedente
3287 1690 3498 1759 dictum

1912 1807 2015 1855 est.
2044 1797 2202 1864 Quod
2236 1798 2283 1854 si
2341 1798 2511 1853 animi
2549 1798 2749 1855 electio
2777 1799 2930 1853 nullo
2974 1799 3187 1852 laboret
3214 1796 3367 1863 vitio,
3400 1810 3503 1852 nec

1839 1869 1884 1926 Β
1914 1905 2140 1961 prorsus
2168 1890 2222 1944 iu
2259 1890 2577 1946 servitutem
2608 1890 2825 1946 redacta
2858 1891 2951 1956 sit,
2980 1891 3344 1961 quodcunque
3375 1899 3504 1942 tan-

1911 1983 2034 2039 dem
2064 1983 2266 2038 malum
2325 1982 2583 2038 acciderit
2636 1981 2879 2052 corpori,
2917 1982 3142 2036 minime
3201 1980 3360 2036 nobis
3397 1984 3505 2035 erit

1914 2075 2309 2145 impedimento
2371 2074 2674 2146 quominus
2733 2074 2861 2129 boni
2921 2075 3116 2131 simus.
3165 2074 3506 2144 Argumento

1916 2172 2049 2221 sunt
2080 2166 2324 2219 virorum
2360 2174 2672 2219 sanctorum
2715 2171 3035 2225 scammata,
3101 2177 3224 2231 qua:
3281 2175 3503 2215 omnem

1913 2258 2228 2313 violentiam
2254 2263 2603 2327 superarunt.
2628 2253 2819 2309 Itidem
2855 2253 3000 2325 quod
3031 2253 3178 2318 dico,
3207 2250 3497 2307 confirmat

1914 2363 1971 2410 et
1997 2354 2048 2408 id
2074 2351 2221 2424 quod
2255 2351 2301 2406 ei
2354 2349 2692 2406 contrarium
2733 2356 2851 2402 est:
2885 2347 3087 2417 quippe
3150 2360 3258 2399 non
3305 2355 3501 2413 sponte

1914 2444 2062 2513 quod
2086 2443 2289 2498 bonum
2304 2450 2389 2495 est
2412 2438 2611 2501 facere,
2634 2436 2779 2491 nulla
2801 2436 3062 2492 facientes
3088 2448 3288 2489 corona
3309 2433 3501 2488 donat.

1915 2535 2105 2605 Itaque
2152 2532 2238 2588 vel
2263 2529 2754 2594 invitum'l‘acere,
2816 2527 2902 2583 vel
2960 2527 3238 2583 nolentem
3292 2524 3502 2595 aliquid

1915 2626 2028 2698 pati
2053 2639 2230 2696 neque
2257 2638 2357 2679 nos
2388 2623 2563 2678 bonos
2594 2635 2777 2691 neque
2815 2619 3203 2677 malos-edicit.
3229 2618 3501 2675 Nimirum

1916 2718 2193 2775 voluntate
2221 2725 2543 2785 spontanea,
2570 2730 2694 2784 quae
2752 2718 2949 2769 nostra
2995 2711 3158 2768 estin
3210 2719 3502 2781 potestate,

1916 2793 2019 2867 nec
2046 2808 2295 2880 provenit
2317 2808 2682 2867 extrinsecus.
2721 2821 2822 2861 nec
2851 2804 2996 2861 unde
3020 2803 3166 2859 unde
3208 2802 3505 2873 ingeritur,

1925 2902 2161 2975 quisque
2188 2901 2365 2956 bonus
2393 2907 2447 2956 et
2495 2914 2605 2953 non
2644 2898 2823 2954 bonus
2852 2896 3081 2953 efﬁcitur
3106 2913 3121 2962 ;
3144 2894 3388 2962 adeoque
3420 2909 3508 2949 res

1918 2997 1988 3051 ab
2014 2995 2281 3052 electione
2304 3002 2416 3049 tota
2450 2992 2671 3063 pendet.
2708 2989 2811 3046 Sed
2839 2998 3015 3044 tamen
3041 2988 3133 3059 qui
3169 2988 3345 3043 malus
3379 3002 3504 3042 esse

1918 3089 2054 3154 vult,
2083 3087 2269 3144 statim
2310 3085 2590 3140 voluntate
2626 3083 2687 3137 iit
2734 3081 2934 3148 malus;
2965 3078 3180 3135 etiamsi
3217 3077 3352 3132 nihil
3375 3078 3505 3133 mali

245 3169 461 3257 πάντως
480 3193 651 3256 δοκεῖ,
674 3192 769 3247 καὶ
807 3169 977 3248 οἱονεὶ
1002 3169 1326 3247 συνίσταται
1353 3192 1613 3264 στερήσει

1921 3188 2162 3252 peragat,
2186 3178 2386 3249 quippe
2408 3176 2542 3233 satis
2564 3176 2729 3230 fuerit
2754 3175 2820 3229 ad
2841 3174 2945 3229 hoc
2978 3178 3038 3228 ut
3064 3172 3135 3226 sit
3158 3169 3331 3226 malus
3354 3173 3506 3241 quod

244 3286 345 3355 οὐχ
394 3284 535 3348 ἔξει.
579 3282 639 3339 '0
682 3283 740 3338 δὲ
773 3283 979 3353 ἀγαθὸς
1025 3283 1204 3355 ἀνὴρ.
1255 3283 1447 3356 ἐπειδὴ
1493 3285 1556 3337 τδ
1611 3284 1818 3353 ἀγαθὸν

242 3376 448 3430 τέλειον
487 3375 714 3447 (ἀγαθὸς
750 3377 859 3446 γὰρ
885 3376 914 3429 ὁ
943 3375 1099 3439 Θεὸς,
1125 3375 1184 3429 ὲν
1211 3366 1255 3443 ᾧ
1290 3375 1458 3447 μηδὲν
1481 3374 1719 3442 ἀτελὲς),
1755 3376 1817 3428 οὐ

247 3467 508 3537 στήσεται
546 3467 707 3537 μέχρι
763 3464 859 3519 τοῦ
918 3465 1116 3530 θέλειν,
1159 3465 1300 3519 ἀλλά
1340 3465 1438 3519 καὶ
1499 3467 1818 3536 περαιτέρω

247 3558 602 3629 προϐήσεται,
653 3557 749 3611 καὶ
792 3555 961 3622 δείξει
1010 3557 1102 3610 τὸν
1137 3556 1312 3627 ἄνδρα
1365 3558 1553 3621 αὐτοῖς
1608 3556 1817 3626 ἔργοις,

250 3638 523 3702 συνιστῶν
572 3648 687 3711 τοῖς
724 3647 1076 3718 πράγμασιν,
1120 3646 1196 3711 ὡς
1224 3646 1286 3700 τδ
1319 3647 1499 3702 θέλειν
1528 3648 1730 3718 ἀληθὲς
1760 3650 1819 3700 ὲν

248 3739 425 3808 αύτῷ,
460 3737 734 3809 μηδεμίαν
792 3739 1167 3810 κιὸδηλὸτητα
1196 3739 1559 3811 κεκτημένον.
1608 3738 1819 3803 Ἄλλως

248 3831 359 3900 γὰρ
395 3831 462 3884 ἂν
486 3829 689 3897 δόξειεν
713 3829 943 3899 ἀγαθὸς,
996 3831 1098 3885 οὐκ
1125 3830 1244 3885 ἐστι
1273 3830 1332 3884 δὲ
1362 3830 1606 3893 πάντως.
1638 3832 1730 3883 Δεῖ
1754 3831 1820 3902 δὴ

249 3907 376 3984 τοὺς
410 3911 652 3990 ἀγαθούς
701 3917 843 3977 εῖναι
891 3921 1299 3987 σπουδάζοντας
1361 3922 1628 3993 μηδαμῶς
1684 3923 1822 3992 πρὸς

248 4015 492 4085 τάγαθὸν
531 4015 768 4079 ἐλλιπῶς
809 4014 989 4088 ἔχειν·
1028 4016 1148 4069 ἀλλ’
1195 4010 1339 4069 εἶναι
1384 4014 1489 4085 μὲν
1536 4015 1821 4085 ἀκμάζου-

251 4102 353 4161 σαν
389 4108 448 4160 ὲν
478 4106 663 4169 αὐτοῖς
713 4108 811 4161 καὶ
839 4109 1017 4179 ὁρμὴν
1050 4107 1150 4178 τὴν
1194 4096 1333 4178 προς
1364 4107 1518 4180 αὐτὸ,
1552 4108 1648 4160 καὶ
1683 4124 1817 4177 προσ

250 4200 476 4270 θυμίαν,
509 4200 606 4254 καὶ
630 4197 911 4269 βούλησιν,
943 4197 1089 4253 εἶναι
1125 4199 1183 4252 δὲ
1211 4200 1306 4253 καὶ
1330 4198 1535 4268 τρόπον
1572 4198 1825 4253 δεικνύν-

249 4307 353 4353 τας
378 4289 561 4352 αὐτοῖς
597 4291 713 4352 τοῖς
747 4288 934 4358 ἔργοις
970 4289 1202 4359 ἀδελφὸν
1233 4290 1300 4359 τῇ
1341 4289 1700 4360 προαιρέσει,
1735 4288 1825 4342 ἵνα

252 4381 333 4451 μὴ
387 4378 466 4450 τῷ
518 4380 793 4450 κρείττονι
832 4379 1119 4450 χωλεύωσι
1170 4378 1351 4450 μέρει.
1380 4378 1547 4431 Ὥστε
1586 4377 1646 4431 τὸ
1695 4378 1822 4449 βού-

249 4471 444 4525 λεσθαι
472 4470 633 4539 μόνον
663 4471 761 4540 οὐχ
814 4470 1000 4524 ἰκανὸν
1037 4469 1285 4537 ἀγαθοὺς
1329 4468 1822 4539 ἀποφῆναι.,’Δλλ’

1922 3292 1951 3331 a
1982 3278 2126 3331 bono
2159 3283 2402 3329 remotus
2459 3287 2581 3329 esse
2617 3271 2769 3328 velit.
2791 3269 2969 3341 Atque
3012 3269 3114 3324 hoc
3139 3266 3339 3322 rationi
3373 3282 3507 3322 con-

1921 3350 2241 3424 sentaneu'm
2278 3376 2447 3436 puto:
2489 3380 2612 3420 nam
2664 3363 2866 3418 malum
2913 3363 3088 3432 ipsum
3142 3379 3207 3420 ex
3259 3361 3505 3418 absentia

1922 3442 2048 3513 boni
2074 3458 2298 3513 omnino
2344 3448 2559 3511 videtur
2621 3456 2914 3522 exsistere,
2958 3456 3228 3526 quasique
3291 3464 3523 3511 constat-

1921 3548 2655 3629 privationetantummodo,
2696 3563 2808 3604 non
2858 3548 3071 3604 habitu.
3126 3549 3197 3603 At
3244 3564 3376 3605 vero
3424 3550 3510 3603 vir

1923 3646 2122 3708 bonus,
2150 3657 2274 3697 cum
2311 3643 2456 3711 quod
2512 3641 2716 3696 bonum
2761 3648 2845 3696 est
2893 3639 3195 3710 perlectum
3242 3640 3314 3696 sit
3340 3640 3507 3711 (Deus

1922 3735 2070 3792 enim
2101 3734 2279 3790 bonus
2301 3743 2405 3798 est,
2437 3733 2490 3788 in
2521 3747 2632 3803 quo
2664 3732 2800 3788 nihil
2837 3731 3193 3803 imperfecti),
3229 3747 3335 3786 non
3364 3732 3504 3787 velle

1923 3825 2087 3881 modo
2114 3825 2353 3891 debebit,
2400 3825 2495 3879 sed
2523 3823 2753 3880 ulterius
2779 3810 3001 3901 quoque
3023 3822 3424 3895 progredietur,
3450 3833 3505 3878 ct

1922 3918 2099 3972 virum
2123 3914 2281 3970 factis
2310 3917 2584 3980 ostendet,
2610 3914 2777 3971 rebus
2807 3915 2942 3986 ipsis
2969 3914 3352 3985 comprobatus,
3382 3930 3508 3972 esse

1923 4024 2112 4065 verum
2149 4008 2204 4062 in
2235 4021 2301 4061 eo
2332 4007 2491 4074 velle,
2527 4006 2862 4077 minimeque
2900 4005 3142 4063 fueatum
3172 4023 3187 4062 :
3244 4021 3370 4061 nam
3403 4022 3509 4061 cae-

1925 4099 2135 4168 teroqui
2157 4085 2331 4153 bonus
2353 4097 2648 4165 videbitur,
2671 4112 2797 4153 cum
2827 4098 3052 4165 omnino
3073 4114 3179 4152 non
3208 4098 3280 4154 sit
3299 4098 3504 4153 bonus.

1924 4187 2276 4260 Nequaquam
2338 4197 2506 4256 certe,
2570 4187 2662 4259 qui
2713 4189 2843 4244 boni
2890 4204 3013 4245 esse
3069 4189 3312 4254 student,
3362 4189 3507 4259 quod

1925 4278 2130 4335 bonum
2160 4288 2244 4334 est
2272 4277 2591 4350 imperfecte
2613 4278 2816 4336 debent
2837 4278 3113 4351 amplecti,
3137 4280 3231 4336 sed
3258 4288 3509 4350 vegetum

1928 4370 1985 4427 in
2014 4370 2096 4427 eis
2129 4379 2186 4426 et
2220 4386 2402 4428 acrem
2443 4371 2515 4428 ad
2564 4373 2768 4428 bonum
2810 4388 2933 4430 esse
2966 4382 3182 4445 Oportet
3222 4373 3510 4445 impetum,

1929 4474 1983 4519 et
2052 4464 2390 4520 alacritatem
2451 4474 2507 4521 et
2562 4465 2941 4533 voluntatem;
3017 4465 3294 4536 simulque
3353 4466 3518 4527 factis

252 4565 304 4617 εῖ
339 4563 441 4633 μὲν
467 4562 665 4633 ἀληθές
690 4578 747 4615 τε
784 4563 878 4615 καὶ
908 4560 1154 4631 καθαρὸν
1184 4561 1294 4632 εἴη,
1329 4560 1620 4631 ἀρκέσειεν
1653 4557 1721 4613 ἂν
1766 4557 1817 4613 εὖ

1932 4556 2069 4627 ipsis
2092 4571 2278 4613 mores
2316 4557 2567 4612 instituto
2595 4557 2763 4612 animi
2788 4572 3082 4628 germanos
3132 4560 3369 4628 probare
3413 4558 3512 4613 de—

251 4656 552 4728 φρονοῦσιν
605 4655 845 4724 ἀγαθοὺς
905 4652 1271 4725 ἐργάσασθαι.
1321 4653 1437 4708 Καὶ
1491 4652 1584 4705 τὸν
1619 4649 1827 4719 ἀγαθὸν

255 4748 586 4818 βουλόμενον
619 4743 779 4829 εἶναι,
831 4746 1026 4799 τοῦτον
1060 4744 1118 4797 δὲ
1176 4742 1251 4814 μὴ
1309 4739 1488 4810 εἶναι,
1541 4741 1826 4796 ἀδύνατον.

259 4840 491 4908 Ἕψεται
541 4836 649 4908 γὰρ
698 4835 793 4890 καὶ
839 4836 902 4890 τὸ
942 4837 1214 4905 ἐνεργεῖν.
1256 4835 1316 4888 '0
1347 4833 1406 4887 δὲ
1437 4832 1604 4896 κακὸς
1636 4833 1828 4904 βουλό-

261 4944 418 4997 μενος
464 4923 605 4981 εἶναι
651 4927 700 4998 (ὁ
729 4927 888 4995 λόγος
922 4925 979 4979 δὲ
1023 4926 1158 5013 ἡμῖν
1192 4924 1255 4977 ού
1285 4924 1416 4995 περὶ
1450 4922 1834 4998 μελαγχολῴνο

252 5034 366 5076 των
388 5021 484 5075 καὶ
496 5019 896 5088 τετυφωμένων
916 5016 1244 5087 ἀνθρώπων)
1276 5014 1426 5087 αὐτῷ
1447 5015 1525 5085 τῷ
1545 5013 1801 5086 βεϐουλεῦ
1817 5043 1834 5055 -

1927 4648 2076 4713 bent,
2109 4663 2178 4702 nc
2206 4659 2362 4716 parte
2402 4648 2599 4718 potiori
2636 4646 2970 4703 claudicent.
3022 4648 3178 4704 Unde
3220 4649 3515 4718 colligitur,

1928 4736 2106 4792 solum
2130 4736 2268 4791 velle
2295 4752 2403 4791 non
2424 4735 2690 4807 rsuﬂieet‘e
2723 4735 2789 4792 ad
2813 4736 2916 4792 hoc
2943 4748 3000 4793 ut
3032 4724 3160 4793 boni
3192 4737 3512 4813 ciliciamur,

1928 4818 2025 4886 Sed
2053 4829 2102 4885 si
2130 4844 2317 4884 verum
2359 4829 2750 4899 sincerumque
2778 4827 2918 4884 velle
2976 4828 3066 4895 sit,
3100 4828 3236 4884 satis
3293 4828 3519 4886 habebit

1932 4919 2297 4983 etlicacitatis,
2327 4929 2389 4975 ut
2414 4920 2665 4975 homines
2695 4933 2862 4975 sanos
2892 4933 2957 4976 ac
3010 4919 3307 4988 prudentes
3338 4918 3515 4973 bonos

1936 5011 2135 5069 clliciat
2158 5030 2173 5068 :
2194 5022 2250 5069 et
2275 5019 2379 5068 hoc
2397 5010 2561 5067 modo
2589 5012 2680 5081 qui
2712 5011 2892 5069 bonus
2943 5024 3067 5066 esse
3084 5009 3220 5074 vult,
3251 5010 3371 5065 ﬁeri
3404 5019 3516 5066 non

255 5112 384 5166 σθαί
414 5129 475 5165 τε
506 5114 602 5166 καὶ
624 5111 851 5178 θελῆσαι
879 5110 1082 5166 αὐτίκα
1131 5110 1357 5179 γέγονεν
1390 5109 1639 5179 ἀτεχνῶς
1672 5111 1730 5162 ὲν
1767 5112 1817 5178 τῇ

1936 5118 2112 5179 potest
2137 5107 2270 5176 quin
2297 5106 2474 5162 bonus
2502 5104 2719 5169 evadat,
2747 5118 2871 5158 nam
2893 5113 2947 5159 et
2983 5103 3098 5174 ipsa
3149 5101 3287 5159 facta
3330 5105 3522 5160 subse—

253 5205 461 5277 καρδίᾳ
494 5204 685 5271 αὑτοῦ,
735 5204 901 5273 φησῖν
947 5204 975 5255 ὁ
1016 5202 1235 5273 Σωτήρ.
1291 5201 1390 5269 Εῐη
1430 5200 1541 5272 γὰρ
1573 5201 1639 5254 ἂν
1672 5199 1817 5254 τοῦτ‹

1936 5209 2197 5271 quentur.
2225 5196 2329 5268 Qui
2362 5209 2542 5253 autem
2577 5194 2690 5249 vult
2720 5209 2844 5250 esse
2874 5194 3053 5253 malus
3089 5195 3388 5265 (loquimur
3422 5192 3524 5251 au-

255 5316 349 5369 γε,
381 5299 570 5369 ὥσπερ
604 5298 672 5352 ἂν
701 5296 750 5350 εί
785 5296 857 5349 τὰ
886 5295 1032 5349 κακὰ
1075 5310 1229 5357 ουτος
1256 5292 1417 5358 αὐτὸς
1449 5293 1835 5364 προύκαλεῖτο,

260 5392 365 5446 καὶ
402 5388 869 5460 προσερχομένας
916 5385 1171 5457 ὑπήντα,
1212 5385 1308 5438 καὶ
1367 5386 1557 5455 χερσὶν
1616 5384 1838 5447 ὑπτίαις

260 5482 588 5553 ύπεδέχετο.
618 5481 693 5534 Τὸ
727 5479 837 5552 γὰρ
880 5479 1155 5565 ὲμὸξέψαι
1186 5477 1323 5565 πρὸς
1369 5478 1431 5531 τὸ
1463 5477 1832 5550 ἐπιθυμῆσαι,

258 5572 424 5627 τοῦτό
455 5575 607 5627 ἐστιν
633 5572 898 5644 ἄντικρυς
927 5572 987 5624 τὸ
1019 5570 1197 5629 θέλειν
1225 5564 1370 5624 εῖναι
1403 5568 1598 5623 κακόν.

1939 5302 2046 5347 tem
2087 5306 2195 5346 non
2221 5291 2290 5346 de
2322 5287 2637 5344 hominibus
2660 5286 2872 5343 insanis
2902 5297 2954 5342 et
2982 5287 3379 5360 lympltatieis),
3405 5288 3520 5358 ipsa

1942 5382 2346 5438 consultatione
2386 5395 2447 5434 ac
2477 5379 2757 5435 voluntate
2792 5379 2968 5434 malus
2998 5381 3181 5435 statim
3235 5380 3411 5435 factus
3438 5390 3525 5435 est

1942 5475 2108 5530 dubio
2137 5474 2322 5544 procul
2343 5472 2396 5526 in
2420 5471 2583 5528 corde
2619 5488 2739 5538 suo,
2767 5473 3226 5543 quemadmodum
3261 5473 3377 5543 ipse
3403 5471 3523 5528 Sal-

1944 5577 2102 5622 vator
2137 5568 2237 5621 ait.
2275 5564 2486 5621 Etenim
2516 5565 2621 5619 hoc
2657 5564 2884 5635 perinde
2919 5564 3087 5619 fuerit
3111 5571 3275 5633 atque
3300 5562 3345 5618 si
3380 5563 3524 5618 mala

258 5662 499 5735 ipsemet
533 5674 851 5731 arcesseret,
881 5673 934 5720 et
962 5664 1350 5720 accedentibus
1398 5673 1712 5720 occurreret
1751 5666 2114 5735 manibusque
2160 5661 2375 5735 supinis
2427 5675 2486 5716 ea
2520 5661 2840 5731 Susciperet.
2903 5659 3036 5715 Nam
3094 5660 3147 5714 in
3206 5662 3306 5714 hoc
3378 5661 3524 5728 aspi-

258 5770 409 5819 cere,
445 5763 505 5809 ut
533 5754 915 5822 concupiscas,
963 5756 1015 5810 id
1050 5769 1179 5811 vero
1240 5769 1463 5824 prorsus
1503 5765 1586 5809 est
1651 5756 1856 5812 malum
1899 5771 2020 5812 esse
2052 5754 2210 5810 velle.
3180 5738 3183 5743 ’

343 5847 489 5902 Ἀλλ’
529 5846 649 5901 οὐδὲ
680 5848 855 5901 ἐκεῖνο
883 5836 1244 5919 ἀνέγκλητον,
1278 5846 1424 5918 ἔχειν
1462 5844 1562 5918 μὲν
1588 5847 1647 5902 ἒν
1674 5847 1749 5918 νῷ
1784 5849 1842 5902 τὸ

2025 5845 2133 5902 Nec
2174 5846 2304 5902 illud
2338 5862 2556 5917 quoque
2624 5846 3044 5918 reprehensione
3107 5853 3275 5913 caret,
3329 5843 3526 5901 habere
