3958 6428
421 445 527 514 423

1487 476 1504 493 .
1592 441 1646 501 Μ
1657 439 1990 502 ANUEIJS
2037 443 2479 505 I’AL:EOLOGI

3578 444 3680 512 £25

421 567 644 638 quidem
679 564 733 619 in
759 560 944 616 animo
979 555 1208 616 bonum,
1233 551 1326 607 sed
1361 549 1500 626 adeo
1551 549 1746 619 fragile
1766 565 1912 616 esse,
1947 563 1996 604 ut

2107 553 2334 620 ἀγαθὸν,
2368 549 2508 607 εἶναι
2541 552 2769 610 δὲηοῦτω
2795 554 3018 631 σαθρὸν,
3039 553 3116 621 ῶς
3147 557 3258 621 τοῖς
3291 556 3678 630 ἐπιχειρήσου-

422 660 568 714 hanc
603 659 733 712 boni
769 649 1160 722 cogitationem
1189 645 1508 698 subvertere
1540 639 1828 695 conaturis
1854 639 1997 710 idip-

421 767 544 809 sum
569 750 725 804 facile
753 745 898 799 factu
917 738 1236 798 ostendatur
1258 752 1272 789 :
1299 734 1383 789 vel
1401 749 1432 788 e
1453 731 1728 791 contrario
1745 747 1853 786 non
1876 747 1999 788 esse

421 851 674 913 paratum
707 835 773 890 ad
806 827 1181 889 resistendum
1209 822 1423 878 fortiter
1450 821 1530 876 rei
1583 819 1868 913 nociturae,
1898 832 2002 873 nec

419 912 600 990 factus
643 927 938 986 ostendere
976 937 1097 992 quae
1145 927 1334 973 nostra
1373 915 1427 969 in
1459 920 1736 984 potestate
1783 912 1896 968 sint
1940 922 2000 967 et

419 1022 713 1084 electione,
744 1017 867 1088 plus
885 1013 1087 1068 habere
1122 1009 1318 1063 virium
1341 1018 1506 1076 quam
1538 1003 1737 1059 omnia
1757 1017 1880 1073 quae
1907 1017 2002 1058 ex-

420 1117 698 1171 lrinsecus
741 1106 1118 1164 intenduntur.
1161 1100 1294 1156 Nam
1322 1099 1370 1153 si
1401 1096 1526 1168 quis
1551 1095 1758 1152 bonum
1790 1094 2003 1161 simpli.

419 1207 555 1263 citer
583 1206 657 1258 ita
710 1201 859 1267 velit,
911 1209 1151 1266 cumque
1193 1192 1391 1249 deinde
1426 1191 1586 1247 factis
1625 1188 1998 1262 praestandum

418 1306 523 1359 est,
568 1294 805 1366 segniter
853 1306 918 1347 ac
969 1289 1304 1360 negligenter
1357 1283 1587 1340 allectus
1638 1285 1733 1348 sit,
1769 1283 1816 1339 is
1870 1296 2000 1337 vero

419 1394 577 1458 longe
631 1394 876 1440 remotus
930 1397 958 1436 a
1014 1379 1351 1449 perfectione
1396 1391 1508 1432 non
1550 1376 1786 1446 amplius
1826 1383 1911 1430 est
1945 1374 1998 1427 in
2043 1429 2046 1432 ,

416 1483 581 1542 bono,
612 1480 758 1548 quod
791 1490 925 1532 sane
951 1474 1254 1543 perfectum
1294 1480 1401 1528 est.
1457 1469 1713 1526 Sedenim
1757 1483 1996 1540 quonam

415 1572 519 1626 hoc
563 1581 724 1641 pacto
791 1567 950 1621 facile
1017 1564 1223 1634 possim
1271 1561 1531 1632 effugere,
1582 1561 1728 1616 dicet
1779 1561 1997 1630 aliquis.

414 1663 552 1718 Nam
579 1677 667 1716 res
701 1674 779 1714 ea:
804 1675 924 1728 qua:
951 1673 1046 1728 per
1077 1656 1381 1725 voluptates
1417 1653 1578 1708 nobis
1636 1654 2000 1722 imponuntet

414 1754 790 1817 blandiuntur,
830 1750 1056 1804 omnino
1088 1763 1195 1802 non
1251 1745 1524 1800 mediocre
1554 1744 1723 1799 robur
1777 1742 1999 1808 habent,

416 1847 494 1903 uti
523 1844 591 1899 de
627 1845 790 1898 rebus
822 1840 955 1907 ipsis
979 1854 1312 1907 cognoscere
1350 1837 1494 1892 lieet.
1530 1835 1685 1890 Alius
1706 1835 1850 1891 enim
1879 1834 2002 1890 aliis

2105 661 2192 698 σιν
2240 643 2392 716 αὐτῷ
2431 645 2524 699 τδν
2571 645 2832 718 λογισμὸν
2868 649 3200 721 περιτρέψαι
3242 649 3464 704 εὔκολον
3495 651 3678 716 αὐτοῖς

2103 736 2526 792 ἀναδείκνυσθαι
2547 753 2562 769 ο
2604 737 2636 808 ἢ
2669 740 3008 805 τούναντίον,
3041 741 3118 813 μὴ
3149 737 3287 796 εἶναι
3321 743 3540 814 ἕτοιμον
3581 746 3676 799 ἀν.

2101 825 2357 895 τιστῆναι
2393 825 2663 896 γενναίως
2693 828 2771 898 τῷ
2803 828 3084 898 βλάψοντι,
3117 832 3214 885 καὶ
3240 831 3413 896 δεῖξαι
3441 835 3553 895 τοῖς
3582 833 3676 904 ερ-

2102 933 2243 986 γοις,
2271 917 2347 981 ὡς
2379 919 2705 991 ἰσχυρότερα
2735 921 2806 976 ea;
2854 921 2940 992 ἐφ’
2989 924 3125 994 ἡμῖν
3157 925 3254 978 καὶ
3287 927 3385 994 τῆς
3418 926 3678 996 προαιρέ-

2107 1026 2247 1074 σεως
2289 1009 2402 1064 τῶν
2445 1009 2646 1077 ἔξωθεν
2695 1013 3056 1083 ἐπαγομένων
3107 1016 3236 1083 ἑξῆς
3277 1016 3554 1072 ἁπάντων.
3616 1017 3677 1072 El
3759 1030 3767 1039 '

2102 1100 2211 1168 γάρ
2257 1118 2341 1164 τις
2394 1102 2569 1156 metu
2615 1103 2677 1157 τὸ
2723 1105 2928 1172 ἀγαθὸν
2965 1107 3200 1160 οὑτωσὶν
3238 1107 3452 1171 ἁπλῶς,
3484 1108 3679 1164 ἔπειτα

2104 1192 2305 1261 δεῆσαν
2346 1194 2633 1264 πράττειν,
2660 1195 2688 1248 ὁ
2719 1194 2765 1248 δ’
2803 1195 3085 1267 ὀλιγώρως
3118 1198 3388 1252 διάκειται
3419 1201 3516 1252 καὶ
3543 1201 3678 1269 ἠμε-

2102 1281 2170 1353 λη
2180 1283 2383 1352 μένως,
2405 1285 2541 1340 πολὺ
2562 1285 2661 1356 τῆς
2687 1287 3031 1356 τελειότητος
3048 1289 3314 1359 ὑστερῶν,
3335 1290 3676 1344 οὐκέτέστιν

2103 1372 2163 1424 ὲν
2195 1372 2283 1448 τῷ,
2300 1373 2510 1442 ἀγαθῷ,
2535 1376 2562 1428 ὅ
2589 1392 2653 1444 γε
2689 1376 2918 1433 τέλειον.
2959 1379 3124 1432 Ἀλλά
3145 1380 3264 1443 πῶς
3287 1380 3357 1435 ἂν
3382 1379 3557 1433 ταῦτα
3583 1385 3676 1453 ῥᾳ-

2105 1466 2234 1530 δίως
2281 1467 2602 1538 διαφύγοιμι
2625 1487 2640 1536 ;
2679 1471 2832 1541 φησί.
2873 1473 3000 1537 Τοῖς
3033 1472 3145 1543 γὰρ
3191 1472 3279 1527 διὰ
3321 1473 3432 1527 τῶν
3478 1472 3679 1542 ἡδονῶν

2104 1554 2420 1620 ἐξαπατῶσι
2449 1561 2543 1614 καὶ
2574 1562 2930 1616 ὑποσαίνουσι
2965 1565 3288 1636 πράγμασιν
3318 1567 3419 1620 οὐκ
3445 1565 3677 1634 ἀγεννής

2105 1662 2189 1710 τις
2222 1648 2442 1713 πάντως
2480 1650 2656 1720 ἰσχὺς,
2686 1652 2762 1716 ῶς
2791 1653 2901 1706 ἀπδ
2933 1653 3057 1721 τῶνῘ
3087 1655 3437 1725 πραγμάτων
3481 1657 3678 1724 ἔχομεν

2105 1737 2333 1806 γνῶναι.
2373 1741 2568 1805 Ἄλλος
2610 1744 2723 1815 γὰρ
2777 1745 2962 1809 ἄλλοις
3012 1746 3320 1814 ἁλίσκεται,
3348 1747 3452 1801 κᾶν
3481 1748 3679 1802 ὁπόσον

2108 1830 2240 1905 θέλῃ
2287 1823 2621 1905 φιλοσοφεῖν.
2669 1837 2780 1892 Καὶ
2829 1838 3003 1900 οὐδεὶς
3051 1839 3163 1892 τῶν
3211 1839 3351 1893 ὅλων
3383 1840 3674 1909 ἀνῶτερος.

413 1935 650 2002 capitur,
705 1938 1135 2002 quantacunque
1171 1927 1338 1982 animi
1379 1925 1730 1981 contentione
1773 1934 1996 1991 tttatur;

2101 1924 2238 1978 Οὐδὲ
2273 1927 2384 1994 ἐγὼ
2422 1929 2622 2000 ῥᾳδίως
2657 1931 2824 2000 φημὶ,
2869 1931 3006 1986 ἀλλά
3037 1933 3240 2004 σπουδῇ
3274 1933 3368 1985 καὶ
3408 1935 3676 2004 καρτερίᾳ.

411 2044 514 2082 nec
537 2028 829 2098 quisquam
884 2025 1143 2078 omnibus
1193 2032 1278 2077 est
1333 2020 1600 2091 superior.
1637 2019 1715 2073 Ne
1775 2019 1993 2090 quidem

412 2119 528 2187 ipse
567 2119 712 2180 dico,
764 2130 924 2186 posse
950 2113 1088 2168 mala
1135 2113 1295 2167 facile
1345 2112 1528 2174 vitari.
1593 2111 1686 2166 sed
1725 2126 1832 2165 non
1889 2110 1994 2165 nisi

412 2210 654 2264 maximo
694 2215 802 2261 tam
832 2206 1015 2260 studio
1065 2208 1230 2274 quam
1255 2202 1564 2267 tolerantia,
1599 2210 1865 2272 quantum
1896 2201 1998 2257 lto—

410 2302 544 2356 mini
580 2299 663 2355 fas
701 2307 802 2352 est.
846 2298 1012 2367 quue
1074 2295 1212 2350 adeo
1260 2310 1451 2348 verum
1507 2302 1612 2357 est,
1653 2300 1712 2348 ut
1765 2291 1892 2348 licet
1945 2290 1994 2348 ei

410 2393 539 2447 mali
568 2390 697 2462 quid
747 2387 1042 2457 aliquando
1099 2384 1382 2451 acciderit,
1446 2400 1554 2440 non
1608 2395 1892 2454 propterea
1925 2383 1997 2440 ait

409 2486 610 2540 malus.
635 2482 873 2544 Atenim,
907 2480 1038 2536 dicit
1071 2479 1290 2549 aliquis,
1325 2477 1606 2546 complura
1657 2479 1810 2547 quasi
1859 2492 1998 2547 quo—

409 2579 536 2633 dam
571 2575 698 2630 fuco
737 2574 898 2629 nobis
932 2573 1312 2641 ,imponentia,
1377 2584 1590 2639 nosque
1635 2568 1996 2624 demulcendo

407 2668 673 2730 fallentia,
713 2664 960 2720 fortassis
988 2663 1287 2726 evitavero,
1329 2662 1371 2717 si
1410 2661 1689 2730 perpetuis
1721 2673 1806 2714 me
1861 2675 1989 2714 cer-

408 2758 709 2815 taminibus
737 2756 1036 2811 addixero:
1073 2771 1257 2808 verum
1289 2754 1334 2808 si
1386 2770 1471 2808 res
1497 2753 1794 2807 admodum
1850 2766 1998 2806 rnor-

410 2853 591 2911 dares,
621 2858 994 2903 etcxtremum
1023 2846 1076 2901 in
1107 2846 1327 2900 modum
1363 2845 1634 2900 violentas
1662 2853 1881 2912 tamque
1898 2857 1996 2897 na-

410 2953 532 2996 tura
562 2924 958 3004 formidabiles,
990 2946 1047 2993 ιιι
1076 2939 1290 2992 animos
1323 2937 1488 2992 etiam
1544 2936 1657 2992 sola
1689 2935 1774 2990 sui
1812 2950 1994 2994 recor—

410 3034 628 3087 datione
652 3011 992 3095 concutiant,
1035 3045 1131 3102 per
1163 3019 1318 3099 "quas
1359 3041 1578 3092 uxores,
1612 3027 1834 3094 liberos,
1867 3027 1998 3086 cha-

413 3126 634 3179 rissima
667 3139 921 3194 qumque,
947 3103 1114 3177 vitam
1164 3122 1340 3192 ipsam
1394 3120 1700 3175 amittimus
1732 3136 1747 3174 :
1785 3121 1869 3174 ha:
1909 3135 1996 3176 res

2101 2017 2336 2090 μεγίστῃ
2356 2018 2424 2072 τά
2445 2021 2592 2074 κακά
2611 2019 2926 2090 διαφεύγειν
2948 2023 3232 2088 δύνασθαι,
3257 2025 3381 2078 ὅσον
3400 2024 3672 2096 ἀνθρώπῳ

2097 2106 2324 2164 δυνατόν
2344 2124 2358 2139 '
2409 2112 2504 2164 ml.
2537 2113 2817 2178 τοσοῦτον,
2847 2113 2987 2168 ὥστε
3019 2115 3075 2168 εῖ
3101 2133 3203 2169 που
3236 2115 3331 2170 καὶ
3377 2117 3532 2187 ἁλοίη
3573 2135 3678 2172 πα-

2100 2195 2232 2262 θὼν,
2257 2201 2336 2271 μὴ
2358 2199 2446 2254 διὰ
2473 2201 2635 2257 τοῦτο
2665 2204 2837 2257 κακὸν
2861 2198 3025 2260 εἶναι.
3069 2207 3229 2261 Ἀλλά
3257 2206 3326 2261 τὰ
3355 2209 3455 2279 μὲν
3480 2208 3669 2274 πολλὰ,

2098 2289 2259 2360 φησὶ,
2291 2292 2404 2346 τῶν
2439 2293 2868 2362 φενακιζόντων’
2896 2313 2958 2350 τε
3007 2298 3102 2352 καὶ
3150 2298 3467 2370 κηλούντων
3513 2301 3675 2355 διολι-

2099 2383 2364 2458 σθήσαιμ⁹
2417 2385 2485 2440 ἀν
2541 2387 2695 2454 ἴσως,
2749 2388 2991 2458 ἐμαυτὸν
3065 2388 3314 2456 δεδωκὼς
3365 2393 3674 2465 διηνεκέσιν

2096 2479 2271 2548 ἀγῶσι
2298 2496 2312 2511 ο
2345 2480 2542 2551 κομιδῇ
2594 2479 2650 2533 δὲ
2704 2480 3011 2551 πράγματα
3062 2483 3332 2554 δακνηρά,
3389 2485 3673 2555 βιαιότατα

2101 2569 2204 2638 μὲν
2235 2569 2293 2632 ἐς
2332 2568 2525 2638 ἀκρον,
2553 2569 2694 2621 οὕτω
2723 2568 2782 2622 δὲ
2816 2569 2978 2638 φύσει
3005 2573 3239 2643 φοσερά,
3274 2573 3349 2636 ὡς
3377 2576 3472 2628 καὶ
3501 2576 3673 2630 δονεῖν

2097 2657 2198 2720 τὰς
2226 2657 2407 2728 ψυχὰς
2455 2659 2593 2729 αὐτῇ
2647 2659 2740 2712 καὶ
2777 2661 2914 2734 μόνῃ
2945 2664 3012 2731 τῇ
3048 2666 3262 2736 μνήμῃ,
3291 2663 3362 2717 δι’
3388 2661 3462 2718 ὧν
3490 2669 3674 2733 γυναῖ-

2097 2765 2223 2816 κας,
2245 2751 2463 2816 παῖδας,
2484 2751 2555 2806 τά
2577 2751 2908 2821 τιμιώτατα,
2937 2754 3071 2806 αὐτὸ
3093 2755 3154 2808 τὺ
3183 2757 3282 2827 ζῇν
3303 2757 3670 2828 ζημιούμεθα,

2098 2843 2146 2893 εἱ
2174 2841 2315 2910 μετὰ
2340 2842 2577 2912 σφοδρᾶς
2599 2844 2881 2913 κωμάσειε
2906 2845 3110 2915 ῥύμης,
3137 2847 3254 2911 πῶς
3280 2847 3346 2900 ἂν
3371 2849 3670 2919 ύποσταίην

2097 2934 2406 3004 ἀειδήποτε,
2437 2933 2576 2988 ἀλλά
2599 2935 2698 3007 ,μὴ
2729 2937 3081 2990 παντάπασιν
3112 2938 3347 3008 είξαιμι,
3372 2943 3466 2994 καὶ
3496 2933 3670 3012 οὗπερ

2099 3027 2167 3083 ἂν
2195 3028 2420 3096 ἀγάγοι,
2445 3027 2752 3098 δεδεμένοις
2779 3028 3166 3099 παραπλήσιον
3196 3028 3501 3102 ὲφεψοίμην
3520 3047 3536 3090 ;
3555 3033 3673 3102 ὲρεῖ

2096 3135 2182 3182 τις
2215 3118 2348 3182 ἴσως
2379 3119 2610 3172 τοιαῦτα
2642 3109 3065 3187 ἀνθυποφέρων.
3105 3119 3424 3175 ’Δκούσεται
3447 3123 3502 3176 δὲ
3537 3121 3671 3194 παρ’

411 3217 578 3286 igitur
611 3217 658 3270 si
714 3217 1038 3271 vehemente
1090 3229 1216 3270 cum
1253 3214 1456 3284 impetu
1497 3213 1728 3278 irruant,
1752 3226 1992 3283 quonam

2101 3209 2314 3282 ἀνδρῶν
2341 3211 2400 3264 ὲν
2425 3211 2570 3282 λόγῳ
2587 3209 2810 3276 ζώντων
2831 3213 2928 3266 καὶ
2947 3213 3294 3302 γενναιότητι
3316 3231 3331 3247 ·
3355 3214 3520 3269 Οὐδὲν
3548 3214 3673 3270 οὔτε

409 3323 506 3362 eas
533 3316 691 3378 pacto
717 3321 934 3375 semper
953 3305 1290 3372 sustinuero,
1337 3318 1437 3359 nec
1473 3305 1698 3358 omnino
1748 3317 1990 3372 cessero,

411 3414 741 3470 quocunque
773 3398 1049 3465 duxerint,
1091 3399 1398 3452 vinctorum
1430 3396 1486 3451 in
1537 3410 1744 3451 morem
1803 3397 1994 3452 subse-

411 3492 631 3561 quens“!
660 3489 984 3562 Hujusmodi
1014 3490 1197 3546 denuo
1233 3489 1388 3544 nobis
1424 3487 1697 3558 objiciens
1720 3487 1991 3558 quispiam

411 3582 645 3636 fortasse
667 3579 974 3650 protulerit.
1005 3577 1076 3633 At
1096 3580 1210 3633 haec
1237 3577 1480 3632 vicissim
1504 3593 1532 3631 a
1585 3579 1712 3634 viris
1737 3594 1801 3634 ex
1855 3595 1994 3650 prato

409 3676 617 3745 scripto
647 3675 873 3730 rationis
915 3672 1326 3730 etfortitudinis
1365 3672 1698 3739 viventibus,
1759 3675 1941 3730 audiet
1975 3691 1990 3731 :

409 3767 599 3836 Neque
630 3777 685 3821 tu
719 3765 1018 3836 quidquam
1066 3763 1256 3829 sentis,
1294 3779 1466 3832 neque
1515 3763 1673 3832 dicis,
1723 3765 1884 3836 cujus
1905 3766 1989 3821 vel

414 3875 510 3925 per
558 3873 812 3911 somnum
865 3855 1034 3911 oblati
1081 3855 1259 3910 virum
1325 3856 1538 3912 ratione
1594 3857 1904 3925 praeditum,
1937 3867 1992 3912 ct

412 3954 595 4006 animo
627 3949 775 4014 forti,
816 3963 926 4002 non
958 3948 1153 4002 merito
1201 3947 1480 4016 puduerit,
1517 3959 1571 4003 et
1611 3948 1768 4018 cujus
1824 3963 1989 4003 causa

412 4029 524 4097 non
553 4057 752 4113 poenas
790 4048 1142 4109 experrectus
1173 4038 1286 4107 ipse
1313 4039 1380 4094 de
1431 4039 1610 4108 seipso
1667 4040 1987 4106 sumpserit.

414 4133 546 4186 Nam
582 4132 672 4200 qui
707 4145 899 4198 reapse
958 4127 1055 4182 viri
1115 4138 1264 4193 sunt,
1309 4127 1446 4182 nihil
1489 4141 1666 4196 neque
1715 4129 1991 4196 potentius

360 4263 371 4271 .
413 4237 590 4289 neque
623 4219 1026 4277 formidabilius
1043 4219 1363 4274 existimant
1381 4233 1445 4273 eo
1464 4218 1553 4287 qui
1579 4233 1764 4271 revera
1798 4228 1991 4288 potens

416 4320 500 4365 est
525 4325 586 4363 ac
619 4308 1020 4372 formidabilis,
1067 4309 1232 4362 siculi
1297 4323 1398 4361 nec
1441 4306 1754 4361 amantibus
1799 4309 1991 4374 pudice

415 4402 716 4470 quidquam
749 4399 1038 4453 amabilius
1074 4408 1128 4454 et
1175 4398 1590 4453 desiderabilins
1647 4413 1832 4453 revera
1857 4399 1993 4470 opni-

415 4492 548 4544 chro
583 4500 636 4544 et
671 4491 836 4544 bono.
870 4489 1082 4558 Quippe
1114 4489 1232 4542 dira
1263 4491 1481 4557 quidem
1539 4489 1804 4558 ejusmodi
1863 4504 1992 4550 sunt

2102 3305 2343 3374 φρονεῖς,
2377 3301 2503 3357 οὔτε
2533 3299 2737 3371 λέγεις,
2766 3303 2795 3357 δ
2825 3303 2901 3375 μὴ
2930 3305 3036 3359 κάν
3063 3293 3196 3375 ὄναρ
3231 3305 3353 3360 ίδὼν
3379 3308 3519 3378 ἀνὴρ
3546 3325 3677 3378 pes-
3723 3333 3728 3335 ·

2100 3397 2242 3466 έχων
2275 3397 2432 3465 λόγου
2484 3397 2578 3451 καὶ
2628 3402 3034 3470 γενναιότητος,
3069 3399 3310 3470 ᾐσχύνθη
3338 3418 3398 3454 τε
3433 3402 3570 3457 πάνυ
3595 3401 3676 3456 δι-

2107 3488 2302 3552 καίως,
2329 3489 2422 3542 καὶ
2465 3488 2623 3559 δίκην
2671 3507 2735 3560 γε
2780 3492 2880 3562 τὴν
2903 3493 3237 3565 γιγνομένην
3264 3494 3678 3566 ἐξεγειρόμενος

2100 3579 2232 3650 παρ’
2257 3579 2415 3642 αὐτὸς
2453 3580 2622 3633 αὑτοῦ
2653 3581 2872 3653 είληφε.
2923 3584 3052 3647 Τοῖς
3084 3584 3194 3656 γάρ
3218 3585 3295 3649 ὡς
3328 3586 3545 3657 ἀληθῶς
3573 3588 3674 3642 ἀν-

2098 3670 2290 3738 δράσιν
2309 3670 2463 3724 οὐδέν
2491 3687 2546 3723 τι
2577 3671 2950 3748 δυνατώτερον
2971 3692 3029 3728 τε
3052 3676 3150 3729 καὶ
3173 3677 3553 3749 φοϐερώτερον
3575 3681 3672 3736 τοῦ

2097 3760 2268 3826 ὅντως
2314 3761 2542 3818 δυνατοῦ
2597 3781 2656 3818 τε
2713 3766 2807 3820 καὶ
2843 3767 3118 3844 φοϐεροῦ·
3153 3771 3341 3844 ὥσπερ
3393 3774 3514 3829 οὐδὲ
3558 3775 3676 3838 τοῖς

2098 3852 2264 3922 ἐρῶσι
2297 3857 2593 3926 σωφρόνως
2622 3857 3041 3931 ἑρασμιώτερόν
3072 3878 3131 3914 τε
3163 3863 3261 3917 καὶ
3289 3864 3672 3938 ποθεινότερον

2098 3945 2195 3997 τοῦ
2226 3944 2399 4012 ὅντως
2423 3964 2486 4010 γε
2513 3948 2684 4002 καλοῦ
2724 3966 2784 4003 τε
2815 3953 2912 4012 καὶ
2940 3952 3172 4022 ἀγαθοῦ.
3215 3957 3377 4011 Δεινὰ
3407 3958 3507 4028 μὲν
3539 3959 3672 4030 γὰρ,

2098 4036 2191 4088 καὶ
2219 4037 2365 4110 πέρα
2410 4039 2600 4094 δεινῶν
2632 4041 2702 4094 τά
2731 4043 2959 4100 τοιαῦτα
2984 4062 2998 4077 ·
3030 4045 3204 4103 ἔστων
3250 4049 3308 4103 δὲ
3358 4051 3454 4105 καὶ
3504 4068 3675 4106 κατα-

2100 4125 2303 4196 πλῆξαι
2332 4131 2425 4182 καὶ
2463 4135 2786 4194 κατασεῖσαι
2821 4137 3027 4209 σφόδρα
3057 4139 3334 4210 δυνάμενα
3378 4144 3502 4208 τοὺς
3543 4145 3678 4198 πολ·

2099 4215 2246 4284 λοὺς,
2291 4224 2384 4273 καὶ
2418 4221 2722 4292 ζημιῶσαι,
2777 4229 2941 4282 πάνθ’
2987 4230 3116 4300 ἑξῆς
3155 4235 3294 4303 μετά
3322 4235 3417 4288 τοῦ
3473 4238 3574 4309 ζῇν
3604 4242 3678 4294 τὰ

2099 4309 2344 4377 παρόντα
2376 4313 2503 4377 τοὺς
2556 4316 2742 4381 αὐτοῖς
2795 4321 3254 4394 ἀνθισταμένους,
3305 4327 3394 4383 ἵνα
3427 4347 3521 4384 σου
3567 4333 3680 4385 τῶν

2100 4399 2418 4494 ύπερόολῶν
2471 4407 2745 4479 μηδεμίαν
2783 4413 3152 4486 ἀφελώμεθα·
3203 4422 3262 4473 οὐ
3299 4422 3408 4494 μὴν
3453 4425 3681 4481 τοιαῦτά

2099 4508 2161 4558 γε
2194 4492 2321 4590 ὄντα
2356 4494 2551 4565 (ἔστων
2579 4500 2634 4554 δὲ
2661 4503 2757 4558 καὶ
2789 4504 2982 4574 πλείω,
3006 4511 3052 4561 εξ
3079 4509 3308 4583 βούλει),
3331 4492 3556 4581 ἀντάξια
3580 4519 3679 4590 δή·

415 4594 469 4636 et
499 4583 619 4652 plus
637 4597 800 4652 quam
820 4580 1117 4647 dira,Quin
1140 4581 1303 4635 etiam
1335 4581 1549 4642 demus,
1575 4593 1632 4634 ιιι
1654 4583 1903 4640 territare
1937 4601 1996 4643 ac

2107 4584 2308 4678 πουθεν
2337 4586 2516 4660 ψυχῆς
2561 4593 2651 4650 καὶ
2699 4593 2858 4666 δόξης
2900 4580 3302 4673 ἀληθεστάτης,
3326 4606 3397 4660 δι’
3424 4609 3458 4661 ἀ
3487 4625 3547 4678 γε
3583 4580 3679 4665 καὶ

414 4674 606 4743 vulgus
633 4673 913 4726 hominum
951 4672 1244 4742 percellere
1288 4673 1639 4728 vehementer
1679 4675 1904 4742 possint,
1939 4689 1992 4733 et

415 4765 601 4846 ejunia
638 4763 796 4831 plane
824 4762 966 4816 bona
1004 4763 1291 4832 praesentia
1323 4777 1443 4816 cum
1473 4765 1583 4831 ipsa
1613 4765 1718 4818 vita
1736 4768 1995 4826 resisten-

416 4853 565 4908 tibus
597 4852 857 4914 adimere,
885 4861 1010 4906 tuas
1035 4861 1098 4905 ut
1132 4851 1225 4906 tibi
1273 4852 1678 4921 superlationes
1725 4855 1842 4912 illas
1880 4873 1995 4912 om-

421 4959 518 4999 nes
541 4940 928 5007 concedamus,
981 4957 1091 4996 non
1144 4952 1348 5006 tamen,
1411 4945 1622 4999 etiamsi
1686 4947 1811 5001 talia
1884 4950 1995 5003 sint

416 5041 753 5108 (quanquam
786 5036 942 5105 plura
975 5051 1215 5106 quoque,
1251 5037 1297 5091 si
1336 5037 1508 5098 voles,
1539 5040 1777 5108 (fcinus),
1825 5045 2009 5113 requir

416 5130 656 5198 paranda
698 5143 820 5181 cum
855 5128 1038 5183 animo
1084 5129 1473 5199 verissimaque
1529 5133 1700 5198 gloria
1747 5135 1991 5200 veniunt.

417 5238 651 5290 quorum
688 5234 852 5275 causa
885 5219 970 5275 vel
1019 5219 1191 5289 ipsam
1239 5220 1426 5287 vitam,
1459 5225 1547 5292 qui
1593 5227 1751 5296 sapit,
1823 5230 1992 5282 multa

420 5329 546 5365 cum
570 5312 851 5364 alacritate
884 5310 1205 5379 profuderit.
1231 5313 1334 5367 Par
1357 5316 1500 5369 enim
1554 5317 1696 5372 istud
1733 5335 1818 5373 res
1858 5321 1993 5376 alias

421 5403 708 5457 universas
741 5403 966 5456 nimium
1005 5415 1264 5473 quantum
1319 5408 1608 5464 excellitct
1647 5422 1889 5480 superat.
1928 5415 1994 5468 At

425 5494 516 5548 illa
541 5493 744 5557 gravia,
775 5510 896 5564 qua:
930 5506 987 5548 tu
1021 5510 1454 5554 commemorans
1502 5501 1888 5560 exhorrescere
1919 5506 1996 5561 vi-

421 5586 664 5650 debaris,
723 5587 938 5642 etiamsi
985 5588 1110 5658 quis
1159 5591 1366 5647 irruere
1409 5593 1697 5648 confertim
1753 5609 1993 5651 extrema

417 5691 544 5732 cum
582 5680 878 5736 acerbitate
908 5686 1264 5751 concesserit,
1317 5695 1497 5742 tamen
1532 5704 1629 5741 nec
1675 5690 1857 5744 animo
1900 5691 1997 5746 dc-

418 5768 742 5846 trimentum
777 5772 1038 5837 afferunt,
1078 5777 1122 5830 si
1151 5779 1368 5845 quidem
1399 5779 1446 5832 ei
1494 5793 1599 5832 non
1635 5781 1796 5833 etiam
1832 5783 1997 5837 vehe-

419 5847 632 5914 menter
691 5865 1026 5931 conducunt,
1101 5883 1199 5922 nec
1255 5868 1533 5922 infamiam
1600 5871 1914 5937 conciliant,
1955 5873 1999 5926 si

2101 4677 2161 4728 τὸ
2210 4677 2310 4774 ςῇν
2335 4681 2488 4774 ἀύτδ
2519 4683 2651 4774 *δοίη
2691 4704 2774 4750 τις
2827 4689 2894 4742 ἂν
2924 4690 2984 4743 εὖ
3034 4693 3252 4764 φρονῶν
3296 4700 3439 4767 μετά
3475 4703 3679 4774 πολλῆς

2103 4769 2432 4837 προθυμίας.
2468 4771 2619 4841 Αὕτη
2660 4775 2771 4845 γὰρ
2803 4778 2836 4846 ὴ
2874 4776 3105 4849 ξυνωρὶς
3137 4783 3227 4837 τοῦ
3268 4791 3470 4852 παντὸς
3505 4769 3677 4861 ὑπέρ-

2101 4877 2280 4916 κειται
2315 4868 2454 4930 μετά
2497 4869 2714 4938 μακρᾶς
2759 4871 2859 4941 τῆς
2910 4871 3239 4945 ὑπερϐολῆς.
3280 4879 3496 4934 Ἐκεῖνα
3523 4883 3580 4936 δὲ
3607 4885 3676 4939 τὰ

2101 4953 2364 5045 δυσχερῆ,
2385 4955 2422 5011 ἀ
2445 4958 2508 5010 σύ
2538 4976 2599 5026 γε
2631 4960 2808 5028 λέγων
2838 4957 3046 5028 ἐδόκεις
3075 4969 3342 5038 φρίττειν,
3371 4973 3472 5030 κᾶν
3500 4975 3677 5045 ἀθρόα

2102 5044 2217 5116 δοίη
2253 5064 2336 5110 τις
2366 5049 2717 5120 είσκωμάσαι
2771 5057 2914 5124 μετὰ
2962 5058 3293 5130 δριμύτητος
3321 5065 3518 5136 ἄκρας,
3550 5044 3676 5122 οὔτε

2105 5138 2334 5209 βλάπτει
2361 5143 2460 5213 τὴν
2485 5144 2688 5216 ψυχὴν,
2713 5149 2760 5200 εί
2797 5150 2873 5221 μὴ
2899 5154 2994 5206 καὶ
3029 5156 3237 5226 σφόδρα
3263 5158 3526 5228 ὀνίνησιν,
3553 5161 3677 5217 οὔτ’

2103 5231 2324 5296 ἀδοξίαν
2381 5237 2654 5306 προξενεῖ,
2690 5243 2738 5293 εί
2797 5243 2870 5314 μὴ
2922 5246 3016 5298 καὶ
3064 5248 3337 5318 λαμπρῶς
3393 5257 3676 5318 στεφανοῖ.

2106 5323 2298 5411 ’Ὀλως
2333 5325 2388 5378 δὲ
2419 5327 2488 5381 τὰ
2521 5330 2742 5402 λυπηρὰ
2777 5337 2858 5397 εἰς
2908 5336 3076 5390 ἑαυτά
3110 5342 3474 5411 στρεφόμενα,
3503 5343 3577 5406 ὡς
3610 5347 3677 5398 τὰ

2109 5409 2526 5486 πολυφλοίσϐοιο
2578 5424 2846 5498 Θαλάττης
2900 5429 3144 5500 κύματα,
3178 5409 3488 5491 διαλύεται.
3532 5437 3595 5491 Ei
3623 5440 3677 5494 δὲ

2108 5511 2422 5601 καθάψαιτο
2469 5517 2558 5567 καὶ
2607 5520 2820 5589 μακρὸν
2855 5522 2976 5590 μεθ’
2999 5525 3132 5591 ὅσης
3158 5525 3224 5579 ἄν
3253 5545 3336 5589 τις
3365 5529 3511 5582 είποι
3543 5547 3678 5601 σφο-

2108 5597 2364 5667 δρότητος
2393 5606 2487 5656 καὶ
2515 5605 2854 5674 πλεονεξίας,
2887 5610 3025 5663 ἀλλὰ
3056 5615 3209 5667 πᾶσα
3239 5617 3269 5685 ἠ
3308 5617 3558 5685 παροῦσα
3584 5597 3676 5688 tq-

2113 5690 2208 5758 μία
2236 5693 2337 5762 τῆς
2368 5697 2466 5764 ἤδη
2501 5699 2802 5771 τρεχούσης
2856 5704 3002 5756 ἐστὶν
3037 5707 3251 5776 ἡμέρας
3278 5748 3293 5774 ,
3326 5712 3374 5760 εἰ
3406 5712 3461 5760 δὲ
3497 5710 3676 5780 βούλει

2109 5798 2172 5849 γε
2205 5786 2437 5856 στιγμῆς
2464 5801 2479 5818 '
2512 5791 2602 5840 καὶ
2637 5792 2694 5842 ὲν
2727 5795 2929 5863 ἀκαρεῖ
2958 5796 3192 5864 γίνεται,
3221 5799 3283 5867 ἢν
3317 5801 3564 5870 ἀκριεῶς
3597 5820 3676 5865 τις

2114 5876 2364 5948 omnia};
2395 5881 2461 5931 τὰ
2513 5885 2638 5951 περὶ
2675 5885 2864 5939 τῶνδε.
2912 5890 3022 5943 Καὶ
3077 5892 3545 5961 συλλαμϐάνονται
3589 5910 3676 5964 μοι
