3958 6458
261 403 368 470 429
1663 399 1864 462 ORAT

1989 396 2096 456 ΠΙ.
3422 383 3527 450 430

264 536 355 582 νος
396 517 567 590 πολλῇ
599 519 893 599 περιουσίᾳ⁸
923 517 1230 590 δυνάμεως,
1260 518 1468 587 σφόδρα
1505 496 1832 608 βιαζδμέξου
1861 553 1873 577 Α

1978 507 2050 560 llo
2095 506 2257 560 modo
2288 505 2602 561 commercii
2649 503 2832 569 fuerit,
2859 517 2924 558 ne
2955 517 3050 573 per
3082 501 3528 574 imaginationem

263 573 360 662 τού
395 573 719 678 πράγματός
750 606 785 676 ἢ
816 573 1134 677 προσώπου,
1158 573 1413 660 λυπεῖταί
1451 573 1570 676 μέν,
1594 573 1841 676 χωροῦν·
1861 573 1873 577 ν

1977 601 2174 673 [Itidem
2213 613 2602 670 quamcunque
2632 599 2716 653 vel
2761 597 3154 668 cogitationum
3219 599 3532 666 mentisque

262 718 357 764 τος
401 699 517 764 τοῦ,
542 699 742 763 δεινοῦ,
775 699 930 768 ζητεῖ
968 700 1027 754 δὲ
1058 699 1261 770 τρόπον
1291 701 1509 754 ἅπαντα
1563 698 1718 751 λύσιν
1747 695 1844 748 τοῦ

1977 693 2401 763 :onceptionem.
2428 691 2583 757 Quod
2613 692 2658 746 si
2680 691 2810 760 quid
2842 691 3070 745 omnino
3092 704 3203 744 non
3224 691 3418 745 volens
3447 693 3532 743 fa-

266 794 512 866 χαρλεποῦ
542 809 556 822 ·
593 793 687 846 καὶ
717 793 900 847 πάντα
930 792 1080 846 λίθον
1109 793 1292 862 (φασὶ)
1321 794 1480 858 κινεῖ,
1529 791 1625 844 καὶ
1666 805 1848 860 μηχα-

1977 801 2074 841 :ere
2097 793 2322 841 coactus
2351 782 2722 849 fuerit,nimia
2748 783 2798 834 vi
2825 782 3109 850 potestatis
3135 781 3427 846 adductus,
3449 783 3534 836 vel

265 859 367 949 νὰς
412 886 508 938 ἐπὶ
555 888 848 956 μηχαναῖς,
881 885 979 938 zeal
1023 859 1245 942 ἀνιάται
1272 859 1462 955 ⁷μηδὲν
1507 883 1717 937 ἀνύων·
1751 883 1848 936 καὶ

1977 886 2140 945 *e,vel
2170 892 2401 948 persona
2432 877 2688 948 quapiam
2717 875 2920 930 acriter
2942 885 3188 944 cogente,
3206 874 3362 928 dolor
3378 876 3536 943 equi-

267 977 557 1042 διόρθωσιν
601 977 862 1042 λαϐόντος
897 978 993 1032 τοῦ
1046 977 1444 1049 τυραννοῦντος
1492 977 1596 1048 ήδη
1645 976 1846 1042 κακοῦ,

1977 972 2072 1027 lem
2108 973 2340 1026 aflicitur
2357 972 2429 1026 ob
2463 971 2592 1024 mali
2624 984 3002 1040 progressum,
3027 969 3120 1022 sed
3142 969 3336 1037 quovis
3369 968 3535 1020 modo

272 1068 391 1131 πῶς
438 1070 565 1133 οῖει,
611 1071 779 1123 πόσον
827 1071 1059 1141 ἥδεται;
1111 1071 1280 1125 πόσον
1325 1071 1550 1142 χαίρεις
1607 1071 1848 1140 σκιρτῶν

1977 1067 2030 1121 ei
2049 1067 2294 1121 molestae
2325 1066 2486 1119 finem
2506 1065 2724 1134 quaerit,
2753 1079 3084 1132 omnemque
3104 1063 3336 1132 lapidem
3365 1060 3536 1130 (quod

273 1162 489 1232 φαιδρῷ
518 1162 599 1231 τῷ
645 1162 949 1234 προσώπῳ,
980 1166 1078 1217 καὶ
1112 1163 1299 1233 σαφῶς
1353 1166 1466 1226 τοῖς
1511 1163 1655 1224 ὅλοις
1684 1163 1850 1216 αὑτὸν

1977 1156 2132 1227 ιὶιιιιι)
2159 1166 2365 1220 movet,
2397 1172 2461 1212 ac
2495 1157 2822 1234 molitiones.
2867 1155 3252 1210 molitionibus
3288 1155 3538 1208 cumulat

267 1255 507 1321 δεικνὺς,
533 1254 609 1318 ὡς
641 1255 724 1308 ὅτι
763 1256 838 1327 μὴ
872 1258 966 1309 xal
1007 1257 1206 1312 θᾶττον
1253 1257 1626 1328 ἀπήλλακται,
1657 1257 1852 1328 δυσχε-

1977 1249 2045 1336 .ed
2072 1249 2208 1302 nihil
2232 1249 2496 1319 proiicere
2513 1249 2663 1304 dolet
2699 1265 2712 1301 :
2747 1257 3038 1318 postquam
3071 1249 3308 1317 denique
3329 1246 3534 1300 malum

271 1348 454 1416 ραίνει
475 1363 489 1377 ·
522 1347 616 1401 καὶ
659 1346 756 1402 τοῦ
788 1349 993 1414 παντὸς
1029 1351 1098 1404 ἀν
1151 1350 1241 1420 εἴη
1272 1349 1451 1419 τιμῶν
1481 1351 1582 1418 τήν
1617 1365 1680 1417 γε
1716 1349 1852 1420 πρὶς

1978 1341 2087 1395 llud
2113 1342 2218 1395 vim
2247 1341 2485 1397 aﬂ‘crens
2531 1341 2645 1412 jam
2703 1341 3089 1405 emendatum]
3119 1349 3222 1404 est,
3271 1349 3538 1408 quantum

272 1437 436 1490 τοῦτο
467 1439 745 1509 φέρουσαν
794 1441 1109 1512 ταχυτῆτα·
1139 1440 1218 1505 ὡς
1253 1440 1322 1494 άν
1375 1458 1428 1494 τι
1465 1443 1675 1494 τούτων
1711 1443 1848 1512 ἀπῇ,

1977 1444 2118 1490 mtas
2154 1435 2453 1506 voluptatis
2503 1433 2780 1506 percipit?
2808 1445 3074 1504 quantum
3137 1433 3380 1488 laetitiae?
3407 1433 3537 1485 dum

273 1530 374 1583 οὐκ
402 1532 550 1583 ἔστιν
578 1532 902 1602 ἀμέμπτους
949 1533 1326 1603 ἀναφανῆναι,
1368 1531 1640 1602 οὔμενουν
1668 1532 1772 1586 κᾶν
1803 1533 1856 1585 εῖ

1977 1530 2138 1583 'ronte
2168 1529 2330 1583 hilari
2380 1529 2640 1592 exsultat,
2673 1538 2728 1582 et
2767 1528 2926 1598 plane
2954 1527 3117 1582 rebus
3146 1527 3402 1580 omnibus
3444 1526 3541 1578 dr-

275 1636 332 1672 τι
365 1619 782 1694 προσάλλοιντο,
811 1621 931 1675 ἀνθ’
954 1616 1031 1674 ὦν
1059 1623 1160 1676 οὐκ
1189 1623 1376 1694 ἄρτιον
1409 1621 1543 1694 παρ’
1585 1623 1768 1676 αὐτῶν
1793 1623 1854 1680 τὸ

1977 1621 2150 1685 :larat,
2182 1622 2571 1692 permolestum
2615 1623 2721 1676 sibi
2755 1621 3029 1685 accidere,
3061 1622 3209 1691 quod
3233 1616 3398 1676 citius
3429 1636 3538 1674 non

275 1687 557 1781 προσῆκον
585 1713 858 1781 γίγνεται.
896 1715 1006 1769 Kal
1035 1687 1240 1771 ταῦτα’
1263 1718 1362 1786 μὲν
1406 1687 1536 1787 περὶ
1561 1717 1654 1771 τοῦ
1687 1719 1856 1770 ἀκουο

1979 1687 2225 1766 iberatus
2248 1713 2344 1776 sit,
2373 1727 2689 1784 magnoque
2708 1728 2878 1784 supra
2913 1729 3003 1768 res
3038 1729 3233 1767 omnes
3283 1714 3542 1782 inpretio

276 1807 396 1858 σίου
418 1821 434 1835 ·
479 1806 610 1874 περὶ
657 1806 716 1860 δὲ
762 1806 859 1861 τοῦ
910 1807 1162 1861 ἑκουσίου
1199 1809 1404 1878 φαμὲν,
1431 1808 1506 1871 ὡς
1535 1808 1597 1862 ού
1631 1809 1792 1878 μόνον
1818 1810 1855 1863 ἀ

1977 1805 2295 1859 :eleritatem
2364 1820 2430 1860 eo
2491 1806 2886 1875 perducentem
2951 1807 3117 1860 habet
3163 1821 3178 1871 ;
3233 1807 3438 1875 quippe
3495 1805 3540 1860 si

276 1893 544 1965 ποιοῦμεν
593 1894 1036 1966 εὐφραινόμενοι,
1067 1896 1296 1950 ἑκούσια
1318 1937 1337 1964 ,
1371 1896 1507 1952 ἀλλά
1530 1899 1626 1953 καὶ
1671 1901 1855 1954 ἐκεῖνα

1981 1913 2158 1952 torum
2181 1897 2392 1968 aliquid
2413 1898 2580 1962 absit,
2606 1899 3037 1974 reprehensione
3050 1913 3243 1953 carere
3266 1909 3546 1967 neuneunt

275 1987 578 2051 πάντως,ἀ
610 1989 671 2042 οὐ
705 1987 936 2059 θέλομεν
987 1990 1190 2054 ποιεῖν,
1215 1989 1287 2042 δι’
1335 1989 1505 2061 ἀλλην
1555 1991 1614 2044 δὲ
1658 1991 1857 2062 ἡδονὴν

1977 1992 2237 2055 nomines,
2279 1992 2496 2047 etiamsi
2541 2007 2741 2048 causas
2782 1992 3065 2063 proferant
3118 1994 3190 2048 ob
3237 2009 3378 2064 quas
3419 1993 3546 2049 olli-

278 2085 412 2153 ἡμῖν
446 2084 627 2146 αὐτοῖς
671 2081 980 2152 ἑπάγομεν.
1015 2084 1128 2137 Kal
1156 2082 1269 2153 γὰρ
1303 2083 1366 2136 τὸ
1409 2084 1673 2154 πράττειν
1703 2085 1855 2150 τινὰς

1977 2085 2108 2139 rium
2151 2084 2390 2156 perfecte
2427 2101 2534 2140 non
2585 2086 2810 2141 faciant.
2845 2086 2912 2141 Et
2944 2087 3059 2141 haec
3096 2088 3318 2156 quidem
3357 2087 3425 2141 de
3460 2087 3546 2140 in-

280 2177 490 2240 ἐκεῖνα,
518 2176 662 2230 ἔστω
699 2175 779 2241 δὲ,
819 2176 912 2247 βίᾳ
947 2177 1184 2248 μεγίστῃ
1232 2177 1330 2230 καὶ
1360 2177 1661 2246 τυραννίδι,
1712 2176 1859 2248 ειπερ

1977 2177 2299 2254 voluntario.
2352 2177 2428 2232 De
2479 2177 2793 2233 voluntario
2833 2194 2963 2233 vero
3012 2178 3284 2243 dicimus,
3330 2195 3438 2234 non
3478 2195 3541 2235 ea

283 2270 350 2324 ἂν
378 2269 552 2338 αὐτῆς
580 2268 828 2340 ἀπούσης
858 2271 959 2324 οὐκ
989 2269 1056 2325 ἂν
1091 2271 1384 2340 ἔπραττον,
1406 2271 1510 2324 οὐκ
1537 2269 1688 2324 ἔστιν
1707 2271 1858 2342 ὅμως

1977 2270 2128 2322 modo
2177 2284 2301 2339 quae
2351 2283 2478 2324 cum
2522 2270 2708 2325 laetitia
2763 2269 2996 2327 facimus
3037 2268 3160 2327 esse
3199 2272 3544 2340 voluntaria,

295 2362 518 2425 ἀκοντας
553 2363 838 2432 πράττειν,
892 2364 1032 2417 ἀλλά
1077 2363 1394 2418 τούναντίον
1426 2365 1652 2426 ἑκόντας
1698 2381 1864 2434 περι-

1977 2357 2060 2412 sed
2105 2359 2332 2413 omnino
2380 2369 2436 2414 et
2484 2361 2574 2414 illa
2607 2377 2732 2431 qua:
2766 2365 2947 2418 facere
2992 2379 3098 2419 non
3132 2366 3412 2431 volumus,
3447 2367 3545 2421 sed

290 2453 490 2521 φανῶς,
530 2455 690 2524 είτιερ
727 2455 946 2519 ἑκόντες
976 2457 1204 2526 ὲακυτοὺς
1237 2457 1320 2519 είς
1343 2457 1577 2525 ταυτηνὶ
1610 2457 1709 2526 τὴν
1737 2456 1861 2526 βίαν

1977 2451 2190 2506 alterius
2247 2452 2545 2522 voluptatis
2588 2468 2756 2509 causa
2807 2456 2969 2510 nobis
3018 2458 3121 2527 ipsi
3181 2458 3539 2514 arcessimus.

282 2547 603 2618 εἰσήγαγον,
637 2547 738 2619 τὴν
770 2548 945 2620 ἀρχὴν
991 2548 1087 2602 τοῦ
1133 2547 1430 2618 ,βιασθῆναι
1463 2548 1677 2604 οἴκοθεν
1704 2549 1862 2602 αὐτοὶ

1977 2540 2032 2596 Et
2075 2545 2224 2598 enim
2275 2543 2496 2614 aliquos
2543 2560 2608 2600 ea
2658 2545 2839 2602 facere
2887 2558 3110 2603 coaetos
3163 2550 3266 2621 (ut
3312 2551 3367 2605 id
3411 2566 3546 2607 sane

282 2642 814 2710 παρεισαγαγόντες.
851 2643 966 2697 Kal
1004 2642 1204 2710 γένοιτ’
1249 2641 1317 2697 ἂν
1352 2641 1564 2697 ἐκεῖθεν
1614 2659 1862 2714 καταφα-

1977 2635 2182 2706 lenius)
2209 2637 2261 2691 vi
2301 2639 2702 2709 tyrannideque
2739 2640 3010 2722 maxima,
3037 2659 3159 2712 quae
3189 2645 3236 2700 si
3279 2645 3360 2700 vis
3392 2646 3580 2702 abes--

284 2733 400 2795 νές.
441 2731 503 2786 Ὀ
553 2734 660 2804 γὰρ
707 2733 959 2805 τυράννῳ
1016 2733 1216 2803 μισθοῦ
1271 2732 1566 2800 δουλεύων,
1596 2735 1756 2798 εἰδὼς
1786 2734 1864 2798 ὡς

1977 2738 2073 2794 set,
2103 2745 2212 2785 non
2241 2729 2488 2798 faceret;
2509 2749 2618 2787 non
2648 2734 2700 2788 id
2728 2733 2974 2805 profecto
3006 2738 3204 2794 invitos
3227 2749 3313 2796 est
3343 2739 3547 2806 facere.

286 2815 436 2878 ἔστιν
469 2825 682 2896 ἀνάγκη
713 2826 978 2897 πράττειν
1008 2826 1072 2879 τὸ
1099 2827 1278 2896 τούτῳ
1323 2827 1508 2894 δόξαν,
1551 2827 1586 2898 ἢ
1627 2827 1747 2898 μετ’
1776 2830 1865 2882 αῖ·-

1977 2820 2064 2878 sed
2086 2823 2202 2878 vice
2220 2837 2376 2878 versa
2394 2825 2642 2880 volentes
2662 2825 2808 2882 haud
2837 2828 3008 2885 duble
3030 2848 3048 2888 :
3067 2832 3340 2902 siquidem
3363 2836 3550 2890 volcn-

293 2920 500 2990 σχύνης
523 2919 613 2971 καὶ
649 2918 874 2989 πληγῶν
900 2919 1265 2990 ἀφαιρεθῆναι
1294 2921 1355 2974 τὸ
1385 2921 1515 2991 ζῇν·
1547 2920 1719 2975 ἔπειτ’
1741 2923 1868 2976 ἀνευ

1977 2920 2050 2967 tes
2079 2912 2132 2966 in
2155 2919 2297 2967 hanc
2331 2927 2392 2969 se
2416 2915 2527 2969 vim
2558 2917 2997 2987 praecipitarunt,
3045 2939 3171 2978 cum
3204 2925 3430 2995 ipsimet
3479 2945 3546 2984 ex

289 3011 406 3066 λεῖν
457 3011 688 3076 ἁθὼους,
738 3011 1092 3080 λωποδυτεῖν,
1127 3013 1460 3085 ίεροσυλεῖν.
1488 3016 1597 3067 πᾶν
1645 3015 1864 3071 ἀνόσιον

1977 3019 2088 3060 sese
2141 3005 2413 3075 principio
2444 3011 2752 3069 coactionis
2782 3017 3131 3072 occasionem
3193 3023 3500 3090 praeberent
3531 3043 3546 3081 :

290 3106 492 3170 ποιεῖν,
525 3105 616 3158 ὑπ’
659 3105 866 3160 ἐκείνου
898 3104 1226 3176 βιαζόμενος
1257 3105 1540 3170 τοσοῦτον,
1574 3107 1650 3170 ὡς
1679 3108 1776 3162 καὶ
1804 3109 1867 3162 τὸ

1977 3097 2114 3166 quod
2158 3098 2376 3167 quidem
2408 3101 2490 3156 vel
2536 3103 2664 3160 hinc
2710 3109 3056 3176 apertissime
3123 3115 3383 3183 patuerit.
3441 3118 3548 3186 Qui

289 3195 444 3266 ξίφος
491 3196 870 3265 ὲπισειόμενον
929 3195 1079 3266 αὐτῷ
1131 3196 1378 3266 καθορᾷν
1427 3195 1577 3250 δυοῖν
1611 3196 1862 3268 ἔνεκα,ἢ

1977 3195 2204 3257 tyranno
2233 3190 2501 3245 mercedis
2531 3206 2695 3249 causa
2731 3201 2920 3260 servit,
2942 3215 3069 3256 cum
3113 3206 3258 3259 norit
3287 3223 3550 3265 necessa-

287 3288 386 3343 τοῦ
419 3291 538 3342 ταῖν
565 3291 747 3360 χεροῖν
769 3289 1088 3358 ἀποσφάξαι
1115 3289 1243 3352 τοὺς
1281 3289 1482 3353 ἀδίκως
1508 3289 1586 3360 τῷ
1613 3291 1864 3362 τυράννῳ

1977 3279 2057 3334 rio
2081 3278 2186 3334 sibi
2225 3279 2541 3338 faciundum
2569 3288 2716 3358 quod
2757 3290 2862 3360 ipsi
2883 3292 3059 3348 visum
3090 3295 3280 3366 fuerit,
3312 3301 3395 3355 vel
3422 3318 3546 3358 cum

293 3383 676 3454 μισουμένους,
696 3383 794 3436 καὶ
824 3383 1006 3437 πάντα
1039 3383 1312 3454 πράττειν
1341 3383 1412 3436 τὰ
1436 3383 1672 3454 ἄθεσμα,
1706 3384 1740 3455 ἢ
1771 3383 1867 3438 τοῦ

1977 3370 2270 3440 ignominia
2288 3383 2343 3428 et
2359 3377 2678 3436 verberibus
2700 3383 3054 3440 amittendam
3079 3387 3270 3454 vitam,
3293 3393 3338 3446 si
3354 3393 3552 3449 deinde

287 3479 401 3541 τοῖς
431 3478 598 3531 αὐτοῦ
631 3476 961 3548 μολυνθῆναι
995 3477 1056 3530 τὸ
1091 3477 1247 3546 ξίφος
1282 3477 1514 3548 αἴμασιν
1535 3494 1550 3509 ·
1573 3479 1603 3530 ὀ
1629 3477 1686 3532 δὲ
1717 3482 1870 3549 μισεῖ

293 3568 396 3640 μὲν
442 3569 588 3639 μάλα
639 3571 737 3621 τὸν
781 3567 945 3636 φόνον
975 3567 1236 3637 (δεδόσθω
1265 3569 1397 3639 γὰρ)
1420 3607 1437 3634 ,
1474 3567 1673 3638 πράξει
1699 3568 1746 3621 δ’
1774 3568 1868 3623 οὖν

289 3663 442 3731 ὅμως
471 3661 563 3714 τὸν
593 3661 774 3730 φόνον,
803 3661 898 3714 καὶ¹
933 3661 995 3714 τὸ
1021 3660 1155 3730 ἄγος
1181 3663 1304 3714 ταῖν
1333 3663 1518 3732 χεροῖν
1549 3662 1866 3734 ἐνεργήσει·

290 3755 412 3818 πῶς
465 3754 564 3825 οὐχ
611 3753 756 3808 ἑκών
790 3769 856 3822 γε
893 3753 1092 3824 δήμιος
1127 3755 1155 3806 ὁ
1183 3751 1431 3816 τοιοῦτος
1462 3752 1659 3822 γέγονε
1687 3770 1704 3818 ς
1757 3754 1869 3807 Kal

295 3849 405 3919 μὴν
439 3847 532 3902 καὶ
555 3837 759 3916 ’ἕτερον
811 3845 988 3916 ἔγωγε
1042 3844 1332 3917 ἠκηκόειν,
1355 3846 1456 3914 ὃγι
1490 3845 1566 3917 μὴ
1595 3847 1739 3900 πάνυ
1765 3847 1871 3900 διέ-

293 3957 464 4011 στηκε
509 3940 604 3993 τοῦ
658 3940 788 4010 πρὶν
841 3941 974 4010 ἡμῖν
1027 3939 1352 4010 είρημένου,
1380 3939 1432 3992 εί
1469 3939 1546 4010 μὴ
1575 3940 1656 4009 τῷ
1689 3940 1870 4011 πολλῷ

291 4035 477 4107 χεῖρον
512 4029 656 4086 εἶναι
689 4032 902 4085 ἐκείνου
925 4047 937 4062 ·
968 4033 1064 4086 καὶ
1088 4031 1232 4098 δόξει
1260 4031 1384 4095 μὲν,
1412 4027 1472 4085 εὖ
1507 4028 1651 4100 οἶδα,
1681 4032 1871 4086 statva

291 4129 359 4182 τὸ
385 4129 643 4198 πρᾶγμα,
676 4126 873 4196 ἀληθὲς
903 4127 960 4180 δὲ
998 4125 1310 4197 ἰσχυρίζετο
1347 4123 1490 4181 εἶναι
1521 4129 1550 4180 ὁ
1581 4126 1744 4181 τοῦτο
1784 4125 1872 4179 λέ-

293 4238 432 4292 γων.
491 4222 684 4290 Ἔλεγε
732 4223 842 4291 γὰρ
893 4220 1236 4290 ἐπιθυμῆσαί
1264 4236 1388 4275 τινα
1421 4220 1530 4274 ἀπὸ
1572 4218 1751 4290 θυμοῦ
1780 4235 1872 4271 το·-

293 4312 514 4384 πρῶτον
541 4312 867 4384 ἀρξάμενον,
895 4315 974 4376 εἰς
998 4311 1090 4366 τὸν
1112 4312 1282 4366 αὑτοῦ
1309 4312 1536 4382 μείζονα
1557 4311 1867 4382 ἐξυϐρίσαι·

292 4405 392 4456 xx‘t
409 4401 597 4467 δεδιὼς
618 4403 678 4460 τὸ
700 4403 970 4474 ὑπερέχον
990 4403 1244 4472 τάνδρὸς,
1268 4403 1372 4457 οὐκ
1393 4403 1516 4456 ετόλ
1523 4420 1622 4473 μα.
1644 4401 1871 4472 Ἐξεῦρε

291 4494 344 4551 δ’
372 4495 518 4558 ὅπως
543 4495 741 4560 ἐξοίσει
762 4497 842 4558 είς
863 4494 1195 4565 παραφορὰν
1221 4495 1417 4547 ἑαυτὸν
1441 4494 1533 4547 καὶ
1553 4493 1874 4572 θρασύτητα

293 4586 624 4642 ἀκάθεκτον.
664 4587 1035 4656 Ἐμφορηθεὶς
1081 4586 1195 4654 γὰρ
1246 4585 1492 4656 ἀκράτου
1525 4585 1750 4650 πολλοῦ,
1779 4587 1874 4639 ἐπὶ

295 4679 377 4748 τῷ
423 4679 520 4743 τὰς
567 4680 770 4750 φρένας
799 4679 1199 4750 διαφθαρῆναι,
1227 4680 1325 4733 καὶ
1372 4678 1544 4750 ταύτῃ
1580 4696 1645 4748 γε
1673 4679 1876 4749 θράσος

297 4771 509 4837 λαϐεῖν,
536 4773 752 4826 καὶτὸν
800 4772 900 4842 μὲν
946 4771 1260 4844 προύχοντα
1289 4775 1426 4844 τιμῇ
1475 4774 1598 4836 ταῖς
1651 4771 1876 4840 ὓὸρεσιν

306 4863 626 4930 ἀποπλῦναι,
655 4866 799 4936 ἔχειν
828 4866 892 4932 δὲ
930 4866 1305 4936 ἀναχώρησιν,
1335 4868 1436 4935 τὴν
1467 4865 1569 4918 εἶτ’
1610 4866 1877 4936 ἀναισθη-

310 4955 442 5022 σίαν,
477 4959 587 5010 εἴτε
625 4958 887 5028 βακχείαν
934 4960 1090 5027 φίλον
1122 4959 1232 5012 τινὶ
1262 4959 1470 5028 λέγειν,
1506 4961 1738 5028 πράττει
1773 4960 1875 5028 μὲν

299 5049 359 5100 τὸ
378 5049 534 5114 δόξαν
565 5051 758 5116 ἀδεῶς,
788 5053 1102 5122 παρήνεγκε
1128 5053 1185 5105 δὲ
1217 5050 1398 5121 πολλῷ
1428 5053 1607 5105 πάντα
1638 5052 1874 5123 ὲμῦρόν-

298 5155 461 5208 τητον
496 5139 590 5190 καὶ
638 5142 1044 5210 τετυφωμένον.
1098 5141 1266 5203 Δίκας
1313 5140 1358 5191 δ’
1404 5139 1878 5209 εἰσπραττόμενος

298 5232 398 5301 τῆς
421 5232 813 5301 ἀναισχυντίας
853 5235 993 5303 μετά
1022 5234 1120 5302 τὴν
1157 5232 1330 5302 μέθην
1371 5234 1465 5286 καὶ
1502 5233 1600 5302 τὴν
1631 5231 1876 5300 κραιπά-

299 5321 420 5391 λην,
444 5321 648 5376 κλαίων
685 5325 782 5376 καὶ
830 5322 1118 5393 οἰμώττων
1148 5324 1416 5392 ᾐσθάνετο
1445 5320 1630 5383 κακῶς
1665 5321 1762 5389 μὲν
1793 5320 1880 5372 θν-

298 5430 406 5477 τως
454 5414 907 5485 βεὸουλευμένος,
938 5417 1122 5480 κακῶς
1167 5417 1224 5468 δὲ
1281 5415 1426 5484 μάλα
1476 5413 1774 5484 τολμήσας.
1818 5414 1877 5465 '0

297 5501 428 5566 γοῦν
477 5501 722 5563 τοιοῦτος
772 5503 1057 5574 ἄνθρωπος
1103 5505 1204 5556 οὐκ
1238 5505 1305 5558 ἀν
1338 5521 1420 5557 σοι
1451 5504 1579 5575 δόξῃ
1617 5505 1877 5576 πάροινος

299 5590 465 5655 εἶναι,
497 5594 648 5647 τοῦτ’
681 5596 816 5649 αὐτὸ
868 5596 1033 5668 βουλῇ
1087 5602 1182 5650 καί
1230 5597 1426 5668 γνώμῃ
1464 5597 1874 5666 γεγενημένος;

299 5685 446 5737 Πάνυ
481 5704 573 5756 μοι
595 5688 759 5751 δοκῶ,
791 5691 887 5740 καὶ
925 5691 1131 5752 πάντας
1163 5684 1318 5758 οἶμαι
1344 5689 1638 5742 συνθέσθαι
1663 5693 1728 5760 τῇ
1750 5689 1877 5762 δόξῃ

300 5779 496 5851 ταύτῃ.
517 5780 628 5848 Οὐχ
648 5779 802 5844 οὗτος
825 5783 880 5834 δὲ
906 5783 1092 5852 μόνον,
1114 5779 1293 5853 οἶμαι,
1313 5786 1340 5836 ὁ
1366 5781 1505 5851 προῦ
1517 5800 1644 5852 ργου
1663 5785 1722 5836 τὸ
1746 5801 1877 5853 προ-

311 5870 613 5941 πηλακίσαι
649 5875 1020 5946 ποιησάμενος
1042 5913 1060 5942 ,
1113 5871 1211 5930 εἶτ’
1241 5876 1332 5930 ἐπὶ
1361 5875 1497 5948 τίξιδε
1544 5878 1880 5948 μεθυσθῆναι

1971 3463 2292 3524 innocentes
2315 3473 2863 3544 occidere,grassari,
2883 3479 3169 3550 sacrilegia
3188 3485 3550 3552 ccimnittere,

1969 3559 2107 3615 nihil
2138 3577 2244 3617 non
2277 3565 2428 3635 impii
2448 3579 2708 3638 peragere
2741 3573 2957 3640 tyranni
2994 3572 3158 3642 jussu
3197 3593 3370 3646 usque
3409 3582 3551 3634 aden

1970 3663 2222 3723 cogatur,
2255 3665 2314 3711 ut
2345 3660 2510 3713 etiam
2563 3661 2804 3730 gladium
2844 3664 3127 3721 obvibrari
3169 3669 3272 3723 sibi
3305 3671 3442 3726 duas
3480 3675 3554 3727 ob

1971 3758 2170 3800 causas
2192 3747 2414 3816 videat,
2454 3751 2538 3804 vel
2569 3763 2627 3806 ut
2657 3753 2859 3822 injuste
2883 3765 3118 3826 tyranno
3171 3775 3372 3817 exosos
3435 3768 3552 3820 suis

1971 3837 2088 3905 ipse
2118 3840 2372 3895 manibus
2395 3843 2636 3925 jugulet,
2663 3846 2962 3917 omniaque
2995 3849 3207 3904 nefaria
3247 3852 3434 3920 faciat,
3464 3847 3551 3910 vel

1974 3937 2035 3982 ut
2062 3929 2348 4000 ipsiusmet
2397 3936 2664 4003 sanguine
2691 3937 2908 4006 gladius
2950 3939 3292 4010 inquinetur,
3327 3945 3550 4002 interiu.

1974 4022 2092 4092 ipse
2116 4024 2513 4081 vehementcra
2535 4030 2684 4084 caede
2712 4031 3071 4100 (concedatur
3094 4037 3241 4090 enitn
3268 4038 3372 4093 hoc
3391 4043 3547 4110 sane)

1976 4114 2288 4185 abhorreat,
2307 4133 2370 4173 ac
2396 4120 2568 4174 nihilo
2591 4123 2774 4178 minus
2791 4126 2992 4180 caedem
3010 4130 3338 4196 committat,
3356 4143 3412 4187 et
3435 4150 3555 4189 πη·-

1975 4207 2140 4264 nibus
2175 4211 2292 4266 suis
2315 4210 2596 4281 piaculum
2638 4217 2748 4272 tale
2803 4216 3048 4291 peragat,
3081 4237 3190 4291 quo
3244 4237 3405 4294 pacto
3439 4244 3550 4283 nou

1975 4302 2024 4357 is
2053 4313 2249 4373 sponte
2273 4321 2372 4362 sua
2421 4307 2670 4364 carnifex
2701 4310 2880 4367 factus
2906 4313 3032 4368 est?
3058 4315 3318 4386 Equidem
3343 4323 3554 4377 etalind

1975 4401 2284 4466 exemplum
2336 4401 2532 4457 audire
2565 4407 2814 4473 memini,
2864 4409 3011 4478 quod
3039 4411 3108 4465 ab
3153 4416 3405 4482 cxp’iailo
3445 4434 3555 4474 non

1976 4490 2208 4544 multum
2256 4491 2444 4553 distat.
2487 4489 2808 4566 extraquam
2865 4502 3015 4569 quod
3059 4503 3154 4559 illo
3194 4507 3356 4576 longe
3401 4511 3557 4578 pejus

1981 4589 2084 4636 est.
2116 4584 2187 4637 At
2225 4599 2313 4639 res
2341 4585 2564 4654 quidem
2614 4589 2754 4658 ipsa,
2782 4592 3016 4656 satscio,
3047 4610 3194 4650 .nova
3225 4607 3279 4653 et
3311 4600 3558 4658 insolens

1981 4689 2108 4730 esse
2138 4677 2416 4733 videbitur
2450 4697 2466 4746 ;
2505 4682 2600 4736 sed
2637 4684 2730 4751 qui
2767 4696 2886 4737 eam
2919 4687 3202 4753 narrabat,
3233 4705 3415 4744 veram
3435 4710 3558 4748 esse

1979 4777 2297 4825 constanter
2328 4771 2529 4829 aiebat.
2552 4773 2850 4838 Quemdam
2889 4778 3039 4831 enim
3065 4784 3558 4849 commemorabat,

1979 4875 2236 4916 exorsum
2260 4864 2330 4918 ab
2359 4865 2461 4929 ira,
2497 4868 2777 4936 eupivisse
2800 4871 3137 4927 contumelia
3173 4873 3441 4944 majorem
3497 4892 3556 4931 se

1979 4953 2156 5006 virum
2189 4953 2432 5020 afficere,
2465 4973 2702 5028 cumque
2723 4961 2825 5014 viri
2841 4960 3162 5019 formidaret
3177 4967 3558 5028 eminentiam.

1980 5059 2089 5099 non
2139 5047 2188 5099 id
2229 5063 2425 5103 ausum
2466 5050 2670 5116 facere,
2711 5054 2930 5108 tandem
2975 5054 3254 5113 invenisse
3289 5064 3556 5117 rationem

1980 5150 2089 5204 qua
2117 5151 2401 5207 raperetur
2433 5143 2500 5195 ad
2535 5143 2805 5198 insaniam
2849 5147 3236 5205 etindomitam
3263 5155 3557 5224 quamdam

1981 5228 2264 5286 ferociam.
2305 5233 2475 5288 Multo
2522 5236 2668 5300 enim
2737 5252 2892 5293 mero
2949 5242 3214 5311 repletus,
3264 5255 3323 5301 ut
3363 5253 3562 5304 mentis

1981 5321 2090 5373 vim
2123 5325 2400 5391 perderet,
2434 5335 2599 5395 atque
2633 5331 2736 5383 hoc
2779 5331 2940 5386 modo
2971 5334 3074 5389 sibi
3099 5339 3424 5394 conciliaret
3457 5357 3560 5396 au-

1981 5414 2219 5478 daciam,
2239 5433 2349 5487 quo
2382 5429 2496 5473 tum
2517 5421 2785 5476 eminenti
2805 5423 3013 5482 honore
3048 5430 3168 5484 viro
3191 5437 3560 5490 contunielias

1975 5519 2318 5579 aspergeret,
2343 5521 2455 5564 tum
2478 5513 2666 5583 eliugii
2689 5516 3057 5586 locoitaberet
3091 5538 3250 5579 suum
3278 5528 3426 5581 illum
3451 5531 3579 5589 sive

1983 5609 2263 5670 Stuporem
2299 5604 2414 5656 sive
2445 5603 2862 5663 *acchationem
2914 5613 3038 5680 quis
3069 5613 3253 5670 dicere
3303 5620 3511 5672 mavult
3547 5638 3559 5682 ;

1987 5695 2195 5763 peregit
2242 5695 2516 5765 intrepide
2549 5700 2694 5767 quod
2754 5700 3094 5770 decreverat,
3161 5723 3288 5762 cum
3337 5711 3556 5778 quidem

1985 5786 2143 5858 longe
2201 5792 2454 5857 quemvis
2494 5789 2754 5846 insanum
2779 5803 2946 5864 atque
2976 5797 3365 5868 lymphaticum
3396 5817 3562 5873 supeo

1984 5881 2306 5954 raret.l’ost
2341 5882 2483 5941 illam
2535 5885 2908 5944 temulentiam
2961 5899 3016 5946 ct
3071 5894 3379 5966 crapulam,
3433 5912 3559 5956 euut
