3958 6426
290 386 400 452 423

1697 403 2141 473 ΟΒΑΤΙΟῙΗΙ.

3457 412 3561 479 424

285 505 348 556 τὸ
384 505 527 598 ύπὲρ
555 499 764 582 τούτων
797 509 1242 582 παραιτούμενον
1295 516 1441 587 μέγα
1469 513 1526 590 ᾖ,
1552 519 1649 573 καὶ
1683 538 1873 591 μονον-

1983 523 2221 579 habeant
2284 539 2385 580 cur
2424 525 2573 582 nulla
2640 527 2712 585 sit
2747 522 3083 598 emendatio,
3150 531 3365 586 veniam
3425 548 3561 586 sane

284 597 411 666 ουχὶ
464 600 663 662 κοινῶς
689 601 948 657 ἁπάντων
976 606 1106 676 ἑξῆς
1135 611 1338 680 κρατῇ.
1363 611 1438 664 Th
1471 613 1581 684 γὰρ
1610 613 1706 667 ἕνα
1729 631 1860 677 που.

264 695 381 748 ,καὶ
412 693 528 758 δύο.
567 697 708 768 ὑπὲρ
733 698 984 766 ἅπαντας
1027 705 1285 776 φανῆναι,
1327 709 1392 763 οὐ
1440 711 1590 763 ποιεῖ
1636 710 1861 774 τούτους

288 791 630 860 μεμπτέους.
663 793 739 846 Ού
762 794 870 865 γὰρ
905 798 932 849 ὁ
965 799 1154 866 φυγὼν
1190 803 1419 872 μυρίους
1445 802 1554 857 τῶν
1583 796 1864 875 πολεμίωδ

286 879 462 944 δειλὸς
483 882 643 947 εὐθὺς
674 886 1024 956 κριθήσεται,
1055 891 1109 942 εἴ
1134 909 1220 956 τις
1250 893 1312 963 δή
1344 895 1598 950 τεθνάναι
1629 899 1862 968 κέκρικε

289 975 396 1041 πρὸ
423 976 520 1029 τοῦ
558 981 622 1047 τῇ
671 982 821 1049 φυγῇ
861 984 1196 1051 χρήσασθαι.
1239 988 1496 1042 Δείκνυσι
1528 989 1592 1043 δὲ’
1616 991 1862 1047 κάκεῖνο.

284 1067 419 1131 Τοῖς
441 1069 549 1139 γὰρ
583 1073 748 1142 πενίᾳ
792 1076 1162 1143 πιεζομένοις,
1195 1079 1228 1149 ἤ
1259 1098 1368 1133 τινι
1413 1084 1553 1153 νόσῳ
1587 1101 1866 1155 τετρυχω-
1908 1097 1913 1101 ”

290 1157 498 1229 μένοις,
516 1160 657 1216 ὥστε
691 1165 962 1235 μηδαμῶς
984 1169 1250 1225 δύνασθαι
1269 1173 1370 1233 τὰς
1391 1174 1522 1242 γοῦν
1546 1176 1865 1246 ἐφημέρους

284 1255 495 1320 τροφὰς
527 1256 878 1324 πορίζεσθαι,
907 1261 1002 1315 ἆτε
1036 1264 1125 1314 m
1156 1263 1276 1334 βίον
1301 1267 1375 1336 μὴ
1404 1268 1726 1337 δυναμένοις
1755 1270 1864 1323 ἀπὸ

283 1344 394 1396 τῶν
429 1348 630 1415 χειρῶν
666 1350 966 1429 ποιεῖσθαι)
1018 1354 1085 1407 ἂν
1126 1357 1266 1425 μετά
1310 1358 1471 1427 λιμόν
1517 1377 1641 1415 τινα
1681 1361 1865 1429 ὀλίγου

282 1435 397 1489 δεῖν
431 1439 706 1526 ἀφόρητον
751 1426 1000 1498 ὲπκιτεῗν
1030 1426 1378 1517 ἐπιχειρῶσι.
1430 1455 1728 1523 νεμεσήσει
1764 1426 1866 1523 μὲν

284 1530 466 1593 οὐδεὶς
533 1534 644 1587 τῶν
685 1538 1110 1608 σωφρονούντων
1157 1543 1484 1613 ἀνθρώπων,
1535 1545 1867 1616 συναλγήσει

284 1625 345 1678 δὲ
377 1627 473 1681 καὶ
504 1631 614 1692 πᾶς
646 1646 754 1697 τις,
781 1633 838 1694 ὃς
878 1649 942 1702 γε
976 1635 1076 1704 τὴν
1106 1639 1270 1704 φύσιν
1315 1639 1608 1694 ἐπίσταται
1640 1642 1737 1694 καὶ
1766 1642 1868 1713 τὴν

285 1717 462 1790 τύχην
488 1721 677 1792 κοινὴν
701 1725 871 1778 οὖσαν
897 1727 1235 1797 ἀνθρώποις,
1267 1731 1405 1800 μηδὲ
1431 1732 1610 1785 ὲκεῐνο
1633 1733 1846 1801 ἀγνοῶν

284 1812 362 1874 ὡς
391 1815 506 1869 ἐστι
539 1833 604 1884 γε
631 1817 692 1870 τὸ
728 1818 926 1887 μέλλον
956 1821 1331 1891 ἀτέκμαρτον,
1376 1825 1470 1892 καὶ
1508 1825 1668 1880 τοῦτο
1707 1827 1868 1896 μόνον

287 1907 460 1962 αὐτοῦ
509 1911 703 1978 σαφὲς,
746 1911 807 1965 τδ
857 1913 1037 1968 πάντα
1089 1914 1311 1984 μέλλειν
1354 1918 1486 1971 αὐτὸ
1524 1920 1727 1990 κυκᾷν,
1777 1922 1874 1976 καὶ

287 2003 551 2071 στρέφειν
573 2004 688 2059 ἄνω
713 2008 809 2059 καὶ
839 2007 1015 2074 κάτω,
1041 2009 1241 2080 τροχοῦ
1267 2027 1416 2074 τινος
1449 2011 1628 2082 δίκην.
1658 2013 1733 2064 Οὐ
1767 2011 1876 2083 μὴν

287 2094 428 2148 ἀλλὰ
463 2098 558 2149 καὶ
596 2097 690 2150 τὸν
733 2100 792 2152 ὲν
821 2102 1169 2172 νυκτομαχίᾳ
1197 2105 1286 2156 τὸν
1324 2105 1441 2157 υίδν
1471 2104 1876 2160 ἀποκτείναντα

289 2186 387 2256 οὐχ
416 2189 566 2250 ὅπως
587 2189 652 2243 ἀν
675 2207 760 2252 τις
791 2191 1080 2259 μισήσειεν
1104 2174 1161 2245 εὖ
1189 2193 1428 2262 φρονῶν.
1457 2193 1593 2248 ἀλλά
1625 2195 1718 2248 καὶ
1745 2196 1878 2250 πολ-

291 2277 384 2332 λοῦ
415 2278 603 2343 ἐλέους
653 2281 806 2346 ἀξιον
841 2283 1234 2353 ἡγήσαιτ”’ἃν,
1271 2280 1480 2358 κγοῐμαι.
1535 2287 1646 2341 Καὶ
1697 2290 1747 2342 εί
1795 2289 1878 2344 δεῖ

281 2374 575 2444 συντόμως
598 2377 775 2430 είπεῖν
804 2378 934 2449 περὶ
957 2380 1189 2432 τουτωνὶ
1221 2380 1332 2453 τῶν
1360 2381 1876 2453 ἀμφισϐητησίμων

290 2465 746 2536 ἀμαρτημὰτων,-
768 2469 960 2541 ῶσπερ
990 2452 1259 2541 αίσχύνης
1292 2473 1388 2524 καὶ
1419 2472 1682 2543 μέμψεως
1726 2452 1877 2529 ἐλευ-

290 2559 488 2631 θεροῦν
518 2561 730 2630 πέφυκε
769 2562 840 2616 τὰ
871 2563 1106 2634 ἔναγχος
1133 2567 1271 2635 ἡμῖν
1305 2567 1428 2636 είρη
1439 2567 1580 2636 μένα
1605 2569 1737 2640 περὶ
1776 2568 1871 2624 τοῦ

259 2656 590 2723 -ἀκουσίου,,
612 2656 756 2711 οὕτω
797 2658 896 2711 καὶ
930 2658 1001 2711 τά
1035 2657 1260 2712 ἐναντία
1306 2659 1368 2710 τὸ
1407 2659 1654 2713 ἐναντίον
1689 2661 1875 2714 ποιεῖν

286 2746 474 2810 εἴωθε,
525 2749 619 2801 καὶ
664 2749 756 2802 τὸν
791 2748 1168 2819 ἐργαζόμενον
1216 2750 1390 2805 ταῦτα
1423 2752 1639 2807 πολλῶν
1681 2752 1874 2806 κακῶν

287 2840 594 2894 ὕπεύθυνον
626 2843 942 2910 ἀποφαίνει.
970 2844 1048 2900 Ού
1083 2845 1190 2917 μὴν
1231 2846 1347 2900 ἀλλ’
1383 2847 1608 2900 ἐπειδὰν
1637 2848 1872 2902 κάκεῖνο

293 2934 503 3004 συμϐῇ.
532 2935 754 2989 ἀπεῖναί
788 2952 841 2989 τι
885 2935 1014 2990 τῶν.
1039 2935 1254 2991 ἀθωοῦν
1303 2939 1652 3007 πεφυκότων,
1688 2938 1872 3009 ὀλίγου

287 3029 403 3082 δεῖν
427 3030 489 3083 τὸ
532 3029 708 3096 βίαιον
735 3030 982 3100 ὡσπερεὶ
1010 3029 1284 3110 θελήσεως
1307 3033 1703 3105 νομισθήσεται
1726 3052 1741 3068 ο
1779 3053 1873 3090 το-

265 3123 480 3177 σοῦτόν
523 3127 588 3193 γε
603 3126 699 3192 τῆς
743 3124 1086 3194 πλάστιγγος
1115 3125 1255 3196 πρὸς
1285 3125 1348 3179 τδ
1382 3126 1654 3192 ἑκούσιον,
1693 3123 1870 3199 οἶμαι,

1947 617 2388 681 -convenientem
2423 619 2816 690 impetrabunt,
2853 633 2909 677 et
2949 638 3347 693 nonnunquam
3406 639 3560 678 com-

1974 709 2333 770 miseratione
2366 723 2604 784 quoque
2647 715 2799 785 digni
2849 717 3224 771 censebuntur
3256 733 3272 770 :
3304 728 3442 775 tum.
3478 719 3560 771 in-
3657 761 3666 793 ,

1965 816 2154 872 quam,
2185 820 2307 859 cum
2354 807 2503 876 quod
2529 822 2624 862 cos
2687 817 2938 871 excusat,
2974 824 3230 878 magnum
3293 810 3557 878 quiddam

1967 908 2076 970 est,
2103 905 2426 967 tantumque
2465 914 2573 953 non
2613 885 2898 956 universos
2942 909 3189 969 superat:
3223 899 3354 954 Nam
3384 917 3556 954 unnm

1965 987 2130 1053 forte,
2161 990 2244 1044 vel
2269 990 2506 1045 alterum
2519 992 2854 1062 quempiam,
2879 1000 3115 1047 caeteros
3134 993 3556 1048 autecelluisse:

1969 1082 2025 1138 id
2061 1097 2191 1135 vero
2216 1098 2322 1137 non
2360 1083 2490 1137 facit
2523 1095 2585 1138 ut
2619 1086 2674 1138 hi
2703 1086 3200 1153 reprehensionem
3221 1095 3565 1148 mereantur;

1973 1190 2080 1228 non
2100 1175 2248 1231 enim
2277 1177 2344 1242 is,
2366 1179 2458 1246 qui
2485 1177 2672 1232 hostes
2699 1179 2946 1232 infinitos
2976 1193 3145 1248 prope
3162 1177 3320 1248 fugit.
3351 1178 3562 1230 idcirco

1974 1284 2100 1324 mox
2125 1269 2351 1324 timidus
2381 1270 2694 1336 habebitur,
2724 1271 2868 1341 quod
2904 1272 3048 1326 alius
3079 1271 3202 1342 quis
3227 1271 3362 1324 mori
3393 1271 3566 1322 malu-

1969 1363 2100 1425 erit,
2131 1379 2295 1436 quam
2337 1363 2463 1434 fuga
2498 1365 2600 1419 sibi
2659 1367 2973 1421 consulere.
3023 1365 3229 1420 Probat
3256 1365 3401 1418 idem
3459 1363 3564 1419 hoc

1973 1469 2217 1525 quoque.
2244 1454 2572 1525 Paupertate
2601 1458 2827 1526 pressis,
2861 1466 2954 1512 aut
2982 1460 3175 1513 morbo
3199 1458 3458 1527 quopiam
3485 1457 3565 1511 sic

1974 1546 2210 1612 afﬂictis,
2255 1556 2314 1602 ut
2337 1548 2598 1602 alimenta
2629 1549 2950 1618 quotidiana
2983 1550 3132 1604 nullo
3161 1549 3325 1603 modo
3372 1563 3567 1603 conse-

1975 1640 2072 1710 qui
2109 1639 2340 1710 possint,
2370 1639 2535 1694 veluti
2563 1640 2658 1710 qui
2691 1640 2895 1696 victum
2935 1640 3194 1695 manibus
3223 1640 3342 1694 suis
3368 1653 3568 1708 parare

1981 1741 2284 1803 nequeant,
2321 1732 2366 1786 si
2412 1742 2536 1803 post
2569 1731 2769 1788 famem
2799 1732 3203 1803 propemodum
3244 1731 3566 1787 intolerabi-

1976 1825 2085 1881 lem
2115 1823 2437 1880 mendicare
2489 1834 2784 1890 conentur,
2830 1824 3188 1879 suzccensebit
3229 1838 3413 1885 nemo,
3468 1822 3564 1890 qui

1979 1918 2239 1972 molestus
2263 1931 2386 1972 esse
2404 1916 2572 1980 volet,
2600 1915 2692 1970 sed
2714 1931 2874 1972 nemo
2897 1933 3004 1970 nou
3031 1916 3211 1985 potius
3229 1915 3566 1980 condolehit,

1978 2008 2066 2065 cui
2097 2006 2318 2078 quidem
2341 2005 2458 2076 ipsa
2482 2016 2676 2060 natura
2697 2001 2913 2074 Cognita
2930 2004 3022 2069 sit,
3054 2013 3107 2058 et
3127 2004 3443 2058 communis
3469 2001 3561 2056 illa

1979 2114 2102 2155 sors
2133 2099 2450 2154 mortalium
2483 2114 2498 2163 ;
2535 2099 2745 2167 quique
2798 2111 2900 2151 nec
2951 2095 3090 2150 illud
3148 2096 3383 2164 ignoret,
3441 2107 3564 2148 esse

1978 2191 2293 2248 futurorum
2349 2200 2582 2247 eventus
2608 2191 2895 2252 obscuros,
2928 2185 3100 2257 idqu'e
3152 2187 3331 2241 solum
3390 2183 3443 2236 in
3483 2198 3573 2236 eis

1978 2285 2329 2357 perspicuum
2389 2292 2446 2339 et
2503 2283 2881 2348 manifestum,
2953 2281 3198 2336 futurum
3261 2288 3314 2332 ut
3379 2276 3568 2328 uumia

1977 2383 2338 2446 misceantur,
2372 2389 2424 2434 et
2448 2363 2622 2432 instar
2654 2385 2787 2430 rotae
2814 2387 3034 2429 sursum
3055 2373 3311 2427 deorsum
3338 2369 3567 2422 volvan-

1979 2483 2088 2528 tur.
2131 2473 2274 2556 Quin
2314 2471 2477 2526 etiam
2509 2470 2556 2524 si
2597 2468 2722 2538 quis
2762 2467 2816 2520 in
2871 2465 3058 2535 praelia
3092 2474 3364 2517 nocturno
3394 2459 3568 2515 filium

1979 2583 2140 2624 suum
2169 2555 2526 2629 interfecerit,
2558 2576 2683 2617 eum
2720 2567 2931 2614 tantum
2968 2558 3126 2612 abest
3172 2567 3232 2610 ut
3257 2555 3386 2608 odio
3443 2569 3568 2622 pcr-

1977 2668 2243 2732 sequatur
2269 2658 2434 2713 homo
2473 2662 2655 2708 mente
2711 2648 2998 2720 praeditus,
3069 2656 3131 2702 ut
3175 2648 3365 2711 etiam,
3443 2661 3570 2698 mea

1977 2753 2204 2824 quidem
2226 2745 2525 2810 sententia,
2559 2744 2788 2813 dignum
2847 2753 3046 2809 magna
3081 2738 3569 2794 commiseratione

1977 2849 2224 2901 censeat.
2249 2838 2405 2906 Quod
2437 2836 2484 2892 si
2511 2833 2750 2891 breviter
2775 2829 2988 2900 aliquid
3013 2829 3082 2885 de
3111 2828 3392 2898 ambiguis
3419 2829 3576 2884 hisce

1977 2938 2196 2998 delictis
2221 2945 2306 2993 est
2335 2933 2655 2998 dicendum,
2677 2929 2820 2986 sicut
2848 2929 2919 2984 ab
2961 2925 3270 2998 ignominia
3299 2934 3356 2982 et
3379 2940 3569 2996 repre-

1937 3069 1940 3072 ~
1977 3033 2247 3091 hensione
2275 3029 2512 3086 liberare
2539 3027 2743 3088 solent,
2787 3039 2910 3095 quae
2935 3022 3100 3093 paulo
3132 3031 3260 3076 ante
3289 3021 3357 3076 de
3409 3020 3565 3074 invo-

1979 3126 2223 3186 luntarie
2278 3124 2422 3179 dicta
2455 3129 2590 3177 sunt
2617 3134 2649 3174 a
2679 3116 2862 3182 nobis,
2900 3116 2975 3172 ita
3015 3113 3298 3170 contraria
3347 3127 3570 3182 quoque
3603 3153 3612 3162 .

292 3220 592 3289 ῥεπούσης,
635 3217 832 3272 ὁπόσον
861 3235 926 3270 τι·
966 3217 1070 3287 τῆς
1109 3216 1372 3287 γνώσεως
1405 3219 1437 3290 ἢ
1469 3221 1570 3290 τῆς
1614 3219 1873 3292 προαιρέ-

1980 3221 2316 3282 contrarium
2352 3218 2533 3273 facere
2561 3219 2993 3276 consueverunt,
3049 3221 3105 3266 et
3158 3216 3574 3280 perpetrantetn

291 3329 435 3376 σεως
487 3311 718 3382 μίξομεν
748 3313 866 3374 τοῖς
895 3309 982 3380 ἐφ’
1026 3311 1162 3382 ἡμῖν
1199 3311 1547 3381 πράγμασιν.
1595 3312 1713 3383 Ἐφ’
1749 3314 1877 3368 ὅσον

290 3405 402 3475 γὰρ
429 3405 498 3459 ἂν
525 3407 587 3458 τὺ
622 3404 801 3459 θέλειν
839 3404 935 3459 καὶ
967 3405 1028 3459 τὸ
1071 3404 1279 3474 γνῶναι
1327 3407 1465 3476 ἡμῖν
1508 3408 1713 3479 παρείη
1737 3449 1752 3475 ,
1784 3409 1877 3463 ἐπὶ

291 3496 553 3552 τοσοῦτον
577 3496 854 3567 παρέσται
882 3497 944 3550 τδ
971 3497 1216 3552 ἀπολύον
1247 3498 1451 3563 αἰτίας.
1485 3500 1784 3570 Συμϐαίνει
1811 3500 1876 3572 δὴ

292 3589 481 3652 (καλὸν
507 3592 619 3661 γὰρ
644 3585 800 3661 οἶμαι
839 3591 1198 3663 συναγαγεῖν)
1223 3591 1286 3645 τὸ
1315 3594 1416 3663 μὲν
1447 3595 1505 3647 ὲν
1536 3594 1752 3666 γνώμῃ,
1781 3597 1877 3648 καὶ.

295 3683 481 3754 βουλῇ,
515 3685 612 3737 καὶ
643 3684 971 3754 προαιρέσει
1019 3684 1376 3755 γιγνόμενον,
1422 3686 1482 3740 οὗ
1518 3689 1614 3742 καὶ
1659 3691 1692 3760 ἡ
1733 3688 1876 3759 ἀρχὴ

292 3777 429 3847 παρ’
453 3777 613 3848 ἡμῶν
645 3779 782 3842 ἐστι,
820 3777 1042 3848 καὶτῆς
1063 3778 1344 3850 ἡμετέρας
1379 3778 1670 3849 δυνάμεώς
1697 3798 1758 3834 τε
1783 3781 1879 3835 καὶ

292 3871 566 3936 ἐξουσίας,
601 3871 764 3925 τοῦτο
809 3865 956 3926 εἶναι
986 3866 1049 3926 τὺ
1103 3873 1234 3945 παρ’
1267 3875 1404 3943 ἡμῖν
1438 3873 1691 3929 ἑκούσιον
1721 3877 1880 3946 ἀκρι-

292 3962 426 4025 ϐῶς·
457 3962 521 4015 τὸ
562 3962 618 4015 δὲ
665 3961 790 4016 κατ’
821 3963 1050 4031 ἄγνοιαν
1095 3962 1344 4032 παντελῆ
1369 4003 1385 4027 ,
1421 3962 1571 4016 τοῦθ’
1608 3964 1879 4035 ὑπάρχειν

291 4054 551 4109 ἀκούσιον
579 4053 867 4124 καθαρῶς’
905 4055 1003 4108 καὶ
1033 4053 1095 4108 τὺ
1140 4052 1244 4124 μὲν
1274 4055 1440 4108 καλόν
1463 4072 1523 4108 τε
1555 4055 1651 4108 καὶ
1675 4055 1880 4124 ἀγαθὸν

265 4141 559 4206 ’ἑκουσίως
591 4141 942 4210 γιγνόμενον,
972 4141 1132 4195 τοῦτο
1171 4137 1316 4196 εῖναι
1354 4143 1456 4215 τὴν
1481 4145 1716 4214 ἀρετήν·
1742 4145 1804 4198 τὸ
1834 4146 1880 4199 δ’

290 4234 537 4289 ἐναντίον
569 4235 888 4288 παντάπασι
917 4233 997 4305 τῷ
1031 4233 1184 4304 καλῷ
1215 4236 1485 4300 ἑκουσίως
1528 4237 1878 4309 γιγνόμενον,

291 4329 456 4384 τοῦτο
487 4324 628 4383 εἶναι
655 4328 758 4399 τὴν
789 4329 1014 4385 κακίαν.
1057 4326 1168 4380 Καὶ
1211 4327 1451 4383 καθόσον
1485 4329 1585 4400 μὲν
1607 4330 1707 4398 τῆς
1735 4331 1882 4398 γνώ-

294 4438 407 4492 μης
430 4421 493 4475 τὸ
522 4421 920 4492 πεπραγμένον
950 4421 1054 4475 ούκ
1101 4421 1244 4488 ἔστι,
1278 4419 1540 4476 τοσοῦτον
1571 4423 1696 4494 μηδ’
1739 4421 1878 4477 εἶναι

293 4516 626 4586 ἁμάρτημα»
667 4514 868 4568 ὁπόσον
893 4494 957 4567 δέ
977 4531 1042 4584 γε
1077 4516 1284 4586 ταύτης
1317 4514 1460 4578 ἐστὶ,
1491 4514 1752 4569 τοσοῦτον
1781 4515 1875 4570 καὶ

292 4612 575 4674 κολάσεως
605 4609 779 4677 ἀξιον.
812 4609 886 4662 Τὸ
920 4609 1035 4680 γὰρ
1059 4608 1401 4681 δὴθσμικρδν
1435 4609 1632 4675 κακὸν,
1681 4610 1878 4683 γνώμῃ

291 4705 792 4776 διαπραττόμενον,
825 4703 972 4776 μέγα
1011 4703 1102 4769 ἂν,
1126 4685 1131 4690 ’
1153 4702 1385 4767 δικαίως
1434 4705 1782 4774 παρενέγκαι
1812 4706 1877 4776 τῇ

297 4801 539 4855 καθαυτδ
566 4798 970 4870 ποιότητι,ίκαὶ
991 4796 1062 4850 τὰ
1091 4795 1278 4866 πολλῷ
1310 4795 1538 4866 μεγέθει
1563 4796 1721 4850 τοῦτο
1741 4814 1882 4869 παρ-

265 4895 594 4964 ·ενεγκόντα
625 4935 641 4957 ,
693 4892 920 4946 ἐπειδὰν
979 4889 1220 4945 ἀκούσια
1280 4889 1436 4942 ταῦτ’
1491 4889 1714 4962 ἐπέλθῃ.
1770 4891 1881 4943 Καὶ

291 4988 504 5056 γίνεταί
537 5004 655 5050 πως
685 4988 766 5043 είς
801 4985 1064 5057 μέμψεως
1095 4983 1258 5053 λόγον
1281 4984 1341 5036 τὸ
1371 4983 1550 5053 βραχὺ
1581 4986 1647 5054 τῇ
1681 4999 1883 5054 προαιι

253 5086 256 5088 ⁷
291 5080 441 5151 ρέσει
488 5082 829 5151 γιγνόμενον
857 5079 1031 5132 κακὸν
1065 5079 1256 5148 μεῖζον
1294 5077 1422 5145 μεθ’
1448 5075 1584 5148 ὅσης
1637 5076 1880 5148 ὑπερθο-

288 5172 412 5242 λῆς,
441 5173 536 5226 τοῦ
575 5171 848 5236 ἀκουσίως
881 5173 1017 5243 ἡμῖν
1053 5171 1483 5242 συμϐαίνοντος,
1519 5169 1625 5223 κᾶν
1656 5170 1740 5223 ὅτι
1779 5172 1878 5242 μέ-

289 5283 480 5334 γιστον
515 5262 658 5320 εἶναι
698 5265 862 5319 τοῦτο
891 5265 1047 5334 δοκῇ.

1979 3335 2046 3375 ea
2084 3317 2274 3386 multis
2300 3312 2462 3368 malis
2502 3309 2808 3366 obnoxium
2841 3306 3090 3362 reddere.
3131 3303 3240 3359 Nec
3268 3320 3382 3358 non
3439 3303 3487 3357 si
3517 3311 3575 3357 ct

1981 3413 2112 3471 illud
2190 3407 2553 3474 usuvenerit,
2619 3417 2680 3461 ut
2734 3402 2943 3474 aliquid
3006 3416 3198 3459 eorum
3251 3402 3395 3458 absit
3449 3416 3573 3471 qua:

1979 3507 2256 3564 hominem
2316 3505 2476 3574 culpa
2518 3502 2752 3557 liberare
2803 3499 3004 3562 solent,
3061 3496 3460 3568 propemodum
3517 3495 3570 3551 id

1980 3601 2127 3672 quod
2161 3601 2217 3654 vi
2253 3597 2461 3653 factum
2493 3587 2581 3649 est
2608 3592 2773 3664 quasi
2805 3591 3069 3647 voluntati
3114 3591 3412 3655 tribuetur,
3445 3597 3570 3644 tan-

1983 3688 2224 3745 tumdem
2259 3686 2433 3750 lance,
2473 3692 2534 3738 ut
2562 3683 2823 3746 arbitror,
2856 3681 2923 3735 ad
2983 3681 3357 3736 voluntarium
3413 3679 3574 3735 incli—

1981 3790 2148 3838 nante
2179 3787 2448 3850 quantum
2485 3790 2622 3832 sane
2662 3783 2778 3830 tum
2805 3774 3074 3840 scientiae,
3106 3783 3232 3828 cum
3291 3772 3579 3828 electionis

1981 3871 2152 3930 animi
2176 3872 2342 3926 rebus
2373 3870 2426 3924 in
2462 3876 2649 3924 nostra
2683 3873 2962 3938 potestate
3011 3866 3209 3936 positis
3243 3865 3575 3923 admiscebi-

1945 4007 1947 4011 .
1983 3978 2127 4018 mus.
2161 3960 2446 4028 Quatenus
2503 3959 2650 4014 enim
2683 3959 2941 4012 voluntas
2963 3964 3018 4012 et
3067 3957 3245 4012 animi
3302 3957 3580 4012 sententia

1983 4057 2144 4111 nobis
2174 4054 2438 4120 adfuerit,
2471 4061 2707 4108 eatenus
2733 4061 2788 4106 et
2820 4050 3082 4106 Iiberatio
3113 4065 3143 4104 a
3172 4049 3334 4118 culpa
3366 4049 3570 4106 aderit.

1983 4147 2246 4215 Sequitur
2285 4161 2417 4216 ergo
2445 4145 2596 4216 (nam
2627 4157 2776 4200 recte
2796 4143 3048 4200 facturos
3081 4159 3192 4200 nos
3223 4143 3486 4207 arbitror,
3518 4145 3566 4198 si

1983 4244 2206 4298 tandem.
2231 4241 2387 4311 quasi
2416 4238 2797 4310 colligamus),
2822 4237 2970 4308 quod
2993 4253 3057 4292 ex
3078 4237 3246 4292 animi
3277 4238 3577 4302 sententia,

1982 4345 2037 4392 et
2069 4336 2369 4400 voluntate,
2409 4343 2458 4390 et
2491 4333 2762 4388 eleCtione
2823 4332 2902 4398 fit,
2930 4329 3089 4398 cuius
3137 4331 3305 4386 etiam
3357 4329 3567 4400 princi-

1940 4453 1952 4458 ·
1983 4433 2134 4504 piunt
2167 4432 2220 4484 in
2255 4428 2414 4483 nobis
2446 4436 2551 4492 est,
2590 4437 2904 4496 nostrasque
2950 4435 3064 4480 tum
3106 4423 3409 4486 facultatis,
3463 4435 3578 4478 tum

1985 4523 2292 4594 potestatis,
2341 4521 2393 4576 id
2428 4519 2505 4575 uti
2534 4519 2608 4576 sit
2644 4530 2890 4576 nostrum
2930 4517 3064 4573 illud
3094 4527 3357 4574 accurate
3384 4518 3580 4572 volun-

1985 4619 2223 4682 tarium;
2259 4615 2405 4686 quod
2443 4624 2630 4669 autem
2666 4628 2761 4682 per
2788 4612 3194 4682 ignorationem
3246 4627 3496 4680 prorsus,
3525 4612 3581 4666 id

1945 4732 1950 4736 ‘
1981 4711 2063 4768 uti
2099 4727 2236 4782 pure
2267 4712 2336 4764 sit
2371 4708 2862 4763 involuntarium:
2911 4707 3102 4761 itidem
3169 4705 3438 4775 quidquid
3476 4706 3577 4758 ho.

1979 4805 2126 4859 nesti
2156 4811 2210 4856 et
2252 4801 2380 4857 boni
2417 4809 2614 4870 sponte
2649 4801 2762 4860 fiat,
2800 4798 2850 4851 id
2885 4797 2963 4851 uti
3017 4798 3194 4850 virtus
3251 4796 3370 4861 sit;
3427 4799 3578 4864 quod

1981 4903 2160 4948 autem
2183 4901 2402 4962 [sponte
2438 4893 2530 4945 liat
2572 4892 2806 4945 honesto
2834 4889 3012 4942 modis
3045 4885 3304 4944 omnibus
3352 4903 3578 4943 contra-

1971 4988 2148 5060 rium,
2185 4985 2236 5040 id
2269 4984 2346 5040 uti
2383 4984 2455 5039 sit
2504 4983 2716 5038 vitium.
2769 4981 3059 5047 Quatenus
3111 4981 3281 5037 etiam
3334 4981 3384 5035 id
3424 4983 3572 5052 quod

1990 5089 2286 5152 peractum.
2301 5087 2382 5133 est
2415 5077 2483 5131 ab
2506 5076 2672 5131 animi
2707 5074 2994 5132 sententia
3017 5074 3328 5145 profectum
3359 5089 3466 5129 non
3505 5077 3578 5129 sit

1989 5182 2302 5228 uteatenus
2339 5187 2407 5226 ne
2440 5185 2541 5240 pro
2577 5169 2781 5224 delicto
2806 5169 3029 5238 quidem
3062 5168 3334 5223 habeatur
3363 5187 3377 5237 ;
3439 5186 3578 5241 qua-

1990 5278 2151 5323 tenus
2215 5278 2396 5322 autem
2429 5265 2556 5320 inde
2593 5261 2921 5332 profectum,
2951 5270 3011 5316 ut
3041 5271 3270 5317 eatenus
3299 5273 3354 5318 et
3415 5279 3576 5333 paena

288 5361 359 5417 sit
391 5364 638 5434 dignum.
667 5363 879 5432 Quippe
910 5362 1113 5415 malum
1157 5360 1374 5430 aliquoi
1420 5361 1704 5429 exiguum,
1729 5361 1874 5431 quod
1915 5379 1980 5419 ex
2012 5367 2181 5420 animi
2207 5363 2476 5420 sententia
2511 5361 2814 5431 peragitur,
2867 5357 3004 5414 satis
3081 5375 3339 5429 magnum
3411 5358 3579 5425 fuerit

302 5465 361 5509 ut
400 5455 662 5524 qualitate
693 5468 793 5508 sua
826 5464 1048 5523 superet
1081 5454 1246 5508 etiam
1285 5453 1456 5508 multo
1528 5470 1586 5508 se
1622 5452 1832 5523 majora
1877 5458 2071 5513 delicta
2139 5475 2260 5528 quae
2323 5464 2519 5527 praeter
2579 5456 2916 5509 voluntatem
2971 5456 3254 5510 eveniunt.
3313 5457 3574 5527 Adeoque

290 5548 545 5618 vitupcrii
585 5548 817 5614 ratione,
849 5546 1109 5618 pusillum
1153 5548 1356 5603 malum
1421 5563 1518 5618 per
1539 5546 1863 5613 electionem
1913 5553 2083 5606 animi
2117 5552 2445 5618 admissum,
2476 5550 2767 5619 insigniter
2791 5549 2970 5620 majus
2991 5548 3228 5606 efﬁcitur
3287 5564 3355 5605 eo
3420 5552 3568 5621 quod

291 5651 492 5713 praeter
547 5642 881 5696 voluntatem
961 5639 1120 5696 nobis
1183 5641 1404 5707 accidit,
1462 5640 1678 5696 etiamsi
1734 5642 1836 5697 hoc
1876 5643 2054 5715 ipsum
2086 5662 2206 5701 esse
2269 5647 2568 5708 maximum
2611 5642 2884 5698 videatur.

365 5739 534 5791 ’Ὥστε
560 5735 621 5789 τὸ
649 5737 761 5788 πᾶν
787 5735 854 5789 ὲκ
876 5736 976 5805 τῆς
1001 5736 1399 5805 προαιρέσεως,
1434 5734 1685 5805 καθάπερ
1714 5737 1876 5807 ἐξαρ-

292 5835 392 5902 χῆς
444 5833 577 5900 ἡμῖν
615 5832 852 5901 εἴρηται·
904 5834 999 5886 καὶ
1051 5833 1078 5884 ό
1130 5829 1297 5892 κακὸς
1349 5828 1473 5884 οὔτε
1533 5832 1596 5884 ἐκ
1629 5829 1871 5901 φύσεως.

291 5923 417 5977 οὔτε
450 5923 674 5992 ἔξωθεν,
703 5924 818 5979 ἀλλ’
854 5922 1037 5996 ἐαυτῷ
1069 5924 1262 5990 αἴτιος.
1307 5927 1465 5981 Δνοῖν
1498 5925 1605 5997 γὰρ
1638 5924 1872 5996 θάτερον

2055 5740 2429 5806 Quamobrem
2459 5736 2566 5793 tota
2602 5753 2691 5793 res
2741 5739 2810 5792 ab
2872 5738 3143 5793 electione
3197 5751 3260 5791 ac
3317 5737 3572 5795 instituto

1981 5834 2148 5887 animi
2193 5832 2414 5904 pendet,
2450 5830 2600 5884 velut
2635 5845 2664 5884 a
2702 5830 2862 5886 nobis
2893 5831 2960 5884 ab
3011 5829 3169 5884 initio
3209 5829 3419 5883 dictum
3446 5842 3568 5890 est:

1977 5927 2181 5999 quique
2207 5925 2382 5984 malus
2407 5930 2638 5997 cst,nec
2670 5931 2890 5993 natura,
2929 5936 3030 5980 nec
3086 5922 3434 5981 extrinsecus
3471 5933 3568 5982 est
