3958 6434
449 384 562 450 ωδ

1641 367 2046 464 MANUELIS
2083 403 2534 470 PAL/eOLoeI

3599 410 3697 478 436

438 503 638 568 malus,
678 503 774 558 sed
808 503 968 572 culpa
1019 519 1142 562 sua.
1169 484 1329 562 Nam.
1367 523 1398 564 e
1431 507 1649 566 duobus
1696 513 2021 569 alterutrum

2125 518 2447 587 ἀναγκαῖον,
2487 517 2790 589 ῆοῖκοθεν,
2826 515 3016 588 ῶσπερ
3063 517 3299 589 ἔφημεν,
3354 519 3386 591 ἦ
3435 523 3698 595 μηδαμῶς

433 592 807 648 necessarium
841 603 946 658 est,
978 595 1143 652 velut
1173 613 1238 654 cx
1271 613 1350 665 se,
1384 615 1484 656 ceu
1506 602 1773 668 diximus,
1801 605 1886 659 vel
1917 620 2017 659 ne-

432 699 708 755 quaquam
734 687 1028 760 quisquam
1051 693 1302 746 omnium
1361 693 1435 749 sit
1459 695 1658 750 malus.
1686 695 2015 782 ELquonam

430 787 612 845 pacto,
646 780 793 835 dicet
831 782 1053 853 aliquis,
1073 785 1190 856 ipse
1219 786 1323 842 sibi
1376 788 1647 843 malorum
1702 780 1898 844 auctor
1919 805 2018 845 ex-

430 871 633 926 stiterit
689 874 855 930 homo
913 878 1006 946 qui
1062 893 1255 950 sapere
1326 881 1573 936 videtur?
1617 881 1758 948 Quia
1813 883 2016 938 bonum

435 972 721 1034 tantopere
765 982 872 1021 non
926 968 1110 1040 diligit
1143 982 1496 1043 quantopere
1558 974 1708 1046 diligi
1751 988 2014 1042 meretur,

429 1057 524 1112 sed
553 1060 712 1116 malis
747 1061 970 1131 gaudet.
998 1066 1178 1131 Atque
1212 1067 1318 1120 hoc
1350 1069 1556 1123 nemini
1607 1070 1808 1124 mirum
1865 1080 2013 1128 esto.

429 1147 548 1205 Non
575 1153 721 1207 enim
771 1143 1022 1212 homines
1051 1157 1518 1229 eligendomalum
1575 1172 1849 1230 quatenus
1898 1180 2018 1218 ma-

427 1244 566 1310 lum,
595 1261 705 1314 pra;
734 1247 916 1314 bono;
945 1251 1024 1304 vel
1059 1267 1170 1320 prae
1202 1252 1582 1322 pulcherrimo
1608 1255 2014 1325 turpissimum,

426 1348 707 1406 quatenus
739 1343 1164 1412 turpissimum;
1221 1347 1306 1402 vel
1352 1347 1520 1402 etiarn
1590 1350 1842 1414 noxium,
1902 1367 2017 1421 prae

399 1429 798 1500 'conducibili;
853 1437 918 1491 de
964 1435 1128 1493 bonis
1164 1440 1295 1494 mali
1339 1439 1633 1496 eﬂicimur.
1685 1443 1806 1510 Quo
1868 1445 2015 1500 enim

427 1522 481 1576 id
513 1525 718 1593 pacto?
766 1526 1126 1600 Nequaquam
1181 1531 1270 1585 vel
1319 1532 1680 1588 stultissimos
1739 1536 2012 1598 omnium,

429 1613 528 1683 qui
561 1631 800 1686 unquam
832 1620 1117 1687 exstitere,
1154 1624 1470 1678 mortalium
1498 1625 1740 1681 arbitror
1768 1641 1832 1682 ea
1863 1627 2018 1682 labo-

430 1723 584 1763 rasse
616 1709 885 1767 czecitate.
935 1710 1208 1768 Nimirum
1250 1731 1319 1771 ex
1377 1717 1683 1787 impostura
1724 1728 1779 1774 et
1827 1703 2018 1776 errore

431 1800 632 1856 malum
667 1802 773 1858 hoc
798 1805 1060 1871 originem
1095 1823 1248 1863 suam
1279 1809 1465 1875 trahit,
1489 1825 1727 1880 cumque
1774 1811 1896 1866 loco
1923 1827 2015 1866 ra-

430 1891 573 1947 dicis
602 1901 655 1966 et
686 1893 1024 1965 irrigationis
1054 1898 1324 1954 inscitiam
1375 1909 1431 1955 et
1451 1903 1760 1957 vecordiam
1797 1903 2017 1972 habeat,

431 1999 722 2054 postquam
748 1988 1114 2046 diuturnitate
1147 1993 1412 2062 temporis
1438 1993 1630 2060 alitur,
1683 2005 1738 2050 et
1794 1996 2015 2062 longius

429 2080 756 2149 porrigitur,
788 2081 976 2151 itaque
1002 2083 1277 2140 solidatur
1309 2095 1370 2140 ut
1399 2089 1695 2142 retundere
1721 2089 1866 2157 quod
1901 2103 2017 2143 me-

429 2171 537 2227 lius
565 2181 649 2228 est
679 2173 876 2245 possit,
906 2185 1021 2231 tum
1070 2177 1272 2233 deinde
1337 2178 1630 2235 diliiculter
1683 2179 1752 2234 ab
1800 2181 1868 2236 iis
1922 2185 2020 2251 qui

428 2267 876 2338 remelorcupati
915 2281 1064 2334 sunt,
1099 2270 1376 2341 proﬂigari
1425 2281 1626 2344 p0test.
1675 2272 1823 2328 Nihil
1871 2275 2020 2329 enim

433 2373 614 2426 neque
668 2358 958 2422 deterius,
987 2378 1164 2433 neque
1186 2363 1464 2420 difﬁcilius
1511 2369 1823 2434 emendatu,
1857 2384 2022 2438 quam

430 2452 478 2505 si
516 2453 582 2507 ab
614 2453 798 2524 aliquo
836 2455 972 2510 vitio
1001 2455 1265 2524 iuvenum
1323 2459 1629 2528 praesertim
1677 2461 1846 2516 animi
1896 2463 2017 2517 sint

436 2549 824 2617 praeoccupati.
862 2547 1006 2628 Nam
1039 2559 1100 2604 ut
1139 2551 1391 2621 occupati
1421 2553 1794 2622 persiStantin
1827 2555 2014 2619 malis,

425 2641 728 2708 jucundum
759 2649 842 2696 est
873 2657 936 2696 ac
985 2640 1182 2708 facile;
1218 2644 1312 2699 sed
1351 2655 1411 2700 ut
1438 2646 1629 2701 eadem
1674 2659 1906 2715 emant,
1959 2665 2026 2706 ac

433 2739 733 2796 mutentur,
765 2733 818 2787 id
848 2749 978 2789 vero
1019 2735 1360 2790 laboriosum
1403 2753 1468 2794 ac
1521 2738 1764 2807 difﬁcile,
1825 2742 2026 2811 vixque

431 2835 571 2892 opus
603 2825 775 2879 animi
801 2828 1207 2896 generosissimi
1242 2828 1431 2886 fuerit.
1465 2833 1643 2901 Atque
1699 2835 1806 2890 hoc
1859 2835 2025 2891 modo

433 2919 550 2971 fieri
579 2918 834 2988 equidem
865 2921 1128 2985 arbitror,
1183 2930 1243 2975 ut
1301 2923 1483 2991 major
1534 2926 1784 2998 peiorum
1855 2943 2020 2998 quam

433 3012 704 3065 bonorum
732 3013 813 3064 vis
843 3013 949 3078 sit;
981 3022 1037 3068 et
1062 3015 1158 3083 qui
1195 3015 1264 3071 ab
1305 3015 1468 3073 initio
1497 3019 1702 3086 bonus,
1744 3035 1853 3076 non
1879 3038 2028 3078 sem-

433 3117 533 3169 per
559 3101 835 3169 ejusmodi
871 3105 1200 3174 reperiatur,
1235 3109 1333 3164 sed
1371 3109 1442 3164 ad
1495 3112 1699 3167 malum
1747 3124 2025 3181 transeat,

2124 603 2268 662 εἶναι
2305 609 2479 662 κακὸν
2530 608 2658 679 μηδ’
2683 611 2750 663 ἂν
2779 609 2879 663 ἕνα
2912 608 3023 662 τῶν
3053 611 3296 668 πάντων.
3335 612 3442 666 Kal.
3473 616 3604 680 ’πῶς
3633 617 3698 672 ἂν

2122 701 2360 766 γένοιτο,
2395 701 2585 772 φησὶν,
2620 702 2799 764 αἴτιος
2832 702 3015 772 ἑαυτῷ
3052 703 3164 756 τῶν
3205 705 3393 757 κακῶν
3423 706 3598 760 δοκῶν
3633 727 3697 778 γε

2119 793 2184 862 δή
2216 810 2334 855 πως
2367 795 2669 861 σωφρονεῖν
2700 792 3028 864 άνθρωπος;
3059 793 3150 864 Τῷ
3177 793 3251 866 μὴ
3283 796 3462 862 φιλεῖν
3481 799 3543 850 τὸ
3565 799 3701 868 ἁγαο

2121 879 2234 943 θδν,
2266 881 2392 934 ὅσον
2416 881 2590 947 ἄξιον,
2619 881 2757 935 ἀλλὰ
2781 884 2893 943 τοῖς
2919 887 3113 948 κακοῖς
3134 885 3376 954 χαίρειν.
3406 887 3517 940 Καὶ
3540 891 3701 944 τοῦτο

2123 973 2320 1043 μηδεὶς
2349 972 2706 1044 θαυμαζέτωο
2742 975 2805 1028 οὐ
2847 974 2959 1046 γὰρ
2994 975 3073 1045 τῷ
3123 977 3402 1046 αἱρεῖσθαι
3436 981 3500 1032 es
3529 982 3700 1035 κακὸν

2120 1057 2154 1138 ᾖ
2181 1066 2351 1120 κακὸν
2377 1066 2486 1137 πρὸ
2507 1066 2605 1121 τοῦ
2635 1067 2845 1136 ἀγαθοῦ
2877 1068 3010 1132 τοὺς
3033 1068 3384 1139 ἀνθρώπους,
3417 1072 3451 1143 ἢ
3478 1073 3585 1142 πρὸ
3605 1073 3700 1127 τοῦ
3729 1129 3738 1132 _

2120 1157 2413 1212 καλλίστου
2449 1158 2512 1212 τδ
2539 1158 2827 1229 αἴσχιστον
2857 1154 3005 1232 ᾗπερ
3032 1162 3341 1232 αἴσχιστον,
3378 1165 3474 1218 καὶ
3509 1166 3699 1235 μέντοι

2120 1251 2216 1304 καὶ
2255 1251 2320 1304 τὸ
2366 1251 2612 1320 βλάπτον
2657 1252 2769 1322 πρὸ
2812 1252 2912 1306 τοῦ
2958 1255 3321 1322 συνοίσοντος,
3374 1257 3435 1325 ἒξ
3479 1259 3702 1327 ἀγαθῶν

2119 1341 2388 1411 γινόμεθα
2435 1344 2773 1398 τούναντίον.
2815 1343 2944 1408 Πῶς
2988 1347 3140 1416 γάρ;
3179 1345 3256 1400 Οὔ
3301 1365 3394 1418 μοι
3445 1347 3701 1402 δοκοῦσιν

2119 1433 2290 1487 οὐδὀί
2311 1435 2531 1490 πάντων
2556 1435 2911 1508 εὐηθέστεροι
2934 1437 3044 1490 τῶν
3071 1436 3295 1492 πώποτε
3319 1441 3704 1510 γεγενημένων

2121 1526 2431 1596 ἀνθρώπων
2463 1526 2612 1581 τοῦτ’
2648 1528 2718 1582 ἂν
2747 1530 2980 1599 νοσῆσαι
3010 1529 3073 1583 τὸ
3103 1529 3342 1600 νόσημα.
3401 1532 3546 1586 Ἀλλ’
3577 1532 3705 1599 ἐξα·-

2121 1620 2270 1690 πάτῃ
2300 1637 2362 1673 τε
2394 1621 2490 1673 καὶ
2520 1619 2832 1692 διαμαρτίᾳ
2867 1623 3022 1676 τουτὶ
3050 1624 3113 1676 τὸ
3137 1625 3315 1678 κακδν
3343 1624 3541 1693 φύεται
3572 1641 3587 1656 ο
3624 1625 3703 1697 pt-

2119 1711 2221 1775 ζαν
2249 1711 2304 1765 δὲ
2329 1712 2427 1766 καὶ
2467 1714 2693 1782 ἀρδείαν
2723 1713 2850 1783 ἔχον
2871 1715 2971 1785 τὴν
3002 1715 3369 1770 ἀπαιδευσίαν
3403 1717 3500 1771 καὶ
3535 1717 3702 1790 ρᾳθυ-

2124 1801 2280 1870 μίαν,
2318 1803 2401 1873 τῷ
2453 1803 2635 1874 χρόνῳ
2685 1804 2866 1874 δήπου
2906 1805 3268 1875 τρεφόμενον,
3318 1807 3416 1861 καὶ
3444 1809 3702 1866 ἐπεκτει-

2122 1896 2372 1967 νόμενον,
2394 1902 2491 1950 καὶ
2513 1896 2864 1966 πηγνύμενον
2890 1899 3030 1967 πρὸς
3049 1899 3378 1954 ἀντιτυπίαν
3397 1902 3492 1955 τοῦ
3515 1906 3703 1973 κρείτ-

2120 2005 2296 2053 τονος,
2326 1989 2785 2044 δυσαπάλλακτον
2814 1991 2913 2046 τοῦ
2947 1991 3138 2046 λοιποῦ
3185 1993 3398 2064 γίνεται
3440 1998 3554 2060 τοῖς
3595 1997 3698 2068 ἢδη

2122 2083 2586 2152 κεκρατημένοις.
2619 2081 2728 2136 Τοῦ
2778 2083 2890 2152 γὰρ
2942 2085 3312 2156 προειλῆφθαι
3345 2087 3546 2160 ψυχὰς,
3602 2091 3701 2144 καὶ

2126 2176 2367 2247 μάλιστα
2389 2179 2490 2240 τὰς
2521 2177 2678 2243 νέων,
2714 2177 2822 2231 ὑπό
2850 2195 2947 2232 του
2973 2177 3202 2242 πάθους,
3221 2179 3375 2234 οὐδὲν
3403 2181 3470 2235 ἂν
3489 2184 3702 2251 γένοιτο

2122 2270 2332 2340 χεῖρον,
2363 2269 2486 2322 οὐδὲ
2518 2269 2912 2349 χαλεπώτερον
2946 2273 3029 2335 είς
3059 2272 3368 2342 διόρθωσιν.
3405 2275 3700 2346 Ἐμμεῖναι

2126 2361 2228 2431 μὲν
2261 2363 2370 2432 γὰρ
2399 2365 2515 2425 τοῖς
2563 2366 2758 2426 κακοῖς
2805 2367 2933 2427 τοὺς
2978 2366 3465 2440 προειλημμένους
3501 2369 3599 2441 ἡδύ
3640 2388 3704 2424 τε

2125 2453 2222 2507 καὶ
2252 2455 2504 2524 εὐχερές*
2546 2457 2611 2508 τὸ
2657 2456 2971 2523 ἀπαλλάξαι
3018 2458 3129 2510 τῶν
3161 2460 3352 2514 κακῶν
3390 2463 3485 2514 καὶ
3538 2479 3708 2531 μετα-

2125 2547 2313 2607 ϐαλεῖν
2341 2551 2602 2606 ἐπίπονόν
2627 2570 2688 2606 τε
2719 2553 2810 2606 καὶ
2841 2553 3127 2623 δυσχερὲς,
3179 2554 3276 2608 καὶ
3324 2554 3479 2623 μόλις
3513 2553 3581 2608 ἂν
3610 2556 3709 2622 γέ-

2124 2659 2271 2697 νοιτο
2296 2645 2692 2717 γενναιοτάτης
2719 2646 2903 2717 ψυχῆς
2943 2647 3126 2718 ἔργον.
3161 2647 3274 2701 Καὶ
3315 2645 3511 2702 τοῦτον
3547 2645 3705 2716 οἶμαι

2099 2737 2216 2796 ,τὸν
2253 2738 2461 2805 τρόπον
2490 2738 2601 2791 τῶν
2636 2740 2946 2806 ἀμεινόνων
2996 2741 3065 2792 τὰ
3110 2740 3282 2812 χείρω
3330 2739 3702 2801 πλεονεκτεῖν,
3735 2813 3740 2816 _

2124 2830 2225 2884 καὶ
2250 2829 2344 2883 τὸν
2374 2831 2470 2882 ἀπ’
2501 2833 2682 2902 ἀρχῆς
2711 2832 2918 2901 ἀγαθὸν
2941 2833 3042 2887 οὒκ
3071 2833 3161 2887 ἀεὶ
3185 2831 3431 2886 τοιοῦτον
3451 2833 3705 2903 εὑρίσκε-

2127 2923 2277 2986 σθαι,
2305 2923 2444 2978 ἀλλὰ
2473 2926 2572 2978 καὶ
2601 2925 2683 2989 είς
2713 2926 2887 2979 κακὸν
2923 2925 3308 2996 μεταϐάλλειν,
3339 2924 3703 2996 διαμενούσης

2125 3017 2218 3070 ἀεὶ
2243 3017 2344 3086 τῆς
2368 3015 2590 3085 φύσεως
2627 3017 2688 3070 ἐν
2712 3017 2919 3086 ταυτῷ.
2952 3017 3060 3070 Καὶ
3093 3018 3144 3070 εί
3173 3017 3331 3070 ταῦθ’
3359 3017 3536 3080 οὕτως
3563 3016 3699 3087 ἔχει,

2130 3109 2402 3181 πρόδηλον
2426 3110 2504 3175 ὡς
2537 3109 2713 3174 αἴτιος
2740 3111 2849 3165 τῶν
2897 3111 3090 3165 κακῶν
3130 3110 3364 3173 ἕκαστος
3396 3109 3579 3181 ἑαυτῷ
3615 3109 3702 3178 γί-

433 3195 552 3256 ipsa
586 3201 783 3248 natura
822 3210 1040 3265 semper
1085 3197 1141 3251 in
1195 3199 1387 3254 eodem
1437 3209 1585 3257 statu
1640 3215 2019 3273 permanente.

2132 3221 2306 3259 νεται.
2331 3204 2637 3275 Σκοπῶμεν
2661 3203 2742 3259 δέ.
2765 3197 2839 3274 ’ᾩ
2864 3221 2929 3271 γε
2961 3203 3174 3268 ἔξεστιν
3201 3203 3404 3258 εἰδέναι
3432 3203 3696 3272 τάγαθὸν,

434 3287 569 3351 Quae
596 3301 718 3341 cum
749 3286 825 3341 ita
858 3287 990 3352 sint,
1021 3288 1319 3346 manifesto
1343 3300 1513 3359 patet,
1565 3308 1842 3366 quemque
1889 3298 2023 3352 sibi-

438 3388 550 3434 met
599 3387 880 3434 auctorem
931 3381 1206 3436 malorum
1252 3398 1396 3440 esse.
1449 3384 1608 3452 Quod
1665 3389 1888 3456 quidem
1945 3393 2022 3449 ita

434 3472 866 3528 consideremus.
897 3471 1002 3539 Qui
1035 3475 1179 3528 scire
1207 3477 1356 3544 quod
1405 3477 1610 3532 bonum
1666 3489 1754 3534 est
1814 3491 2019 3551 potest,

436 3581 628 3623 verum
676 3568 819 3623 seire
847 3582 953 3621 non
987 3568 1101 3622 vult
1135 3584 1150 3622 :
1185 3576 1279 3623 aut
1340 3569 1459 3624 vult
1499 3570 1590 3626 ille
1638 3573 1884 3640 quidem,
1924 3576 2019 3634 sed

436 3675 546 3716 non
576 3667 792 3718 tantum
819 3669 1081 3728 quantum
1130 3659 1444 3716 sumceret:
1475 3672 1570 3716 aut
1598 3666 1882 3734 adgnoscit
1921 3667 2019 3721 bo-

423 3770 596 3821 .num,
627 3764 679 3807 et
710 3753 972 3822 praeclare
1021 3753 1263 3824 quidem,
1298 3756 1393 3809 sed
1455 3757 1659 3810 malum
1693 3773 1800 3812 non
1830 3758 1970 3828 fugit
2002 3777 2018 3814 :

437 3857 536 3902 aut
593 3856 740 3902 recte
801 3845 1034 3914 faciens,
1089 3845 1250 3916 fugit,
1292 3857 1349 3902 at
1410 3864 1518 3904 non
1566 3850 1799 3924 duobus
1856 3851 2020 3922 (quod

439 3944 596 3997 aiunt
628 3943 648 4012 )
675 3943 930 4011 pedibus,
964 3958 1069 3998 nee
1101 3943 1386 4008 continuo,
1409 3945 1503 4000 sed
1527 3944 1798 4000 interdum
1825 3947 2018 4015 victor,

438 4037 710 4091 interdum
731 4036 908 4090 victus
924 4036 1289 4104 conspicitur,
1324 4036 1491 4092 modo
1541 4036 1838 4094 levioribus
1873 4041 2021 4096 vitiis

439 4121 712 4198 superior,
740 4130 903 4184 modo
933 4129 1164 4184 inferior
1191 4130 1421 4200 (quippe
1465 4130 1534 4185 de
1587 4131 2019 4188 vehementiori-

441 4225 544 4277 bus
574 4231 628 4276 et
659 4221 1081 4291 potentioribus
1126 4223 1311 4287 malis,
1355 4222 1596 4279 fortasse
1628 4223 2019 4278 ne‘dicendum

440 4315 663 4384 quidem
692 4314 973 4385 erit),quo
999 4323 1160 4385 pacto
1186 4331 1296 4370 non
1346 4315 1436 4370 hic
1462 4316 1582 4384 ipse
1629 4315 1816 4385 procul
1852 4316 2022 4371 dubio

441 4427 596 4464 reum
629 4423 690 4464 se
732 4403 1002 4464 malorum
1036 4407 1186 4472 facit,
1218 4410 1350 4463 dum
1394 4407 1680 4462 affectione
1740 4423 1841 4462 sua
1895 4423 2024 4477 pro-

443 4503 643 4572 pendet
686 4501 753 4557 ad
793 4515 854 4556 ea
915 4516 1038 4571 qua:
1096 4515 1295 4556 nocere
1344 4509 1595 4569 possunt,
1651 4499 2024 4568 omnibusque

2121 3299 2152 3352 ὁ
2171 3297 2216 3352 δ’
2247 3298 2308 3352 οὐ
2333 3297 2607 3367 βούλεται’
2631 3297 2664 3369 ἢ
2694 3296 2942 3368 βούλεται
2978 3297 3102 3366 μὲν,
3127 3298 3226 3368 οὐχ
3258 3299 3383 3351 ὅσον
3408 3297 3464 3350 δὲ
3490 3297 3701 3351 ἱκανόν·

2122 3390 2156 3460 ἦ
2191 3389 2457 3458 γινώσκει
2498 3389 2599 3459 μὲν
2626 3389 2781 3454 αὐτὸ,
2813 3388 2956 3443 εστω
2987 3389 3046 3442 δὲ
3069 3389 3214 3442 πάνυ
3242 3389 3445 3452 καλῶς,
3475 3390 3537 3442 οὐ
3565 3389 3700 3457 φεύ-

2123 3501 2212 3553 γει
2247 3484 2305 3537 δὲ
2339 3483 2401 3536 τὸ
2433 3483 2626 3537 κακόν⁶
2665 3483 2700 3553 ἢ
2728 3483 2925 3552 φεύγει
2955 3484 3054 3552 μὲν
3082 3480 3146 3535 εὖ
3175 3481 3368 3546 ποιῶν,
3399 3480 3462 3533 ού
3504 3479 3612 3550 μὴν
3639 3481 3700 3534 δὲ

2122 3575 2218 3628 καί⁵
2247 3573 2370 3626 δυσὶ
2395 3574 2574 3635 ποσὶν,
2607 3573 2637 3626 ὃ
2663 3590 2850 3642 φασιν,
2902 3572 3026 3626 οὐδὲ
3057 3571 3323 3642 συνεχῶς,
3358 3569 3473 3624 ἀλλ’
3502 3570 3699 3624 ἄλλοτε

2127 3667 2225 3737 μὲν
2253 3668 2447 3736 ὁρᾶται
2506 3667 2749 3738 κρατῶν,
2789 3666 2985 3720 ἄλλοτε
3039 3666 3098 3720 δὲ
3129 3665 3506 3736 κρατούμενος
3530 3682 3544 3698 ·
3604 3665 3700 3717 καὶ

2124 3762 2256 3814 ποτὲ
2289 3761 2388 3828 μὲν
2415 3760 2682 3830 κρείττων
2718 3759 2830 3812 τῶν
2857 3759 3205 3831 κουφοτέρων
3235 3758 3444 3819 παθῶν,
3479 3756 3612 3809 ποτὲ
3642 3755 3702 3808 δὲ

2123 3855 2304 3925 ἥττων
2345 3854 2638 3925 (περὶγὰρ
2679 3853 2790 3906 τῶν
2826 3851 3278 3922 ἑμόριθεστέρων
3333 3851 3428 3904 καὶ
3467 3852 3702 3920 ἐπικρα-

2121 3949 2400 4018 τεστέρων
2449 3947 2641 4000 κακῶν
2674 3947 2808 4009 ἴσως
2846 3944 2972 3998 οὓδὶ
3017 3946 3125 4016 χρὴ
3175 3945 3418 4016 λέγειν)·
3452 3945 3566 4006 πῶς
3601 3945 3702 4013 οὐχ

2122 4042 2426 4112 ὑπεύθυνος
2457 4039 2826 4108 οὗτοςιὲαυτῷ
2852 4038 2960 4092 τῶν
2985 4038 3179 4092 κακῶν
3203 4038 3446 4108 ἀτεχνῶς
3468 4035 3699 4106 γίνετὰι,

2124 4133 2312 4203 ῥέπων
2341 4113 2409 4201 τῇ
2446 4131 2578 4200 παρ’
2616 4129 2818 4182 ἑαυτοῦ
2859 4127 3108 4182 διαθέσει
3147 4128 3286 4199 πρὸς
3315 4129 3382 4181 τὰ
3420 4128 3703 4196 δυνάμενα

2126 4226 2412 4295 βλάπτειν,
2449 4225 2543 4276 καὶ
2575 4223 2710 4276 πᾶσι
2738 4222 2970 4293 τρόποις
3003 4221 3198 4274 ἑαυτὸν
3250 4221 3523 4274 εὐάλωτον
3557 4221 3704 4273 ὲκεί-

2123 4334 2237 4376 νοις
2264 4315 2726 4386 παρασκευάζων,
2761 4316 2858 4368 καὶ
2899 4312 3079 4384 παρὸν
3105 4312 3441 4381 διαφυγεῖν,
3477 4312 3505 4363 ό
3533 4313 3589 4365 δὲ
3624 4309 3707 4380 τῷ

2129 4411 2204 4482 μὴ
2230 4410 2558 4474 σπουδάζειν
2586 4409 2900 4472 ἁλίσκεται,
2927 4408 3156 4479 εὐχερὲς
3179 4408 3280 4462 καὶ
3308 4407 3510 4475 κοῦφον
3530 4407 3705 4475 ἡγού-

2129 4522 2292 4576 μενος
2346 4505 2675 4572 καθυφεῖναι
2730 4503 2826 4555 τοῦ
2890 4500 3098 4562 καλοῦ,
3161 4502 3258 4554 καὶ
3313 4499 3706 4571 προσηλῶσθαι

445 4598 618 4652 modis
653 4611 711 4651 se
748 4605 907 4666 captu
960 4594 1175 4650 facilem
1237 4595 1320 4650 eis
1369 4592 1622 4662 praebet;
1680 4607 1920 4661 cumque
1965 4593 2018 4647 in

2129 4597 2419 4666 πράγμασι
2470 4594 2739 4662 φαύλοιςς
2787 4593 2932 4648 Ἀλλ’
2966 4594 3129 4665 άθρει
3175 4593 3239 4663 δή
3296 4610 3388 4662 μοι
3423 4593 3518 4646 καὶ
3554 4593 3707 4661 τῇδε.

445 4698 707 4760 promptu
731 4698 878 4744 esset
903 4697 961 4741 ut
987 4702 1049 4741 ea
1082 4685 1531 4751 vitaret,nullum
1557 4683 1869 4739 adhibendo
1901 4693 2019 4740 stu-

443 4786 594 4838 dium
623 4782 864 4852 capitur,
898 4779 1227 4836 existimans
1247 4794 1369 4833 esse
1423 4779 1583 4833 facile
1632 4779 1894 4848 quiddam
1963 4793 2027 4833 ac

448 4881 582 4941 leve,
604 4877 747 4931 bono
774 4890 832 4930 se
863 4874 1187 4929 subtrahere
1205 4873 1497 4942 pravisque
1521 4874 1687 4928 rebus
1707 4873 2029 4928 adhaerere?

447 4970 590 5034 Quin
622 4968 788 5022 etiam
821 4967 924 5021 hoc
943 4967 1184 5033 quodam
1219 4963 1382 5016 modo
1432 4962 1563 5016 mibi
1600 4978 1714 5018 rem
1749 4962 2027 5032 inspieito.

448 5059 898 5131 Siquismalum,
923 5059 1068 5126 quod
1137 5054 1473 5110 levissimum
1501 5065 1626 5110 esse
1671 5061 1917 5124 putetur,
1969 5052 2024 5106 in

449 5158 693 5211 animum
784 5151 1012 5206 subdole
1095 5148 1328 5217 primum
1446 5149 1727 5219 irrepens,
1852 5147 2030 5201 admi-

453 5250 587 5303 serit
618 5249 688 5301 ob
769 5245 1008 5313 speciem
1075 5243 1203 5296 boni
1280 5256 1446 5310 quam
1524 5243 1825 5311 praeselert,
1896 5248 2031 5292 tan-

453 5357 568 5396 tum
605 5355 711 5393 non
763 5338 1128 5391 emissarvoce
1177 5334 1518 5404 promittens,
1571 5333 1727 5405 facile
1763 5332 2030 5396 futuru'm,

459 5447 519 5487 ut
555 5433 646 5502 qui
683 5428 987 5500 periculum
1044 5427 1163 5494 ejus
1191 5427 1373 5482 facere
1407 5427 1664 5492 voluerit,
1703 5441 1894 5482 rursus
1940 5426 2034 5480 illo

452 5530 751 5589 liberetur;
783 5522 979 5578 deinde
1023 5521 1191 5575 semel
1232 5521 1496 5590 deceptus
1539 5522 1625 5575 hic
1677 5521 1840 5574 homo
1879 5521 2033 5588 quasi

457 5623 584 5675 loco
610 5617 868 5687 quodam,
904 5615 1164 5686 paulatim
1193 5613 1544 5685 progrediens
1577 5613 1820 5682 seipsum
1875 5612 2038 5664 rebus

459 5709 712 5779 pessimis
733 5708 1041 5772 dediderit,
1075 5722 1309 5777 quorum
1341 5705 1396 5760 in
1447 5719 1759 5766 numerum,
1784 5703 2036 5764 obsecro,

412 5795 414 5798 ’
459 5801 772 5856 μίσθιοι-9
811 5799 927 5856 Non
967 5814 1153 5855 eorum
1187 5800 1279 5868 qui
1329 5814 1396 5852 ex
1423 5798 1590 5852 animi
1619 5796 1871 5852 instituto
1909 5795 2034 5848 mali

457 5891 640 5951 ﬁunt?
670 5892 747 5950 ita
782 5897 984 5954 sentire
1023 5894 1299 5960 convenit,
1344 5893 1540 5968 opinor
1573 5911 1584 5946 :
1622 5905 1744 5946 nam
1789 5889 2039 5980 alioquin

2142 4689 2268 4742 Ἐάν
2322 4705 2408 4751 τις
2453 4687 2516 4739 τὸ
2544 4686 2884 4754 κουφότατον
2917 4684 3089 4738 κακὸν
3133 4679 3277 4739 εἶναι
3323 4683 3708 4754 νομιζόμενον,

2129 4781 2384 4844 ὑπούλως
2414 4778 2698 4850 καταρχὰς
2729 4777 3091 4848 είσκιιῑμάσαν
3131 4777 3213 4840 είς
3251 4774 3352 4847 τὴν
3383 4776 3585 4846 ψυχὴν⁹
3617 4775 3714 4828 δέ-

2131 4874 2314 4944 ξηται,
2345 4871 2445 4926 ἅτε
2484 4871 2650 4924 καλὸν
2683 4870 3045 4941 φαινόμενον,
3081 4871 3177 4923 καὶ
3195 4862 3497 4940 ’μονονουχὶ
3521 4868 3715 4937 φωνὴν

2131 4966 2314 5034 άφιὲν,
2337 4963 2781 5034 ὑπισχνούμενον
2801 4963 2877 5025 ώς
2903 4960 3278 5026 ἀπαλλάξεται
3303 4960 3500 5032 ῥᾳδίως
3524 4962 3553 5014 ό
3578 4959 3713 5013 τούο

2131 5075 2228 5112 του
2258 5059 2460 5127 πεῖραν
2491 5056 2686 5109 λαϐεῖν
2715 5054 3010 5124 ἐθελήσας,
3042 5053 3218 5108 ἔπειθ’
3241 5044 3396 5118 οὗτος
3417 5053 3716 5122 ἄνθρωπος

2133 5149 2508 5220 φενακισθεὶς,
2566 5147 2672 5218 όδῷ
2712 5146 2948 5217 βαδίζων
2975 5147 3169 5199 ἑαυτὸν
3203 5146 3346 5214 ἐκδῷ
3381 5147 3497 5208 τοῖς
3526 5162 3716 5216 χειρ-

2135 5249 2303 5305 στοις,
2333 5241 2480 5292 τίσιν
2517 5236 2964 5306 ἐγγεγράψεταις
2996 5237 3070 5291 Οὐ
3116 5239 3232 5300 τοῖς
3282 5236 3420 5306 μετὰ
3450 5236 3719 5306 προαιρέ-

2137 5346 2275 5391 σεως
2309 5328 2504 5389 κακοῖς
2548 5327 2875 5394 γεγονόσιν;
2910 5323 3069 5378 Οὕτω
3119 5343 3212 5395 μοι
3267 5325 3419 5380 δοκεῖ
3452 5325 3714 5394 πρέπειν.

2139 5421 2347 5483 Ἀλλως
2381 5421 2491 5490 γὰρ
2526 5420 2712 5472 πάντα
2737 5419 3025 5482 ποιοῦντες
3067 5419 3138 5474 τὰ
3188 5420 3360 5483 κακὰ,
3409 5419 3614 5482 πάντες
3646 5419 3718 5472 ἂν

2135 5511 2281 5584 ἦμεν
2313 5513 2627 5567 άνεύθυνοι,
2666 5511 2822 5568 Ἐπεὶ
2871 5512 3048 5575 οὐδεὶς
3099 5510 3396 5580 ἐργάζεται
3437 5511 3497 5563 τὺ
3540 5510 3719 5565 κακὸν

2136 5610 2328 5677 ἄρτιον
2369 5605 2633 5676 ἔξαρχῆςο
2665 5604 2785 5658 ἀλλ’
2817 5604 2926 5658 ἀπὸ
2957 5605 3210 5673 σμικρῶν
3237 5605 3332 5657 καὶ
3361 5603 3586 5670 φαύλων
3612 5605 3716 5673 άρ-

2139 5699 2375 5768 χόμεθα,
2439 5697 2690 5768 σμικρὰν
2735 5697 2832 5748 καὶ
2890 5695 3102 5763 φαύλην
3152 5693 3360 5763 ζημίαν
3391 5691 3717 5760 νομίζοντες

2141 5770 2572 5862 ὑποστήσεσθαι,
2615 5791 2711 5844 καὶ
2745 5787 3140 5860 καρπώσεσθαι
3170 5786 3388 5857 ἡδονὴν,
3412 5785 3508 5838 καὶ
3538 5787 3713 5838 litav-

2143 5887 2294 5958 ἡξειν
2337 5888 2544 5956 ταχέως
2580 5887 2659 5951 εἰς
2693 5886 2795 5953 τὴν
2843 5883 3126 5950 προτέραν
3175 5880 3532 5936 κατάστασιν.
3581 5876 3712 5934 Εἶτα
