3958 6422
294 374 399 440 ίῖΠ

1698 378 1982 441 ORATIO
2024 380 2143 447 III‘.

3451 373 3556 438 £38

292 492 349 544 ἁ)
365 489 653 563 ισκόμεθα,
672 490 753 552 εἷς
791 482 1094 561 προῦπτον,
1124 490 1200 554 ὡς
1224 490 1427 557 εἰπεῖν,
1449 490 1701 547 κίνδυνον
1720 494 1873 563 ἡμᾶς

1989 506 2172 547 omnes
2213 490 2399 547 omnia
2433 490 2575 546 mala
2611 496 3018 560 perpetrantes,
3072 488 3139 545 ab
3188 504 3336 544 omni
3373 487 3556 557 culpa.

292 587 495 649 αὐτοὺς
554 585 901 647 ἐκδιδόντες,
939 586 1123 638 ἐκεῖνα
1174 585 1452 656 δήπουθεν
1504 586 1864 658 πράττοντες,

292 682 437 749 άπερ
477 683 524 734 εἰ
561 676 705 751 ἦμεν
739 680 1015 750 ἐλεύθεροι
1064 682 1176 735 τῶν
1204 682 1309 755 ἤδη
1354 681 1709 753 κρατούντων
1763 698 1871 735 πα-

1976 583 2254 640 immunes
2280 598 2528 639 essemus
2553 598 2569 647 ;
2598 582 2799 653 quippe
2829 596 2988 637 nemo
3021 580 3224 637 malum
3251 580 3387 635 facit
3414 580 3557 648 quod

1972 676 2043 732 ab
2071 676 2228 731 initio
2260 675 2567 747 perfectum
2595 674 2668 731 sit
2697 684 2751 730 et
2782 674 3076 744 integrum,
3113 673 3207 731 sed
3246 673 3314 727 ab
3342 670 3559 742 exiguis

294 771 797 842 θῶν,ῂσχυνόμεθα
851 770 919 826 ἂν
969 772 1223 828 ἀκοῦσαι.
1281 774 1365 828 Τά
1407 774 1516 845 γὰρ
1558 774 1870 844 κουφότερα

1989 776 2179 839 atquae
2216 766 2367 838 parvi
2399 766 2658 821 momenti
2705 773 2835 822 sunt
2879 766 3149 829 ordimur,
3201 765 3457 835 exiguum
3493 778 3561 817 ac

292 864 556 917 δοκοῦντα
587 864 697 918 τῶν
745 865 968 934 φαύλων
1001 865 1180 936 ἔργων
1234 865 1480 937 εὐχερῶς
1530 867 1867 938 πράττομεν,

296 955 662 1027 ﬁgam-uber];
694 958 839 1021 τινὸς
875 958 1113 1021 ἐλπίδος,
1144 958 1437 1029 δεικνύσης
1457 958 1557 1030 τὴν
1582 958 1873 1030 διόρθωσιν

297 1049 353 1099 ὲν
383 1050 565 1116 χεροῖν
600 1044 765 1111 εἷναι,
799 1049 1057 1121 καθάπερ
1084 1052 1189 1122 ἤδη
1220 1053 1572 1123 προείρηται.
1606 1054 1721 1109 οὒκ
1755 1052 1872 1106 ἐστι

297 1140 355 1191 δὲ
399 1141 595 1206 τοῦτο,
643 1142 745 1194 οὐκ
790 1141 938 1195 ἔστιν
963 1159 977 1174 ·
1011 1144 1151 1197 ἀλλὰ
1199 1145 1517 1198 τούναντίον
1548 1145 1695 1198 ἅπαν
1731 1145 1871 1199 ἔστί.

298 1232 457 1285 Μετὰ
501 1233 617 1302 γὰρ
659 1233 719 1285 τὸ
752 1234 989 1303 σμικρὸν
1037 1235 1400 1300 ύπενδοῦναι,
1431 1238 1877 1307 ὀλιγωρήσαντες

295 1323 393 1375 τοῦ
432 1323 791 1393 καθήκοντος,
831 1327 937 1378 ὑπὸ
971 1327 1143 1381 τῶνδε
1176 1327 1287 1382 τῶν
1318 1328 1513 1383 δεινῶν
1543 1328 1877 1400 κηλούμενοι

298 1434 361 1469 τε
389 1420 484 1471 καὶ
514 1418 961 1489 τυραννούμενοι
1000 1422 1264 1493 συνεχῶς,
1309 1422 1422 1476 τῶν
1452 1422 1738 1487 σωζόντων
1788 1424 1879 1478 λο-

300 1509 520 1578 γισμῶν
557 1512 963 1582 ἐκτρεπόμεθα.
1004 1513 1127 1567 οὐδὲ
1161 1513 1291 1582 γοῦν
1325 1513 1437 1568 τῶν
1480 1515 1669 1586 ἄκρως
1708 1519 1880 1585 ὑπερο

300 1600 477 1653 ϐολῶν
515 1601 865 1672 φειδόμενον
906 1602 994 1656 ῖνα
1022 1603 1080 1657 δὲ
1120 1606 1217 1659 καὶ
1263 1604 1363 1675 τὴν
1416 1605 1725 1676 ὑπερϐολὴν
1769 1605 1880 1660 τῶν

297 1692 492 1745 κακῶν
522 1692 684 1758 εἴπω,
717 1694 796 1762 τῷ
838 1695 953 1759 τοῖς
983 1694 1224 1760 ἀνοσίοις
1269 1695 1509 1767 χρῆσθαι
1559 1694 1884 1767 φιλοτιμού-

300 1785 473 1856 μεθα,
498 1786 595 1840 καὶ
625 1785 712 1855 ἐφ’
742 1781 824 1849 οἷς
849 1786 1019 1857 ἐχρῆν
1047 1786 1430 1858 αἰσχύνεσθαι,
1462 1788 1625 1859 ἡμεῖς
1655 1788 1712 1842 δι
1740 1789 1880 1844 πάν-

298 1894 407 1938 τιυς
448 1879 541 1932 καὶ
572 1879 982 1949 σεμνυνόμεθα,
1026 1881 1172 1933 κατὰ
1217 1881 1346 1945 τοὺς
1398 1881 1740 1953 μελαγχολίᾳ
1791 1898 1884 1935 κε-

301 1970 711 2041 κρατημένους.
758 1972 1023 2034 Είκότως.
1060 1972 1168 2026 Τδν
1205 1972 1314 2043 γάρ
1357 1971 1454 2027 τοῦ
1504 1972 1885 2043 προσήκοντος

301 2060 669 2128 ἐκτραπέντα,
721 2062 816 2115 καλ⁸
865 2061 1160 2133 πράγμασι
1203 2062 1631 2135 λυμαινομένοις
1675 2062 1884 2133 σφόδρα

302 2152 399 2203 τὸν
432 2151 560 2205 νοῦν
611 2152 870 2218 καθάπαξ
899 2155 1095 2209 ἑαυτὸν
1124 2154 1487 2221 ἐκδεδωκότα,
1524 2156 1626 2210 οὐκ
1656 2156 1886 2220 ἀπεικὸς

302 2242 761 2312 τετυφλωμένους
789 2243 986 2315 ἔχοντα
1013 2245 1143 2309 τοὺς
1177 2246 1481 2317 λογισμοὺς
1512 2249 1881 2318 παραπαίειν,

312 2332 548 2402 ὅπουπερ
579 2331 645 2385 ἂν
672 2336 965 2405 πορεύοιτο
993 2339 1088 2392 καὶ
1114 2336 1349 2407 βαδίζοι.
1381 2332 1510 2408 ’Δρ⁶
1532 2338 1704 2403 οὕτως
1732 2338 1888 2411 ἕχον-

309 2440 395 2487 τες
418 2424 696 2495 ἄνθρωποι
720 2428 844 2481 λίαν
866 2428 1151 2498 ὀλιγώρως
1177 2431 1308 2501 περὶ
1334 2430 1405 2484 τὰ
1443 2430 1659 2495 δέοντα,
1691 2427 1811 2488 εῐτά
1831 2450 1883 2488 τι

226 2554 231 2565 .
305 2518 614 2588 πάσχοντες
651 2519 684 2590 ἢ
724 2520 1032 2588 ποιοῦντες,
1066 2523 1206 2594 ὅπερ
1248 2523 1307 2574 ιν
1353 2524 1521 2594 μοίρᾳ
1547 2524 1658 2579 τῶν
1686 2524 1747 2578 ού
1779 2541 1885 2579 κα-

301 2610 435 2675 λῶν,
474 2611 701 2676 ἄκοντές
750 2631 834 2668 σοι
886 2613 1114 2683 δόξομεν
1143 2616 1251 2671 ὑπὸ
1279 2616 1516 2682 εὐθύνας
1551 2613 1734 2685 εῐναι;
1779 2618 1889 2673 06-

302 2702 515 2771 δαμῶς·
546 2703 669 2757 οὐδὲ
698 2706 806 2773 γὰρ
833 2722 900 2759 συ
911 2706 1145 2775 μόαῖνον
1170 2709 1237 2780 τῇ
1271 2708 1557 2779 φρονήσει,
1582 2707 1691 2763 κᾶν
1725 2708 1887 2764 οὔπω

302 2810 370 2862 γε
397 2796 476 2857 είς
507 2795 710 2865 ἄνδρας
734 2799 920 2869 τελῇς.
956 2799 1021 2852 El
1051 2799 1166 2873 γὰρ
1210 2801 1286 2868 δὴ,
1325 2803 1425 2856 καὶ
1475 2801 1701 2876 ἔρχεται
1744 2802 1887 2876 πρὸς

301 2889 450 2956 ἡμᾶς
483 2887 553 2941 τὰ
583 2889 733 2959 πάθη
764 2892 903 2961 μετὰ
939 2892 1173 2963 πολλῆς,
1212 2892 1289 2958 ὡς
1332 2892 1400 2948 άν
1446 2910 1531 2958 τις
1580 2896 1750 2962 ιῖποι,
1784 2896 1886 2966 τῆς

302 2979 508 3050 σκηνῆς
545 2982 641 3036 καὶ
689 2984 790 3053 τῆς
836 2985 1207 3056 ὑποκρίσεως,
1261 2984 1381 3041 ἀλλ’
1428 2987 1563 3041 αύτό
1610 3004 1673 3061 γε
1720 2988 1888 3043 τοῦτο

304 3072 457 3142 ἡμᾶς
482 3074 543 3126 ού
579 3074 772 3146 λέληθε
812 3076 1056 3142 πάντως,
1087 3076 1165 3143 ὡς
1204 3078 1463 3143 ὑπούλως
1512 3078 1758 3151 ἔρχεται,
1789 3081 1884 3135 καὶ

1972 859 2090 915 leve
2121 861 2384 913 damnum
2419 857 2663 913 facturos
2693 872 2794 911 nos
2842 855 3245 920 existimantes,
3304 854 3557 924 volupta-

1980 960 2205 1019 temque
2245 960 2629 1022 percepturos,
2661 958 2715 1006 et
2745 948 2999 1007 celeriter
3024 948 3089 1003 ad
3124 945 3403 1017 pristinam
3430 960 3563 1000 con-

1973 1024 2237 1100 ditionem
2276 1059 2621 1100 reversuros.
2643 1043 2845 1099 Deinde
2878 1042 3127 1114 capimur
3157 1042 3210 1097 in
3246 1040 3569 1111 praevisum.

1976 1144 2038 1191 ut
2059 1135 2137 1189 ita
2164 1134 2367 1199 dicam,
2388 1134 2693 1204 periculum
2720 1140 2941 1189 nosmet
2970 1134 3121 1203 ipsos
3147 1131 3373 1195 dantes,
3389 1144 3565 1198 eaque

1975 1226 2385 1284 committentes
2422 1242 2565 1297 quae,
2598 1225 2647 1280 si
2679 1240 2723 1280 ιι
2748 1225 2895 1281 vitiis
2931 1224 3041 1280 illis
3077 1239 3330 1280 essemus
3364 1224 3563 1277 immu-

1980 1336 2076 1377 nes
2105 1320 2359 1391 quzejam
2397 1334 2580 1374 rerum
2618 1319 2672 1373 in
2710 1317 2869 1373 nobis
2912 1317 3217 1388 putiuntur,
3264 1315 3343 1369 vel
3376 1315 3566 1368 audire

1978 1412 2175 1484 pudori
2202 1411 2364 1466 nobis
2394 1419 2561 1467 esset.
2592 1407 2727 1464 Nam
2761 1409 2954 1464 vitiosa
2993 1408 3157 1472 facta.
3191 1422 3312 1477 qua:
3359 1405 3562 1461 levima

1979 1507 2263 1573 videntur,
2307 1504 2469 1560 lacile
2517 1514 2924 1575 perpetramus,
2979 1502 3285 1573 decipieute
3327 1516 3426 1554 nos
3472 1513 3566 1567 spe

1982 1600 2218 1671 quadam
2251 1614 2376 1669 qua:
2411 1598 2809 1652 correctionem
2840 1610 2961 1651 esse
2993 1594 3048 1648 in
3082 1592 3338 1649 manibus
3379 1602 3566 1645 osten-

1982 1692 2085 1757 dit,
2119 1690 2583 1761 quemadmodum
2613 1690 2727 1761 jam
2778 1695 2904 1743 ante
2955 1686 3159 1741 dictum
3184 1693 3314 1754 fest.
3365 1683 3565 1738 Verum

1985 1784 2212 1841 minime
2236 1800 2324 1839 res
2347 1785 2421 1838 ita
2444 1791 2762 1854 comparata
2783 1791 2889 1846 est,
2915 1780 3009 1837 sed
3042 1779 3203 1852 plane
3231 1780 3565 1835 contrarium

1985 1876 2042 1932 in
2066 1874 2314 1932 modum.
2343 1873 2707 1944 Posteaquam
2746 1874 2893 1928 enim
2943 1873 3205 1944 pusillum
3254 1871 3571 1927 remisimus

1983 1969 2231 2041 neglecto
2254 1967 2454 2030 ollicio,
2487 1967 2648 2022 malis
2677 1967 2783 2023 illis
2825 1968 3093 2022 continuo
3125 1964 3575 2021 nosdemulccn-

1983 2063 2152 2126 tibus.
2180 2070 2236 2116 et
2260 2060 2313 2116 in
2346 2067 2669 2131 potestatem
2706 2074 2772 2115 ac
2816 2059 3137 2114 servitutem
3172 2056 3575 2130 redigentibus,

1984 2169 2016 2210 a
2039 2152 2467 2223 cogitationibus
2491 2151 2654 2207 saluti
2678 2150 3180 2207 consulentibusita
3204 2147 3569 2215 deﬂectimus,

1986 2256 2045 2303 ut
2072 2262 2140 2302 ne
2163 2245 2234 2301 ab
2268 2245 2336 2302 iis
2360 2245 2607 2315 quidem,
2635 2258 2758 2314 qua:
2790 2250 3035 2299 extreme
3062 2241 3229 2296 nimia
3258 2251 3408 2305 sunt,
3442 2241 3570 2294 abs-

1986 2342 2280 2397 tineamus.
2325 2340 2499 2410 Atque
2529 2339 2607 2393 uti
2641 2336 2913 2393 malorum
2939 2335 3386 2405 exsuperantiam
3428 2333 3566 2388 indi-

1984 2449 2127 2499 cem,
2168 2447 2329 2488 usum
2358 2431 2709 2489 scelestorum
2744 2430 2799 2484 in
2831 2428 2993 2489 laude
3015 2428 3291 2499 ponimus,
3322 2437 3376 2482 et
3399 2427 3469 2481 ob
3506 2441 3567 2479 ea

1985 2542 2216 2598 quorum
2253 2539 2352 2581 nos
2382 2524 2589 2595 pudere
2615 2522 3044 2593 debebat,plane
3069 2520 3413 2593 gloriabundi
3436 2534 3568 2575 nos—

1984 2626 2099 2676 met
2136 2618 2512 2682 ostendamus,
2538 2630 2731 2672 eorum
2766 2630 2919 2675 more
2947 2614 3043 2688 qui
3080 2614 3440 2673 melancholla
3496 2614 3573 2669 la-

1983 2709 2200 2773 borant.
2230 2708 2344 2766 Nec
2370 2709 2468 2765 abs
2501 2722 2579 2764 re.
2601 2706 2738 2764 Nom
2785 2708 2880 2779 qui
2915 2707 2984 2764 ab
3016 2707 3196 2764 ollicio
3228 2706 3467 2772 deflexit,
3490 2721 3575 2761 rc.

1985 2802 2198 2874 hosque
2254 2811 2494 2859 mentem
2528 2801 2685 2857 valde
2710 2801 3189 2872 corrumpontibus
3220 2799 3457 2871 seipsum
3481 2813 3574 2854 se-

1987 2894 2355 2959 meladdixit,
2382 2909 2509 2950 eum
2549 2902 2979 2957 consentaneum
3012 2892 3175 2951 estin
3209 2892 3298 2948 illa
3327 2891 3573 2947 ctecitate

1985 2986 2406 3057 cogitationum,
2458 3000 2789 3057 quocunque
2841 2986 3059 3041 tandem
3118 2993 3309 3057 pergat
3361 2984 3575 3053 iterque

1985 3076 2259 3146 dirigat,a
2295 3085 2443 3133 recta
2486 3073 2903 3137 viagdellecterc.
2937 3070 3076 3131 Num
3104 3091 3235 3143 ergo
3266 3089 3366 3131 nos
3390 3074 3573 3129 ltomip

305 3167 389 3227 είς
429 3167 530 3231 τὰς
563 3166 741 3237 ψυχὰς
795 3170 1144 3242 καταμικρὸν
1196 3170 1573 3228 ύπεισδύεται.
1631 3172 1743 3228 Καὶ
1787 3171 1887 3246 τὴν

1992 3185 2087 3227 ηεε
2115 3183 2286 3240 usque
2319 3168 2456 3234 atro
2484 3167 2820 3240 negligentes
2863 3167 2919 3223 in
2952 3169 3103 3223 omni
3137 3167 3335 3234 ollicio,
3367 3167 3570 3237 siquid

305 3256 483 3327 ἀρχὴν
539 3258 793 3313 είσδύντα
857 3260 1289 3333 δουλοπρεπῶς,
1354 3261 1553 3318 ἔπειτα
1615 3264 1884 3335 κατάρχει

1989 3261 2184 3318 deinde
2214 3260 2300 3316 vel
2337 3260 2617 3330 patiamur
2642 3261 2726 3317 vel
2751 3262 3020 3318 faciamus
3045 3262 3285 3318 alienum
3312 3262 3381 3321 ab
3406 3262 3576 3318 Itone-

304 3348 646 3413 δεσποτικῶς
670 3368 684 3383 ο
721 3353 819 3405 καὶ
854 3354 882 3407 ό
922 3353 983 3407 τδ
1012 3355 1169 3419 τέλος
1199 3354 1380 3421 εἰδὼς,
1433 3356 1529 3409 καὶ
1558 3355 1661 3426 τὴν
1696 3357 1878 3427 ἀρχὴν

1989 3362 2093 3417 sto,
2128 3351 2285 3408 inviti
2312 3352 2529 3423 culpam
2561 3352 2831 3407 sustinere
2864 3353 2960 3408 tibi
2989 3352 3338 3409 videbimur?
3362 3352 3579 3423 Nequa-

308 3441 410 3513 οὐχ
458 3441 766 3510 ύποσοσῶνα,
804 3444 1034 3510 δικαίως
1067 3446 1135 3501 ἂν
1175 3444 1461 3500 εύθύνοιτο
1507 3450 1605 3505 καὶ
1635 3446 1886 3519 περὶτοῦ

1989 3463 2172 3523 quam.
2204 3445 2324 3504 Non
2356 3447 2500 3502 enim
2534 3448 2677 3521 apud
2734 3448 3063 3515 prudentem
3095 3447 3204 3504 hoc
3264 3447 3465 3505 habere
3493 3447 3575 3501 Io-

306 3532 518 3596 τέλους-
1987 3555 2111 3595 cum
2139 3547 2339 3609 potest,
2371 3538 2588 3594 etiamsi
2617 3538 2830 3594 virilem
2861 3538 3094 3602 necdum
3123 3544 3334 3593 aetatem
3383 3537 3580 3607 attige-

308 3627 421 3685 vis.
441 3627 578 3682 Nam
611 3644 921 3701 quanquam
953 3631 1219 3689 accedunt
1250 3634 1315 3689 ad
1353 3650 1456 3690 nos
1506 3634 1665 3691 malas.
1699 3634 1895 3701 multo,
1932 3643 1995 3691 ut
2020 3634 2098 3691 sic
2121 3635 2338 3705 loquar,
2364 3649 2488 3689 cum
2520 3641 2791 3704 apparatu
2816 3634 3041 3691 scenico
3069 3642 3126 3690 et
3197 3632 3575 3696 simulatione,

311 3730 503 3776 tamen
555 3724 656 3795 ipsi
696 3707 1047 3796 nequaquam
1098 3726 1423 3798 ignoramus
1450 3742 1514 3784 ea
1560 3729 1789 3785 subdole
1838 3743 1905 3784 ac
1974 3727 2352 3784 fraudulenter
2429 3726 2716 3791 accedere,
2764 3724 3165 3795 ‘paulatimque
3232 3735 3451 3785 nostros
3520 3728 3572 3780 in

311 3814 528 3870 animos
562 3816 839 3885 irrepere:
871 3830 1112 3888 cumque
1173 3817 1430 3875 servilem
1498 3818 1553 3873 in
1617 3819 1843 3874 modum
1890 3818 2048 3876 initio
2100 3819 2397 3889 irrepsere,
2451 3817 2711 3886 deinceps
2764 3815 3014 3875 heriliter
3066 3815 3360 3885 imperium
3412 3832 3575 3873 exer-

308 3911 454 3957 cent.
483 3903 601 3960 lam
627 3904 718 3977 qui
753 3905 914 3962 linem
939 3914 1288 3978 perspectum
1315 3906 1551 3977 habens,
1577 3909 1910 3981 principium
1950 3924 2063 3967 non
2092 3908 2345 3975 arcet,is
2378 3908 2561 3967 etiam
2604 3905 2802 3965 merito
2859 3907 3076 3980 culpam
3164 3909 3290 3965 linis
3357 3912 3573 3981 praesti-

307 4004 361 4053 ιε
367 3997 456 4052 rit.

392 4090 616 4160 Ἂληθὲς
646 4085 742 4145 οῦν
762 4131 778 4156 ,
812 4089 995 4164 οἶμαι,
1043 4094 1298 4164 φανεῖται
1347 4096 1517 4150 πᾶσιν
1547 4094 1883 4167 ἀνθρώποις,
1954 4080 1961 4083 ’

309 4184 388 4245 ὡς
414 4185 483 4237 τά
515 4184 775 4238 δοκοῦντα
805 4184 977 4254 κακὰ,
1019 4186 1070 4239 εί
1108 4187 1211 4258 μιν
1237 4185 1388 4243 ἔστιν
1420 4188 1662 4259 άληθῶς,
1698 4190 1762 4241 ὲκ
1789 4190 1891 4260 τῆς

308 4276 689 4346 προαιρέσεως
721 4276 821 4348 τὴν
865 4277 1050 4349 ἀρχὴν
1094 4278 1252 4349 ἔχει·
1311 4280 1370 4335 εί,
1410 4279 1468 4333 δὲ
1506 4280 1607 4333 οὒκ
1645 4280 1794 4334 ἔστιν
1824 4280 1892 4338 ἐκ

308 4368 706 4439 προαιρέσεως,
752 4370 877 4425 οὐδὲ
925 4370 1164 4443 ὑπάρχει
1213 4372 1526 4428 τοσύνολον.
1578 4371 1741 4428 Ἀλλὰ
1781 4372 1901 4442 μὴν-

310 4463 380 4515 τὰ
405 4461 550 4514 κακὰ
572 4462 667 4513 τὸν
700 4460 898 4530 θνητὸν
926 4462 1336 4533 περιπολοῦντα
1368 4464 1624 4534 φαίνεται
1654 4466 1888 4536 κόσμον,

310 4557 457 4612 κατὰ
486 4559 578 4610 τὸν
609 4558 901 4631 Πλάτωνα.
934 4558 1103 4612 Ὥστε
1134 4559 1438 4628 ἀναγκαῖον
1478 4560 1558 4621 είς
1596 4561 1776 4614 ταῦτα
1804 4560 1889 4612 ai-

2002 4557 2150 4611 hunc
2196 4557 2353 4611 obire
2410 4556 2675 4611 mundum
2736 4556 2916 4626 palam
2969 4566 3075 4624 cst,
3121 4560 3579 4627 quemadmodum
3690 4622 3691 4627 η

310 4651 531 4703 τιᾶσθαι
571 4650 668 4721 τὴν
705 4650 1035 4721 προαίρεσιν
1075 4650 1269 4723 μόνην,
1308 4651 1368 4704 ού
1402 4652 1481 4721 τῷ
1524 4652 1806 4722 αίρεῖσθαι
1835 4652 1897 4705 τὸ

312 4742 486 4797 κακὸν
525 4742 632 4813 πρὸ
657 4740 753 4795 τοῦ
780 4740 990 4809 ἀγαθοῦ
1023 4743 1152 4806 τοὺς
1187 4740 1535 4812 ἀνθρώπους,
1559 4743 1678 4796 ἀλλ’
1709 4744 1895 4816 ἀπάτῃ

314 4852 374 4888 τε
412 4837 506 4889 καὶ
541 4834 867 4906 διαμαρτίᾳ,
910 4834 986 4897 ὡς
1015 4834 1081 4905 δὴ
1116 4834 1211 4887 διὰ
1236 4835 1506 4891 πλειόνων
1538 4835 1595 4888 ἐν
1622 4838 1735 4898 τοῖς
1763 4836 1898 4906 πρό-

318 4928 445 4981 σθεν
469 4928 688 4999 εῖρηται
719 4926 856 4997 παρ’
895 4929 1097 4997 ἡμῶν,
1123 4926 1217 4980 καὶ
1265 4926 1361 4981 νῦν
1390 4922 1546 4989 αὖθις
1588 4910 1913 4998 είρήσεταιξ

318 5021 550 5088 Ἀγνοια
580 5019 643 5091 δή
672 5036 789 5085 τις,
814 5020 1015 5088 ἄγνοια
1038 5020 1101 5073 τδ
1138 5019 1335 5083 κακὸν,
1381 5019 1431 5075 εί
1477 5019 1559 5072 δεῖ
1612 5020 1897 5086 συντόμως

314 5115 516 5166 εἰπεῖν.
566 5112 689 5183 Χρὴ
731 5112 792 5165 δὲ
835 5113 990 5165 τουτὶ
1035 5113 1097 5165 τὸ
1142 5111 1268 5167 κατ’
1293 5110 1525 5180 ἄγνοιαν
1556 5112 1897 5182 σαφέστερον

314 5203 649 5257 ἀποδοῦναι’
710 5206 785 5279 μή
837 5222 970 5259 ποτε
1026 5204 1271 5276 δόξωμίν
1324 5222 1470 5259 τισιν
1522 5206 1654 5277 ἡμῖν
1710 5204 1898 5269 αὐτοῖς

314 5296 695 5364 περιπίπτειν,
738 5295 854 5349 ἀνθ’
902 5290 979 5349 ὧν
1036 5296 1445 5367 ἀπεφηνάμεθα
1484 5297 1552 5351 τὰ
1599 5296 1747 5352 κακὰ
1796 5299 1899 5367 τῆς

311 5387 699 5458 προαιρέσεως
743 5388 915 5457 μόνης
969 5382 1139 5453 εἶναι,
1198 5387 1377 5442 ἔπειτ’
1430 5383 1591 5452 αὖθις
1638 5389 1894 5459 λέγομεν,

315 5482 552 5550 ’Δγνοια
580 5481 642 5534 τὸ
679 5481 874 5535 κακόν.
926 5481 1041 5535 Ούκ
1076 5481 1195 5536 ἔστι
1242 5482 1301 5537 δὲ
1335 5480 1497 5537 τοῦτο
1550 5482 1757 5548 πάθος,
1796 5481 1899 5535 οὐκ

311 5574 461 5626 ἔστιν
490 5571 767 5637 ἐνταυθοῖ,
795 5573 900 5626 κᾶν
929 5573 1087 5644 δοκῇ,
1116 5575 1166 5627 εί
1202 5572 1279 5645 μὴ
1305 5574 1660 5627 παντάπασιν
1703 5573 1897 5645 ἄγροι-

312 5683 405 5726 κος
440 5665 574 5733 ἐγώ.
607 5666 715 5719 Καὶ
739 5665 805 5736 δὴ
836 5658 1250 5739 συμδιὸαστέον
1283 5666 1382 5722 ὡδὶ
1420 5665 1514 5721 τὸν
1548 5666 1741 5735 λόγον,
1774 5665 1897 5720 οὐδὲ

313 5760 444 5829 πρὶν
494 5758 813 5830 άσύμόατον
845 5758 979 5815 δντα
1029 5762 1143 5825 τοῖς
1200 5777 1264 5828 γε
1318 5760 1503 5824 καλῶς
1554 5759 1925 5831 θεωρήσασιμ

309 5854 457 5923 Φημὶ
486 5852 619 5923 γοῦν
657 5855 717 5909 τὸ
769 5854 891 5909 κατ’
923 5854 1152 5926 ἄγνοιαν
1184 5856 1469 5929 άμαρτείν
1503 5856 1773 5926 διττόν.γε
1802 5856 1896 5925 δή·

2066 4093 2258 4165 ltaque
2292 4093 2581 4151 manifesto
2613 4109 2801 4151 verum
2830 4110 2952 4151 esse
2982 4102 3157 4166 paret,
3202 4094 3420 4177 opinor,
3474 4100 3576 4157 ho-

1997 4188 2240 4244 minibus
2284 4187 2582 4252 universis,
2633 4203 2756 4259 quae
2807 4187 2951 4244 mala
3006 4197 3288 4261 putantur,
3350 4190 3395 4245 si
3453 4208 3579 4249 vere

1997 4282 2142 4336 mala
2163 4281 2293 4344 sint,
2331 4281 2400 4335 ab
2428 4281 2595 4336 animi
2625 4281 2895 4337 electione
2925 4282 3156 4352 primam
3184 4284 3449 4355 originem
3485 4286 3581 4341 du-

1996 4387 2122 4427 cere
2151 4391 2164 4427 :
2203 4374 2288 4429 sin
2314 4374 2382 4428 ab
2409 4373 2676 4428 electione
2728 4388 2835 4428 non
2888 4376 3328 4444 proﬁciscantur,
3356 4392 3582 4448 prorsus

1994 4479 2058 4519 ea
2102 4479 2168 4519 ne
2214 4465 2433 4535 quidem
2490 4465 2779 4520 exsistere.
2815 4464 2886 4520 At
2916 4480 3047 4520 vero
3103 4466 3244 4520 mala
3296 4470 3579 4524 mortalem

2001 4647 2155 4704 Plato
2187 4648 2429 4717 scripsit.
2464 4647 2805 4717 Quapropter
2860 4650 3229 4707 necessarium
3262 4663 3344 4705 est
3401 4664 3457 4707 ut
3485 4670 3580 4707 co-

2000 4754 2120 4793 rum
2150 4754 2371 4797 causam
2407 4740 2472 4793 ad
2499 4739 2666 4794 animi
2696 4739 2867 4794 solam
2900 4740 3220 4801 electionem
3252 4741 3578 4808 referamus.

2001 4848 2108 4887 non
2145 4834 2289 4903 quod
2322 4833 2527 4891 malum
2566 4847 2676 4903 pra:
2706 4832 2853 4887 bono
2902 4833 3161 4894 mortales
3201 4835 3425 4904 eligant,
3482 4840 3578 4893 sed

1988 4918 2143 4997 quod
2177 4926 2478 4999 imposlura
2517 4934 2571 4980 et
2601 4940 2755 4979 error
2787 4924 3177 4990 interveniunt,
3221 4929 3581 4996 quemadmo-

1997 5013 2131 5069 dum
2164 5017 2416 5087 pluribus
2455 5018 2686 5073 antebac
2710 5032 2738 5070 a
2770 5017 2928 5071 nobis
2957 5025 3037 5072 est
3074 5018 3401 5086 indicatum,
3439 5020 3583 5091 jam-

1998 5122 2108 5178 que
2158 5124 2351 5164 rursus
2403 5106 2735 5178 exponetur.
2800 5110 3107 5180 Ignorantia
3169 5126 3306 5166 sane
3352 5114 3581 5183 malum,

1997 5201 2302 5273 ignorantia
2328 5204 2572 5273 quaedam
2597 5213 2701 5267 est,
2732 5204 2777 5260 si
2818 5204 3009 5274 paucis
3041 5203 3302 5275 explicari
3362 5222 3451 5263 res
3485 5208 3584 5263 de-

1997 5293 2127 5359 bet;
2159 5303 2325 5364 atqne
2356 5296 2458 5349 hoc
2495 5295 2723 5353 verbum
2781 5296 3092 5366 ignorantia
3129 5307 3382 5355 nostrum
3425 5301 3583 5356 dilu-

1997 5387 2177 5445 cidius
2205 5388 2598 5444 declarandum
2629 5397 2735 5453 est,
2774 5405 2843 5445 ne
2895 5390 3098 5460 quibus
3137 5391 3237 5462 ipsi
3273 5409 3375 5448 nos
3430 5409 3587 5448 ever-

1998 5490 2113 5536 tere
2156 5481 2475 5548 .videamnr,
2527 5480 2687 5551 quasi
2746 5496 2945 5551 proco
2999 5485 3144 5553 quod
3215 5488 3354 5539 mala
3410 5487 3585 5542 solius

1998 5574 2168 5630 animi
2199 5573 2486 5629 electionis
2523 5588 2647 5630 esse
2694 5576 3200 5643 pronuntiavimus.
3260 5591 3405 5630 nunc
3435 5575 3587 5631 dica-

2001 5684 2144 5732 mus,
2189 5668 2389 5723 tnalum
2424 5682 2548 5722 esse
2573 5667 2963 5738 ignorantiam.
2999 5669 3121 5723 Non
3148 5677 3231 5724 est
3258 5677 3440 5722 autem
3478 5668 3583 5722 hoc

2000 5762 2211 5823 vilium,
2242 5776 2349 5816 non
2388 5770 2472 5816 est
2514 5760 2623 5827 hic,
2682 5762 2901 5816 tametsi
2948 5762 3215 5825 videatur,
3285 5760 3390 5814 nisi
3430 5776 3584 5829 pror—

2000 5869 2093 5911 sus
2129 5870 2232 5928 ego
2272 5852 2422 5912 rudis
2483 5870 2549 5911 ac
2589 5852 2884 5920 imperitus
2924 5870 3069 5911 sum.
3116 5854 3182 5909 Et
3235 5854 3580 5908 concilianda
