3958 6450
261 401 368 465 445

1657 404 1953 468 ORATIO
1985 407 2062 466 IV

3417 405 3524 472 446

256 518 370 573 άπδ
395 517 493 572 τοῦ
523 515 740 590 χείλους
791 516 1113 588 δεδεμένους
1141 499 1250 576 τῶν
1285 523 1496 588 ῖππων,
1551 523 1651 580 καὶ
1682 540 1844 593 στρε-

1971 523 2040 592 ιιιί
2083 523 2324 592 gladium
2361 523 2570 594 vibrat,
2597 535 2652 581 et
2683 527 2796 582 haec
2822 535 2985 597 atque
3016 526 3108 582 illa
3141 523 3320 580 facere
3345 523 3526 591 inhet,
3584 510 3597 517 ’

257 608 596 679 ϐλουμάνους
625 609 735 663 τινὶ
770 607 935 681 ξύλῳ.
976 613 1122 682 Πρὸς
1145 612 1256 684 γὰρ
1287 615 1350 685 δὴ
1375 615 1574 669 δάκνον
1606 617 1705 687 ἤδη
1739 633 1844 668 πα-

257 707 354 774 ρὸν
375 700 654 770 (δάκνεται
679 703 792 774 γὰρ
815 703 843 754 ό
880 704 1171 774 ἐπιθυμῶν
1200 706 1352 774 αὐτῷ
1390 707 1468 776 τῷ
1502 707 1844 779 ἐπιθυμεῖν),

255 795 355 847 καὶ
382 794 520 864 πρὸς
575 794 810 864 ἀπειλὴν
848 796 1040 849 κακῶν
1072 798 1314 868 (ἀπειλεῖ
1343 801 1453 869 γὰρ
1473 801 1536 854 τὸ
1573 801 1847 870 ποθούμε-

253 903 350 939 νον
369 885 707 950 ἀποπνίξειν,
734 887 786 940 εί
813 888 879 957 δὴ
903 890 1186 970 παντελῶς
1217 892 1540 963 ἀποσταίη),
1583 893 1677 946 καὶ
1708 894 1848 964 πρὺς

257 976 381 1048 βίαν
411 977 606 1047 ἡδονῆς
631 977 712 1044 (τί
736 978 846 1049 γὰρ
878 982 1116 1053 ταυτησὶ
1153 983 1460 1053 βιαιότερον
1483 986 1546 1052 ;),
1579 988 1675 1041 καὶ
1709 986 1848 1053 πρὸς

255 1070 611 1141 παράκλησιν
643 1071 823 1125 καλῶν
853 1074 1197 1143 φαινομένων
1222 1075 1436 1147 (ῶσπερ
1465 1076 1575 1146 γάρ
1606 1077 1852 1144 αὐτόμα-

253 1180 328 1217 τα
360 1162 542 1217 πάντα
593 1161 732 1216 εῖκει
763 1166 830 1234 τῇ
871 1163 984 1217 τῶν
1025 1153 1208 1222 καλῶν
1239 1167 1387 1238 θέα),
1436 1168 1530 1222 καὶ
1556 1168 1849 1221 συνελόντα

255 1259 460 1323 εἰπεῖν,
491 1255 630 1325 πρὸς
665 1255 846 1328 ὁρμὴν
870 1259 967 1326 τῆς
1004 1249 1222 1326 φύσεως
1249 1261 1356 1314 ὑπὸ
1383 1260 1656 1315 τοσούτων
1693 1263 1852 1328 ἐφελ-

255 1350 528 1420 κομένην,
559 1352 646 1416 τίς
674 1352 820 1406 οὕτω
853 1352 1142 1424 σιδηροῦς,
1182 1355 1271 1418 τίς
1316 1354 1534 1423 ἀδάμας
1555 1397 1570 1419 ,
1608 1354 1684 1418 ὡς
1718 1355 1849 1425 μέλ-

251 1444 317 1497 λε
328 1461 376 1498 ιν
397 1444 613 1515 ἑδραῖος
635 1447 1001 1514 φανήσεσθαι,
1021 1446 1158 1500 ἀλλά
1185 1449 1259 1518 μὴ
1277 1448 1736 1510 καταπεσεῖσθαι,
1757 1449 1852 1502 καὶ

253 1536 555 1600 διαπαντὸς
587 1538 802 1590 κεῖσθαι
836 1536 1224 1609 βουλήσεσθαι,
1261 1541 1362 1608 τὴν
1389 1539 1684 1609 διόρθωσιν
1712 1556 1854 1591 παν-

253 1627 506 1681 τάπασιν
533 1629 847 1697 άπογνούς;
895 1607 1043 1683 ’ίλλ’
1071 1631 1101 1685 δ
1121 1632 1184 1697 δὴ
1212 1607 1600 1702 χαλεπώτερον
1631 1632 1725 1685 καὶ
1751 1649 1856 1685 πα-

260 1719 546 1789 ραμυθίας
581 1719 879 1792 ἀνώτερον,
910 1723 1007 1776 καὶ
1032 1723 1256 1796 ἀνίατον
1280 1723 1469 1788 κακὸν,
1494 1723 1548 1776 τί
1572 1723 1648 1794 μὴ
1673 1723 1851 1792 λέγως

257 1813 526 1867 Ἐπειδὰν
554 1814 664 1883 γὰρ
693 1815 789 1868 καὶ
814 1813 1076 1884 τύχωμεν
1104 1815 1214 1870 τῶν
1244 1816 1440 1884 ἡδέων,
1469 1819 1567 1872 καὶ
1592 1817 1693 1886 τὴν
1715 1816 1855 1884 ἀγα-

1949 617 2237 686 imperinm
2277 634 2535 674 recusare
2559 637 2663 675 non
2700 622 2848 685 licet,
2883 622 2959 676 ita
2990 622 3181 676 cedere
3204 613 3432 674 cunctos
3468 625 3526 672 et

1946 721 2173 763 currere
2207 725 2428 765 necesse
2479 722 2565 766 est
2603 727 2938 779 quocunque
2981 711 3232 780 voluptas
3260 710 3524 764 innuerit.

1948 801 2158 870 Quippe
2189 818 2309 855 cum
2346 804 2543 857 malum
2571 804 2744 874 ipsum
2773 820 2874 859 nos
2901 811 3077 872 urget,
3102 813 3154 856 et
3179 810 3525 871 appetentem

1951 903 2162 948 natura:
2192 907 2391 952 nostra:
2422 907 2632 967 partem
2667 897 2990 950 exhortatur
3018 897 3082 949 ad
3117 894 3427 949 fruitionem
3462 909 3526 948 ac

1952 986 2425 1054 participationem
2476 986 2710 1052 alicuius
2754 1001 3058 1054 eorumque
3093 984 3344 1038 videntur
3369 996 3533 1052 expe-

1953 1079 2136 1138 tenda,
2174 1086 2230 1131 et
2256 1079 2322 1130 ad
2355 1092 2413 1132 se
2444 1078 2774 1145 pertrahunt
2829 1092 2892 1131 ac
2930 1077 3184 1136 invitant,
3215 1084 3270 1128 et
3313 1085 3529 1143 practer-

1952 1185 2014 1225 ea
2075 1169 2316 1224 dolorem
2353 1170 2640 1225 allaturum
2675 1186 2735 1228 se
2782 1171 3025 1225 minatur
3057 1171 3110 1224 ni
3160 1169 3390 1224 velimus
3435 1167 3527 1220 ad-

1954 1275 2148 1324 nuere,
2186 1262 2320 1317 nihil
2353 1262 2500 1332 quod
2532 1279 2756 1330 agamus
2792 1262 2940 1317 aliud
2973 1271 3142 1316 restat
3169 1277 3330 1331 quam
3362 1269 3422 1313 ut
3452 1274 3534 1314 se-

1955 1369 2215 1423 quamur,
2243 1366 2297 1408 et
2351 1353 2622 1410 ducamur
2681 1356 2898 1410 illorum
2942 1369 3206 1424 equorum
3257 1367 3410 1406 more
3443 1349 3592 1419 qui}

1957 1443 2114 1501 labro
2144 1449 2597 1519 constringuntur
2635 1459 2690 1504 et
2729 1449 2880 1518 ligno
2911 1451 3149 1519 quodam
3190 1454 3532 1515 torquentur.

1955 1537 2090 1592 Nam
2121 1541 2189 1594 ad
2217 1540 2267 1593 id
2307 1542 2453 1610 quod
2477 1543 2589 1608 iam
2621 1556 2866 1612 praesens
2896 1541 3108 1595 mordet
3142 1539 3366 1608 (quippe
3393 1551 3541 1590 mor-

1957 1646 2078 1686 sum
2117 1635 2410 1704 quemdam
2439 1637 2600 1690 sentit
2639 1636 2706 1700 is,
2741 1635 2832 1703 qui
2865 1635 3100 1704 appetit,
3143 1648 3210 1688 eo
3242 1631 3362 1700 ipso
3393 1630 3538 1698 quod

1959 1729 2190 1797 appetit)
2227 1736 2282 1782 et
2309 1730 2376 1784 ad
2405 1729 2553 1800 ipsas
2588 1728 2851 1784 malorum
2880 1727 3062 1783 minas
3095 1729 3242 1797 (nam
3279 1732 3542 1779 enecatu-

1963 1836 2084 1876 rum
2127 1836 2186 1876 se
2214 1821 2454 1874 minatur
2487 1821 2540 1875 id
2569 1822 2718 1890 quod
2757 1820 3052 1889 expetitur,
3085 1818 3130 1874 si
3169 1817 3392 1872 omnino
3434 1832 3539 1870 non

257 1905 363 1973 θὴν
394 1903 715 1974 νομίσωμεν
746 1905 920 1976 τύχην
971 1907 1646 1979 ἡμᾶς-ἐπιδεδημηκέναι,
1691 1907 1854 1978 μόγις

1971 1915 2309 1984 impetretur)
2347 1925 2401 1968 et
2452 1915 2519 1968 ad
2555 1913 2860 1983 voluptatis
2907 1914 3014 1968 vim
3058 1911 3212 1981 (quid
3251 1910 3396 1966 enim
3449 1908 3538 1961 illa

256 1995 346 2061 δὲ,
375 1998 472 2051 καὶ
499 1998 589 2052 διὰ
617 1999 838 2069 χρόνου,
868 2000 1075 2068 ταχέως
1103 1999 1247 2068 ἄγαν
1281 2001 1606 2070 ἀφίπταται,
1640 2001 1736 2056 καὶ
1760 2001 1856 2055 λυ-

260 2092 362 2141 πεῖ
384 2089 464 2159 τῷ
484 2091 793 2160 ἀφεστάναι
827 2090 1011 2164 πολλῷ
1047 2108 1112 2161 γε
1151 2092 1378 2160 μᾶλλον,
1403 2093 1436 2165 ἢ
1465 2094 1752 2163 εὐφραίνει
1780 2092 1858 2163 τῷ

261 2183 549 2252 παρεῖναι.
581 2183 644 2236 El
671 2183 717 2236 δ’
743 2185 1114 2254 ὲπιμήκιστον
1143 2185 1422 2256 διαρκέσει
1446 2185 1662 2254 χρόνον,
1692 2183 1858 2238 λυπεῖ

265 2274 345 2346 τῷ
375 2275 544 2345 κόρῳ.
581 2276 879 2347 Πλησμονὴ
907 2277 1044 2346 γὰρ,
1082 2275 1189 2348 ἔφη
1221 2295 1329 2341 τις,
1359 2279 1472 2330 τῶν
1499 2293 1563 2345 γε
1599 2277 1860 2332 τοιούτων

275 2368 553 2423 ἁπάντων.
581 2368 743 2432 Εἰκὸς
772 2368 818 2426 δ’
849 2369 917 2423 ἂν
949 2370 1058 2439 εἴη,
1082 2372 1182 2439 τῆς
1231 2369 1389 2440 δόξης
1415 2371 1860 2439 μετατραπείσης

270 2463 350 2524 είς
375 2462 715 2524 τούναντίον,
769 2460 878 2514 ἀπὸ
913 2462 1015 2531 τῆς
1062 2463 1282 2533 πείρας,
1325 2462 1499 2532 μείζω
1552 2463 1655 2532 τὴν
1683 2462 1862 2532 λύπην

269 2549 417 2606 εἶναι
447 2553 550 2620 τῆς
575 2553 917 2626 εὐφροσύνης
939 2571 954 2586 ι
987 2554 1082 2608 καὶ
1105 2553 1206 2624 τῆς
1234 2553 1527 2642 φθασάσλης
1553 2554 1746 2626 ἡδονῆς
1771 2555 1864 2608 τὸν

269 2645 633 2712 ἑπιγεγονότα
666 2646 940 2715 κρατῆσαι
981 2645 1313 2715 μετάμελον,
1342 2647 1438 2699 καὶ
1460 2645 1864 2717 πλεονεκτηθῆ-

270 2754 365 2789 ναι
397 2738 487 2790 καὶ
507 2737 809 2808 ἡττηθῆναι
841 2737 1048 2810 ταύτην
1079 2738 1329 2795 ἐκείνου)
1342 2739 1416 2792 Τὸ
1445 2741 1555 2809 γὰρ
1593 2739 1693 2810 ἡδὺ
1724 2737 1864 2808 μετά

272 2831 371 2883 τὸν
399 2829 562 2900 κόρον
594 2831 844 2900 ἀνιαρὸν,
862 2832 936 2896 ὡς
967 2833 1275 2904 εἰρήκαμεν
1297 2851 1309 2865 ο
1347 2832 1444 2886 καὶ
1475 2830 1701 2901 ἀλγύνει
1729 2831 1864 2900 μᾶλ-

271 2923 368 2977 λον
398 2923 461 2976 τὸ
496 2924 839 2995 ὑπερϐάλλον
867 2926 967 2994 τῆς
999 2925 1349 2998 πλησμονῆς,
1382 2925 1414 2997 ἦ
1449 2926 1864 2998 παραμυθεῖται

273 3019 337 3070 τὸ
377 3016 598 3089 μέτριον
622 3019 723 3088 τῆς
775 3020 1020 3090 τρυφῆςο
1063 3021 1159 3073 καὶ
1189 3018 1353 3072 λυπεῖ
1391 3019 1452 3072 τὸ
1477 3019 1867 3088 διαρκέστερον

273 3109 380 3174 τῆς
405 3109 696 3174 ἀπουσίας,
727 3110 760 3182 ἢ
791 3110 1078 3182 χαρίζεται
1120 3113 1153 3183 ἡ
1188 3110 1490 3182 παρουσία,
1519 3111 1594 3174 ὡς
1632 3110 1869 3180 τάχιστα

1958 2008 2277 2076 violentius)
2306 2017 2358 2063 et
2393 2007 2460 2060 ad
2507 2006 2884 2061 invitationem
2917 2020 3118 2059 eorum
3134 2019 3257 2074 qua;
3303 2003 3540 2071 speciem

1959 2097 2230 2152 bonorum
2262 2096 2465 2150 habent
2490 2096 2696 2164 (omnia
2735 2111 2970 2165 namque
2997 2103 3194 2165 sponte
3219 2109 3317 2147 sua
3347 2093 3547 2148 cedunt

1961 2188 2029 2245 iis
2059 2203 2178 2256 qua:
2202 2187 2425 2256 pulchra
2453 2187 2748 2257 videntur),
2770 2197 2827 2242 ιιι
2855 2185 3176 2243 summatim
3202 2185 3437 2254 denique
3462 2184 3548 2238 di-

1962 2296 2106 2346 cam,
2143 2280 2210 2334 ad
2236 2281 2497 2348 impetum
2539 2290 2771 2346 natum,
2801 2295 2964 2346 quem
2997 2288 3076 2334 tot
3102 2293 3192 2333 res
3229 2276 3545 2346 impellunt,

1962 2373 2088 2442 quis
2117 2374 2252 2424 adeo
2289 2371 2498 2426 ferreus
2545 2370 2713 2427 fuerit
2746 2371 2940 2442 quisve
2986 2367 3543 2433 tamadamantinus,

1964 2475 2024 2520 ut
2057 2465 2305 2521 stabilem
2340 2479 2401 2521 se
2432 2464 2818 2520 declaraturus
2859 2465 2953 2525 sit.
2997 2478 3060 2518 ac
3088 2477 3196 2518 non
3225 2460 3418 2516 collabi
3446 2461 3549 2530 p01-

1968 2559 2097 2624 tins,
2138 2570 2194 2613 et
2225 2568 2490 2628 perpetuo
2517 2558 2706 2628 jacere
2736 2558 2889 2620 velit,
2920 2555 3069 2611 omni
3102 2568 3331 2626 prorsus
3357 2567 3548 2607 emen-

1965 2653 2190 2708 datione
2213 2653 2501 2724 desperata
2524 2648 2686 2706 Nam
2720 2651 2864 2720 quod
2887 2651 3054 2705 etiam
3080 2646 3328 2717 gravius,
3351 2653 3406 2699 et
3431 2658 3554 2699 om-

1970 2761 2092 2800 nem
2127 2755 2284 2800 extra
2313 2743 2715 2798 correctionem
2744 2741 3006 2810 positum,
3039 2740 3354 2806 malumque
3383 2751 3552 2804 pror-

1969 2855 2065 2896 sus
2097 2837 2421 2900 insanabile,
2449 2852 2548 2891 cur
2580 2853 2686 2890 non
2725 2835 3046 2904 proferam?
3075 2849 3200 2888 nam
3231 2847 3352 2887 eum
3389 2831 3552 2884 rebus

1969 2929 2233 3004 iucundis
2265 2930 2424 2998 potiti
2461 2944 2675 2991 sumus,
2708 2928 2931 2997 jamque
2963 2934 3216 2995 putamus
3250 2925 3448 2976 honam
3487 2921 3552 2972 ad

1973 3037 2075 3077 nos
2115 3021 2418 3076 accessisse
2454 3018 2754 3081 fortunam,
2805 3019 2891 3072 vix
2932 3017 2983 3071 id
3031 3015 3252 3085 quidem
3285 3023 3337 3068 et
3387 3013 3551 3080 longo

1971 3115 2240 3184 temporis
2283 3112 2598 3174 intervallo,
2632 3112 2889 3166 celeriter
2929 3105 3464 3168 admodum.avolat,
3502 3112 3558 3157 et

277 3203 428 3273 ἡμᾶς
460 3203 917 3273 παρατρέχουσα.
949 3203 1111 3257 Ὥστε
1141 3204 1202 3257 τὸ
1231 3203 1460 3274 τέρπον,
1483 3204 1565 3257 ἐνί
1593 3221 1668 3275 τῳ
1710 3204 1867 3274 μέρει

1973 3209 2216 3264 discessu
2249 3221 2349 3261 suo
2384 3205 2545 3273 longe
2587 3202 2778 3268 maiori
2823 3218 2920 3257 nos
2965 3201 3156 3256 dolore
3191 3196 3352 3252 adicit
3382 3211 3544 3264 quam

279 3295 650 3368 χαριζόμενον
688 3296 767 3367 τῷ
819 3297 1101 3366 παρεῖναι,
1164 3297 1358 3358 διττῶς
1399 3298 1548 3367 ἡμᾶς
1591 3298 1740 3367 ἀνιᾷ,
1791 3297 1871 3368 τῷ
1905 3285 1939 3290 ⁷
1970 3314 2212 3368 ιιι-ειιεοιιε
2239 3297 2531 3352 exhilaret.
2553 3294 2705 3362 Quod
2728 3285 3394 3362 ﬁlongissimotemporis
3425 3301 3557 3356 spa-

285 3387 361 3458 μὴ
391 3388 827 3458 παραγεγονέναι
857 3389 1098 3460 ταχέως,
1149 3389 1244 3444 καὶ
1273 3388 1352 3460 τῷ
1383 3389 1548 3461 κόρον
1596 3390 1871 3459 ἐμποιεῖν,

280 3478 506 3548 ἐπειδὰν
527 3472 687 3534 suos»
713 3479 974 3553 ὲπιμείνῃ
993 3497 1010 3515 ο
1043 3480 1092 3534 el
1123 3481 1180 3535 δὲ
1219 3481 1314 3552 μὴ,
1357 3482 1436 3552 τῷ
1463 3482 1679 3552 ταχέως
1701 3481 1875 3534 ἀπαλ-

284 3571 516 3641 λαγῆναι
562 3573 656 3626 καὶ
688 3573 1029 3642 ἀφεστάναι·
1068 3575 1163 3628 καὶ
1214 3576 1274 3626 ὲν
1327 3575 1548 3646 ἑκάστῳ
1575 3574 1634 3628 δὲ
1665 3575 1875 3630 τούτων

286 3651 451 3715 πλέον
477 3663 539 3716 τὸ
565 3661 765 3717 δάκνον
794 3663 828 3733 ἢ
856 3665 916 3717 ιν
949 3663 1029 3733 τῷ
1063 3665 1294 3734 τέρπειν
1316 3666 1378 3719 τὸ
1406 3665 1797 3737 χαριζόμενον.

1973 3391 2047 3445 tio
2070 3390 2252 3455 duret,
2304 3390 2418 3456 ipsa
2451 3387 2533 3442 sui
2571 3386 2830 3440 satietate
2884 3383 3112 3437 molesta
3153 3391 3260 3436 est.
3292 3379 3426 3434 Nam
3467 3378 3544 3430 uti

1973 3482 2199 3554 quidam
2235 3481 2396 3544 dixit,
2446 3479 2757 3549 huiusmodi
2810 3491 2990 3529 rerum
3035 3475 3276 3529 omnium
3335 3471 3560 3527 satietas

1972 3559 2537 3630 est.Consentaneum
2565 3579 2746 3625 autem
2784 3567 2969 3633 fuerit,
2999 3567 3256 3636 opinione
3287 3565 3557 3618 diversam

1977 3667 2030 3722 in
2063 3657 2274 3737 partem
2313 3672 2542 3728 mutata,
2571 3676 2638 3716 ex
2675 3663 2789 3730 ipsa
2815 3659 3039 3730 quidem
3063 3657 3420 3728 experientia,
3456 3655 3558 3707 ilo-—

278 3755 467 3834 )orem
505 3756 697 3812 lzetitia
731 3755 996 3827 majorem
1033 3772 1178 3825 esse,
1207 3772 1272 3812 ac
1304 3757 1582 3828 voluptate
1605 3773 1724 3824 qua:
1784 3753 2087 3828 praecessit,
2148 3759 2493 3813 subsecutam
2560 3755 2930 3825 ptenitentiam
2989 3767 3110 3808 esse
3200 3747 3559 3817 superiorem.

294 3861 348 3906 et
378 3852 447 3908 ab
475 3852 576 3907 hac
607 3851 752 3906 illam
776 3851 936 3922 longo
963 3868 1029 3908 ex
1052 3851 1343 3909 intervallo
1362 3853 1532 3908 vinci.
1556 3852 1713 3918 Quod
1733 3855 1878 3908 enim
1911 3863 1996 3911 est
2019 3856 2236 3923 volupe,
2265 3861 2386 3922 post
2414 3854 2742 3918 satietatem,
2774 3864 2874 3903 ceu
2935 3848 3190 3909 diximus,
3257 3843 3547 3898 molestum

290 3959 358 4000 ac
388 3945 670 4018 tmdiosum
698 3959 820 4000 esse
847 3945 1010 4019 solet,
1040 3944 1412 4014 maioremque
1442 3943 1687 3998 dolorem
1713 3943 1870 3998 all‘ert
1908 3945 1999 3998 illa
2023 3944 2189 3998 nimia
2221 3943 2483 3996 saturitas
2507 3955 2668 4009 quam
2694 3940 2941 4006 voluptas
2996 3937 3210 3990 modica
3274 3931 3548 3986 delectet:

293 4037 555 4092 absentia:
585 4038 820 4106 denique
865 4036 1195 4092 diuturnitas
1255 4035 1375 4106 plus
1451 4035 1689 4092 tristitiae
1740 4034 1898 4091 nobis
1977 4035 2174 4105 ingerit
2215 4050 2377 4104 quam
2425 4033 2552 4088 boni
2605 4032 2900 4100 praesentia
2941 4028 3229 4098 largiatur,
3265 4025 3553 4078 celerrime

293 4148 398 4189 nos
426 4142 801 4200 praetervecta.
837 4130 958 4199 Quo
993 4133 1070 4198 lit,
1127 4139 1184 4186 ut
1215 4131 1361 4201 quod
1406 4130 1658 4197 delectat,
1705 4131 1864 4186 unica
1905 4139 2113 4186 tantum
2139 4145 2197 4185 re
2223 4128 2359 4198 grati
2386 4129 2514 4197 quid
2545 4126 2702 4181 nobis
2734 4127 2966 4184 faciens,
2997 4121 3126 4177 dum
3192 4121 3368 4184 adest,
3441 4129 3561 4168 mo—

296 4228 452 4283 lestia
475 4227 716 4283 vicissim
744 4227 948 4296 duplici
984 4226 1205 4291 alliciat,
1239 4233 1355 4279 tum
1385 4224 1530 4294 quod
1574 4225 1741 4280 citius
1796 4240 1902 4279 non
1979 4226 2297 4290 accesserit,
2334 4234 2446 4279 tum
2479 4205 2623 4290 quod
2653 4220 2735 4274 sui
2762 4219 3076 4275 satietatem
3111 4215 3315 4296 gignat,
3347 4213 3437 4267 ubi
3465 4211 3570 4267 de—

295 4330 461 4378 latum
495 4320 561 4374 ad
593 4334 714 4383 nos,
749 4295 960 4375 diutius
985 4319 1146 4374 durat
1174 4336 1188 4372 :
1224 4318 1542 4382 sin'autem,
1574 4316 1740 4371 citius
1764 4315 1956 4372 saltem
1994 4316 2364 4373 abscedendo.
2397 4315 2576 4384 Atque
2607 4313 2663 4368 in
2707 4314 2979 4384 quolibet
3043 4295 3238 4365 horum
3305 4309 3427 4379 plus
3471 4317 3558 4362 est

292 4417 439 4489 quod
476 4417 717 4472 mordeat
754 4431 917 4487 quam
967 4414 1022 4469 in
1068 4413 1437 4469 delectatione
1469 4413 1614 4482 quod
1656 4421 1872 4482 gratum
1912 4411 2004 4467 sit.

365 4514 477 4566 Kal.
508 4511 684 4566 ταῦτα
711 4512 812 4583 μὲν
837 4511 1100 4582 περὶτῶν
1127 4509 1501 4580 ἐλπιζομένων
1523 4510 1658 4581 ἡμῖν
1690 4509 1864 4580 ἡδέων

2067 4509 2134 4564 Ει
2171 4509 2286 4563 haec
2315 4507 2536 4577 quidem
2574 4505 2642 4560 de
2666 4505 2734 4561 iis
2764 4508 2926 4560 rebus
2947 4503 3207 4574 iucundis
3235 4517 3355 4572 quae
3386 4502 3436 4555 in
3471 4518 3572 4556 ex-

293 4606 328 4676 ἢ
352 4605 461 4659 τῶν
500 4605 576 4676 μὴ
614 4604 793 4674 πάντη
830 4603 1089 4674 βεϐαίων,
1126 4605 1177 4656 ει
1229 4603 1327 4657 καλ⁵
1373 4604 1599 4670 παρεῖεν
1628 4618 1642 4633 ο
1678 4603 1807 4671 περὶ
1831 4601 1889 4654 δι

293 4697 405 4752 τῶν
432 4698 535 4769 ἠδη
571 4698 862 4767 παρόντων
897 4696 1092 4766 συχνόν
1122 4713 1186 4764 γε
1234 4694 1510 4766 δήπουθεν
1543 4695 1759 4764 χρόνον,
1794 4694 1888 4748 καὶ

294 4793 382 4846 διὰ
408 4790 567 4844 τοῦτο
596 4789 975 4859 νομιζομένων
1003 4789 1278 4859 μηδέποτε
1305 4787 1742 4860 μεταϐήσεσθαι,
1773 4786 1891 4840 ἀλλ’

300 4883 518 4937 ἔσεσθαί
565 4899 628 4950 γε
658 4881 891 4952 ὲδραίων
941 4882 1011 4952 τῇ
1043 4881 1383 4946 παρεκτάσει
1420 4877 1622 4942 παντὸς
1657 4879 1800 4948 βίου,
1829 4877 1885 4931 τί

298 4976 363 5030 ἄν
380 4992 466 5038 τις
495 4974 673 5039 είποι;
698 4974 761 5028 El
785 4973 892 5043 γάρ
919 4991 970 5026 τι
998 4973 1205 5026 τούτων
1231 4970 1528 5025 ἀποϐαλεῖν
1544 4963 1670 5034 τοὺς
1693 4987 1894 5041 κεκτη-

303 5065 497 5133 μένους
527 5063 771 5133 συμϐαίη
804 5062 1122 5133 (συμϐαίνει
1153 5061 1210 5115 δὲ
1244 5058 1535 5131 συνεχῶς),
1570 5059 1738 5130 βαϐαὶ
1763 5060 1892 5112 ὅσον

301 5156 601 5226 ἀφόρητον,
657 5156 752 5210 καὶ
812 5156 1024 5222 πεῖθον,
1081 5154 1180 5225 τὴν
1212 5153 1422 5224 ζημίαν
1457 5153 1534 5222 μὴ
1589 5151 1890 5223 φέροντας,

291 5247 671 5320 ’διαφθαρῆναι
702 5251 772 5320 τῇ
796 5246 976 5319 λύπῃί
1029 5245 1196 5300 Ὥστε
1231 5245 1293 5299 τὸ
1323 5246 1428 5309 τῆς
1459 5245 1657 5320 ἡδονῆς
1687 5242 1884 5315 χρῆμα

247 5361 262 5373 ε
301 5346 383 5404 εἰς
406 5341 721 5396 τούναντίον
741 5343 878 5412 ἡμῖν
903 5339 1276 5410 περιίσταται,
1308 5339 1405 5392 καὶ
1434 5338 1502 5392 δι’
1529 5314 1702 5407 αύτὴν
1723 5337 1799 5400 ὼς
1823 5335 1893 5389 τὰ

306 5434 480 5488 πολλᾶ
525 5435 587 5488 τὸ
613 5433 971 5487 λελυπεῖσθαι
1013 5432 1331 5502 συμϐαίνει.
1367 5431 1443 5484 Οὐ
1483 5432 1590 5500 μὴν
1619 5430 1757 5484 ἀλλά
1797 5430 1894 5482 καὶ

302 5527 364 5581 τὸ
396 5527 612 5594 φθονεῖν
643 5525 966 5596 ἠδικηκόσιν
998 5524 1174 5589 οὐδὲν,
1210 5522 1351 5595 πλὴν
1379 5524 1460 5578 ὅτι
1486 5523 1692 5592 μᾶλλον
1728 5521 1889 5594 ἡμῶν

307 5623 521 5691 τρυρᾷν
553 5620 829 5688 δύνανται,
860 5618 979 5688 εῖγε
1013 5618 1313 5689 βούλοιντο,
1338 5617 1455 5679 τοῖς
1492 5615 1645 5678 ἰδίοις
1664 5613 1894 5680 ἀγαθοῖς

311 5714 754 5786 καταχρώμενοι,
819 5712 1006 5780 σαφῶς
1064 5711 1279 5770 ἐκεῖθεν
1325 5710 1462 5781 ἡμῖν
1522 5688 1917 5773 ἐπιγίγνεταιῖ

310 5809 521 5880 Σφόδρα
543 5805 654 5875 γάρ
683 5803 992 5874 ζηλότυπον
1019 5802 1078 5855 τὸ
1103 5800 1408 5872 φιλήδονον,
1431 5798 1524 5851 καὶ
1549 5797 1762 5866 νομίζει
1794 5797 1825 5859 ζ
1832 5817 1894 5865 γ,-

315 5901 708 5970 μιοῦσθαιταῖς
741 5899 944 5970 ἑτέρων
969 5895 1328 5953 ἀπολαύσεσι.
1367 5893 1528 5948 Τουτῖ
1560 5891 1614 5947 δὲ
1638 5892 1696 5946 τὸ
1721 5891 1893 5957 πάθος

1991 4602 2333 4674 spectatione
2367 4599 2557 4670 positae
2586 4606 2737 4664 sunt,
2775 4598 2858 4653 vel
2893 4598 2960 4650 de
2995 4610 3102 4651 non
3127 4596 3351 4651 omnino
3379 4593 3568 4656 certis,

1990 4694 2119 4749 licet
2143 4693 2346 4747 adsint.
2379 4692 2448 4744 At
2479 4673 2612 4744 vero
2646 4691 2711 4742 de
2745 4688 2816 4743 iis
2847 4702 2967 4756 qua:
2994 4686 3156 4755 longo
3183 4684 3294 4752 iam
3326 4692 3571 4750 tempore

1991 4783 2148 4841 nobis
2186 4782 2407 4844 adsunt,
2441 4780 2673 4848 ideoque
2710 4791 2987 4845 nunquam
3019 4778 3342 4830 abscessum
3379 4783 3544 4841 putat:

1991 4883 2102 4939 tur,
2137 4873 2233 4928 sed
2264 4869 2482 4928 stabilia
2515 4870 2724 4934 futura,
2757 4880 3050 4937 quousque
3080 4879 3140 4920 se
3170 4863 3279 4928 vita
3317 4876 3574 4932 porrexe-

1990 4967 2087 5032 rit,
2120 4964 2384 5037 quidnam
2411 4962 2610 5034 aliquis
2643 4959 2842 5016 dicat?
2875 4957 3079 5029 quippe
3110 4956 3155 5013 si
3190 4955 3491 5026 contingat,
3517 4963 3577 5008 ιιι

1995 5060 2189 5114 horum
2225 5057 2432 5128 aliquid
2468 5057 2744 5120 amittant,
2773 5053 2864 5124 qui
2894 5051 3215 5122 possident;
3245 5046 3323 5122 (et
3355 5047 3573 5102 contin-

1991 5153 2071 5224 git
2099 5151 2203 5208 hoc
2237 5167 2369 5206 sane
2409 5148 2751 5219 frequenter)
2807 5145 2962 5204 babae
2992 5159 3158 5216 quam
3205 5158 3266 5198 ea
3322 5156 3411 5196 res
3445 5140 3580 5212 ipsis

1994 5243 2360 5299 intolerabilis
2385 5241 2606 5306 accidit,
2641 5254 2915 5310 quamque
2941 5235 3186 5310 graviter
3219 5235 3493 5297 hortatur,
3519 5245 3579 5288 ut

1994 5350 2115 5391 eam
2149 5335 2422 5406 iacturam
2456 5348 2563 5387 non
2602 5333 2866 5395 terentes,
2901 5329 3188 5384 interitum
3213 5328 3316 5383 sibi
3345 5325 3578 5380 dolendo

1995 5434 2304 5504 arcessant.
2335 5425 2456 5492 Quo
2495 5424 2552 5478 [it
2587 5431 2646 5478 ut
2679 5423 2933 5492 voluptas
2962 5421 3020 5476 in
3053 5418 3394 5476 contrarium
3424 5417 3582 5496 nobis

1996 5519 2176 5583 radat,
2205 5525 2260 5572 et
2282 5531 2380 5584 per
2406 5530 2527 5571 eam
2555 5515 2880 5584 plerumque
2907 5511 3183 5581 contingit
3209 5519 3268 5563 ut
3294 5507 3577 5563 tristitiam
3655 5526 3662 5532 ί

1996 5610 2371 5686 experiamur.
2419 5607 2564 5675 Quin
2606 5605 2768 5661 etiam
2824 5606 3004 5676 ipsum
3046 5603 3294 5658 invidere
3335 5596 3580 5653 mortalis

1995 5704 2120 5766 bus,
2156 5702 2247 5772 qui
2279 5700 2424 5756 nulla
2461 5714 2518 5754 re
2551 5715 2651 5753 nos
2683 5700 2967 5762 laeserunt,
3001 5697 3107 5752 nisi
3138 5694 3282 5765 quod
3310 5691 3576 5760 maiorem

1997 5811 2160 5862 quam
2187 5808 2285 5848 nos
2311 5791 2529 5847 deliciis
2564 5791 2752 5846 utendi
2792 5788 3110 5844 facultatem
3143 5785 3345 5840 habent
3405 5782 3451 5838 si
3485 5796 3584 5838 ve-

1997 5887 2119 5956 lint,
2153 5885 2311 5942 bonis
2335 5884 2451 5942 suis
2473 5883 2770 5954 abutendo,
2796 5880 3089 5938 manifesto
3111 5877 3269 5935 nobis
3293 5891 3361 5934 ex
3385 5872 3581 5932 eodem
