3958 6442
480 372 581 440 451

1683 371 1737 430 Μ
1746 368 2085 430 ANUELIS
2119 367 2570 430 PALAEOLOGI

3613 377 3697 439 £52

482 502 539 548 et
556 489 684 559 quid
707 487 968 559 primum,
1005 486 1134 556 quid
1161 485 1437 552 ultimum,
1461 485 1597 556 quid
1623 485 1860 541 medium
1888 484 2069 556 profe-

2173 484 2392 538 λεύεται
2432 482 2682 552 φιλικῶς.
2711 481 3062 546 Δεσποτικῶς
3103 483 3413 540 ἐπιτάττειν
3446 487 3535 543 οὐκ
3561 491 3695 545 ἐπαι-

484 597 678 639 remus
705 596 774 636 ex
810 581 878 636 iis
904 595 1025 650 quae
1050 579 1208 635 nobis
1238 579 1307 634 ab
1333 593 1396 634 ea
1422 579 1785 648 proveniunt?
1808 577 2058 646 Quonam

484 676 686 746 aliquis
717 684 898 745 pacto,
937 681 1086 727 totus
1120 673 1440 740 inlinguam
1467 682 1732 737 mutatus,
1788 681 1844 727 et
1915 679 2062 726 artes

481 769 624 838 ejus,
657 775 712 822 et
731 765 1068 830 molitiones,
1105 773 1160 819 et
1199 765 1373 830 dolos,
1411 774 1468 818 et
1496 765 1766 819 versutias
1795 777 2065 832 exposue-

486 861 599 913 rit?
633 857 808 912 Medis
834 856 1093 911 omnibus
1115 855 1316 910 infesta
1360 855 1538 910 bellua
1595 855 1831 911 sollicita
1893 853 2066 924 (Iubet

483 949 630 1003 enim
658 948 806 1001 illam
835 947 981 1000 velut
1029 947 1330 1000 animatam
1393 947 1445 1000 in
1480 947 1720 1001 medium
1767 945 2062 1015 proferre),

485 1041 790 1106 eademque
824 1039 1026 1106 quibus
1079 1053 1185 1091 ιιοιι
1237 1038 1528 1108 praestigiis
1579 1037 1797 1092 utitur!
1857 1036 2063 1092 Malitia

487 1132 724 1196 quadam
758 1142 1001 1186 extrema
1035 1132 1264 1186 inescat.
1305 1132 1390 1186 Fit
1417 1133 1677 1187 omnibus
1704 1131 1911 1192 omnia,
1944 1146 2065 1184 mo-

487 1241 577 1282 res
599 1236 655 1278 ut
680 1227 849 1281 bonos
871 1235 1104 1280 evertat.
1129 1226 1330 1296 Sponte
1350 1241 1468 1292 sua,
1487 1235 1717 1280 vocante
1747 1227 1988 1291 nemine,
2006 1240 2066 1281 se

486 1318 857 1374 consiliariam
887 1318 1046 1374 oﬂ‘ert
1069 1337 1084 1386 ;
1111 1319 1489 1387 admirataque
1515 1317 1826 1383 mollitiém,
1851 1321 2066 1388 probris

489 1410 720 1466 incessit
750 1411 935 1465 omnia
969 1426 1090 1479 quze
1122 1412 1450 1479 corporibus
1473 1419 1529 1466 et
1558 1410 1756 1464 animis
1785 1419 2064 1465 certamen

490 1503 710 1573 aliquod
737 1503 1042 1572 imponunt,
1067 1503 1196 1558 dum
1232 1518 1294 1557 ea
1339 1503 1635 1558 morbifera
1661 1512 1958 1573 nuncupat.
1977 1502 2070 1558 Ait

439 1596 637 1650 wenim
664 1595 752 1648 illa
773 1604 880 1648 tam
908 1595 1058 1648 carui
1076 1609 1238 1665 quam
1269 1594 1481 1662 spiritui
1496 1595 1746 1650 crebram
1773 1595 2067 1666 quamdam

489 1693 871 1754 tempestatem
903 1701 967 1740 ac
990 1686 1460 1754 perturbationem
1495 1688 1785 1750 suscitare,
1821 1701 2069 1757 peneque

490 1779 598 1833 vim
633 1777 902 1832 inﬁnitam
929 1777 1190 1832 ﬂuctuttm
1226 1778 1449 1843 inferre,
1482 1789 1862 1849 perpetuteque
1923 1781 2067 1836 tabis

2167 575 2444 644 σχύνεται.
2485 574 2653 628 Οὐδὲν
2679 574 2816 646 αὐτῇ
2845 573 3099 645 κώλυμα,
3123 575 3226 630 οὐκ
3245 567 3439 648 είργον,
3467 581 3524 634 οὐ
3551 599 3694 651 πρςσ.

2166 668 2481 736 ιστάμενον,
2511 667 2588 730 ὠς
2631 667 2708 734 μὴ
2760 666 2964 736 ῥαδίως
2997 669 3056 731 ἐς
3086 669 3153 721 τὰ
3183 669 3526 725 ἐναντιώτατα
3557 691 3699 741 μετα-

2164 759 2363 829 πηδᾷν.
2389 759 2505 812 Οὐκ
2527 755 2670 812 οἶδεν
2697 759 2974 829 ὲρυθριᾷν.
3001 760 3266 830 Αἰσχύνης
3289 760 3404 814 οὐδὲ
3423 763 3666 833 μέμνηται
3690 784 3701 795 ·

2163 850 2218 904 τί
2243 851 2354 920 γὰρ
2383 849 2629 922 ἀναιδείᾳ
2663 852 2803 919 πρὸς
2867 849 3136 921 αἰσχύνην
3176 854 3391 918 κοινὸνς
3455 854 3705 925 ’Δτρεμεῖν

2164 942 2264 1012 οὐχ
2303 943 2394 996 οἵα
2424 959 2485 995 τε
2517 959 2533 975 ·
2567 942 2690 996 οὐδὲ
2716 943 2826 1013 γὰρ
2859 943 3134 1013 πέφυκεν.
3175 943 3458 1014 Ἦρεμίαν,
3481 947 3705 1015 ἡσυχίαν,
3736 977 3742 988 ι

2165 1033 2435 1104 γαλήνην,
2461 1035 2516 1086 ετ
2536 1050 2590 1086 τι
2605 1033 2875 1096 τοιοῦτον,
2919 1035 3172 1104 οὐδαμῶς
3231 1035 3510 1089 ἐπίσταται
3539 1052 3553 1066 ·
3581 1037 3709 1090 οὐδὲν

2165 1127 2277 1198 γὰρ
2335 1127 2472 1190 ὅλως
2521 1128 2834 1196 μεμάθηκε.
2887 1129 3304 1200 Κροκοδείλους,
3354 1128 3578 1195 λέοντας,
3621 1135 3711 1184 πᾶν

2168 1218 2328 1287 θυμῷ
2357 1219 2759 1290 κρατούμενον,
2796 1219 2829 1289 ἢ
2870 1219 3040 1293 λύττῃ
3067 1221 3456 1290 κατεχόμενον,
3495 1223 3595 1276 πᾶν
3637 1225 3712 1276 al-

2172 1310 2426 1380 μοόόρον,
2468 1310 2620 1365 ἅπαν
2659 1311 3060 1384 κεντρότυπον,
3106 1313 3336 1376 ίοϐόλὸν,
3361 1312 3549 1366 δάκνον
3579 1314 3712 1365 ἁνία-

2167 1405 2357 1474 τα,.τῇ
2395 1402 2662 1475 θηριωδίᾳ
2709 1407 3083 1476 παρήνεγκεν.
3154 1405 3436 1460 ’Δτίθασόν
3466 1408 3596 1472 ἐστι,
3637 1407 3717 1458 καὶ

2168 1496 2468 1565 ἀνήμερον,
2495 1497 2589 1549 καὶ
2612 1497 2963 1567 καταλλαγὰς
2990 1499 3308 1552 ἀποσείεται
3330 1515 3345 1529 ο
3384 1499 3443 1552 ού
3473 1499 3575 1567 γὰρ
3599 1501 3712 1566 ἀγα-

2169 1589 2251 1659 πᾷ
2281 1567 2342 1641 τὸ
2394 1589 2508 1642 ἴσον
2539 1589 2741 1659 ἔχουσα
2771 1591 3128 1647 σπείσασθαι.
3165 1591 3315 1646 'AvO'
3339 1586 3414 1664 ὧν
3449 1591 3716 1662 βιαζομένῃ

2169 1679 2312 1734 κατά
2337 1669 2642 1734 ταυτὸκαὶ
2696 1681 3055 1750 ἐξαπατῶσα,
3094 1684 3330 1748 πολλοὺς
3376 1668 3513 1739 εἷναί
3561 1701 3607 1736 τι
3647 1683 3719 1736 δο-

2171 1772 2404 1833 κοῦντας
2436 1774 2581 1842 μέγα
2620 1775 2700 1836 είς
2750 1765 3131 1846 γενναιότηταξ
3165 1777 3283 1840 λαὶ
3337 1777 3486 1846 παρὰ
3531 1777 3719 1830 πάντων

489 1888 711 1930 causam
732 1887 874 1928 esse.
891 1873 1060 1927 Simul
1087 1875 1154 1925 ad
1177 1873 1618 1942 persuadendum
1645 1887 1770 1928 esse
1786 1874 2068 1942 aptissinm

2173 1835 2628 1934 θαυμαζομένους
2653 1835 2744 1918 ἐπ’
2761 1835 2955 1938 ἀρετῇ,
2979 1835 3321 1939 κατήνεγκεν
3350 1835 3485 1941 αὐτῇ
3516 1870 3720 1941 προσθο-

492 1971 732 2034 videtur,
773 1983 898 2021 cum
934 1982 999 2021 ex
1041 1980 1107 2021 eo
1136 1967 1300 2021 robur
1328 1967 1528 2022 habeat
1585 1967 1732 2037 quod
1783 1968 1850 2022 ad
1887 1967 2066 2022 facilia

489 2063 996 2118 factucohortetnr.
1045 2061 1351 2115 Admodum
1410 2061 1673 2116 servilem
1727 2062 1782 2115 in
1847 2057 2067 2138 moduni

487 2156 765 2222 adulatur,
792 2163 973 2208 monet
1011 2154 1208 2217 amice,
1245 2167 1353 2222 quo
1386 2153 1566 2209 minus
1625 2154 1870 2209 beriliter
1901 2155 2073 2225 impe-

489 2259 592 2314 ret,
620 2251 824 2318 pudore
851 2248 1000 2303 nullo
1031 2249 1386 2317 praepeditum
1419 2245 1564 2302 Nihil
1584 2261 1670 2302 est
1706 2248 2071 2317 impedimen-

489 2341 552 2404 ti,
573 2341 702 2395 nibil
732 2341 872 2411 quod
895 2350 1104 2402 arceat,
1125 2339 1257 2393 nihil
1287 2342 1431 2409 quod
1463 2339 1644 2395 obstet
1671 2381 1686 2406 ,
1723 2357 1833 2412 quo
1881 2342 2063 2400 minus

487 2433 560 2490 ad
600 2433 974 2488 diversissima
1021 2433 1181 2488 facile
1227 2432 1524 2488 transiliat.
1559 2433 1901 2489 Erubescere
1959 2451 2069 2491 non

488 2528 662 2586 novit.
702 2526 1044 2582 verecundia:
1079 2541 1144 2581 ne
1167 2528 1386 2596 quidem
1423 2527 1672 2580 meminit
1704 2542 1719 2581 ε
1752 2528 1882 2595 quid
1921 2529 2066 2584 enim
2103 2563 2116 2575 ς

489 2619 839 2688 impudentiae
869 2633 1158 2674 commune
1189 2633 1312 2672 cum
1350 2618 1724 2673 verecundia?
1771 2619 2070 2686 Quiescere

487 2713 704 2781 nequit,
742 2727 842 2765 nec
866 2712 1009 2765 enint
1039 2712 1145 2767 hoc
1179 2711 1300 2781 ejus
1340 2721 1536 2766 natura
1573 2712 1698 2766 fert.
1733 2712 1949 2769 Nullam
1972 2731 2072 2772 nec

489 2805 754 2873 quietem,
778 2819 878 2858 nec
908 2805 1106 2872 otium,
1134 2820 1239 2860 nec
1270 2805 1749 2873 tranquillitatem,
1790 2824 1892 2864 nec
1924 2810 2070 2866 aliud

491 2899 600 2953 tale
638 2898 886 2968 agnoscit
913 2913 929 2952 :
956 2889 1091 2952 nihil
1126 2899 1272 2954 enim
1302 2901 1533 2955 omnino
1564 2902 1776 2958 didicit.
1807 2902 2073 2960 Crocodi-

491 2988 594 3057 lus,
613 2989 816 3056 leones,
843 2991 1110 3061 quidquid
1143 2991 1237 3046 ira:
1269 3005 1375 3046 non
1415 2994 1751 3060 moderatur,
1775 2997 1856 3051 vel
1887 2996 2072 3053 furore

491 3082 768 3138 detinetur
791 3123 806 3147 ,
831 3099 1072 3151 omnem,
1105 3085 1512 3156 sanguinariam
1553 3087 1812 3154 belluam,
1851 3091 2070 3148 stimulo

2169 1956 2260 2028 λῇ,
2316 1958 2411 2011 καὶ
2444 1957 2723 2028 ἐξήλεγξε.
2775 1959 2892 2014 Κᾶν
2920 1961 2980 2014 ού
3029 1963 3388 2036 καταστρέψῃ
3442 1968 3506 2036 τῇ
3549 1964 3719 2036 πρώτῃ

2173 2053 2360 2122 πείρᾳ,
2403 2053 2499 2106 καὶ
2527 2054 2828 2128 παρασύρῃ
2871 2059 3182 2130 χειμάρρου
3235 2059 3418 2128 δίκην,
3450 2060 3563 2112 ἀλλ’
3604 2059 3721 2128 αὐτὴ

2171 2146 2267 2198 καὶ
2290 2146 2598 2216 καρτερίαν
2652 2148 2864 2218 πολλὴν
2907 2150 3273 2221 ἐνδείκνυται,
3312 2155 3410 2208 καὶ
3439 2154 3515 2225 τῷ
3568 2156 3723 2207 πονεῖν

2171 2236 2314 2304 ἄγαν
2353 2238 2644 2307 τέρπεται.
2675 2241 2788 2294 Καὶ
2818 2241 2957 2304 ὅλως
2979 2259 3044 2312 γε
3075 2244 3228 2299 δοκεῖ
3251 2263 3335 2310 τις
3367 2241 3503 2300 εἶναι
3535 2249 3724 2316 ἀκάμα-

2173 2347 2268 2393 τος
2302 2333 2386 2395 είς
2425 2331 2496 2384 τὰ
2532 2332 2662 2386 καθ’
2693 2334 2880 2404 ἡμῶν.
2924 2337 3001 2390 Τὸ
3030 2338 3142 2408 γὰρ
3175 2339 3242 2410 δὴ
3285 2341 3496 2412 σφόδρα
3544 2342 3726 2396 ἐθέλειν

2171 2425 2234 2478 ού
2259 2424 2448 2487 δίδωσι
2482 2425 2597 2478 τῶν
2631 2428 2815 2482 πόνων
2850 2428 3234 2488 αἰσθάνεσθαι.
3295 2435 3470 2503 Μόγις
3500 2452 3598 2488 που
3649 2436 3728 2489 καὶ

2173 2515 2262 2569 διὰ
2300 2516 2497 2588 χρόνου
2537 2521 2655 2582 τοῖς
2682 2523 3093 2588 γενναιοτάτοις
3119 2524 3232 2578 τῶν
3260 2527 3511 2597 ἀθλητῶν
3538 2528 3729 2582 ὑπενδε-

2171 2609 2362 2692 δωσιν.
2399 2610 2646 2682 Ἐώρακέ
2680 2631 2765 2676 τις
2792 2616 2966 2689 αὐτὴν
2993 2621 3291 2688 πρωτείων
3324 2623 3554 2688 πύκταις
3581 2640 3731 2694 παρτο

2171 2687 2530 2772 χωρήσασαν,
2575 2705 2817 2770 πύκταις
2854 2687 3114 2774 ἐκείνοις,
3145 2706 3232 2776 οἷς
3285 2713 3509 2784 ίδρῶτές
3540 2687 3610 2768 τε
3652 2687 3730 2768 Qut

2173 2795 2326 2849 πόνοι
2365 2799 2499 2868 παρ’
2552 2797 2709 2852 οὐδὲν
2759 2800 3075 2869 νομίζονται
3133 2803 3624 2878 διηγωνισμένοις·
3678 2805 3728 2858 οὔ

2171 2887 2253 2958 τῷ
2281 2888 2491 2961 ταύτην
2519 2891 2842 2962 αίδεσθῆναι
2877 2893 2979 2966 τὴν
3019 2895 3250 2968 ἀνδρίαν
3281 2883 3391 2953 τῶν
3457 2900 3732 2972 κρατησάν-

2170 3000 2282 3037 των
2312 2982 2414 3054 (τί
2455 2987 2562 3054 γὰρ
2595 2983 2660 3055 δὴ
2709 2987 2891 3040 κοινὸν
2950 2987 3094 3042 αἰδοῖ
3150 2995 3295 3063 πρὸς
3348 2993 3732 3066 ἀπηρυθριακὸς

2172 3095 2227 3131 τι
2281 3078 2379 3132 κα)⁵
2425 3078 2823 3150 ἀναίσχυντονς
2884 3082 2929 3152 ),
2972 3083 3051 3154 τῷ
3093 3083 3150 3138 δὲ
3214 3092 3527 3159 παρασχεῖν
3571 3089 3734 3160 καιρὸν

493 3185 844 3243 pungentem,
881 3181 1230 3242 venenosam,
1255 3177 1543 3234 insanabili
1565 3195 1754 3236 morsu
1787 3181 2070 3240 lzedentem

2177 3170 2364 3234 αὐτοῖς
2388 3171 2689 3260 ῥᾳθυμίας,
2713 3174 2844 3228 ὅσον
2893 3176 3274 3249 ἀμελέστερον
3309 3184 3380 3237 τὰ
3408 3184 3528 3238 κατ’
3564 3181 3734 3242 αὐτοὺς

493 3265 710 3320 feritate
734 3274 977 3334 superat.
1007 3265 1116 3321 Nec
1149 3267 1524 3333 mansuefieri,
1560 3284 1660 3324 nec
1702 3270 1936 3327 cicurari
1969 3289 2072 3345 po-

494 3365 622 3420 test,
656 3364 712 3412 et
741 3357 1216 3413 reconciliationa
1247 3368 1554 3414 aversatur.
1589 3360 1707 3416 Non
1748 3365 1894 3420 enim
1926 3366 2075 3435 paci-

491 3449 573 3503 sci
602 3447 1004 3502 conditionibus
1035 3449 1206 3518 aequis
1236 3459 1405 3506 amat.
1457 3449 1798 3522 Quapropter
1845 3448 1973 3509 dut'n
2003 3456 2076 3510 si-

495 3542 605 3594 mul
645 3550 697 3595 et
724 3541 773 3594 vi
809 3549 863 3594 et
894 3539 1181 3594 fraudibus
1246 3541 1442 3607 utitur,
1517 3542 1716 3597 multos
1739 3543 1848 3613 qui
1891 3544 2071 3614 magni

491 3648 614 3689 esse
648 3643 868 3701 propter
897 3631 1062 3686 animi
1123 3633 1546 3703 generositatem
1592 3634 1866 3702 videntur,
1893 3645 1946 3690 et
2002 3638 2073 3692 ob

495 3726 751 3778 virtutem
775 3724 1028 3778 omnibus
1062 3724 1411 3779 admirationi
1439 3734 1594 3790 sunt,
1644 3727 1847 3796 impetu
1895 3726 2074 3796 primo

492 3817 630 3886 deiet
651 3820 691 3871 it
722 3832 786 3870 ac
814 3817 964 3870 vicit.
987 3816 1138 3884 Quod
1169 3816 1215 3871 si
1249 3832 1352 3871 non
1372 3820 1636 3874 everterit
1665 3829 1866 3877 conatu
1898 3821 2074 3890 primo

492 3913 669 3964 neein
703 3925 904 3964 morem
940 3911 1200 3964 torrentis
1261 3911 1587 3979 abripuerit,
1653 3927 1905 3984 magnam
1957 3916 2072 3984 ipsa

493 4000 840 4055 tolerantiam
875 4009 1118 4069 praestat,
1163 4009 1219 4057 et
1271 4001 1537 4072 singulari
1597 4003 1894 4075 diligentiae
1948 4007 2070 4062 nisu

495 4092 792 4162 gfnrimum
843 4092 1182 4160 delectatur;
1230 4096 1475 4168 adeoque
1506 4097 1558 4150 in
1593 4097 1662 4152 iis
1708 4113 1830 4167 qua:
1879 4111 2071 4155 contra

496 4200 596 4240 nos
633 4184 873 4238 molitur.
922 4183 1252 4239 indefessam
1287 4201 1346 4242 se
1402 4203 1597 4256 gerere
1645 4189 1882 4247 videtur.
1933 4192 2070 4247 Nam

495 4278 669 4341 ipsum
707 4274 838 4328 illud
873 4277 1220 4331 vehementer
1255 4279 1394 4333 velle
1419 4295 1527 4335 non
1579 4283 1869 4351 permittit,
1927 4285 2070 4342 ullos

495 4367 574 4419 nti
608 4366 823 4420 labores
859 4367 1077 4422 sentiat.
1101 4369 1199 4423 Vix
1261 4371 1505 4436 tandem,
1553 4382 1610 4428 et
1662 4375 1850 4444 elapso
1900 4379 2089 4449 multo.

496 4471 761 4528 tempore.
799 4457 1120 4514 fortissimis
1143 4461 1366 4518 athletis
1398 4465 1562 4520 cedit.
1597 4465 1744 4522 Vidit
1775 4469 2070 4538 aliquando

2174 3263 2444 3319 διαθεῖναι
2498 3269 2945 3338 παρασκευάσαι,
2977 3271 3074 3326 an
3124 3274 3191 3345 δὴ
3254 3279 3367 3332 τῶν
3403 3279 3734 3352 ἐνοχλούντων

2173 3358 2584 3428 ἠφανισμένων.
2630 3361 2797 3416 Ὅθεν
2854 3366 3020 3420 ταυτὶ
3073 3366 3551 3445 διαπραττομένη,
3587 3370 3733 3426 ἔπειτ’

2175 3451 2235 3516 ἐξ
2269 3453 2511 3521 ἀφανοῦς
2557 3455 2938 3524 εἰσϐάλλουσα,
2970 3461 3102 3532 ῥᾷον
3147 3464 3307 3521 ἀνύει
3338 3468 3410 3521 τὰ
3440 3469 3576 3521 κατὰ
3611 3467 3736 3519 νοῦν.

2173 3545 2349 3617 Δῆλον
2376 3547 2433 3600 δὲ
2463 3549 2574 3603 ἀπὸ
2605 3550 2709 3621 τῆς
2744 3553 2962 3624 πείρας.
2996 3556 3153 3610 Μετὰ
3198 3564 3314 3632 γὰρ
3342 3562 3443 3631 τὴν
3473 3562 3737 3630 ἀναγωχὴν

2173 3640 2270 3693 τοῦ
2295 3641 2538 3712 πολέμου
2565 3646 2584 3713 (
2613 3643 2914 3716 ἀνθέξομαι
2943 3646 3002 3700 δὲ
3041 3649 3141 3722 τῆς
3166 3653 3386 3720 είκόνος
3426 3656 3508 3709 ἔτι
3532 3656 3572 3727 ),
3599 3655 3736 3719 δόξαν

2174 3731 2437 3803 εύκαιρον
2487 3735 2820 3804 προσϐαλεῖν
2867 3739 2962 3794 καὶ
3010 3742 3521 3815 ἀποπειράσασθαι.
3567 3747 3739 3817 ἀπριιὸ·

2179 3843 2334 3890 πτως
2365 3828 2530 3892 εὐθὺς
2569 3829 2866 3898 ἐφίσταται
2891 3849 2906 3863 ο
2943 3835 3036 3887 καὶ
3071 3838 3487 3897 ὲπεισπεσοῦσα
3516 3843 3740 3914 δριμύτε-

2175 3923 2268 3992 ρόν
2293 3940 2412 3987 πως
2445 3925 2540 3977 καὶ
2569 3927 2971 3999 μανικώτερον,
2994 3931 3055 3984 τό
3103 3949 3166 3998 γε
3221 3939 3306 4000 είς
3343 3940 3559 4009 ἐκείνην
3604 3933 3739 4006 ἧκον.

2174 4013 2336 4067 πάντ’
2351 4013 2648 4084 ἐργάζεται
2680 4017 2750 4072 τὰ
2797 4019 2948 4073 δεινά
2972 4037 2989 4053 ο
3024 4023 3207 4096 ἐκείνη
3265 4027 3400 4099 γὰρ,
3436 4031 3513 4095 ὠς
3565 4031 3739 4084 ἔοικεν.

2170 4106 2235 4160 ού
2261 4107 2472 4161 δέδοικε
2500 4109 2631 4173 τοὺς
2681 4110 2948 4176 πολλάκις
2996 4114 3168 4185 αὐτῆς
3199 4123 3609 4192 κρατήσαντας.
3646 4123 3741 4173 Οὐκ

2172 4197 2570 4268 ὀρῤωδεῖτοὺς
2611 4206 2990 4272 νενικηκότας,
3053 4207 3116 4261 ού
3170 4211 3303 4276 τοὺς
3365 4215 3589 4285 μακράν
3640 4228 3744 4266 τινα

2172 4291 2331 4361 δίκην
2360 4291 2566 4363 ταύτην
2600 4295 3010 4366 εἰσπράξαντας
3041 4301 3142 4371 τῆς
3201 4305 3288 4370 είς
3344 4309 3593 4370 ἐκείνους
3629 4304 3746 4358 ταύ-

2173 4398 2273 4450 της
2311 4383 2517 4452 μανίας
2538 4400 2558 4467 "
2584 4386 2723 4440 ἀλλά
2765 4389 2819 4443 τὸ
2853 4391 3080 4446 πεπτειν
3113 4399 3364 4468 συνεχῶς
3419 4402 3638 4456 παιδιὰν
3667 4399 3745 4450 λο-

2175 4473 2468 4546 γιζομένη,
2518 4475 2657 4548 ὀρθὴ
2706 4481 2923 4550 ταχέως
2963 4484 3363 4562 εύρισκομένη,
3421 4495 3534 4556 τοῖς
3584 4492 3746 4550 αὐτοῖς

493 4551 618 4621 quis
643 4567 764 4605 eam
800 4551 1005 4621 primas
1026 4555 1372 4610 concessisse
1411 4556 1708 4626 pugilibus,
1739 4534 1919 4614 etillis
1951 4560 2071 4630 qui-

2182 4534 2279 4620 καὶ
2305 4534 2476 4623 πάλιν
2528 4534 2821 4644 ἐπιέειρεί
2868 4534 3061 4650 ώσπερ
3129 4534 3401 4655 μηιδαμὲις
3457 4534 3744 4659 ἡττηθεῖσαῖ

495 4647 616 4697 dem
649 4645 919 4714 pugilibus
951 4647 1044 4714 qui
1069 4648 1301 4703 sudores
1336 4658 1389 4701 et
1413 4647 1630 4720 labores
1666 4652 1718 4704 in
1759 4654 2078 4708 certamini-

495 4737 596 4790 bus
627 4747 910 4804 susceptos
936 4737 1093 4791 nihili
1117 4741 1420 4807 penderent
1453 4759 1468 4795 :
1507 4757 1612 4796 non
1645 4745 1784 4812 quod
1819 4745 1934 4816 ipsa
1967 4747 2078 4802 for-

499 4828 785 4882 titudinem
855 4831 1084 4884 victoria
1130 4832 1428 4900 potiturum
1486 4840 1790 4892 reverentia
1837 4842 2074 4910 quadam

500 4932 931 4989 prosequeretur
961 4921 1111 4990 (quid
1147 4923 1291 4976 enim
1337 4938 1626 4982 commune
1694 4932 1887 4998 pudori
1950 4947 2073 4986 cum

497 5027 566 5066 eo
593 5015 733 5082 quod
763 5015 979 5067 ruboris
1000 5022 1055 5068 et
1087 5013 1311 5083 pudoris
1334 5030 1530 5086 expers
1560 5031 1642 5074 est
1667 5021 1733 5094 ἲ),
1771 5026 1864 5080 sed
1896 5037 1954 5080 ut
1993 5027 2074 5081 eis

475 5111 839 5160 occasionem
861 5097 1105 5178 ignaviae
1150 5112 1440 5179 prasberelg
1480 5116 1545 5167 ad
1601 5117 1934 5173 reddendum
1984 5137 2077 5175 nc-

499 5197 854 5264 gtigentiores
887 5200 939 5251 iu
973 5201 1372 5257 constituendis
1414 5204 1576 5259 rebus
1609 5209 1748 5266 suis,
1785 5210 2071 5278 quasijam

499 5287 601 5339 illa-
627 5287 774 5355 prius
805 5289 1045 5344 molesta:
1073 5308 1158 5346 res
1189 5303 1370 5348 essent
1391 5311 1420 5350 e
1451 5298 1630 5351 medio
1655 5301 1901 5358 sublata}.
1936 5306 2070 5370 Qui-

499 5381 597 5432 bus
628 5383 697 5432 ita
727 5383 986 5448 peractis,
1022 5383 1142 5440 ιιιοι
1179 5389 1244 5440 de
1279 5389 1572 5457 improviso
1606 5394 1845 5460 irruens,
1873 5400 2073 5454 tuentis

497 5485 609 5524 sua:
639 5474 876 5540 cogitata
911 5474 1126 5530 faetlius
1149 5481 1378 5546 perlicit.
1401 5482 1456 5533 id
1484 5497 1546 5534 ex
1579 5484 1692 5549 ipsa
1719 5486 2070 5542 manifestum

493 5573 581 5616 est
607 5565 941 5633 experientia
975 5584 988 5619 :
1015 5569 1213 5638 quippe
1249 5584 1369 5640 post
1402 5573 1518 5628 Illas
1550 5577 1798 5632 inducias
1826 5579 1948 5632 belli
1987 5584 2076 5652 {li—

497 5654 590 5708 bet
611 5667 788 5711 autem
812 5659 1220 5728 imaginisetnel
1263 5665 1528 5721 instituta:
1563 5669 1745 5724 adhuc
1784 5671 2072 5740 inhit-rere,

496 5748 542 5800 si
570 5748 742 5802 visum
773 5751 823 5804 ei
851 5752 923 5804 sit
951 5764 1317 5822 opportunum
1343 5774 1466 5814 esse
1507 5769 1722 5831 tempus
1759 5767 1824 5818 ad
1859 5767 2074 5819 faciun-

494 5837 625 5893 dum
665 5840 1170 5918 impetumrcmquc
1230 5853 1568 5921 tentandum,
1597 5855 1780 5912 statim
1839 5874 1902 5914 ex
1969 5861 2073 5916 im-

2183 4661 2295 4714 Καὶ
2320 4661 2577 4734 καθάπερ
2605 4666 2700 4719 ἐπὶ
2728 4667 2836 4720 τῶν
2867 4669 3201 4741 ἀθυρμάτων
3227 4676 3277 4728 οί
3307 4678 3522 4744 παῖδες,
3554 4680 3600 4730 εί
3635 4676 3747 4728 ώθι-

2185 4752 2310 4822 σμῷ
2336 4755 2445 4807 τῶν
2480 4757 2900 4829 συναθυρόντων
2923 4765 3352 4837 καταϐληθεῖεν,
3402 4772 3542 4838 πρὸς
3589 4771 3749 4835 πάλην

2181 4841 2342 4910 αὖθις
2370 4849 2717 4916 ἀνίστανται,
2749 4855 2840 4906 καὶ
2870 4855 3106 4928 ἑτοίμως
3157 4860 3347 4931 ἔχουσι
3381 4864 3748 4932 συμπλακῆναι

2182 4942 2295 5004 τοῖς
2321 4945 2719 5012 κατενεγκούσι
2747 4948 3010 5016 πολλάκις
3036 4968 3053 4985 ο
3081 4935 3174 5006 καί
3196 4955 3293 5025 ἥδε
3325 4957 3484 5010 οὐδὲν
3517 4955 3748 5026 κορέννν-

2181 5048 2274 5085 ται
2337 5034 2824 5110 καταϐεϐλημένη,
2886 5041 3006 5094 ἀλλ’
3058 5045 3167 5098 αἰεὶ
3225 5051 3352 5112 ταῖς
3423 5047 3747 5118 συμπλοκαῖς

2182 5126 2550 5194 ὲπαγάλλεται
2627 5131 2739 5184 τῶν
2790 5137 3034 5204 συνεχῶς
3099 5141 3610 5196 καταπαλαιόντων.
3672 5138 3747 5198 Ὠς

2179 5218 2376 5286 ὀφελόν
2411 5237 2474 5287 γε
2496 5223 2593 5273 καὶ
2617 5223 2777 5292 ἡμεῖς
2815 5227 2908 5279 τὸν
2937 5229 3051 5282 ἴσον
3105 5233 3306 5301 τρόπον
3355 5235 3596 5304 ἠνύομεν
3636 5248 3747 5291 τους

2182 5311 2322 5378 πρὸς
2345 5312 2565 5383 ἐκείνην
2598 5315 2843 5382 ἀγῶνας.
2902 5319 3060 5374 Οὕτω
3111 5325 3222 5395 γὰρ
3277 5326 3575 5390 φιλονεικεῖ
3629 5324 3748 5391 πρὸς

2181 5403 2249 5454 τὰ
2269 5403 2596 5476 καθ’ήμῶν,
2629 5409 2704 5471 ὡς
2762 5410 2899 5479 μηδὲ
2952 5413 3150 5483 βιωτὸν
3206 5419 3482 5487 ἡγεῖσθαι,
3542 5416 3632 5468 ἐὰν
3683 5412 3748 5480 μὴ

2182 5493 2278 5563 ὲξῇ
2336 5497 2430 5549 καὶ
2487 5500 2612 5562 τοὺς
2665 5505 2954 5572 κρείττους
3004 5509 3160 5574 ἄγειν
3203 5510 3526 5578 περιφανῶς
3575 5506 3748 5569 ὥσπερ

2179 5589 2514 5670 ἀνδράποδα.
2551 5593 2669 5646 Κᾶν
2702 5596 2916 5669 ὑπενδῷ
2942 5617 3026 5662 τις
3051 5601 3250 5673 μικρὸν
3307 5603 3448 5668 πρὸς
3477 5601 3572 5660 τὰς
3615 5596 3750 5648 ἐκεὶ-
3853 5629 3856 5632 ~

2181 5699 2280 5752 νης
2313 5684 2516 5753 ὁρμὰς,
2546 5685 2579 5756 ῆ
2613 5685 2802 5741 νεῦσαι
2830 5706 2882 5744 τι
2919 5691 3054 5762 πρὸς
3086 5693 3435 5759 καταλλαγὰς
3463 5691 3608 5762 δόξῃ,
3633 5703 3748 5739 cou-

2181 5773 2233 5825 τὶ
2263 5775 2320 5825 τὸ
2358 5776 2558 5844 μικρὸν
2591 5776 2912 5848 ἁρπάσασα,
2948 5781 3011 5834 τὸ
3040 5785 3151 5836 πᾶν
3184 5783 3347 5841 εὐθὺς
3402 5777 3746 5850 ὀνειροπολεῖν

2184 5866 2278 5922 καὶ
2305 5869 2510 5940 μελετᾷ
2549 5888 2672 5926 τινα
2711 5873 2865 5928 δόλον
2898 5875 3035 5948 πρὸς
3087 5876 3186 5950 τὴν
3227 5873 3350 5932 ’τῶν
3404 5869 3747 5946 ὴμελτικάτων
