3958 6428
241 383 329 448 £53

1647 382 1940 445 ORATIO
1967 385 2066 446 1V.

3400 385 3510 455 451:.

243 496 570 568 καθαίρεσιν,
603 494 699 548 καὶ
724 493 834 547 τῶν
863 494 924 546 ὲν
954 492 1208 555 σπονδαῖς
1268 490 1578 560 γεγονότων
1612 492 1821 563 κρατῆ-

1928 495 2149 562 proviso
2173 495 2416 560 advenit,
2452 505 2508 552 et
2562 497 2744 553 acrius
2774 512 2841 555 ac
2906 497 3163 554 furiosius
3225 498 3504 564 irruendo,

242 607 320 644 σαι
354 587 525 642 θέλει.
557 587 669 641 Καὶ
703 586 835 656 περὶ
861 585 958 638 τοῦ
987 585 1130 651 πῶς,
1157 586 1188 639 δ
1215 583 1376 653 λόγος
1405 584 1542 654 αὑτῇ
1578 581 1811 656 βραχύς.

243 682 395 736 Ὅθεν
432 681 612 734 πάντα
632 679 699 750 δὴ
727 679 932 744 κάλων,
961 678 1180 733 ἅπαντα
1226 676 1378 730 λίθον
1412 693 1426 708 ο
1469 679 1567 731 καὶ
1628 677 1818 732 τοιαύ-

239 790 329 845 την
354 772 574 828 ἃπασαν
600 771 908 842 παροιμίαν
939 772 1086 827 είποι
1131 787 1220 835 τις
1253 770 1320 824 ἂν
1371 766 1527 840 οἶμαι
1585 771 1816 836 δικαίως

241 869 355 938 περῖ
383 865 493 920 τῶν
531 865 752 936 ἐκείνης
808 864 1248 936 μηχανημάτων.
1317 864 1642 933 Παρήνεγκε
1703 864 1816 935 γὰρ

241 959 490 1030 ἀτεχνῶς,
525 959 650 1013 ὅτου
685 958 752 1014 ἄν
774 973 860 1022 τις
891 956 1006 1029 ἔχοι
1063 956 1377 1029 μνησθῆναι
1406 955 1719 1028 δυστρόπου
1751 973 1814 1010 τε

241 1054 326 1106 καὶ
360 1053 674 1122 εὐμηχάνου
719 1051 856 1122 πρὸς
887 1051 1250 1122 κακουργίαν.
1322 1049 1667 1120 Ἀκήρυκτον
1716 1048 1816 1118 μὲν

241 1149 361 1214 ἡμῖν
389 1145 582 1212 ἐπάγει
605 1143 697 1196 τὸν
725 1143 990 1212 πόλεμον,
1023 1141 1235 1212 τρῶσαι
1259 1141 1565 1212 βουλομένη
1588 1141 1696 1211 πρὸ
1719 1141 1813 1195 τοῦ

244 1236 468 1307 φανῆναι
501 1252 518 1268 ·
549 1235 929 1305 νυκτομαχίαν
970 1234 1030 1289 δὲ
1065 1234 1232 1302 φιλεῖ,
1269 1233 1345 1298 ῶς
1373 1235 1811 1304 καταδαρθάνουέ

244 1347 321 1384 σιν
347 1329 662 1397 ιπιστῆναι,
683 1327 759 1392 ῶς
784 1328 998 1398 ’φθάσαι
1033 1327 1128 1381 τὸν
1163 1327 1430 1398 πολέμιον
1463 1329 1568 1398 πρὸ
1593 1327 1688 1381 τοῦ
1717 1345 1818 1397 γυ-

242 1419 446 1490 μνῶσαι
480 1419 542 1472 τὸ
572 1417 748 1486 ξίφος.
778 1418 908 1481 Πῶς
944 1419 1054 1490 γὰρ
1093 1418 1162 1473 ἂν
1185 1419 1404 1488 ἐκείνην
1425 1419 1662 1482 διέλαθε,
1717 1420 1817 1474 πό-

239 1532 332 1568 σου
369 1515 534 1584 τιμᾷν
558 1512 710 1580 ἀξιον
729 1513 790 1567 τδ
829 1513 1166 1569 καταλαϐεῖν
1194 1513 1480 1584 αἰφνιδίως
1512 1531 1528 1581 ;
1566 1513 1677 1568 Καὶ
1703 1514 1815 1586 γάρ

239 1609 347 1661 ὲστι
365 1607 526 1661 τοῦτο
550 1606 724 1660 δεινὸν
753 1606 849 1661 καὶ
881 1607 1286 1676 γενναιοτάτων
1313 1606 1498 1676 ψυχάς
1527 1606 1811 1668 κλονῆσαι.

239 1697 412 1775 Κάνῇ
449 1718 502 1754 τι
531 1699 734 1768 κοῦφον
750 1700 813 1754 τὺ
845 1701 1189 1772 προσπεσὸν,
1223 1700 1429 1771 μᾶλλον
1467 1699 1534 1754 ἂν
1571 1701 1813 1772 ίσχύσειε

237 1795 467 1867 θροῆσαι
488 1792 584 1848 καὶ
611 1795 740 1857 τοὺς
776 1795 878 1847 οὐκ
909 1793 978 1847 ἂν
1023 1792 1228 1864 ῥᾳδίως
1257 1793 1422 1846 τοῦτο
1451 1793 1728 1856 παθόντας
1778 1792 1814 1864 η

237 1904 286 1940 τι
309 1886 712 1957 γινωσκόμενον
742 1887 871 1948 ττὺς
899 1885 1347 1956 ἀγεννεστέρους.
1395 1885 1469 1939 Τὸ
1521 1886 1633 1956 γὰρ
1665 1885 1816 1957 παρὰ

237 1978 562 2050 προσδοκίαν
598 1978 798 2048 μικρδν
823 1978 1343 2051 ἐκπληκτικὼτερον
1369 1979 1611 2049 μεγάλου
1643 1997 1816 2050 προσ-

236 2072 565 2143 δοκωμένου.
619 2072 752 2145 Ἐρᾷ
780 2072 875 2126 τοῦ
926 2074 1177 2140 σκότους,
1215 2075 1414 2138 νυκτὸς
1465 2074 1643 2144 αὐτῆς
1685 2075 1815 2128 ἀσε-

237 2148 418 2236 λήνου.
474 2163 709 2236 Ὀμῐχλῃ
742 2165 926 2235 χαίρει
959 2167 1184 2238 παχείᾳ,
1216 2166 1451 2237 ἀόρατον
1500 2166 1727 2238 όράσεσι
1754 2165 1836 2230 τδ,

236 2256 427 2328 ὁρατόν
443 2271 508 2324 γε
539 2257 795 2327 ποιοΰσῃ.
833 2257 1086 2321 Συνόδοις
1121 2253 1280 2327 οἶμαι
1318 2257 1529 2327 ταύτην
1580 2256 1818 2326 ἀγάλλε-

241 2349 358 2424 σθαι
393 2349 626 2403 τουτωνὶ
655 2348 762 2403 τῶν
794 2349 1206 2420 λαμπροτάτων
1239 2351 1509 2421 ἀστέρων,
1533 2351 1610 2413 ῶς
1637 2349 1814 2422 ταύτῃ

245 2458 302 2510 γε
327 2441 424 2494 τοῦ
456 2441 712 2516 σώματος
744 2440 844 2510 τῆς
902 2441 1164 2512 σελήνης,
1206 2442 1318 2496 τῶν
1366 2442 1664 2514 ὀφθαλμῶν
1721 2444 1817 2498 καλ⁸

233 2536 325 2590 τοῦ
349 2534 499 2607 ἡλίου
529 2534 986 2604 μεσολαὸοὖντος,
1031 2533 1108 2606 μὴ
1145 2534 1412 2590 δύνασθαι
1444 2537 1506 2590 τὸ
1555 2537 1692 2591 ἴδιον
1714 2537 1817 2601 τὰς

232 2630 460 2692 ἀκτῖνας
489 2628 807 2701 πρὺςίημᾶς
858 2630 1220 2700 ἐργάζεσθαι.
1275 2631 1622 2703 Συλλήόδην,
1675 2635 1815 2706 ὅπερ

231 2721 409 2775 αῐτιον
439 2721 532 2775 τοῦ
561 2720 866 2788 λεληθότως
894 2721 1159 2776 δύνασθαι
1191 2723 1398 2795 βλάϐην
1428 2726 1561 2797 ἡμῖν
1583 2726 1819 2796 ὲμποιῆο

231 2832 326 2868 σαι
365 2814 465 2900 τῂν
497 2815 712 2885 ἡδονὴν,
747 2814 903 2884 φίλον
945 2816 1106 2887 αὐτῇ.
1145 2815 1352 2881 Είωθδς
1385 2817 1496 2889 γὰρ
1527 2817 1670 2886 μάλα
1724 2819 1818 2872 καὶ

229 2904 540 2977 σύντροφον
561 2907 784 2976 ἀφεῖναι
812 2906 912 2977 μὲν
934 2906 1117 2977 λάθρα
1156 2907 1334 2978 βέλος,
1363 2911 1586 2977 ἀφεῖναι
1617 2910 1674 2963 δὲ
1708 2911 1819 2964 πᾶν

227 2999 294 3050 τὸ
333 2997 538 3068 πλῆξον
559 3011 575 3029 ⁸
599 2999 817 3067 ἀφεῖναι
851 2998 931 3063 δὲ,
963 2999 1228 3054 ὃδίδωσιν
1257 3001 1506 3064 ἐλπίζειν
1537 3001 1683 3071 μάλα
1724 3002 1818 3055 δυ-

231 3091 502 3164 νήσεσθαι
533 3091 765 3162 ’καιρίαν
785 3091 1002 3163 τρῶσαι
1030 3092 1272 3164 πληγήν.
1309 3095 1419 3147 Καὶ
1463 3095 1603 3158 ὅλως
1657 3095 1816 3152 πάντ’

1920 589 2064 654 quod
2098 586 2271 654 ipsnm
2299 588 2515 654 attinet,
2540 590 2721 645 omnia
2743 592 2857 644 dira
2889 600 3187 660 perpetrat.
3209 592 3326 647 Non
3359 593 3504 649 enim

1921 677 2010 732 illa
2043 680 2240 734 metuit
2275 695 2392 746 eos,
2422 682 2497 735 uti
2527 680 2748 751 quidem
2768 682 3007 746 videtur,
3043 686 3134 750 qui
3159 684 3356 751 szepius
3382 699 3503 738 eam

1918 780 2269 839 superarunt.
2299 769 2416 826 Non
2453 772 2691 828 victores
2740 773 3087 839 reformidat,
3115 791 3218 827 non
3250 789 3346 828 eos
3407 774 3504 842 qui

1918 859 1987 916 de
2016 861 2130 930 ipsa
2155 862 2479 917 diuturnum
2510 879 2796 933 sumpsere
2827 865 3152 934 supplicium
3187 865 3391 920 furoris
3444 865 3501 920 in

1917 968 1977 1008 se
2008 955 2160 1024 prius
2187 957 2437 1022 exerciti,
2469 960 2567 1014 sed
2589 959 2765 1028 ipsum
2786 958 2921 1012 illud
2957 957 3219 1012 continuo
3243 974 3500 1013 succum-

1918 1043 2047 1098 bere
2078 1061 2176 1116 pro
2215 1045 2342 1102 ludo
2371 1049 2596 1113 ducens,
2628 1051 2818 1110 statim
2849 1057 3032 1105 erecta
3059 1065 3250 1104 rursus
3279 1053 3497 1105 eosdem

1919 1139 2193 1207 adoritur,
2243 1143 2399 1211 quasi
2429 1143 2474 1197 si
2510 1158 2854 1213 nequaquam
2885 1144 3022 1198 victa
3054 1145 3266 1198 fuisset.
3295 1146 3370 1197 Ac
3405 1162 3503 1198 ve-

1917 1233 2001 1288 lut
2027 1234 2078 1287 in
2111 1232 2346 1290 ludicris
2368 1236 2551 1306 pueri,
2578 1236 2624 1291 si
2681 1215 3069 1292 colludentium
3113 1238 3344 1306 impulsu
3375 1241 3502 1306 pro-

1917 1334 2234 1382 sternamur
2264 1325 2438 1392 bumi,
2472 1343 2667 1385 rursus
2699 1330 2768 1384 ad
2797 1329 2997 1384 luctam
3053 1339 3371 1400 resurgunt,
3403 1344 3502 1398 pa-

1918 1418 2138 1488 ratique
2175 1430 2442 1476 suntcum
2474 1421 2545 1477 iis
2579 1437 2796 1478 manum
2833 1437 3144 1489 conserere,
3178 1424 3268 1494 qui
3299 1424 3502 1495 sarpius

1917 1521 2014 1562 eos
2046 1522 2265 1578 quoque
2295 1519 2643 1578 prostrarunt
2676 1530 2690 1566 :
2729 1514 2814 1569 sic
2869 1522 2924 1569 et
2945 1514 3047 1567 ista
3085 1513 3315 1569 minime
3367 1529 3500 1581 pro-
3535 1497 3557 1520 ⁸

1921 1609 2096 1656 strata
2125 1603 2386 1670 satiatur,
2419 1603 2512 1658 sed
2572 1619 2762 1658 eorum
2824 1605 3205 1678 congressibus
3241 1607 3332 1678 qui
3379 1622 3502 1661 eam

1919 1695 2173 1750 continua
2226 1695 2610 1752 colluctatione
2663 1707 2948 1765 superant,
3001 1713 3223 1767 semper
3255 1697 3503 1751 oblecta-

1921 1797 2034 1846 tur.
2079 1785 2300 1842 Utinam
2364 1789 2585 1858 quidem
2636 1805 2737 1844 nos
2785 1785 2999 1860 q'ueque
3040 1791 3385 1847 consimilem
3447 1791 3501 1845 in

1923 1881 2147 1938 modum
2183 1883 2454 1938 adversus
2479 1883 2653 1952 ipsum
2673 1892 2928 1952 suscepta
2991 1884 3292 1938 certamina
3341 1885 3506 1954 perli-

1918 1987 2190 2029 ceremus.
2223 1973 2358 2028 Nam
2387 1989 2450 2027 ea
2484 1975 2844 2029 contentione
2892 1984 3083 2030 contra
3155 1991 3254 2031 nos
3309 1979 3505 2045 utitur,

1919 2074 1979 2119 ut.
2003 2080 2069 2120 ne
2090 2065 2377 2120 vivendum
2413 2066 2643 2137 quidem
2679 2073 2905 2132 statuat,
2933 2069 2977 2122 si
3017 2083 3120 2123 non
3157 2069 3324 2124 etiam
3363 2085 3505 2139 prae-

1917 2158 2214 2214 stantiores
2237 2158 2359 2214 aliis
2383 2161 2780 2229 mancipiorum
2809 2161 2861 2215 in
2897 2175 3106 2216 morem
3161 2163 3378 2217 trahere
3404 2176 3505 2231 pa-

1917 2251 2022 2307 lam
2053 2252 2243 2320 possit.
2281 2251 2435 2320 Quod
2463 2253 2506 2308 si
2538 2254 2660 2324 quis
2714 2255 2782 2308 ad
2820 2255 2938 2322 ejus
2968 2255 3211 2310 assultus
3259 2254 3344 2310 vel
3370 2271 3508 2325 pau-

1917 2341 2027 2398 lum
2054 2344 2305 2409 cesserit,
2337 2352 2432 2398 aut
2460 2345 2710 2399 nonnihil
2745 2345 2992 2401 adnuere
3016 2347 3166 2402 visus
3203 2347 3273 2401 sit
3317 2347 3509 2415 pacili-

1918 2438 2149 2505 cationi;
2185 2439 2289 2492 hoc
2316 2439 2436 2507 ipso
2464 2439 2661 2507 pusillo
2687 2452 2931 2506 arrepto,
2991 2443 3176 2494 statim
3229 2456 3504 2496 summam

1917 2530 1997 2584 rei
2028 2532 2288 2594 somniat,
2316 2543 2372 2584 et
2400 2529 2644 2586 fraudem
2665 2531 2903 2600 aliquam
2935 2533 3232 2589 meditatur
3258 2535 3323 2590 ad
3352 2551 3508 2591 ever-

1920 2623 2129 2679 sionem
2166 2624 2506 2694 negligentcr
2539 2639 2600 2678 se
2646 2627 2956 2695 gerentium
2980 2643 2996 2692 ;
3022 2627 3234 2696 quique
3263 2644 3386 2683 cum
3441 2644 3506 2682 ea

1919 2714 2060 2784 pacti
2089 2722 2215 2769 sunt
2249 2714 2524 2781 inducias,
2575 2731 2671 2772 eos
2701 2707 2928 2785 ips'osin
2974 2726 3299 2786 petestatem
3362 2721 3509 2776 redi-
3559 2758 3566 2767 .

1919 2823 2052 2880 gere
2083 2809 2312 2877 cogitat.
2349 2808 2460 2863 Nec
2502 2810 2685 2880 magni
2717 2817 2877 2879 putat
2925 2810 3130 2866 referre
3159 2826 3268 2882 quo
3308 2811 3361 2867 id
3414 2828 3527 2883 ιλιι-τ

1921 2908 2008 2955 cto
2043 2898 2154 2954 fiat.
2183 2900 2337 2956 Unde
2367 2901 2573 2956 nullum
2619 2916 2726 2956 non
2759 2897 3073 2969 rudentem,
3135 2903 3346 2958 nullum
3399 2921 3506 2959 nou

1920 2993 2158 3063 lapidem
2195 3005 2374 3048 movet
2405 2995 2598 3062 :cujus
2629 2994 2848 3064 quidem
2874 2997 3098 3066 generis
3149 2997 3333 3052 omnia
3384 3011 3512 3065 pro-

1923 3088 2108 3143 verbia
2144 3099 2293 3142 recte
2319 3087 2464 3158 quis,
2510 3088 2726 3173 Opinor,
2771 3089 2838 3144 de
2898 3090 3280 3145 molitionibus
3331 3091 3508 3160 ipsius

228 3183 534 3256 ἐργάζεται
563 3185 751 3256 κρύφα
780 3187 850 3239 τά
880 3186 1003 3239 καθ’
1031 3185 1216 3257 ημῶν,
1242 3185 1464 3240 ἐπειδὰν
1493 3185 1587 3258 ἐξῇ
1618 3190 1815 3253 ποιεῖν,

1924 3182 2231 3252 protulerit.
2263 3181 2496 3250 Superat
2517 3182 2664 3236 enim
2691 3182 2878 3250 procul
2938 3183 3102 3238 dubio
3134 3185 3396 3254 quidquid
3448 3185 3506 3240 in

227 3279 328 3335 καὶ
383 3279 540 3332 οὐδὲν
579 3279 965 3349 προσίσταται,
1005 3281 1103 3334 Ἂν
1167 3280 1226 3334 δὲ
1272 3279 1506 3351 φωραθῇ
1571 3282 1678 3350 πρὸ
1725 3282 1821 3335 τοῦ

227 3373 462 3444 πρᾶξαι,
487 3375 625 3444 πρὸς
657 3373 972 3428 τούναντίον
998 3373 1205 3428 αὐτίκα.
1227 3375 1513 3444 τρέπεται,
1550 3374 1645 3427 καὶ
1669 3372 1826 3428 ἀναί-

227 3466 328 3538 δην
401 3466 582 3520 πάντα
633 3468 804 3531 ποιεῖ,
857 3467 952 3520 καὶ
1013 3467 1370 3537 ἀναισχυντεῖ
1409 3465 1682 3537 φανερῶς,
1730 3466 1827 3520 καὶ

228 3558 678 3629 ἀναισχυντοῦσα
726 3559 1254 3632 παρῤησιάζεται,ῆ
1291 3559 1456 3623 εἴτις
1503 3561 1596 3612 ἐπὶ
1629 3559 1826 3631 πράγ-

230 3667 374 3720 μασι
408 3649 614 3722 πολλὴν
642 3649 829 3722 έχουσι
865 3651 1208 3722 φιλοτιμίαν.
1237 3652 1351 3705 Καὶ
1378 3652 1567 3705 λοιπὸν
1597 3655 1740 3705 κινεῖ
1759 3651 1821 3706 τὸ

225 3743 362 3813 δόρυ
390 3744 544 3814 παρά
568 3745 790 3798 πάντων
819 3746 1096 3814 ὁρωμένη,
1140 3743 1234 3797 καὶ
1264 3742 1453 3796 κοντὸν
1475 3745 1702 3814 ἀφίησιν
1725 3744 1822 3798 ἐπὶ

230 3837 434 3907 στόμα,
459 3837 554 3891 καὶ
573 3836 752 3898 λίθους
775 3839 896 3891 ταῖν
947 3839 1132 3908 χεροῖν
1163 3836 1532 3907 ἀμφοτέραιν,
1585 3836 1680 3890 καὶ
1720 3836 1824 3906 τὴν

234 3927 590 3997 Ἡρακλέους
635 3928 870 3982 ἐπισείει
898 3928 1158 4000 κορύνην.
1191 3929 1350 3982 Ἔστι
1373 3927 1420 3980 δ’
1449 3927 1584 3980 ὅπου
1611 3927 1822 3996 ταύτην

228 4018 330 4070 καὶ
351 4017 652 4088 καταφέρει
680 4018 924 4089 κεφαλῆς
968 4018 1323 4074 παντάπασιν
1358 4018 1697 4100 ἀφυλάκτου.
1733 4012 1829 4072 Εἷ-

225 4108 304 4162 τά
340 4124 446 4163 που
491 4111 585 4164 καὶ
610 4111 708 4173 τάς
743 4111 898 4181 ἡνίας
916 4110 1132 4181 ὲφεῖσα,
1169 4109 1415 4181 θρασέως
1450 4109 1593 4178 ἄγαν
1616 4113 1824 4179 smm-

228 4201 325 4276 δᾷ,
353 4205 454 4255 καὶ
484 4204 747 4271 πειρᾶται
774 4203 978 4272 φθάσαι
1014 4201 1116 4274 τὴν
1145 4201 1492 4274 συμπλοκὴν,
1545 4203 1643 4256 καὶ
1678 4202 1823 4256 ἑλεῖν

228 4293 517 4348 αὖτοϐοεί.
563 4294 720 4348 Οὕτω
764 4311 828 4362 γε
880 4295 1102 4366 τρόπων
1150 4295 1252 4350 οὐκ
1285 4297 1505 4364 ἀπορεῖ,
1539 4295 1680 4365 πρὸς
1732 4295 1826 4349 τὸν

230 4387 444 4442 σκοπὸν
473 4385 644 4455 αὐτῆς
670 4387 1078 4440 συντεινόντων.
1113 4387 1224 4440 Καὶ
1241 4385 1304 4440 τὸ
1337 4385 1401 4456 δὴ
1441 4385 1824 4458 φοϐερώτερον

232 4479 490 4542 πάντων,
530 4478 626 4530 καὶ
647 4476 875 4547 μονονοὺ
892 4479 1012 4540 ταῖς
1031 4476 1236 4546 ψυχαῖς
1263 4477 1577 4546 ἀπόγνωσιν
1627 4479 1826 4548 ἐμποι-

233 4571 336 4623 οῦν
358 4587 372 4602 ·
408 4571 554 4625 νῶτα
585 4569 695 4640 γάρ
721 4567 894 4622 δοῦσά
925 4583 1082 4633 ποτε,
1109 4567 1414 4637 ἀπράκτων
1435 4569 1546 4620 τῶν
1568 4571 1827 4640 ἐγχειρη-

239 4663 432 4732 μάτων
462 4662 600 4730 αὑτῇ
629 4660 906 4730 φανέντων
935 4659 1063 4729 ἑξῆς
1091 4659 1352 4713 ἁπάντων
1381 4661 1400 4730 (
1426 4661 1592 4730 μόνου
1622 4661 1732 4726 γάρ
1759 4661 1827 4715 ἂν

236 4754 328 4824 εἴη
361 4752 501 4807 Θεοῦ
529 4752 590 4806 τὸ
640 4751 928 4813 παντελῶς
974 4751 1249 4820 ἀήττητον
1283 4749 1328 4818 ),
1357 4750 1420 4804 οὐ
1465 4752 1826 4818 καταπίπτει,

243 4848 339 4899 οὐκ
375 4845 590 4913 ἀμελεῖ,
621 4845 722 4896 οὐκ
753 4841 1114 4912 ἀπαγορεύει,
1162 4840 1284 4895 οὐδὲ
1339 4841 1562 4911 μακράν
1596 4842 1832 4911 ἀφίστα-

241 4951 356 5003 ται,
386 4934 527 4989 άλλὰ
561 4935 901 5005 περινοστεῖ,
965 4935 1061 4987 καὶ
1097 4931 1466 4994 ἐπιϐουλεύει,
1509 4931 1630 4994 πῶς
1681 4931 1826 4999 οἴει;

239 5032 384 5100 πόσῃ
410 5028 620 5099 σπουδῇ
645 5043 660 5092 ;
681 5026 742 5079 οὐ
770 5025 835 5097 δὴ
859 5026 1020 5096 λήγει
1053 5026 1336 5096 ράπτουσα
1352 5025 1559 5090 δόλους,
1587 5023 1709 5077 οὐδὲ
1733 5025 1831 5095 λή-

240 5119 324 5186 ξει
351 5121 414 5189 γέ
445 5135 599 5183 ποτε,
621 5117 888 5188 οὖμενουν
909 5118 1020 5172 οὐδ’
1040 5117 1367 5173 ὁπωστιοῦν.
1389 5116 1526 5170 Οὐδὲ
1557 5116 1663 5187 γὰρ
1691 5119 1831 5172 ἀπο-

238 5210 527 5278 γινώσκει,
543 5211 645 5266 κᾶν
692 5195 722 5266 δ
753 5229 808 5266 τι
838 5211 1002 5266 πάθοι
1023 5228 1038 5243 ’
1063 5210 1172 5265 οὐδ’
1211 5211 1420 5282 ἱλιγγιᾷ
1468 5212 1588 5274 ταῖς
1623 5213 1831 5263 ἀποτυ-

239 5303 413 5373 χίαις,
441 5303 542 5358 κᾶν
565 5303 806 5375 ἀριθμοῦ
825 5305 1109 5376 κρείττους
1138 5304 1401 5371 γένοιντο.
1433 5303 1755 5374 Παρατηρεῖ
1773 5303 1830 5357 δὲ

239 5396 373 5459 τοὺς
391 5397 640 5466 καιροὺς,
656 5397 774 5461 καὶ,
789 5397 920 5450 ὅταν
944 5397 1008 5451 liti
1019 5397 1183 5468 ραθέν
1203 5415 1254 5450 τι
1275 5397 1448 5451 δεινὸν
1464 5396 1705 5463 ἐπέλθοι,
1734 5396 1828 5449 τό-

240 5502 304 5538 τε
325 5489 418 5540 καὶ
437 5489 535 5559 ἥδε
563 5492 818 5556 κινεῖται,
841 5490 1074 5560 ἕρμαιον
1099 5490 1429 5561 ἡγησαμένη
1445 5488 1506 5541 τὸ
1523 5489 1827 5559 συμπεσόν.

251 5578 414 5633 Ἐπεὶ
446 5581 540 5634 καὶ
572 5579 726 5650 μῦες,
755 5583 852 5637 καὶ
875 5583 1135 5652 αίλουροι,
1169 5586 1264 5635 καὶ
1301 5581 1413 5635 πᾶν
1431 5580 1675 5634 τοιοῦτον
1700 5580 1827 5633 κλε-

241 5674 563 5739 πτίστατον,
579 5673 734 5728 λύκοι
747 5692 806 5728 τε
831 5677 921 5729 καὶ
939 5676 1088 5730 άπαν
1106 5674 1472 5746 ἁρπακτικὸν,
1490 5675 1706 5744 ταραχῇ
1731 5674 1829 5726 καὶ

243 5764 383 5839 ζάλῃ
407 5765 610 5838 χαίρει,
628 5766 722 5820 καὶ
741 5768 1021 5837 ραγδαίοις
1038 5769 1232 5832 ὑετοῖς,
1262 5769 1356 5821 καὶ
1379 5768 1713 5836 ἀστραπαῖς,
1737 5766 1830 5819 καὶ

243 5855 501 5931 βρονταῖς
532 5855 810 5928 ἐξαισίοις,
843 5861 942 5915 καὶ
969 5861 1068 5915 ὅσα
1101 5860 1404 5932 τρικυμίαν
1431 5858 1629 5930 ψυχαῖς
1669 5859 1831 5929 ἐντή-

1936 3285 2172 3328 mentem
2204 3273 2366 3327 alicui
2401 3273 2588 3328 venire
2615 3288 2936 3343 perversum
2983 3273 3157 3343 possit
3187 3283 3242 3327 et
3269 3275 3338 3330 ad
3397 3291 3514 3330 ma.

1929 3367 2104 3421 litiam
2130 3367 2491 3434 ingeniosum.
2535 3364 2668 3420 Siue
2693 3366 3118 3422 denuntiatione
3151 3367 3352 3423 bellum
3409 3386 3512 3425 no-

1931 3459 2016 3515 bis
2044 3457 2229 3522 infert,
2267 3458 2564 3513 vulnerare
2597 3458 2751 3528 prius
2793 3458 2982 3513 volens
3009 3474 3170 3528 quam
3201 3461 3512 3532 conspicia-

1929 3560 2041 3607 tur.
2067 3551 2315 3606 Praslium
2349 3564 2676 3606 nocturnum
2729 3559 2900 3619 amat,
2933 3563 2993 3606 ut
3036 3554 3249 3622 sopitos
3313 3569 3511 3624 aggre-

1931 3645 2134 3710 diatur,
2169 3655 2227 3698 ut
2255 3643 2500 3711 hostem,
2535 3645 2688 3715 prius
2724 3661 2888 3716 quam
2920 3646 3390 3716 gladiusrnudatus
3417 3650 3510 3714 sit,

1929 3747 2261 3794 antevertat.
2326 3738 2446 3804 Quo
2468 3739 2611 3794 enim
2649 3738 2739 3793 illa
2771 3748 2932 3808 pacto
2951 3740 3289 3810 ignoraverit
3313 3743 3508 3811 quanti

1927 3831 2418 3889 aStimarideheat
2462 3830 2785 3899 anticipatio
2846 3841 3070 3900 repente
3127 3831 3311 3888 facta?
3369 3833 3506 3888 Nam

1929 3923 2050 3992 ejus
2082 3921 2399 3976 admiranda
2425 3921 2506 3974 vis
2539 3920 2704 3974 estin
2759 3922 3126 3989 pereellendis
3189 3925 3355 3979 etiam
3399 3927 3512 3980 fore

1928 4015 2268 4070 tissimorum
2299 4012 2520 4067 animis.
2555 4010 2796 4068 Tametsi
2827 4012 2945 4075 leve
2977 4001 3239 4084 quiddam
3270 4018 3506 4081 accidat,
3543 4043 3548 4046 -

1928 4107 2050 4178 plus
2080 4115 2260 4159 tau‘en
2289 4103 2514 4159 habebit
2539 4104 2740 4160 virium
2777 4109 2843 4159 ad
2871 4106 2989 4161 illos
3041 4123 3258 4178 quoque
3298 4119 3512 4166 terren-

1929 4199 2027 4253 dos
2056 4197 2144 4265 qui
2175 4211 2285 4250 non
2311 4195 2474 4250 facile
2511 4195 2706 4250 terreri
2739 4197 2946 4258 solent,
2972 4181 3136 4268 quam
3172 4201 3320 4270 quod
3371 4217 3510 4269 prae-

1927 4288 2104 4344 visum
2129 4297 2236 4354 est,
2263 4287 2519 4342 recordes
2554 4287 2756 4344 turbet.
2787 4286 2922 4342 Nam
2981 4305 3206 4358 parvqu
3253 4291 3510 4362 quiddam

1931 4389 2130 4451 praeter
2177 4379 2646 4449 exspectationem
2727 4379 3127 4436 formidabilius
3169 4393 3256 4439 est
3313 4399 3515 4454 magno

1930 4477 2074 4542 quod
2101 4478 2480 4541 exspectatur.
2515 4471 2800 4528 Tenebras
2825 4483 2993 4538 amat,
3051 4474 3386 4545 illunemque
3413 4494 3514 4530 no-

1931 4575 2099 4620 ctem.
2135 4547 2383 4635 Caligine
2415 4578 2599 4618 crassa
2634 4565 2961 4627 delectatur,
3029 4582 3150 4636 quas
3209 4570 3388 4622 oculis
3430 4569 3514 4623 iu-

1929 4657 2232 4728 Spectabile
2259 4655 2436 4710 reddit
2487 4644 2635 4726 quod
2699 4657 3036 4725 aspectubile
3088 4664 3196 4710 est.
3240 4657 3510 4724 Equidem

1930 4750 2075 4805 illam
2109 4747 2368 4805 delectari
2386 4747 2774 4818 congressibus
2794 4748 3034 4802 siderum
3071 4748 3508 4805 clarissimorum

1930 4839 2197 4905 arbitror,
2230 4849 2290 4893 ut
2318 4840 2422 4894 hoc
2467 4841 2628 4892 modo
2661 4856 2898 4909 corpore
2953 4841 3097 4894 luna:
3125 4841 3269 4894 inter
3322 4842 3512 4896 oculos

1929 4941 1984 4985 et
2009 4931 2179 4985 solem
2208 4941 2382 4985 semet
2419 4929 2812 4999 interjiciente,
2847 4931 2984 4985 radii
3024 4934 3133 4985 vim
3166 4946 3321 4984 suam
3377 4946 3508 5002 erga

1931 5039 2030 5078 nos
2062 5039 2321 5078 exercere
2343 5033 2644 5090 nequeunt.
2679 5010 3080 5086 Ad‘sumnmm,
3136 5023 3366 5078 charum
3427 5037 3514 5079 est

1931 5117 2194 5184 voluptati
2237 5115 2500 5186 quidquid
2535 5116 2586 5169 iu
2625 5131 2791 5169 causa
2821 5129 2906 5171 est
2941 5125 3001 5170 ut
3061 5116 3202 5170 clam
3242 5132 3343 5171 nos
3397 5118 3516 5172 alli-

1933 5222 2060 5262 cere
2088 5207 2416 5278 detrimento
2439 5209 2635 5278 possit.
2661 5209 2967 5264 Admodum
2994 5212 3138 5265 enim
3165 5212 3213 5265 ei
3245 5211 3519 5269 familiare

1930 5311 2036 5368 est,
2072 5303 2341 5374 quasique
2371 5319 2492 5356 cum
2521 5305 2609 5358 illa
2648 5305 2748 5358 hoc
2783 5306 3044 5370 adolevit,
3077 5318 3134 5360 ut
3165 5309 3305 5362 clam
3340 5310 3510 5364 telum

1931 5395 2148 5451 emittat
2177 5411 2242 5450 ac
2289 5396 2552 5464 quidquid
2621 5399 2993 5452 sauciaturum
3044 5399 3143 5462 sit,
3189 5402 3239 5454 id
3293 5403 3513 5470 quidem

1933 5494 2172 5556 emittat,
2206 5508 2316 5562 quo
2349 5491 2506 5546 letale
2532 5508 2589 5546 se
2620 5492 2818 5545 vulnus
2846 5491 3096 5555 inﬂigere
3125 5505 3285 5560 posse
3307 5501 3512 5560 speret.

1932 5585 2082 5639 Clam
2135 5586 2372 5653 denique
2428 5595 2620 5639 cci-.tra
2681 5599 2780 5638 uos
2834 5584 3061 5637 oumino
3115 5583 3245 5638 facit
3304 5585 3510 5644 omnia,

1931 5694 2055 5731 cum
2088 5677 2270 5732 facere
2305 5685 2506 5744 potest,
2541 5691 2642 5730 nec
2671 5673 2890 5744 aliquod
2925 5674 3376 5744 impedimentum
3403 5682 3509 5728 est.

1929 5765 2000 5816 At
2047 5766 2100 5819 iu
2166 5766 2408 5819 fat-inore
2437 5766 2480 5820 si
2546 5764 2990 5835 deprehendatur
3044 5773 3336 5832 antequam
3391 5778 3506 5817 rem

1933 5857 2223 5927 pet-egerit,
2253 5872 2375 5910 mox
2408 5857 2462 5911 iu
2494 5856 2834 5912 contrarium
2867 5870 2990 5912 sese
3018 5855 3203 5923 vertit,
3225 5865 3280 5911 et
3331 5855 3514 5926 palam
