3958 6466
248 428 350 495 457

1658 417 1947 478 ORATIO
1992 419 2094 485 IV.

3405 419 3510 483 458

242 541 323 583 τις
360 518 622 590 ἡταύτης
665 517 813 585 ἰσχὺς
845 512 969 569 καθ’
1022 512 1182 584 ἡμῶν
1218 513 1369 564 ἐστιν
1406 509 1487 572 είς
1553 508 1614 561 τὸ
1668 509 1813 561 ἀπα-

1928 482 2348 578 ιιρταέᾳιιοιίηιιο
2375 506 2450 561 sit
2472 506 2634 577 luijus
2660 508 2948 563 adversum
2977 522 3074 562 nos
3104 506 3154 560 in
3184 508 3511 578 decipienda

242 578 475 681 erg-visit;
505 578 828 669 tb'itsio's‘tv,
869 606 950 669 ε’ίς
1001 578 1406 673 τδνβιάζεσθαι.
1462 597 1650 670 Πολλῷ
1707 598 1815 668 γὰρ

1928 599 2325 668 persuadendo,
2348 600 2593 669 cogendo
2619 599 2805 655 robur.
2827 599 3032 669 Quippe
3053 601 3208 657 nobis
3227 603 3371 656 illam
3392 621 3514 659 esse

244 698 390 755 εἶναι
419 699 821 771 χαλεπωτέραν.
868 698 1015 767 φημὶ
1066 698 1206 766 πρὸς
1254 695 1403 765 ἡμᾶς
1455 690 1626 761 ἣδηῆ
1683 691 1821 759 πρὸς

242 795 375 858 τοὺς
406 793 764 864 προπάτορας
807 790 998 846 πάλαι.
1062 789 1133 842 Ἦ
1184 787 1294 857 γὰρ
1340 783 1596 840 τοσοῦτον
1626 781 1818 852 εἰργά-

248 902 382 941 σατο
409 885 546 957 πρὸς
573 871 703 946 τοὺς
738 882 1009 955 μηδαμῶς
1047 879 1412 952 μηδεπώποτε
1455 876 1548 930 ὑπ’
1602 875 1824 943 ἐκείνης

244 977 649 1049 κρατηθέντας,
684 976 758 1038 ὡς
781 975 845 1045 δὴ
885 974 980 1028 καὶ
1010 976 1161 1043 σχεῖν
1210 970 1546 1042 ἡττηθέντας
1598 966 1820 1030 αὐτοὺς,

244 1069 438 1138 ὥσπερ
474 1070 641 1139 ἡμεῖς
673 1067 740 1120 τὰ
774 1065 1105 1137 ἀνδράποδα,
1136 1064 1190 1116 τί
1221 1061 1345 1115 ποτ’
1368 1062 1436 1114 ἂν
1482 1062 1578 1115 καὶ
1602 1057 1823 1129 δράσειε

246 1161 389 1232 πρὸς
420 1161 590 1231 ἡμᾶς,
622 1158 748 1222 τοὺς
780 1157 888 1211 ὑπὸ
914 1157 1025 1211 τῶν
1050 1156 1243 1225 αὐτῆς,
1269 1153 1346 1216 ὡς
1381 1154 1580 1217 εἰπεῖν,
1615 1152 1822 1221 αἰχμα-

241 1253 432 1308 λώτων
455 1251 680 1321 φύντας,
714 1250 809 1304 καὶ
840 1250 977 1322 πρὸς
998 1249 1059 1302 τὸ
1089 1247 1368 1319 χείριστον
1391 1245 1732 1314 ἐληλακότας
1752 1246 1819 1313 τῇ

243 1346 397 1416 παρά
427 1343 536 1398 τῶν
568 1343 862 1412 φυσάντων
894 1341 1155 1411 διαδοχῇ;
1216 1336 1374 1393 Ὠσθ’
1428 1341 1463 1409 ἡ
1501 1336 1708 1406 ταύτης
1733 1336 1825 1390 δύ-

241 1453 431 1508 ναμις,
469 1434 567 1489 καὶ
596 1436 629 1502 ἡ
655 1433 765 1488 τῶν
786 1432 1000 1497 παθῶν,
1027 1430 1269 1503 ἐξαρχῆς
1330 1429 1669 1505 κρατήσασα
1710 1428 1823 1483 τῶν

243 1529 478 1601 πρώτως
500 1527 808 1597 γεγονότων
837 1526 1168 1595 ἀνθρώπων,
1196 1523 1401 1578 ἔπειτα
1448 1521 1537 1577 διὰ
1566 1520 1678 1574 τῶν
1724 1521 1827 1591 μέ-

241 1639 353 1677 σων
381 1618 647 1674 κατιοῦσα
675 1618 816 1691 πρὸς
845 1619 973 1682 τοὺς
1004 1617 1299 1688 ἐσχάτους,
1360 1618 1492 1688 ῥᾷον
1543 1616 1661 1687 ἔχει
1699 1613 1826 1669 τού-

240 1729 355 1776 τοις
396 1709 701 1781 ἐμπαίζειν
728 1711 761 1778 ἡ
790 1711 906 1774 τοῖς
934 1707 1045 1779 πρὸ
1066 1707 1254 1763 αὐτῶν
1282 1707 1564 1779 γεγονόσι.
1603 1708 1685 1761 Τὰ
1712 1707 1823 1778 γὰρ

238 1802 563 1874 ἀνθρώπεια
591 1802 741 1873 πάθη
762 1801 1044 1873 πολεμίων
1076 1801 1314 1903 σώζουσι
1371 1801 1587 1903 σχῆμα,
1615 1797 1700 1864 οἷς
1755 1800 1818 1903 τῆ)
1850 1843 1896 1903 Β

237 1897 515 1967 κρατῆσαι
544 1897 829 1966 καταρχὰς
857 1896 965 1950 τῶν
993 1894 1411 1967 ἀνθισταμένων
1458 1894 1601 1964 μετά
1659 1894 1821 1964 μεγί-

239 2003 389 2045 στων
416 1989 629 2057 γίνεται
667 1988 776 2042 τῶν
801 1986 1089 2043 κινδύνων.
1126 1988 1189 2040 Εἰ
1219 1987 1264 2041 δ’
1293 1982 1390 2040 οὖν
1430 1984 1578 2050 suae
1603 1985 1820 2054 γένοιτο

235 2081 348 2134 τῶν
382 2081 695 2135 ἀντιπάλων
736 2080 1156 2152 περιγενέσθαι,
1188 2080 1377 2133 οὐκέτι
1430 2079 1685 2146 φαίνεται
1717 2094 1817 2148 χαι

236 2173 407 2228 λεπὸν
425 2174 554 2236 τοὺς
583 2156 1020 2241 αὐτοὺςφοϐεῖν,
1055 2175 1152 2228 καὶ
1184 2174 1434 2243 τρέπειν,
1468 2171 1565 2225 καὶ
1606 2170 1821 2225 δεικνύ-

238 2285 327 2322 ναι
352 2266 495 2320 νῶτα
539 2265 804 2332 διδόντας,
865 2268 961 2320 καὶ
1016 2267 1119 2335 τὴν
1150 2265 1361 2319 δειλίαν
1397 2264 1632 2333 ταυτηνὶ
1681 2263 1820 2332 μετὰ

240 2358 566 2430 προσθήκης
594 2357 1076 2428 παραπέμπεσθαι
1108 2358 1223 2419 τοῖς
1279 2356 1546 2426 ἐκγόνοις.
1580 2355 1738 2409 Ὤσθ¹
1781 2356 1816 2424 ἡ

235 2451 443 2532 ταύτης
474 2451 600 2506 καθ’
638 2452 798 2522 ἡμῶν
844 2451 1075 2521 δύναμις
1113 2447 1319 2520 μείζων
1366 2449 1486 2502 ἐστὶ
1549 2448 1647 2502 καὶ
1682 2447 1818 2519 δρα-

236 2544 607 2615 στικωτέραῆ
653 2543 794 2614 πρὸς
824 2545 951 2607 τοὺς
978 2541 1282 2613 ἡμετέρους
1337 2541 1661 2613 προγόνους,
1724 2540 1821 2594 καὶ

237 2639 323 2691 ἔτι
352 2635 490 2709 πρὸς
520 2637 649 2700 τοὺς
670 2635 931 2700 ἐκείνων,
953 2634 1060 2698 ἕως
1091 2633 1159 2688 ἂν
1185 2634 1267 2696 είς
1296 2633 1424 2697 τοὺς
1459 2632 1820 2703 προπάτορας

238 2725 581 2790 ὲπανέλθοις.
621 2726 786 2779 Ἀλλά
823 2723 929 2796 μὴν
953 2723 1138 2795 ἐκείνη
1171 2739 1236 2791 γε
1264 2722 1402 2794 πρὸς
1422 2724 1539 2785 τοῖς
1590 2721 1819 2793 εἰρημέ-

238 2837 374 2885 νοις,
424 2819 569 2886 λέγω
597 2817 656 2872 δὲ
702 2817 805 2890 τὴν
864 2815 1060 2889 ἡδονὴν
1092 2814 1212 2887 (καὶ
1259 2814 1341 2870 ἐτι
1377 2813 1486 2884 γὰρ
1517 2813 1819 2884 ἀντέχομαι

238 2916 340 2985 τῆς
380 2909 633 2982 εἰκόνος),
663 2913 791 2975 τοὺς
823 2911 934 2966 τῶν
960 2909 1164 2981 ίατρῶν
1195 2906 1558 2979 ὑποκρίνεται
1595 2906 1816 2970 παῖδας.
1844 2908 1859 2915 ’

240 3008 512 3078 Παραινεῖ
545 3007 614 3061 τὰ
637 3005 774 3076 πρὸς
804 3003 1044 3073 ὑγίειαν,
1085 2999 1174 3055 ἴνα
1197 2998 1274 3069 δῷ
1295 2997 1374 3069 τῷ
1411 2996 1628 3068 σώματι
1651 3014 1816 3083 σφρι-

235 3103 366 3173 γᾷν,
403 3099 499 3155 καὶ
522 3100 615 3153 τὸν
640 3099 742 3168 τῆς
767 3097 952 3169 ψυχῆς
987 3092 1284 3166 παραλύσῃ
1317 3092 1491 3146 τόνον.
1522 3091 1642 3144 Κᾶν
1679 3090 1817 3143 ἀπο-

1926 691 2261 745 iufestiorem
2294 693 2383 747 aio
2419 708 2583 761 quam
2619 693 2745 747 olim
2781 694 3079 763 majoribus
3125 696 3227 750 illis
3281 700 3513 754 nostris.

1925 778 2060 834 Nam
2112 796 2231 851 quae
2266 790 2476 837 tantum
2512 782 2726 840 efﬁcere
2762 786 2935 856 potuit
2973 788 3236 843 adversus
3275 804 3368 844 eos
3418 796 3513 861 qui

1924 878 1995 929 ab
2020 876 2136 944 ipsa
2170 877 2399 931 necdum
2430 891 2665 947 unquam
2693 878 2821 932 victi
2852 878 3088 944 fuerant,
3122 892 3175 934 ut
3208 895 3303 935 eos
3327 884 3511 939 itidem

1924 967 1977 1020 in
2032 977 2352 1033 potestatem
2417 969 2666 1025 redactos
2727 971 2976 1038 haberet,
3033 973 3109 1027 uti
3166 983 3353 1029 nostra
3414 992 3554 1047 uns.

1926 1059 2221 1129 mancipia,
2289 1061 2417 1129 quid
2451 1078 2555 1114 non
2591 1064 2840 1133 designet
2871 1066 2923 1119 in
2953 1081 3071 1133 nos,
3106 1068 3196 1136 qui
3233 1083 3300 1122 ex
3344 1059 3563 1135 ipsiusi,

1928 1153 2011 1222 (ut
2036 1153 2106 1207 ita
2143 1153 2398 1223 dixerim)
2433 1157 2665 1226 captivis
2703 1159 2813 1212 nati
2883 1175 3092 1228 sumus,
3128 1171 3184 1216 ct
3215 1163 3513 1232 pessimam

1924 1243 1991 1297 ad
2015 1244 2420 1313 conditionem,
2460 1261 2525 1302 ex
2584 1264 2772 1305 eorum
2808 1253 2902 1320 qui
2939 1267 3038 1306 nus
3072 1260 3510 1323 progenueruut,

1931 1336 2281 1393 successione
2340 1340 2591 1396 redacti?
2631 1343 2749 1411 Quo
2783 1345 2864 1408 fit,
2911 1355 2971 1401 ut
3007 1357 3111 1400 tam
3145 1348 3316 1413 ipsius
3347 1364 3511 1419 quam

1923 1423 2183 1480 vitiorum
2237 1429 2342 1494 vis,
2376 1430 2444 1484 ab
2499 1432 2655 1488 initio
2711 1437 2981 1506 superatis
3040 1439 3352 1493 hominibus
3405 1441 3512 1497 illis

1924 1517 2158 1589 primum
2196 1521 2454 1590 conditis,
2485 1523 2681 1580 deinde
2728 1543 2823 1596 per
2856 1529 3206 1585 intermetlios
3232 1534 3296 1586 ad
3326 1543 3511 1589 extre-

1924 1625 2043 1667 mos
2093 1614 2473 1672 descendendo
2529 1632 2842 1695 progressa,
2892 1620 3108 1677 facilius
3152 1624 3234 1680 his
3289 1625 3515 1681 illudere

1926 1701 2119 1777 possit.
2146 1718 2304 1771 quam
2343 1707 2584 1776 ipsorum
2619 1711 2940 1780 majoribus.
2974 1712 3220 1769 Humana
3278 1731 3515 1786 namque

1926 1791 2055 1845 vitia
2080 1794 2315 1862 speciem
2348 1799 2642 1865 quamdam
2693 1801 2926 1857 hostium
2954 1805 3337 1873 praeseferuut,
3373 1824 3514 1876 quo-

1929 1895 2046 1936 rum
2084 1883 2153 1939 de
2181 1885 2509 1943 adversariis
2539 1891 2768 1945 victoria
2823 1908 2930 1949 non
2962 1896 3065 1951 nisi
3119 1899 3374 1955 maximis
3420 1916 3516 1969 pe-

1928 1973 2114 2031 riculis
2142 1986 2377 2034 constat.
2411 1978 2686 2050 Verumsi
2721 1985 2887 2040 semel
2922 1990 3212 2044 usuveniat
3245 2002 3305 2046 ut
3350 2007 3514 2060 supe-

1925 2067 2101 2121 riores
2146 2069 2386 2127 inimicis
2444 2073 2705 2140 evadant,
2750 2091 2856 2131 non
2891 2078 2999 2148 jam
3033 2081 3247 2137 tliﬂicilc
3295 2084 3513 2145 videtur

1926 2158 2161 2227 amplius
2186 2162 2405 2217 eosdem
2451 2175 2504 2219 et
2547 2167 2826 2233 territare,
2857 2178 2911 2223 et
2937 2181 3206 2237 avertere,
3235 2181 3290 2229 et
3316 2190 3512 2245 cogere

1926 2264 2077 2320 terga
2130 2253 2283 2318 dare,
2334 2264 2501 2326 atque
2559 2258 2703 2314 hanc
2758 2259 3102 2318 formidinem
3154 2266 3222 2320 ad
3261 2277 3514 2338 posteros

1923 2343 2088 2398 etiam
2122 2360 2243 2399 cum
2275 2349 2596 2406 accessione
2622 2354 2856 2420 quadam
2892 2357 3288 2412 transmittere.
3318 2358 3516 2426 Quam.

1926 2436 2115 2492 obrem
2159 2439 2242 2494 vis
2277 2440 2421 2496 illius
2458 2442 2719 2498 adversus
2760 2460 2857 2500 nos
2908 2447 3080 2516 major
3109 2457 3195 2504 est
3223 2459 3279 2505 et
3330 2450 3513 2515 effica—

1925 2529 2278 2601 cior,'quam
2324 2534 2589 2591 adversus
2625 2547 2842 2593 nostros
2890 2555 3146 2610 proavos,
3206 2552 3259 2598 et
3294 2545 3513 2601 illorum

1925 2620 2112 2677 itidem
2144 2622 2409 2693 majores,
2442 2629 2616 2683 donec
2655 2631 2719 2682 ad
2745 2630 2895 2699 ipsos
2920 2635 3140 2704 generis
3172 2636 3387 2705 pri-uos
3408 2653 3511 2693 att-

1924 2722 2108 2771 ctores
2182 2718 2531 2776 ascendendo
2592 2725 2902 2792 pervenias.
2973 2727 3263 2783 Enimvero
3316 2740 3513 2799 praeter

1925 2822 1985 2863 ea
2018 2823 2140 2876 quae
2167 2810 2310 2867 diCIa
2337 2822 2485 2879 sunt,
2532 2814 2773 2872 medicos
2807 2817 2918 2883 illa,
2976 2820 3226 2890 voluptas
3287 2824 3513 2893 inquam

1922 2897 2128 2969 (adhuc
2174 2902 2316 2956 enim
2372 2904 2595 2974 imagini
2633 2917 2831 2964 nostra:
2885 2910 3187 2984 inhrereo),
3244 2916 3514 2971 imitatur.

1924 2990 2156 3060 Operam
2188 2995 2487 3052 valetudini
2533 2994 2765 3055 dandam
2806 3013 3010 3070 monet,
3056 3002 3125 3058 ut'
3166 3009 3386 3077 corpori
3419 3025 3515 3066 oc-

1925 3085 2207 3140 casionem
2246 3086 2562 3145 lasciviendi
2602 3093 2842 3162 prmbeat
2885 3096 3164 3167 animique
3206 3104 3518 3161 contentio-

239 3195 478 3266 σοσηθῇ,
508 3191 613 3246 κάν
647 3188 1032 3262 ἀποκρουσθῇ,
1059 3187 1166 3242 κᾶν
1198 3185 1398 3259 ράἦδον
1425 3182 1648 3253 δέξηται
1675 3181 1819 3235 κατὰ

1931 3192 2056 3231 nem
2084 3178 2313 3234 relaxet.
2348 3179 2612 3247 Quamvis
2656 3186 2933 3258 abigatur,
2962 3192 3232 3261 'quamvis
3286 3197 3488 3264 repella
3509 3227 3523 3239 -

238 3288 515 3359 κορυφῆς,
546 3285 639 3339 καὶ
669 3284 851 3349 ταυτὶ,
891 3283 988 3335 καὶ
1037 3279 1106 3334 τά
1141 3277 1371 3333 τοιαῦτα
1426 3276 1591 3348 λῆρος
1635 3276 1814 3345 αύτῇο

236 3382 344 3437 κᾶν
365 3378 673 3449 διαπτύσῃς
712 3375 912 3448 αὐτὴν,
946 3376 1043 3428 καὶ
1080 3373 1241 3426 τοῦτο
1279 3370 1566 3441 μυριάκις,
1600 3370 1821 3443 συχνοῖς

235 3490 353 3528 τισι.
397 3474 627 3534 πάττεις
658 3470 854 3539 ῥόδοις.
885 3468 1061 3531 Ὀλως
1091 3467 1284 3532 ὁσάκις
1316 3465 1576 3538 ὑϐρισθῇ,
1618 3482 1820 3518 τοσαυ-

236 3567 397 3629 τάκις
456 3563 597 3617 αὐτὴ
644 3562 999 3634 προσϐάλὶει.
1054 3562 1433 3630 Φιλοτιμεῖται
1487 3561 1589 3630 τὴν
1651 3558 1820 3628 ὕδραν

238 3657 642 3729 παρενεγκεῖνο
675 3654 771 3707 καὶ
798 3652 961 3708 τοῦτό
992 3670 1057 3721 γε
1099 3652 1223 3724 μεθ’
1262 3654 1397 3722 ὅσης
1451 3650 1768 3722 ὑπερϐολῆς
1804 3667 1819 3716 ;

247 3753 348 3803 Ἂν
373 3748 560 3821 τμηθῇ
600 3747 702 3817 τὴν
751 3747 1021 3817 κεφαλὴν,
1057 3746 1440 3815 πολυκέφαλος
1467 3744 1631 3807 εὐθὺς
1689 3745 1825 3797 ἀνα-

239 3841 519 3909 φαίνεται.
550 3840 673 3893 Κᾶν
701 3839 916 3911 ἡττηθῇ
953 3838 1326 3909 κατακράτος,
1361 3838 1457 3891 καὶ
1482 3836 1747 3908 τρόπαιόν
1768 3853 1821 3888 τι

241 3934 302 3998 ἐξ
335 3931 509 4001 αὐτῆς
532 3932 723 4003 ἐγείρῃ
766 3931 913 4003 μάλα
965 3930 1223 4000 λαμπρὸν
1272 3926 1542 4000 (εἰρήσθω
1573 3927 1682 3998 γάρ
1733 3943 1822 3997 μοι

239 4023 525 4079 καὶτοῦτο
553 4023 615 4077 τὸ
661 4021 1054 4093 ὑπερϐάλλον),
1095 4021 1281 4091 ἐκείνη
1311 4021 1370 4073 δὲ
1404 4018 1466 4072 τὸ
1493 4018 1619 4071 καθ’
1650 4019 1823 4088 αὐτὴν

238 4117 613 4188 χαλεπωτέρα
643 4116 904 4187 πειρᾶται
925 4113 1238 4187 φαίνεσθαι.
1264 4111 1387 4166 Κᾶν
1417 4111 1629 4182 ἀλήτης
1661 4109 1825 4180 γένη-

237 4226 333 4263 ται
366 4209 461 4261 καὶ⁸
488 4207 691 4278 φυγὰς,
716 4206 817 4261 κάν
837 4210 980 4277 πρὸς
1010 4204 1285 4275 ἀνύδρους
1315 4203 1562 4275 πορευθῇ
1592 4204 1818 4267 τόπους,

238 4300 407 4355 πάλιν
431 4298 793 4369 ἐπανέρχεται
823 4298 1028 4369 ἑαυτῆς
1068 4295 1516 4360 πολλαπλασίων,
1548 4293 1691 4348 κατά
1722 4293 1824 4363 τὴν

236 4393 429 4447 εἰκόνα
459 4368 687 4460 ἐκείνην
712 4368 840 4444 τοῦδ
860 4390 1182 4459 ἀκαθάρτου
1220 4388 1557 4457 πνεύματος.
1608 4384 1823 4441 Οὔκουν

238 4474 306 4554 γε
327 4484 686 4555 διαλιμπάνει
712 4484 873 4537 ταυτὶ
909 4484 1165 4550 ποιοῦσα,
1188 4484 1286 4536 καὶ
1312 4482 1394 4536 ἔτι
1412 4481 1606 4553 χείρω.
1629 4480 1821 4544 Οὕτως

236 4574 477 4649 ἀναιδὲς,
507 4576 603 4630 καὶ
634 4575 1018 4644 ἀναίσχυντον,
1046 4575 1144 4628 καὶ
1192 4574 1448 4645 μανικὸν,
1483 4574 1579 4628 καὶ
1610 4575 1821 4644 κακόη-

184 4732 189 4735 ,
239 4668 352 4731 θες.
396 4666 584 4720 Πάντα
638 4666 871 4736 πράττει
903 4666 1000 4719 σὺν
1033 4666 1346 4736 ίταμότητι,
1383 4666 1564 4730 Κυνὸς
1611 4666 1820 4735 ὄμματ’

241 4755 381 4827 ἔχει,
428 4756 658 4827 κραδίην
687 4757 734 4809 δ’
764 4757 865 4811 οὐκ
892 4756 1141 4826 ἐλάφοιο,
1184 4757 1303 4811 ἀλλ’
1328 4750 1411 4821 οἷς
1445 4756 1616 4821 πολὺς
1646 4759 1674 4810 ὁ
1731 4758 1826 4811 κό-

238 4865 333 4911 τος
366 4848 451 4900 ἐνὶ
508 4846 771 4919 στήθεσσι
802 4847 978 4902 πέλει.
1012 4849 1157 4919 Πρὸς
1214 4848 1275 4901 ἓν
1319 4867 1374 4903 τι
1411 4847 1626 4920 βλέπει,
1682 4848 1823 4919 πρὸς

242 4934 303 4987 ἓν
333 4936 455 5006 ὁρᾷ,
506 4934 569 4988 τὸ
618 4936 1029 4990 καταπαλαῖσαι
1082 4936 1210 5000 τοὺς
1270 4936 1505 5006 ταυτησὶ
1553 4936 1827 5005 φανέντας

242 5027 530 5096 ἀμείνους.
564 5026 876 5081 Φιλονεικεῖ
903 5028 1003 5097 τὴν
1025 5020 1202 5097 ἧτταν
1233 5026 1707 5093 ἀνακαλέσασθαι,
1729 5026 1825 5082 καὶ

242 5119 430 5190 πολλῷ
458 5119 537 5189 τῷ
563 5118 813 5189 περιόντι
845 5119 1106 5189 γενέσθαι
1160 5119 1435 5190 κρείττων
1474 5118 1729 5183 ἐκείνων,
1777 5118 1836 5170 οἵ

238 5226 306 5274 γε
356 5211 654 5279 κρείσσους
700 5200 923 5279 ’ταύτης
985 5212 1262 5280 ἐγένοντο.
1317 5209 1542 5265 Τούτων
1590 5209 1826 5279 δεύτερα

241 5304 419 5357 πάντα
448 5302 658 5371 τίθησι,
692 5303 789 5357 καί
816 5301 1253 5373 είκατορθώοειε
1283 5302 1466 5386 μόνον,
1501 5302 1656 5355 οὐδὲν
1691 5302 1827 5354 ὑπο-

239 5394 521 5464 λογίζεται
556 5395 665 5450 τῶν
702 5394 922 5460 δεινῶν,
948 5395 1012 5448 οὐ
1044 5394 1155 5447 τῶν
1184 5394 1459 5466 φοϐερῶν,
1491 5393 1553 5448 οὐ
1596 5392 1709 5447 τῶν
1734 5395 1827 5446 λυ-

244 5486 462 5559 πηρῶν,
490 5486 552 5539 οὐ
576 5486 685 5539 τῶν
716 5485 1019 5556 αἰσχίστων
1070 5487 1290 5542 πάντων
1321 5484 1486 5557 ὁμοῦ.
1522 5486 1719 5539 Καίτοι
1770 5486 1823 5538 τί

242 5578 387 5650 λέγω
422 5576 774 5649 αἰσχίστων;
810 5577 951 5630 ὅπου
980 5594 1045 5646 γε
1093 5577 1192 5632 καὶ
1232 5575 1445 5639 τούτοις
1480 5574 1824 5641 ἐγκαλλωπί-

244 5671 417 5739 ζεται,
453 5672 551 5725 καὶ
581 5669 785 5740 μᾶλλον
820 5669 1004 5741 χαίρει
1033 5670 1100 5723 δι’
1126 5668 1309 5724 αὐτῶν
1342 5669 1375 5740 ἢ
1432 5667 1643 5721 τούτων
1688 5669 1822 5722 ἀνευ

245 5765 540 5834 κρατῆσαι.
575 5761 765 5827 ’Ἄξιον
788 5752 848 5816 δὲ
887 5765 1111 5817 κάκεῖνο
1164 5761 1429 5833 λεχθῆναι
1451 5777 1465 5792 ο
1514 5756 1826 5832 τηνικαῦτα

246 5854 421 5926 λύπην
476 5855 718 5926 ἐντίθησι
772 5858 894 5920 ταῖς
949 5854 1177 5928 ψυχαῖς,
1234 5856 1475 5924 ὁπηνίκα
1543 5871 1606 5926 γε
1657 5854 1828 5926 ἐχρῆν

574 5953 850 6014 Parum.
898 5952 1023 6013 Gn.
1066 5950 1261 6014 CLVI.

1857 4530 1905 4586 D

1930 3282 2037 3335 tur,
2071 3274 2322 3342 quamvis
2380 3277 2439 3345 in,
2461 3286 2629 3347 caput
2656 3278 2821 3335 fustis
2852 3280 3212 3354 impingatur,
3251 3295 3439 3344 tamen
3464 3299 3521 3345 et

1931 3365 2046 3419 lucc
2089 3375 2143 3421 et
2204 3366 2308 3422 alia
2341 3368 2472 3423 talia
2529 3370 2688 3426 nihili
2722 3372 2873 3429 facit.
2911 3366 3173 3441 Quamvis
3219 3393 3338 3434 eam
3387 3397 3521 3437 con-

1927 3474 2117 3528 spuas,
2171 3470 2227 3515 et
2274 3460 2473 3517 millies
2522 3464 2767 3532 quidem,
2820 3467 2954 3521 nihil
3001 3467 3121 3539 agis
3164 3470 3311 3528 aliud
3355 3490 3517 3545 quam

1929 3550 2074 3619 quod
2112 3565 2267 3606 rosas
2301 3553 2355 3606 in
2380 3567 2499 3608 eam
2535 3556 2763 3613 crebras
2792 3561 3026 3632 spargis.
3061 3561 3289 3629 Quoties
3314 3577 3516 3622 contu-

1931 3640 2130 3696 metliis
2160 3641 2354 3698 affecta
2397 3643 2584 3712 fuerit,
2640 3647 2804 3728 toties
2856 3650 3118 3719 impetum
3164 3654 3219 3707 in
3270 3670 3373 3730 nos
3403 3657 3518 3726 ipsa

1929 3729 2083 3787 facit.
2132 3732 2364 3811 llydr‘am
2429 3737 2602 3807 ipsam
2651 3724 2876 3797 vincere
2922 3744 3135 3811 nititur,
3196 3756 3251 3801 at
3307 3724 3518 3819 quanta

1928 3836 2113 3891 quaeso
2138 3839 2259 3878 cum
2290 3831 2679 3897 exsuperantia
2704 3830 2726 3882 ?
2756 3829 2811 3885 Si
2849 3843 3015 3901 caput
3052 3834 3111 3888 ei‘
3161 3837 3514 3906 prmcidatur,

1931 3911 2221 3967 confestim
2282 3915 2575 3987 multiceps
2635 3920 2994 3992 conspicitur.
3057 3922 3113 3978 Si
3168 3925 3412 3983 maxima
3464 3931 3518 3984 vi

1928 4018 2182 4075 superata
2206 4005 2389 4078 fuerit,
2423 4026 2488 4067 ac
2533 4020 2799 4084 tropaeum
2842 4015 2911 4071 de
2966 4031 3039 4081 ea.
3067 4019 3223 4075 valde
3270 4022 3519 4091 splendi-

1929 4095 2054 4154 dum
2091 4109 2368 4156 statuatur
2414 4102 2599 4172 (liceat
2653 4106 2800 4161 enim
2843 4107 2948 4170 hoc
2982 4125 3202 4178 quoque
3251 4113 3385 4167 mihi
3425 4129 3520 4184 per

1930 4192 2354 4260 superlationem
2384 4195 2564 4267 effari)
2595 4237 2611 4262 ,
2658 4205 2847 4255 tamen
2888 4204 3033 4272 quod
3070 4203 3245 4271 ipsam
3300 4207 3515 4275 attinet,

1929 4284 2272 4343 infestiorem
2295 4301 2357 4343 se
2387 4288 2668 4347 declarare
2701 4303 2957 4348 conatur.
2996 4295 3150 4352 Licet
3197 4300 3523 4369 vagabunda

1930 4375 2024 4432 ﬁat
2085 4386 2140 4433 et
2199 4377 2448 4450 fugitiva,
2504 4380 2754 4439 licettad
2819 4386 3083 4457 inaquosa
3122 4389 3244 4445 loca
3305 4402 3520 4461 pergat,

1932 4477 2112 4524 tamen
2146 4469 2221 4524 ita
2249 4472 2569 4539 revertitur,
2586 4468 2663 4530 ἰιι
2691 4490 2751 4531 se
2794 4477 2969 4547 ipsam
3024 4496 3256 4536 numero
3307 4484 3514 4550 vincat,

1933 4562 2241 4617 secundum
2280 4562 2427 4619 illam
2460 4565 2729 4622 immundi
2752 4569 2980 4638 Spiritus
3006 4571 3519 4645 imaginem.Neque

1932 4662 2114 4708 tamen
2163 4665 2219 4709 et
2263 4656 2382 4711 haec
2412 4666 2469 4712 et
2516 4656 2792 4715 deteriora
2826 4676 3046 4731 quoque
3078 4662 3260 4719 facere
3291 4666 3514 4733 desinit,

1932 4747 2070 4802 adeo
2114 4749 2373 4817 quiddam
2407 4751 2834 4814 inverecundum
2869 4763 2923 4809 et
2961 4754 3270 4835 impudens,
3325 4768 3380 4813 et
3434 4760 3521 4813 fu—

1930 4839 2160 4903 riosum,
2195 4849 2251 4893 et
2286 4840 2583 4912 malignum
2617 4856 2721 4899 est.
2755 4841 3058 4899 lnsoleuter
3116 4845 3298 4899 omnia
3356 4844 3515 4902 facit.

1905 4928 2173 5004 .Caninos
2221 4931 2443 5000 quidem
2496 4926 2687 4990 oculos
2721 4935 2905 5002 habet,
2938 4945 2994 4989 at
3026 4950 3123 4990 cor
3178 4951 3287 4992 non
3334 4939 3521 4994 cervi—
3559 4959 3614 5017 τι

1932 5039 2083 5088 num,
2114 5024 2211 5080 sed
2238 5040 2428 5082 eorum
2451 5028 2649 5098 quibus
2678 5027 2771 5085 ira:
2802 5031 2885 5084 vis
2920 5029 3110 5100 ingens
3137 5042 3219 5085 est
3242 5031 3297 5086 in
3328 5044 3521 5102 pectoo

1931 5127 2014 5169 re.
2050 5111 2231 5170 Unum
2277 5117 2382 5174 hoc
2414 5118 2684 5195 intuetur,
2721 5134 2887 5175 unum
2939 5120 3040 5175 hoc
3092 5121 3338 5191 respicit,
3371 5132 3431 5178 ut
3463 5139 3525 5181 se

1932 5207 2189 5263 fortiores
2217 5223 2283 5263 ac
2323 5212 2637 5281 superiores
2666 5223 3005 5280 prosternat.
3059 5211 3326 5270 Damnum
3357 5231 3522 5274 acce-

1932 5306 2084 5371 ptum
2146 5299 2524 5372 redintegrare
2558 5303 2860 5369 contendit,
2900 5303 3097 5360 et‘illis
3153 5305 3311 5378 longe
3362 5323 3530 5379 supe-

1937 5389 2050 5445 rior
2076 5393 2312 5448 evadere
2344 5393 2434 5464 qui
2460 5393 2613 5463 prius
2638 5410 2759 5451 eam
2802 5397 3147 5453 devicerunt.
3182 5398 3280 5455 His
3338 5404 3526 5457 omnia

1935 5486 2233 5555 pOSIpmtil,
2267 5501 2389 5557 quae
2416 5487 2461 5542 si
2495 5486 2765 5559 duntaxat
2822 5489 3054 5548 feliciter
3087 5493 3357 5559 obtineat,
3388 5495 3525 5551 nihil

1933 5578 2161 5634 omnino
2198 5582 2376 5636 dirum
2449 5592 2686 5652 reputat,
2742 5584 2881 5641 nihil
2960 5587 3330 5654 formidabile,
3378 5589 3518 5644 nihil

1936 5672 2113 5735 triste,
2144 5673 2281 5727 nihil
2312 5673 2391 5729 vel
2431 5673 2801 5732 fmdissimum
2861 5689 3106 5735 veretur.
3141 5679 3205 5734 Et
3257 5680 3386 5749 quid
3420 5695 3523 5749 ego

1934 5762 2003 5818 de
2038 5761 2356 5822 foedissimis
2388 5765 2632 5837 loquor?
2658 5771 2876 5840 quando
2917 5771 2971 5825 iu
3007 5771 3091 5827 eis
3124 5775 3237 5841 ipsa
3270 5770 3371 5825 sibi
3402 5771 3525 5841 pla-

1937 5863 2043 5923 cet,
2098 5856 2385 5929 magisque
2442 5872 2540 5929 per
2592 5875 2655 5917 ea
2739 5875 2901 5932 quam
2957 5860 3163 5932 absque
3217 5861 3299 5934 eis
3362 5862 3528 5934 potiri

3132 5954 3204 6016 15
