3958 6422
450 401 564 466 459

1652 395 2054 460 MANUELIS
2092 395 2544 459 PAL/EOLOGI

3615 397 3719 462 460

451 514 680 571 victoria
744 515 962 586 gaudet.
1025 514 1157 588 Illud
1225 513 1393 568 etiam
1474 523 1718 567 meretur
1775 513 2035 568 iudicari.

2162 513 2628 582 ιστεφανωμένους
2685 512 2833 582 ἡμᾶς
2883 511 3152 581 χορεύειν.
3198 510 3566 581 ’,Ηττηθίλίσης
3612 520 3721 582 γὰρ

451 609 607 664 Tunc
638 608 836 662 animis
891 607 1133 660 dolorem
1195 605 1372 668 indit,~
1409 620 1535 659 cum
1599 620 1696 660 nos
1749 617 2039 661 coronatos

452 702 756 772 tripudiare
786 717 885 771 par
946 713 1086 753 erat.
1119 699 1255 754 Cum
1299 702 1442 754 enim
1503 699 1616 768 ipsa
1679 707 1932 769 superata
1987 708 2041 752 ct

448 809 617 851 ovare
646 808 746 848 nos
777 793 1108 862 :equumlsit,
1143 801 1198 846 et
1221 805 1341 846 cum
1377 791 1561 846 lmtitia
1591 791 1884 856 exsultare,
1940 804 2042 845 nos

451 907 481 945 e
506 889 725 943 diverso
750 886 938 940 tristes
967 901 1180 950 sumtis;
1214 884 1460 952 adeoque
1491 900 1688 938 novum
1717 893 1770 938 et
1800 883 2042 938 insolens

359 1049 364 1063 Ι
452 979 711 1048 quiddam
749 977 902 1031 nobis
941 977 1214 1040 usuvenit,
1277 978 1366 1045 qui
1411 990 1704 1032 maerorem
1768 991 1870 1030 ceu
1925 975 2041 1030 fru-

451 1083 600 1128 ctum
650 1071 941 1140 quemdam
989 1070 1230 1125 victoria:
1285 1080 1651 1138 reportemus.
1714 1067 1808 1126 Vel
1865 1071 2043 1140 potius

456 1163 582 1218 novi
621 1162 756 1216 nihil
810 1162 967 1216 nobis
1032 1162 1257 1216 accidit.
1315 1161 1712 1233 Catrigendum
1765 1172 1851 1216 est
1897 1161 2043 1216 enim

455 1259 604 1326 quod
653 1256 914 1310 diximus.
973 1254 1186 1322 Quippe
1246 1268 1354 1308 non
1426 1263 1717 1324 propterea
1797 1254 2044 1310 dolemus

456 1347 603 1416 quod
645 1330 876 1400 victoria
924 1346 1081 1414 potiti
1113 1345 1288 1400 simus
1323 1347 1470 1417 (nam
1529 1345 1632 1400 ltoc
1675 1345 1835 1400 modo
1887 1346 2046 1400 nobis

457 1441 616 1510 plane
650 1448 1022 1494 monstrosum
1073 1439 1327 1508 quiddam
1382 1437 1785 1510 contingeret),
1820 1438 1916 1494 sed
1959 1437 2046 1492 fu-

462 1548 641 1588 rorem
684 1533 852 1602 hujus
885 1543 1077 1587 contra
1133 1546 1254 1596 nos,
1291 1541 1344 1586 et
1380 1546 1622 1587 atrocem
1674 1531 1833 1596 iram,
1873 1541 1929 1586 et
1964 1532 2049 1584 in-

461 1624 885 1694 comparabilem
918 1623 1248 1678 simultatem
1284 1623 1582 1688 intuentes,
1639 1623 1893 1692 Quodque
1932 1622 2049 1679 ﬁeri

462 1719 531 1772 de
569 1731 627 1772 se
667 1716 906 1784 quidvis,
949 1715 1166 1782 quidvis
1201 1714 1360 1768 lacile
1392 1715 1499 1785 pati
1543 1714 1726 1780 vellet,
1782 1716 1908 1770 dum
1951 1732 2050 1771 no-

462 1817 637 1860 strum
673 1804 1208 1875 spectatintcritum,
1242 1819 1348 1858 non
1384 1813 1490 1858 tam
1526 1803 1634 1858 laeti
1670 1821 1861 1860 sumus
1883 1822 2046 1875 quam

459 1899 580 1968 jure
643 1897 928 1968 riugimur.
975 1895 1190 1950 Scimus
1244 1895 1413 1962 enim,
1451 1896 1654 1951 scimus
1712 1911 1832 1950 eam
1889 1896 2048 1950 tinem

463 2005 661 2060 pugnae
717 1999 908 2044 contra
969 2005 1072 2044 nos
1147 1988 1372 2043 minime
1433 1987 1718 2043 facturam.
1778 1987 2047 2042 Nimirum

460 2098 678 2148 semper
717 2083 805 2137 illa
841 2083 986 2137 bello
1019 2098 1118 2137 nos
1141 2091 1306 2153 petet,
1349 2091 1401 2138 ct
1435 2093 1623 2153 aperte
1662 2091 1826 2151 atque
1863 2084 2042 2139 acrius

461 2189 684 2229 manum
719 2175 860 2228 vieta
905 2183 1178 2229 conseret.
1221 2173 1412 2244 Itaque
1455 2190 1565 2243 pra:
1603 2174 1894 2228 formidine
1955 2190 2048 2229 su-

461 2276 772 2336 spectarum
816 2282 1022 2328 rerum,
1074 2281 1211 2335 quas
1265 2266 1424 2323 tmbis
1459 2267 1609 2321 illam
1648 2278 1912 2337 perpetuo
1942 2268 2052 2324 sci-

2147 604 2342 673 αύτῆς,
2378 605 2618 668 παιᾶνας
2651 604 2800 675 ᾄδειν
2825 606 3126 675 προσῆκον,
3163 607 3258 658 καὶ
3313 605 3552 674 σκιρτᾷν
3583 605 3724 672 μετὰ

2146 695 2525 765 φαιδρότητος.
2573 695 2766 764 Ἡμεῖς
2799 695 2855 747 δὲ
2878 694 3014 757 τέως
3071 695 3413 763 λυπούμεθα,
3471 696 3569 749 καὶ
3605 696 3725 749 ἄτο-

2146 790 2246 840 πόν
2284 805 2334 840 τι
2365 788 2653 857 πάσχομεν
2682 787 2875 850 πάθος,
2909 787 3090 856 λύπην
3125 788 3233 841 ἀπὸ
3283 788 3444 858 νίκης
3473 787 3725 858 καρπού-

2151 898 2324 950 μενοι.
2355 881 2579 934 Μᾶλλον
2618 880 2675 934 δὲ
2703 881 2802 934 οὐκ
2851 882 3052 936 ἄτοπον
3103 881 3408 950 πάσχομεν.
3463 883 3556 933 Δεῖ
3616 880 3724 950 γὰρ

2145 971 2550 1042 διορθώσασθαι
2581 971 2641 1025 τὸ
2689 972 2876 1043 ῥηθέν.
2912 973 2985 1025 Οὐ
3019 972 3127 1043 γὰρ
3151 973 3238 1026 διὰ
3270 973 3330 1024 τὸ
3372 973 3598 1041 νικῆσαι
3629 973 3726 1026 λο-

2147 1061 2403 1130 πούμεθα
2434 1058 2524 1134 (ἦν
2553 1063 2661 1134 γὰρ
2699 1062 2765 1117 ἂν
2795 1062 2970 1137 ταύτῃ
2993 1063 3054 1115 τὸ
3084 1064 3254 1126 πάθος
3287 1064 3612 1134 περιφανῶς
3635 1064 3729 1117 ἀλ-

2146 1152 2416 1223 λόκοτον),
2475 1154 2596 1207 ἀλλ’
2660 1155 2743 1218 είς
2799 1155 2899 1222 τὴν
2953 1155 3158 1224 ταύτης
3216 1153 3420 1206 λύτταν
3453 1155 3554 1222 τήν
3603 1153 3725 1208 καθ’

2149 1247 2329 1317 ἡμῶν,
2378 1248 2473 1301 καὶ
2529 1247 2620 1300 τὸν
2654 1248 2978 1301 ἀνείκαστον
3025 1247 3220 1318 θυμὸν,
3264 1247 3357 1300 καλ⁵
3389 1247 3486 1318 τήν
3513 1247 3728 1317 ἀπαρά-

2154 1340 2342 1412 μιλλον
2395 1338 2512 1409 ἔριν
2564 1339 2822 1408 ὁρῶντες,
2867 1339 2960 1391 καὶ
3001 1338 3076 1401 ὠς
3130 1340 3312 1392 πάντα
3375 1338 3443 1391 ἂν
3493 1339 3724 1407 γένοιτο.

2151 1433 2246 1486 καὶ
2275 1433 2452 1486 πάντα
2492 1432 2658 1486 πάθοι
2697 1433 2921 1502 ῥᾳδίως,
2980 1432 3118 1500 πρὸς
3167 1432 3267 1498 τὴν
3315 1431 3597 1500 ἡμετέραν
3627 1447 3727 1483 κα-

2154 1528 2402 1598 θαίρεσιν
2438 1527 2729 1596 ἀφορῶσα,
2765 1527 2826 1579 ού
2857 1526 3060 1596 μᾶλλον
3091 1523 3530 1595 εὐφραινόμεθα,
3586 1525 3620 1593 ἦ
3649 1525 3726 1577 διο

2154 1619 2327 1680 καίως
2351 1619 2717 1689 ἁσχάλλομεν.
2761 1617 2949 1688 ἰσμεν
2980 1618 3112 1689 γὰρ,
3138 1617 3298 1687 ίσμεν
3334 1616 3506 1686 αὐτὴν
3555 1617 3728 1686 μηδαυ

2159 1711 2274 1782 μῶς
2302 1728 2366 1780 γε
2402 1710 2672 1781 λήξουσαν
2704 1710 2886 1782 μάχης
2921 1711 3019 1780 τῆς
3056 1712 3194 1780 πρὸς
3249 1711 3419 1780 ἡμᾶς.
3463 1709 3582 1763 Ἀεὶ
3623 1709 3730 1779 γὰρ

2157 1805 2328 1876 δήπου
2357 1804 2449 1856 καὶ
2485 1803 2812 1874 πολεμήσει,
2845 1806 2944 1857 καὶ
2977 1801 3438 1874 συμπλακήσεται
3479 1801 3731 1870 φανερῶς

2163 1897 2305 1968 μετὰ
2330 1897 2430 1968 τήν
2459 1892 2630 1968 ἧτταν
2684 1898 3014 1966 δεινότερον.
3069 1897 3372 1966 Ἀλγοῦμεν
3425 1895 3608 1950 τοίνυν
3655 1898 3732 1967 τῷ

2157 1990 2265 2042 δέει
2289 1989 2400 2042 τῶν
2432 1990 2801 2060 ὑφορωμένων
2851 1990 3218 2059 πραγμάτων,
3316 1988 3379 2060 δὴ
3408 1989 3616 2060 ταύτην
3643 1989 3731 2057 ἔγ-

2157 2101 2336 2150 νωμεν
2368 2083 2754 2154 παρεξομένην
2787 2083 3073 2153 διηνεκῶς,
3185 2057 3454 2152 χαίρομεν
3485 2083 3564 2152 τῷ
3599 2099 3732 2136 νενι-

2154 2177 2410 2244 κηκέναι.
2448 2177 2661 2239 Πάντες
2695 2177 2806 2247 γὰρ
2847 2178 2962 2238 τοῖς
2993 2174 3234 2244 φθάσασι
3297 2176 3357 2228 τδ
3417 2175 3614 2244 μέλλον
3670 2191 3729 2239 γε

2163 2269 2391 2332 δικαίως
2421 2269 2843 2340 τεκμαίρονται.

460 2375 584 2415 mus
626 2359 1020 2425 exhibituram,
1059 2357 1112 2412 in
1142 2359 1330 2415 dolore
1353 2359 1545 2428 majori
1596 2375 1884 2414 versamur
1910 2375 2076 2432 quam
2118 2361 2301 2417 laetitia
2336 2363 2406 2418 sit
2441 2377 2506 2416 ex
2557 2362 2786 2418 victoria
2828 2370 3006 2434 parta.
3060 2358 3196 2415 Nam
3233 2375 3390 2416 nemo
3440 2377 3551 2419 non
3614 2362 3734 2434 jure

477 2457 544 2509 de
577 2455 642 2511 iis
679 2469 798 2524 qua:
829 2454 979 2524 prius
1045 2469 1276 2510 evenere
1314 2458 1458 2526 quod
1495 2454 1733 2511 futurum
1785 2466 1868 2514 est
1902 2459 2146 2528 conjicit.

534 2548 812 2604 Hactenus
852 2549 916 2602 de
945 2548 1221 2618 voluptate
1255 2549 1460 2605 dictum
1517 2561 1657 2618 esto,
1707 2553 2052 2624 quandoqui-

461 2644 584 2694 dem
622 2641 849 2693 ultcrins
885 2640 1137 2708 progredi
1172 2657 1277 2694 non
1311 2653 1546 2712 oportet.
1585 2631 1719 2700 Nam
1756 2647 1885 2702 mihi
1924 2648 2046 2717 qui-

462 2737 586 2805 dem
647 2735 882 2797 videtur,
935 2748 1032 2788 nec
1073 2749 1194 2788 cum
1253 2737 1342 2802 qui
1381 2734 1447 2790 de
1489 2737 1594 2792 hac
1650 2738 1811 2792 verba
1867 2738 2049 2801 faciat,

466 2822 626 2876 facile
656 2821 759 2875 hoc
799 2825 1013 2893 assequi
1048 2841 1231 2894 posse,
1260 2836 1317 2899 ut
1352 2838 1611 2883 accurate
1641 2843 1752 2883 rem
1780 2830 2047 2900 perﬁciat;

465 2932 566 2971 nec
603 2916 974 2986 prolixitatem
1011 2920 1182 2974 vitare
1213 2921 1506 2988 volentem,
1552 2939 1673 2994 qua:
1708 2926 1773 2980 de
1806 2925 1910 2980 hac
1967 2926 2052 2979 di-

462 3010 631 3064 cenda
675 3009 922 3074 veniunt,
986 3012 1262 3082 explicare
1316 3013 1555 3070 dilucide
1593 2998 1776 3085 posse.
1841 3015 2051 3071 Saltem

466 3105 572 3158 hoc
624 3118 790 3156 unum
855 3105 1070 3159 caeteris
1125 3105 1494 3176 adjiciendum
1549 3117 1652 3163 est.
1716 3107 2054 3162 Multiforme

464 3195 736 3263 quoddam
809 3197 868 3248 Iit
925 3208 1254 3264 monstrum,
1300 3201 1468 3255 variis
1525 3200 1763 3255 vultibus
1823 3200 2051 3254 nimium

464 3296 728 3356 quantum
757 3285 952 3342 fallens
988 3305 1050 3344 ac
1087 3305 1290 3345 nocens
1321 3309 1333 3345 :
1368 3301 1530 3362 atque
1561 3291 1636 3345 uti
1670 3292 1882 3345 minora
1918 3304 2054 3357 pra:-

2237 2554 2383 2619 Ἕως
2416 2548 2517 2608 ὦδε
2546 2553 2614 2606 τὰ
2650 2554 2906 2625 περὶτῆς
2935 2554 3134 2626 ἡδονῆς
3167 2555 3344 2621 ἔσται,
3381 2555 3506 2610 ἐπεὶ
3553 2555 3629 2627 μὴ
3661 2555 3733 2608 δεῖ

2162 2646 2496 2716 περαιτέρω.
2522 2646 2659 2700 Οὔτε
2691 2647 2801 2717 γὰρ
2832 2649 2887 2708 ἐς
2939 2647 3205 2718 τάκριϐὲς
3235 2647 3414 2700 ἐλθεῖν
3469 2666 3560 2713 μοι
3590 2649 3735 2702 δοκεῖ

2161 2739 2349 2810 ῥᾴδιον
2380 2735 2524 2792 εῖναι
2555 2740 2645 2792 τὸν
2674 2739 2804 2809 περὶ
2835 2738 3042 2811 ταύτης
3077 2738 3329 2807 λέγοντα,
3372 2739 3497 2792 οὗτε
3542 2741 3603 2793 τὸ
3638 2744 3735 2812 μῆ-

2160 2848 2254 2893 κος
2287 2831 2516 2885 θέλοντα
2543 2830 2793 2898 φεύγειν,
2820 2832 2890 2885 τὰ
2917 2832 3037 2885 κατ’
3067 2831 3240 2902 αὐτὴν
3269 2831 3532 2899 καθαρῶς
3563 2834 3735 2886 είπεῖν

2159 2923 2486 2994 δυνηθῆναι.
2519 2923 2670 2996 Πλήν
2703 2925 2880 2978 ἐκεῖνό
2939 2941 3002 2992 γε
3037 2925 3198 2994 μόνον
3251 2925 3603 2978 ὲπιλεκτέον·
3637 2944 3733 2979 πο⁹

2161 3016 2444 3088 λύμορφόν
2494 3035 2547 3070 τι
2601 3017 2850 3085 γίγνεται
2894 3018 3087 3088 τέρας,
3136 3016 3508 3090 παντοδαπαῖς
3572 3018 3737 3081 ίδέαις

2163 3108 2518 3178 παράγουσα,
2571 3109 2666 3161 καὶ
2723 3108 3106 3176 λυμαινομένη
3157 3109 3326 3162 πόσον
3376 3109 3591 3176 δοκεῖς;
3632 3113 3738 3165 Καὶ

2165 3201 2254 3254 ἵνα
2282 3201 2350 3254 τὰ
2381 3201 2600 3254 ἐλάσσω
2635 3201 2818 3271 παρῶ,
2841 3201 3024 3271 εὕροις
3055 3200 3121 3254 ἂν
3153 3201 3252 3271 τὴν
3281 3203 3498 3272 ἡδονήν,
3531 3205 3591 3257 τὸ
3617 3204 3737 3257 κατ’

2165 3291 2336 3360 αὐτὴν
2367 3289 2576 3346 ἄνωθεν
2622 3290 2907 3357 ἐξετάσας,
2937 3291 3220 3356 ἀπωλείας
3275 3293 3438 3347 ἓνεκα
3475 3297 3738 3349 παντοδα-

467 3389 786 3453 termittam,
823 3387 1068 3442 invenias
1101 3386 1456 3457 voluptatem,
1492 3387 1539 3439 si
1581 3385 1650 3439 ab
1703 3384 1916 3454 origine
1961 3398 2052 3435 na-

2163 3385 2271 3453 πὴν
2301 3387 2616 3452 γεγονυῖαν.
2648 3384 2800 3453 Αὕτη
2834 3385 2934 3448 τὰς
2981 3386 3215 3456 νιφάδας
3277 3387 3371 3442 τοῦ
3431 3389 3604 3460 πυρὸς
3645 3381 3736 3442 ὖσέ

469 3494 644 3536 turam
669 3480 785 3550 ejus
813 3478 1209 3547 exploraveris,
1234 3477 1497 3533 interitus
1528 3475 1858 3544 procurandi
1887 3489 2052 3529 causa

467 3575 617 3628 varie
659 3572 1132 3627 transfortnatam.
1173 3571 1300 3625 Haec
1337 3569 1537 3624 nimbis
1569 3567 1748 3638 igneis
1775 3567 1906 3622 olim
1957 3567 2056 3622 So-

467 3664 684 3721 domitis’
705 3665 886 3736 pluit;
922 3665 1038 3720 ltzec
1071 3663 1285 3718 telluris
1318 3662 1545 3730 abyssos
1574 3661 1810 3730 aperuit,
1844 3662 2054 3729 ipsum-

469 3775 574 3828 que
603 3759 826 3822 caelum,
867 3767 925 3811 ut
963 3758 1129 3811 etiam
1162 3765 1360 3807 natura
1397 3752 1630 3806 rationis
1659 3767 1857 3822 expers
1894 3753 2057 3806 inun-

467 3856 690 3906 daretur
710 3864 978 3919 aquarum
1003 3847 1232 3911 diluvio,
1257 3843 1528 3913 quamvis,
1557 3854 1616 3898 ut
1637 3855 1825 3898 natura
1846 3853 2054 3911 nostra,

472 3953 559 3992 rea
588 3953 696 3992 non
731 3948 902 3994 esset.
943 3934 1201 4006 Expende
1237 3933 1393 4000 mihi,
1431 3948 1638 4004 quaeso,
1673 3933 1892 3990 Judmos
1929 3936 2055 3993 illos

468 4031 637 4100 quiin
699 4031 996 4086 solitudine
1056 4027 1320 4097 prostrati
1374 4028 1792 4094 occubuerunt;
1855 4030 2056 4099 ubique

469 4123 772 4178 facinorum
802 4121 922 4191 ejus
953 4119 1182 4188 vestigia
1217 4121 1406 4175 videre
1437 4121 1588 4182 licet,
1625 4138 1692 4176 ne
1744 4137 1933 4174 rursus
1969 4121 2054 4178 liis

471 4216 820 4273 recensendis
849 4217 1223 4269 immorentur.
1250 4211 1363 4269 Hoc
1389 4225 1573 4270 autem
1600 4213 1651 4267 in
1676 4228 1736 4267 ea
1760 4215 2054 4282 pessimum

469 4309 634 4376 quod,
677 4323 801 4362 cum
838 4307 951 4361 haec
983 4315 1111 4359 nota
1141 4305 1300 4361 nobis
1329 4306 1460 4370 sint,
1495 4315 1674 4360 tamen
1723 4318 1843 4357 eam
1892 4304 2058 4359 relin-

470 4417 638 4469 quere
675 4415 781 4454 non
833 4398 1299 4470 possimus,'licet
1365 4399 1418 4454 id
1457 4398 1612 4453 valde
1651 4395 1922 4462 velimus;
1973 4399 2054 4451 vel

471 4513 501 4545 ιι
547 4493 870 4555 contrario,
941 4506 1064 4546 cum
1129 4490 1362 4556 fortasse
1419 4491 1716 4560 possimus,
1777 4487 2053 4542 nolumus.

471 4587 814 4655 Quapropter
840 4598 899 4637 ea
930 4593 1125 4638 natura
1169 4582 1469 4652 voluptatis
1511 4591 1614 4642 est,
1654 4578 1796 4632 utin
1847 4587 2056 4633 utram-

471 4691 577 4742 que
607 4682 820 4744 partem
849 4676 1049 4727 malum
1081 4675 1152 4727 sit
1173 4682 1224 4728 et
1248 4670 1636 4726 detrimentum
1664 4667 2052 4734 certissimum,

471 4769 578 4822 illis
603 4767 975 4839 inquam,.qui
1005 4781 1110 4820 non
1140 4761 1352 4832 prediti
1386 4768 1514 4814 sunt
1552 4759 1736 4811 animo
1792 4757 1949 4811 ﬁrmo
1997 4773 2061 4814 ac

471 4859 652 4913 stabili
689 4867 744 4914 et
771 4858 1049 4912 variarum
1083 4869 1266 4908 rerum
1324 4850 1686 4919 experientia,
1748 4858 1804 4904 et
1838 4849 2058 4906 institu-

475 4951 618 5003 tione
644 4948 928 5019 prceclara,
963 4957 1019 5000 et
1049 4953 1231 4999 mente
1284 4940 1433 4994 vitiis
1467 4939 1612 4992 haud
1667 4939 1969 5008 inquinata,
2007 4953 2062 4996 et

471 5041 656 5094 indole
694 5039 880 5109 gloriae
911 5033 1132 5104 cupida,
1188 5039 1242 5084 et
1294 5029 1574 5086 voluntate
1611 5034 1847 5096 scipsam
1913 5032 2064 5085 exci-

472 5144 642 5193 tante,
685 5146 750 5184 ae
780 5141 1000 5196 semper
1057 5126 1124 5177 ad
1158 5109 1528 5192 pulcherrima
1561 5123 1768 5190 quaevis
1827 5131 1880 5176 et
1918 5124 2060 5190 opti-

475 5244 561 5282 ma
614 5223 862 5296 proclivi,
899 5233 1130 5289 quaque
1165 5217 1303 5272 satis
1363 5212 1589 5273 omnino
1636 5219 1834 5272 virium
1866 5219 2060 5274 babeat

473 5321 538 5371 ad
579 5314 983 5383 intelligendum
1014 5303 1357 5378 quaecunque
1411 5310 1649 5364 divinam
1697 5312 1762 5366 ad
1806 5312 2059 5365 virtutem

473 5425 573 5463 ceu
634 5407 912 5475 principes
966 5418 1151 5459 causa:
1213 5417 1314 5457 nos
1365 5403 1682 5472 deducunt;
1721 5419 1820 5459 nec
1879 5405 2062 5460 minus

473 5500 810 5567 cupiditatis,
841 5499 906 5552 ad
934 5495 1390 5567 perseverandum
1418 5497 1470 5549 in
1502 5496 1573 5550 iis
1603 5512 1725 5567 qua:
1761 5497 2063 5565 pulcherri-

475 5605 559 5641 ma
596 5603 719 5640 esse
749 5595 909 5654 atque
952 5587 1156 5656 optima
1190 5594 1582 5654 cognoverunt.
1643 5585 1877 5651 Quinam
1933 5602 2062 5655 ergo

476 5682 606 5733 tanti
624 5680 724 5731 viri
754 5677 976 5743 fuerint,
999 5689 1054 5732 ut
1084 5693 1206 5748 qua:
1229 5679 1395 5732 nimia
1417 5688 1565 5743 sunt,
1591 5689 1742 5733 recto
1763 5679 2060 5749 voluptatis

467 5787 569 5823 usu
593 5773 762 5825 vitare
803 5769 1120 5838 potuerint?
1152 5768 1462 5840 Perpaucos
1485 5771 1794 5840 ltujusmodi
1842 5785 1942 5825 nos
1975 5771 2055 5823 in-

2166 3492 2292 3528 ποτε
2349 3476 2710 3546 Σοδομίταις,
2754 3477 3027 3540 ἀϐύσσους
3079 3479 3180 3546 γῆς
3238 3479 3468 3549 ἀνέῳξε,
3518 3482 3613 3535 καὶ
3644 3481 3734 3534 αύο

2161 3568 2254 3620 τὸν
2296 3567 2392 3620 τὸν
2419 3569 2672 3640 ούρανδν,
2709 3569 2784 3631 ὡς
2823 3571 3274 3640 κατακλυσθῆναι
3306 3571 3400 3624 καὶ
3431 3571 3595 3640 φύσιν
3620 3573 3739 3626 ἄλο-

2163 3676 2280 3726 γον,
2313 3660 2414 3712 οὐκ
2470 3660 3059 3732 ἐνεχομένην,’ὥσπερ
3092 3666 3123 3732 ἡ
3155 3663 3422 3732 ἡμετέρα.
3463 3663 3534 3716 Σὺ
3567 3664 3624 3717 δέ
3653 3681 3740 3734 μοι

2162 3750 2384 3818 λογίζου
2433 3752 2562 3815 τοὺς
2603 3755 2660 3804 ὲν
2701 3755 2898 3823 ἐρήμῳ
2957 3755 3227 3818 πεσόντας
3274 3756 3382 3808 τῶν
3440 3755 3735 3810 Ἰουδαίων.

2163 3844 2244 3895 Τὰ
2297 3844 2506 3914 ταύτης
2569 3845 2852 3915 πανταχοῦ
2915 3845 3349 3916 κατορθώματα,
3387 3846 3475 3900 ἵνα
3519 3851 3596 3918 μὴ
3647 3837 3739 3900 καὶ

2160 3930 2318 3998 αὖθις
2374 3935 2750 4006 διατρίϐωμεν
2804 3937 3228 4005 καταλέγοντες.
3282 3938 3356 3991 Τὸ
3397 3938 3455 3992 δὲ
3507 3941 3738 4008 ταυτησὶ

2162 4028 2459 4097 χείριστον,
2496 4029 2577 4084 ὅτι
2609 4028 2782 4083 ταῦτα
2817 4028 3184 4096 γινώσκοντες
3217 4031 3267 4083 οἱ
3291 4029 3601 4100 ἄνθρωποι,
3640 4034 3738 4085 οὐκ

2161 4119 2548 4189 ἀπαλλαγῆναι
2579 4121 2888 4191 δυνάμεθα,
2947 4121 3159 4194 σφόδρα
3201 4122 3448 4185 θέλοντες
3476 4140 3490 4154 °
3543 4125 3576 4192 ἢ
3617 4125 3740 4177 τού-

2162 4211 2376 4264 ναντίον
2424 4214 2556 4275 ίσως
2609 4214 2923 4284 δυνάμενοι,
2958 4217 3020 4268 οὐ
3065 4214 3392 4284 βουλόμεθα.
3421 4215 3578 4270 Ὢσθ’
3616 4217 3743 4270 ἑκα-

2160 4302 2402 4371 τέρωθεν
2432 4305 2629 4384 κακδν,
2662 4308 2758 4359 καὶ
2796 4309 3182 4377 ἀπαραίτητον
3217 4309 3480 4378 βλαεερῦν
3511 4311 3543 4379 ἡ
3577 4311 3737 4380 ἡδονὴ

2161 4396 2409 4462 πέφυκεν
2438 4393 2583 4450 εἶναι
2607 4413 2620 4426 °
2652 4398 2797 4465 λέγω
2827 4402 2884 4453 δὲ
2933 4403 3154 4465 πάντως
3193 4403 3449 4469 ἐκείνοις,
3501 4405 3616 4468 τοῖς
3671 4402 3742 4473 μὴ

2164 4486 2398 4557 βεϐηκός
2423 4505 2479 4541 τε
2506 4491 2604 4543 καὶ
2635 4491 2837 4562 πάγιον
2877 4495 3245 4565 κεκτημένοις
3309 4497 3586 4568 φρόνημα,
3647 4494 3738 4550 καὶ

2163 4583 2366 4650 πεῖραν
2413 4585 2762 4652 πραγμάτων
2795 4588 3190 4654 παντοδαπῶν,
3221 4594 3314 4644 καὶ⁵
3340 4591 3590 4644 παιδείαν
3614 4592 3743 4657 ἀγα-

2166 4673 2294 4742 θήν,
2334 4677 2433 4729 καὶ
2459 4675 2584 4729 νοῦν
2619 4677 2896 4733 ἀθόλωτον
2937 4681 3161 4749 πάθεσι,
3193 4682 3286 4736 καὶ
3336 4684 3537 4753 τρόπον
3589 4683 3744 4750 δόξης

2168 4764 2402 4835 ἐρῶντα,
2440 4770 2534 4820 καὶ
2566 4769 2702 4833 ὅλως
2737 4788 2800 4837 γε
2845 4773 3068 4842 θέλησιν
3098 4773 3483 4844 αὐτοκίνητον,
3529 4777 3620 4829 καὶ
3660 4774 3745 4827 ἀεὶ

2169 4855 2267 4926 τὴν
2303 4857 2497 4944 ῥοπὴν.
2524 4862 2876 4933 κεκτημένην
2910 4865 3046 4934 πρὸς
3073 4866 3098 4918 ὅ
3133 4883 3186 4918 τι
3221 4865 3510 4922 κάλλιστόν
3540 4884 3598 4920 τε
3655 4869 3745 4919 καὶ

2169 4949 2474 5020 βέλτιστον,
2519 4951 2578 5004 εὖ
2620 4953 2718 5020 μὲν
2749 4953 3041 5026 δυνάμεως
3073 4959 3303 5028 ἔχουσαν
3367 4961 3595 5027 γνῶναι,
3644 4961 3742 5013 ὅσα

2172 5041 2472 5095 αίτιώτατα
2509 5043 2649 5113 πρὸς
2697 5045 2794 5116 τὴν
2831 5046 2985 5102 θείαν
3020 5049 3223 5121 ἀρετὴν
3272 5051 3406 5104 ὄντα
3461 5053 3738 5122 τυγχάνειν

2171 5132 2230 5187 εὖ
2291 5135 2347 5188 δὲ
2399 5135 2713 5207 βουλήσεως
2763 5140 2951 5206 μένειν
3012 5143 3098 5212 ἐφ’
3154 5137 3237 5207 οἷς
3285 5145 3599 5208 καλλίστοις
3652 5144 3744 5198 καὶ

2171 5227 2420 5296 ἀρίστοις
2453 5227 2709 5296 ἔγνωσαν
2736 5231 2878 5287 οὖσι.
2919 5234 3078 5298 Τίνες
3113 5233 3207 5289 οὖν
3241 5238 3306 5290 ἂν
3333 5234 3443 5290 εῐεν
3481 5239 3741 5296 τοσοῦτοι,

2170 5317 2245 5378 ὡς
2280 5317 2572 5386 διαφυγεῖν
2601 5323 2701 5390 τῆς
2734 5321 2931 5392 ἡδονῆς
2963 5324 3061 5397 τὰς
3094 5323 3405 5394 ὑπερϐολὰς
3455 5327 3740 5396 δυνηθῆναι

2174 5411 2241 5478 τῇ
2283 5411 2587 5482 γιγνομένῃ
2647 5428 2711 5480 γε
2743 5414 2951 5484 ταύτης
2999 5416 3240 5486 χρήσεις
3275 5417 3478 5486 Ὀλίγοι
3539 5436 3631 5489 μοι
3661 5419 3742 5471 δο-

2175 5501 2368 5556 κοῦσιν
2391 5505 2941 5576 εύρεθήσεσθαι,καὶ
2990 5503 3140 5562 οὗτοί
3198 5527 3260 5578 γε
3316 5513 3743 5583 παρενεγκόντες

2174 5597 2302 5658 τοὺς
2331 5596 2524 5662 ἄλλους
2559 5599 2740 5669 πολλῷ
2763 5599 2842 5670 τῷ
2870 5601 3040 5671 μέσῳ.
3074 5603 3206 5656 Ὂτε
3233 5605 3340 5675 γὰρ
3361 5607 3453 5658 τὸν
3472 5606 3742 5675 ὀφθαλμὸν

2174 5687 2273 5758 τῆς
2301 5686 2480 5758 ψυχῆς
2509 5691 2720 5759 τυφλοί,
2769 5691 2865 5746 καὶ
2909 5694 3206 5763 μαλακίζει
3235 5698 3327 5749 τὸν
3360 5697 3562 5768 ταύτης,
3598 5698 3740 5751 τόνον

2168 5782 2200 5850 ἡ
2235 5781 2334 5850 τῆς
2366 5781 2563 5852 ἡδονῆς
2594 5783 2738 5852 ἴυγξ,
2772 5783 2891 5849 πῶς
2924 5787 2988 5840 ού
3029 5787 3091 5839 τὸ
3131 5787 3337 5858 ταύτης
3381 5789 3667 5858 ἐπαγωγόν
3690 5807 3738 5843 τε

470 5872 731 5918 venturos
766 5864 1019 5932 arbitror,
1038 5864 1127 5934 qui
1151 5864 1365 5948 quidem
1390 5864 1489 5934 ipsi
1512 5875 1734 5921 ριιιιετοε
1755 5863 1913 5933 longo
1933 5874 2052 5943 post

2162 5871 2263 5924 mi
2297 5870 2486 5941 θέλγον
2521 5874 2750 5946 μονονοὺ
2774 5876 2882 5950 ,καί
2915 5876 3136 5946 φύσεως
3203 5879 3598 5952 ίσχυρότεροη
3653 5901 3735 5939 κα-
