3958 6418
232 376 338 441 ιῦἱ

1637 353 1936 418 ORATIO
1980 354 2047 416 ιτ.

3395 345 3502 411 ιῦἓ

228 495 278 544 εἰ
304 491 426 552 ταῖς
460 485 786 557 ὕπερόολαῖς
818 483 927 536 τῶν
955 483 1191 553 ἡδίστων
1251 479 1507 533 κάκιστοι
1537 478 1803 546 γινόμεθα

1941 491 1968 526 c
1997 469 2283 526 intervallo
2315 468 2670 538 reliquerunt.
2693 467 2830 524 Nam
2863 484 2984 525 cum
3037 469 3290 526 illecebra
3338 467 3502 523 volu-

231 582 438 644 πάντες
462 579 742 648 ἄνθρωποι
769 578 852 648 (οὐ
878 576 987 645 γὰρ
1029 575 1197 638 ἔστιν,
1252 573 1354 626 οὐκ
1409 571 1556 624 ἐστιν
1614 571 1822 633 αὑταῖς.

227 673 574 744 χρωμένους,
606 670 848 738 ἀγαθοὺς
887 664 1073 737 εἶναι),
1102 667 1163 720 τὸ
1192 665 1248 718 δὲ
1307 663 1531 735 μέτριον
1573 664 1798 734 ἄριστον

229 761 535 833 πανταχοῦ,
578 764 831 815 τοσοῦτον
883 759 940 812 δὲ
980 759 1242 827 χαλεπὸν,
1281 755 1379 838 καί
1441 755 1680 826 μάλιστά
1738 770 1806 821 γε

231 853 492 920 ἐνταῦθα,
525 853 720 906 ὁπόσον
766 851 897 920 ἄρτι
934 850 1244 920 δεδήλωκεν
1271 851 1407 920 ἡμῖν
1438 850 1464 900 ό
1497 847 1624 915 λόγο
1649 864 1664 879 ο
1693 847 1814 910 πῶς

229 949 332 1003 οῦκ
357 948 619 1016 ἄντικρυς
653 946 826 999 κακον
865 944 942 1012 τῷ
977 943 1080 1011 βίῳ
1111 943 1144 1012 ἡ
1187 942 1376 1012 ἡδονὴ,
1401 940 1470 996 δι’
1508 941 1571 1012 ῆν
1627 956 1815 1010 παρα-

233 1037 554 1108 καλούμεθά
586 1054 644 1090 τε
664 1038 758 1089 καὶ
780 1033 1083 1105 βιαζόμεθα
1110 1033 1250 1102 πρὸς
1275 1033 1375 1096 τὰς
1393 1033 1614 1098 ἐκείνης
1642 1031 1745 1085 ύπε
1758 1048 1816 1101 ρ-

235 1131 420 1196 ὃολὰς,
456 1131 525 1184 δι’
552 1131 618 1193 ἃς
656 1147 720 1199 γε
749 1130 925 1200 δήπου
954 1128 1062 1181 τῶν
1087 1127 1274 1180 καλῶν
1304 1128 1400 1182 καὶ
1422 1127 1532 1180 τῶν
1568 1127 1814 1196 ἀγαθῶν,

236 1225 348 1278 τῶν
378 1241 438 1276 τε
468 1222 586 1286 νῦν,
633 1223 744 1275 τῶν
779 1240 839 1274 τε
888 1222 1199 1290 μελλόντων
1248 1222 1590 1290 ἐκπίπτομεν
1639 1222 1817 1275 ἃπαν-

231 1334 328 1378 τες
350 1337 363 1383 ;
387 1315 495 1370 Ἦν
522 1317 631 1385 ἄρα
651 1318 906 1386 κρεῖττον
938 1315 1199 1384 τοιαύτην
1253 1313 1419 1368 οὖσαν
1467 1314 1566 1384 τὴν
1595 1314 1817 1384 ἡδονὴν.

236 1409 428 1463 ὁποίαν
485 1426 550 1474 γε
584 1411 719 1479 ἡμῖν
769 1407 1082 1477 δια-γράψας
1121 1409 1148 1460 ὁ
1217 1407 1378 1474 λόγος
1426 1407 1653 1473 ἔδειξεν,
1715 1408 1816 1460 οὐκ

235 1500 484 1572 ἀκριϐῶς
525 1499 622 1568 μὲν
657 1494 815 1568 οἶμαι
843 1499 1216 1564 παντάπασιν,
1252 1497 1328 1561 ὡς
1383 1498 1427 1550 δ’
1463 1494 1557 1551 οὖν
1589 1494 1701 1552 οἷόν
1755 1515 1817 1551 τε

238 1591 485 1660 ὑπῆρξεν
511 1589 728 1659 εκείνην
759 1587 1236 1652 διατυπώσασθαι,
1295 1588 1569 1658 μηδαμῶς
1612 1589 1819 1660 ταύτην

239 1680 406 1746 εἶναι,
444 1681 579 1751 μηδὲ
610 1683 868 1749 παρεῖναι
895 1681 1033 1750 τῷδε
1063 1681 1142 1750 τῷ
1171 1681 1298 1751 βίῳ,
1327 1681 1463 1750 μηδὲ
1497 1682 1597 1752 τὴν
1637 1682 1815 1753 ἀρχὴν

239 1775 568 1843 ὑφεστάναι,
603 1772 912 1843 καθαπερεί
941 1769 1233 1844 καταρχὰς
1272 1774 1511 1844 εἴρηται.
1549 1774 1706 1827 Οὕτω
1738 1792 1823 1827 τι-

240 1870 330 1930 νὲς
357 1867 466 1919 τῶν
499 1867 750 1934 σοϐαρῶν
785 1867 884 1936 μὲν
914 1867 1096 1929 ἄλλως
1159 1868 1254 1937 καὶ
1290 1866 1643 1937 ὑπερόγκων,
1683 1869 1824 1935 πρὸς

242 1959 300 2012 δὲ
349 1961 450 2028 τὴν
473 1957 715 2027 ἄκοσμον
743 1959 962 2028 τρυφὴν
1011 1964 1232 2012 πάντων
1281 1957 1408 2027 ἑξῆς
1461 1957 1826 2012 ἐπιλανθανό-

247 2067 425 2117 μενοι,
459 2049 691 2112 ἐαυτούς
719 2066 785 2117 γε
818 2048 1092 2119 κρύπτειν
1153 2049 1458 2112 ἐθέλοντες,
1517 2049 1651 2118 μηδὲ
1708 2051 1831 2118 κρί-

244 2157 361 2194 νειν
391 2140 751 2208 ἐπιστάμενοι
779 2141 1104 2210 πρεπόντως
1166 2133 1324 2208 οἶμαι
1395 2140 1464 2193 τὰ.
1521 2141 1824 2210 πρέποντα,

243 2234 346 2303 τὴν
377 2233 577 2303 ἡδονὴν
615 2234 994 2298 διαϐάλλουσι,
1053 2233 1249 2300 λόγους
1298 2249 1358 2285 τε
1421 2232 1824 2302 προτείνοντες,

242 2328 343 2379 καὶ
375 2327 596 2389 εἰκόνας
630 2326 985 2390 πλάττοντες,
1019 2325 1191 2379 τᾶλλα
1237 2325 1338 2394 μὲν
1371 2325 1501 2389 ἴσως
1537 2326 1636 2378 οὐκ
1662 2328 1828 2394 ἀγεν-

244 2419 375 2486 νῶς,
406 2419 543 2488 πρὸς
576 2419 636 2472 ἓν
666 2437 719 2473 τι
751 2421 808 2474 δὲ
841 2420 1149 2492 βλαϐερῶς,
1179 2419 1256 2483 ὡς
1295 2421 1362 2474 ἂν
1395 2421 1575 2491 ἔγωγε
1633 2420 1827 2489 φαίην.

245 2512 360 2582 Τῆς
381 2511 494 2584 γὰρ
534 2513 686 2581 σφῶν
711 2513 894 2567 αὐτῶν
921 2514 1126 2576 κακίας
1147 2513 1447 2574 ,αἰτιῶνται
1493 2515 1593 2584 μὲν
1632 2512 1831 2573 αὐτοὺς

1911 561 2075 632 ptatis
2121 559 2341 616 oculum
2394 557 2560 612 animi
2612 565 2870 620 excaecat,
2907 559 3137 628 ejusque
3200 556 3510 610 contentio-

1917 666 2039 704 nem
2087 649 2380 706 molliendo
2414 649 2639 718 frangit,
2671 650 2761 718 qui
2806 647 2919 702 fieri
2956 658 3135 717 potest
3172 658 3226 702 ut
3275 646 3509 718 insignis

1919 744 2042 813 ejus
2101 742 2158 796 in
2209 741 2537 812 pelliciendo
2587 739 3056 809 demnlcendoque
3108 741 3192 795 vis
3248 755 3353 794 non
3390 740 3506 808 ipsa

1918 849 2086 906 prope
2137 842 2332 888 natura
2369 833 2442 887 sit
2482 831 2677 886 fortior
2706 830 2729 883 ?
2754 829 2832 884 Ac
2861 831 2906 884 si
2958 829 3178 898 pessimi
3230 828 3514 883 evadimus

1923 926 2162 982 universi
2191 927 2450 980 mortales
2474 940 2568 993 per
2592 940 2653 979 ea
2682 939 2804 994 quae
2825 923 3243 993 iucundissimis
3275 923 3324 975 in
3350 921 3514 976 rebus

1921 1111 2012 1181 qui
2055 1110 2172 1168 haec
2227 1119 2508 1166 sectantur
2535 1109 2664 1165 boni
2722 1109 2880 1178 sint),
2912 1118 2966 1162 et
2997 1109 3044 1163 si
3078 1107 3224 1178 quod
3277 1107 3516 1161 medium

1921 1215 2028 1267 est,
2058 1205 2322 1274 optimum
2355 1203 2409 1257 id
2441 1203 2660 1272 quidem
2685 1211 2772 1258 est
2807 1203 3028 1270 ubique,
3068 1202 3163 1256 sed
3203 1210 3355 1254 tanta
3391 1214 3516 1252 cum

1922 1291 2246 1347 difficultate
2290 1291 2659 1361 conjunctum,
2697 1293 2996 1361 praesertim
3028 1291 3080 1344 in
3120 1306 3179 1344 re
3213 1290 3518 1359 preposita,

1924 1393 2126 1454 quanta
2170 1399 2277 1439 non
2331 1385 2403 1438 ita
2456 1385 2663 1454 pridem
2705 1399 2734 1436 a
2783 1383 2938 1438 nobis
2985 1389 3078 1438 est
3119 1382 3380 1448 indicata,
3412 1396 3522 1451 quo

1927 1482 2083 1543 pacto
2113 1489 2218 1527 non
2262 1488 2394 1529 vere
2446 1473 2606 1530 noxia
2641 1473 3036 1542 vitze‘voluptas
3071 1484 3176 1538 est,
3229 1489 3329 1544 per
3357 1488 3522 1542 quam

1924 1575 1982 1620 et
2036 1565 2334 1620 invitamur
2365 1575 2422 1620 et
2487 1567 2736 1637 cogimur
2766 1566 2830 1619 ad
2861 1580 2924 1620 ea
2962 1580 3083 1634 qua:
3123 1566 3178 1620 in
3209 1567 3312 1622 hac
3351 1567 3523 1622 nimia

1925 1669 2075 1724 sunt,
2113 1660 2184 1712 ob
2214 1675 2332 1728 quae
2362 1660 2580 1730 quidem
2615 1658 2730 1729 ipsa
2763 1669 2870 1713 tam
2922 1660 3206 1729 praesentis
3232 1675 3390 1728 quam
3434 1658 3523 1713 fu-

1925 1759 2062 1805 turae
2085 1752 2210 1806 vitae
2246 1753 2387 1806 bona
2439 1767 2632 1808 omnes
2667 1753 3013 1808 amittimus?
3058 1753 3326 1808 Nimirum
3377 1753 3530 1808 volu‘

1927 1852 2156 1912 ptatetn,
2181 1859 2302 1914 qua:
2343 1844 2468 1898 talis
2496 1846 2566 1899 sit
2593 1845 2806 1914 qualem
2838 1847 2992 1900 nobis
3015 1861 3134 1899 eam
3160 1847 3318 1915 quasi
3354 1844 3531 1914 pictu-

1929 1950 1990 1990 ra
2021 1937 2256 2005 quadam
2291 1937 2406 1992 haec
2427 1937 2678 1991 exhibuit
2694 1938 2893 2003 oratio,
2922 1953 3026 1992 non
3050 1938 3276 1994 omnino
3298 1938 3519 2008 quidem

1929 2037 2211 2095 accurate,
2269 2014 2831 2100 arbitrur,lquatenus
2875 2037 3059 2084 tamen
3143 2031 3292 2084 illam
3344 2032 3532 2100 exprio

1929 2136 2080 2176 mere
2138 2123 2312 2186 licuit,
2349 2124 2511 2192 plane
2570 2139 2676 2176 non
2743 2139 2864 2177 esse
2916 2125 3231 2193 praestabat,
3269 2140 3368 2179 nec
3403 2125 3532 2179 huic

1941 2213 2135 2270 adesse
2171 2214 2314 2277 vitae,
2349 2230 2449 2268 nec
2477 2228 2706 2283 prorsus
2730 2216 3019 2279 exsistere,
3066 2216 3530 2283 quemadmodum

1931 2307 2001 2362 ab
2039 2306 2196 2361 initio
2231 2307 2435 2361 dictum
2489 2306 2610 2360 fuit.
2650 2306 2763 2361 Hoc
2821 2309 2980 2362 modo
3041 2308 3314 2373 nonnulli,
3351 2309 3530 2364 severi

1943 2401 2166 2471 quidem
2218 2399 2352 2454 alias
2401 2409 2457 2454 et
2508 2400 2701 2467 inflati,
2734 2401 2828 2455 sed
2890 2416 3014 2455 cum
3071 2405 3138 2456 ad
3178 2401 3531 2458 inhonestam

1935 2491 2274 2561 voluptatem
2337 2501 2560 2545 ventum
2614 2501 2720 2557 est,
2776 2491 3020 2545 omnium
3083 2479 3476 2545 obliviscentes
3512 2529 3527 2553 ,

247 2581 525 2676 οὐδαμῶς,
583 2607 617 2678 ἢ
677 2607 878 2676 μικρόν
931 2624 1008 2669 τι,
1046 2605 1214 2675 σοφὸν
1263 2581 1577 2668 ποιοῦντες,
1621 2606 1723 2673 τὴν
1774 2603 1832 2656 δὲ

1940 2585 2065 2638 dum
2138 2583 2419 2638 occultare
2475 2597 2599 2638 sese
2655 2583 2905 2652 cupiunt,
2968 2595 3068 2636 nec
3125 2591 3334 2637 rectum
3387 2581 3534 2636 ferre

248 2673 446 2768 ἡδονὴν
466 2673 617 2749 κατὰ*
633 2673 834 2760 πάντα,
856 2697 990 2766 μηδὲ
1008 2673 1147 2749 Osci?
1165 2695 1498 2766 φειδόμενοι,
1525 2694 1601 2758 ὼς
1623 2696 1832 2765 προῖὼν

1940 2675 2200 2746 iudicium
2230 2683 2453 2739 norunt,
2498 2675 2826 2742 voluptatem
2865 2673 3260 2737 criminantur,
3293 2684 3346 2728 et
3366 2675 3538 2728 ratio-

247 2763 298 2841 ό·
318 2763 474 2855 λόχος
531 2787 791 2856 δηλώσει.
828 2763 1004 2841 Τούτό
1059 2805 1150 2859 μοι
1179 2763 1337 2842 δοκεί
1392 2763 1833 2842 κάκιστοννεῖναι
1934 2780 2033 2859 nes
2054 2765 2762 2836 ρτωιθιθηάοιθιίηιεεῑιιεε
2789 2766 2943 2834 quaSi
2971 2765 3229 2834 (ἰυθεάθιη
3255 2763 3534 2833 θηεθηάοε

252 2879 365 2933 τῶν
399 2879 585 2944 αὐτοῖς
641 2880 976 2950 εἰρημένων.
1048 2879 1209 2934 Οὕτω
1266 2881 1474 2943 πάντες
1512 2880 1614 2949 μὲν
1676 2880 1833 2950 σοφοί

1940 2858 2100 2928 idque
2147 2859 2443 2928 caeteroqui
2521 2859 2755 2914 fortasse
2821 2873 2926 2914 non
2979 2859 3309 2928 instrenue,
3343 2873 3534 2912 verum

253 2971 396 3038 πρὸς
421 2971 522 3042 τὴν
556 2969 839 3041 ἡμετέραν
902 2969 1086 3026 αὐτῶν
1128 2969 1438 3036 ἀπώλειαν,
1484 2971 1600 3024 ὅσοι
1638 2971 1704 3041 δὴ
1735 2969 1833 3041 τὴν

1940 2953 2107 3007 unius
2146 2953 2226 3009 rei
2284 2961 2532 3022 respectu
2595 2963 2880 3014 nocenter,
2904 2950 3242 3021 tit-equidem
3305 2950 3535 3004 sentio:

251 3063 555 3134 ρᾳθυμίαν,
589 3065 706 3118 ὅσοι
733 3065 834 3132 τὴν
866 3063 1158 3134 ῥαστώνην
1177 3062 1350 3133 αὐτὴν
1381 3063 1478 3118 τοῦ
1506 3063 1680 3116 καλοῦ
1700 3080 1833 3134 προ-

1940 3048 2143 3118 quippe
2175 3048 2392 3116 seipsos
2437 3045 2753 3100 vitiositatis
2789 3059 2902 3098 suae
2937 3043 3158 3098 nomine
3191 3058 3538 3113 ncquaqnam

250 3156 544 3226 κρίνομεν,
577 3155 672 3208 καὶ
698 3155 757 3207 τὸ
785 3154 990 3208 αὐτίκα
1011 3154 1222 3208 ἄλυπον
1248 3155 1360 3209 τῶν
1399 3153 1694 3224 ἐσύστερον
1745 3169 1833 3221 με-

1946 3140 2031 3194 vel
2081 3140 2302 3209 paulum
2347 3139 2539 3194 saltem
2572 3137 2819 3206 culpent,
2857 3145 3037 3191 asrute
3077 3136 3129 3190 id
3177 3135 3395 3204 quidem
3425 3151 3440 3187 :
3467 3136 3536 3187 ad

253 3249 466 3315 γίστων
541 3245 767 3315 ἀγαθῶν
820 3245 1190 3316 προτιμῶμεν
1221 3263 1234 3276 ·
1296 3247 1346 3300 οἰ
1391 3247 1452 3300 δὲ
1488 3245 1680 3298 πολλοί
1727 3245 1838 3297 τῶν

250 3339 514 3394 τοιούτων
539 3339 661 3392 οὐδὲ
706 3338 920 3392 πείθειν
952 3340 1183 3401 ἑαυτοὺς
1209 3338 1486 3404 δύνανται,
1539 3338 1616 3402 ὡς
1673 3336 1834 3407 ῶφθη

253 3431 320 3498 γέ
346 3448 430 3494 τις
453 3429 779 3501 ἀνθρώπων,
813 3430 1085 3492 κρείττων
1134 3430 1246 3483 τῶν
1280 3431 1506 3500 ἡδονῶν.
1556 3429 1689 3482 Ἀπὸ
1730 3428 1834 3500 γὰρ

254 3521 364 3575 τῶν
379 3522 665 3592 ἡμετέρων
685 3521 760 3584 ὡς
777 3521 1077 3575 έπιτοπολὺ
1100 3521 1418 3592 τάλλότριον
1433 3521 1722 3592 κρίνομεν,
1743 3521 1840 3574 καὶ

255 3613 318 3666 τὸ
348 3612 487 3681 ὑπὲρ
525 3615 623 3673 τὴν
653 3613 812 3682 ήμῶν
835 3612 1062 3682 ἀνδρίαν
1093 3612 1366 3682 ἀναφανὲν
1399 3611 1541 3682 ὑπὲρ
1576 3611 1678 3682 τὴν
1728 3611 1839 3666 τῶν

253 3705 396 3759 ὅλων
416 3699 556 3759 εἶναι
585 3703 907 3773 νομίζομεν.

1945 3232 2276 3302 voluptatem
2314 3245 2448 3286 vero
2504 3229 2748 3284 referunt
2792 3229 2999 3291 omnia,
3027 3241 3094 3281 ne
3157 3228 3267 3282 Dco
3314 3227 3537 3297 quidem

1945 3333 2253 3395 parcentes,
2279 3323 2355 3377 uti
2387 3336 2680 3392 progressa
2707 3320 2934 3374 ulterius
2959 3319 3139 3375 oratio
3158 3319 3395 3373 docebit.
3427 3316 3540 3370 Hoc

1945 3416 2078 3472 niihi
2107 3417 2406 3483 pessimum
2428 3431 2549 3470 esse
2565 3415 2776 3468 videtur
2799 3428 2862 3467 ex
2891 3413 3146 3467 omnibus
3173 3427 3294 3483 quae
3313 3411 3380 3464 ab
3411 3409 3542 3478 ips’s

1949 3510 2156 3581 prolata
2199 3519 2345 3564 sunt.
2391 3505 2448 3560 ln
2485 3507 2632 3561 liunc
2673 3506 2889 3560 modum
2937 3520 3128 3560 omnes
3180 3516 3418 3560 nostram
3471 3503 3539 3554 ad

1950 3601 2246 3673 perniciem
2284 3599 2462 3670 arguti
2495 3613 2708 3659 sumus,
2745 3607 3014 3666 quotquot
3055 3598 3354 3665 ignaviam,
3379 3606 3543 3666 quot-

1947 3704 2082 3768 quot
2109 3695 2282 3763 ipsam
2313 3692 2582 3746 desidiam
2632 3692 2864 3745 honesto
2895 3693 3299 3758 anteponimus,
3335 3699 3389 3744 et
3425 3705 3542 3742 mo-

258 3807 602 3853 inentaneam
631 3798 830 3856 doleris
857 3798 1180 3853 vacuitatem
1235 3801 1500 3867 potiorem
1548 3812 1713 3868 quam
1755 3804 2010 3854 secutura
2065 3789 2326 3857 deinceps
2375 3786 2610 3840 maxima
2667 3786 2807 3840 bona
2852 3785 3126 3840 ducimus.
3196 3785 3272 3839 Ex
3317 3801 3543 3846 eorum.

260 3894 386 3948 (lem
445 3906 672 3946 numero
737 3891 1048 3960 complures
1101 3907 1168 3946 ne
1224 3891 1559 3960 persuadere
1620 3890 1840 3960 quidem
1882 3884 1987 3943 sibi
2021 3890 2272 3951 possunt,
2314 3877 2510 3934 'ullum
2561 3893 2795 3946 unquam
2871 3878 3149 3932 hominem
3182 3888 3542 3947 conspectum

261 3979 462 4050 fuisse,
519 3985 608 4055 qui
660 3985 996 4053 voluptatum
1056 3983 1164 4038 vim
1215 3984 1533 4053 pervicerit.
1582 3982 1718 4038 Nam
1777 3982 1843 4038 de
1881 3979 2086 4036 nostris
2123 3976 2303 4030 aliena
2343 3973 2666 4044 plerumque
2745 3973 3079 4042 judicamus,
3116 3975 3373 4044 quodque
3442 3989 3540 4029 su-

865 4197 1084 4250 ΛΟΓΟΣ
1126 4197 1201 4252 lL'.

265 4289 403 4361 Περὶ
457 4287 685 4359 ἡδονῆς
717 4302 732 4318 °
781 4287 1090 4412 ἀντίὲἓσις
1147 4290 1236 4355 εἰς
1295 4288 1405 4343 τόν
1474 4288 1588 4358 πρὸ
1666 4289 1842 4345 τοῦδε

999 4375 1130 4412 γιον.

254 4402 260 4407 .
917 4375 1130 4426 λογον.

335 4455 508 4510 Ταυτὶ
537 4455 633 4523 μὲν
656 4447 750 4506 οὖν
775 4452 843 4508 τὰ
864 4451 1013 4522 παρὰ
1038 4449 1150 4504 τῶν
1195 4469 1259 4522 με
1270 4431 1697 4525 μφομένωνθτὴν
1723 4453 1848 4524 ἡδο-

151 4150 155 4154 ,
255 4098 358 4152 pra
389 4081 765 4138 fortitudinem
802 4091 1043 4136 nostram
1095 4081 1332 4148 exsistit,
1376 4081 1621 4136 omnium
1673 4093 1933 4151 superare
1961 4071 2336 4131 fortitudinem
2393 4081 2666 4140 putamus.

2549 4187 2808 4245 οΙιΑτιο
2848 4160 2918 4243 νζ
3090 4270 3092 4272 ν

2023 4293 2102 4350 De
2131 4291 2438 4358 voluptate;
2469 4299 2576 4356 qua
2619 4281 2918 4350 praecedens
2970 4281 3141 4335 oratio
3185 4281 3468 4351 refellitur.

2038 4465 2163 4504 nam
2195 4461 2326 4517 ergo
2357 4454 2635 4514 suntquae
2675 4443 2726 4497 in
2757 4442 2998 4498 medium
3037 4455 3064 4494 a
3102 4441 3430 4510 voluptatem
3463 4443 3544 4496 vi-

266 4550 387 4619 νῆν·
435 4545 545 4616 ἐγὼ
568 4546 626 4598 δὲ
650 4543 824 4614 ταύτῃ
847 4543 1188 4612 πειράσομαι
1225 4545 1466 4615 βοηθεῖν,
1515 4547 1706 4600 δίκαια
1761 4564 1833 4600 νο-

1953 4541 2330 4612 tuperantibus
2368 4538 2692 4592 atteruntur.
2747 4533 2858 4604 Ego
2909 4548 3037 4588 vero
3091 4548 3249 4602 opem
3309 4534 3356 4587 ei
3399 4533 3545 4588 ferre

273 4641 448 4710 μίζων
479 4640 652 4691 ποιεῖν
673 4654 688 4668 '
716 4637 810 4690 καί
833 4636 1008 4699 ὅπως,
1039 4637 1142 4706 ἤδη
1164 4639 1442 4706 φανεῖται.
1497 4626 1720 4708 Ἐπειδὴ
1741 4638 1848 4709 γὰρ

273 4733 524 4803 περὶτῆς
547 4729 742 4801 ἡδονῆς
771 4731 820 4782 οἱ
848 4731 946 4800 μὲν
977 4728 1152 4791 οὕτως
1203 4728 1392 4798 ἔχουσι
1409 4729 1659 4800 γνώμης,
1719 4732 1767 4783 οἰ
1791 4730 1849 4783 δὲ

273 4822 449 4883 ἄλλως
474 4835 490 4850 ·
548 4819 644 4871 καὶ
684 4818 831 4879 τινὲς
884 4817 1087 4880 τελέως
1116 4818 1482 4888 ἐκτρέπονται
1535 4820 1638 4890 τῆς
1671 4820 1850 4891 ὀρθῶς

274 4913 364 4964 ἐπὶ
389 4908 624 4977 τάληθὲς
644 4907 943 4978 φερούσης,
968 4907 1141 4960 κακόν
1172 4925 1225 4960 τι
1247 4907 1346 4960 καὶ
1377 4908 1703 4977 ἀσύμφορον
1720 4909 1854 4962 ταύ-

274 5020 374 5070 την
399 4997 542 5053 εἶναι
565 4996 883 5068 νομίζοντες
906 5013 921 5028 ⁶
953 4998 1103 5053 οὗτοι
1129 5000 1185 5052 δὲ
1215 5001 1556 5071 ὴπάτηνται,
1587 5005 1664 5067 ὡς
1683 5004 1851 5072 ἔγωγ’

277 5093 342 5146 ἂν
367 5093 761 5162 ἰσχυρισαίμην
801 5091 944 5144 πάνυ
980 5090 1328 5161 θαρρούντως
1349 5112 1362 5124 ν
1387 5093 1504 5157 πῶς
1537 5095 1640 5148 οὐκ
1698 5097 1853 5149 εἰσα-

279 5187 436 5238 κτέον
464 5185 648 5246 αὐτοῖς
678 5183 955 5253 βοήθειαν,
1005 5184 1103 5253 ὅση
1135 5184 1334 5255 δυνατή
1360 5204 1374 5251 ;
1411 5186 1473 5239 Εἰ
1515 5188 1617 5256 γὰρ
1635 5188 1698 5241 τὸ
1716 5187 1854 5242 πλα-

277 5277 476 5332 νᾶσθαι
515 5275 638 5328 λίαν
671 5274 864 5338 κακὸν,
894 5274 955 5326 τὸ
984 5275 1040 5328 δὲ
1085 5276 1478 5344 πλανωμένους
1505 5279 1704 5347 ὀρθοῦν
1735 5297 1856 5334 πει-

284 5371 509 5438 ρᾶσθαι,
562 5365 778 5436 βοηθεῖν
826 5366 1012 5427 αὐτοῖς
1067 5368 1204 5434 ἐστι,
1251 5369 1433 5421 καὶτὸ
1487 5369 1702 5438 βοηθεῖν
1742 5374 1856 5435 τοῖς

283 5457 610 5529 ὀμογενέσιν
636 5459 718 5519 εἰς
748 5456 980 5526 δύναμιν
1007 5457 1190 5511 «ἅπασι
1240 5459 1402 5528 χρέος
1437 5461 1618 5515 κοινόν
1641 5478 1653 5492 ·
1714 5463 1854 5517 καλὰ

285 5559 379 5603 καὶ
423 5548 613 5604 δίκαια
679 5549 824 5600 ποιεῖ
869 5549 896 5600 ὁ
935 5548 1004 5601 τὰ
1060 5549 1247 5602 εἰκότα
1300 5549 1525 5618 ἀμύνων
1563 5554 1629 5620 τῇ
1668 5553 1853 5624 ἡδονῇ,

286 5638 408 5691 καθ⁶
436 5639 465 5691 ὅ
503 5655 568 5706 γε
607 5637 769 5706 μέρος
802 5638 900 5690 οὐκ
921 5638 1029 5691 ἔδει
1055 5639 1464 5710 πολεμουμένη.
1510 5641 1568 5694 Ὀ
1597 5642 1706 5713 γὰρ
1725 5643 1857 5695 ταύ-

288 5746 352 5798 τῃ
400 5727 612 5798 βοηθῶν
645 5727 833 5796 βοηθεῖ
861 5730 977 5792 τοῖς
1007 5728 1410 5800 πλανωμένοις,
1444 5732 1539 5785 καὶ
1555 5733 1853 5786 ἀποδίδωσι

292 5820 441 5889 χρὲο;
480 5819 618 5872 πᾶσι
643 5819 756 5881 τοῖς
780 5817 1090 5890 ἀνθρώποις
1115 5822 1488 5892 ὀφειλόμενον.
1531 5823 1684 5880 ”Ωστ’
1725 5825 1852 5896 ἐμοὶ

1954 4634 2218 4698 conabor,
2248 4629 2391 4699 quod
2420 4629 2543 4697 jure
2578 4640 2664 4680 me
2699 4625 2751 4679 id
2787 4617 2968 4678 facere
3008 4633 3212 4691 putem,
3236 4622 3394 4691 cujus
3418 4625 3544 4690 qui-

1953 4726 2076 4780 dem
2107 4723 2344 4778 instituti
2379 4720 2521 4776 ratio
2571 4732 2695 4772 mox
2737 4714 3040 4785 apparebit.
3088 4713 3226 4768 Cum
3277 4714 3421 4765 enim
3478 4714 3545 4766 de

1955 4817 2233 4885 voluptate
2268 4813 2460 4868 horum
2490 4811 2562 4864 sit
2615 4809 2727 4862 haec
2773 4806 3065 4869 sententia,
3116 4804 3334 4857 illorum
3385 4803 3488 4856 alia
3525 4843 3542 4868 ,

1896 1008 2092 1101 [nimia
2152 1027 2278 1072 sunt
2312 1016 2526 1087 (nequit
2556 1016 2728 1084 enim,
2787 1016 2976 1084 nequit
3020 1013 3244 1068 omnino
3305 1013 3420 1068 fieri
3454 1021 3516 1066 ut
3579 1054 3586 1059 .

1958 4924 2193 4976 cumque
2213 4908 2282 4962 de
2307 4915 2458 4959 recto
2485 4903 2551 4957 ad
2570 4901 2858 4957 veritatem
2890 4898 3080 4951 itinere
3109 4895 3356 4950 nonnulli
3385 4895 3545 4964 plane
3621 4889 3640 4910 ’τ

1955 4999 2262 5060 deﬂectunt,
2290 4996 2420 5050 dum
2460 5008 2578 5047 eam
2621 5005 2745 5046 esse
2779 4988 2977 5042 malum
3037 4984 3306 5054 quoddam
3338 4994 3392 5037 et
3428 4999 3543 5038 rem

1957 5093 2177 5148 noxiam
2202 5088 2562 5152 arbitrantur,
2589 5098 2728 5153 quos
2753 5079 3009 5151 equidem
3038 5080 3092 5132 in
3125 5093 3315 5132 errore
3332 5077 3542 5138 versari

1955 5183 2298 5240 conﬁdenter
2350 5178 2642 5234 admodum
2704 5169 3118 5235 altlrmaverim,
3177 5183 3276 5224 cur
3329 5184 3434 5223 non
3465 5169 3546 5222 eis

1957 5288 2366 5337 succurramus,
2415 5270 2631 5342 quantis
2701 5280 2834 5322 sane
2886 5263 3093 5317 viribus
3146 5260 3545 5316 licebitiNam

1957 5367 2004 5422 si
2048 5365 2203 5420 valde
2241 5362 2441 5416 malum
2491 5369 2576 5414 est
2613 5353 2962 5420 hallucinari,
2989 5361 3044 5408 et
3090 5352 3546 5407 hallucinantium

1957 5457 2357 5515 correctionem
2415 5452 2615 5518 moliri,
2651 5465 2809 5520 opem
2867 5447 2948 5502 eis
2992 5455 3076 5501 est
3123 5445 3313 5512 ferre;
3342 5459 3548 5515 proque

1957 5550 2163 5605 viribus
2193 5561 2350 5617 opem
2384 5545 2526 5599 ferre
2543 5542 2757 5613 generis
2773 5531 3153 5609 conjunctione
3176 5536 3464 5599 devinctis,
3501 5534 3547 5588 si

1958 5640 2204 5696 debitum
2277 5619 2546 5707 quoddam
2598 5643 2703 5699 est,
2759 5631 3131 5702 praestandum
3183 5628 3548 5683 communiter

1959 5731 2258 5794 universis,
2291 5717 2546 5796 nimirum
2594 5726 2823 5780 honeste
2847 5737 2911 5778 ac
2942 5723 3087 5792 juste
3118 5718 3270 5781 facit,
3301 5716 3392 5784 qui
3419 5728 3554 5768 con-

1958 5822 2234 5882 sentaneis
2280 5817 2582 5879 rationibus
2644 5825 2870 5874 eatenus
2904 5816 3229 5885 voluptatem
3295 5805 3546 5864 defendit
3632 5820 3633 5823 ‘
