3958 6424
420 336 553 438 tor

1581 372 1974 434 MANUELIS
2013 337 2463 435 PALAEOLbGI
2528 388 2543 400 ι

3555 373 3659 438 464

415 498 683 554 quatenus
713 482 1007 554 oppugnari
1039 495 1143 535 non
1184 480 1434 535 debebat.
1468 478 1603 535 Nam
1633 482 1722 551 qui
1752 482 1875 535 huic
1897 480 1993 535 fert

2105 481 2257 535 τοῦτο
2292 480 2561 548 προσήκει
2591 479 2650 531 οὐ
2687 477 2850 549 μόνον
2879 479 3067 551 ὥσπερ
3120 479 3233 543 τοῖς
3262 478 3467 542 ἄλλοις.
3529 481 3668 535 alii

416 593 572 646 opem
640 574 1104 631 ballucinantibus
1158 574 1461 635 succurrit,
1511 585 1569 627 et
1622 588 1695 627 aes
1755 575 1990 628 alienum

2105 572 2191 627 καὶ
2219 572 2360 643 μετὰ
2384 572 2579 639 διπλῆς
2609 571 2709 640 τῆς
2738 572 3061 642 προσθήκης
3085 587 3101 603 ο
3162 570 3323 639 τοῦτο
3365 573 3466 642 μὲν
3492 572 3584 626 διὰ
3611 574 3671 625 τὸ

415 671 741 726 mortalibus
769 669 1035 723 universis
1066 667 1306 721 debitum
1344 666 1612 721 dissolvit.
1657 670 1996 736 Quapmpter

415 765 518 816 boc
548 776 682 815 mea:
739 775 986 829 persona:
1042 758 1316 823 convenit,
1352 773 1457 811 non
1511 758 1584 811 ita
1635 756 1899 813 duntaxat
1939 768 1995 811 ut

414 852 559 913 aliis.
594 864 782 903 verum
816 848 979 902 etiam
1015 846 1213 915 duplici
1247 860 1368 899 cum
1402 846 1719 899 accessione
1754 863 1769 899 :
1800 846 1994 919 partim

414 938 630 992 ratione
652 935 952 1003 dignitatis,
988 933 1181 1002 partim
1207 945 1296 985 tua
1320 944 1534 1000 quoque
1561 945 1748 999 causa,
1776 940 1998 1005 propter

415 1034 574 1098 quem
610 1028 662 1081 in
698 1028 799 1079 hoc
824 1031 1099 1078 certamen
1130 1021 1545 1086 descendi,licet
1586 1016 1997 1090 ipsa'tcmporis

413 1120 559 1173 ratio
606 1130 831 1185 prorsus
891 1115 941 1168 id
996 1113 1127 1167 mibi
1187 1128 1292 1167 non
1331 1113 1654 1168 concederet
1689 1129 1707 1177 ;
1740 1114 1841 1168 nisi
1873 1113 1997 1182 quis

416 1212 601 1266 dicere
631 1208 781 1270 velit,
819 1205 1028 1261 nullum
1059 1219 1155 1260 nos
1185 1213 1396 1274 tempus
1444 1218 1472 1259 a
1509 1204 1865 1274 suscipiendis
1895 1205 2000 1258 uti-

413 1302 586 1358 litatis
624 1311 726 1354 tua:
779 1312 943 1353 causa
1001 1297 1274 1352 laboribus
1322 1312 1511 1352 arcere
1568 1300 1762 1352 merito
1818 1312 1995 1367 posse.

412 1396 564 1450 Libet
597 1405 777 1448 autem
816 1392 1102 1445 nonnullos
1155 1382 1344 1444 errore
1374 1391 1603 1452 quodam
1638 1392 1708 1445 ita
1740 1391 1995 1455 liberare,

413 1498 469 1542 ut
499 1487 610 1557 jam
649 1483 805 1553 quasi
836 1482 1161 1551 praemunire
1210 1481 1485 1536 auditores
1539 1483 1877 1546 stndeamus.
1931 1497 2000 1538 ne

411 1578 578 1632 alium
617 1577 671 1629 in
708 1588 950 1629 errorem
983 1573 1246 1636 incidant,
1271 1587 1394 1627 cum
1440 1587 1508 1628 ex
1562 1574 1631 1629 iis
1670 1591 1788 1643 qttae
1837 1575 1998 1645 paulo
2050 1634 2062 1641 ε

414 1679 540 1723 ante
598 1666 941 1736 protulimus,
1005 1673 1115 1717 tum
1166 1678 1285 1733 qua:
1344 1665 1538 1719 dicturi
1581 1669 1740 1722 modo
1785 1681 1996 1722 sumus.

414 1756 548 1810 Nam
602 1758 831 1808 tortasse
877 1753 1118 1824 quidam,
1144 1771 1249 1809 non
1300 1767 1446 1809 recte
1497 1757 1713 1825 quidem
1768 1757 1998 1825 illi,sed

413 1847 793 1927 cogitaverim.
827 1859 1027 1911 tamen,
1060 1849 1522 1920 quasi-voluptate
1546 1853 1878 1921 superiorem
1912 1869 2002 1909 os-

414 1950 629 1993 tentare
659 1938 924 2006 meipsttm
980 1938 1168 1992 volens
1224 1953 1289 1992 ac
1337 1942 1590 2008 nequiter
1644 1944 1994 2009 insolescere,

415 2031 757 2083 tractandum
814 2031 915 2082 boc
967 2037 1342 2097 argumentum
1399 2033 1755 2099 susceperim.
1803 2033 1994 2089 Itidem

412 2123 458 2176 si
493 2137 614 2191 qua:
672 2121 995 2191 simpliciter
1034 2136 1063 2174 a
1122 2122 1278 2178 nobis
1337 2123 1591 2178 dicuntur
1626 2125 1813 2194 iniqua
1873 2142 1995 2182 cum

410 2212 757 2279 Susceptione
804 2211 1141 2277 acceperint,
1169 2226 1273 2263 una
1303 2212 1557 2276 opinione
1583 2229 1693 2268 non
1726 2226 1873 2269 recta
1906 2230 1997 2270 su-

408 2318 506 2373 per
528 2302 688 2355 aliam
741 2302 1036 2368 cumulata,
1090 2303 1247 2357 nobis
1279 2303 1353 2356 illi
1382 2305 1599 2374 quidem
1634 2307 1765 2360 nihil
1811 2308 1995 2362 damni

410 2396 642 2461 dabunt,
677 2394 826 2463 (quid
884 2394 1026 2448 enim
1065 2394 1203 2462 ?)at
1257 2396 1359 2464 ipsi
1410 2398 1582 2467 magis
1630 2414 1828 2459 nocere
1891 2400 1992 2453 sibi

409 2474 558 2541 nullo
588 2488 748 2551 modo
794 2497 1065 2555 poterunt.
1092 2488 1298 2557 Quippe
1328 2504 1431 2542 nou
1489 2492 1652 2545 modo
1694 2507 1799 2545 non
1830 2507 1994 2546 sana-

411 2584 636 2643 buntur,
671 2594 857 2633 verum
893 2581 1055 2632 etiam
1091 2581 1281 2635 morbo
1338 2583 1587 2651 graviore
1622 2573 1996 2654 .pr0culdubio

408 2674 772 2739 corripientur
805 2688 821 2737 ;
858 2670 1000 2739 quod
1038 2672 1214 2740 ipsum
1242 2674 1528 2727 etnendatu
1551 2675 1773 2729 difﬁcile
1806 2674 1994 2732 fuetit.

409 2766 601 2831 Itaque
653 2763 919 2816 rationem
963 2762 1134 2831 ipsius
1163 2764 1339 2818 decori
1378 2767 1478 2819 hoc
1504 2769 1737 2835 primum
1778 2782 1806 2822 a
1842 2773 1996 2826 vobis

410 2868 638 2925 poscere
672 2856 877 2924 putavi,
916 2856 1157 2909 viamuti
1190 2856 1345 2911 nobis
1401 2873 1819 2930 repurgaremtts
1867 2863 1993 2931 ipsi,

415 2962 520 3015 qua
549 2946 801 3015 deinceps
867 2946 1260 3001 incedercmus.
1294 2947 1548 3017 Singulos
1576 2943 1741 3020 igitur
1776 2961 1832 3006 et
1866 2953 1989 3005 uni-

417 3052 609 3092 versos
634 3037 727 3106 qui
758 3038 1035 3092 orationes
1065 3038 1227 3093 hasce
1257 3040 1450 3094 lecturi
1474 3050 1626 3104 sunt,
1671 3043 1815 3098 scire
1841 3044 1994 3097 νυιιι-

2099 664 2307 734 σχῆμα,
2353 661 2512 716 τοῦτο
2555 660 2612 714 δὲ
2663 664 2758 716 καὶ
2792 661 2879 715 διὰ
2933 666 3012 729 σὲ,
3063 664 3133 717 δι’
3187 665 3247 717 ὃν
3280 681 3344 731 γε
3393 663 3670 734 δήπουθεν

2098 754 2334 825 ιμαυτδν
2362 757 2445 817 είς
2473 748 2686 807 τουτονὶ
2736 755 2827 806 τον
2863 754 3047 822 ἀγῶνα
3101 754 3345 823 καθῆκα,
3381 754 3518 824 μηδὲ
3573 754 3671 807 τοῦ

2099 848 2292 918 καιροῦ
2353 848 2706 900 παντάπασιν
2767 847 3197 916 ἐπιτρέποντος·
3252 848 3301 898 εί
3354 849 3429 915 μή
3480 863 3566 910 τις
3602 848 3670 900 ἂν

2098 943 2259 996 τοῦτο
2281 942 2441 1012 φαίη,
2471 939 2545 1004 ὡς
2575 941 2752 1004 οὐδεὶς
2790 940 2856 993 ἂν
2883 939 3039 1011 εἵρξῃ
3065 941 3260 1007 καιρὸς
3290 939 3519 1001 δικαίως
3540 939 3671 1002 τοὺς

2099 1034 2189 1087 ἐπ’
2217 1033 2461 1103 ὠφελείᾳ
2494 1035 2560 1103 σῇ
2598 1033 2962 1102 γιγνομένους
2994 1034 3127 1101 ἡμῖν
3169 1033 3413 1099 ἀγῶνας.
3462 1031 3671 1084 Βούλο-

2105 1143 2203 1197 μαι
2233 1125 2293 1178 δέ
2322 1142 2470 1188 τινος
2497 1124 2706 1194 πλάνης
2736 1124 3061 1194 ἐλευθεροῦν
3091 1123 3290 1188 ἐνίους,
3327 1124 3427 1196 ἤδη
3464 1123 3675 1194 πειρώ-

2103 1233 2266 1287 μενος
2333 1214 2854 1287 προασφαλίσασθαι
2896 1216 3023 1277 τοὺς
3097 1215 3406 1282 ἀκροατὰς,
3452 1214 3549 1278 ὡς
3593 1216 3671 1285 μὴ
3733 1216 3746 1233 ⁸

2102 1307 2415 1378 πειραθεῖεν
2449 1307 2643 1376 ἑτέρας
2674 1306 2910 1375 πλάνης,
2944 1307 3008 1359 ἐκ
3051 1323 3113 1359 τε
3148 1306 3258 1358 τῶν
3279 1307 3407 1375 ἄρτι
3446 1306 3671 1375 λεχθέν-

2099 1417 2230 1463 των,
2262 1402 2373 1453 κάκ
2414 1399 2526 1453 τῶν
2551 1400 2652 1470 ἤδη
2694 1382 3116 1469 ῥηθησομένων.
3152 1401 3315 1461 Ἴσως
3349 1398 3458 1470 γὰρ
3485 1398 3552 1453 ἄν
3589 1416 3671 1453 τι·

2102 1510 2191 1556 νες
2241 1492 2304 1547 οὐ
2360 1493 2542 1553 καλῶς
2581 1492 2704 1562 μὲν,
2740 1491 3102 1561 ἐνθυμηθεῖεν
3150 1491 3195 1544 δ’
3246 1487 3339 1545 οὖν
3368 1492 3540 1560 ὅμως,
3593 1490 3672 1553 ὡς

2102 1586 2242 1655 ὑπὲρ
2283 1585 2498 1652 ἐκείνην
2518 1584 2687 1650 δεῖξαι
2731 1582 3057 1652 βουλόμενος
3100 1582 3364 1651 ἐμαυτὸν,
3415 1582 3513 1635 καὶ
3568 1599 3672 1635 κα-

2105 1678 2320 1747 κοήθως
2359 1675 2851 1740 ἁλσζονεύσασθαι,
2889 1675 3105 1727 τουτονὶ
3137 1675 3230 1726 τὸν
3252 1674 3418 1742 λόγον
3450 1675 3675 1740 ἐνεστη-

2100 1771 2314 1838 σάμην.
2341 1767 2449 1822 Καὶ
2479 1771 2528 1820 εἰ
2556 1767 2627 1820 τὰ
2660 1766 2793 1837 παρ’
2823 1765 2984 1836 ἡμῶν
3019 1765 3206 1829 ἁπλῶς
3240 1765 3518 1833 λεγόμενα
3552 1765 3674 1832 μεθ’

2109 1860 2347 1930 ὑποψίας
2373 1859 2562 1912 ἀδίκου
2598 1857 2835 1914 λάδοιεν.
2874 1856 3034 1921 δόξαν
3072 1857 3196 1910 τινὰ
3224 1856 3326 1909 οὐκ
3380 1856 3559 1925 ὀρθὴν,
3585 1856 3673 1925 ἐφ’

2106 1951 2299 2020 ἑτέραν
2350 1950 2637 2019 δεξάμενοι
2660 1967 2673 1980 ο
2698 1950 2849 2019 ἡμᾶς
2880 1948 2982 2017 μὲν
3026 1947 3179 2001 οὐδὲν
3219 1947 3668 2017 παραὸλάψουσι,

2105 2045 2183 2114 (τί
2217 2045 2322 2113 γάρ
2346 2047 2388 2109 ;)
2429 2044 2569 2112 σφᾶς
2611 2041 2669 2095 δὲ
2700 2041 2915 2107 αὐτοὺς,
2954 2034 3134 2110 οἶμαι,
3186 2040 3339 2093 οὐδὲν
3399 2040 3470 2094 ἂν
3497 2039 3675 2109 ἔχοιεν

2103 2139 2132 2191 ὅ
2161 2154 2215 2190 τι
2248 2135 2435 2206 μεῖζον
2454 2133 2803 2203 ἁδικήσαιεν.
2841 2131 2979 2185 Οὔτε
3008 2131 3119 2201 γὰρ
3149 2131 3495 2201 ίαθήσονται,
3534 2130 3672 2183 ἀλλὰ

2104 2230 2199 2285 καὶ
2257 2227 2726 2299 προσνοσήσουσιν
2782 2224 3047 2293 ἀτεχνῶς,
3107 2224 3135 2277 ὅ
3187 2224 3249 2293 δὴ
3323 2223 3558 2293 χαλεπὸν
3591 2225 3674 2286 είς

2103 2320 2413 2391 διόρθωσιν.
2472 2318 2713 2388 ῐΙρέπειν
2774 2315 2869 2368 οὖν
2912 2316 3131 2385 πρῶτον
3172 2314 3360 2384 ᾠήθην
3398 2314 3498 2385 τὴν
3556 2316 3676 2368 ὁδὸν

2103 2417 2237 2486 ἡμῖν
2266 2413 2537 2482 καθᾶραι,
2593 2408 2773 2463 ἔπειτ’
2823 2408 2912 2461 ἐπ’
2962 2411 3180 2471 ἐκείνης
3231 2408 3471 2477 βαδίσαι.
3510 2411 3677 2463 Ἵστω

2102 2507 2285 2560 τοίνυν
2318 2506 2572 2570 ἕκαστος,
2627 2505 2721 2556 καὶ
2754 2502 2962 2567 πάντες
2987 2503 3148 2573 ὁμοῦ,
3179 2504 3293 2557 ὅσοι
3327 2505 3439 2566 τοῖς
3490 2504 3677 2569 λόγοις

2104 2596 2473 2661 εει-τεύξονται,
2534 2595 2608 2657 ὡς
2656 2594 2718 2646 οὐ
2776 2595 2901 2648 κατ’
2943 2595 3204 2657 έπέδειειν
3266 2595 3520 2663 λέγομεν,
3562 2596 3677 2648 οὐδ’

2103 2687 2254 2756 ἡμᾶς
2287 2685 2491 2747 αὐτοὺς
2531 2683 2818 2749 γενναίους
2847 2687 3126 2754 ἀποφῆναι
3187 2685 3528 2755 βουλόμενοι,
3579 2687 3674 2740 καὶ

2101 2778 2204 2847 τὴν
2229 2776 2423 2845 ἡδονὴν
2449 2775 2838 2841 διαπτύοντας,
2877 2777 3108 2829 τουτωνὶ
3160 2777 3272 2830 τῶν
3299 2776 3475 2844 λόγων
3534 2777 3675 2849 ἡψά-

2107 2869 2267 2939 μεθα.
2305 2870 2518 2934 fidem;
2556 2871 2605 2921 εί
2644 2868 2716 2940 μὴ
2760 2868 2982 2931 καὶτὰς
3028 2870 3236 2941 φρένας
3279 2871 3672 2937 ἀπολωλέκειν,

2103 2961 2198 3013 καὶ
2220 2960 2459 3030 ἐμαυτοῦ
2495 2960 2815 3013 παντάπασι
2845 2960 3019 3031 λήθην
3076 2962 3289 3017 ἔλαϐον.
3326 2964 3515 3025 Οὐδεὶς
3562 2966 3673 3035 γὰρ

2102 3050 2257 3121 οἶμαι
2309 3054 2514 3121 μᾶλλον
2549 3053 2683 3123 ἐμοῦ
2730 3053 2840 3106 τῶν
2877 3055 2979 3123 τῆς
3011 3056 3285 3126 ἀκρασίας
3338 3058 3675 3128 πεπείραται

415 3146 560 3192 mus,
604 3143 707 3183 non
742 3128 1053 3183 ostentandi
1086 3142 1251 3184 causa
1300 3144 1400 3186 nos
1430 3131 1544 3186 haec
1574 3133 1840 3202 proferre,
1894 3150 1994 3189 nec

2106 3143 2442 3215 βεὶ.ὦν,οῠδὲ
2473 3144 2846 3213 τραυματίας,
2879 3143 2953 3206 ὡς
2987 3145 3124 3213 ἐγὼ,
3155 3147 3364 3201 ἐκεῖθεν
3393 3149 3677 3218 ἀπελήλυ-

411 3221 592 3275 studio
638 3219 965 3286 declarandi,
999 3235 1104 3293 nos
1136 3235 1260 3276 esse
1286 3231 1536 3278 strenuos
1589 3235 1646 3278 et
1700 3225 1997 3293 voluptatis

2108 3238 2221 3288 θεν.
2258 3235 2477 3302 Ἔγωγε
2518 3235 2700 3298 καλῶς
2763 3235 3007 3305 ὲμαυτδν
3053 3238 3380 3309 ἐπίσταμαι,
3434 3240 3512 3303 ὡς
3566 3241 3676 3293 οὐδ’

414 3320 842 3381 contemptores,
877 3313 972 3368 bas
1023 3324 1302 3367 orattones
1346 3314 1672 3369 instituisse.
1713 3315 1822 3369 Cur
1853 3317 1997 3370 enim

2107 3325 2413 3394 ἐπίσταμαί
2444 3341 2506 3392 γε
2532 3326 2742 3393 καλῶς,
2769 3327 2895 3381 ὅσον
2929 3329 3095 3385 ὲνδέω
3115 3330 3212 3385 τοῦ
3231 3332 3401 3402 τιμᾷν
3424 3334 3483 3386 ὲν
3500 3331 3677 3387 intum

416 3402 578 3468 istnc,
618 3403 718 3457 nisi
774 3403 914 3457 forte
961 3418 1116 3459 mens
1159 3403 1293 3458 mihi
1344 3405 1591 3473 perierit,
1632 3413 1688 3459 et
1728 3406 1843 3475 ipse
1888 3406 1998 3461 mel

2106 3414 2209 3484 τὴν
2259 3415 2629 3483 συμμετρίαν.
2695 3416 2850 3469 Ὠστ⁹
2900 3418 2997 3489 οὐχ
3060 3421 3203 3492 ὑπὲρ
3233 3422 3500 3492 ἐμαυτοῦ,
3556 3426 3679 3480 ἀλλ’

417 3509 642 3562 prorsus
672 3496 871 3550 oblitus
893 3496 993 3550 sitn
1029 3494 1244 3551 iNemo
1267 3497 1410 3549 enim
1445 3510 1530 3551 me
1558 3499 1748 3567 magis,
1776 3500 1996 3568 opinor,

2105 3506 2254 3567 ὅπως
2290 3506 2358 3561 ἂν
2408 3505 2697 3577 δυνάμεως
2756 3508 2963 3581 ἔχοιμι,
2995 3513 3141 3586 ὑπὲρ
3189 3513 3459 3585 ὠφελείας
3492 3519 3678 3582 ἁπλῶς

411 3596 664 3653 οχροιιιιε
699 3594 784 3640 est
839 3584 1268 3652 intemperantia;
1301 3584 1405 3637 tela
1438 3598 1577 3648 ;nec
1635 3586 1771 3640 adeo
1807 3588 1997 3642 vulue-
2103 3596 2237 3666 ἐρῶ,
2920 3621 2924 3625 -

411 3684 585 3748 ribus,
621 3689 678 3734 ut
707 3696 828 3752 ego,
866 3678 1147 3735 confectus
1181 3678 1249 3731 ab
1275 3692 1337 3731 ea
1371 3679 1644 3736 discessit.
1680 3680 1849 3739 Recte
1876 3685 2141 3757 meipsum
2166 3695 2413 3762 equidem
2442 3697 2585 3764 novi,
2619 3697 2810 3754 sicute
2863 3698 3078 3755 diverso
3145 3712 3296 3757 recte
3353 3717 3457 3759 non
3525 3714 3683 3765 tenro

410 3785 747 3846 quantopere
778 3791 806 3828 a
834 3774 979 3830 cultu
1013 3773 1401 3828 moderationis
1440 3775 1692 3832 omnibus
1729 3778 1781 3831 in
1827 3776 1989 3837 rebus
2026 3787 2226 3842 absim.
2295 3788 2503 3857 ρειαί-θ’
2535 3807 2645 3847 non
2703 3807 2844 3861 mea,
2890 3796 2983 3849 sed
3056 3809 3158 3865 pro
3218 3797 3425 3854 ratione
3483 3798 3679 3854 virium

412 3882 678 3931 mearum,
706 3866 1029 3935 simpliciter
1053 3865 1306 3920 utilitatis
1333 3879 1497 3921 causa
1531 3868 1825 3929 disseram.

481 3961 581 4018 Aio
609 3964 771 4031 igitur
806 3960 1140 4030 voluptatem
1192 3975 1315 4017 esse
1367 3962 1567 4017 bonum
1619 3967 1876 4035 quiddam
1933 3971 2002 4027 iis

411 4056 503 4128 qui
534 4055 661 4113 boni
706 4068 827 4107 esse
856 4053 1045 4119 velint,
1068 4061 1124 4107 et
1166 4063 1314 4109 recte
1360 4068 1425 4108 ac
1457 4053 1682 4111 honeste
1711 4073 1775 4113 ea
1804 4062 2008 4118 utenti-

412 4151 532 4209 l.us,
568 4162 678 4200 rem
720 4147 876 4214 plane
916 4146 1111 4199 bonam
1155 4160 1217 4199 ac
1251 4146 1562 4212 honestam,
1611 4149 1843 4218 vitaeque
1879 4168 2009 4207 con-

411 4240 784 4302 servatricem,
811 4252 910 4292 nec
932 4238 1093 4293 ullius
1120 4238 1541 4294 conciliatricem
1570 4241 1712 4308 mali,
1739 4244 2007 4312 siquidem

2179 3977 2329 4046 Φημὶ
2356 3972 2451 4032 οὖν
2485 3973 2625 4031 εῖναι
2658 3980 2757 4051 τὴν
2788 3979 2981 4052 ἡδονὴν
3027 3981 3233 4050 ἀγαθὸν
3266 3987 3382 4048 τοῖς
3446 3985 3680 4055 ἀγαθοῖς

2107 4066 2390 4123 ἐθέλουσιν
2422 4065 2587 4130 εἶναι,
2616 4072 2712 4124 καὶ⁸
2739 4075 2855 4135 τοῖς
2874 4073 3058 4137 καλῶς
3083 4091 3140 4128 τε
3173 4076 3267 4129 καὶ
3299 4077 3516 4147 σεμνῶς
3537 4097 3681 4149 χρω-

2115 4159 2300 4229 μένοις
2331 4161 2468 4232 αὗτῇ
2496 4162 2662 4216 καλόν
2693 4180 2745 4217 τι
2774 4166 2869 4218 καὶ
2913 4166 3112 4234 σεμνὸν
3164 4166 3446 4238 ἄντικρυς,
3491 4170 3570 4241 τῷ
3618 4188 3679 4224 τε

2112 4251 2215 4323 βίῳ
2241 4254 2566 4309 συστατικδν
2595 4257 2751 4326 ἡμῖν,
2788 4261 2881 4314 καὶ
2918 4259 3146 4328 μηδενός
3169 4277 3231 4328 γε
3269 4263 3533 4331 πρόξενον
3562 4264 3676 4338 τῶν

416 4350 515 4388 nos
538 4333 610 4386 ita
640 4332 887 4389 velimus.
913 4338 990 4388 Ac
1041 4332 1333 4403 Oportebat
1382 4333 1530 4388 illam
1564 4336 1808 4403 profecto
1841 4350 1895 4395 et
1917 4357 1998 4397 ex-

2112 4343 2323 4411 κακῶν,
2383 4346 2501 4415 εῐγε
2563 4349 2719 4418 ἡμεῖς
2757 4348 3085 4419 βουλόμεθα.
3134 4353 3246 4407 Καὶ
3276 4352 3384 4407 ἔδει
3412 4373 3476 4422 γε
3504 4332 3678 4429 αύτὴν

417 4427 632 4491 sistere,
665 4438 717 4480 et
747 4426 871 4481 vita:
899 4428 1213 4489 mortalium
1284 4430 1496 4493 adesse,
1527 4437 1583 4484 et
1630 4446 1751 4485 cum
1796 4437 2005 4489 anima-

2111 4435 2416 4504 ὑφεστάναι
2442 4441 2535 4492 καὶ
2571 4444 2831 4511 παρεῖναι
2872 4443 2951 4515 τῷ
2976 4444 3076 4515 βίῳ
3104 4445 3301 4515 τούτῳ,
3330 4449 3425 4500 καὶ
3456 4466 3681 4517 συμπα-

416 4530 595 4573 torum
624 4520 743 4572 vita:
758 4520 934 4588 spatio
951 4521 1172 4591 porrigi.
1197 4520 1334 4574 Nam
1354 4523 1587 4578 orationi
1611 4526 1850 4609 proxime
1872 4527 1998 4584 haut

2119 4522 2441 4601 ρεκταθῆναι
2470 4533 2535 4603 τῇ
2564 4533 2673 4586 τῶν
2702 4534 2967 4606 ἐμψύχων
3006 4536 3146 4609 ξιοῇέ
3182 4538 3268 4593 Τὰ
3315 4540 3423 4611 γὰρ
3452 4542 3677 4599 ἓναντία

415 4612 760 4680 prmcedenti,
824 4627 945 4681 quae
1014 4612 1206 4666 centra
1264 4613 1595 4683 voluptatem
1644 4626 1730 4672 est
1791 4622 2002 4691 babita,

421 4705 581 4771 plane
614 4703 726 4767 jam
759 4702 1038 4756 contraria
1098 4700 1429 4770 pronuntio:
1463 4719 1584 4774 quae
1629 4708 1674 4763 si
1713 4725 1839 4767 vera
1880 4721 2004 4768 sunt

416 4806 495 4861 (et
523 4804 644 4848 sunt
681 4808 812 4845 sane
845 4806 993 4855 vera,
1024 4793 1483 4861 quemadmodum
1509 4813 1644 4865 “mox
1692 4802 1849 4859 nobis
1889 4805 2006 4860 hac

413 4889 737 4954 compendio
798 4887 1033 4957 quodam
1095 4886 1353 4945 ostendet
1395 4877 1602 4960 oratio,
1637 4894 1683 4949 si
1759 4896 2004 4951 divinum

412 4985 568 5031 nat-ta
622 4977 858 5033 favorem
922 4977 1086 5032 fuerit
1107 4978 1151 5048 ),
1209 4990 1588 5050 argumentum
1637 4998 1801 5040 omne
1866 4996 2004 5042 con-

411 5069 609 5131 fectum
647 5070 773 5135 erit,
805 5070 1225 5137 probatumque,
1248 5071 1581 5143 voluptatem
1607 5091 1729 5133 esse
1767 5092 1880 5133 rem
1909 5078 2005 5134 bo—

412 5169 620 5211 ncsutm
649 5166 704 5208 et
724 5158 1008 5224 optimam.
1040 5150 1219 5224 Atque
1274 5159 1407 5215 adeo
1437 5163 1523 5217 vel
1550 5179 1713 5219 unum
1745 5167 2003 5235 quiddam

414 5245 817 5309 brevissimum,
867 5260 988 5301 mea
1043 5247 1265 5315 quidem
1352 5256 1639 5322 sententia,
1692 5255 1998 5314 sull'ecerit.

412 5336 623 5404 Quippe
653 5336 699 5389 si
737 5336 1284 5405 consideraveritnus,
1336 5355 1458 5397 eum
1489 5346 1578 5413 qui
1616 5361 1805 5417 reapse
1828 5350 2003 5406 bonus

409 5437 515 5489 est,
547 5429 685 5481 banc
719 5428 1079 5483 animatorum
1137 5440 1348 5487 natura:
1396 5433 1702 5506 insevisse;
1744 5443 2004 5511 quodque

412 5517 574 5586 cujus
637 5531 830 5573 auctor
878 5510 994 5587 ipse
1022 5530 1124 5585 est,
1184 5522 1236 5576 id
1304 5538 1483 5593 neque
1540 5530 1761 5595 malum,
1822 5510 2001 5603 neque

418 5609 700 5678 rejiculum
736 5624 855 5664 csse
915 5622 1098 5680 queat,
1135 5614 1229 5668 sed
1258 5617 1434 5684 potius
1475 5631 1506 5674 e
1532 5625 1807 5677 contrario
1853 5628 2005 5681 valde

416 5699 489 5753 sit
554 5701 754 5754 bonum
801 5712 855 5756 et
880 5704 1271 5771 expetendum,
1308 5708 1518 5777 parebit
1570 5714 1814 5781 omnino,
1849 5716 2001 5771 volu-

411 5797 616 5856 ptatem
670 5804 765 5859 per
794 5807 852 5849 se
904 5810 1016 5850 rem
1048 5795 1243 5852 bonam
1274 5807 1327 5852 et
1358 5801 1641 5859 honestam
1672 5818 1825 5875 esse,
1856 5809 1997 5877 quod

916 5924 957 5961 ’Χ

2108 4622 2257 4691 φημὶ
2287 4622 2367 4692 τῷ
2406 4622 2513 4703 πρὸ
2540 4625 2699 4679 τοῦδε
2730 4627 2856 4681 κατ’
2885 4628 3057 4697 αὐτῆς
3076 4631 3355 4702 εἰρημένῳ
3383 4633 3548 4703 λόγῳ.
3570 4637 3680 4689 Καὶ

2108 4713 2161 4767 εἰ
2198 4713 2374 4767 ταῦτα
2399 4702 2577 4787 ἀληθῆ
2604 4716 2746 4784 (ἐστι
2776 4718 2860 4785 δὲ,
2893 4720 2970 4783 ὡς
3004 4722 3139 4791 ἡμῖν
3168 4721 3197 4775 ὁ
3232 4720 3394 4791 λόγος
3427 4702 3515 4778 διὰ
3542 4726 3680 4796 βρα-

2105 4806 2244 4875 χέων
2265 4806 2466 4861 αὐτίκα
2487 4808 2675 4878 δείξει,
2722 4811 2773 4864 εί
2804 4813 2905 4883 τῆς
2938 4812 3091 4877 θείας
3126 4815 3304 4885 ῥοπῆς
3354 4816 3669 4892 ἁπολαύοι),

2104 4896 2168 4951 τὶ
2226 4899 2338 4952 πᾶν
2392 4900 2492 4969 τῆς
2517 4901 2835 4967 ὑποθέσεως
2880 4903 3196 4974 εἴργασται,
3237 4908 3334 4961 καὶ
3366 4908 3534 4963 καλὸν
3586 4914 3679 4965 καὶ

2108 4989 2385 5059 βέλτιστον
2420 4993 2482 5046 τὸ
2511 4994 2614 5064 τῆς
2652 4994 2853 5064 ἡδονῆς
2885 4999 3021 5068 ἡμῖν
3049 5000 3437 5057 ἀποδέδεικται
3460 5005 3675 5075 χρῆμα.

2112 5083 2207 5138 Ἕν
2231 5084 2294 5153 δή
2320 5100 2372 5137 τι
2396 5084 2539 5139 πάνυ
2583 5084 2929 5157 βραχύτατον
2960 5090 3247 5160 ἀρκέσειεν
3287 5093 3378 5162 ἂν,
3413 5092 3588 5165 οἶμαι.
3614 5097 3676 5151 Et

2106 5172 2217 5244 γάρ
2237 5173 2301 5244 δὴ
2328 5173 2488 5228 τοῦτο
2518 5178 2922 5249 σκοπήσαιμεν,
2958 5179 3035 5243 ὡς
3059 5182 3088 5234 ὁ
3121 5183 3200 5253 τῷ
3232 5182 3350 5239 ὄντι
3375 5186 3580 5255 ἀγαθὸς
3608 5190 3674 5258 τῇ

2103 5263 2213 5315 τῶν
2237 5262 2505 5334 ἐμψύχων
2546 5264 2709 5333 φύσει
2733 5266 2940 5339 ταύτην
2999 5272 3306 5345 ὲνέσπειρε,
3361 5276 3458 5330 καὶ
3504 5271 3677 5348 οὗπερ

2106 5357 2314 5419 ἐκεῖνος
2352 5358 2546 5421 αἴτιος,
2573 5359 2674 5412 οὐκ
2716 5361 2784 5415 ἄν
2841 5364 2966 5416 ποτ’
2993 5362 3082 5436 εἴη
3114 5366 3274 5421 τοῦτο
3322 5370 3517 5437 κακον,
3566 5370 3675 5423 οὐδ’

2104 5447 2437 5517 ἀπόϐλητον,
2469 5449 2607 5503 ἀλλὰ
2661 5449 2973 5508 τούναντίον
3004 5457 3195 5526 σαφῶς
3229 5458 3395 5512 καλόν
3443 5478 3501 5513 τε
3540 5462 3674 5531 σφό-

2103 5538 2204 5607 δρα
2236 5540 2333 5591 καὶ
2384 5540 2598 5609 αἱρετόν
2619 5556 2635 5573 ο
2669 5546 2921 5612 φανεῖται
2950 5549 3170 5613 πάντως
3206 5551 3239 5621 ἡ
3266 5551 3431 5623 ἡδονὴ
3469 5551 3672 5622 ἀγαθόν

2103 5647 2154 5682 τι
2186 5630 2280 5683 καὶ
2311 5631 2477 5685 καλὸν
2505 5632 2629 5687 καθ’
2654 5635 2825 5705 αὐτὴν
2842 5631 3001 5706 οὖσα,
3030 5641 3172 5694 κατὰ
3201 5643 3303 5713 τὴν
3330 5646 3670 5713 ἐπαγγελίαν

2102 5720 2198 5774 τοῦ
2231 5721 2418 5790 λόγου.
2452 5723 2575 5777 Ὅτι
2596 5725 2653 5778 δὲ
2687 5726 2879 5784 θεόθεν
2911 5729 2944 5799 ἡ
2991 5731 3178 5801 ἡδονὴ,
3239 5735 3453 5799 οὐδενὸς
3511 5734 3667 5807 οἶμαι

2103 5813 2392 5885 δεήσεσθαι
2451 5817 2636 5888 λόγου.
2677 5818 2898 5893 Ἐπειδὴ
2937 5824 3048 5895 γὰρ
3097 5826 3166 5881 τὰ
3195 5827 3373 5883 πάντα
3424 5830 3556 5901 ἡμῖν
3603 5834 3665 5885 ἐκ
