3958 6416
263 400 366 467 ιδδ

1665 409 1952 472 ORATIO
1990 413 2053 482 V.

3408 416 3516 479 466

253 522 415 591 Θεοῦ,
448 520 525 586 ὡς
556 520 613 576 δὲ
631 522 731 578 καὶ
766 525 902 579 πᾶσι
932 528 1045 589 τοῖς
1063 520 1205 594 οῦσι,
1232 527 1328 581 καὶ
1356 526 1513 581 τοῦτό
1535 545 1599 597 γε
1643 529 1822 599 δότιμα

1930 528 2142 601 quidem
2198 529 2266 584 de
2313 529 2415 585 bac
2469 538 2652 586 nostra
2704 529 3061 602 pollicebatur
3125 532 3321 589 oratio.
3384 532 3517 588 Esse

254 623 436 670 κοινόν
460 633 476 650 ο
511 617 690 671 κοινὸν
724 619 822 672 zeal
856 620 1018 673 τοῦτο
1053 618 1250 688 γένοιτ’
1284 621 1373 686 ἂν,
1402 616 1581 691 οϊμαι,
1614 622 1817 692 δόγμα,

253 707 325 770 ὡς
353 710 388 778 ἡ
429 710 591 779 ἡδονὴ
615 711 802 776 καλὲν,
834 712 931 765 καὶ
960 712 1122 783 δῆλον
1178 714 1427 772 αὐτόθεν.
1464 715 1537 769 Ἦ
1570 696 1689 784 γὰρ’
1724 717 1825 769 οὐκ

254 800 369 855 ἔστι
398 804 457 855 τὸ
508 803 608 872 τῆς
656 804 851 874 ἡδονῆς
905 806 1185 878 χρῆμα,ἢ
1236 810 1367 879 παρ’
1413 803 1476 864 οὗ
1520 810 1822 877 canam,

256 894 506 965 κάκείνη.
543 895 684 949 Ἀλλ’
706 897 821 951 ἐστι
854 914 918 967 γε
943 901 1163 955 πάντων
1193 901 1227 972 ἠ
1257 902 1441 972 ἡδονή.
1471 895 1672 957 Θεόθεν
1689 901 1818 975 ἄρα.

257 986 365 1038 Kal
410 988 668 1041 τάκεῖθεν
706 991 909 1059 ἀγαθά.
959 993 1164 1065 Ἀγαθὴ
1215 994 1346 1064 ἄρα.
1405 996 1479 1050 Οὐ
1526 997 1708 1051 τοίνυν
1741 1012 1824 1050 σοι

259 1077 525 1132 πλειόνων
555 1074 710 1148 οἶμαι
748 1081 955 1151 δεήσει,
983 1084 1122 1154 πρὸς
1164 1085 1266 1157 τὴν
1318 1087 1418 1157 τῆς
1473 1083 1825 1158 ὖποσχέσεως

256 1170 486 1223 ἔκτισιν.
528 1175 604 1226 Οὐ
632 1174 743 1244 γὰρ
775 1175 947 1239 ἔστιν,
982 1181 1084 1232 οὐκ
1120 1178 1269 1234 ἔστιν
1298 1180 1469 1252 ἄνδρα
1500 1183 1690 1236 πιστὸν
1709 1184 1825 1237 διᾶ-

258 1278 343 1327 ραι
379 1263 555 1332 στόμα
584 1266 861 1337 τολμῆσαι
891 1269 1026 1340 πρὸς
1052 1271 1388 1329 τούναντίον.
1419 1270 1588 1344 Οἶμαι
1613 1275 1671 1329 δὲ
1703 1276 1826 1346 μηδ’

256 1354 507 1418 ἄπιστον,
545 1356 739 1424 ἔχοντά
795 1376 860 1426 γε
913 1360 1042 1416 νοῦν
1093 1363 1416 1435 διακρίνειν,
1461 1369 1553 1421 καὶ
1613 1369 1827 1438 λογιζό-

259 1461 443 1512 μενον,
482 1446 578 1509 τὰς
607 1447 915 1518 ὑπερϐολὰς
946 1455 1041 1506 καὶ
1072 1456 1174 1519 τὰς
1196 1459 1582 1529 παραχρήσεις
1630 1463 1744 1520 τοῖς
1763 1461 1825 1514 οὐ

254 1536 435 1599 καλῶς
466 1537 775 1607 χρωμένοις
797 1537 940 1595 εἶναι
968 1558 982 1574 ο
1020 1546 1120 1613 τῆς
1139 1545 1196 1598 δὲ
1220 1544 1411 1618 ἡδονῆς
1434 1550 1534 1618 τὴν
1562 1550 1827 1605 σύστασιν

254 1627 411 1689 αὖθις
463 1625 602 1683 εἶναι
635 1634 698 1701 τῇ
743 1636 1064 1708 συμμετρίᾳ
1102 1638 1202 1705 τῆς
1236 1640 1624 1711 μεταλήψεως.
1657 1642 1826 1697 Ὥστε

262 1719 475 1786 ἔξεστιν
504 1723 700 1786 εἰπεῖν,
742 1726 856 1793 Πρὸ
904 1727 999 1781 τοῦ
1054 1729 1273 1798 βαδίσαι
1309 1732 1555 1800 ἔφθασας
1581 1750 1595 1766 ο
1626 1735 1655 1788 ὃ
1713 1752 1823 1790 τινι

188 1869 200 1879 _
260 1811 368 1864 τῶν
411 1813 572 1867 θείων
619 1814 830 1885 ἀνδρῶν
863 1819 1100 1888 εἴρηται,
1167 1822 1476 1894 ὑπερϐολὴν
1534 1826 1616 1888 είς
1662 1843 1827 1894 ταχυ-

252 1903 392 1972 τῆτα
416 1906 625 1960 θέλοντι
653 1908 849 1975 δεῖξαι.
879 1906 1052 1980 Οἶμαι
1108 1915 1164 1967 δέ
1208 1932 1361 1975 τινας
1402 1916 1512 1970 τῶν
1540 1918 1830 1988 παρόντων

254 1996 600 2068 σαφέστερον
636 2000 844 2054 ἐθέλειν
872 2004 1127 2070 ἀκοῦσαι,
1152 2007 1248 2072 καὶ
1270 2007 1465 2078 χρῆναι
1493 2010 1706 2072 τούτοις
1724 2028 1830 2064 παι·

254 2088 680 2159 ραμυθήσασθαί
711 2112 802 2161 μοι
829 2096 998 2159 δοκεῖ,
1046 2099 1171 2152 ὅσον
1203 2101 1406 2153 ἱκανόν.
1459 2099 1624 2156 Ὅθεν
1647 2101 1711 2172 δὴ
1739 2102 1828 2157 διὰ

251 2182 513 2237 πλειόνων
542 2186 841 2256 ἐκθέμενος
871 2188 963 2242 τὸν
989 2190 1168 2258 λόγον,
1194 2191 1371 2263 ὀρθῶς
1401 2210 1463 2261 γε
1494 2193 1620 2262 ἕχον
1668 2195 1828 2263 δείξω

249 2277 313 2330 rb
364 2278 566 2349 δόγμα.
617 2281 912 2350 ἀνάγκαις,
952 2278 1131 2355 οἶμαι,
1194 2284 1562 2354 πρεπούσαις.
1631 2289 1826 2344 Καίτοι

249 2369 393 2423 δοκῶ
427 2388 517 2439 μοι
539 2370 662 2428 λίαν
690 2375 861 2444 σαφὲς
887 2378 1328 2444 κατασκευάζειν
1364 2380 1693 2451 ἐπιχειρεῖν.
1711 2384 1828 2437 Κα-

249 2463 343 2516 λδν
365 2463 420 2516 δὲ
455 2465 604 2534 ὅμως
651 2468 831 2521 εἰπεῖν
861 2470 951 2522 καὶ
980 2470 1040 2523 τὸ
1088 2470 1211 2524 καθ’
1248 2471 1384 2525 αὑτὸ
1424 2474 1827 2543 συνιστάμενον

249 2555 362 2609 ἀπὸ
396 2557 506 2611 τῶν
559 2558 659 2629 ἤδη
697 2560 975 2631 ῥηθέντων
1002 2562 1107 2635 διὰ.
1137 2564 1327 2631 κοινῆς
1361 2565 1459 2633 (ὡς
1508 2566 1711 2637 εἰπεῖν)
1742 2563 1833 2621 ἔνι’

247 2648 396 2712 νοίας
430 2650 525 2705 καὶ
556 2651 888 2722 ἀξιώματος,
928 2655 1007 2709 ἔτι
1039 2656 1135 2709 καὶ
1195 2658 1402 2726 μᾶλλον
1438 2660 1704 2729 συστῆσαι
1732 2662 1826 2717 καὶ

246 2744 316 2814 τῇ
378 2745 489 2798 τῶν
538 2744 716 2815 λόγων
771 2747 1069 2819 ἀκολουθίᾳ
1110 2750 1170 2805 ἓν
1232 2751 1512 2822 διαφόροις
1543 2753 1830 2824 ἐπιχειρή-

250 2855 413 2905 μασι.
454 2839 527 2891 Τὸ
555 2840 666 2910 γὰρ
687 2839 838 2894 δυοῖν
874 2843 1296 2921 συνιστάμεναι),
1328 2843 1424 2897 δύο
1450 2843 1514 2913 δή
1547 2861 1704 2909 τινας
1730 2846 1827 2914 (ὡς

246 2930 450 2990 εἰπεῖν)
483 2931 607 3000 ἔχον
646 2933 833 2999 πόδας,
868 2933 1221 3003 ὲδραιότερόν
1254 2952 1357 2988 που
1384 2934 1480 2989 τοῦ
1507 2937 1576 2990 δι’
1612 2939 1730 3001 ἑνὸς
1750 2938 1827 3003 ὡς

245 3023 308 3087 ἐξ
341 3025 607 3093 ἡμισείας
661 3044 779 3090 πως
818 3027 1135 3097 βεϐηκότος,
1188 3028 1380 3099 ὥσπερ
1433 3029 1520 3097 ἐφ’
1565 3030 1650 3083 ἐνὶ
1683 3031 1826 3086 ποδί.

244 3115 308 3168 Ei
339 3117 396 3169 δὲ
430 3117 527 3169 καὶ
563 3116 811 3172 πλείοσιν
831 3119 1205 3190 ἐπερείδεται,
1240 3122 1377 3176 πολύ
1409 3141 1473 3191 γε
1496 3125 1827 3197 τοῦτνᾶμει-

244 3224 357 3287 νον.
399 3210 511 3261 Καὶ
534 3209 597 3277 δὴ
624 3211 922 3277 σκοπῶμεν
966 3212 1088 3267 ὡδί.
1127 3214 1437 3286 Ἀρξὸμεθα
1463 3217 1512 3271 δ’
1543 3213 1702 3284 αὖθις
1760 3223 1826 3275 ὲκ

245 3300 357 3352 τῶν
386 3300 691 3371 προτέρων.
741 3303 1011 3373 Θεμέλιον
1046 3306 1153 3377 γὰρ
1204 3307 1364 3361 ἄλλον
1396 3310 1572 3375 οὐδεὶς
1602 3312 1825 3369 δύναται
1856 3300 1861 3362 ξ

244 3395 422 3448 θεῖναι
460 3397 612 3465 παρά
642 3397 734 3449 τὸν
764 3398 1047 3466 κείμενον,
1102 3399 1213 3469 ἔφη
1248 3395 1505 3465 Ἢαῦλος.
1555 3405 1667 3459 Καὶ
1717 3407 1824 3479 ὁδῷ

245 3488 483 3561 βαδίζων
520 3489 549 3542 ὁ
583 3489 766 3556 λόγος,
790 3488 930 3545 Θεοῦ
988 3494 1412 3563 συναιρομένου,
1449 3498 1733 3567 συντόμως
1764 3501 1826 3554 τὺ

242 3582 581 3652 γιγνόμενον
599 3582 903 3648 ἀποδώσει,
937 3584 1233 3650 ἀποδείξας
1264 3587 1365 3656 μὲν
1395 3589 1611 3655 ἐκεῖνα,
1650 3583 1725 3645 ὧν
1750 3594 1825 3662 μὴ

241 3675 590 3745 δειχθέντων,
627 3677 727 3729 οὐκ
752 3676 821 3731 ἂν
853 3676 1172 3747 ἀρκούντως
1199 3678 1347 3750 ἔχειν
1368 3681 1436 3735 τὰ
1466 3682 1823 3753 ῥηθησόμενα

1928 636 2060 676 vero
2088 621 2416 690 voluptatem
2458 637 2489 676 a
2544 621 2674 687 Deo,
2714 621 2913 678 nullius
2950 637 3110 692 egere
3170 623 3512 691 probationis

1929 712 2183 767 arbitror.
2216 712 2352 770 Nam
2382 728 2503 768 cum
2532 714 2713 770 omnia
2740 714 2917 777 nobis,
2953 715 3094 770 sicut
3123 722 3179 771 et
3205 717 3365 771 rebus
3397 716 3516 772 uni-

1929 808 2177 868 versis.a
2221 806 2329 862 Deo
2353 806 2555 863 tributa
2588 809 2718 874 sint,
2773 809 2913 887 quod
2964 809 3179 877 quidem
3228 809 3509 865 communi

1928 906 2206 968 receptum
2239 910 2321 954 est
2348 900 2651 964 sententia,
2679 901 2944 971 sequitur,
2986 912 3039 956 et
3089 903 3188 957 hoc
3222 916 3515 956 commune

1929 989 2083 1061 quasi
2116 988 2385 1059 quoddam
2417 1004 2542 1045 esse
2570 983 2850 1059 placitum,
2883 992 3213 1059 voluptatem
3247 1006 3369 1046 esse
3397 1006 3513 1047 rem

1931 1082 2153 1148 bonam,
2191 1081 2350 1150 idque
2382 1081 2467 1137 vel
2521 1081 2649 1138 hinc
2688 1081 3033 1151 perspicuum
3088 1088 3172 1136 est
3213 1079 3340 1135 :vel
3369 1079 3518 1134 enim

1930 1171 2078 1226 nulla
2106 1172 2359 1243 voluptas
2377 1182 2479 1239 est,
2501 1172 2588 1230 vel
2628 1189 2658 1229 a
2688 1189 2798 1243 quo
2826 1183 3019 1230 cuncta
3053 1181 3199 1238 sunt,
3225 1174 3292 1226 ab
3324 1170 3517 1226 eodem

1927 1275 1984 1322 et
2012 1267 2146 1336 ipsa.
2174 1266 2243 1322 At
2276 1281 2406 1321 vero
2432 1267 2672 1336 \‘blttplas
2704 1275 2786 1325 est
2818 1267 3061 1323 omnium
3101 1285 3113 1320 :
3144 1284 3173 1321 a
3208 1267 3313 1320 Deo
3337 1265 3519 1332 igitur.

1930 1355 2060 1422 Quae
2092 1363 2273 1410 autem
2321 1370 2353 1410 a
2402 1355 2531 1422 Deo,
2577 1357 2718 1413 bona
2772 1365 2938 1414 sunt:
2975 1359 3116 1414 bona
3176 1358 3357 1428 igitur.
3400 1355 3517 1410 Non

1930 1445 2188 1517 ergotibi
2229 1446 2492 1516 pluribus,
2517 1450 2731 1517 opinor,
2779 1466 2914 1518 opus
2953 1452 3143 1505 eritad
3183 1450 3513 1520 persolutio-

1932 1552 2053 1591 nem
2084 1536 2162 1591 rei
2188 1539 2489 1607 promissa}.
2525 1537 2645 1595 Non
2669 1540 2816 1596 enim
2853 1541 2998 1606 licet,
3034 1558 3141 1596 non
3176 1542 3302 1596 licet
3343 1545 3521 1598 Immi-

1934 1630 1987 1685 ni
2019 1629 2161 1687 iideli
2198 1631 2466 1686 diversam
2498 1639 2556 1687 ut
2585 1632 2640 1687 in
2667 1645 2873 1702 partem
2924 1635 3121 1689 audeat
3144 1650 3204 1689 os
3238 1639 3451 1704 aperire
3502 1654 3519 1705 ;

1932 1722 2043 1777 imo
2073 1737 2175 1778 nec
2203 1722 2423 1789 inﬁdeli,
2459 1739 2578 1780 mea
2614 1726 2832 1795 quidem
2863 1726 3142 1795 opinione,
3179 1727 3338 1781 modo
3366 1743 3523 1783 men-

1936 1827 2009 1882 te,
2079 1802 2213 1884 quae
2245 1814 2512 1885 judicium
2573 1815 2718 1872 ferre
2774 1818 2965 1887 possit,
3020 1819 3280 1886 prmditus
3321 1818 3392 1872 sit
3427 1827 3524 1885 ;et

1933 1905 2153 1977 cegitet,
2184 1921 2306 1976 quae
2351 1907 2518 1962 nimia
2551 1908 2681 1975 sint,
2721 1924 2827 1963 una
2874 1924 2996 1963 cum
3031 1909 3313 1971 abusibus.
3344 1911 3411 1963 ad
3429 1925 3524 1965 eos

1932 2014 2053 2055 esse
2094 1997 2381 2055 referenda
2409 2001 2504 2070 qui
2539 2015 2648 2055 non
2713 2011 2860 2056 recte
2919 2010 3144 2056 utantur
3177 2018 3192 2067 ;
3222 2001 3523 2070 voluptatis

1939 2100 2121 2147 autem
2163 2092 2352 2163 'ipsius
2380 2093 2537 2160 quasi
2585 2092 3021 2162 fundamentum,
3067 2094 3120 2147 in
3158 2094 3523 2162 perceptionis

1930 2183 2300 2238 moderamine
2354 2184 2681 2240 consistere.
2720 2184 2837 2251 Quo
2860 2184 2920 2238 ﬁt
2954 2193 3013 2240 ut
3045 2184 3226 2240 dicere
3276 2184 3407 2239 mihi
3453 2184 3524 2239 li-

1929 2286 2053 2332 ceat
2100 2295 2115 2331 :
2153 2277 2454 2349 Antequam
2509 2280 2612 2335 iter
2644 2282 2946 2350 occiperes,
3005 2279 3342 2350 pervenisti;
3380 2278 3524 2347 quod

1929 2368 2145 2425 divinus
2206 2370 2426 2441 quidam
2457 2375 2541 2425 vir
2569 2373 2726 2437 dixit,
2758 2373 2983 2429 nimiam
3019 2376 3306 2443 quamdam
3331 2373 3526 2428 celeri--

1933 2470 2097 2516 tatem
2132 2462 2323 2518 volens
2367 2463 2678 2521 ostendere.
2711 2458 2964 2520 Arbitror
3020 2476 3202 2520 autem
3257 2469 3525 2535 quosdam

1932 2554 2020 2609 hic
2049 2555 2660 2628 praesentesdilucidius
2685 2557 2800 2615 haec
2824 2559 3013 2617 audire
3043 2574 3243 2627 cupere
3285 2578 3300 2625 ;
3332 2560 3528 2628 Quibus

1927 2648 2174 2717 equidem
2228 2650 2669 2719 gratiﬁeandum,
2725 2652 2854 2707 dum
2903 2653 3040 2708 satis
3088 2653 3170 2707 eis
3203 2654 3315 2719 (lat,
3376 2663 3525 2722 puto.

1927 2739 2290 2808 Quamobrem
2359 2741 2603 2812 pluribus
2651 2759 2868 2799 omnem
2926 2744 3193 2800 rationem
3250 2745 3530 2814 explicans

1930 2844 2076 2889 recte
2118 2843 2490 2900 comparatam
2541 2849 2666 2892 esse
2725 2836 3052 2893 sententiam
3075 2877 3091 2903 ,
3123 2838 3452 2893 necessariis
3475 2845 3529 2892 et

1927 2925 2399 2992 convenientibus,
2452 2935 2513 2981 ut
2565 2927 2827 2993 arbitror,
2872 2930 3208 2997 argumentis
3263 2927 3525 2998 probabo-

1944 3014 2266 3087 Quanquam
2310 3034 2424 3077 rem
2475 3018 2634 3076 valde
2685 3011 3033 3091 perspicuam
3086 3020 3529 3077 astruereunibi
3589 3060 3594 3065 .

1928 3109 2066 3167 velle
2097 3112 2304 3178 videor,
2332 3111 2687 3168 nihilominus
2717 3114 2918 3169 bonum
2950 3122 3035 3170 est
3071 3115 3189 3170 haec
3216 3114 3524 3183 explicare,

1933 3201 2186 3271 quodque
2212 3217 2308 3273 per
2340 3217 2399 3263 se
2423 3204 2675 3260 consistit
2700 3220 2766 3260 ex
2804 3205 2872 3260 iis
2897 3221 3016 3276 qua:
3055 3205 3167 3277 jam
3204 3207 3346 3260 dicta
3376 3216 3525 3266 sunt.

1932 3311 2030 3366 per
2062 3310 2434 3363 communem.
2471 3307 2530 3354 ut
2586 3298 2661 3353 ita
2709 3298 2969 3366 dixerim,
3027 3300 3306 3355 notionem
3361 3310 3529 3370 atque

1931 3391 2283 3456 sententiam,
2338 3391 2538 3463 magis-
2572 3387 2736 3449 etiam
2783 3393 3170 3450 consentaneis
3220 3394 3528 3449 rationibus

1933 3485 2189 3555 probare,
2222 3484 2439 3540 diversa
2489 3502 2586 3556 per
2622 3494 2963 3556 argumenta.
2997 3487 3131 3541 Nam
3183 3487 3325 3558 quod
3357 3487 3527 3543 rebus

1925 3578 2147 3635 duabus
2174 3587 2413 3644 constat,
2440 3579 2578 3636 duos
2604 3580 2896 3649 quosdam,
2921 3592 2979 3635 ut
3014 3581 3086 3635 ita
3119 3581 3324 3646 dicam,
3354 3583 3525 3651 pedes

1932 3673 2157 3738 habens,
2213 3672 2613 3743 quodammodo
2673 3675 2927 3729 stabilius
2996 3684 3078 3729 est
3139 3688 3204 3729 eo
3252 3675 3393 3743 quod
3428 3689 3526 3743 per

239 3768 420 3833 δόξαι*
450 3769 739 3838 σιωπήσας
770 3768 830 3823 δὲ
862 3769 1056 3837 πολλὰ,
1084 3770 1120 3825 ἃ
1153 3772 1247 3827 καὶ
1279 3772 1354 3844 μὴ
1388 3773 1649 3843 λεχθέντα
1671 3778 1821 3845 φυγῇ

1933 3783 2097 3824 unum
2129 3767 2358 3837 aliquid,
2385 3767 2530 3822 velut
2555 3784 2621 3822 ex
2642 3770 2893 3833 semisse,
2922 3769 3187 3838 quasique
3217 3771 3352 3838 pede
3378 3771 3526 3824 dun-

239 3861 340 3915 τοῦ
359 3862 549 3931 κόρου,
580 3862 682 3917 οὐκ
713 3864 781 3921 ἂν
811 3866 1037 3934 ἐνέγκαι
1088 3866 1320 3938 ζημίαν,
1356 3862 1533 3938 οῖμαι,
1583 3868 1662 3938 τῷ
1694 3885 1825 3939 προ-

1935 3869 2087 3917 taxat
2118 3875 2229 3915 uno
2269 3858 2546 3914 consistit.
2586 3860 2740 3926 Quod
2771 3862 2817 3915 si
2853 3862 3018 3915 etiam
3055 3862 3301 3931 pluribus
3358 3860 3517 3916 fuit-i-

240 3953 484 4026 κειμένῳ
517 3954 728 4024 σκοπῷ.
1413 3966 1415 3968 ’

1933 3965 2046 4021 tur,
2081 3954 2241 4022 longe
2282 3951 2333 4006 id
2382 3965 2600 4022 quoque
2631 3953 2826 4008 melius
2871 3965 2977 4009 est.
3028 3955 3094 4009 Et
3149 3954 3520 4011 consideratio

237 4063 375 4103 sane
422 4058 608 4103 nostra
661 4051 763 4104 hoc
802 4049 1034 4119 quodam
1069 4053 1231 4106 modo
1258 4050 1595 4106 instituatur.
1629 4050 1920 4106 Ordiamur
1985 4056 2169 4102 autent
2211 4059 2400 4100 rursus
2463 4062 2529 4102 ex
2593 4049 3089 4117 antecedentibus;
3134 4051 3331 4122 quippe
3394 4050 3523 4106 t‘un-

240 4146 555 4200 dumentum
583 4145 727 4200 aliud
755 4147 882 4216 poni
915 4147 1283 4218 nequitquam
1303 4148 1446 4217 quod
1474 4147 1679 4214 jactutu
1713 4156 1819 4208 est,
1900 4157 1959 4200 ut
2028 4142 2180 4198 Pauli
2229 4141 2413 4198 verbis
2461 4152 2603 4199 utar.
2638 4145 2704 4199 Et
2752 4147 2866 4216 ipsa
2923 4147 3102 4201 oratio
3159 4150 3242 4202 via
3285 4149 3518 4216 quadam

240 4237 562 4307 rationeque
608 4241 1012 4308 progrediente,
1049 4240 1352 4311 opitulante
1404 4239 1536 4306 Deo,
1603 4231 2009 4308 cumpcndiarie
2062 4239 2206 4308 quod
2274 4245 2492 4294 rectum
2570 4240 2677 4295 erit
2741 4252 3038 4314 exponet:
3122 4240 3522 4299 demonstratis

239 4329 371 4394 illis,
401 4330 597 4399 quibus
624 4347 731 4386 non
771 4332 1037 4402 probatis,
1082 4328 1226 4387 hau'd
1264 4334 1397 4388 satis
1428 4333 1575 4390 bene
1623 4343 1922 4389 constituta
1963 4350 2087 4406 quae
2126 4335 2378 4393 dicentur
2418 4341 2590 4395 videri
2668 4346 2894 4409 queant,
2978 4338 3276 4406 multisque
3347 4337 3519 4391 sileo--

240 4421 318 4476 tio
356 4421 666 4490 praeteritis,
723 4438 846 4492 qua:
886 4419 1108 4485 tametsi
1173 4423 1379 4479 vitandi
1436 4425 1580 4480 taedii
1653 4440 1817 4481 causa
1858 4429 2073 4497 prolata
2109 4445 2213 4485 non
2270 4432 2496 4499 fuerint,
2534 4433 2738 4488 nullum
2794 4439 2973 4486 tamen
3008 4432 3289 4502 proposito
3352 4444 3522 4502 scopo

236 4518 652 4584 detrimentum,
683 4522 900 4591 opinor,
953 4520 1258 4591 attulerint.
2452 4508 2461 4515 ”

313 4614 375 4667 Ei
405 4612 540 4683 γοῦν
577 4616 610 4684 ἡ
647 4613 812 4682 φδσις
862 4614 970 4668 τῶν
997 4613 1172 4668 δντων
1206 4615 1361 4683 παρὰ
1416 4614 1579 4683 Θεοῦ,
1637 4616 1732 4671 καὶ
1781 4617 1816 4688 ή

2001 4615 2057 4670 Si
2114 4629 2245 4689 ergo
2310 4626 2504 4672 natura
2550 4631 2735 4673 rerum
2768 4631 2797 4670 a
2829 4616 2943 4671 Deo
3000 4624 3105 4681 est,
3139 4625 3194 4671 et
3240 4618 3519 4688 appetitus

237 4704 515 4775 ἐπιθυμία
547 4706 685 4758 πᾶσι
715 4707 829 4769 τοῖς
854 4703 1020 4769 ζώοις
1051 4706 1414 4776 ὲνέσπαρται,
1446 4707 1701 4780 καθάπερ
1734 4709 1825 4762 καὶ

1934 4708 2150 4764 cunctis
2186 4709 2562 4765 animantibus
2589 4708 2811 4774 insitus,
2862 4709 3009 4764 sicut
3038 4717 3093 4763 et
3127 4721 3255 4764 ante
3310 4711 3517 4766 dictum

238 4800 600 4866 προείρηται,
643 4797 742 4851 καὶ
780 4795 884 4869 οὐκ
940 4795 1091 4851 ἐστιν
1152 4795 1353 4861 ἔξωθεν
1391 4796 1453 4850 τὸ
1500 4797 1821 4868 ἐπιθυμεῖν,

235 4890 362 4942 οὐδὲ
391 4890 775 4958 ίιστερογενὲς,
809 4889 923 4943 οὐδ’
953 4890 1273 4959 ἐπίκτητον,
1302 4889 1423 4943 ἀλλ’
1446 4890 1693 4960 ἔμφυτός
1737 4906 1825 4954 τις

237 4980 481 5052 δύναμις
522 4981 623 5051 τῆς
649 4981 860 5052 ψυχῆς,
889 4981 986 5035 καὶ
1018 4980 1349 5052 ἀχώριστος,
1384 4983 1481 5036 καὶ
1543 4983 1712 5053 μέρος
1755 4982 1820 5048 γέ

240 5089 296 5125 τι
331 5073 543 5142 ταύτης,Γ
572 5074 646 5142 (εί
684 5071 868 5142 βούλει
905 5070 1111 5140 λέγειν)
1139 5071 1241 5141 τῆς
1279 5071 1584 5143 τριμεροῦς
1633 5089 1693 5125 τε
1720 5072 1821 5124 καὶ

240 5162 486 5235 ἀμεροῦς
524 5163 692 5234 (λέγω
725 5163 783 5216 δὲ
816 5163 913 5217 νῦν
939 5180 1004 5217 πε
1014 5164 1070 5235 pl
1095 5162 1200 5229 τῆς
1230 5163 1458 5234 λογικῆς
1487 5181 1546 5216 τε
1570 5165 1665 5217 καὶ
1685 5165 1826 5235 ἡμε-

237 5256 458 5326 τέρας),
484 5255 731 5326 δηλονότι
760 5257 969 5325 ἀγαθὸν
995 5258 1030 5327 ἡ
1066 5257 1360 5327 ἐπιθυμία,
1418 5257 1516 5311 ἆτε
1554 5258 1618 5327 δὴ
1666 5258 1824 5328 παρά

237 5349 381 5404 Θεοῦ
428 5354 495 5422 τῇ
533 5350 683 5422 ψυχῇ
728 5350 999 5421 δεδομένη
1048 5353 1148 5421 οὐχ
1184 5345 1348 5422 ἦτςιον
1403 5350 1437 5421 ἢ
1479 5350 1548 5404 τὰ
1613 5350 1822 5419 ἀδελφὰ

176 5475 201 5491 ος
241 5444 421 5513 αὐτῆς
486 5447 657 5514 μέρη,
702 5445 765 5497 τὸ
826 5444 1048 5512 λογικόν
1076 5461 1137 5497 τε
1176 5444 1270 5498 καὶ
1318 5443 1587 5513 θυμικόν.έ
1615 5444 1726 5496 Καὶ
1777 5446 1825 5497 εί

238 5537 402 5593 τοῦτο
424 5538 542 5609 δοίη
584 5556 689 5607 τις,
721 5539 930 5609 ἀγαθὸν
974 5536 1121 5594 εἶναι
1156 5540 1258 5607 τὴν
1285 5539 1585 5615 ἐπιθυμίαν
1632 5538 1819 5610 (δώσει

237 5633 297 5685 δέ
323 5649 389 5701 γε
420 5635 530 5698 πᾶς
554 5651 661 5699 τις,
687 5616 865 5704 οἶμαι,
890 5634 992 5688 οὐκ
1024 5634 1101 5689 ὢν
1140 5634 1380 5705 αὐθάδης
1409 5651 1469 5686 τε
1512 5632 1609 5686 καὶ
1663 5632 1823 5687 ἁλλό-

243 5724 452 5790 κοτος),
492 5726 700 5794 ἀγαθὸν
725 5727 824 5781 καὶ
850 5729 884 5799 ἡ
917 5727 1083 5797 ἡδονὴ
1114 5727 1391 5796 φαίνεται,
1420 5723 1490 5778 δι’
1510 5725 1577 5795 ἥν
1593 5741 1653 5776 τε
1671 5724 1820 5777 ἔστιν

247 5819 568 5886 ἐπιθυμεῖν,
610 5820 704 5872 καὶ
732 5813 799 5890 ἧς
826 5820 997 5890 χωρὶς
1021 5820 1143 5874 οὐδὲ
1164 5820 1262 5890 τὴν
1302 5816 1602 5886 ἐπιθυμίαν
1648 5816 1820 5881 αὐτὴν

252 5912 401 5974 me;
430 5907 494 5979 ἦν
523 5911 697 5980 δήπου
719 5914 782 5982 τῇ
811 5912 959 5985 ψυχῇ
995 5912 1413 5984 ξυμπεφυκίναι
1443 5911 1540 5982 τὴν
1574 5907 1820 5985 πρώῖην.

1928 4810 2034 4865 est,
2066 4816 2165 4855 nec
2196 4800 2485 4872 appetendi
2513 4801 2595 4856 vis
2625 4808 2721 4855 aut
2752 4802 3098 4857 extrinsecus
3120 4802 3372 4858 alicunde
3393 4818 3522 4872 pro.

1930 4892 2104 4957 vertit,
2134 4900 2228 4946 aut
2256 4900 2377 4948 orta
2415 4893 2692 4961 posterius
2721 4903 2827 4954 est,
2864 4904 2958 4947 aut
2988 4894 3256 4965 ascititia,
3308 4896 3402 4949 sed
3429 4897 3515 4949 in-

1927 4993 2052 5036 nata
2115 4984 2367 5053 quaedam
2415 4993 2470 5040 et
2539 4985 2921 5055 inseparabilis
2971 4986 3138 5040 animi
3184 4986 3419 5042 facultas
3460 4998 3519 5043 et

1926 5090 2054 5143 pars
2088 5077 2334 5142 quaedam
2368 5075 2505 5144 ejus,
2537 5076 2583 5131 si
2606 5076 2823 5146 quidem
2861 5078 2933 5130 it'a
2985 5076 3132 5148 loqui
3169 5079 3341 5139 voles.
3395 5095 3516 5150 qua:

1930 5166 2201 5233 tripartita
2261 5169 2466 5235 pariter
2518 5177 2574 5221 et
2636 5167 2872 5236 partium
2931 5183 3131 5238 expers
3178 5179 3266 5225 est
3301 5171 3519 5243 (loquor

1928 5268 2113 5311 auzem
2141 5258 2300 5312 modo
2330 5258 2398 5313 de
2420 5259 2604 5312 anima
2639 5259 2868 5314 rationis
2903 5262 3173 5330 participe
3191 5272 3515 5335 aenostra),

1931 5349 2200 5418 sequitur,
2231 5352 2533 5419 appetitum
2561 5366 2683 5407 esse
2732 5368 2845 5408 rem
2879 5353 3101 5421 bonam,
3136 5355 3302 5411 veluti
3357 5356 3446 5427 qui
3482 5372 3514 5412 a

1932 5441 2044 5497 Deo
2085 5458 2192 5497 non
2229 5443 2408 5498 minus
2427 5444 2610 5500 animo
2639 5445 2883 5502 tributus
2911 5448 3007 5511 sit,
3042 5463 3106 5504 ac
3131 5461 3317 5519 partes
3345 5450 3516 5520 ipsius

1929 5549 2226 5604 germanas,
2256 5534 2637 5591 ratiocinatrix
2667 5545 2722 5592 ει
2766 5538 3034 5597 irascens.
3076 5542 3189 5595 Ac.
3213 5542 3257 5596 si
3295 5543 3511 5610 quidem

1928 5629 2130 5698 aliquis
2159 5630 2396 5697 dederit,
2445 5633 2747 5702 appetitum
2776 5648 2898 5689 esse
2935 5652 3047 5691 rem
3098 5637 3296 5691 bonam
3339 5636 3513 5705 (dabit

1926 5732 2110 5777 autem
2141 5723 2397 5793 quilibet,
2436 5726 2659 5793 Opinor,
2711 5728 2805 5795 qui
2850 5742 3026 5797 neque
3055 5740 3378 5792 contumax,
3409 5744 3509 5783 nc-

1929 5831 2033 5883 que
2059 5815 2308 5871 insolens
2349 5818 2498 5888 erit),
2536 5819 2750 5888 parebit
2777 5829 2833 5875 et
2869 5822 3200 5892 voluptatem
3247 5838 3367 5878 esse
3398 5839 3509 5879 rem

1930 5910 2152 5977 bonam,
2194 5921 2418 5982 propter
2459 5926 2621 5983 qnam
2655 5916 2983 5984 appotimus,
3046 5927 3099 5973 ct
3138 5917 3344 5988 absque
3401 5932 3507 5989 qua

3214 6099 3254 6117 Ι
