3958 6418
377 416 486 480 467

1571 400 1970 481 MANUELIS
2003 415 2447 482 PALJEOLOGI

3518 411 3632 474 εδδ

374 545 443 584 ne
494 528 670 596 ipsum
739 525 959 596 quidem
1025 525 1324 598 appetitum
1360 528 1428 582 ab
1473 527 1628 583 initio
1698 541 1977 588 naturam.

2082 531 2245 603 ΐὰιην
2271 533 2378 604 γὰρ
2415 531 2480 586 ἂν
2524 533 2675 602 παρᾶ
2707 531 2807 600 τὴν
2863 531 3040 602 ἀρχὴν
3074 528 3134 584 τδ
3173 526 3460 600 ἐπιθυμεῖν
3503 530 3626 596 ἐγεο

373 621 557 675 animo
584 620 883 675 indituram
912 620 1102 686 fuisse,
1137 630 1566 676 consentaneum
1592 629 1696 676 est.
1723 619 1948 676 Frustra

379 713 524 767 enim
553 713 622 768 ab
653 713 810 768 initio
844 715 1082 769 tributus
1137 715 1294 770 nobis
1330 715 1526 771 fuisset
1560 718 1854 786 appetitus,
1905 718 1952 774 si

379 821 489 860 non
518 815 571 859 et
625 806 754 860 illud
799 806 1122 870 exstitisset,
1151 796 1205 860 in
1247 822 1357 876 quo
1389 809 1603 863 animus
1650 809 1753 864 hac
1781 809 1950 864 etiam

377 897 432 950 in
462 905 616 965 parte
642 905 825 963 posset
855 896 906 948 in
942 896 1102 951 nobis
1129 895 1318 950 efﬁcax
1353 911 1495 952 esse.
1540 899 1609 951 At
1635 897 1835 952 frustra
1871 898 1952 953 fa-

376 997 523 1042 ctum
561 988 765 1054 aliqttid
796 1003 920 1042 esse
948 1006 974 1041 a
1013 990 1141 1052 Deo.
1178 999 1286 1044 tam
1322 992 1475 1046 dictu
1499 1006 1659 1061 quam
1690 993 1953 1063 cogitatu,

381 1080 652 1136 nefarium
703 1081 884 1136 fuerit.
915 1081 1174 1151 Sequitur
1199 1099 1351 1151 ergo,
1382 1086 1468 1140 vel
1497 1087 1737 1141 animum
1779 1103 1806 1140 a
1843 1088 1955 1142 Deo

379 1187 496 1226 non.
537 1187 663 1228 esse
699 1170 926 1238 factum,
973 1175 1115 1244 (quis
1147 1186 1325 1230 autem
1359 1185 1411 1229 et
1457 1178 1639 1230 animo
1673 1178 1954 1245 prmditus.

381 1275 435 1318 et
472 1266 667 1320 mentis
708 1269 997 1336 particeps,
1029 1269 1131 1322 hoc
1163 1269 1361 1324 dixerit
1388 1270 1432 1339 ?)
1463 1272 1544 1325 vel
1586 1284 1708 1326 esse
1732 1273 1960 1326 creden-

385 1359 536 1423 dum,
576 1358 906 1427 voluptatem
944 1361 1128 1415 animo
1165 1362 1430 1416 divinitus
1489 1362 1770 1417 tributam.
1820 1363 1956 1418 Cum

393 1450 538 1502 enim
567 1453 854 1518 prolatum
888 1451 981 1516 sit,
1008 1467 1073 1504 ne
1113 1452 1410 1522 appetitum
1451 1455 1672 1522 quidem
1717 1471 1836 1510 esse
1864 1457 1959 1509 de-

387 1541 600 1604 buisse,
633 1542 677 1594 si
709 1543 871 1609 plane
908 1543 1039 1596 nihil
1078 1544 1392 1612 exsisteret,
1435 1545 1488 1600 in
1530 1562 1638 1615 quo
1694 1548 1963 1620 appetitus

389 1649 449 1688 se
477 1635 526 1688 id
559 1649 679 1689 esse
713 1635 858 1704 quod
887 1646 970 1690 est
995 1643 1140 1690 recte
1171 1636 1455 1693 declarare
1504 1648 1710 1708 posset,
1758 1642 1966 1709 perspi-

390 1740 552 1778 cuum
590 1741 817 1793 prorsus
845 1735 928 1780 est
961 1728 1243 1794 erunibus,
1268 1729 1414 1782 nulla
1434 1730 1478 1783 si
1509 1730 1758 1800 voluptas
1793 1743 1960 1798 esset,

389 1835 492 1878 nec
520 1823 821 1888 appetitum
857 1821 1079 1876 omnino
1136 1823 1408 1878 exsistere
1444 1824 1717 1892 debuisse,
1762 1827 1963 1896 quippe

387 1910 736 1964 manifestum
794 1921 901 1974 est,
957 1913 1254 1981 appetitum
1293 1914 1495 1969 laetitiae
1558 1890 1962 1985 voluptatisque
1996 1890 2036 1946 Β

389 2015 552 2056 causa
589 2003 816 2059 moveri.
851 2003 960 2058 Nec
986 2006 1130 2059 enim
1174 2017 1257 2061 est
1289 2005 1432 2059 aliud
1469 2006 1772 2076 quidpiam,
1806 2007 1964 2076 cujus

387 2094 479 2147 hic
513 2109 673 2148 causa
734 2096 941 2152 moveri
999 2099 1192 2164 possit.
1246 2098 1586 2169 Quapropter
1622 2101 1862 2171 appetitu
1911 2102 1962 2155 in

387 2188 536 2242 hunc
570 2187 788 2242 modum
847 2189 1072 2255 abolito,
1111 2191 1288 2261 deque
1351 2191 1531 2248 medio
1568 2195 1820 2260 sublato,
1863 2208 1965 2250 nec

393 2281 612 2334 animus
645 2281 760 2348 ipse
809 2283 1161 2337 remanserit.
1212 2283 1424 2338 Etenim
1486 2284 1598 2340 fieri
1657 2286 1864 2356 nequit,
1910 2295 1968 2340 ut

388 2371 606 2426 animus
628 2370 804 2441 aliqua
846 2388 903 2426 re
951 2389 1046 2427 sua
1110 2375 1398 2444 spoliatus,
1441 2378 1496 2431 in
1537 2392 1599 2431 eo
1649 2392 1969 2446 permanere

389 2471 552 2528 statu,
589 2479 693 2533 quo
727 2466 974 2521 conditus
993 2467 1116 2530 fuit,
1150 2469 1364 2534 possit;
1395 2471 1538 2538 quod
1570 2485 1706 2526 sane
1744 2471 1809 2525 de
1837 2485 1968 2525 con-

391 2556 564 2611 trario
593 2563 766 2625 paret.
799 2557 931 2610 Nam
961 2572 1139 2627 neque
1167 2569 1596 2616 consentaneum
1639 2570 1741 2626 est,
1793 2577 1968 2632 neque

393 2648 514 2704 ﬁeri
547 2658 745 2717 potest,
792 2657 850 2703 ut
879 2647 1094 2703 anim’us
1152 2648 1359 2721 aliquid
1410 2653 1752 2709 extrinsecus
1811 2670 1970 2710 assu-

397 2747 537 2804 mat,
567 2754 672 2808 quo
702 2741 878 2808 magis
910 2743 982 2796 sit
1027 2742 1264 2798 animus.
1321 2742 1561 2814 Ideoque
1602 2762 1701 2801 nec
1740 2747 1970 2802 alterum

401 2830 520 2884 ﬁeri
557 2838 759 2899 potest,
791 2843 846 2886 ut
877 2833 1084 2903 aliquid
1109 2835 1317 2891 scilicet
1339 2838 1575 2892 amittat.
1612 2827 1972 2892 Namutrum-

399 2938 506 2990 que
536 2923 901 2978 consimiliter
928 2925 1224 2980 abSurdum
1256 2936 1360 2982 est.
1403 2928 1616 2984 Etenim
1649 2930 1815 2984 animi
1847 2945 1971 3000 erga

398 3028 461 3072 se
529 3015 781 3076 invicem.
841 3018 986 3083 quod
1036 3006 1208 3086 ipsam
1264 3021 1455 3075 attinet
1507 3022 1866 3077 substantiam
1923 3028 1977 3077 et

399 3116 578 3160 ortum
636 3109 897 3176 primum,
951 3110 1243 3179 aequaliter
1304 3121 1357 3167 et
1387 3114 1576 3168 eodem
1626 3113 1811 3170 aﬂ‘ecti
1845 3124 1977 3169 sunt

2056 627 2225 694 γάνει,
2265 627 2364 680 οὒκ
2427 627 2583 691 ὄντος
2649 624 2886 691 ἐκείνου,
2941 627 3002 679 ἐν
3069 618 3225 694 ᾧπερ
3285 621 3353 676 ἀν
3389 616 3541 691 εῖχεν,
3590 621 3625 690 ἦ

2059 719 2204 787 ψυχὴ
2237 718 2499 772 καὶκατὰ
2530 718 2652 771 τόδε
2683 719 2743 770 τὸ
2785 720 2953 788 μέρος
3003 716 3225 786 ἐνεργὸς
3285 716 3418 784 ἡμῖν
3457 710 3623 765 εἶναι.

2056 811 2252 881 Μάτην
2273 811 2331 864 δέ
2365 829 2417 864 τι
2443 813 2598 880 παρά
2621 812 2756 864 Θεοῦ
2787 812 3072 879 γεγονέναι
3101 809 3417 878 βλάσφημον
3448 807 3629 858 εἰπεῖν

2058 903 2089 971 ἢ
2124 903 2334 971 νοῆσαι.
2365 903 2666 971 Συμϐαίνει
2706 903 2818 973 δέῆ
2855 901 2989 972 μηδέ
3023 901 3121 970 τὴν
3155 898 3336 970 ψυχὴν
3389 900 3450 950 ἐκ
3487 895 3629 949 Θεοῦ

2059 995 2372 1062 γεγονέναι,
2403 994 2450 1063 (ὃ
2479 995 2562 1057 τίς
2602 995 2670 1048 ἀν
2699 994 2870 1056 εἴποι,
2901 992 3086 1064 ψυχήν
3119 1009 3179 1044 τε
3213 991 3377 1060 ἔχων,
3412 989 3505 1044 καὶ
3535 987 3629 1040 νοῦ

2061 1088 2308 1157 μετέχων
2351 1086 2390 1157 ς)
2421 1087 2453 1157 ἢ
2483 1089 2579 1141 καὶ
2609 1087 2710 1156 τὴν
2739 1087 2933 1156 ἡδονὴν
2965 1089 3033 1156 τῇ
3061 1085 3210 1154 ψυχῇ
3245 1083 3429 1136 θεόθεν
3486 1077 3634 1135 εἶναι

2060 1179 2367 1234 πιστεύειν.
2443 1177 2664 1248 Ἐπειδὴ
2715 1179 2826 1248 γὰρ
2885 1177 3179 1240 δέδεικται,
3227 1173 3302 1237 ὡς
3360 1173 3481 1225 οὺδέ
3531 1171 3633 1241 τὴν

2061 1272 2361 1343 ἐπιθυμίαν
2397 1274 2568 1343 ἐχρῆν
2605 1268 2770 1338 εἶναι,
2819 1271 3037 1332 οὐδενός
3067 1286 3216 1332 τινος
3269 1269 3406 1330 ὅλως
3453 1267 3630 1330 δντος,

2063 1365 2149 1433 ἐφ’
2181 1362 2335 1434 ᾧπερ
2365 1365 2430 1418 ἂν
2460 1365 2642 1428 καλῶς
2664 1364 3020 1417 ἐπεδείκνυτο
3052 1361 3180 1415 αὑτό
3212 1377 3274 1429 γε
3306 1359 3464 1413 τοῦτο
3496 1354 3634 1412 οὖτα

2063 1455 2360 1524 ἐπιθυμία,
2390 1455 2550 1524 δῆλον
2585 1455 2652 1506 ἂν
2697 1457 2784 1524 είη
2846 1457 3020 1507 πᾶσιν
3073 1450 3225 1519 ἑξῆς,
3271 1450 3345 1514 ὡς
3380 1451 3476 1503 καὶ
3531 1449 3637 1518 τῆς

2065 1548 2262 1616 ἡδονῆς
2306 1546 2593 1614 ’μηδαμῶς
2650 1544 2837 1613 οὔσης,
2893 1543 3014 1597 οὐδὲ
3063 1543 3162 1612 τὴν
3220 1541 3516 1610 ἐπιθυμίαν
3568 1557 3635 1608 γε

2066 1639 2172 1692 ἔδει
2221 1640 2552 1709 τοπαράπαν
2611 1638 3026 1708 συνεστηκέναι.
3095 1635 3372 1706 Πρόδηλον
3421 1633 3530 1703 γὰρ
3559 1633 3640 1696 ὡς

2067 1735 2100 1804 ὴ
2133 1732 2400 1800 ἐπιθυμία
2442 1732 2510 1785 δι’
2546 1731 2887 1802 εὐφροσύνην
2930 1732 3026 1784 καὶ
3052 1730 3244 1800 ἡδονὴν
3280 1729 3393 1799 ἔχει
3420 1727 3519 1795 τήν
3547 1726 3639 1779 κί-

2068 1841 2244 1890 νησιν.
2279 1825 2353 1876 Οὐ
2381 1825 2490 1893 γὰρ
2523 1823 2673 1876 ἐστιν
2715 1822 2904 1894 ἔτερόν
2947 1839 3002 1874 τι
3039 1821 3149 1873 τῶν
3205 1821 3447 1882 πάντων,
3493 1817 3639 1885 ὑπὲρ

2067 1915 2126 1969 οὗ
2150 1916 2426 1986 δήπουθεν
2464 1915 2606 1984 αὕτη
2654 1915 2720 1969 ἂν
2755 1915 3028 1984 κινηθείη.
3065 1913 3221 1967 Οὖτω
3262 1911 3321 1964 δέ
3375 1910 3474 1978 τῆς
3517 1910 3641 1960 ἐπι-

2069 2008 2275 2077 θυμίας
2317 2006 2603 2076 ἀρθείσης,
2638 2005 2734 2059 καὶ⁹
2766 2004 3054 2068 παντελῶς
3103 2005 3168 2056 ἐκ
3202 2003 3372 2070 μέσου
3401 2016 3642 2068 γεγενη-

2071 2099 2264 2167 μένης,
2315 2097 2434 2150 οὐδέ
2468 2097 2529 2150 τὸ
2562 2097 2660 2166 τῆς
2710 2096 2889 2166 ψυχῆς
2925 2097 3116 2166 χρῆμα
3153 2097 3490 2163 παρέμεινεν
3548 2090 3640 2142 ἄν.

2069 2191 2143 2245 Οὐ
2179 2189 2288 2260 γὰρ
2316 2189 2431 2244 ἔστι
2460 2189 2560 2257 τὴν
2584 2188 2764 2259 ψυχὴν
2785 2187 3184 2258 ἀφαιρεθεῖσάν
3208 2203 3261 2238 τι
3309 2185 3418 2238 τῶν
3446 2183 3639 2252 αὐτῆς,

2070 2285 2128 2335 ἐν
2223 2282 2413 2350 γέγονε
2467 2279 2805 2334 καταστάσει
2846 2281 3055 2349 μεῖναι.
3102 2277 3271 2348 Δῆλον
3322 2276 3378 2329 δὲ
3437 2277 3500 2328 ἐκ
3545 2275 3644 2327 τοῦ

2071 2373 2341 2427 ἐναντίου.
2372 2372 2505 2425 Οὐδέ
2538 2371 2646 2442 γὰρ
2687 2370 2859 2434 είκὺς,
2895 2369 3017 2421 οὐδέ
3057 2366 3430 2436 ἐνδεχόμενον,
3469 2379 3644 2430 προσ-

2071 2465 2257 2518 λαϐεῖν
2285 2481 2339 2518 τι
2370 2463 2608 2533 θύραθεν
2643 2462 2743 2531 τὴν
2772 2461 2974 2531 ψυχὴν,
3005 2459 3147 2512 ὥστε
3179 2461 3272 2511 καὶ
3315 2456 3518 2525 μᾶλλον
3543 2455 3650 2524 dm-

2072 2557 2174 2628 χὴν
2211 2555 2492 2624 γενέσθαι.
2524 2553 2737 2608 Οὐκοῦν
2789 2554 2911 2606 οὐδὲ
2966 2552 3193 2624 θάτερον
3234 2547 3462 2603 δυνατόν
3503 2547 3648 2612 ἐστι,

2073 2651 2132 2703 τὸ
2164 2649 2462 2703 ἀποϐαλεῖν
2494 2664 2661 2716 φημι.
2704 2646 2945 2716 Ὁμοίως
2979 2647 3089 2716 γὰρ
3121 2645 3385 2710 ἑκάτερον
3417 2642 3649 2697 ἄτοπον.

2073 2742 2140 2795 Αἱ
2162 2741 2271 2810 γὰρ
2308 2741 2478 2810 ψυχαὶ
2515 2739 2608 2792 καὶ
2636 2737 2772 2809 πρὸς
2808 2736 3064 2806 ἀλλήλας,
3101 2736 3195 2788 καὶ
3257 2735 3394 2805 πρὸς
3449 2731 3646 2794 αὐτὰς,

2079 2835 2207 2896 ἴσως
2253 2833 2546 2902 ἀειδήποτε
2579 2830 2682 2904 καὶ,
2705 2828 2973 2889 ὡσαύτως
3005 2827 3225 2897 ἔχουσιν
3251 2825 3352 2879 ὅσα
3382 2822 3527 2878 κατά
3548 2821 3652 2892 τὴν

2077 2927 2271 2981 οὐσίαν
2332 2925 2528 2995 αὐτὴν,
2581 2925 2669 2978 καὶ
2711 2924 2772 2976 τδ
2831 2922 3066 2992 ἐξαρχῆς
3117 2915 3278 2973 εἶναι.
3335 2917 3550 2972 Οὔκουν
3583 2931 3654 2983 γε

2077 3019 2317 3092 ψυχῆςῆ
2352 3018 2574 3088 χείρων,
2610 3015 2918 3086 ἢβελτίων,
2956 3014 3076 3066 οὐδὲ
3111 3014 3311 3082 ἑαυτῆς
3328 3028 3480 3075 ποτε,
3505 3010 3654 3068 κατά

2079 3114 2178 3182 τὴν
2203 3111 2366 3180 φύσιν
2399 3109 2654 3178 γενέσθαι
2683 3103 2790 3169 οἷὸς
2825 3125 2907 3169 τε,
2942 3108 3002 3158 οὗ
3025 3107 3206 3158 τοίνυν
3242 3103 3362 3157 οὕδέ
3392 3103 3654 3168 δέξασθαί

399 3199 585 3253 modo.
637 3199 841 3269 Neqnit
892 3202 1057 3270 igitur
1081 3205 1292 3258 animus
1323 3206 1528 3270 animo,
1577 3207 1664 3261 vel
1702 3207 1868 3260 etiam
1919 3221 1977 3262 se

2082 3222 2136 3258 τι
2166 3204 2274 3256 τῶν
2310 3201 2564 3268 θύραθεν,
2623 3200 2732 3252 οὐδ’
2792 3198 3095 3251 ἀποϐαλεῖν
3142 3196 3251 3249 τῶν
3309 3196 3546 3248 οἰκείων.
3587 3195 3655 3247 Εἰ

401 3290 543 3357 ipso,
579 3302 827 3346 naturam
857 3295 1000 3362 quod
1031 3297 1248 3364 attinet,
1279 3307 1374 3354 aut
1419 3300 1685 3367 deterior,
1725 3311 1820 3356 aut
1864 3317 1980 3355 me-

402 3382 504 3436 lior
536 3383 690 3450 ﬁeri;
726 3385 958 3456 ideoque
988 3404 1088 3444 nec
1142 3406 1425 3447 assumere
1461 3393 1743 3462 quidpiam
1775 3394 1984 3448 extrin-

402 3493 582 3542 secus,
610 3491 712 3530 nec
752 3494 908 3532 suum
945 3481 1149 3550 aliquid
1206 3482 1461 3538 amittere
1521 3492 1720 3552 potest.
1774 3482 1907 3536 Nam
1939 3484 1982 3537 si

404 3579 558 3624 recte
584 3567 810 3624 allectus
845 3573 949 3625 erit
979 3587 1074 3642 per
1098 3587 1155 3628 se
1180 3574 1420 3638 animus,
1458 3574 1550 3629 ubi
1586 3575 1670 3629 vel
1701 3589 1856 3628 suum
1884 3574 1986 3627 ali-

404 3663 534 3730 quid
566 3663 836 3728 amiserit,
888 3666 973 3720 vel
1001 3669 1260 3737 quiddam
1293 3670 1641 3723 extrinsecus
1671 3680 1984 3732 assumpseo

404 3757 502 3819 rit,
535 3758 875 3826 perspicuum
919 3768 1021 3826 est,
1048 3776 1172 3815 eum
1209 3769 1356 3815 recte
1405 3759 1656 3815 affectum
1687 3776 1794 3816 non
1843 3775 1984 3826 esse,

408 3848 455 3902 si
490 3865 588 3904 suo
623 3849 676 3903 in
713 3859 857 3904 statu
886 3861 1126 3906 maneat.
1155 3853 1224 3907 At
1253 3866 1382 3906 vero
1411 3853 1538 3906 dum
1589 3853 1640 3906 in
1677 3868 1743 3908 eo
1785 3863 1986 3916 man-et,

409 3943 464 3995 in
490 3957 601 4011 quo
621 3943 879 3998 conditus
917 3949 983 3998 ab
1008 3944 1165 4000 initio
1199 3942 1322 4010 fuit,
1351 3945 1404 3998 in
1441 3959 1656 3999 summo
1682 3945 1825 4000 bono
1876 3961 1992 4000 ma-

413 4043 526 4088 net.
585 4033 727 4103 Ergo
761 4035 1119 4090 manifestum
1153 4044 1239 4090 est
1284 4035 1559 4102 omnibus,
1623 4035 1887 4101 futurum,
1931 4045 1991 4089 ut

415 4137 548 4179 tunc
575 4126 749 4196 magis
777 4126 916 4180 male
939 4128 1010 4180 sit
1048 4128 1275 4183 allectus
1303 4127 1524 4199 (loquor
1555 4138 1736 4182 autem
1774 4143 1840 4182 ex
1893 4127 1991 4196 hyv

413 4217 830 4287 pothesi),_cum
885 4221 1087 4288 aliquid
1127 4223 1472 4278 extrinsecus
1497 4222 1852 4290 assumpserit
1900 4229 1992 4272 aut

417 4325 578 4363 suum
607 4307 874 4365 amiserit.
916 4311 1052 4366 Nam
1119 4319 1446 4381 assumenda
1507 4314 1708 4368 nin'tius
1755 4312 1989 4376 evadet;

305 4458 308 4461 _
390 4401 719 4457 'deliciendo
778 4405 1068 4473 quamdam
1099 4407 1252 4475 quasi
1307 4407 1703 4461 mutilationem
1759 4403 1992 4458 sustine-

416 4497 524 4551 bit.
579 4496 740 4566 Atqui
785 4498 829 4552 si
882 4498 1096 4554 auiutus
1148 4499 1358 4568 integer
1413 4514 1479 4552 ac
1526 4499 1702 4551 bonus
1761 4494 1992 4548 inveniri

2085 3299 2197 3365 γὰρ
2230 3296 2397 3363 ὑγιῶς
2434 3294 2552 3358 ἐξει
2586 3311 2650 3360 γε
2673 3293 2735 3346 τδ
2768 3292 2889 3345 καθ’
2929 3289 3101 3359 αὐτὴν
3130 3291 3161 3359 ή
3192 3287 3360 3358 ψυχὴ,
3387 3287 3419 3357 ἦ
3445 3287 3659 3340 ἀποϐα-

2083 3385 2252 3438 λοῦσὰ
2284 3402 2336 3437 τι
2369 3385 2478 3436 τῶν
2510 3385 2706 3453 αὐτῆς,
2743 3383 2776 3453 ἧ
2828 3384 2922 3434 καὶ
2970 3381 3169 3445 ἔξωθεν
3224 3377 3612 3450 προσλαϐοῦσα
3638 3392 3658 3408 ⁸

2084 3476 2268 3545 δῆλον,
2301 3475 2378 3538 ὡς
2400 3479 2498 3544 οὐχ
2534 3476 2702 3543 ὑγιῶς
2744 3477 2811 3538 ἂν
2861 3470 3031 3545 εἶχεν,
3086 3476 3144 3527 ἐν
3181 3473 3259 3543 τῷ
3315 3472 3436 3527 καθ’
3488 3471 3661 3542 αὐτὴν

2089 3568 2370 3636 μένουσαν
2400 3566 2565 3618 Ἀλλὰ
2597 3565 2692 3618 νῦν
2715 3582 2778 3631 γε
2814 3566 3052 3633 μένουσα
3100 3564 3189 3632 ἐφ’
3225 3559 3380 3633 ᾧπερ
3421 3562 3522 3634 τὴν
3554 3563 3660 3632 ἀρ·

2087 3664 2190 3733 χὴν
2231 3663 2498 3730 ἐγεγόνει,
2523 3663 2580 3715 ἐν
2607 3661 2684 3732 τῷ
2715 3660 2869 3733 ἄκρῳ
2899 3663 2996 3716 τοῦ
3045 3659 3214 3716 καλοῦ
3279 3661 3453 3735 μένει.
3492 3660 3660 3713 Ὥστε

2089 3756 2224 3808 πᾶσι
2249 3754 2513 3824 φανερὸν,
2545 3757 2621 3817 ὡς
2649 3755 2772 3807 τότε
2804 3754 3006 3824 μᾶλλον
3046 3753 3231 3816 κακῶς
3279 3753 3392 3818 ἕξει
3419 3752 3502 3820 (ἐξ
3523 3753 3661 3806 ὑπο-

2090 3848 2294 3912 θέσεως
2323 3847 2380 3901 δέ
2405 3846 2596 3917 λέγω),
2629 3847 2759 3900 ὅταν
2807 3865 2862 3900 τι
2905 3847 3014 3902 τῶν
3050 3846 3284 3916 θύραθεν
3321 3845 3660 3916 ἐπιδέξηται,

2089 3941 2122 4012 ἢ
2163 3940 2274 3994 τῶν
2301 3940 2446 3994 ἰδίων
2469 3939 2742 4009 ἀποϐάλῃ.
2778 3937 2856 4008 Τῇ
2895 3943 2992 4008 μὲν
3016 3939 3124 4010 γὰρ
3149 3937 3454 4008 προσλήψει
3488 3936 3662 4007 ύπερυ

2090 4034 2249 4087 ϐαλεῖ
2273 4050 2288 4064 θ
2319 4035 2384 4103 τῇ
2407 4032 2463 4084 δέ
2497 4030 2738 4099 ἐλλείψει
2765 4030 3008 4101 ὡσπερεί
3035 4049 3158 4084 τινα
3217 4032 3467 4103 πήρωσιν
3530 4031 3665 4083 ὑπο-

2094 4125 2378 4195 στήσεται.
2405 4125 2513 4176 Καὶ
2540 4123 2669 4194 μὴν,
2711 4123 2758 4175 εί
2794 4119 2863 4194 ἦν
2909 4123 3008 4192 τὴν
3045 4123 3222 4194 ψυχὴν
3266 4121 3535 4192 ἀκεραίαν
3566 4120 3666 4175 καὶ

2093 4218 2265 4287 καλὴν
2291 4219 2608 4288 εὑρεθῆναι,
2642 4219 2743 4286 τῆς
2786 4217 3084 4287 ἐπιθυμίας
3133 4216 3398 4286 ἀπούσης,
3433 4216 3664 4287 περιττή

2093 4325 2214 4370 πως
2244 4309 2337 4360 καὶ
2357 4309 2555 4377 αίσ-χρά
2584 4309 2777 4376 γένοιτ’
2807 4310 2871 4364 ἂν
2921 4313 2985 4380 τῇ
3016 4311 3113 4378 τῆς
3145 4309 3447 4379 ἐπιθυμίας
3492 4325 3668 4379 προσ-

2097 4403 2262 4474 θήκῃ.
2329 4404 2390 4456 El
2422 4403 2479 4456 δέ
2510 4403 2606 4456 νῦν
2640 4405 2808 4476 αὐτὴν
2840 4405 3014 4474 καλὴν
3060 4407 3154 4459 καὶ
3183 4406 3479 4474 ὁλόκληρον
3530 4405 3672 4477 ὁρῶ-

2104 4510 2226 4562 μεν,
2262 4491 2483 4562 εὔδηλον
2516 4493 2580 4547 ἂν
2604 4495 2688 4565 εἴη
2714 4495 2925 4565 σαφῶς,
2949 4497 3025 4557 ὡς
3057 4491 3125 4566 ἦν
3155 4498 3224 4549 ἂν
3258 4498 3512 4566 αἰσχίστη
3571 4497 3668 4550 καὶ

418 4596 622 4653 posset,
675 4589 914 4658 appetitu
990 4590 1305 4652 destitutus,
1354 4587 1659 4658 superﬂuus
1716 4593 1768 4639 et
1825 4583 1977 4653 turpi:

2100 4585 2325 4656 ἐλλιπὴς
2361 4589 2425 4656 τῇ
2453 4587 2544 4638 τοῦ
2583 4587 2780 4656 μέρους
2816 4590 3124 4659 ἀφαιρέσει.
3160 4588 3241 4642 Τά
3287 4589 3397 4658 γὰρ
3454 4588 3670 4642 ἐναντία

420 4690 566 4736 esset
613 4696 682 4736 ex
741 4681 1016 4749 appetitus
1077 4684 1427 4742 accessione;
1495 4680 1578 4732 sin
1648 4677 1799 4732 illum
1853 4692 1997 4731 nunc

427 4769 710 4840 pulchrum
750 4782 806 4824 et
859 4771 1128 4841 integrum
1159 4770 1431 4830 videmus,
1495 4767 1783 4837 perspicue
1826 4765 2000 4820 mani-

421 4863 624 4919 festum
686 4864 816 4926 erit,
881 4863 1261 4931 turpissimum
1313 4868 1368 4912 et
1421 4857 1796 4925 imperfectum
1861 4858 1999 4924 fore,

423 4956 600 5024 partis
632 4954 983 5022 ademptione
1013 4951 1180 5004 facta.
1220 4949 1429 5017 Quippe
1467 4950 1742 5011 contraria
1776 4959 1996 5005 contra-

429 5050 529 5102 riis
562 5063 668 5101 non
695 5047 875 5100 minus
905 5046 1356 5099 demonstrantur
1411 5055 1572 5110 quam
1613 5041 1808 5095 similia
1840 5043 1995 5096 simi-

429 5141 595 5193 libus.
634 5138 902 5192 Neutrum
969 5137 1135 5202 igitur
1167 5133 1364 5186 borum
1423 5133 1822 5186 contrariorum
1875 5149 1995 5188 cum

429 5234 574 5284 bono
651 5239 940 5298 congruet,
1002 5226 1070 5280 de
1108 5224 1406 5278 amissione
1467 5223 1658 5293 loquor
1693 5234 1746 5279 et
1789 5241 2000 5280 assum-

429 5321 632 5388 ptione.
695 5319 809 5372 Ιιιιο
880 5317 1061 5387 potius
1139 5316 1422 5385 perSpicue
1480 5317 1844 5372 necessarium
1895 5328 2000 5382 est,

433 5422 729 5488 utrumque
751 5409 935 5464 animo
963 5409 1224 5464 infestum
1259 5422 1400 5472 esse,
1461 5416 1570 5462 tam
1625 5411 1996 5465 accessionem

432 5499 642 5555 scilicet
675 5513 836 5585 quam
864 5498 1279 5563 detractionem,
1335 5508 1392 5552 ut
1451 5512 1626 5568 neque
1672 5501 1998 5570 superﬂuum

433 5593 641 5662 aliquid
671 5603 937 5656 assumat,
987 5606 1161 5662 neque
1209 5593 1488 5647 mntiletur
1535 5596 1676 5662 quod
1729 5595 1997 5664 integrum

434 5696 543 5740 est.
576 5687 940 5750 Quamobrem
975 5687 1078 5740 ltoc
1112 5686 1406 5755 explicato,
1445 5687 1560 5740 ﬁeri
1603 5688 1814 5742 scilicet
1858 5688 1998 5742 haud

436 5790 596 5843 posse
626 5784 682 5827 ut
705 5776 919 5830 animus
951 5777 1244 5832 incolumis
1271 5777 1341 5832 sit
1366 5767 1571 5845 abs‘qttc
1610 5780 1872 5846 appetitu,
1905 5793 2002 5833 ca-

438 5863 557 5917 dctu
615 5865 827 5922 ratione
886 5871 1173 5936 probatum
1221 5868 1482 5935 arbitror,
1552 5883 1650 5923 nec
1702 5869 2002 5939 appetitum

2098 4678 2218 4731 τῶν
2243 4679 2500 4732 ἐναντίων
2532 4679 2809 4745 ἀπόδειξις
2838 4681 2938 4751 οὐχ
2968 4676 3134 4753 ἦττον
3166 4680 3198 4750 ἦ
3231 4680 3306 4734 τά·
3355 4682 3516 4748 ὃμοια
3562 4682 3672 4734 τῶν

2100 4771 2326 4840 ὁμοίων.
2364 4769 2669 4840 Τοιγαροῦν
2696 4772 2803 4823 τῶν
2833 4773 3089 4826 ἐναντίων
3120 4772 3402 4842 οὐδέτερον
3419 4772 3497 4842 τῷ
3520 4769 3670 4842 καλῷ

2104 4861 2446 4930 συμϐήσεται
2468 4876 2483 4892 '
2511 4863 2610 4931 τὴν
2653 4863 2931 4931 ἀποϐολήν
2996 4881 3140 4932 φημι
3174 4863 3269 4917 καὶ
3297 4863 3396 4934 τὴν
3436 4863 3674 4934 πρόσλη-

2101 4954 2217 5025 ψιν.
2267 4954 2489 5009 Μᾶλλον
2543 4956 2587 5008 δ’
2634 4956 2933 5023 ἀναγκαῖον
2987 4956 3174 5024 σαφῶς
3210 4957 3328 5008 ἐστι
3391 4957 3482 5008 καὶ
3517 4955 3675 5008 πολε-

2105 5044 2241 5115 μίως
2262 5044 2408 5115 ἔχειν
2441 5045 2702 5114 ἑκάτερον
2727 5048 2793 5116 τῇ
2823 5047 2993 5116 ψυχῇ,
3024 5045 3226 5116 δηλαδὴ
3256 5046 3351 5098 καὶ
3379 5045 3478 5114 τὴν
3503 5060 3672 5114 προσρ

2105 5137 2302 5206 θήκην,
2341 5136 2438 5189 καὶ
2492 5136 2589 5205 τὴν
2639 5137 2970 5206 ἀφαίρεσιν·
3018 5136 3109 5190 ἵνα
3139 5137 3280 5206 μήτε
3332 5137 3592 5205 περιττόν
3624 5151 3675 5187 τι

2108 5227 2418 5300 προσλάϐῃ,
2473 5231 2609 5298 μήτε
2641 5228 2873 5299 πηρωθῇ
2907 5229 2966 5281 τὸ
2995 5229 3318 5296 ὁλόκληρον.
3355 5227 3570 5281 Οὐκοῦν
3601 5230 3676 5288 ὡς

2106 5321 2264 5374 τοῦτο
2291 5321 2490 5388 γέγονε
2519 5320 2703 5390 δῆλον,
2769 5320 2846 5390 μὴ
2889 5315 3004 5374 οἷόν
3060 5336 3117 5373 τε
3175 5317 3448 5389 εἶναιτὴν
3498 5318 3677 5388 ψυχὴν

2106 5411 2383 5482 διαμένειν
2423 5413 2722 5482 ἐπιθυμίας
2755 5411 3082 5482 χωρὶς,,τδν
3118 5413 3253 5476 ἴσον,
3298 5407 3479 5480 οἶμαι,
3505 5412 3677 5464 δέδει-

2105 5519 2232 5555 κται
2258 5503 2484 5575 τρόπον,
2515 5504 2648 5574 μηδέ
2677 5503 2776 5574 τὴν
2803 5486 3102 5572 ἐπιθυμίαν
3137 5503 3488 5554 συνίστασθαι
3521 5501 3681 5554 δυνα-

2105 5594 2198 5645 τὸν
2229 5590 2393 5656 εἶναι,
2419 5592 2518 5662 τῆς
2560 5593 2754 5663 ἡδονῆς
2800 5592 3068 5662 μηδαμῶς
3118 5590 3308 5658 οὔσης.
3354 5590 3508 5644 Ὠστ“
3556 5590 3679 5643 οὑδέ

2107 5685 2311 5754 ταύτης
2368 5685 2615 5754 ἀπούσης
2666 5681 2779 5738 οἷόν
2810 5684 2872 5738 τέ
2921 5685 3040 5736 ἐστι
3084 5682 3451 5747 διασώζεσθαι
3481 5682 3543 5734 τὸ
3579 5683 3678 5748 τῆς

2107 5777 2286 5846 ψυχῆς
2317 5776 2529 5846 χρῆμα,
2563 5776 2725 5846 εἴπερ
2747 5778 2812 5845 τῇ
2867 5775 2965 5841 μὲν
3003 5775 3164 5845 ἡδονῇ
3201 5774 3301 5842 τὴν
3355 5773 3676 5838 ἐπιθυμίαν,

2106 5863 2278 5939 ταύτῃ
2315 5869 2491 5939 δὲτὴν
2523 5869 2702 5940 ψυχὴν
2748 5872 2774 5923 ὁ
2805 5867 2963 5936 λόγος
3003 5885 3066 5937 γε
3100 5869 3232 5938 ἡμῖν
3271 5866 3438 5931 ἔδειξε
3494 5881 3678 5920 συναι-
