3958 6466
334 373 442 437 469

1732 377 2015 442 ORATIO
2053 383 2123 442 V.

3482 379 3586 442 4‘0

338 490 633 562 ρουμένην.
659 489 832 546 Ταυτὶ
865 491 920 546 δὲ
959 492 1174 565 εἴρηταί
1203 510 1297 565 μοι
1327 495 1424 549 καὶ⁸
1441 497 1903 565 κατεσκεύασται,

2020 503 2308 557 :onsistere
2351 517 2530 572 posse,
2555 502 2597 557 si
2633 501 2778 556 nulla
2813 500 3060 571 voluptas
3113 501 3214 564 sit;
3267 477 3498 567 ideoque
3528 501 3573 551 si

337 577 462 656 ῖν’ᾖ
497 583 650 636 τουτὶ
685 584 943 654 φανερὸν,
972 585 1048 649 ὡς
1083 587 1173 656 ἄρ’
1225 589 1514 659 ἐμπέφυκε
1544 591 1609 660 τῇ
1640 589 1787 662 ψυχῇ
1809 591 1906 644 διὰ

335 675 431 726 τοῦ
453 675 852 746 ἐπιθυμητικοῦ
885 678 1088 748 μέρους
1121 681 1154 750 ή
1195 681 1384 752 ἡδονὴ,
1421 682 1560 738 οῦσά
1593 686 1656 751 γέ
1685 701 1772 746 τις
1817 686 1907 738 δύ-

339 785 508 836 ναμις
566 769 736 823 αὑτοῦ
790 770 1057 841 οὔσιώδης
1105 775 1198 826 καὶ
1255 774 1558 845 ἀχώριστος
1606 777 1901 840 παντελῶς.

342 859 495 912 Ὣστ⁹
544 862 686 930 ὅπερ
727 862 1143 932 ὑπισχνούμεθα
1198 863 1418 929 δείξειν,
1457 860 1674 934 ’ἀγαθὸν
1715 868 1908 937 εἴληφε

338 954 514 1017 τέλος,
547 955 682 1006 Θεοῦ
713 956 1130 1026 συναιρομένου,
1163 957 1392 1028 βραχέσι
1413 959 1612 1027 λόγοις.
1647 962 1709 1014 Εἰ
1743 962 1917 1014 δὲκαὶ

341 1045 609 1100 πλειόνων
644 1043 712 1116 ἦν
751 1048 934 1118 χρεία,
966 1049 1096 1118 ἐξῆν
1135 1066 1200 1116 γε
1229 1050 1402 1117 δήπου
1455 1053 1553 1104 καὶ
1583 1052 1743 1105 τοῦτο
1775 1053 1916 1120 μετά

342 1139 550 1207 πολλῆς
581 1139 679 1208 τῆς
720 1139 1008 1209 ῥᾳστώνης
1033 1139 1318 1207 γενέσθαι.
1353 1142 1573 1208 Πέφυκε
1605 1145 1714 1214 γάρ
1748 1146 1918 1215 τάλη-

341 1232 435 1292 θὲς
464 1229 676 1283 οἴκοθεν
706 1232 982 1299 πηγάζειν
1015 1234 1112 1295 τὰς
1137 1233 1396 1304 ἀφορμὰς
1435 1235 1536 1305 τῆς
1591 1237 1788 1290 ἑαυτοῦ
1824 1255 1921 1290 συ-

345 1321 638 1382 στάσεωςε-
658 1322 814 1374 Ἐπεὶ
841 1323 898 1375 δέ
925 1323 1046 1386 ἃλις
1067 1323 1182 1393 ἔχει
1210 1325 1281 1377 τὰ
1306 1325 1435 1395 περὶ
1456 1325 1680 1393 τούτου,
1711 1329 1805 1381 καὶ
1830 1328 1916 1381 δέ-

340 1409 553 1463 δεικται
585 1413 618 1478 ἡ
662 1411 826 1482 ἡδονὴ
850 1413 1248 1482 ξυμπεφυκυῖα
1284 1414 1386 1485 μὲν
1425 1419 1491 1487 τῇ
1522 1416 1694 1487 ψυχῇ,
1725 1417 1917 1472 θεόθεν

340 1501 396 1552 δὲ
430 1501 568 1570 αὐτὴ
605 1502 893 1572 δεδομένη,
928 1504 1110 1575 ἀγαθὴ
1142 1506 1200 1559 δέ
1233 1505 1563 1575 ,ἀναγκαίως
1597 1509 1687 1578 (τὰ
1717 1511 1826 1580 γὰρ
1851 1512 1916 1564 ἐκ

339 1593 480 1647 Θεοῦ
508 1595 782 1665 τοιαῦτα)·
819 1597 955 1664 φέρε
987 1599 1164 1664 καλὴν
1193 1601 1366 1678 αὐτὴν
1401 1600 1780 1671 ἀποδείξωμεν
1819 1602 1913 1656 καὶ

339 1688 447 1740 ἀπὸ
483 1687 593 1740 τῶν
619 1688 966 1757 πραγμάτων
989 1691 1173 1744 αὐτό-ν
1209 1693 1345 1762 μετά
1370 1692 1674 1764 λογισμῶν,
1713 1693 1780 1764 ἢν
1811 1689 1915 1747 οἷοί

338 1798 397 1833 τε
431 1778 723 1850 γενώμεθα
756 1783 916 1836 τοῦτο
939 1785 1188 1852 ποιῆσαι.

2015 609 2076 648 ea
2118 595 2258 648 nulla
2295 597 2388 660 sit,
2425 610 2524 650 nec
2569 595 2780 649 animus
2819 594 2931 663 ipse
2986 593 3166 648 salvus
3205 607 3325 647 esse
3363 594 3584 659 poterit,

2017 686 2458 754 quandoquidem
2489 685 2787 755 appetitum
2821 699 2943 738 cum
2982 683 3280 752 voluptate,
3336 697 3457 736 cum
3495 695 3590 748 ap-

2017 778 2186 844 petitu
2213 779 2454 831 animum
2491 790 2708 846 quoque
2742 774 2855 829 tolli
2914 789 2942 829 e
2978 774 3156 828 medio
3204 773 3583 843 probavimus.

2019 871 2147 926 Haec
2183 879 2362 924 autem
2411 886 2438 924 a
2479 884 2564 923 me
2595 869 2736 924 dicta
2772 877 2902 922 sunt
2948 877 3002 921 et
3035 869 3350 930 constituta,
3386 877 3438 922 ut
3472 882 3588 919 ma-

1960 1015 1972 1029 ,
2019 961 2278 1018 nifestum
2309 964 2398 1028 sit,
2458 962 2700 1016 innatam
2747 975 2868 1015 esse
2902 961 3231 1029 voluptatem
3265 960 3446 1013 animo
3495 974 3587 1026 per

2018 1056 2138 1126 ejus
2162 1065 2370 1125 partem
2405 1063 2770 1125 appetentem,
2821 1041 2944 1124 quae
2980 1054 3355 1110 substantialis
3405 1062 3459 1107 et
3509 1054 3590 1106 iu-

2020 1147 2340 1218 separabilis
2370 1147 2593 1202 omnino
2629 1146 2864 1202 facultas
2899 1147 3046 1202 illius
3075 1146 3166 1200 sit.
3209 1147 3466 1215 Adeoque
3490 1129 3594 1199 bo:

2017 1256 2147 1294 num
2200 1241 2264 1293 ad
2311 1239 2473 1294 finem
2538 1239 2864 1308 perductum
2951 1249 3055 1304 est,
3113 1236 3409 1303 adiuvante
3457 1237 3591 1301 Deo,

2016 1332 2209 1402 paucis
2238 1345 2372 1386 sane
2402 1331 2603 1395 verbis,
2627 1331 2774 1400 quod
2811 1341 3127 1385 ostensuros
3168 1343 3265 1382 nos
3291 1329 3590 1398 polliceba-

2021 1439 2163 1476 mur.
2189 1421 2342 1488 Quod
2375 1421 2417 1476 si
2447 1420 2692 1490 pluribus
2708 1436 2844 1491 opus
2869 1428 3033 1486 esset,
3064 1419 3226 1474 etiam
3256 1420 3308 1474 id
3329 1435 3589 1490 perquam

2020 1514 2177 1570 facile
2208 1523 2470 1585 prmstare
2491 1529 2800 1585 possemus.
2843 1515 2915 1569 Ea
2952 1529 3189 1583 namque
3216 1515 3460 1569 veritatis
3510 1525 3595 1568 est

2023 1617 2240 1673 natura,
2266 1615 2323 1660 ut
2355 1607 2674 1662 occasiones
2705 1617 2758 1662 et
2779 1621 2981 1662 causas
3013 1607 3328 1662 stabiliendi
3354 1609 3590 1677 seipsam

2020 1709 2085 1751 ex
2119 1710 2179 1750 se
2210 1697 2362 1763 quasi
2402 1695 2549 1751 fonte
2577 1697 2813 1766 quodam
2848 1695 3161 1767 profundat.
3198 1697 3306 1752 Sed
3338 1700 3460 1767 quia
3507 1712 3594 1752 res
3687 1712 3694 1721 '

2022 1787 2158 1843 satis
2197 1797 2281 1842 est
2311 1788 2610 1854 explicata,
2647 1788 3067 1858 probatumque,
3115 1790 3448 1858 voluptatem
3474 1792 3597 1840 ani—

341 1893 429 1932 mo
457 1891 486 1930 a
525 1889 712 1932 natura
741 1879 966 1935 inditam
1000 1895 1064 1936 ac
1095 1881 1361 1937 divinitus
1385 1883 1545 1938 nobis
1570 1898 1910 1950 concessam,
1953 1887 2192 1953 adeoque
2263 1883 2578 1939 necessario
2638 1884 2837 1938 bonam
2870 1899 2991 1938 esse
3027 1874 3175 1936 (sunt
3243 1884 3386 1937 enim
3447 1883 3598 1951 ejus-

340 1971 483 2026 modi
566 1987 685 2040 qua:
735 1989 762 2026 a
829 1974 937 2028 Deo
989 1973 1458 2046 proficiscuntur).
1505 1990 1624 2047 age,
1681 1977 1750 2031 de
1813 1977 1944 2046 ipsis
2018 1977 2178 2030 etiam
2238 1977 2400 2030 rebus
2464 1989 2583 2029 eam
2676 1975 2870 2030 bonam
2949 1976 3421 2043 demonstremus,
3487 1990 3595 2029 non

339 2066 459 2118 sine
494 2063 1028 2130 ratiocinationibus,
1069 2066 1114 2119 si
1175 2067 1396 2137 quidem
1450 2067 1500 2121 id
1535 2068 1714 2124 facere
1765 2067 2084 2137 petet-imus.
2425 2059 2436 2068 ’

409 2156 748 2226 Πολλαχόθεν
782 2158 882 2227 μὲν
910 2151 1005 2211 οὖν
1035 2158 1184 2212 ἔσται
1209 2160 1542 2228 καταφανὲς,
1575 2161 1651 2224 ὡς
1687 2159 1908 2214 δύναται

2092 2160 2163 2216 De
2193 2159 2534 2231 multisergo
2575 2160 2807 2230 parebit,
2842 2174 3006 2231 posse
3063 2161 3400 2230 voluptatem
3444 2161 3598 2214 inve-

339 2253 373 2320 ἠ
409 2251 570 2321 ἡδονὴ
601 2250 983 2322 καθαρεύουσα
1031 2251 1222 2306 κακῶν
1266 2251 1584 2322 εὑρεθῆναι,
1630 2255 1685 2308 ετ
1728 2255 1813 2318 τίς
1851 2271 1916 2320 γε

337 2345 522 2415 ἐκείνῃ
542 2342 742 2414 χρῷτο,
771 2343 848 2405 ὡς
873 2343 991 2397 δέον
1017 2344 1278 2414 χρῆσθαι.
1297 2344 1371 2398 Τὸ
1396 2344 1528 2415 γὰρ.
1557 2331 1736 2416 οἶμαι,
1771 2345 1920 2414 ἐφίε-

342 2435 471 2488 σθαι
503 2437 597 2489 καὶ
625 2435 916 2504 ἐπιθυμεῖν
947 2435 1055 2488 τῶν
1088 2436 1164 2498 ὡς
1187 2436 1408 2505 ἀληθῶς
1435 2437 1646 2505 ἐφετῶν
1673 2436 1770 2490 καὶ
1801 2421 1920 2491 ἐπι-

339 2529 633 2598 θυμεῖσθαι
669 2529 919 2597 δικαίων,
957 2531 1053 2583 καὶ
1079 2529 1202 2592 ταῖς
1231 2529 1340 2582 ἀπὸ
1366 2529 1574 2584 τούτων
1605 2529 1760 2592 αὖθις
1795 2529 1918 2599 ἠδο-

340 2624 458 2679 ναῖς
487 2621 916 2688 ἐπαγάλλεσθαι,
963 2623 1226 2692 οὐδεμίαν
1265 2639 1330 2690 γε
1363 2622 1581 2676 δικαίαν
1613 2622 1816 2688 δέξαιτ’
1853 2623 1919 2678 ἂν

264 2719 270 2722 ’
340 2711 578 2780 μέμψιν,
612 2712 747 2765 ὅπου
779 2729 844 2780 γε
879 2713 970 2766 καὶ
1018 2713 1331 2766 τούναντίον
1357 2713 1590 2776 conci);
1636 2713 1916 2775 ἐπαίνους.

355 2805 492 2872 Ὑφ’·
525 2805 682 2874 ἡμῶν
713 2806 824 2876 γὰρ
855 2804 1169 2875 ζητουμένη
1197 2807 1230 2875 ή
1273 2806 1758 2877 ἐπισυμόαίνουσα
1807 2810 1920 2870 τοῖς

344 2897 701 2966 ζητουμένοις
726 2896 794 2950 δι’
823 2897 1000 2950 ἐκεῖνό
1030 2913 1094 2964 γε
1125 2897 1222 2950 καὶ
1254 2897 1440 2966 μόνον,
1475 2897 1504 2950 ὃ
1532 2901 1600 2969 τῇ
1639 2897 1800 2963 φύσει
1834 2896 1919 2950 δέ.

339 2992 492 3044 δοται
521 2991 705 3061 ζητεῖν
736 2990 976 3060 ἐξαρχῆς
1011 2989 1196 3052 εὐθὺς,
1224 2989 1471 3059 δηλονότι
1501 2989 1593 3042 τὸν
1621 2987 1777 3055 Θεδν,
1818 2990 1919 3058 τὴν

343 3083 568 3154 ἀρετὴν,
601 3083 698 3152 τὴν
726 3081 928 3152 ἑαυτῆς
956 3081 1237 3146 σύστασιν,
1261 3081 1379 3143 πῶς
1397 3080 1496 3134 ούκ
1523 3081 1591 3134 ἂν
1617 3080 1703 3152 εἴη
1732 3081 1920 3134 δικαία

340 3177 375 3244 ἡ
410 3175 570 3244 ἡδονὴ
602 3174 782 3244 ἀγαθὴ
812 3156 1174 3240 νομίζεσθαιξ
1197 3173 1293 3227 καί⁸
1324 3172 1526 3236 καλοὺς
1570 3172 1919 3243 ἐργαζομένη

341 3269 469 3332 τοῦς
501 3268 670 3337 αὐτῆς
720 3267 1016 3337 σωφρόνως
1049 3269 1414 3338 μετέχονταςς
1461 3266 1671 3320 Αὐτίκα
1702 3266 1834 3336 γοῦν
1865 3269 1921 3320 ἐν

342 3362 459 3423 ταῖς
493 3359 850 3430 ἐπουρανίαις
879 3360 1200 3428 δυνάμεσιν,
1233 3360 1292 3411 ἐν
1324 3355 1525 3428 αἷσπερ
1568 3359 1671 3411 οὐκ
1705 3358 1920 3429 ἐνδέχε-

342 3453 433 3504 ταί
467 3469 521 3504 τι
549 3451 659 3505 τῶν
690 3451 795 3505 ούκ
826 3451 1050 3519 ἀγαθῶν
1081 3446 1245 3514 εἶναι,
1283 3449 1468 3520 εὕροις
1507 3449 1574 3505 ἂν
1605 3451 1916 3523 ἁμφότεραυ

2020 2253 2147 2319 niri,
2175 2266 2294 2320 quze
2321 2252 2579 2307 immunis
2615 2251 2738 2306 sita
2779 2252 2949 2317 vitiis,
2986 2255 3032 2306 si
3055 2253 3177 2322 quis
3213 2266 3276 2319 ea
3307 2251 3386 2306 sic
3410 2259 3598 2305 utatur

2020 2345 2474 2414 quemadmodum
2504 2343 2581 2397 uti
2615 2351 2848 2413 oportet.
2880 2342 3042 2407 Nam.
3066 2353 3124 2398 ut
3155 2343 3407 2410 equidem
3451 2343 3598 2397 arbi-

2021 2449 2155 2503 tror,
2190 2453 2251 2492 ea
2279 2447 2392 2493 tum
2432 2447 2708 2508 appetere,
2741 2447 2852 2493 tum
2877 2439 3290 2508 concupiscere.
3321 2452 3447 2508 quae
3466 2451 3596 2490 vere

2020 2539 2151 2586 sunt
2181 2531 2440 2601 optabilia
2503 2532 2811 2600 meritoque
2868 2530 3322 2598 concupiscenda,
3367 2543 3598 2599 quaeque

2021 2624 2086 2678 de
2119 2623 2204 2678 bis
2231 2623 2538 2692 voluptates
2565 2624 2858 2686 exsistunt,
2895 2623 2959 2677 iis
2992 2623 3279 2690 delectari,
3310 2622 3512 2677 nullam
3542 2623 3595 2676 id

2020 2715 2237 2785 quidem
2271 2716 2474 2786 justam
2511 2717 2991 2783 reprehensionem
3022 2727 3288 2782 meretur,
3318 2716 3360 2770 si
3426 2730 3532 2771 non
3567 2731 3600 2769 ο

2020 2807 2241 2863 diverso
2270 2807 2467 2862 multas
2493 2807 2678 2877 potius
2707 2807 2917 2863 laudes.
2949 2807 3160 2876 Quippe
3207 2808 3251 2862 si
3286 2807 3536 2876 voluptas
3566 2821 3598 2860 a

2021 2901 2179 2955 nobis
2222 2915 2284 2955 ea
2341 2910 2621 2970 quaeratur
2654 2914 2773 2970 quas
2810 2901 2976 2956 rebus
3025 2899 3422 2970 investigandis
3457 2899 3598 2955 ultro

2021 2991 2249 3056 accedit,
2288 3003 2343 3045 et
2380 3000 2601 3061 propter
2623 2991 2726 3046 hoc
2754 2990 2930 3046 solum
2959 2993 3100 3062 quod
3129 2995 3336 3053 statim
3394 2992 3462 3047 ab
3491 2992 3599 3045 ini-

2023 3085 2099 3137 tio
2136 3092 2344 3139 naturae
2397 3083 2582 3137 datum
2637 3092 2740 3149 est,
2795 3091 2853 3137 ut
2884 3093 3186 3153 quaeratur,
3225 3093 3352 3154 puta
3403 3083 3597 3146 Deum,

2023 3175 2304 3242 virtutem,
2354 3175 2554 3232 suimet
2583 3177 3107 3232 conservationem:
3145 3192 3384 3246 quonam
3439 3187 3598 3246 pacto

2023 3283 2130 3324 non
2163 3268 2311 3323 istaec
2333 3269 2460 3342 jure
2493 3269 2635 3323 bona
2661 3269 2892 3324 ducatur
2915 3282 3036 3323 esse
3065 3269 3336 3339 voluptas,
3370 3284 3601 3338 qumque

2021 3361 2195 3416 bonos
2221 3359 2440 3426 efficiat,
2480 3369 2752 3431 quotquot
2780 3375 2901 3416 eam
2966 3362 3068 3415 rite
3104 3361 3446 3431 percipiunt?
3483 3362 3602 3415 Pri-

2024 3469 2174 3508 mum
2202 3455 2256 3509 in
2286 3453 2422 3525 ipsis
2439 3456 2612 3524 copiis
2641 3454 2976 3518 coelestibus,
3033 3455 3084 3509 in
3121 3455 3320 3525 quibus
3357 3456 3470 3510 fieri
3503 3471 3602 3510 ne-

345 3545 457 3596 και
488 3543 590 3612 τὴν
643 3543 945 3612 ἐπιθυμίαν
986 3543 1148 3612 φημὶ,
1185 3544 1280 3597 καὶ
1328 3543 1428 3614 τὴν
1484 3545 1680 3616 ἡδονήν
1707 3562 1721 3576 ·
1760 3546 1853 3607 El;
1883 3544 1918 3599 ἃ

2021 3546 2140 3613 quit
2172 3549 2229 3600 ut
2264 3543 2468 3614 aliquid
2523 3560 2630 3599 non
2663 3544 2862 3600 bonum
2909 3546 3164 3610 exsistat,
3211 3555 3444 3618 utraque
3475 3547 3604 3601 licet

344 3636 694 3706 ἐπιθυμοῦσι,
743 3637 932 3706 φησὶν,
981 3634 1206 3703 ἄγγελοι
1243 3635 1594 3706 παρακύψαι.
1640 3637 1750 3690 Καὶ
1783 3635 1922 3690 ἀπέ-

347 3745 560 3797 ραντος,
589 3729 684 3780 καὶ
721 3728 955 3798 ἀληκτος
989 3726 1238 3781 καλεῖται
1270 3728 1305 3798 ἡ
1345 3727 1533 3797 ἡδονὴ,
1569 3728 1602 3799 ἢ
1634 3729 1747 3790 τοῖς
1779 3729 1924 3781 ἀσω-

347 3821 540 3890 μάτοις
569 3820 656 3874 ἀεὶ
685 3819 957 3874 σύνεστιν.
989 3819 1140 3889 Ᾱῦτη
1172 3820 1324 3889 παρά
1361 3820 1473 3874 τῶν
1504 3820 1679 3888 ἁγίων
1711 3820 1921 3890 ἀνδρῶν

345 3915 442 3968 καὶ
469 3913 674 3983 τρυφὴ,
725 3915 822 3966 καὶ
847 3912 1163 3983 εὐφροσύνη
1203 3912 1698 3984 προσαγορεύεται,
1749 3916 1843 3968 καὶ
1872 3916 1925 3968 εί

349 4025 400 4059 τι
422 4002 681 4060 τοιοῦτον.
707 4004 862 4076 Αὕτη
875 4006 970 4060 καὶ
992 4005 1221 4059 δικαίων
1241 4006 1440 4076 ψυχαῖς
1466 4008 1724 4059 συνέσται
1745 4006 1922 4076 διηνε·

349 4099 484 4162 κῶς,
531 4097 782 4150 ἐντεῦθεν
832 4097 1126 4160 λαϐούσαις
1170 4097 1271 4177 τῆς
1311 4097 1505 4167 ἡδονῆς
1535 4099 1634 4167 τῆς
1667 4097 1798 4149 ἐκεῖ
1829 4096 1921 4150 τὸν

348 4193 514 4246 καλδν
547 4193 865 4264 ἀρραϐῶνα.
897 4193 960 4246 El
994 4191 1050 4246 δέ
1078 4209 1158 4254 τις
1197 4191 1341 4263 μέγα
1365 4189 1578 4260 νομίζει
1606 4189 1666 4242 τὸ
1690 4189 1791 4258 τὴν
1825 4189 1923 4241 αύ-

343 4288 443 4356 τὴν
473 4291 584 4350 τοῖς
625 4287 943 4357 ἀσωμάτοις
982 4285 1196 4356 τρυφὴν
1246 4285 1396 4355 ἡμᾶς
1446 4284 1616 4354 ἔχειν,
1658 4283 1753 4356 καὶ
1784 4283 1919 4336 ἀπο-

342 4379 530 4434 λαύειν
565 4381 674 4434 τῶν
715 4381 949 4444 ἐκείνοις
996 4378 1358 4431 ἀπολαυστῶν
1392 4377 1532 4447 μετὰ
1576 4377 1676 4446 τὴν
1707 4374 1921 4429 ἐνθένδε

344 4473 515 4544 ζωὴν,
550 4473 840 4528 ἀκουσάτω
886 4489 951 4539 γε
983 4473 1228 4534 κάκεῖνο,
1267 4469 1344 4535 ὡς
1389 4471 1482 4524 καὶ
1526 4469 1742 4540 ἐνταῦθ’
1786 4470 1922 4538 ἡμῖν

342 4567 522 4632 ἔξεστι
547 4565 736 4618 τούτου
782 4563 1036 4635 μετέχειν
1063 4563 1157 4617 τοῦ
1199 4561 1426 4631 ἀγαθοῦ.
1461 4562 1590 4625 Τοῖς
1619 4561 1730 4633 γὰρ
1765 4561 1922 4618 εἱσά-

345 4659 456 4724 παξ
486 4658 770 4727 καθαροῖς,
811 4657 843 4724 ἢ
879 4655 1342 4726 κεκαθαρμένοις,
1364 4655 1526 4726 χάρις
1555 4655 1767 4708 ἐκεῖθεν
1798 4655 1922 4707 ἐπι-

2026 3635 2302 3701 invenire,
2333 3646 2440 3689 tam
2471 3635 2967 3703 concupiscentiam
3003 3637 3125 3691 dico
3161 3653 3323 3707 quam
3349 3640 3600 3707 Volupta-

2027 3733 2156 3788 tem,
2189 3740 2312 3780 nam
2368 3725 2732 3795 perscriptum
2797 3725 3027 3796 legimus
3059 3743 3074 3780 :
3111 3726 3244 3792 Qua:
3292 3728 3600 3796 inspectare

2024 3814 2197 3885 angeli
2229 3815 2473 3884 cupiunt.
2507 3813 2698 3868 Itidem
2731 3814 2855 3868 finis
2885 3829 3084 3883 expers
3112 3816 3316 3871 dicitur
3365 3831 3428 3870 ea
3495 3833 3590 3870 vo-

2025 3905 2201 3974 luptas
2236 3921 2354 3976 quas
2387 3905 2508 3961 istis
2531 3919 2816 3975 corporum
2848 3907 3164 3976 expertibus
3191 3923 3405 3976 semper
3422 3909 3596 3963 adest.

2025 4001 2162 4057 lluic
2193 4003 2366 4058 sancti
2398 4001 2496 4056 viri
2541 4009 2596 4055 et
2635 4001 2979 4084 deliciarum,
3021 4013 3074 4058 et
3120 4003 3344 4070 lmtitiae,
3385 4004 3602 4072 aliaquo

2027 4092 2246 4146 nomina
2278 4091 2540 4145 tribuunt.
2571 4089 2696 4146 Haec
2716 4100 2770 4146 et
2798 4091 3073 4161 iustorum
3115 4092 3312 4149 animis
3333 4103 3600 4148 mternum

2027 4185 2220 4250 aderit,
2286 4200 2412 4242 cum
2479 4187 2530 4240 in
2562 4185 2729 4240 altera
2765 4187 2874 4239 vita
2928 4185 3251 4256 praclarum
3307 4185 3602 4255 voluptatis

2025 4277 2265 4333 caelestis
2313 4278 2671 4333 arrhabonem
2713 4278 3046 4346 acceperint.
3108 4277 3181 4332 At
3233 4279 3278 4334 si
3309 4280 3435 4349 quis
3486 4294 3601 4332 ma-

2021 4384 2187 4440 gnum
2217 4369 2420 4437 aliquid
2445 4384 2568 4425 esse
2622 4369 2794 4434 ducit,
2821 4371 2968 4439 quod
3004 4371 3224 4426 easdem
3257 4385 3379 4425 cum
3417 4373 3602 4426 incor-

2026 4460 2211 4530 poreis
2242 4461 2464 4524 delicias
2499 4461 2740 4514 habituri
2779 4474 2878 4516 nos
2921 4463 3128 4530 ,simus,
3188 4473 3242 4517 et
3305 4473 3426 4533 post
3461 4465 3637 4540 barro.

2027 4553 2194 4607 vitam
2223 4553 2292 4610 iis
2325 4552 2562 4618 fruituri,
2594 4553 2794 4623 quibus
2835 4554 2910 4608 illi
2953 4553 3231 4619 fruuntur,
3263 4555 3309 4610 is
3335 4556 3498 4610 velim
3535 4556 3604 4610 de

2026 4645 2185 4700 nobis
2219 4645 2427 4710 audiat,
2481 4643 2536 4698 in
2594 4646 2696 4698 bac
2751 4659 2965 4713 quoque
3015 4647 3123 4700 vita
3160 4660 3258 4699 nos
3292 4648 3411 4713 ejus
3475 4648 3603 4702 boni

343 4753 525 4822 φοιτᾷ,
632 4767 694 4817 γε
735 4749 992 4820 μέλλουσι
1033 4750 1275 4802 συνεῖναι
1301 4747 1395 4799 τὸν
1423 4747 1602 4800 πάντα
1631 4735 1844 4817 χρὸνον,
1872 4747 1918 4798 εί

2025 4737 2320 4808 participes
2356 4750 2478 4792 esse
2510 4751 2693 4806 posse.
2729 4735 2862 4789 Nam
2905 4737 3074 4791 semel
3103 4737 3254 4806 puris
3285 4746 3379 4790 aut
3415 4753 3605 4806 repur-

345 4844 441 4895 xati
471 4841 874 4912 ἀδρανέστερᾶν
930 4857 1046 4903 πως
1101 4839 1198 4891 καὶ
1247 4837 1622 4908 ἀμυδρότερον
1669 4837 1918 4890 ἐνταυθοῖ

2025 4828 2163 4899 gatis
2191 4843 2251 4884 ea
2285 4827 2553 4898 contingit
2577 4826 2774 4899 gratia,
2798 4841 2902 4896 qua
2933 4826 3084 4883 omni
3137 4835 3265 4883 sunt
3290 4844 3404 4883 aevo
3471 4827 3606 4883 frui-

340 4933 503 4986 τοῦτο
554 4932 788 5001 γίνεται.
821 4932 918 4985 Διά
952 4932 1058 5000 γὰρ
1090 4930 1151 4983 τὸ
1192 4927 1568 4997 ἐπιπροσθοῦν
1599 4927 1700 4998 ἤδη
1755 4928 1916 4996 σῶμα

2026 4920 2153 4985 turi,
2177 4921 2426 4990 quamvis
2455 4920 2559 4975 hoc
2592 4928 2642 4975 et
2671 4919 2994 4976 imbecillius
3041 4919 3280 4989 quodam
3335 4920 3494 4976 modo
3547 4931 3604 4975 et

340 5027 406 5094 τῇ
441 5023 541 5095 τῆς
566 4995 750 5092 ’ψυχῆς
789 4995 995 5093 θεωρία
1028 4995 1142 5076 ’καὶ
1169 5021 1240 5074 τὰ
1415 5019 1572 5074 τοῦδε
1607 4995 1775 5090 πάθη,
1822 4995 1918 5073 καὶ⁵

2025 5011 2397 5080 imperfectius
2421 5013 2474 5067 in
2507 5011 2612 5068 hac
2644 5011 2751 5066 vita
2784 5011 2899 5065 fiat.
2940 5011 3150 5066 Etenim
3206 5021 3432 5081 propter
3479 5028 3602 5066 cor-

338 5120 439 5180 τὰς
475 5117 564 5170 διὰ
603 5116 779 5169 ταῦτα
811 5115 1127 5185 φροντίδας,
1167 5115 1322 5168 οὐδὲν
1354 5113 1420 5167 ἂν
1451 5112 1626 5184 δήπου
1657 5113 1917 5181 καθαρῶς

2022 5119 2124 5173 pus
2149 5104 2280 5160 illud
2326 5113 2597 5170 nostrum,
2656 5105 2802 5173 quod
2847 5102 2956 5170 jam
3019 5101 3074 5156 in
3131 5103 3601 5172 contemplatione

339 5210 450 5263 τῶν
476 5207 770 5276 θεωρητῶν
802 5207 1212 5277 θεωρήσαιμεν,
1242 5207 1274 5277 ἢ
1303 5207 1413 5260 τῶν
1440 5207 1650 5276 ἐφετῶν
1678 5205 1918 5260 ἀπολαύ-

2024 5197 2192 5251 animi
2229 5197 2384 5266 quasi
2440 5196 2740 5251 luminibus
2776 5195 3036 5262 obstruit,
3076 5205 3132 5250 et
3197 5207 3416 5266 propter
3447 5207 3602 5252 ortos

341 5319 559 5370 σαιμεν.
598 5301 726 5362 Τοῖς
759 5317 823 5370 γε
849 5301 958 5371 μὴν
991 5299 1186 5364 ἀϊδίοις
1219 5299 1448 5371 μηδενὸς
1491 5299 1739 5354 τοιούτου
1775 5316 1920 5368 παρ-

340 5393 1152 5464 ενοχλοῦντος¹καθαρώτερον>
1198 5395 1410 5463 ἐφεῖται
1482 5392 1777 5462 ἐπιθυμεῖν
1828 5392 1918 5446 καὶ

2024 5396 2124 5436 nec
2154 5396 2242 5437 res
2262 5380 2710 5450 contemplandas
2740 5396 2874 5450 pure
2902 5381 3287 5448 contemplari,
3321 5398 3420 5437 nec
3439 5399 3605 5450 expe-

337 5484 733 5553 εὐφραίνεσθαι
761 5484 1179 5555 τάἐπιθυμητά
1202 5501 1266 5554 γε
1289 5485 1382 5537 καὶ
1419 5484 1719 5555 εὐφραντὰ,
1755 5484 1918 5537 ταυτο

2023 5473 2200 5528 tendis
2230 5473 2336 5527 frui
2400 5486 2724 5542 possumus;
2781 5472 3000 5527 aeternis
3040 5481 3238 5527 autem
3281 5489 3404 5526 cum
3465 5475 3603 5530 nihil

339 5575 387 5628 δ’
413 5577 592 5630 εἰπεῖν
617 5559 862 5646 τάήδὲα.
899 5576 1062 5629 Ὅθεν
1086 5577 1174 5630 ἀεὶ
1199 5577 1296 5645 μὲν
1320 5575 1620 5645 θεωροῦσιν
1642 5575 1716 5638 ὡς
1743 5575 1918 5628 ἔνεστι

2023 5565 2132 5618 tale
2175 5565 2465 5619 molestum
2491 5563 2582 5624 sit,
2634 5565 2824 5633 purius
2872 5573 2928 5618 et
2962 5563 3263 5632 expetenda
3322 5575 3599 5622 expetere,

336 5667 397 5718 τὸ
432 5665 714 5736 βασιλικὸν
745 5667 966 5733 κάλλος,
992 5668 1211 5736 καὶτῆς
1238 5667 1448 5720 ἐκεῖθεν
1479 5667 1769 5738 ἀστραπῆς
1803 5682 1917 5718 κοι-

2026 5665 2078 5709 ct
2121 5656 2362 5710 laetitiam
2396 5655 2756 5725 parientibus,
2782 5655 2882 5708 boc
2901 5663 2983 5708 est
3026 5654 3302 5722 jucundis,
3337 5653 3602 5710 obiectari

337 5763 497 5810 νωνοὶ
551 5758 828 5824 γίνονται,
882 5758 1110 5826 καὶτῆς
1159 5757 1486 5826 θαυμαστῆς
1543 5759 1916 5811 ἀπολαύουσιν

2024 5749 2379 5819 permittitur.
2417 5746 2654 5816 [deoque
2691 5761 2907 5816 semper
2961 5745 3164 5816 regiam
3221 5744 3366 5798 illam
3428 5757 3598 5796 venu-

339 5848 506 5922 ὥρας.
542 5849 718 5922 Κόρον
745 5848 802 5904 δὲ
834 5849 957 5903 οὕτε
989 5848 1205 5918 ἔλαθον,
1245 5835 1685 5921 οὖτέλήψονται.
1717 5851 1912 5907 Μακά-

2023 5854 2218 5898 statem
2256 5857 2354 5913 pro
2388 5842 2594 5896 viribus
2629 5840 2926 5904 intuentur,
2978 5853 3040 5892 ac
3077 5835 3301 5909 profecti
3359 5833 3597 5895 indidem

2027 5289 2156 5344 inde
2220 5288 2441 5344 morbos
2487 5296 2884 5358 sequentesque
2936 5287 3135 5344 deinde
3183 5288 3600 5353 sollicitudines,
3661 5295 3679 5331 ³-
