3958 6488
350 337 452 405 ut
849 351 852 353 λ
1552 345 1950 409 MANUELIS
1986 298 2432 411 mmemor
3402 378 3407 381 λ
3516 356 3619 420 us

351 451 585 539 fulguris
632 453 925 526 participes
977 456 1312 525 ellieiuntur,
1350 458 1781 531 admirandaque
1815 463 1933 534 pul-

2052 461 2286 531 stov-oi’w
2321 466 2390 521 ἂν
2445 465 2532 536 εἴη
2584 466 2788 537 ταύτην
2818 468 2967 538 ἡμᾶς
3015 466 3244 522 ἐθέλειν
3282 469 3618 539 καρποῦσθαι

351 536 662 602 ρἰιτῖιιιάἰηρ
696 547 973 604 fruuntur.
1042 550 1276 607 Eosdem
1337 566 1440 608 nec
1497 553 1604 607 ulla
1655 554 1797 623 cepit
1830 571 1934 611 un-

353 654 538 707 quam,
577 656 679 697 nee
705 644 881 712 capiet
939 645 1192 701 satietas.
1232 644 1420 717 Itaque
1456 648 1601 704 beati
1649 649 1856 705 erimus
1889 650 1935 705 si

351 733 649 803 voluptatis
676 733 840 803 hujus
873 736 1109 793 fructum
1140 740 1422 810 percipere
1475 741 1730 804 velimus,
1774 743 1935 797 totis-

351 839 458 894 que
486 826 697 882 viribus
755 842 816 883 ea
850 831 1131 898 persequi,
1163 845 1506 903 quaecunque
1551 847 1652 888 nos
1683 833 1751 888 ad
1785 835 1933 890 illam

350 918 526 972 solam
560 919 787 975 ducunt.
844 922 998 989 Quod
1035 924 1079 978 si
1115 923 1218 977 alia
1257 939 1475 996 quoque
1517 925 1772 994 voluptas
1811 940 1934 982 esse

350 1009 634 1063 moierata
685 1011 802 1067 visa
852 1014 1031 1079 fuerit,
1092 1030 1154 1070 ea
1221 1016 1518 1072 moderatis
1573 1017 1758 1074 itidem
1825 1017 1933 1074 frui

350 1101 576 1169 licebit;
615 1120 738 1158 nam
769 1120 894 1161 eum
924 1108 1197 1162 moderata
1228 1110 1323 1175 sit,
1357 1123 1385 1163 a
1420 1110 1719 1165 moderatis
1746 1109 1934 1167 mode-

354 1204 472 1250 rate
498 1197 853 1265 percipiatur.
882 1200 959 1254 Ae
1005 1215 1344 1270 quaecunque
1369 1202 1452 1258 sic
1489 1200 1670 1258 facere
1694 1203 1839 1269 licet,
1876 1214 1938 1260 ut

353 1286 501 1340 nulla
561 1303 659 1344 uos
687 1290 1132 1362 obligenteulpa,
1185 1294 1283 1349 sed
1317 1293 1560 1348 laetitiam
1590 1293 1824 1350 aderant
1876 1303 1933 1350 et

353 1375 664 1446 utilitatem,
720 1396 817 1436 nec
870 1380 1319 1453 impedimentum
1374 1384 1596 1453 aliquod
1656 1386 1931 1456 vituperio

354 1470 575 1539 dignum
621 1474 874 1541 habeant,
922 1491 984 1531 ea
1025 1492 1157 1532 vero
1200 1486 1256 1533 et
1287 1476 1539 1542 honesta,
1598 1486 1655 1534 et
1689 1479 1831 1533 bona
1881 1486 1937 1533 et

351 1561 649 1619 laudabilia
697 1577 879 1624 mente
940 1570 1153 1639 praediti
1212 1569 1436 1625 ducunt.
1494 1567 1624 1624 Nam
1665 1568 1937 1640 ejusmodi

352 1654 611 1721 quiddam
644 1658 900 1729 voluptas
936 1670 1023 1717 est
1054 1680 1067 1716 :
1098 1669 1372 1732 quotquot
1393 1676 1455 1717 ea
1518 1662 1800 1719 moderate
1843 1676 1936 1717 so-

2039 556 2138 627 τὴν
2174 556 2389 628 ἡδονὴν,
2437 558 2534 613 καὶ
2571 557 2791 613 διώκειν
2822 558 3000 631 ὁπόση
3047 560 3308 629 δύναμις,
3354 561 3455 613 ὅσα
3487 561 3617 629 πρὸς

2042 652 2262 722 ἐκείνην
2293 652 2467 723 μόνην
2495 653 2701 720 ἐνάγει.
2726 655 2836 707 Καὶ
2859 653 3014 716 εἴτις
3035 651 3084 706 δ’
3105 651 3179 706 ἂν
3200 652 3372 723 ἑτέρα
3395 650 3620 722 σώφρων

2041 746 2265 814 φανείη,
2310 745 2551 815 μεθεκτὴ
2602 746 2669 799 ἂν
2704 748 2788 817 εἴη
2843 748 2957 809 τοῖς
3010 745 3285 815 σώφροσι.
3322 744 3621 811 Σωφρόνως

2042 837 2153 908 γὰρ
2183 840 2296 901 τοῖς
2328 838 2605 909 σώφροσιν
2637 840 2671 909 ἡ
2700 838 2937 908 σώφρων
2972 836 3487 909 μεταληφθήσεται.
3518 834 3626 888 Καὶ

2040 926 2255 997 ὅσαπερ
2277 927 2457 993 ἔξεστι
2474 930 2652 982 ποιεῖν
2674 928 2781 982 τῶν
2803 929 2905 983 οὐκ
2931 932 3010 994 είς
3032 930 3274 990 εὐθύνας
3301 929 3450 997 ἡμᾶς
3471 925 3627 993 ἀτόν-

2041 1036 2171 1084 των,
2211 1021 2328 1073 ἀλλ’
2356 1015 2469 1076 εἷεν
2501 1023 2601 1090 μὲν
2635 1021 2970 1093 εύφρόσυνα,
3003 1016 3116 1076 εἷεν
3139 1021 3198 1075 δὲ
3227 1019 3510 1089 ὠφέλιμα,
3536 1017 3627 1071 καὶ⁸

2043 1111 2195 1164 οὐδὲν
2225 1111 2413 1177 αὐτοῖς
2437 1112 2797 1182 προσίσταται
2822 1114 2937 1167 τῶν
2967 1115 3025 1167 ὲν
3055 1111 3215 1184 αἰτίᾳ
3245 1111 3344 1165 καὶ
3398 1108 3628 1179 μέμψει,

2043 1201 2190 1255 καλά
2214 1214 2277 1254 τε
2321 1202 2387 1274 δή
2417 1220 2541 1271 που,
2591 1204 2686 1258 καὶ
2713 1204 2920 1274 ἀγαθὰ,
2955 1206 3052 1259 καὶ
3087 1202 3368 1258 ἐπαινετὰ
3416 1203 3532 1263 τοῖς
3565 1216 3629 1268 γε

2043 1292 2170 1348 νοῦν
2225 1295 2434 1366 ἔχουσι.
2460 1297 2734 1366 ιΤοιοῦτον
2766 1299 2876 1369 γὰρ
2920 1299 2982 1352 τὺ
3011 1299 3211 1369 χρῆμα
3270 1301 3373 1368 τῆς
3414 1296 3629 1367 ἡδονῆς

2041 1381 2126 1450 οἷς
2172 1387 2240 1441 ἂν
2299 1389 2739 1462 μεμετρημένως
2797 1393 3113 1461 συγγένοιτο
3162 1392 3266 1445 καὶ
3316 1388 3635 1459 σωφρόνως,

2043 1479 2181 1549 πρὸς
2213 1479 2293 1552 τῷ
2336 1483 2604 1553 μηδαμῶς
2633 1483 2884 1549 ἐκείνους
2918 1483 3186 1555 λυπῆσαι,
3214 1481 3249 1552 ἢ
3286 1479 3435 1539 κατά
3463 1496 3513 1532 τι
3540 1477 3635 1546 ξη-

2048 1574 2279 1642 μιῶσαι,
2338 1575 2633 1646 ἐχαρίσατό
2677 1594 2739 1631 τε
2788 1577 2886 1632 καὶ
2941 1577 3153 1649 ὤνησεν
3216 1576 3252 1647 ἢ
3297 1570 3556 1638 ἐνταῦθα,
3603 1567 3636 1639 ἢ

2045 1664 2183 1729 ἐκεῖ,
2213 1666 2246 1738 ἢ
2279 1668 2371 1720 καὶ
2396 1668 2457 1722 ἐν
2490 1669 2834 1741 ἀμφοτέραιν
2859 1672 2981 1724 ταῖν
3010 1669 3207 1735 ζωαῖν.
3303 1683 3308 1687 '

354 1750 583 1821 brieque
607 1755 687 1809 usi
715 1755 1325 1829 fuerint,prmterquam
1345 1758 1488 1849 quod
1513 1757 1634 1814 illos
1654 1757 1796 1813 nulla
1823 1757 2095 1826 molestia,
2128 1760 2279 1818 nullo
2331 1763 2660 1819 detrimento
2692 1763 2913 1837 tamen,
2973 1764 3137 1819 etiam
3209 1758 3426 1830 aliquid
3482 1765 3641 1830 ετθιιι

356 1856 521 1917 atque
577 1848 725 1905 utilis
787 1851 861 1905 rei
900 1852 985 1906 vel
1045 1855 1099 1908 in
1139 1853 1265 1920 hac,
1299 1854 1383 1910 vel
1451 1855 1503 1912 in
1538 1855 1734 1922 altera,
1766 1856 1853 1911 vel
1883 1855 1937 1910 in
1979 1863 2213 1927 utraque
2241 1858 2350 1914 vita
2381 1869 2622 1925 praestat.

429 1943 799 2010 Quamobrem
827 1948 1103 2018 voluptas,
1164 1950 1246 2005 uti
1298 1963 1399 2007 nos
1433 1952 1763 2021 probaturos
1786 1949 1940 2005 afﬁr-
1974 1955 2017 2011 Β

358 2037 670 2106 mabamus,
703 2038 844 2095 bona
871 2055 960 2097 res
985 2048 1091 2098 est.
1117 2041 1273 2109 Quod
1301 2044 1345 2098 si
1401 2043 1564 2098 alicui
1625 2044 1782 2105 noxia
1827 2044 1945 2098 rue-

2122 1950 2285 2005 Ὤστε
2316 1951 2454 2022 καλὴ
2483 1954 2514 2024 ή
2548 1953 2732 2025 ἡδονὴ,
2764 1954 2843 2017 ὡς
2884 1952 3297 2024 ίσχυριζόμεθα
3330 1949 3551 2017 δείξειν.
3582 1950 3640 2004 Εί

2045 2043 2103 2097 δὲ
2129 2046 2274 2118 κακή
2306 2064 2418 2100 τινι
2449 2048 2682 2115 γένοιτο,
2725 2050 2791 2119 τῇ
2820 2049 3039 2103 ἐκείνου
3074 2045 3144 2102 ἀν
3197 2046 3423 2114 γένοιτο
3461 2060 3641 2115 παρα-

356 2129 452 2193 rit,
485 2129 551 2184 ad
586 2128 758 2200 ipsius
797 2131 903 2187 hoc
942 2133 1173 2189 abusum
1239 2134 1529 2202 referatur,
1588 2137 1681 2205 qui
1721 2136 1941 2190 modum

2052 2138 2270 2208 χρήσει,
2302 2141 2399 2195 καὶ
2433 2140 2513 2210 τῷ
2570 2142 2644 2211 μὴ
2680 2142 2850 2213 τιμᾷν
2877 2142 2941 2194 τὸ
2990 2141 3217 2209 μέτρον,
3250 2138 3295 2210 ,ἢ
3335 2137 3415 2209 μὴ
3462 2136 3642 2207 βούλε-

354 2238 468 2279 non
496 2235 679 2280 servet
704 2234 796 2280 aut
837 2240 1058 2284 servare
1100 2226 1257 2284 nolit.
1297 2226 1507 2283 Debent
1535 2227 1680 2282 enim
1738 2228 1812 2282 illi
1849 2226 1943 2298 qui

2052 2231 2195 2285 σθαι.
2229 2232 2324 2285 Δεῖ
2349 2231 2459 2302 γὰρ
2490 2235 2619 2296 τοὺς
2666 2232 2812 2301 λόγῳ
2865 2231 2967 2302 ζῇν
3012 2231 3416 2302 αἱρουμένους,
3465 2230 3643 2281 πᾶσαν

356 2331 423 2371 ex
460 2318 779 2391 praescripto
809 2320 1037 2377 rationis
1070 2321 1253 2377 vivere
1280 2322 1530 2391 cupiunt,
1581 2322 1730 2378 omni
1766 2320 1944 2377 abusu

2052 2323 2408 2395 παράχρησιν
2430 2324 2857 2392 διαπτύσαντας,
2880 2322 3141 2378 τοσοῦτον
3167 2321 3530 2395 καρποῦσθαι
3551 2319 3643 2390 τῆς

357 2411 670 2479 repudiato,
707 2422 918 2468 tantum
941 2413 1234 2483 voluptatis
1264 2428 1364 2484 per
1383 2428 1580 2470 sensus
1610 2428 1801 2468 omnes
1823 2429 1945 2483 per-

2052 2417 2243 2489 ἡδονῆς
2289 2418 2377 2472 διὰ
2409 2418 2600 2473 πασῶν
2637 2419 2750 2474 τῶν
2799 2419 3131 2488 αἰσθήσεων,
3181 2419 3317 2473 ὅσον
3361 2416 3426 2471 τὸ
3467 2415 3640 2471 ἐνδέον

357 2501 564 2568 cipere,
597 2510 862 2572 quantum
886 2503 1176 2573 implendas
1204 2504 1515 2561 necessitati
1548 2505 1685 2560 satis
1710 2513 1816 2572 est,
1847 2518 1945 2559 nec

2052 2508 2428 2581 ἀναπληροῦν,
2467 2509 2562 2563 καὶ
2624 2510 2698 2581 μὴ
2754 2510 3072 2581 περαιτέρω
3118 2511 3354 2583 χωρεῖν.
3395 2509 3550 2563 Ἐπεὶ
3595 2506 3643 2559 si

356 2589 593 2651 ulterius
658 2597 940 2668 progredi.
992 2595 1209 2668 Quippe
1260 2598 1308 2654 si
1373 2596 1515 2652 male
1575 2598 1702 2668 quis
1762 2605 1945 2652 utatur

2052 2600 2234 2671 χρῷτό
2271 2618 2357 2664 τις
2390 2600 2579 2664 κακῶς
2606 2600 2799 2670 (κακὸν
2827 2601 2884 2655 δὲ
2923 2604 2956 2673 ἡ
3012 2602 3349 2673 ὑπερϐολὴ),
3395 2600 3520 2671 οὐχὶ
3552 2596 3640 2651 τοῦ

358 2688 588 2757 (malum
619 2697 828 2757 autem,
856 2690 1119 2760 quidquid
1144 2690 1423 2761 nimium),
1455 2705 1563 2749 non
1609 2691 1753 2760 quod
1802 2700 1945 2746 recte

2052 2694 2233 2758 καλῶς
2260 2693 2398 2763 πρὸς
2426 2695 2623 2765 χρῆσω
2653 2696 2786 2764 ἡμῖν
2812 2695 3121 2765 δεδομένου,
3158 2696 3263 2765 τῆς
3288 2697 3338 2750 δ’
3369 2693 3641 2766 ἀκρασίας

356 2781 521 2836 nobis
556 2781 817 2836 utendum
846 2782 1031 2837 datum
1056 2790 1162 2846 est,
1201 2781 1298 2838 sed
1335 2782 1758 2852 intemperantia
1801 2783 1945 2853 pari-

2052 2788 2270 2842 καὶτοῦ
2305 2789 2596 2856 χρωμένου
2633 2787 2851 2855 γίνεται
2895 2788 3089 2857 σαφῶς
3134 2787 3498 2858 τοΰγκλημα.
3523 2784 3640 2853 Μη-

360 2885 468 2939 ter,
498 2882 553 2929 et
588 2875 634 2928 is
672 2874 766 2944 qui
797 2874 940 2930 male
971 2874 1167 2938 utitur,
1200 2875 1510 2944 culpandus
1558 2877 1730 2932 venit.
1762 2874 1945 2946 Itaque

2052 2881 2163 2945 δεὶς
2195 2880 2289 2935 οὖν
2316 2882 2382 2934 τὰ
2414 2881 2592 2935 οίκεία
2630 2883 2800 2944 κακὰ,
2842 2882 2967 2950 ἐμοὶ
3002 2882 3307 2952 συμϐούλῳ
3337 2880 3636 2954 χρώμενος.

363 2970 409 3025 si
447 2983 534 3024 me
558 2969 682 3039 quis
712 2968 791 3023 uti
842 2968 1160 3026 consiliario
1195 2969 1346 3037 velit,
1389 2969 1528 3025 vitia
1579 2970 1684 3025 sibi
1725 2969 1945 3041 propria

2053 2971 2357 3026 ἀνατιθέτω
2391 2974 2455 3041 τῇ
2496 2972 2679 3042 ἡδονῇ.
2737 2972 3025 3041 Πριαίμην
3054 2971 3166 3041 γὰρ
3221 2971 3406 3040 ἔγωγε
3446 2963 3638 3021 πολλοῦ

359 3063 915 3134 voluptatiattribuat
942 3076 1125 3119 nemo.
1155 3058 1291 3117 Nam
1317 3061 1573 3133 equidem
1613 3077 1818 3134 magno
1863 3076 1945 3117 re-

2052 3063 2116 3117 τὺ
2149 3063 2224 3133 μὴ
2261 3062 2479 3132 μέλλειν
2510 3062 2856 3117 εύθυνεῖσθαι
2896 3062 2998 3129 τῆς
3028 3061 3228 3132 ἡδονῆς
3262 3061 3453 3115 ἕνεκα.
3496 3056 3642 3126 Ἐμοὶ

363 3159 653 3223 dimerem,
685 3157 731 3214 si
766 3155 1066 3226 voluptatis
1094 3168 1260 3212 causa
1288 3154 1436 3210 nulla
1468 3154 1601 3212 mihi
1632 3156 1945 3211 sustinenda

2055 3159 2163 3229 γὰρ
2195 3144 2400 3229 μᾶλλον
2427 3157 2538 3210 τῶν
2577 3134 2811 3212 πάντων⁶
2829 3157 3166 3226 συνήνεγκεν
3196 3155 3266 3210 ἂν
3301 3153 3481 3209 τοῦτο.
3510 3147 3640 3204 Νυνὶ

365 3250 525 3319 culpa
547 3249 719 3318 foret;
753 3249 957 3320 quippe
984 3249 1119 3305 mihi
1158 3263 1271 3317 pm
1305 3251 1523 3305 caeteris
1564 3249 1823 3306 omnibus
1846 3248 1945 3304 boe

2053 3252 2114 3305 δὲ
2146 3251 2309 3305 τοῦτο
2346 3252 2449 3304 οὐκ
2484 3249 2656 3312 ἔστιν,
2688 3248 2827 3302 ἀλλὰ
2860 3248 3177 3303 τούναντίον
3229 3247 3407 3301 ἐστίν.
3437 3245 3503 3298 Et
3540 3242 3641 3312 γὰρ

364 3342 668 3412 expediret.
701 3340 859 3398 Nunc
892 3345 966 3398 ita
998 3342 1226 3399 minime
1254 3358 1344 3400 res
1377 3343 1563 3408 habet,
1605 3342 1701 3399 sed
1734 3352 1945 3398 eontra-

2054 3338 2124 3413 ἦν
2155 3343 2257 3412 τὴν
2291 3341 2487 3411 ἡδονὴν
2538 3339 2842 3404 αἰτιᾶσθαι,
2884 3338 3018 3392 ὅταν
3070 3337 3509 3407 ἁμαρτάνωμεν,
3554 3330 3643 3385 καὶ

366 3436 508 3491 rium
545 3438 730 3501 potius
750 3437 805 3493 in
840 3437 1082 3492 modum.
1122 3437 1332 3493 Etenim
1360 3437 1407 3493 si
1449 3435 1713 3504 voluptati
1738 3434 1945 3504 culpam

2054 3435 2229 3506 ταύτῃ
2261 3451 2324 3504 γε
2359 3432 2707 3504 πραγμάτων
2738 3434 2889 3504 ἡμᾶς
2920 3430 3301 3502 ἀπηλλάχθαι,
3341 3428 3453 3483 οὐδ’
3480 3426 3544 3480 ἂν
3568 3417 3644 3485 εἷς

367 3527 653 3585 ascribere
679 3529 900 3595 liceret,
942 3528 1159 3599 quoties
1198 3541 1508 3600 peccamus,
1543 3539 1708 3599 atque
1749 3527 1819 3581 ita
1853 3541 1945 3581 nos

2055 3526 2213 3595 δίκην
2248 3525 2644 3594 εἰσεπράττετο
2671 3521 2783 3575 τῶν
2807 3520 3386 3592 εἰσπραχθησομένων
3416 3532 3482 3584 γε
3514 3510 3637 3600 πάνέ

365 3622 516 3676 omni
546 3621 770 3677 liberari
801 3622 1042 3692 negotio,
1078 3636 1146 3677 ne
1188 3636 1329 3677 unus
1375 3619 1598 3692 quidem
1631 3635 1699 3674 ex
1737 3619 1807 3673 iis
1858 3617 1945 3687 qui

2056 3638 2187 3683 τως.
2222 3620 2299 3676 Οὐ
2333 3618 2442 3689 μὴν
2472 3616 2587 3671 ἀλλ’
2618 3617 2667 3669 εί
2711 3617 2805 3669 καὶ
2840 3614 2999 3669 τοῦτό
3030 3631 3094 3683 γε
3123 3610 3222 3686 ἦν,
3256 3599 3639 3682 παραιτεῖσθαί

368 3716 673 3781 punientur
728 3713 958 3771 omnino
1009 3714 1366 3783 plecteretur.
1431 3713 1547 3767 lino
1591 3725 1724 3767 vero
1773 3711 1822 3767 si
1870 3711 1945 3765 vel

2052 3704 2123 3783 ’75-:
2164 3712 2388 3774 δικαίως
2418 3711 2546 3773 τοὺς
2572 3709 2639 3764 δι’
2671 3708 2947 3779 ἀκρασίαν
2977 3706 3429 3776 ἁμαρτάνοντας,
3455 3697 3523 3772 ἦν
3546 3694 3637 3764 μὲν

368 3811 473 3865 hoc
507 3808 690 3864 locum
727 3807 977 3874 haberet,
1017 3815 1077 3861 ut
1109 3806 1145 3862 ii
1179 3806 1374 3862 merito
1423 3810 1823 3862 excusareutur
1862 3800 1945 3871 qui

2061 3806 2129 3861 ἂν
2158 3805 2270 3858 οὐδ’
2295 3802 2441 3857 οὕτω
2470 3800 2678 3868 κοῦφον
2709 3800 2771 3853 τὸ
2807 3799 3075 3868 δυσχερές
3099 3813 3115 3829 ·
3146 3796 3232 3866 τῷ
3267 3795 3380 3865 γὰρ
3418 3786 3637 3861 ὲργαζου

366 3919 465 3975 per
500 3904 982 3976 intemperantiam
1056 3909 1546 3973 peceauthtamen
1595 3914 1667 3957 ne
1721 3899 1805 3956 sic
1837 3898 1960 3968 qui-

370 4000 490 4054 dem
523 3999 724 4054 malum
757 4001 860 4054 hoc
882 3997 999 4053 leve
1037 3996 1202 4053 foret.
1226 3995 1363 4051 Nam
1385 3995 1587 4052 malum
1620 3992 1839 4062 aliquod
1861 3992 1957 4047 de-

369 4094 632 4166 signauti,
661 4093 768 4157 hoc
796 4093 975 4162 ipsum
1010 4091 1213 4145 malum
1244 4099 1351 4153 est,
1399 4087 1619 4144 tametsi
1656 4085 1837 4141 nullas
1868 4084 1961 4140 det

368 4201 581 4257 pmnas,
615 4199 715 4240 nec
747 4198 812 4238 eo
864 4185 1085 4238 nomine
1146 4191 1420 4237 teneatur.
1479 4178 1775 4233 Enimvero
1827 4175 1961 4232 mibi

368 4279 701 4337 conduxerit
723 4278 790 4332 ad
822 4277 1058 4332 tribunal
1077 4276 1283 4347 iudicis
1304 4273 1450 4330 baud
1484 4272 1628 4337 sisti,
1656 4279 1719 4326 ut
1738 4283 1960 4326 causam

2066 3900 2215 3971 μένῳ
2243 3897 2306 3952 τὸ
2344 3895 2580 3968 πονηρὸν
2620 3892 2755 3947 αὐτό
2779 3909 2843 3961 γε
2894 3890 3058 3944 τοῦτο
3098 3890 3297 3954 κακὸν,
3331 3885 3436 3942 κᾶν
3467 3881 3538 3954 μὴ

2061 3969 2186 4047 τινα
2214 3992 2393 4063 δίκην,
2428 3991 2539 4045 κάν
2570 3988 2634 4042 οὐ
2690 3987 2940 4056 καταστῇ
2993 3983 3131 4053 πρδς
3176 3982 3420 4051 εὐθύνην
3446 3993 3460 4009 ο
3511 3969 3637 4063 πλὴν

2062 4086 2191 4155 ἐμοὶ
2242 4059 2581 4153 συνήνεγκεν
2622 4080 2690 4135 ἂν
2717 4080 2777 4135 τὺ
2825 4078 2901 4149 μὴ
2947 4075 3026 4147 τῷ
3071 4076 3282 4146 βήματι
3318 4072 3414 4127 τοῦ
3461 4059 3638 4137 κριτοῦ

2065 4176 2439 4247 παραστῆναι,
2466 4173 2619 4227 ὥστε
2637 4172 2795 4242 δίκην
2824 4171 3090 4241 ὑποσχεῖν
3119 4168 3231 4221 τῶν
3255 4169 3319 4221 ού
3348 4162 3526 4223 καλῶς
3556 4171 3641 4208 πε-

2066 4269 2430 4339 πραγμένων.
2483 4267 2616 4320 Ὅτε
2657 4267 2768 4335 γὰρ
2798 4265 2950 4318 ἐστιν
2998 4261 3225 4316 ἀκούειν
3260 4257 3430 4315 αὐτοῦ
3463 4247 3648 4307 Δαύὶδ.Δ

373 4373 518 4429 male
550 4381 831 4443 gestorum
867 4341 1232 4426 dicamICum
1268 4366 1414 4423 enim
1474 4364 1740 4420 Davidem
1780 4363 1945 4433 ipsun

2067 4361 2161 4414 τὸν
2194 4359 2396 4428 κριτὴν
2420 4358 2892 4429 παραιτουμένου,
2919 4355 2998 4418 ὠς
3030 4353 3098 4408 ἂν
3131 4352 3218 4424 μὴ,
3248 4351 3390 4443 πρὸς
3418 4341 3637 4443 εὐθύνας

374 4467 669 4522 audiamus
703 4465 999 4520 obsecrare
1024 4461 1266 4530 iudicem
1297 4459 1473 4524 illum,
1508 4471 1576 4513 ne
1636 4469 1827 4513 secum
1862 4467 1945 4509 ext

2067 4450 2270 4519 ἐκείνῳ
2298 4428 2513 4517 γένοιτο
2533 4464 2548 4481 ο
2574 4448 2659 4511 τίς
2683 4447 2830 4501 οὕτω
2860 4444 3135 4516 τολμηρός
3162 4444 3337 4510 ἔστιν,
3360 4439 3437 4502 ὡς
3459 4434 3532 4507 μὴ
3553 4428 3636 4530 κξίὶ

373 4560 544 4633 periri
571 4560 784 4632 judicio
819 4559 971 4623 velit,
1009 4557 1161 4629 quis,
1197 4568 1403 4624 quaeso,
1438 4560 1548 4606 tam
1586 4551 1764 4605 audax
1796 4556 1881 4603 est
1903 4563 1938 4601 u

2067 4545 2136 4613 τῇ
2169 4518 2361 4612 μνῆμῃ
2393 4541 2491 4608 τῆς
2521 4538 2680 4610 δίκης
2727 4538 2867 4608 μόνῃ
2896 4532 3248 4600 κλονεῖσθαι;
3280 4532 3548 4633 "Epitath
3577 4518 3637 4571 ἂν

371 4617 483 4712 non
523 4617 590 4710 ad
644 4653 816 4723 ipsam
849 4652 1117 4707 duntaxat
1144 4647 1335 4718 iudicii
1364 4646 1699 4700 mentionem
1741 4651 1945 4696 contre-

2070 4632 2141 4707 ἦν
2164 4635 2277 4693 τοῖς
2304 4636 2402 4704 τῆς
2433 4631 2634 4703 ἡδονῆς
2691 4630 2904 4693 δούλοις
2963 4629 3014 4697 (ὁ
3034 4628 3195 4696 λόγος
3232 4626 3291 4680 δὲ
3328 4622 3465 4693 πρὸς
3501 4617 3637 4723 ἀντι-

373 4747 612 4803 miscat?
639 4707 951 4816 (lptandum
990 4707 1160 4799 esset,
1179 4740 1291 4796 illis
1314 4735 1609 4807 voluptatis
1673 4733 1945 4804 mancipii:

2074 4725 2348 4798 λέγοντα),
2379 4727 2428 4780 εί
2465 4725 2533 4778 τὰ
2575 4723 2806 4795 ταύτης,
2842 4722 2918 4785 ὡς
2962 4722 3028 4776 σύ
3072 4738 3138 4789 γε
3173 4720 3304 4791 φῂς.
3334 4714 3478 4825 εἶξε.
3505 4707 3634 4827 λέφυί

374 4838 775 4908 (adversarium
806 4835 968 4890 modo
1000 4848 1181 4890 meum
1204 4829 1490 4902 compello)
1526 4836 1583 4882 ut
1607 4830 1677 4883 ita
1705 4841 1793 4881 res
1815 4839 1945 4881 esse

2070 4825 2135 4895 δὴ
2166 4823 2228 4876 τὸ
2260 4823 2491 4892 δύναμιν
2527 4821 2675 4890 ἔχειν
2709 4816 2970 4888 τοιαύτην
2999 4814 3100 4885 τὴν
3127 4813 3346 4884 ἡδονὴν,
3386 4808 3632 4908 ὥστεκαὶ

375 4929 1083 4998 aﬁ‘eeta,'quemadmodum
1116 4935 1171 4978 tu
1206 4924 1450 4985 dicebas,
1501 4920 1759 4974 nimirum
1792 4925 1848 4972 ut
1898 4932 1945 4972 et

2054 4892 2199 4981 ’τοὺς
2230 4915 2595 4987 βουλομένους
2623 4912 2911 4980 διαφυγεῖν
2940 4910 3038 4972 τὰς
3072 4906 3291 4995 ἐκείνης
3321 4892 3629 4998 despicit.

374 5025 460 5081 vis
487 4988 788 5094 voluptatis
818 5020 985 5085 foret,
1050 5026 1110 5072 ut
1162 5015 1284 5070 illus
1323 5013 1548 5069 omnino
1584 5011 1786 5068 deliros
1842 5024 1945 5065 οδες

2073 5009 2466 5066 ἁπιδεικνύναι
2510 5007 2838 5077 ληροῦντας.
2873 4999 2948 5056 Ἦ
2983 4999 3189 5094 πουύὲ
3237 4988 3626 5094 gangraqu

385 5065 460 5081 ..υ
498 5065 612 5080 ω...
659 5065 787 5077 .....-
818 5065 985 5085 --.-.,
1054 5065 1110 5072 __
1257 5065 1282 5070 _
1330 5065 1347 5069 -
1591 5065 1612 5068 *κ
1658 5065 1662 5066 ν
1734 5065 1742 5066 ,

378 5065 662 5187 probaret,
696 5114 790 5184 qui
827 5112 947 5181 ejus
968 5123 1232 5167 excessus
1259 5108 1434 5161 vitare
1457 5104 1701 5173 cupiant.
1731 5103 1835 5159 Sed
1867 5101 1937 5156 ad

2075 5105 2153 5177 μὴ
2186 5103 2306 5174 οὐχ,
2356 5100 2435 5164 ὥς
2466 5065 2912 5168 τισί-νομίζεται,
2954 5092 3189 5165 τάληθὲς
3235 5065 3364 5187 εἴη..
3387 5065 3627 5187 Ἐναλλάξ

379 5178 604 5269 inodum
631 5223 826 5264 vereor
856 5220 925 5261 ne
959 5205 1064 5258 alia
1104 5200 1356 5255 veritatis
1385 5199 1457 5254 sit
1488 5200 1636 5253 ratio
1661 5214 1822 5267 quam
1844 5196 1945 5266 qui

2071 5200 2182 5268 γὰρ
2217 5195 2365 5267 ἔχειν
2396 5193 2458 5247 τὸ
2487 5192 2617 5263 περὶ
2643 5190 2851 5261 ταύτης
2878 5186 2989 5257 ἐγώ
3013 5203 3178 5258 φημι,
3210 5184 3284 5236 Τδ
3304 5178 3410 5250 γὰρ
3444 5179 3626 5269 fugav—

379 5306 504 5359 dam
548 5302 1072 5365 arbitrantur;nam
1115 5308 1239 5351 esse
1282 5306 1395 5348 rem
1429 5291 1589 5361 plane
1625 5294 1841 5346 diversa
1876 5305 1945 5344 ra-

2072 5261 2201 5345 νούν
2246 5261 2418 5358 αὐτῆς
2457 5261 2644 5359 λῆρος,
2677 5287 2726 5339 εί
2772 5282 3015 5355 βούλοιτό
3055 5298 3164 5344 τις.
3201 5279 3309 5332 Καὶ
3348 5261 3624 5365 τοῦτἐσξι

379 5401 530 5455 tione
564 5402 947 5463 comparatam.
970 5390 1079 5452 aio,
1113 5387 1314 5458 quippe
1345 5388 1429 5441 vis
1464 5387 1584 5457 ejus
1635 5385 1723 5441 illa
1773 5398 1929 5459 tyran

2072 5390 2134 5441 τὸ
2164 5352 2482 5440 ποιοῦν-τὸν
2512 5352 2736 5436 ’δίκαιον
2774 5352 2983 5451 ’κριτὴν
3025 5376 3376 5447 εἰσπράττειν
3405 5379 3463 5463 ἴε
3491 5352 3623 5463 ήμξς

379 5492 501 5546 nica
562 5502 772 5542 merum
829 5492 914 5537 est
962 5480 1239 5559 delirium,
1295 5481 1455 5536 modo
1513 5484 1637 5550 quis
1690 5483 1761 5536 ita
1810 5481 1942 5537 velit

2073 5482 2253 5549 δίκην,
2280 5477 2500 5530 ἐπειδὰν
2544 5473 2766 5545 ἐκείνην
2793 5473 2979 5543 θῶμεν
3007 5470 3116 5542 πρὸ
3145 5469 3255 5523 τῶν
3280 5457 3442 5559 αὐτοῦ
3470 5459 3620 5559 προξ-

379 5584 561 5651 Atque
588 5578 693 5633 hoe
732 5573 864 5629 illud
890 5582 977 5628 est
1025 5552 1378 5642 quamobrem
1437 5574 1620 5642 justus
1653 5574 1744 5629 illo
1798 5574 1945 5643 jude:

2070 5572 2394 5643 ταγμάτων.
2414 5568 2590 5634 Ἐπεὶ,
2635 5563 2768 5638 εξῆν
2800 5567 2863 5622 τὸ
2886 5564 3091 5632 ταύτης
3118 5560 3341 5631 ἰσχυρὸν
3353 5552 3617 5662 ἀήττητῖἲ

379 5638 575 5743 poenas
604 5686 632 5723 a
656 5667 815 5722 nobis
837 5667 1043 5735 exigat,
1074 5666 1288 5736 quoties
1315 5666 1460 5723 illam
1490 5665 1762 5722 mandatis
1797 5667 1945 5735 ipsiu:

2077 5638 2279 5728 egeat;
2309 5663 2491 5733 ψυχὰς
2520 5659 2899 5729 είσκωμάσαν,
2927 5654 3044 5710 οὔτ’
3076 5656 3142 5708 ἂν
3169 5654 3328 5717 δίκην
3367 5639 3451 5711 ἀφ’

383 5762 794 5836 anteponimus.
825 5758 1040 5815 Etenim
1066 5757 1111 5813 si
1135 5760 1212 5815 vis
1248 5759 1366 5831 ejus
1391 5759 1593 5816 invicta
1624 5759 1784 5824 foret,
1844 5774 1945 5815 cuu

2077 5729 2444 5829 ἐλάμϐανενύ
2474 5757 2680 5826 κρίνων
2725 5753 2882 5817 Θεὸς,
2917 5753 2963 5804 εἶ
2997 5750 3064 5803 δι’
3100 5746 3294 5817 ἡδονὴν
3324 5729 3618 5837 παῗευξοῖῐ

385 5860 442 5916 in
470 5858 689 5914 animos
725 5853 1000 5926 irrumpit,
1033 5869 1132 5910 uec
1162 5852 1484 5926 supplicium
1528 5853 1594 5910 de
1639 5852 1796 5911 nobis
1829 5852 1939 5909 Deu

2084 5811 2236 5925 μεῖτο
2276 5853 2332 5906 τὸ
2385 5811 2596 5905 ἐκείίιου
2633 5811 2879 5919 θέλημα,
2917 5844 3030 5899 οὔτ’
3071 5811 3137 5898 ἂν
3302 5829 3463 5907 ἀρχὴν
3488 5811 3613 5887 ἡμᾶς

3829 5914 3863 5935 ﬂ
