3958 6432
308 350 415 416 473

1728 346 2017 419 ORATIO
2062 349 2135 413 V.

3475 344 3583 412 474

307 459 428 514 κατ’
458 457 675 529 ἐκείνης
696 457 907 523 ὥπλιζε
925 459 1041 521 ταῖς
1067 456 1410 531 θαυμασταῖς
1437 473 1498 513 τε
1523 455 1772 524 ἐντολαῖς
1797 458 1894 513 καὶ

2006 461 2093 518 ille
2118 460 2286 532 judex
2338 469 2529 523 noster
2567 467 2831 530 sumeret,
2857 459 3193 518 voluntatem
3227 456 3396 528 ipsius
3424 459 3582 513 voln-

309 552 697 624 παραινέσεσι.

382 825 647 897 Σύμφημι
699 825 755 879 δέ
808 844 871 895 γε
907 826 986 897 τῷ
1020 825 1176 895 ἷλόγῳ
1220 825 1301 898 τῷ
1357 823 1665 897 καταρχὰς,
1693 827 1770 890 ὡς
1798 828 1893 901 ἀρ’

310 919 465 973 ἔστιν
491 921 526 990 ἡ
556 919 717 989 ἡδονὴ
763 919 1243 990 τυραννικώτατον
1276 919 1473 985 πάθος,
1499 920 1593 974 καὶ
1632 921 1733 989 τὴν
1764 921 1896 991 περὶ

312 1010 521 1079 ταύτης
550 1011 737 1064 εἰκόνα
767 1011 1025 1081 οὐδαμῶς
1070 1015 1384 1084 μέμφομαι.
1417 1014 1552 1068 Οὐδὲ
1598 1013 1708 1085 γὰρ

313 1104 397 1156 δει
432 1104 525 1157 τοῦ
574 1104 781 1175 ταύτης
808 1107 1037 1177 τρόπου.
1085 1107 1160 1161 Οὐ
1192 1107 1330 1178 ἷμὴν
1358 1107 1437 1172 ἰδὲ
1480 1109 1626 1164 κατά
1673 1109 1895 1164 πάντων

316 1198 445 1265 ἑξῆς
474 1198 783 1266 ἀνθρώπων
806 1200 1081 1271 τοσαύτην
1110 1200 1381 1271 κέκτηται
1402 1200 1657 1272 δύναμιν,
1686 1201 1894 1270 ὁπόσης

315 1294 342 1345 ὁ
380 1291 554 1360 λέγων
586 1290 840 1346 ἐϐούλετο
862 1308 878 1325 ο
912 1292 1075 1362 μόνον
1099 1294 1157 1347 δὲ
1198 1294 1310 1347 τῶν
1338 1293 1401 1347 οὐ
1435 1294 1701 1362 γενναίως
1734 1293 1895 1363 ἀνθι-

316 1385 602 1454 σταμένων
629 1387 753 1448 ταῖς
800 1385 975 1454 αὐτῆς
1009 1384 1222 1455 ἐφόδοις
1254 1386 1352 1440 καὶ
1397 1387 1750 1456 προσϐολαῖς.
1786 1386 1895 1455 Δῆ-

313 1466 407 1531 λον
435 1478 530 1531 δέ·
581 1478 815 1548 ἀνδράσι
857 1479 968 1550 γὰρ
1022 1479 1418 1551 προσπεσοῦσα
1464 1482 1610 1552 φορᾷ
1647 1480 1892 1550 δριμείςι,

314 1569 470 1633 κῦμά
502 1589 551 1624 τι
587 1570 857 1642 πρόϐολον
889 1572 1090 1625 ἔπαισε
1122 1574 1405 1641 μεγίστοις
1444 1568 1621 1636 λίθοις
1647 1573 1727 1636 είς
1754 1573 1815 1626 ἐν
1843 1590 1901 1627 τι

312 1661 773 1732 καθηρμοσμένον
824 1664 1025 1736 ἀρίστῃ
1087 1664 1275 1736 τέχνῃ,
1310 1665 1406 1718 καὶ
1452 1664 1692 1733 διελύθη,
1727 1664 1901 1735 μηδὲν

1994 558 2165 627 ptatis
2190 572 2353 614 causa
2381 556 2827 628 reprobantibus,
2853 569 2954 611 nec
2984 554 3050 611 ab
3076 554 3235 609 initio
3262 567 3360 607 nos
3389 554 3584 606 adver-

1997 664 2093 705 sus
2126 648 2273 704 illam
2306 647 2725 705 admirabilibus
2752 646 3025 703 mandatis
3042 643 3581 702 etadmonitionibus

1997 752 2291 800 armasset.

2068 834 2360 892 Assentior
2390 834 2651 903 equidem
2682 825 2860 904 priori
2885 831 3153 887 orationis
3186 829 3351 900 parti,
3420 828 3580 883 volu-

1998 938 2205 1002 ptatem
2240 942 2363 985 esse
2390 927 2582 982 vitium
2619 927 2780 996 longe
2811 924 3289 982 violentissimum.
3336 935 3435 976 nec
3486 934 3582 974 ex-

1997 1037 2242 1092 pressam
2320 1021 2466 1078 illius
2520 1021 2811 1091 imaginem
2844 1017 3186 1089 reprehendo
3219 1032 3233 1069 :
3266 1029 3373 1069 non
3432 1010 3582 1067 enim

1997 1116 2267 1173 abhorret
2295 1117 2363 1171 ab
2384 1115 2529 1171 illius
2557 1115 2771 1170 ratione
2803 1128 2869 1168 ac
2900 1126 3075 1168 more.
3117 1109 3318 1166 Verum
3354 1121 3459 1162 non
3487 1104 3584 1160 ad-

1998 1224 2194 1264 versus
2220 1222 2413 1263 omnes
2434 1207 2641 1278 pariter
2671 1207 2927 1262 homines
2953 1212 3163 1259 tantam
3196 1202 3284 1256 illa
3317 1202 3427 1254 vim
3479 1199 3583 1253 ob-

2003 1304 2160 1369 tinet,
2190 1310 2457 1372 quantam‘
2482 1309 2669 1356 orator
2695 1299 2799 1354 iste
2824 1299 3041 1360 statuit,
3072 1298 3166 1352 sed
3223 1296 3493 1371 duntaxat
3526 1294 3582 1347 in

1998 1409 2095 1452 eos
2126 1396 2220 1463 qui
2243 1393 2463 1450 fortiter
2490 1393 2610 1463 ejus
2639 1391 3097 1462 impressionibus
3132 1388 3278 1443 haud
3298 1388 3580 1442 resistunt.

1998 1489 2155 1557 Quod
2183 1501 2318 1543 sane
2353 1486 2438 1542 vel
2474 1486 2601 1541 hinc
2633 1494 2788 1555 paret
2819 1502 2835 1540 :
2884 1485 3101 1556 quoties
3131 1483 3275 1538 enim
3312 1482 3423 1536 acri
3455 1495 3583 1536 cum

1999 1582 2206 1651 impetu
2241 1579 2394 1634 viros
2454 1578 2729 1644 adoritur,
2784 1577 2954 1633 instar
2979 1577 3179 1630 ﬂuctus
3225 1572 3457 1642 alicujus
3484 1572 3586 1627 ub-

2005 1673 2208 1743 jectam
2258 1671 2483 1737 molem,
2527 1673 2594 1727 de
2651 1671 2904 1725 maximis
2951 1669 3218 1739 lapidibus
3249 1674 3368 1721 arte
3400 1666 3588 1734 singu-

316 1754 576 1847 ίσχύσαν·
624 1756 850 1809 ἐκείνων
881 1758 939 1811 δὲ
991 1758 1093 1821 τὰς
1138 1757 1320 1829 ψυχὰς
1368 1760 1434 1829 τῇ
1484 1757 1730 1831 ποικιλίᾳ
1779 1757 1892 1811 τῶν

2006 1759 2113 1822 la'ri
2163 1774 2528 1836 compactam,
2560 1762 2708 1829 ferit,
2732 1762 2998 1830 irritoque
3027 1767 3229 1815 conatu
3264 1756 3578 1825 dissipatur.

309 1845 557 1916 ὀρεκτῶν
589 1847 847 1914 καθάπαξ
896 1849 1245 1920 ἀνῃρημένη,
1270 1851 1348 1913 ὡς
1383 1849 1551 1920 μηδὲν
1601 1846 1744 1905 εῖναι
1771 1848 1888 1903 λοι·-

312 1938 438 2001 πὸν,
474 1939 635 2011 ἢτὴν
669 1942 768 2011 μέν
820 1944 1153 2007 ἐπιτάττειν,
1187 1944 1288 2007 τὰς
1324 1943 1372 1997 δ’
1409 1944 1605 2010 εἴκειν,
1648 1944 1730 2005 είς
1774 1944 1803 1997 ὅ
1825 1960 1891 1997 τι

313 2033 590 2103 χείριστον
637 2036 812 2095 αὐτὰς
867 2038 1277 2113 παραπέμποι,
1310 2039 1407 2093 καὶ
1449 2039 1615 2094 οἱονεὶ
1652 2037 1790 2109 πρὸς
1829 2037 1893 2091 τὸ

313 2126 555 2195 πέλαγος
584 2128 644 2183 τὸ
678 2130 1047 2198 Ἀτλαντικὸν,
1068 2133 1131 2185 τὸ
1149 2132 1296 2202 πέρα
1315 2132 1610 2203 Γαδείρων,
1634 2131 1699 2185 τὸ
1728 2129 1894 2185 ἀπλε-

310 2239 428 2275 τον.
466 2223 576 2276 Kal
603 2224 712 2292 γάρ
739 2241 823 2277 τοι
853 2223 1061 2288 ταύτας
1089 2226 1190 2287 τὰς
1221 2225 1404 2295 ψυχὰς
1437 2226 1530 2279 καὶ
1557 2223 1889 2295 παρασύρει,

310 2316 409 2367 καὶ
444 2315 761 2383 ἀποπνίγει,
795 2316 1119 2388 χειμάρρων
1147 2317 1327 2386 δίκην,
1370 2316 1430 2382 ἐξ
1465 2316 1624 2371 ὑετοῦ
1656 2334 1892 2386 καταφεο

316 2406 565 2473 ρομὲνων
608 2408 752 2461 πάνυ
788 2409 1050 2479 ῥαγδαίου
1085 2411 1292 2481 σφοδρᾷ
1331 2428 1439 2464 τινι
1475 2412 1623 2481 ῥύμῃ
1670 2411 1767 2466 καὶ
1795 2428 1893 2479 φο·-

311 2497 476 2570 ϐερᾷ,
519 2499 706 2570 δούπῳ
745 2503 842 2555 καὶ
879 2502 1029 2574 μόνῳ
1064 2502 1368 2557 ποιούντων
1402 2504 1671 2573 φρίττειν.
1708 2505 1894 2573 ’Δῆλον

312 2588 426 2657 γὰρ
459 2590 540 2648 είς
569 2585 682 2642 οἷον
713 2590 1067 2662 ἐμπίπτομεν
1107 2591 1403 2662 βάραθρον,
1439 2594 1566 2647 ὅταν
1597 2596 1694 2658 τὰς
1740 2595 1895 2665 ἡνίας

312 2680 445 2743 ὅλας
477 2680 707 2751 ἀφῶμεν
735 2682 831 2736 τοῦ
866 2684 1269 2755 ἐπιθυμητικοῦ
1304 2684 1407 2754 τῆς
1434 2685 1617 2757 ψυχῆς
1665 2688 1892 2757 μέρους.

306 2774 468 2845 Πλὴν
493 2776 631 2831 ἀλλὰ
658 2778 770 2831 τῶν
791 2780 961 2850 ἀρετῇ
983 2780 1075 2833 καὶ
1101 2780 1248 2852 λόγῳ
1273 2779 1753 2851 καθωπλισμένων
1782 2782 1896 2836 οὐδ’

306 2867 385 2921 ἂν
418 2868 610 2923 οὐδένα
656 2869 890 2941 τρώσειε
920 2872 982 2926 τὸ
1030 2874 1249 2943 ἐκείνης
1297 2878 1548 2932 ὁπωσοῦν
1596 2877 1769 2949 βέλος.
1811 2875 1900 2941 Ὧς

196 3004 215 3013 -
253 2970 259 2974 ·
313 2959 374 3012 οἴ
398 2976 462 3028 γε
492 2961 707 3031 ἀνδρες,
746 2957 807 3016 εὖ
857 2962 991 3028 ίσθι,
1023 2964 1125 3033 τὴν
1157 2965 1414 3038 σώφρονα
1449 2969 1546 3024 καὶ
1591 2968 1901 3038 ἀναγκαίαν

315 3051 516 3121 ἡδονὴν
550 3054 648 3107 σὺν
704 3053 784 3123 τῷ
833 3055 1015 3126 καιρῷ
1064 3056 1468 3127 καρπούμενοι,
1521 3059 1754 3125 ταυτησὶ
1799 3059 1900 3129 τῆς

313 3144 648 3212 ἀκολάστου,
678 3121 779 3214 τῆς
810 3121 952 3219 ὑπὲρ
985 3121 1212 3220 χρείαν,
1242 3121 1663 3218 καταγελῶσιν,
1683 3121 1778 3216 ’ὡς
1928 3121 1975 3183 c

313 3236 407 3291 δέν
442 3237 587 3307 ἱερὸν
635 3237 825 3309 οὔσης,
861 3241 1088 3295 ἐπειδὰν
1141 3243 1463 3314 παντοδαπὴ
1517 3243 1617 3313 μὲν
1651 3250 1903 3314 γένηται,

314 3332 580 3403 προτείνῃ
607 3331 664 3384 δὲ
705 3334 805 3387 σὺν
839 3337 1059 3406 μηχανῇ
1098 3351 1157 3388 τε
1192 3337 1285 3389 καὶ
1313 3336 1560 3409 ποικιλίᾳ
1590 3338 1700 3391 πᾶν
1727 3337 1905 3392 ὁτιοῦν

317 3424 607 3480 κάλλιστόν
636 3442 695 3478 τε
729 3426 826 3480 καὶ
863 3427 1085 3497 ἥδιστον
1124 3429 1244 3491 ταῖς
1282 3428 1379 3497 τοῦ
1409 3430 1666 3500 σώματος
1709 3430 1905 3500 αἰσθή-

318 3536 465 3583 σεσι,
492 3518 562 3571 δι’
587 3512 662 3574 ὧν
693 3518 870 3590 ἰσχύει
900 3519 997 3573 καὶ
1029 3520 1429 3589 περιγίγνεται,
1459 3522 1507 3574 εί
1540 3520 1616 3593 μὴ
1657 3521 1905 3591 κοσμίως

320 3614 669 3668 αἰσθάνοιντο
691 3615 923 3667 τουτωνὶ
943 3614 1054 3667 τῶν
1076 3614 1376 3684 αἰσθητῶν,
1411 3616 1639 3679 καὶτοῖς
1665 3615 1907 3685 ἡδίστοις

317 3704 605 3777 ἡδύνοιντο
641 3705 782 3775 μετά
829 3705 1114 3777 λογισμοῦ.
1149 3707 1317 3761 Ὥστε
1353 3709 1416 3760 τδ
1445 3709 1566 3768 πᾶν
1596 3707 1698 3778 τῆς
1731 3708 1905 3779 ὑπερ-

321 3798 516 3868 ϐολῆς,
548 3798 645 3850 καὶ
669 3797 765 3850 τοῦ
790 3796 1015 3863 πολλοῦ,
1049 3797 1143 3852 καὶ
1163 3799 1266 3868 τῆς
1296 3799 1588 3868 ἀμετρίας.
1614 3797 1724 3853 Καὶ
1752 3799 1908 3852 ταῦθ’

322 3893 597 3961 ἡμέτερον
648 3889 927 3959 ἔγκλημα,
969 3889 1227 3961 καθάπερ
1270 3892 1366 3946 καὶ
1411 3890 1762 3962 προείρηται,
1808 3892 1908 3961 οὐχ

321 3984 398 4045 ὡς
431 3980 582 4051 αύτῷ
629 3997 716 4032 σοι
758 3979 929 4036 δοκεῖ.
965 3980 1040 4032 Σὺ
1074 3978 1176 4048 μὲν
1214 3978 1346 4049 γάρ,
1387 3971 1433 4033 ὧ
1457 3978 1579 4044 τάν,
1610 3977 1689 4041 ὡς
1736 3977 1905 4043 ἔοικε,

326 4074 528 4130 σαυτὸν
575 4072 753 4136 αίτίας
786 4072 1118 4141 ἐλευθεροῖς,
1162 4072 1258 4126 καὶ
1303 4073 1403 4142 τὴν
1437 4070 1713 4142 ἀκρασίαν
1754 4069 1910 4125 οὐδὲν

323 4168 540 4241 λογίζῃ,
574 4168 669 4222 καὶ
712 4168 814 4236 τὴν
859 4164 1168 4221 ἐθελούσιον
1208 4164 1455 4238 κίνησιν-
1477 4163 1612 4236 παρ’
1645 4164 1799 4218 οὐδὲν
1827 4164 1911 4219 τί-

326 4260 430 4332 θης
454 4277 468 4295 ο
504 4259 677 4331 μόνην
706 4258 765 4313 δέ
795 4258 894 4327 τὴν
922 4257 1120 4329 ἡδονὴν
1149 4257 1264 4313 ἀνω
1299 4259 1396 4312 καὶ
1435 4257 1587 4312 κάτω
1626 4257 1907 4331 στρέφεις,

324 4351 654 4423 αίτιὼμενος
686 4351 875 4414 ἁπλῶς
914 4350 1054 4421 πρὸς
1079 4349 1226 4422 ἅπερ
1255 4349 1322 4405 ἀν
1348 4352 1481 4404 ποτὲ
1518 4367 1601 4404 σοι
1633 4351 1911 4424 πραχθείη

1995 1862 2310 1916 Alterorum
2337 1874 2469 1916 vero
2499 1858 2712 1913 animos
2769 1855 2860 1910 ubi
2920 1853 3089 1909 semel
3151 1849 3583 1920 expetendarum

1995 1967 2176 2008 rerum
2228 1952 2494 2008 varietate
2522 1950 2689 2017 cepit,
2722 1947 2862 2002 nihil
2892 1954 3063 2001 restat
3113 1944 3259 1998 aliud
3312 1958 3475 2012 quam
3527 1947 3588 1994 ut

1994 2030 2121 2116 ipsa
2170 2043 2441 2112 imperet,
2506 2039 2584 2094 illi
2636 2046 2898 2109 pareant,
2978 2034 3046 2091 ad
3084 2034 3457 2105 quodcunque
3498 2029 3588 2086 vel

1998 2136 2375 2207 turpissimum
2421 2132 2782 2204 ablegaverit,
2819 2129 2976 2200 quasi
3023 2129 3298 2199 quoddam
3334 2126 3400 2180 ad
3433 2125 3588 2195 pela-

1997 2242 2098 2300 gus
2132 2223 2492 2289 Atlanticum,
2536 2220 2682 2277 ultra
2717 2219 2898 2277 Gades
2948 2220 3136 2282 situm,
3170 2216 3441 2288 planeque
3483 2214 3589 2268 im-

1997 2332 2270 2374 mensum.
2305 2315 2443 2371 Nam
2487 2314 2610 2370 illos
2667 2314 2881 2368 animos
2912 2321 2968 2367 et
3006 2312 3177 2368 trahit
3224 2320 3278 2365 ct
3332 2308 3585 2380 suil'ocat,

2000 2413 2331 2467 torrentium
2371 2409 2426 2463 in
2468 2421 2702 2473 morem,
2744 2406 2849 2475 .qui
2886 2405 3211 2460 vehemente
3244 2400 3427 2472 pluvia
3458 2416 3582 2455 cum

2001 2501 2382 2570 impelluntur,
2441 2500 2513 2555 ob
2566 2513 2749 2553 acrem
2782 2507 2837 2554 et
2870 2495 3271 2552 formidabilem
3319 2496 3585 2566 impetum

1999 2595 2083 2651 vel
2116 2595 2234 2650 solo
2265 2593 2496 2662 strepitu
2543 2592 2832 2647 horrorem
2884 2590 3184 2645 incutiunt.
3237 2587 3384 2644 Satis
3436 2588 3588 2643 enim

2001 2684 2352 2740 manifestum
2382 2692 2467 2739 est
2507 2683 2558 2737 in
2583 2679 2747 2752 quale
2764 2680 3089 2735 barathrum
3119 2679 3425 2735 incidamus
3450 2692 3588 2747 quo-

2003 2782 2107 2838 ties
2144 2780 2220 2835 illi
2254 2779 2429 2834 animi
2463 2777 2605 2849 parti
2643 2791 2750 2848 qua
2801 2774 2885 2830 vis
2916 2782 3183 2844 appetens
3241 2772 3583 2835 continetur,

2003 2874 2158 2930 frena
2201 2872 2362 2942 plane
2420 2872 2691 2925 laxamus.
2755 2868 2829 2922 At
2881 2867 3100 2923 illorum
3138 2864 3229 2935 qui
3271 2864 3489 2918 virtutis
3534 2873 3590 2918 et

2004 2964 2239 3022 rationis
2276 2963 2447 3019 armis
2470 2961 2666 3018 muniti
2722 2966 2873 3027 sunt,
2935 2958 3214 3014 neminem
3266 2956 3380 3012 ullo
3425 2966 3589 3026 pacto

2007 3058 2172 3114 telum
2214 3057 2390 3127 ipsius
2446 3052 2839 3110 vulneravcrit.
2867 3051 3001 3107 Nam
3043 3052 3137 3122 qui
3180 3051 3282 3105 viri
3310 3058 3458 3116 sunt,
3494 3063 3590 3104 cos

2007 3152 2152 3207 scire
2185 3150 2353 3205 debes
2385 3148 2722 3203 moderatam
2751 3160 2815 3200 ac
2848 3144 3217 3200 necessariam
3251 3143 3586 3212 voluptatem

2007 3252 2322 3314 opportune
2363 3239 2759 3312 percipientes,
2825 3238 2987 3295 istam
3057 3235 3318 3291 etl'renem
3370 3243 3425 3290 ct
3480 3249 3588 3289 non

2009 3335 2376 3392 necessariam
2443 3333 2648 3400 ridere,
2681 3332 2823 3400 quod
2886 3330 3023 3386 nihil
3084 3331 3241 3385 ineo
3290 3329 3434 3384 sacri
3495 3328 3587 3392 sit,

2006 3431 2224 3500 quoties
2253 3437 2309 3484 et
2334 3428 2655 3482 varietatem
2687 3425 2887 3489 induit,
2924 3432 2978 3479 et
3033 3430 3151 3478 arte
3190 3420 3428 3491 quadam
3465 3433 3592 3472 ver-

1984 3523 2268 3592 ‘sutiaque
2300 3521 2553 3592 corporis
2585 3521 2839 3577 sensibus
2879 3516 3151 3589 quidquid
3200 3525 3254 3571 et
3286 3513 3594 3585 pulcherri-

1970 3642 1973 3645 ·
2010 3632 2156 3673 mum
2189 3626 2243 3671 et
2272 3615 2731 3687 iucundissimum
2771 3619 2874 3677 est,
2910 3611 3123 3681 objicit,
3175 3617 3342 3679 atque
3393 3607 3591 3667 horum

1996 3710 2324 3780 ‘adjumento
2351 3709 2785 3772 corroboratur,
2840 3716 2896 3760 et
2941 3704 3205 3775 superior‘
3227 3700 3436 3762 evadit,
3489 3698 3591 3752 nisi
3652 3774 3657 3777 _

2010 3817 2102 3857 res
2139 3802 2272 3857 istas
2323 3799 2559 3856 sensiles
2590 3800 2695 3854 rite
2722 3797 3052 3868 percipiant,
3093 3803 3149 3851 et
3169 3790 3593 3864 jucundissimis

2010 3908 2133 3948 cum
2166 3893 2383 3947 ratione
2415 3900 2590 3948 semet
2610 3891 2910 3948 oblectent.
2943 3887 3063 3955 Quo
3120 3887 3181 3942 tit
3228 3895 3290 3941 ut
3342 3894 3454 3939 tota
3506 3897 3594 3937 res

2011 3983 2068 4038 in
2113 3981 2280 4037 nimio
2335 3982 2515 4052 posita
2565 3981 2659 4047 sit,
2702 3993 2755 4036 et
2797 3979 2950 4050 capia
2994 3978 3270 4046 anodique
3318 3974 3591 4043 neglectu,

2011 4092 2132 4149 quae
2161 4090 2298 4132 sane
2322 4084 2574 4132 nostrum
2622 4081 2751 4130 sunt
2776 4075 3009 4139 crimen,
3040 4073 3120 4125 uti
3151 4085 3316 4140 supra
3375 4082 3595 4137 quoque

2012 4170 2217 4225 dictum
2255 4178 2500 4235 est,tton
2533 4166 2611 4223 uti
2642 4165 2735 4222 tibi
2769 4165 3009 4222 videtur.
3056 4161 3193 4218 Nam
3237 4171 3293 4216 tu
3347 4160 3592 4231 quidem.

2011 4278 2044 4320 ο
2076 4261 2217 4318 bone
2248 4261 2356 4323 vir,
2389 4262 2621 4330 teipsum
2646 4259 2806 4328 culpa
2850 4252 3087 4313 liberare
3135 4254 3361 4318 videris,
3398 4261 3455 4307 et
3509 4250 3598 4304 in-
3680 4288 3681 4295 η

2013 4354 2432 4425 temperantiam
2461 4362 2748 4417 extenuas,
2778 4364 2840 4406 ac
2871 4360 3076 4409 mottun
3102 4346 3468 4429 voluntarium
3496 4359 3597 4413 pro

325 4449 408 4510 είς
435 4444 728 4500 αὐθάδειαν
778 4445 871 4499 καὶ
897 4443 1111 4515 τέρψιν.
1145 4444 1259 4499 Καὶ
1309 4444 1564 4516 παραινῶ
1596 4461 1680 4499 σοι
1724 4445 1903 4515 φείδε-

2017 4450 2194 4507 nihilo
2225 4449 2385 4506 ducis
2415 4465 2429 4504 :
2464 4448 2802 4517 voluptatem
2841 4460 2971 4501 vero
2997 4444 3175 4500 solam
3208 4457 3424 4499 sursum
3443 4442 3605 4497 dcor-

328 4539 457 4592 σθαι
485 4535 599 4590 τῶν
628 4534 893 4590 τοιούτων
927 4532 1186 4605 κρίσεων,
1220 4537 1318 4588 καὶ
1354 4536 1577 4605 μακράν
1606 4534 1912 4608 ἀπέχεσθαι

326 4629 560 4684 τουτωνὶ
592 4628 703 4681 τῶν
738 4626 1042 4697 λογισμῶν,
1081 4627 1274 4700 πόρρω
1307 4644 1412 4680 που
1448 4629 1544 4683 καὶ
1586 4628 1794 4683 τούτων
1826 4629 1916 4684 δν-

325 4740 437 4776 των
460 4722 562 4792 τῆς
594 4721 876 4791 ἀληθείας.
914 4721 1100 4774 Ποιείν
1131 4721 1243 4793 γὰρ
1274 4721 1691 4793 παραπλήσιον,
1722 4721 1917 4796 ῶσπερ

326 4816 396 4869 ἂν
449 4819 500 4869 εἰ
532 4815 825 4897 φάρμακον
867 4814 978 4869 ἔδει
1040 4832 1100 4868 σε
1163 4815 1504 4897 πεπωκέναι,
1553 4813 1659 4869 ὑπὸ
1715 4817 1918 4887 ίατρῶν

327 4907 575 4980 ἀρίστων
606 4908 1037 4979 ἐσκευασμένον,
1076 4902 1180 4961 εῖτ’
1218 4909 1468 4979 ἀκαίρως
1501 4909 1668 4973 αὐτὸς
1693 4909 1907 4983 χρησά-

329 5018 495 5071 μενος
530 4999 601 5068 τῷ
644 5000 946 5072 φαρμάκῳ,
995 5000 1133 5070 πρὸς
1161 5000 1477 5054 τούναντίον
1520 5001 1788 5066 ἐκϐάντος
1822 5019 1907 5056 σοι

325 5094 423 5147 τοῦ
467 5093 828 5165 βουλήματος,
863 5094 1028 5160 ἀφεὶς
1060 5093 1262 5147 σαυτὸν
1310 5093 1696 5165 ἐπιπλήττειν,
1740 5096 1806 5148 σὺ
1853 5095 1910 5150 δὲ

324 5188 641 5252 διαϐάλλεις
674 5188 735 5241 τὸ
763 5188 1076 5260 φάρμακον,
1104 5189 1202 5242 καὶ
1239 5189 1366 5253 τοὺς
1397 5190 1578 5243 ἐκεῖνο
1605 5190 1789 5259 σοφῶς
1823 5208 1917 5245 κε-

331 5284 624 5352 ράσαντας.
661 5282 737 5336 Ού
785 5272 944 5353 μόνον
988 5282 1046 5335 δὲ
1078 5284 1145 5338 τὰ
1180 5284 1330 5356 παρά
1354 5278 1483 5337 τῶν
1516 5286 1743 5356 ἰατρῶν,
1777 5287 1917 5343 ἀλλά

327 5376 425 5431 καὶ
452 5375 613 5432 πάνθ’
642 5371 724 5439 οἷς
752 5377 1034 5449 χρώμεθα,
1056 5378 1104 5430 εί
1128 5377 1311 5449 χρῷτό
1347 5395 1435 5440 τις
1458 5378 1516 5431 ού
1559 5361 1766 5446 καλῶς,
1792 5381 1916 5434 ούδέ

302 5505 311 5512 .
331 5466 475 5535 μετά
503 5467 600 5521 τοῦ
635 5469 1011 5541 προσήκοντος
1045 5469 1271 5540 μέτρου,
1320 5469 1564 5542 βλαϐερὰ
1603 5471 1669 5525 ἂν
1704 5471 1916 5539 γένοιτο

327 5560 512 5615 πάντα
562 5560 825 5632 τρόπονῆ
885 5561 1106 5628 αὐτίκα,
1147 5562 1181 5633 ἢ
1235 5564 1557 5634 μετέπειτα,
1593 5563 1625 5633 ἢ
1681 5565 1776 5619 καὶ
1816 5565 1914 5618 ἀπ’

327 5654 505 5723 ἀρχῆς
533 5654 665 5725 ἄχρι
696 5653 907 5718 τέλους.
941 5655 1112 5709 Τοῦτο
1138 5656 1196 5710 δὲ
1233 5658 1334 5709 οὐκ
1367 5656 1537 5722 ἔστιν,
1568 5656 1657 5727 ἐφ’
1681 5658 1786 5727 ὅτῳ
1811 5659 1914 5711 οὔκ

330 5746 501 5802 ἔστιν.
531 5748 648 5801 Ούκ
672 5747 760 5818 ἀρ’
785 5749 818 5819 ἡ
842 5749 1006 5821 ἡδονὴ
1033 5749 1095 5804 τδ
1120 5752 1314 5812 κακὸν,
1349 5751 1465 5805 ἀλλ’
1491 5751 1524 5821 ἡ
1558 5750 1913 5822 παράχρησις

329 5839 422 5893 ἐπὶ
453 5840 560 5895 τῶν
608 5842 886 5899 ἁπάντων.
931 5843 1084 5899 Ἐπεὶ
1136 5844 1228 5915 καὶ
1278 5843 1386 5914 πῦρ

1442 5846 1511 5917 τῇ
1559 5845 1927 5915 παραχρήσει

2011 4560 2133 4601 sum
2153 4542 2431 4608 volutans,
2453 4539 2778 4611 simpliciter
2792 4539 2860 4594 ad
2886 4553 3006 4594 eam
3033 4535 3227 4602 refers,
3248 4548 3597 4606 quascunque

2012 4634 2375 4692 contumaciae
2390 4648 2457 4689 ac
2483 4632 2726 4688 libidinis
2743 4629 3029 4700 explendae
3048 4644 3211 4684 causa
3232 4642 3470 4697 unquam
3500 4626 3600 4681 abs

2010 4738 2066 4786 te
2095 4739 2246 4801 gesta
2266 4735 2415 4784 sunt.
2441 4725 2653 4793 Quibus
2677 4739 2707 4778 a
2728 4722 2958 4794 iudiciis
2988 4733 3047 4775 ut
3066 4721 3372 4789 abstineas,
3408 4718 3602 4787 longe-

2013 4839 2120 4894 que
2138 4821 2499 4893 cogitationes
2525 4815 2835 4889 huiusmodi
2858 4812 3115 4884 repellas,
3137 4827 3356 4874 moneo.
3378 4815 3602 4880 quando

2013 4925 2068 4970 ct
2094 4916 2224 4984 ipsae
2258 4914 2421 4984 longe
2448 4927 2477 4965 a
2499 4911 2730 4967 veritate
2766 4908 2986 4963 absunt.
3032 4903 3166 4958 Nam
3199 4903 3429 4974 perinde
3469 4902 3602 4956 facis
3637 4902 3644 4909 ’

2016 5022 2081 5062 ac
2110 5008 2177 5074 si,
2205 5020 2328 5061 cum
2362 5000 2720 5058 hauriendum
2753 4999 2849 5054 tibi
2881 4998 3231 5066 pharmacum
3263 5005 3431 5059 esset,
3462 4996 3606 5064 opti-

2019 5099 2124 5152 mis
2157 5113 2184 5151 a
2220 5095 2457 5151 medicis
2482 5100 2761 5164 paratum,
2800 5100 2855 5145 tu
2894 5089 3279 5160 intempestive
3308 5089 3606 5159 pharumm

2018 5207 2183 5259 usus,
2217 5200 2412 5246 eventu
2447 5187 2712 5244 voluntati
2750 5193 2853 5240 tua:
2884 5184 3163 5240 contrario
3195 5184 3605 5253 subsequente,

2016 5284 2400 5356 objurgatione
2433 5283 2631 5338 tuimet
2663 5281 2835 5350 ipsius
2868 5278 3093 5342 omissa,
3126 5277 3482 5345 pharmacum
3519 5291 3609 5329 ac-

2016 5391 2179 5433 cuses
2222 5386 2276 5431 ct
2313 5390 2408 5431 eos
2443 5374 2535 5444 qui
2573 5373 2737 5428 docte
2772 5373 2825 5427 id
2863 5372 3221 5427 miscuerant.
3260 5370 3446 5441 Neque
3490 5379 3619 5424 tan-

2015 5480 2131 5523 tum
2163 5469 2460 5540 pbarmaca
2493 5466 2855 5532 medicorum,
2882 5466 2977 5521 sed
3007 5466 3170 5521 etiam
3197 5464 3379 5517 ouinia
3413 5462 3617 5532 quibus

2020 5563 2248 5626 utimur,
2274 5552 2352 5615 ἐἰ
2404 5560 2530 5630 quis
2585 5559 2730 5615 haud
2788 5568 2940 5614 recte
2994 5568 3199 5624 uratur,
3257 5571 3432 5626 neque
3484 5566 3621 5608 cum

2024 5655 2184 5710 modo
2213 5654 2601 5721 conveniente,
2633 5653 2767 5724 quin
2804 5653 2964 5709 noxia
2997 5651 3177 5708 futura
3208 5653 3356 5717 sint,
3388 5648 3470 5703 vel
3501 5657 3615 5701 sta-

2024 5750 2150 5815 tim,
2189 5741 2365 5803 vel'iu
2403 5758 2712 5818 posterum,
2750 5748 2834 5804 vel
2867 5748 3031 5802 etiam
3069 5763 3096 5801 a
3136 5744 3404 5816 principio
3434 5754 3631 5811 usque

2023 5844 2089 5898 ad
2118 5840 2446 5909 liuern,lieri
2477 5841 2621 5897 nulla
2650 5840 2861 5896 ratione
2889 5847 3083 5910 potest.
3117 5836 3224 5895 Nec
3254 5836 3358 5889 ulla
3389 5844 3468 5890 cst
3499 5851 3631 5898 resp
