3958 6440
401 363 510 428 475
605 406 609 412 -

1601 366 1764 427 MAN
1777 363 2005 428 UELIS
2044 360 2493 426 PALIEOLOGI
3527 353 3621 418 £76

396 480 449 533 in
482 494 586 547 qua
623 492 724 532 non
758 478 898 534 idem
930 480 1030 536 hoc
1059 495 1157 535 usu
1189 481 1392 538 veniat.
1422 480 1537 537 Non
1570 497 1696 553 ergo
1727 481 1973 548 voluptas

2090 476 2268 540 κακὸν,
2300 474 2394 526 καὶ
2435 473 2582 526 ἅπαν
2610 471 2820 542 χρῆμα.
2854 471 3003 526 arma
3029 470 3137 542 γὰρ
3180 469 3352 526 ταῦτα
3378 471 3445 525 τὰ
3470 473 3625 541 ἀναγ-

398 571 599 624 malum
649 571 777 640 quid
825 581 929 638 est,
974 574 1068 629 sed
1117 575 1321 631 abusus
1370 575 1423 630 in
1475 577 1636 631 rebus
1682 565 1971 640 universis,

396 660 835 729 quandoquidem
875 673 931 717 et
967 664 1107 734 ignis
1142 665 1312 720 abusu
1353 665 1526 721 malus
1557 675 1670 731 est,
1707 674 1763 718 et
1799 678 1972 733 aqua,

395 756 450 801 et
483 763 570 802 res
606 751 826 804 ou'mino
861 753 1137 821 quaelibet.
1176 754 1302 809 Haec
1337 755 1484 809 enim
1524 756 1638 822 ipsa
1677 755 1970 820 cmteroqui

399 842 738 905 necessaria,
771 852 828 896 et
861 844 1068 913 absque
1098 846 1296 914 quibus
1329 862 1486 901 nemo
1518 847 1702 902 salvus
1733 857 1785 902 et
1820 849 1973 902 incu-

395 931 560 986 lumis
597 932 794 999 fuerit,
834 937 1054 1004 perinde
1090 953 1152 992 ac
1190 940 1362 992 noxia:
1397 947 1588 992 natura
1626 953 1746 1001 res,
1782 938 1974 993 int-eri-

400 1035 551 1078 munt
581 1027 623 1078 si
656 1025 794 1079 ultra
822 1043 982 1097 quam
1011 1044 1108 1098 par
1135 1030 1205 1084 sit
1229 1027 1397 1083 ﬂuant
1423 1043 1620 1100 magna
1646 1043 1769 1083 cum
1799 1031 1972 1080 abnu-

397 1119 604 1171 dantia.
651 1119 766 1182 Dic,
813 1122 1067 1184 obsecro,
1115 1122 1267 1189 mihi,
1310 1123 1436 1192 quid
1485 1123 1627 1184 luce.
1670 1122 1802 1192 quid
1849 1136 1976 1177 aere

399 1211 630 1264 melius?
662 1212 716 1266 Si
756 1223 933 1268 tamen
970 1224 1023 1269 et
1059 1216 1143 1271 his
1178 1217 1484 1279 abutamur,
1518 1231 1772 1283 maguum
1803 1215 1975 1282 quod-

401 1303 522 1355 dam
556 1302 613 1356 tit
644 1305 842 1356 malum
867 1345 881 1368 ,
916 1306 1155 1374 itemque
1187 1305 1344 1360 nobis
1375 1305 1580 1359 accidit
1609 1305 1752 1373 quod
1787 1305 1851 1358 iis
1885 1306 1974 1374 qui

402 1395 598 1449 horum
634 1397 858 1451 minime
890 1398 1182 1467 participes
1211 1407 1368 1465 sunt;
1401 1413 1522 1452 nam
1555 1399 1799 1469 utrisque
1832 1400 1978 1452 cala-

403 1489 568 1543 mitas
605 1489 942 1545 intoleranda
983 1490 1272 1558 contingit,
1313 1500 1420 1544 tam
1457 1491 1614 1545 nobis
1647 1505 1810 1560 quam
1846 1490 1973 1546 illis.

405 1579 474 1634 Et
507 1596 743 1649 quonam
783 1581 835 1634 id
873 1591 1064 1648 pacto,
1099 1582 1297 1636 dicam.
1333 1580 1573 1645 Radius,
1610 1596 1698 1635 res
1732 1582 1974 1635 omnium

399 1673 826 1742 jurumlissima,
873 1674 1074 1742 prmbet
1121 1673 1293 1727 oculis
1337 1683 1396 1726 ut
1439 1683 1562 1728 actu
1608 1674 1823 1728 videndi
1867 1674 1972 1726 vim

404 1767 669 1828 habeant,
701 1775 756 1820 et
787 1767 946 1820 rebus
976 1767 1398 1834 aspectabilibus
1429 1768 1632 1835 praebet
1668 1779 1723 1821 ut
1755 1767 1977 1835 conspi-

405 1860 622 1912 ciantur
672 1857 722 1911 id
767 1872 890 1912 esse
937 1859 1075 1926 quod
1119 1868 1264 1911 sunt.
1309 1857 1441 1911 Nam
1490 1867 1544 1912 et
1592 1873 1709 1927 qua:
1755 1859 1976 1926 pulchra

403 1959 559 2013 sunt,
598 1960 652 2004 et
691 1950 808 2020 ipse
844 1949 1067 2014 oculus,
1105 1958 1373 2018 potestate
1408 1953 1668 2005 duntaxat
1706 1951 1757 2005 id
1793 1960 1979 2007 essent

403 2043 547 2110 quod
582 2052 773 2096 natura
809 2050 974 2107 sunt,
1007 2043 1228 2112 pulchra
1265 2044 1557 2108 nimirum,
1591 2054 1646 2098 et
1677 2044 1864 2112 oculus
1885 2085 1900 2111 ,
1933 2044 1977 2100 si

404 2133 732 2189 beneﬁcium
764 2150 922 2189 suum
957 2122 1139 2191 radiu's
1171 2135 1287 2205 ipse
1317 2152 1423 2190 non
1454 2145 1772 2205 praestaret;
1805 2137 1900 2192 sed
1932 2139 1978 2193 si

402 2225 524 2294 quis
553 2227 696 2281 hunc
727 2236 896 2280 totum
929 2227 1102 2283 oculis
1137 2227 1446 2283 immediate
1475 2229 1750 2298 exceperit
1770 2269 1786 2290 ,
1821 2228 1980 2286 facile

402 2316 620 2373 vivendi
656 2317 967 2374 facultatem
1005 2322 1237 2375 amittet.
1275 2319 1435 2390 Atqui
1469 2322 1513 2376 si
1544 2322 1704 2393 longo
1739 2331 1982 2392 tempore

404 2408 589 2462 radius
619 2408 794 2464 oculis
827 2410 1010 2464 nullus
1041 2409 1275 2466 illuxerit
1296 2451 1311 2476 ,
1345 2410 1483 2465 nihil
1515 2411 1640 2466 inde
1669 2412 1979 2468 detrimenti

403 2500 486 2556 eis
519 2501 814 2567 acciderit;
847 2517 1034 2558 verum
1065 2504 1303 2572 si'supra
1338 2505 1554 2558 modum
1589 2504 1641 2559 in
1678 2518 1770 2560 eos
1801 2507 1981 2561 irrue-

403 2593 498 2658 rit,
531 2609 654 2646 mox
688 2594 1025 2664 inopinatum
1054 2595 1307 2662 quiddam
1337 2597 1562 2662 accidit,
1592 2599 1809 2668 quando
1835 2600 1980 2669 quod

399 2683 861 2754 iucundissimum
894 2687 1052 2741 nobis
1080 2697 1185 2751 est,
1214 2689 1265 2742 in
1298 2689 1532 2744 dolorem
1564 2691 1780 2754 desinit,
1809 2701 1859 2745 et
1887 2706 1984 2761 per

406 2790 570 2844 quem
603 2775 787 2830 videre
822 2791 1138 2845 possumus,
1169 2794 1266 2848 per
1293 2782 1542 2834 eumdem
1577 2781 1793 2836 videndi
1827 2799 1981 2837 usum

407 2866 727 2923 amittimus.
750 2866 871 2922 Jam
900 2870 1108 2939 absque
1133 2871 1398 2939 aeris'usu
1422 2887 1487 2927 ne
1514 2873 1838 2929 brevissimo
1863 2875 1985 2945 qui-

406 2959 530 3013 dem
567 2967 812 3029 tempore
844 2961 1038 3014 durare
1066 2976 1380 3030 possumus,
1414 2972 1474 3018 ut
1503 2964 1723 3020 interim
1753 2981 1863 3020 non
1896 2967 1984 3021 di-

406 3065 563 3115 eam,
605 3067 728 3105 mox
765 3051 1053 3108 interitura
1091 3055 1371 3124 universa,
1403 3057 1458 3111 ni
1494 3057 1858 3114 circumfusus
1892 3074 1987 3114 aer

2079 568 2232 630 καῖα,
2265 567 2358 618 καὶ
2381 557 2454 618 ὧν
2473 565 2646 634 χωρὶς
2667 565 2775 617 οὐδ’
2799 564 2864 618 ἂν
2892 565 3064 628 οὐδεὶς
3088 563 3425 628 διασώζοιτο,
3454 564 3630 637 ὥσπερ

2077 659 2146 712 τὰ
2177 657 2337 726 φύσει
2389 657 2701 726 βλάπτοντα
2748 658 3080 728 διαφθείρει,
3129 657 3197 726 ἦν
3239 657 3377 729 ὑπὲρ
3419 658 3478 710 τὸ
3524 659 3632 710 δέον

2079 750 2490 821 συνεπιρῤεύσῃ
2524 749 2662 818 μετὰ
2693 749 2896 818 πολλῆς¹
2924 752 3022 818 τῆς
3063 749 3390 817 ὑπερϐολῆς.
3425 748 3488 800 Τί
3523 749 3632 816 μὲν,

2077 841 2199 894 εἰπέ
2230 859 2340 910 μοι,
2393 841 2602 910 φωτὸς,
2643 842 2695 892 τί
2731 841 2776 894 δ’
2799 842 2959 911 ἀέρος
3003 841 3246 910 βέλτιον;
3280 841 3416 893 ἀλλὰ
3460 840 3522 893 ἂν
3551 843 3638 894 καὶ

2077 932 2253 985 τοῖσδε
2313 932 2828 1002 παραχρησώμεθα,
2870 933 3014 1002 μέγα
3058 950 3112 986 τι
3159 936 3408 1000 γίγνεται
3457 932 3635 995 κακὸν,

2077 1025 2172 1077 καὶ
2224 1024 2418 1076 ταυτὸν
2467 1025 2578 1086 τοῖς
2631 1025 2692 1076 οὐ
2751 1025 3042 1093 μετέχουσι
3093 1023 3303 1076 τούτων
3349 1024 3639 1092 πάσχομεν.

2090 1115 2392 1183 Ἀφ’ρητον
2422 1115 2532 1184 γὰρ
2566 1116 2768 1183 ἀμφοῖν
2806 1117 2866 1168 τὸ
2894 1116 3068 1168 δεινὸν
3095 1117 3230 1185 ἡμῖν
3264 1132 3323 1168 τε
3355 1113 3642 1176 κάκείνοις.

2080 1207 2189 1259 Καὶ
2241 1207 2392 1272 πῶς;
2447 1208 2558 1274 ἐγὼ
2605 1209 2775 1276 λέγω.
2821 1210 3023 1275 ’Λκτὶς,
3070 1209 3098 1262 ὃ
3148 1209 3367 1262 πάντων
3414 1208 3641 1276 ἥδιστον,

2083 1301 2316 1368 παρέχει
2352 1299 2452 1368 μὲν
2476 1301 2591 1362 τοῖς
2622 1301 2924 1371 ὀφθαλμοῖς
2952 1302 3206 1372 ἐνεργείᾳ
3244 1302 3305 1354 τὺ
3331 1302 3461 1371 ὀρᾷν
3487 1300 3643 1371 ἐχειν,

2080 1394 2312 1461 παρέχει
2343 1392 2400 1444 δὲ
2430 1395 2541 1451 τοῖς
2570 1394 2787 1462 ὁρατοῖς
2816 1394 2946 1446 αὐτὸ
2977 1395 3125 1448 τοῦτ’
3155 1391 3300 1448 εἶναι
3341 1395 3434 1448 καὶ
3470 1395 3648 1463 φαίνε-

2082 1484 2230 1538 σθαι.
2292 1485 2448 1555 Μὸνῃ
2503 1485 2612 1554 γὰρ
2663 1485 2729 1539 ἂν
2767 1481 2834 1556 ἦν
2892 1487 3121 1556 δυνάμει
3161 1486 3230 1540 τὰ
3293 1485 3434 1541 καλὰ
3485 1487 3575 1540 καὶ
3621 1487 3647 1537 ὁ

2081 1577 2384 1647 ὀφθαλμὸς,
2416 1577 2548 1631 αὐτὸ
2581 1576 2730 1631 τοῦθ’
2761 1579 2788 1632 ὃ
2820 1580 3118 1647 πεφύκασι,
3161 1579 3306 1633 καλὰ
3343 1580 3434 1634 καὶ
3461 1577 3648 1648 ὀφθαλ-

2086 1666 2206 1736 μὸς,
2231 1667 2510 1736 ,μηδαμῶς
2550 1685 2654 1720 που
2687 1669 2786 1738 τῆς
2817 1670 3038 1733 ἀκτῖνος
3062 1669 3122 1722 τὸ
3153 1669 3364 1739 ἑαυτῆς
3391 1667 3649 1738 χορηγοῦ⁴

2085 1776 2212 1828 σης.
2251 1758 2395 1814 Ἀλλ’
2436 1759 2600 1822 εἴτις
2638 1760 2847 1831 ταύτην
2877 1762 3102 1828 ἀμέσως
3134 1763 3269 1830 ὃλην
3318 1764 3429 1825 τοῖς
3455 1760 3650 1828 ὀφθαλ-

2087 1853 2208 1920 μοῖς
2265 1851 2515 1916 δέξαιτο,
2575 1853 2775 1923 ῥᾳδίως
2827 1854 2894 1908 ἂν
2947 1855 3046 1925 τὴν
3104 1855 3346 1924 ύπτικὴν
3404 1856 3649 1908 ἀπολέσει

2081 1942 2339 2012 δύναμιν.
2375 1945 2570 1998 Καίτοι
2607 1948 2803 2016 συχνόν
2828 1965 2950 2000 τινα
2979 1948 3174 2018 χρόνον
3205 1950 3322 2012 τοῖς
3363 1948 3650 2017 ὀφθαλμοῖς

2086 2034 2162 2105 μὴ
2199 2036 2490 2106 φανείσης,
2526 2037 2678 2091 ούδέν
2712 2039 2780 2091 ἂν
2811 2038 3026 2103 τούτοις
3063 2039 3307 2109 βλάπτον
3358 2040 3650 2107 ἐπεγένετο.

2094 2126 2267 2198 ’Υπὲρ
2308 2128 2363 2182 δὲ
2408 2129 2469 2182 τὸ
2525 2131 2725 2199 μέτρον
2760 2133 3179 2202 συγγεγονυίας,
3213 2133 3413 2187 αὐτίκα
3457 2132 3543 2184 καὶ
3575 2129 3652 2198 γί-

2083 2235 2274 2287 γνεται
2307 2221 2628 2291 παράδοξον,
2666 2224 2714 2276 εί
2761 2223 2822 2276 τὸ
2859 2225 3074 2294 ἥδιστον
3105 2226 3240 2295 ἡμῖν
3281 2225 3652 2293 τελευτήσειεν

2084 2312 2166 2373 είς
2197 2312 2401 2381 λύπην,
2437 2315 2532 2365 καὶ
2564 2312 2632 2366 δι’
2669 2315 2736 2384 ἢν
2764 2316 2897 2386 δρᾷν
2949 2315 3086 2382 ἔστι,
3138 2316 3208 2369 δι’
3252 2317 3424 2383 αὐτὴν
3461 2315 3552 2368 καὶ
3597 2313 3652 2366 τὸ

2082 2403 2216 2472 ὁρᾷν
2245 2403 2641 2474 ἀπολέσαιμεν.
2697 2406 2888 2476 ’Δέρος
2921 2407 3107 2476 μέντοι
3147 2409 3322 2478 χὼρὶς
3370 2407 3491 2460 οὐδὲ
3532 2405 3652 2473 γοῦν

2086 2493 2429 2564 βραχύτατον
2457 2497 2652 2566 χρόνον
2675 2495 2889 2553 ἔνεστιν
2926 2501 3077 2568 ἡμᾶς
3098 2499 3390 2569 διαρκέσαι
3418 2513 3435 2528 ο
3460 2497 3529 2550 ἐῶ
3551 2495 3649 2563 γὰρ

2085 2585 2224 2650 τέως
2254 2589 2453 2654 εἰπεῖν,
2486 2589 2562 2652 ὡς
2595 2591 2688 2644 καὶ
2719 2593 2898 2644 πάντα
2927 2593 2992 2645 ἂν
3039 2578 3250 2650 εὐθέως
3282 2589 3547 2650 ἀπόλωλε,
3583 2586 3650 2656 μὴ

2089 2679 2481 2750 περιχυθέντος
2508 2680 2741 2734 ἐκείνου.
2790 2683 2932 2736 Ἀλλ’
2965 2683 3030 2736 ἂν
3078 2684 3167 2736 καὶ
3202 2675 3360 2745 οὗτος
3391 2677 3649 2750 φορτικώο

2085 2786 2242 2839 τερον
2265 2771 2400 2841 ἡμῖν
2439 2772 2768 2844 ἐπιπνεύσῃ,
2804 2778 2900 2830 καὶ
2930 2776 3070 2845 μετὰ
3109 2776 3294 2848 ῥύμης
3331 2776 3413 2829 ὅτι
3464 2771 3651 2838 πολλῆς

2083 2862 2456 2936 ἐπιδιαδράμῃ
2497 2866 2688 2920 τᾶνδον
2723 2867 2812 2922 διὰ
2839 2870 2946 2924 τῶν
2971 2867 3148 2932 ὢτων,
3187 2869 3281 2923 διὰ
3315 2869 3423 2923 τῶν
3453 2865 3649 2937 μυκτή-

2089 2973 2219 3027 ρων,
2251 2957 2339 3010 διὰ
2367 2958 2461 3011 τοῦ
2492 2959 2782 3029 στόματος,
2817 2961 2892 3023 ὡς
2923 2963 2999 3032 μὴ
3040 2963 3346 3034 δυνηθῆναι
3381 2959 3652 3016 τοσύνολον

2087 3049 2369 3119 ἐκπέμψαι
2401 3050 2504 3120 μὲν
2555 3053 2740 3119 αὐτὸν,
2780 3054 3161 3123 ύπερζέσαντα
3195 3059 3263 3126 τῇ
3323 3055 3524 3124 φυσικῇ
3555 3051 3650 3104 τῶν

406 3150 574 3199 esset.
607 3142 808 3199 Verum
843 3145 887 3199 si
922 3153 976 3199 et
1008 3145 1096 3201 ille
1126 3149 1349 3216 gravius
1377 3164 1479 3205 nos
1508 3150 1790 3214 amaverit,
1821 3161 1875 3207 et
1906 3154 1985 3206 in-

2092 3143 2418 3214 σπλάγχνων
2441 3145 2766 3216 θερμότητι,
2793 3149 3004 3202 σπᾶσαι
3031 3148 3088 3201 δὲ
3119 3151 3218 3204 καλ⁵
3249 3144 3651 3214 ἀντεισαγαγεῖν

408 3245 570 3303 gente
603 3250 727 3289 cum
764 3236 967 3307 impetu
1004 3239 1084 3293 sic
1117 3239 1332 3295 interna
1367 3242 1736 3310 penetraverit
1769 3257 1863 3312 per
1895 3259 1990 3298 au-

411 3341 521 3392 res,
549 3342 642 3396 per
669 3344 848 3395 nares,
876 3345 974 3400 per
999 3347 1080 3394 os,
1110 3341 1167 3386 ut
1195 3349 1317 3388 eum
1344 3335 1564 3389 omnino
1591 3349 1690 3390 nec
1715 3337 1984 3403 emittere,

411 3418 646 3472 naturali
693 3419 960 3474 viscerum
1001 3421 1182 3477 calore
1222 3423 1605 3490 fervefactum,
1651 3441 1752 3481 nec
1799 3442 1989 3482 recen-

414 3516 559 3572 tem,
593 3510 683 3577 qui
717 3511 952 3566 calorem
992 3515 1214 3568 insitum
1252 3516 1565 3584 refrigeret,
1599 3519 1872 3572 attrahere
1909 3531 1990 3574 at-

414 3615 522 3668 que
546 3601 908 3659 intromitterc
933 3607 1225 3675 possimus,
1252 3608 1410 3664 facile
1433 3625 1621 3664 omnes
1646 3612 1986 3700 petierimus.

415 3694 510 3749 Sic
539 3696 718 3749 omnia
751 3699 890 3750 bona
919 3707 1044 3753 sunt
1070 3713 1188 3768 quae
1216 3699 1318 3754 rite
1345 3700 1498 3766 liunl,
1525 3717 1627 3755 nec
1651 3702 1857 3771 absque
1887 3694 1990 3756 hoc
2011 3717 2026 3731 ³

414 3787 732 3856 quidquam.
769 3787 902 3842 Nam
945 3800 999 3845 et
1041 3791 1284 3846 membra
1331 3793 1598 3864 corporis,
1635 3802 1690 3849 et
1730 3810 1990 3866 quatenu-

414 3892 522 3948 que
551 3880 735 3934 usibus
769 3881 960 3935 horum
992 3882 1270 3950 serviunt,
1301 3899 1399 3954 per
1428 3901 1485 3940 se
1516 3887 1653 3941 bona
1686 3897 1813 3942 sunt
1842 3898 1896 3942 et
1923 3889 1989 3942 ad

416 3971 616 4026 bonum
648 3970 812 4026 facta.
843 3971 981 4039 Quin
1013 3974 1177 4028 etiam
1211 3976 1578 4033 conditionem
1609 3994 1763 4033 suam
1801 3981 1988 4035 mode-

415 4065 625 4118 ratione
650 4073 868 4119 servant
891 4081 1044 4132 ;nam
1068 4066 1184 4120 solo
1207 4082 1453 4136 excessu,
1479 4071 1561 4124 vel
1584 4071 1796 4126 defectu
1824 4072 1988 4138 illius,

413 4159 557 4226 quod
596 4158 710 4213 fieri
749 4175 846 4228 par
877 4168 1026 4225 erat,
1063 4171 1170 4216 tam
1209 4165 1324 4232 ipsa
1361 4165 1600 4218 membra
1637 4180 1758 4234 quae
1778 4176 1988 4234 agunt,

413 4265 578 4318 quam
618 4266 738 4320 quae
772 4267 868 4321 per
901 4267 963 4307 ea
1001 4253 1329 4323 efﬁciuntur,
1364 4271 1486 4313 esse
1525 4258 1986 4328 mala'putantur,

415 4357 540 4394 cum
591 4358 933 4413 nequaquam
981 4347 1110 4402 sint.
1159 4349 1368 4405 Etenim
1419 4351 1562 4420 quod
1612 4352 1839 4406 nimium
1887 4361 1990 4418 est,

413 4433 672 4503 quodque
706 4451 916 4505 parum,
947 4439 1142 4510 ubique
1175 4451 1356 4508 nocet,
1384 4447 1458 4498 uti
1487 4445 1598 4514 jam
1631 4454 1760 4498 ante
1787 4447 1989 4500 dictum

413 4537 519 4584 est.
540 4530 608 4584 At
631 4531 717 4584 illa
746 4546 841 4602 per
863 4531 1015 4587 istaec
1041 4536 1401 4591 instrumenta
1422 4552 1808 4605 nonnunquam
1832 4538 1987 4604 fiunt,

414 4639 806 4694 nonnunquam
851 4627 1061 4683 ratione
1103 4630 1378 4694 materiae,
1416 4644 1537 4698 quae
1577 4630 1987 4696 instrumentis,

415 4717 518 4770 hoc
550 4727 632 4772 est
664 4719 957 4783 membris,
992 4721 1183 4788 agendi
1219 4721 1324 4775 vim
1359 4721 1702 4790 suppeditat;
1737 4736 1992 4777 nonnun-

415 4821 575 4875 quam
622 4823 690 4862 ex
739 4811 910 4878 ipsius
953 4811 1118 4863 animi
1169 4810 1462 4866 sententia.
1505 4810 1623 4866 Non
1673 4820 1854 4868 tamen
1900 4813 1992 4868 illa

385 4899 540 4964 'quis
585 4899 705 4968 jure
748 4902 1175 4971 vituperaverit,
1221 4904 1436 4972 Opinor,
1484 4901 1535 4956 in
1581 4902 1684 4956 ulla
1730 4920 1788 4958 re
1835 4923 1848 4960 :
1899 4920 1998 4960 uec

413 4989 558 5043 enim
593 4991 869 5052 materies,
901 5007 1019 5060 qum
1048 5006 1242 5060 expers
1271 5002 1354 5045 est
1383 4993 1571 5058 animi,
1606 4995 1870 5064 culpanda
1902 5013 1997 5052 ve-

413 5080 516 5142 nit,
549 5095 646 5134 uec
680 5083 945 5144 membra,
975 5082 1069 5136 sed
1100 5097 1319 5135 movens
1347 5082 1495 5137 istaec
1520 5085 1754 5149 animus,
1784 5087 1870 5155 qui
1907 5103 1996 5141 ar-

417 5171 620 5223 bitratu
653 5187 750 5225 suo
781 5183 1046 5233 movetur,
1080 5173 1147 5227 ad
1182 5175 1402 5227 meliora
1434 5176 1652 5242 quidem
1688 5192 1808 5231 cum
1843 5192 1870 5231 a
1910 5193 1996 5231 ra-

417 5264 565 5314 tione
595 5264 951 5330 gubernatur,
986 5265 1050 5319 ad
1084 5266 1356 5319 deteriora
1387 5281 1514 5320 vero
1546 5283 1669 5321 cum
1706 5267 1896 5322 brutas
1928 5267 1996 5322 ad

419 5365 601 5422 partes
636 5357 808 5426 magis
840 5359 1156 5426 prupettdet.
1188 5358 1551 5424 Quamobrem
1583 5361 1648 5415 de
1681 5361 1891 5415 duobus
1922 5360 2000 5414 al-

421 5459 594 5500 terum
630 5461 910 5518 sequetur,
941 5450 1026 5516 vel
1062 5459 1118 5504 ut
1154 5452 1376 5506 minime
1408 5454 1478 5506 sit
1510 5453 1816 5508 accusanda
1852 5453 2000 5506 volu-

421 5553 564 5609 ptas,
601 5543 814 5609 quoties
853 5545 1045 5599 modus
1081 5559 1109 5597 a
1147 5544 1300 5600 nobis
1336 5545 1652 5617 negligitur,
1689 5547 1998 5615 progressis

422 5634 652 5688 ulterius
680 5650 840 5703 quam
871 5651 965 5704 par
995 5637 1167 5693 fuerat
1201 5657 1214 5693 :
1247 5638 1330 5692 vel
1361 5649 1418 5692 ut
1452 5641 1588 5694 idem
1619 5641 1808 5693 eodem
1843 5640 2001 5691 modo

423 5727 492 5781 de
523 5729 720 5781 creatis
755 5731 1020 5786 universis
1053 5733 1179 5798 ﬁat;
1217 5733 1321 5787 imo
1356 5733 1572 5803 potius,
1607 5733 1806 5786 creatis
1837 5732 2003 5785 Omis—

423 5821 538 5888 δίει
569 5819 884 5878 (Ϊ-Γνὲιυτοιιι
922 5825 1094 5896 ipsum
1132 5828 1467 5885 cavillcmur.
1510 5825 1638 5879 Nam
1678 5826 1767 5895 qui
1807 5824 1999 5879 noxio-

2089 3235 2454 3306 νεαρώτερον,
2487 3237 2726 3306 ψύξοντα
2753 3238 2854 3308 τὴν
2883 3238 3126 3308 ἔμφυτον
3157 3240 3398 3312 θέρμην,
3430 3234 3651 3306 εὐχερεῖς

2087 3328 2154 3382 ἂν
2193 3327 2435 3392 ἅπαντες
2459 3330 2848 3401 ἀπολώλαμεν.
2883 3331 3039 3384 Οὕτω
3069 3332 3258 3386 πάντα
3296 3331 3494 3402 ἀγαθὰ,
3529 3325 3657 3397 μετά

2088 3423 2285 3492 καιροῦ
2325 3426 2716 3494 πεπραγμένα,
2752 3427 2850 3478 καὶ
2906 3426 3058 3479 οὐδὲν
3097 3427 3228 3480 ἄνευ
3303 3428 3513 3481 τούτου.
3562 3421 3662 3474 Καὶ

2092 3514 2227 3584 μέλη
2263 3514 2370 3585 γάρ
2420 3514 2516 3568 τοῦ
2572 3517 2848 3587 σώματος,
2889 3519 2988 3572 καὶ
3041 3519 3185 3582 ὅσοις
3235 3519 3448 3590 χρῆται
3496 3515 3658 3578 ταυτὶ,

2089 3607 2272 3674 ἀγαθὰ
2324 3609 2386 3660 τὸ
2435 3609 2562 3662 καθ’
2597 3610 2760 3676 αὐτὰ,
2799 3611 2894 3664 καὶ
2930 3612 3018 3663 ἐπ’
3064 3611 3264 3681 ἀγαθῴ
3311 3603 3518 3679 γέγονε.
3563 3606 3660 3660 Καὶ

2093 3698 2279 3769 μέντοι
2305 3715 2367 3765 γε
2409 3701 2504 3751 καὶ
2535 3699 2700 3764 σώζει
2725 3699 2825 3770 τὴν
2856 3699 3012 3767 τάξιν
3039 3703 3105 3769 τῇ
3151 3702 3494 3770 συμμετρίᾳ.
3524 3697 3658 3765 Μόνη

2089 3793 2198 3863 γὰρ
2227 3792 2517 3864 πλεονεξίᾳ
2543 3793 2575 3864 ἢ
2620 3793 2801 3864 ἐνδείᾳ
2827 3794 2922 3847 τοῦ
2954 3797 3305 3863 καθήκοντος
3345 3797 3413 3849 τά
3439 3812 3494 3847 τε
3522 3794 3658 3854 ἐνερ-

2090 3881 2293 3948 γοῦντα
2323 3883 2483 3953 μέλη,
2529 3885 2626 3936 καὶ
2655 3884 2724 3936 τὰ
2755 3884 2827 3936 δι’
2855 3885 3038 3938 αὐτῶν
3070 3886 3472 3956 ἐνεργούμενα,
3515 3877 3655 3946 νομί·

2091 3973 2249 4038 ζεται
2301 3977 2451 4030 κακὰ
2479 3971 2642 4042 εῖναι,
2681 3976 2908 4047 μηδαμῆ
2964 3977 3231 4046 μηδαμῶς
3265 3979 3424 4032 ὄντα.
3461 3973 3529 4026 Τὸ
3557 3969 3653 4037 γὰρ

2091 4066 2415 4132 πλεονάζον,
2450 4067 2549 4121 καὶ
2595 4068 2655 4120 τὸ
2686 4068 2957 4134 ἐλλεῖπον,
2982 4067 3136 4120 τοῦτ’
3180 4068 3307 4122 ἔστι
3347 4071 3406 4122 τὸ
3439 4066 3655 4136 βλάπτον

2093 4157 2545 4228 ἁπανταχοῦίιῖκ
2571 4157 2712 4226 ἔφθη
2747 4175 2811 4226 γε
2837 4157 2995 4210 τοῦτο
3024 4157 3214 4227 ῥηθέν.
3259 4157 3448 4213 Ταῦτα
3474 4157 3517 4208 δ’
3552 4155 3656 4206 ἔστι

2098 4249 2196 4318 μὲν
2228 4251 2317 4303 διὰ
2343 4249 2455 4301 τῶν
2488 4249 2738 4319 ὀργάνων
2767 4249 2977 4303 τούτων
3009 4250 3176 4302 ἐνίοτε
3210 4253 3530 4322 γιγνόμενα,
3553 4245 3657 4298 ἐστι

2093 4340 2151 4394 δὲ
2182 4341 2269 4393 διὰ
2301 4339 2400 4409 τὴν
2435 4338 2592 4410 ὓλην,
2622 4340 2655 4409 ἡ
2691 4341 2922 4411 παρέχει
2957 4344 3070 4404 τοῖς
3103 4341 3383 4412 ὀργάνοις,
3426 4337 3655 4394 τουτέστι

2095 4435 2210 4494 τοῖς
2244 4431 2488 4500 μέλεσιν,
2527 4434 2774 4502 ἐνεργεῖν
2801 4450 2814 4464 ·
2846 4433 2962 4486 ἔστι
2989 4433 3047 4486 δὲ
3091 4433 3182 4487 διὰ
3214 4433 3318 4503 τὴν
3351 4437 3407 4487 ἐν
3437 4434 3498 4501 τῇ
3521 4425 3653 4499 ψυχῇ

2101 4526 2347 4596 γνώμην.
2387 4527 2463 4579 Ού
2511 4527 2618 4596 μὴν
2650 4529 2880 4590 ἐκείνοις
2931 4527 3200 4598 μέμψαιτ’
3233 4531 3301 4584 ἄν
3348 4547 3446 4593 τις,
3497 4521 3654 4591 οἶμαι.

2098 4619 2324 4683 δικαίως
2353 4620 2439 4672 ἐπ’
2467 4621 2644 4673 οὐδενὶ
2670 4622 2779 4674 τῶν
2808 4622 3090 4676 ἁπάντων.
3118 4621 3254 4674 θύτε
3281 4624 3389 4691 γὰρ
3415 4619 3510 4688 τὴν
3537 4614 3655 4679 ὕλην

2099 4711 2305 4781 ἄψυχον
2358 4709 2542 4778 οὖσαν,
2581 4713 2706 4766 οὔτε
2756 4713 2825 4766 τὰ
2875 4713 3036 4784 μέλη,
3078 4714 3226 4782 ἀλλὰ·
3273 4715 3373 4784 τὴν
3419 4707 3654 4763 κινοῦσαν

2099 4806 2272 4859 ταῦτα
2303 4806 2484 4878 ψυχήν
2509 4823 2522 4836 '
2560 4808 2592 4877 ἢ
2621 4809 2858 4860 κινεῖται
2895 4809 3214 4886 προαιρέσει
3255 4801 3348 4860 ἐτίτὶ
3382 4805 3446 4858 τὰ
3479 4794 3654 4886 βελτίω

2107 4898 2230 4968 μὲν,
2277 4899 2422 4970 λόγῳ
2453 4899 2870 4970 κυϐερνωμένη,
2905 4882 3016 4952 ἐπὶ.
3040 4902 3106 4952 τὰ
3143 4901 3315 4970 χείρω
3342 4900 3416 4963 δὲ,
3449 4890 3576 4961 πρὸς
3601 4882 3656 4935 τδ

2103 4991 2445 5061 ἀλογώτερον
2488 4992 2589 5061 τὴν
2621 4991 2798 5062 ὁρμὴν
2845 4991 3066 5060 ἔχουσα.
3097 4994 3262 5045 Ὥστε
3312 4993 3456 5047 δυοῖν
3507 4981 3653 5036 θὰτε·

2105 5103 2200 5156 ρον
2360 5083 2498 5154 μηδέ
2529 5083 2629 5152 τὴν
2679 5083 2872 5153 ἡδονὴν
2927 5083 3245 5153 διαϐλητέον
3277 5076 3484 5142 ἂνεῖη,
3535 5062 3652 5165 1MP:

2102 5177 2259 5246 ἡμῶν
2308 5174 2708 5245 ἁτιμασθέντος
2740 5175 2833 5226 τοῦ
2865 5175 3090 5242 μέτρου,
3126 5174 3200 5239 ὡς
3244 5170 3544 5244 περαιτέρω
3567 5171 3650 5258 τξυ

2101 5269 2434 5337 γιγνομένου
2484 5267 2932 5336 προὸεόηκότων,
2964 5267 2997 5334 ἦ
3045 5267 3139 5318 καὶ
3189 5268 3366 5319 πᾶσαν
3412 5258 3531 5325 ἑξῆς
3567 5259 3651 5316 την

2103 5363 2287 5415 κτίσιν
2319 5360 2413 5412 τὸν
2451 5360 2567 5413 ἴσον
2604 5359 2828 5428 τρόπον.
2859 5359 3079 5412 Μᾶλλον
3111 5358 3167 5410 δέ
3194 5357 3396 5424 ταύτην
3423 5347 3648 5416 ἁφέντεξν

2103 5456 2195 5507 τῖεν
2229 5454 2465 5523 ποιητὴν
2516 5453 2894 5524 διασύρωμεν.
2945 5453 3004 5504 Ὀ
3035 5451 3141 5518 γὰρ
3181 5450 3290 5503 τῶν
3339 5439 3652 5518 βλαπτόντων

2107 5542 2447 5612 δημιουργὸς
2477 5543 2650 5603 αἴτιος
2681 5543 2941 5610 ἄντικρυς
2966 5540 3074 5592 τῶν
3103 5539 3312 5602 κακῶν,
3345 5537 3480 5600 ἅπερ
3505 5527 3652 5612 ἀναΥξ

2109 5637 2281 5697 καίως
2324 5636 2388 5688 ἂν
2425 5637 2559 5702 παρ’
2610 5634 2838 5688 ἐκείνων
2871 5634 3135 5700 γένοιντο.
3186 5632 3375 5683 Καίτοι
3419 5625 3462 5676 εἰ
3491 5616 3570 5669 διὰ
3591 5605 3650 5661 τὰ

2115 5731 2424 5800 βλάπτοντα
2477 5729 2641 5782 αὐτον
2685 5726 3076 5796 αἰτιασόμεθα,
3115 5723 3325 5777 δίκαιόν
3368 5719 3476 5770 ἐστι
3524 5717 3652 5802 παρέ*

2121 5795 2318 5891 πληθὲς
2353 5822 2446 5874 καὶ
2481 5821 2547 5874 δι’
2594 5819 2834 5874 αὐτὰτὰ
2870 5795 3226 5890 βλαπτόμενοι
3257 5811 3456 5869 ἐκεῖνον
3496 5795 3555 5854 αὖ
3580 5795 3652 5846 σία
