3958 6418
211 455 231 476 χ
310 370 411 437 47⁸1

1753 379 2036 444 ORATIO
2078 385 2142 446 V.

3395 421 3404 429 -
3479 387 3586 451 478

313 486 560 554 stactam,
612 493 840 544 τοιαῦτα
878 494 1012 564 παρ’
1059 495 1226 550 αὔτοῦ
1276 497 1560 566 γεγονότα,
1603 499 1680 564 ώς
1731 499 1806 570 μὴ
1839 501 1897 553 τδ

2005 517 2124 556 rum
2158 501 2410 558 conditor
2441 511 2550 570 est,
2583 503 2726 558 haud
2757 501 2920 560 dubie
2951 502 3218 558 malorum
3251 511 3332 557 est
3364 512 3579 569 auctor,

313 578 556 648 βλάπτον
583 596 645 632 τε
681 582 777 634 καὶ
801 582 970 636 κακὸν
1000 580 1089 638 οἷά
1116 603 1174 639 τε
1207 583 1346 641 εἶναι
1375 590 1808 661 ὲκκρούσασθαι.
1836 591 1898 644 Ei

312 670 371 724 δὲ
398 672 558 724 τοῦτο
592 672 797 727 ἄτοπόν
824 692 906 730 σοι
938 678 1108 743 δοκεῖ,
1137 682 1232 733 καὶ
1263 681 1362 734 οὐκ
1393 682 1460 736 ἂν
1491 683 1683 747 ’δέξαιο
1717 684 1898 751 λέγειν

313 763 479 830 (καλὰ
503 764 612 835 γὰρ
655 767 872 821 ἅπαντα
907 771 1101 838 φήσεις
1134 772 1202 824 τὰ
1249 773 1312 826 ὲκ
1341 773 1524 844 Θεοῦ),
1568 776 1771 830 ἄτοπον
1804 775 1899 830 καὶ

311 857 373 906 τὸ
405 857 505 923 τὴν
541 858 736 926 ἡδονὴν
781 859 1090 931 διασύρειν,
1121 864 1264 934 ὑπὲρ
1296 866 1504 933 ἀγαθοῦ
1553 869 1735 937 σοφῶς
1763 870 1896 939 ἡμῖν

311 947 813 1020 δεδομένηνάθύδὲν
841 953 949 1022 γὰρ
982 955 1185 1021 ταύτης
1212 957 1461 1024 ἀπούσης
1485 955 1633 1030 εἶχεν
1666 962 1731 1014 ἂν
1765 979 1894 1014 συν-

315 1042 570 1096 ίστασθαι
611 1045 721 1097 τῶν
754 1046 812 1098 ὲν
843 1047 1098 1116 αἰσθήσει
1133 1066 1193 1102 τε
1256 1051 1352 1105 καὶ
1403 1050 1540 1122 ζωῇ.
1569 1053 1756 1108 Πάντα
1785 1055 1895 1126 γάρ

313 1134 571 1196 ἐπὶπονα,
600 1135 669 1186 τά
698 1139 760 1206 τῇ
797 1135 907 1206 ζωῇ
943 1137 1249 1206 βοηθοῦντα
1275 1156 1289 1172 ⁸
1319 1143 1425 1196 κᾶν
1452 1144 1659 1216 ἀφέλῃς
1685 1146 1744 1198 τὸ
1768 1147 1893 1216 ἡδὺ,

312 1227 466 1279 οῦδὲν
500 1228 727 1287 ἐκείνων
775 1230 1046 1298 ἐφάψεται
1081 1233 1417 1299 οὑτινοσοῦν,
1449 1237 1611 1290 πόνον
1654 1237 1892 1308 ἔχονιῶς.

313 1319 608 1391 Συνίστησι
632 1321 687 1374 δέ
721 1339 821 1389 μου
849 1323 940 1375 τὸν
967 1324 1126 1392 λόγον
1155 1328 1222 1380 τὰ
1251 1327 1374 1382 καθ’
1397 1329 1548 1398 ἡμᾶς
1570 1329 1894 1400 πράγματα.

323 1413 518 1481 Ἡμεῖς
543 1413 651 1482 γὰρ
675 1413 790 1468 οὔτ’
819 1416 1100 1485 ἐσθίομεν,
1131 1418 1258 1472 οὕτε
1295 1422 1546 1492 πίνομεν,
1577 1423 1679 1492 τῆς
1701 1425 1896 1494 ἡδονῆς

316 1505 392 1574 μὴ
427 1505 912 1578 προτρεπομένης.
943 1509 1057 1563 Καὶ
1076 1511 1137 1563 τὸ
1169 1511 1453 1581 Θαυμάσαι
1478 1513 1712 1579 δίκαιον,
1748 1517 1898 1568 ἒπει-

311 1597 408 1652 δάν
452 1599 785 1671 ὑπερκορεϊς
811 1601 920 1656 τῶν
953 1605 1174 1674 τροφῶν
1213 1607 1529 1676 γενώμεθα,
1565 1610 1662 1662 καὶ
1683 1609 1750 1663 τά
1784 1610 1898 1680 ἧδιο

314 1707 414 1744 στα
447 1692 626 1746 πάντα
666 1695 1156 1766 ἀποστρεφόμεθα,
1188 1699 1286 1752 καὶ
1320 1700 1523 1769 μᾶλλον
1545 1702 1611 1756 ἂν
1639 1701 1895 1772 ἑλοίμεθα

313 1785 531 1854 πληγὰς
556 1786 632 1855 τῷ
668 1787 882 1856 σώματι
912 1787 1174 1853 δέξασθαι
1211 1791 1243 1863 ἢ
1286 1792 1365 1864 τῷ
1396 1795 1627 1864 στόματι
1661 1797 1888 1866 τροφήν.

311 1877 374 1932 Ei
410 1878 468 1932 δὲ
507 1879 692 1933 καὶτὸ
725 1881 858 1951 παρ’
895 1883 1030 1953 ἡμῖν
1076 1884 1367 1954 ὀρεκτικόν
1410 1903 1468 1940 τε
1502 1888 1598 1941 καὶ
1641 1864 1901 1941 ἑλκτικὴν·
1930 1864 1970 1922 Β

311 1970 407 2024 τοῦ
441 1972 749 2040 πεφυκότος
778 1976 1331 2047 παρεκτραπὴσεται,
1362 1977 1775 2048 παραινούντων
1800 1979 1902 2044 μὲν

315 2064 542 2135 ἰατρῶν,
574 2066 1042 2134 παρακαλούντων
1066 2068 1122 2121 δὲ
1161 2068 1358 2138 φίλων,
1387 2070 1568 2125 πάντα
1598 2072 1900 2123 ποιούντων

308 2159 420 2214 τῶν
460 2159 764 2227 συγγενῶν,
821 2161 1054 2232 οὐδεμία
1106 2160 1324 2231 μηχανὴ
1366 2161 1573 2229 γένοιτ’
1605 2161 1670 2216 ἂν
1713 2162 1896 2232 ίκανὴ,

307 2251 431 2304 οὐδὲ
463 2251 650 2319 φόϐος,
682 2252 757 2316 ώς
791 2253 1092 2306 ἀναπεῖσαι
1138 2253 1441 2322 δυνηθῆναι
1491 2254 1615 2315 ταῖς
1648 2252 1759 2305 τῶν
1795 2271 1898 2324 κη-

307 2342 552 2411 δομένων
604 2344 1003 2413 παραινέσεσιν
1050 2339 1213 2409 εἶξαι.
1258 2343 1402 2398 Ἀλλ’
1443 2344 1649 2409 εἰδότες
1687 2343 1763 2407 ὡς
1798 2361 1891 2397 τεο

307 2431 640 2504 θνηξόμεθα,
687 2435 736 2488 εί
776 2433 852 2504 μὴ
883 2434 1147 2505 λάϐοιμεν
1181 2433 1414 2506 τροφὴν,
1450 2436 1614 2502 ἡμεῖς
1663 2433 1722 2488 δὲ
1757 2433 1890 2504 θνή-

308 2541 515 2592 σκομεν
547 2525 622 2596 μὴ
647 2525 930 2589 λαϐόντες.

2001 609 2124 665 quae
2157 595 2464 649 necessario
2498 595 2707 649 scilicet
2740 595 2808 649 ab
2844 595 2950 651 illis
2990 595 3144 650 fiunt.
3180 595 3342 663 Atqui
3378 596 3421 648 si
3456 610 3583 649 eum

2001 694 2228 756 propter
2262 687 2419 741 noxia
2457 687 2832 756 culpabimus,
2870 687 3425 756 plenissimejustum
3461 697 3582 752 est,

2001 780 2249 834 eumdem
2278 787 2334 835 et
2361 779 2609 834 laesorum
2639 781 2857 835 nomine
2882 780 3112 850 culpari,
3168 782 3261 850 qni
3295 781 3419 834 talia
3451 796 3587 835 con-

2001 873 2224 938 diderit,
2261 883 2320 927 ut
2363 873 2623 943 quidquid
2673 875 2893 927 noxium
2941 883 3104 942 alque
3141 875 3338 926 malum
3375 883 3456 926 est
3492 890 3585 928 re-

2000 963 2203 1034 pellere
2242 975 2532 1033 nequeant.
2570 963 2664 1018 Sin
2703 963 2844 1018 istud
2881 964 3176 1018 absurdum
3213 964 3308 1017 tibi
3347 966 3582 1031 videtur,

2001 1058 2244 1127 qni'tale
2285 1059 2412 1127 quid
2459 1058 2704 1130 proferre
2748 1074 2855 1113 non
2899 1057 3173 1114 sustineas
3215 1059 3361 1126 (nam
3402 1059 3585 1112 omnia

2000 1149 2142 1206 facta
2184 1151 2446 1206 divinitus
2482 1153 2621 1206 bona
2658 1167 2780 1207 esse
2843 1149 3152 1220 fateberis),
3190 1152 3351 1206 etiam
3392 1152 3589 1205 absur-

1999 1242 2126 1297 dum
2176 1253 2260 1298 est
2303 1244 2634 1313 voluptatem
2685 1243 2999 1306 criminari,
3047 1247 3206 1312 plane
3254 1243 3377 1297 boni
3424 1258 3587 1298 causa

2001 1335 2158 1391 nobis
2191 1350 2529 1392 concessam.
2563 1335 2776 1390 Etenim
2811 1339 3019 1407 alisque
3052 1338 3183 1400 hac,
3217 1335 3348 1389 nihil
3383 1351 3545 1390 sensu
3570 1375 3585 1400 ,

1999 1428 2133 1482 nihil
2160 1431 2268 1483 vita
2299 1414 2582 1497 praeditum
2613 1440 2863 1483 constare
2895 1439 3096 1498 posset.
3129 1428 3268 1483 Sunt
3295 1428 3440 1481 enim
3473 1442 3590 1480 οιιι-

1999 1519 2087 1574 nia
2156 1519 2424 1576 laboriosa
2460 1535 2581 1589 qua:
2622 1519 2747 1573 vitae
2784 1519 3140 1589 opitulantur,
3178 1534 3244 1574 ac
3280 1519 3324 1572 si
3366 1518 3585 1586 quidem

1997 1611 2330 1680 voluptatem
2365 1612 2680 1674 abstuleris,
2716 1611 3049 1666 laboriosum
3081 1611 3305 1664 omnino
3337 1609 3472 1663 nihil
3505 1619 3590 1663 at-

2001 1703 2232 1772 tingent.
2261 1702 2436 1770 Atque
2463 1703 2602 1756 hanc
2627 1703 2930 1757 orationem
2962 1717 3134 1754 meam
3168 1717 3252 1755 res
3279 1701 3415 1770 ipsa:
3445 1715 3592 1753 mor-

2003 1795 2188 1850 talium
2218 1793 2567 1849 confirmant.
2601 1793 2708 1848 Nos
2731 1795 2874 1849 enim
2905 1808 3084 1864 neque
3112 1793 3472 1858 comedimus,
3500 1807 3596 1848 ue-

2003 1903 2108 1956 quc
2137 1887 2396 1952 bibimus,
2422 1888 2527 1942 nisi
2559 1886 2812 1956 voluptas
2845 1888 3052 1940 incitet.
3085 1885 3151 1938 Et
3176 1885 3319 1954 quod
3351 1885 3597 1939 admirao

2003 1978 2204 2034 tionem
2237 1987 2500 2042 meretur,
2535 1993 2656 2032 cum
2689 1978 2937 2033 ciborum
2969 1993 3069 2032 nos
3097 1977 3304 2046 ceperit
3335 1980 3557 2032 satietas
3577 2016 3593 2042 ,

2001 2073 2164 2127 etiam
2187 2069 2584 2138 iucundissima
2613 2071 2872 2138 quaslibet
2897 2083 3244 2133 aversamur,
3274 2083 3337 2122 ac
3362 2069 3596 2123 verbera

2000 2178 2232 2235 corpore
2260 2164 2542 2218 mallemus
2569 2163 2825 2232 excipere
2849 2177 3011 2231 quam
3035 2177 3134 2216 ore
3163 2160 3592 2216 nutrimentum.

1998 2256 2152 2323 Quod
2186 2256 2230 2312 si
2265 2257 2429 2311 etiam
2463 2257 2544 2315 vis
2577 2256 2630 2310 in
2666 2255 2826 2310 nobis
2857 2266 3123 2324 appetens
3154 2262 3209 2308 et
3241 2255 3526 2308 attrahens
3561 2269 3594 2308 a

1998 2349 2187 2405 nativo
2229 2359 2372 2405 statu
2418 2348 2720 2412 deﬂexerit,
2769 2347 3120 2402 monentibus
3166 2346 3416 2413 medicis,
3467 2345 3598 2399 bor-

1997 2443 2238 2498 tantibus
2269 2438 2495 2506 amicis,
2531 2441 2774 2510 cognatis
2803 2441 2982 2495 omnia
3016 2441 3376 2505 facientibus,
3410 2448 3596 2493 tamen

1997 2548 2096 2588 nec
2125 2549 2214 2588 ars
2242 2532 2516 2588 suffecerit
2545 2532 2684 2596 ulla,
2719 2546 2818 2586 nec
2849 2540 3032 2586 metus
3051 2571 3067 2596 ,
3099 2539 3160 2585 ut
3185 2545 3331 2602 aegro
3361 2544 3597 2600 persua-

307 2621 421 2677 deri
463 2622 674 2692 possit,
711 2622 1109 2678 monitionibus
1151 2623 1370 2678 iilorum
1393 2660 1408 2686 ,
1443 2623 1535 2693 qui
1575 2638 1764 2678 curam
1801 2624 1919 2695 ejus
1949 2636 2175 2696 gerant,
2211 2625 2513 2680 cedendum
2558 2638 2702 2680 esse.
2739 2625 2857 2679 lmo
2899 2623 3113 2678 tametsi
3160 2622 3318 2679 nobis
3357 2621 3598 2678 morien-

308 2720 435 2774 dum
473 2723 724 2777 norimus
758 2721 863 2775 nisi
901 2720 1084 2775 cibum
1124 2721 1522 2790 sumpserimus
1543 2761 1558 2787 ,
1599 2731 1780 2776 tamen
1819 2736 1888 2778 eo
1917 2722 2202 2793 repudiato
2234 2721 2417 2792 potius
2449 2731 2678 2776 mortem
2707 2718 3035 2790 oppetimus.

378 2809 551 2866 Ὅταν
580 2813 762 2866 τοίνυν
808 2811 984 2875 οὕτως
1024 2811 1125 2883 ἔχῃ
1163 2812 1232 2865 τὰ
1261 2813 1372 2866 τῶν
1419 2813 1658 2882 λογικῶν
1705 2813 1892 2882 πράγ-

309 2922 480 2976 ματα,
508 2906 536 2958 ὁ
563 2905 740 2977 ἰχθὺς,
772 2909 868 2959 καὶ
905 2908 967 2960 τὸ
993 2906 1218 2976 πτηνὸν,
1266 2907 1360 2960 καὶ
1387 2909 1414 2960 ὁ
1463 2907 1631 2969 ἵππος
1679 2907 1795 2971 πῶς
1825 2907 1892 2962 ἄν

303 3013 360 3050 τι
386 2996 614 3067 δέδρακε
652 2997 929 3069 μοχθηρὸν
965 2997 999 3068 ἢ
1031 2997 1292 3068 ἐργῶδες,
1330 2998 1406 3069 μὴ
1445 2998 1544 3068 τῆς
1585 2999 1780 3069 ἡδονῆς
1811 3000 1894 3062 είς

305 3088 467 3143 τοῦτο
517 3075 987 3162 παρακαλούσηςς
1025 3091 1227 3144 Ἐσθῑει
1264 3091 1374 3163 γὰρ
1411 3091 1474 3144 τὸ
1527 3091 1725 3160 ἄλογον
1766 3091 1892 3161 οὐχὶ

305 3181 401 3236 τοῦ
455 3181 557 3256 ζῇν
610 3183 775 3237 ἕνεκα
828 3183 1057 3255 (πόθενς
1097 3183 1295 3238 πολλοῦ
1351 3201 1414 3254 γε
1455 3187 1547 3238 καὶ
1599 3185 1724 3254 δεῖ),
1769 3183 1888 3238 ἀλλ’

305 3278 502 3349 ὅτιπερ
531 3279 872 3350 τρεφόμενον
903 3279 1113 3349 ἥδεται,
1152 3281 1250 3351 ἡδὺ
1308 3279 1594 3343 ποιοῦντος
1629 3279 1725 3333 τοῦ
1771 3280 1890 3334 λαι-

2072 2813 2209 2869 Cum
2239 2813 2404 2884 igitur
2431 2813 2639 2868 ratione
2667 2812 3019 2882 praeditorum
3051 2823 3140 2866 res
3169 2809 3240 2864 ita
3270 2817 3600 2878 comparatae

2001 2905 2130 2969 sint,
2155 2920 2390 2974 quonam
2415 2911 2572 2974 pacto
2599 2903 2792 2974 piscis,
2818 2911 2872 2957 et
2897 2901 3032 2963 avis,
3063 2910 3118 2956 et
3141 2914 3340 2970 equus,
3362 2900 3599 2955 laborio-

2000 3013 2120 3054 sum
2154 2999 2237 3052 vel
2267 3013 2556 3068 operosum
2591 2997 2792 3067 aliquid
2828 2997 3019 3050 fecerit
3041 3033 3055 3058 ,
3095 3009 3202 3049 non
3236 2993 3500 3050 incitante
3530 2992 3600 3048 ad

2000 3092 2104 3147 hoc
2135 3092 2440 3157 voluptate?
2465 3090 2717 3146 Comedit
2754 3091 2924 3153 enim,
2955 3088 3100 3158 quod
3138 3088 3366 3145 rationis
3398 3101 3598 3158 expers

1999 3195 2116 3248 est,
2149 3200 2254 3240 non
2288 3193 2347 3240 ut
2377 3185 2524 3240 vivat
2551 3183 2861 3250 (undenam
2895 3183 3084 3238 istuc?
3118 3182 3346 3237 minime
3377 3182 3598 3250 quidem

1997 3274 2216 3344 certe),
2251 3274 2345 3330 sed
2387 3275 2514 3342 quia
2556 3275 2622 3328 de
2662 3273 2996 3327 nutrimento
3034 3270 3379 3338 voluptatem
3421 3270 3603 3340 perci-

309 3369 416 3440 μοῦ
448 3348 653 3442 φυσικῇ
686 3348 793 3424 τινι
819 3348 1062 3424 διαθέσει
1094 3348 1269 3425 τὸ”δι’
1296 3371 1462 3425 αὑτοῦ
1499 3371 1638 3438 πρὸς
1665 3373 1766 3443 τὴν
1793 3389 1895 3440 γα-

2002 3365 2099 3434 pit,
2119 3365 2246 3420 dum
2267 3366 2390 3433 gula
2409 3365 2640 3420 naturali
2663 3364 2898 3435 quadam
2920 3363 3212 3418 affectione
3233 3377 3399 3419 suave
3421 3365 3600 3420 reddit

308 3467 476 3536 στέρα
509 3465 1036 3536 καταπεμπόμενον.
1075 3465 1504 3534 Ἐπισυμϐαίνει
1533 3465 1591 3519 δὲ
1620 3465 1803 3520 αὐτῶν
1836 3465 1896 3520 τὸ

306 3558 408 3631 ζῇν
436 3561 544 3614 ἀπὸ
592 3560 694 3630 τῆς
742 3561 975 3630 τροφῆς.
1016 3559 1124 3614 Καὶ
1147 3560 1383 3632 τόνιῖσον
1427 3560 1590 3612 πάλιν
1635 3563 1895 3631 μίγνυται

305 3655 528 3724 τρόπον.
575 3655 650 3708 Οὐ
681 3642 790 3724 γὰρ
835 3652 922 3706 ἵνα
978 3652 1054 3724 μὴ
1088 3655 1150 3706 τδ
1183 3654 1341 3720 γένος
1375 3653 1624 3725 ὲκλείψῃ,
1672 3654 1789 3707 ἀλλ’
1821 3655 1896 3716 ὼς

309 3749 650 3820 κηλούμενον
684 3750 790 3803 ὑπὸ
825 3750 925 3820 τῆς
955 3750 1176 3820 ἡδονῆς,
1211 3747 1436 3806 ἐπειδὰν
1469 3750 1748 3820 ἡγήσηται
1798 3751 1896 3817 μὲν

307 3843 506 3911 ἔνδεια,
532 3845 593 3898 οὑ
626 3845 807 3914 φθάσῃ
841 3844 896 3897 δὲ
925 3845 1242 3915 πλησμονή.
1279 3844 1440 3898 Ὥστε
1468 3843 1683 3909 ἔξεστιν
1717 3845 1898 3896 εἰπεῖν

307 3932 450 3991 εἶναι
477 3938 577 4007 τὴν
609 3938 708 4008 τῆς
755 3937 952 4007 ἡδονῆς
985 3936 1248 3990 σύστασιν
1286 3939 1344 3990 ὲν
1371 3936 1450 4006 τῷ
1498 3937 1652 4006 μέσῳ
1687 3935 1897 3999 ἐνδείας

309 4032 406 4084 καὶ
434 4029 761 4101 πλησμονῆς
792 4031 971 4101 χρόνῳ
1014 4031 1106 4084 ἐπὶ
1136 4029 1339 4091 παντὸς
1388 4029 1591 4100 ἐφεξῆς
1627 4028 1897 4098 πράγμα-

307 4139 422 4184 τος.
455 4123 568 4176 Καὶ
605 4124 714 4191 μὴν
748 4122 810 4174 οὗ
853 4124 1014 4191 μόνον
1043 4122 1132 4176 διὰ
1164 4122 1265 4191 τὴν
1294 4123 1437 4191 ἐμὴν
1466 4121 1662 4192 ἡδονὴν
1685 4116 1746 4174 εὖ
1782 4119 1899 4191 ἔχει

310 4211 373 4265 τὺ
407 4212 564 4279 γένος
595 4213 752 4282 ἡμῖν,
781 4211 920 4266 ἀλλὰ
957 4213 1052 4265 καὶ
1079 4211 1167 4265 διὰ
1196 4211 1294 4281 τὴν
1329 4212 1754 4281 ἐνυπάρχουσαν
1785 4212 1900 4275 τοῖς

273 4305 546 4372 ἀλόγοις.
593 4305 750 4358 Ἐπεὶ
795 4305 904 4374 γὰρ
933 4303 1109 4358 ταῦτα
1157 4303 1224 4357 δι’
1263 4305 1414 4374 ἡμᾶς
1449 4306 1666 4372 γέγονε,
1719 4303 1808 4358 διὰ
1841 4305 1900 4358 δὲ

305 4400 408 4468 τὴν
439 4397 636 4468 ἡδονὴν
679 4397 820 4452 αὑτά
866 4395 1225 4462 διασώζεται,
1275 4397 1526 4466 φαίνεται
1562 4396 1753 4465 σαφῶς
1805 4398 1900 4452 καὶ

311 4490 344 4559 ἡ
373 4489 482 4542 τῶν
516 4488 733 4556 ἀλόγων
774 4488 855 4550 είς
891 4485 1100 4555 ἀγαθὶν
1136 4485 1487 4556 ἐκϐεϐηκυῖα
1530 4486 1607 4556 τῷ
1637 4488 1900 4559 ἡμετέρῳ

1998 3459 2052 3514 id
2083 3451 2224 3528 quod
2256 3472 2353 3528 per
2381 3472 2500 3512 eam
2536 3459 2588 3511 in
2627 3457 2805 3510 alvum
2840 3457 3168 3512 demittitur.
3203 3455 3376 3510 Simul
3409 3471 3473 3511 ex
3507 3471 3600 3512 eo-

1999 3553 2119 3607 dem
2145 3551 2248 3606 hoc
2271 3551 2608 3605 nutrimento
2633 3550 2681 3604 id
2706 3564 2922 3620 quoque
2945 3549 3328 3618 consequitur,
3353 3559 3409 3604 ut
3425 3550 3598 3604 vivat.

1999 3644 2278 3700 Consimili
2315 3645 2475 3699 modo
2505 3655 2560 3698 et
2591 3643 2803 3698 Venere
2837 3643 3032 3696 utitur.
3067 3640 3187 3696 Non
3221 3641 3367 3696 enim
3402 3641 3504 3696 hoc
3535 3657 3602 3696 eo

2000 3735 2127 3790 facit
2158 3751 2224 3790 ne
2249 3751 2428 3806 genus.
2446 3737 2621 3804 ipsum
2651 3734 2891 3799 deficiat,
2918 3733 3013 3789 sed
3045 3735 3173 3803 quia
3199 3734 3478 3802 voluptate
3501 3733 3602 3789 dc-

2001 3830 2297 3892 mnlcctur,
2338 3827 2554 3897 quoties
2601 3826 2782 3895 inopia
2832 3825 3054 3896 quidem
3109 3827 3479 3896 praecesserit,
3531 3827 3600 3882 ad

2001 3926 2309 3976 satietatem
2347 3935 2476 3974 vero
2519 3918 2750 3972 necdum
2794 3923 3119 3987 per'ventum
3170 3916 3357 3972 fuerit.
3395 3917 3600 3984 Quam-

2000 4015 2190 4070 obrem
2219 4014 2401 4068 dicere
2429 4011 2589 4078 licet,
2619 4012 2672 4064 in
2706 4010 2962 4065 omnibus
2987 4010 3213 4064 omnino
3243 4010 3438 4076 rebus,
3470 4025 3602 4064 con-

2002 4108 2196 4162 sistere
2217 4105 2545 4174 voluptatem
2574 4105 2624 4158 in
2652 4118 2718 4159 eo
2746 4112 2990 4173 tempore
3015 4102 3158 4172 quod
3185 4102 3332 4156 inter
3354 4101 3599 4171 inopiam

2003 4207 2058 4254 et
2090 4197 2396 4252 satietatem
2426 4196 2578 4250 velut
2607 4195 2998 4250 intermedium
3030 4202 3132 4249 est.
3168 4193 3356 4264 Neque
3387 4201 3598 4248 tantum

2002 4290 2295 4359 voluptatis
2335 4298 2541 4344 nostrae
2585 4303 2749 4344 causa
2805 4295 2952 4341 recte
2995 4286 3253 4343 affectum
3298 4296 3383 4341 est
3430 4299 3603 4355 genus

2004 4383 2302 4438 humanum
2322 4419 2341 4448 ,
2369 4396 2556 4436 verum
2589 4381 2754 4436 etiam
2788 4379 2936 4435 illius
2965 4395 3130 4434 causa
3159 4378 3454 4448 voluptatis
3483 4393 3604 4448 qua:

2001 4477 2182 4533 brutis
2223 4475 2596 4531 animantibus
2638 4475 2798 4528 inest.
2839 4474 3109 4540 Quoniam
3152 4474 3297 4528 enim
3338 4473 3427 4527 illa
3471 4485 3604 4541 pro-

311 4579 434 4650 βίῳ.
471 4579 552 4631 Τὰ
580 4578 690 4649 γὰρ
721 4577 926 4642 ἔξωθεν
954 4578 1088 4648 ἡμῖν
1116 4576 1492 4646 συνεργοῦντα
1524 4577 1739 4631 ἐκεῖθεν
1773 4578 1896 4648 βέλ-

2005 4579 2125 4639 pter
2157 4581 2259 4622 nos
2292 4565 2430 4621 facta
2463 4573 2624 4630 sunt,
2657 4573 2714 4619 et
2750 4572 2972 4632 propter
3001 4563 3338 4634 voluptatem
3372 4577 3606 4617 conser-

307 4688 468 4724 τιστα
526 4671 663 4741 ἔχει.
715 4671 812 4734 Τίς
859 4670 926 4723 ἂν
985 4669 1132 4722 εἴποι
1170 4669 1269 4733 τὰς
1311 4671 1442 4738 παρ’
1495 4669 1721 4724 ἐκείνων
1766 4673 1900 4741 ἡμῖν

307 4763 552 4833 τροφάς,
594 4763 693 4827 τὰς
732 4762 1065 4834 περιϐο).άς;
1095 4762 1246 4816 τᾶλλ’
1277 4763 1359 4816 ὅσ’
1388 4763 1614 4832 ἀμέσως
1664 4765 1901 4828 ἐκείνοις

309 4857 598 4927 χρώμεθα,
635 4856 985 4927 στελλόμενοί
1018 4873 1076 4908 τε
1117 4857 1340 4926 μακρὰς
1377 4855 1554 4919 ὁδοὺς,
1587 4855 1684 4909 καὶ
1724 4857 1900 4926 ἐμπο-

313 4949 624 5017 ρευόμενοι,
661 4947 1051 5017 πολεμοῦντες,
1079 4950 1174 5002 καὶ
1206 4947 1556 5016 θηρεύοντες,
1587 4949 1682 5002 καὶ
1721 4965 1904 5024 γεωρτ

309 5041 538 5106 γοῦντες
565 5059 580 5107 ;
635 5042 731 5094 καὶ
763 5041 831 5094 τὰ
862 5043 926 5093 ὲκ
958 5041 1061 5111 τῆς
1100 5041 1375 5108 γεωργίας
1417 5040 1797 5109 συλλέγοντες,
1831 5042 1901 5096 τά

310 5152 370 5187 τε
405 5134 566 5199 ἄλλα,
599 5136 692 5188 καὶ
727 5129 801 5190 ῶν
835 5135 1003 5205 χωρὶς
1034 5135 1133 5188 οὐκ
1163 5135 1280 5188 ἔστι
1317 5134 1502 5198 καλῶς
1544 5137 1692 5206 ἡμᾶς
1723 5136 1902 5205 πράτ-

313 5245 466 5296 τειν;
498 5229 678 5292 οἰκίας
731 5229 896 5296 λέγω,
951 5226 1113 5294 νεὼς,
1171 5228 1425 5299 λιμένας,
1467 5228 1654 5292 πόλεις
1702 5229 1898 5292 αὐτάς.

312 5319 482 5372 Ὥστε
513 5319 696 5382 καλῶς
729 5321 863 5388 ἡμῖν
894 5319 1113 5390 εἴρηται
1144 5321 1242 5374 καὶ
1286 5322 1347 5372 τὸ
1383 5321 1512 5391 περὶ¹
1556 5321 1658 5390 τῆς
1703 5321 1902 5390 ἡδονῆς

314 5411 416 5479 τῆς
448 5412 508 5464 ὲν
543 5415 658 5476 τοῖς
693 5411 935 5478 ἀλόγοις.
987 5411 1210 5482 Ἐπειδὴ
1243 5413 1352 5480 γὰρ
1381 5412 1481 5481 τὴν
1511 5411 1764 5482 αὐτάρκη
1808 5413 1904 5466 καὶ⁹

311 5504 606 5574 ἀπέριττον
638 5502 785 5573 ζωὴν
815 5502 1206 5575 ἀπωλέσαμεν,
1247 5505 1340 5558 καὶ
1366 5504 1456 5559 διὰ
1498 5503 1660 5558 τοῦτο
1685 5504 1902 5559 πολλῶν

313 5596 576 5666 δεόμεθα,
613 5597 824 5651 τούτων
853 5597 909 5650 δὲ
940 5598 1002 5650 τὺ
1053 5599 1307 5652 πλεῖστον
1340 5599 1510 5669 μέρος
1542 5600 1814 5670 ὑπηρετεῖ
1841 5617 1902 5652 τε

317 5687 416 5741 καὶ
459 5686 676 5742 δίδωσιν
735 5691 870 5759 ἡμῖν
929 5691 1061 5761 παρ’
1104 5691 1318 5743 ἑαυτῶν
1362 5691 1432 5744 τὰ
1485 5690 1624 5755 ζῶα,
1661 5691 1799 5744 αὐτὰ
1845 5691 1903 5744 δὲ

315 5781 492 5833 ταῦτα
537 5783 601 5850 τῇ
635 5782 795 5850 ἡδονῇ
834 5779 1186 5848 διασώζεται,
1224 5783 1422 5852 κομιδῇ
1463 5783 1632 5851 σαφὲς
1668 5783 1900 5850 γίνεται,

315 5872 393 5937 ὡς
422 5873 514 5928 καὶ
544 5875 616 5943 τῇ
636 5871 844 5927 τούτων
876 5873 1037 5946 ἡδονῇ
1067 5874 1095 5928 ό
1133 5873 1246 5944 βίος
1274 5876 1409 5946 ἡμῖν
1459 5877 1780 5931 συνέσταται
1808 5876 1903 5929 καὶ

2002 4675 2230 4730 vantur,
2263 4670 2490 4731 apparet
2525 4657 2840 4721 manifesto,
2877 4657 3161 4710 brutorum
3194 4666 3416 4723 quoque
3447 4651 3604 4706 volu-

2003 4766 2208 4828 ptatem
2231 4757 2353 4810 vita:
2377 4764 2580 4810 nostrae
2603 4753 2749 4808 bono
2771 4765 2914 4806 esse.
2941 4749 3076 4804 Nam
3101 4763 3225 4818 quae
3251 4748 3602 4802 extrinsecus

2005 4851 2156 4907 nobis
2184 4865 2339 4920 opem
2368 4848 2551 4902 ferunt
2576 4855 2630 4900 et
2657 4842 3000 4906 conducunt,
3029 4856 3093 4895 ex
3125 4839 3404 4905 voluptate
3431 4853 3598 4906 quam

2003 4942 2212 5013 optime
2243 4949 2371 4995 sunt
2401 4938 2619 4994 aertia.
2652 4935 2786 5002 Quis
2817 4933 3097 5003 explicare
3126 4929 3362 4986 dicendo
3395 4929 3594 4999 possit,

2004 5050 2126 5106 quat
2152 5034 2220 5090 ab
2247 5033 2352 5088 illis
2377 5031 2656 5095 alimenta,
2684 5044 2821 5098 quos
2847 5026 3080 5080 amictus
3111 5023 3436 5087 habeamus,
3465 5021 3601 5074 alia-

2004 5145 2114 5201 que
2155 5129 2211 5183 in
2253 5127 2455 5197 quibus
2489 5125 2570 5180 eis
2608 5121 2923 5176 immediate
2959 5119 3189 5179 utimur,
3228 5116 3357 5169 dum
3402 5115 3598 5170 itinera

2006 5223 2166 5293 longa
2207 5221 2469 5284 facimus,
2504 5226 2559 5272 et
2597 5224 2937 5269 mercaturas
2974 5225 3332 5274 exercemus,
3370 5219 3424 5263 ct
3457 5209 3599 5264 bella

2004 5315 2246 5387 gerimus
2269 5354 2284 5376 ,
2314 5321 2368 5367 et
2398 5323 2684 5373 venamur,
2719 5315 2772 5361 ct
2806 5320 2969 5374 agros
3001 5303 3232 5358 colimus
3257 5342 3272 5368 ,
3305 5313 3360 5358 ct
3388 5301 3602 5357 fructus

2005 5408 2355 5481 agriculturae
2384 5403 2711 5474 colligimus,
2741 5415 2865 5455 cum
2897 5399 3132 5466 caeteris,
3169 5397 3376 5467 absque
3407 5397 3604 5466 quibus

2005 5502 2146 5557 bene
2183 5501 2342 5557 nobis
2376 5517 2498 5557 esse
2533 5500 2754 5571 nequit,
2791 5501 2984 5556 domos
3017 5499 3170 5564 dico,
3202 5486 3443 5568 iempla,
3481 5512 3606 5567 por-

2007 5603 2114 5659 tus,
2149 5595 2263 5664 ipsa
2293 5593 2526 5664 Oppida?
2556 5593 2925 5660 Quamobrem
2962 5593 3066 5646 hoc
3097 5607 3315 5662 quoque
3345 5590 3414 5645 de
3446 5590 3601 5645 voln-

2007 5697 2152 5754 ptate
2171 5701 2289 5757 qua:
2309 5685 2482 5740 brutis
2499 5687 2662 5751 inest,
2683 5693 2830 5741 recte
2845 5701 2873 5738 a
2889 5685 3048 5739 nobis
3065 5692 3151 5739 est
3167 5683 3599 5752 pronuntiatum.

2009 5779 2142 5833 Nam
2174 5781 2299 5849 quia
2330 5780 2494 5834 vitam
2528 5779 2675 5834 illam
2707 5779 2926 5850 copiose
2957 5778 3061 5832 sibi
3096 5776 3198 5847 ipsi
3233 5774 3599 5830 suﬂicienlem

2007 5881 2059 5928 et
2085 5873 2388 5944 simplicem
2416 5873 2724 5943 amisimus,
2755 5873 2983 5942 ideoque
3009 5868 3258 5942 pluribus
3286 5866 3602 5940 indigemus
