3958 6472
381 396 487 459 479

1573 387 1974 453 MANUELIS
2007 362 2449 453 PAL‘ZEOLOGI

3537 383 3638 448 48')

381 523 609 579 quorum
639 508 931 563 maximam
957 514 1164 578 partem
1189 521 1256 562 ex
1287 520 1406 561 sese
1431 505 1591 562 nobis
1612 507 1957 576 suppeditant

2064 509 2393 577 κοσμεῖται·
2423 485 2512 578 ιἧς
2559 500 2944 573 ἀναιρεθείσης
2998 497 3280 566 καθάπαξ,
3342 499 3642 567 ἀναιρεῖται

383 601 661 664 animalia,
693 615 815 671 qua:
844 601 959 671 ipsa
987 614 1208 670 quoque
1238 599 1517 668 voluptate
1540 610 1956 668 conservantur,

272 687 278 691 ’
384 707 519 748 sane
546 707 709 762 quam
740 692 1087 763 perspicuum
1118 691 1371 755 eﬂicitur,
1401 691 1564 746 etiam
1596 691 1835 762 ipsorum
1866 707 1963 748 vo-

384 784 589 851 luptate
636 782 805 836 vitam
851 790 1095 837 nostram
1143 781 1451 837 conservari
1501 789 1665 852 atque
1708 780 1894 836 ornari
1941 799 1956 835 :

382 890 485 943 qua
518 886 743 942 prorsus
774 873 1007 936 abolita,
1042 872 1174 927 nihil
1206 872 1429 927 dubium
1460 879 1575 939 est,
1604 872 1808 927 aboleri
1840 888 1961 944 quae

338 1032 351 1053 λ
382 966 544 1020 bruta
591 974 740 1028 sunt,
784 979 1000 1034 unaque
1040 979 1162 1019 cum
1210 965 1290 1019 eis
1330 964 1535 1020 aboleri
1585 978 1706 1036 quae
1749 965 1962 1019 ratione

384 1058 732 1126 praeditorum
764 1057 889 1112 vitae
917 1067 1046 1112 sunt
1075 1054 1405 1121 necessaria,
1439 1070 1539 1112 nec
1566 1056 1714 1112 aliud
1742 1064 1964 1126 superat

386 1147 489 1201 nisi
527 1156 586 1201 ut
618 1161 979 1202 arumnosam
1013 1146 1387 1215 lubricamque
1417 1147 1581 1203 vitam
1613 1161 1861 1216 agamus.
1895 1145 1963 1201 Et

386 1240 515 1307 quid
557 1254 658 1309 ego
696 1240 858 1295 dico?
889 1239 1175 1295 Brutorum
1210 1240 1434 1295 omnino
1469 1241 1593 1296 vitae
1626 1241 1738 1296 vita
1772 1234 1961 1297 nostra

387 1332 580 1388 similis
602 1342 776 1399 esset,
804 1333 850 1388 si
876 1346 940 1387 ea
967 1332 1032 1388 de
1056 1332 1236 1387 medio
1261 1332 1476 1388 sublata
1506 1331 1719 1399 forent;
1745 1333 1889 1401 imo,
1915 1332 1960 1388 si

387 1426 572 1479 dicere
607 1426 789 1493 liceat,
828 1427 998 1481 multo
1036 1425 1290 1481 miserius
1325 1440 1488 1495 quam
1527 1425 1641 1497 ipsa
1678 1426 1797 1481 sine
1830 1425 1962 1496 ipsis

383 1519 727 1584 viveremus;
759 1534 881 1573 nam
911 1518 1155 1587 ipsorum
1184 1518 1324 1574 bene
1349 1519 1532 1574 vivere
1560 1518 1791 1575 nihilest
1816 1518 1962 1574 aliud

382 1625 547 1679 quam
588 1612 660 1664 ita
696 1608 876 1666 vivere
912 1610 1071 1665 sicuti
1113 1625 1257 1664 nunc
1291 1610 1495 1665 vivunt.
1528 1608 1597 1666 At
1630 1609 1737 1664 vita
1779 1620 1961 1664 nostra

385 1701 529 1755 male
566 1701 757 1757 affecta
795 1700 939 1756 foret
977 1701 1021 1755 si
1056 1701 1275 1757 vivendi
1313 1701 1453 1781 ratio
1492 1710 1675 1756 nostra
1713 1700 1964 1756 belluinae

386 1795 764 1863 responderet,
806 1794 1037 1849 sublatis
1076 1809 1107 1850 e
1146 1794 1324 1849 medio
1364 1795 1574 1850 scilicet
1611 1795 1676 1849 iis
1710 1806 1830 1864 quae
1869 1810 1964 1848 no-

385 1895 497 1940 stra
553 1900 720 1940 causa
772 1885 915 1940 facta
964 1895 1111 1941 sunt.
1165 1886 1289 1942 Nec
1328 1886 1381 1941 id
1434 1889 1725 1942 tacendum
1769 1905 1784 1942 :
1835 1900 1960 1940 cum
1996 1867 2038 1922 Β

384 1976 583 2047 duplex
606 1977 680 2033 sit
711 1978 982 2047 voluptas,
1002 1978 1073 2033 ab
1103 1988 1333 2048 utraque
1365 1980 1710 2034 commodum
1742 1979 1958 2048 aliquod

384 2070 669 2138 percipere
697 2069 841 2125 licet.
866 2069 1002 2124 Nam
1027 2079 1083 2125 et
1112 2070 1202 2126 illa
1238 2070 1489 2141 voluptas
1524 2071 1746 2143 (loquor
1774 2080 1957 2127 autem

382 2160 449 2216 de
475 2161 764 2216 inhonesta
789 2170 844 2216 et
866 2162 1204 2234 turpissima,
1230 2178 1353 2234 quae
1377 2178 1406 2219 a
1434 2165 1588 2220 bonis
1614 2163 1753 2220 male
1781 2164 1957 2230 audit,

382 2253 542 2321 quasi
574 2262 739 2323 caput
769 2254 1043 2324 quoddam
1070 2254 1376 2325 vitiorum),
1406 2256 1452 2312 si
1484 2256 1704 2327 quidem
1733 2271 1836 2312 nos
1861 2270 1957 2310 ve-

382 2342 569 2409 limus,
605 2344 834 2400 delicias
864 2344 1021 2402 nobis
1050 2354 1287 2402 aeternas
1311 2356 1364 2403 et
1390 2348 1609 2404 sobrias
1639 2361 1759 2402 eum
1784 2347 1957 2419 gloria

379 2436 781 2493 conciliaverit.
822 2438 938 2506 Quo
981 2436 1040 2491 fit
1084 2447 1145 2492 ut
1192 2438 1247 2493 in
1290 2447 1581 2510 utramque
1619 2449 1828 2507 partem
1865 2453 1960 2494 vo-

377 2525 559 2594 luptas
596 2529 665 2586 iis
707 2530 796 2598 qui
825 2530 1015 2587 volunt
1049 2530 1423 2587 emolumento
1451 2533 1544 2588 sit.
1577 2530 1635 2588 Si
1667 2534 1809 2589 bona
1848 2541 1956 2597 est,

378 2619 484 2675 hoc
507 2620 627 2692 ipso
653 2621 909 2693 prodest;
931 2623 1014 2679 sin
1042 2623 1204 2692 mala,
1230 2632 1285 2680 et
1310 2624 1634 2690 insidiatrix,
1658 2626 1804 2696 quod
1830 2640 1954 2680 cum

378 2711 506 2765 talis
536 2711 629 2779 sit,
660 2712 800 2766 nihil
824 2715 1135 2782 perfecerit.
1165 2714 1303 2770 Nam
1339 2715 1384 2771 si
1415 2716 1628 2771 hastam
1663 2715 1715 2769 in
1745 2730 1846 2771 nos
1865 2715 1956 2771 illa

298 2810 301 2815 '
378 2803 736 2868 contorserit,
770 2819 893 2871 qua
916 2819 1018 2861 nos
1046 2815 1301 2863 accurate
1334 2816 1589 2878 recteque
1616 2808 1856 2864 munitos
1880 2818 1957 2864 at-

378 2895 625 2951 tentione
660 2896 1065 2969 tolerantiaque
1103 2900 1465 2957 conveniente
1516 2902 1778 2973 reperiat,
1813 2916 1956 2971 prae-

380 2994 630 3060 terquam
661 2992 804 3060 quod
832 2991 968 3047 nihil
994 2992 1102 3047 ullo
1139 2994 1301 3050 modo
1335 2995 1605 3061 nocuerit,
1646 2997 1811 3051 etiam
1842 3012 1958 3052 ma-

378 3080 529 3135 xime
551 3081 824 3152 profuerit
854 3085 922 3139 iis
953 3085 1154 3154 quibus
1181 3085 1410 3142 insidias
1442 3089 1712 3146 struebat.
1742 3091 1956 3162 Quippe

378 3187 504 3227 cum
546 3176 808 3232 emissum
838 3176 908 3232 ab
951 3192 1016 3233 ca
1050 3180 1216 3234 telum
1251 3181 1304 3235 in
1343 3182 1674 3237 soliditatem
1715 3159 1958 3239 thoracis
1986 3159 2031 3220 θ

380 3278 436 3322 et
471 3270 634 3335 scuti,
665 3286 902 3340 quorum
943 3273 1143 3329 artifex
1174 3275 1351 3332 virtus
1380 3285 1486 3342 est,
1518 3276 1813 3348 impactum
1841 3278 1948 3335 fue-

378 3358 476 3425 rit,
505 3359 823 3430 impetuque
851 3378 951 3419 suo
985 3364 1248 3421 reﬂexum
1278 3367 1345 3421 ad
1373 3382 1494 3443 eam
1527 3383 1650 3438 quae
1677 3370 1956 3437 emiserat,

378 3449 582 3505 vulnus
623 3453 739 3521 ipsa
783 3453 1005 3523 quidem
1064 3456 1266 3527 accipit
1308 3456 1458 3512 letali
1500 3461 1749 3526 verbere,
1801 3465 1958 3519 nobis

378 3553 558 3601 autem
592 3546 757 3602 invita
798 3549 1128 3618 suppeditat,
1162 3559 1220 3606 ut
1250 3562 1630 3610 marcescente
1675 3570 1955 3625 nunquam

378 3653 582 3695 corona
630 3642 905 3707 exornati,
944 3642 1156 3699 deliciis
1210 3643 1417 3701 nullum
1469 3645 1633 3701 ﬁnem
1689 3645 1958 3702 habituris

379 3734 651 3789 fruamur.
688 3733 754 3789 Et
785 3734 983 3791 merito
1014 3735 1067 3790 id
1101 3735 1342 3804 quidem.
1378 3735 1515 3792 Nam
1547 3738 1593 3793 si
1627 3751 1796 3794 cornu
1826 3753 1960 3794 con-

378 3838 460 3880 tra
486 3842 585 3883 nos
614 3827 868 3897 voluptas
898 3826 1114 3895 extulit,
1144 3836 1199 3884 et
1225 3828 1505 3885 stimulum
1544 3830 1733 3886 mortis
1755 3831 1960 3901 aequi-

375 3921 528 3986 sivit,
576 3929 800 3991 propter
853 3920 1199 3991 gulositatem
1251 3930 1519 3989 nostram,
1571 3938 1737 3993 quam
1766 3938 1833 3979 ex
1866 3922 1957 3977 illa

376 4014 553 4083 prima
575 4014 999 4085 intemperantia
1023 4015 1169 4070 velut
1191 4017 1512 4072 haereditate
1540 4018 1823 4074 consecuti
1849 4033 1959 4073 su-

375 4122 520 4165 mus.
556 4109 810 4178 sequitur
841 4123 936 4164 eos
964 4109 1056 4177 qui
1086 4123 1182 4177 per
1202 4109 1616 4165 continentiam
1648 4096 1825 4167 semet
1852 4112 1958 4166 imo-

375 4216 571 4257 munes
600 4203 668 4257 ab
701 4201 999 4257 insatiabili
1032 4201 1263 4257 libidine
1290 4203 1715 4268 declaraverint,
1757 4207 1956 4259 merito

377 4293 724 4349 coronandos
745 4294 966 4362 vitaque
985 4293 1249 4348 fruituros
1268 4294 1563 4350 immortali
1590 4309 1714 4350 cum
1742 4295 1957 4352 deliciis

380 4386 474 4441 tali
507 4388 633 4442 vitae.
684 4386 1131 4457 congruentibus.
1176 4385 1286 4442 Nec
1320 4387 1419 4443 abs
1447 4401 1506 4443 re
1554 4386 1698 4443 Deus
1732 4388 1835 4444 hoc
1868 4387 1954 4443 fa-

2047 602 2167 672 ’μέν
2201 597 2389 669 σαφῶς
2417 596 2479 650 τὸ
2508 594 2617 649 τῶν
2667 594 2880 662 ἀλόγων
2927 592 3106 658 γένος,
3143 592 3563 660 συναναιρεῖται
3592 591 3648 646 δέ

2064 694 2253 756 αὐτοῖς
2283 691 2353 746 τά
2399 690 2541 762 πρὸς
2570 688 2663 743 τὸν
2713 686 2930 755 λογικὸν
2966 687 3083 756 βίον
3127 687 3271 756 ἡμῖν
3322 683 3605 752 ἐπιτήδεια
3630 700 3648 719 ο

2063 787 2160 842 καὶΙ
2197 784 2459 849 ὃλοιπὸν,
2514 782 2819 852 ἐπίμοχθόν
2864 796 2991 833 τινα
3042 779 3158 849 βίον
3232 777 3331 831 καὶ
3385 776 3653 842 σφαλερὸν

2064 878 2216 933 ’ἐλκει
2246 877 2311 930 τὸ
2339 875 2496 943 γένος
2518 875 2678 943 ἡμῖν.
2715 872 2910 927 Καίτοι
2943 869 2996 922 τί
3040 868 3221 935 λέγως
3256 866 3354 936 Τῷ
3385 866 3497 919 τῶν
3529 866 3655 957 ἀλό-

2064 989 2178 1042 γων
2211 973 2475 1040 ἄντικρυς
2508 967 2610 1038 βίῳ
2645 968 2673 1020 ὁ
2700 963 3001 1032 καθ’.ήμᾶς
3042 960 3111 1015 ἄν
3142 957 3341 1031 ἐῴκει.
3374 957 3560 1011 αὐτῶν
3594 958 3655 1011 ἐκ

2067 1064 2239 1136 μέσου
2292 1059 2710 1131 γεγενημένωνο
2739 1056 2835 1109 ἐὰν
2877 1054 2935 1107 δέ
2992 1054 3085 1123 ἐξῇ
3122 1069 3218 1120 μοι
3258 1051 3362 1104 καὶ
3391 1048 3539 1102 τοῦτ’
3583 1049 3658 1100 εί-

2068 1157 2214 1220 πεῐν,
2243 1152 2425 1223 πολλῷ
2463 1150 2737 1206 κάκείνων
2761 1147 3128 1213 ἐλεεινότερον
3169 1145 3244 1199 ἂν
3275 1143 3498 1212 ἐζῶμεν
3528 1141 3657 1194 ἀνευ

2065 1247 2295 1301 ἐκεύνων
2318 1262 2333 1278 ο
2361 1245 2444 1299 ὅτι
2493 1244 2557 1297 τὺ
2588 1244 2690 1310 μὲν
2722 1240 2950 1294 ἐκείνων
2982 1236 3042 1292 εὖ
3080 1237 3180 1308 ζῇν
3230 1235 3385 1289 τοῦτ’
3430 1234 3570 1296 ἔστι,
3597 1234 3660 1287 τὸ

2066 1339 2168 1409 ζῇν
2196 1339 2272 1402 ὡς
2303 1337 2397 1391 νῦν
2420 1354 2435 1368 ·
2468 1336 2601 1407 ἡμῖν
2629 1334 2686 1387 δέ
2717 1333 2784 1388 ἂν
2823 1327 2940 1402 εἶχε
2974 1329 3164 1391 κακῶς
3192 1330 3222 1381 ὁ
3272 1327 3416 1392 βίος,
3449 1326 3658 1395 θηρίοις

2066 1428 2365 1498 ἐοικόσι-τῇ
2400 1425 2649 1496 πολιτεία
2688 1441 2749 1478 τε
2783 1423 2879 1476 καί
2902 1423 2970 1492 τῇ
3011 1420 3291 1489 διαγωγῇ.
3333 1418 3431 1471 ἀτε
3457 1417 3524 1487 δὴ
3552 1417 3660 1470 τῶν

2066 1520 2133 1575 δι’
2166 1521 2317 1589 ἡμᾶς
2339 1516 2729 1587 γεγενημένων
2748 1514 3161 1585 ἠφανισμένων.
3203 1510 3380 1564 Ἀλλὰ
3405 1510 3517 1579 μὴν
3540 1508 3660 1561 οὐδὲ

2069 1614 2247 1681 ἐζεῖνο
2274 1612 2488 1680 σιωπῆς
2519 1609 2670 1673 ἄξιον
2699 1625 2713 1642 ·
2741 1606 2937 1677 διπλῆς
2965 1607 3072 1673 γὰρ
3099 1602 3274 1674 οὔσης
3306 1601 3411 1671 τῆς
3443 1600 3658 1670 ἡδονῆς,

2068 1705 2188 1759 ἔστι
2219 1705 2312 1758 καὶ¹
2363 1703 2492 1774 παρ’
2523 1701 2793 1769 ἑκατέρας
2839 1698 3215 1769 ὠφεληθῆναι.
3251 1697 3365 1750 Καὶ
3424 1694 3534 1764 γὰρ
3569 1694 3662 1747 καὶ

2068 1798 2208 1865 αὕτη
2238 1799 2271 1867 ἡ
2300 1797 2464 1867 ἡδονὴ
2494 1795 2664 1867 (λέγω
2685 1793 2743 1847 δέ
2783 1793 2878 1847 νῦν
2912 1793 3010 1865 τὴν
3042 1794 3310 1862 ἄσεμνον,
3352 1791 3456 1857 τὴν
3490 1786 3662 1856 αἰσχί-

2072 1907 2228 1959 στην,
2261 1890 2295 1959 ἥ
2326 1888 2481 1960 παρὰ
2527 1887 2637 1940 ¹τῶν
2693 1880 3077 1957 χρηστοτέρων
3111 1883 3308 1944 κακῶς
3341 1880 3563 1946 ἀκούει,
3587 1879 3662 1943 ὡς

2067 1985 2095 2038 ὃ
2127 2002 2176 2037 τι
2198 2000 2307 2054 περ
2332 1981 2629 2051 κεφάλαιόν
2656 1983 2783 2044 ἐστι,
2802 1980 2912 2031 τῶν
2939 1976 3172 2046 κακῶν),
3203 1976 3329 2046 εἴγε
3362 1977 3529 2045 ἡμεῖς
3547 1976 3662 2045 βου-

2066 2076 2321 2146 λοίμεθα,
2354 2071 2557 2143 γένοιτ’
2588 2072 2655 2126 ἂν
2687 2073 2821 2142 ἡμῖν
2849 2069 3114 2140 πρόξενος
3147 2068 3400 2123 αἰωνίων
3430 2069 3527 2123 καὶ
3557 2085 3661 2120 σω-

2069 2170 2285 2242 φρόνων
2318 2168 2458 2239 μετά
2505 2165 2667 2236 δόξης
2702 2163 3084 2220 ἀπολαύσεων.
3122 2162 3294 2216 Ὥστε
3355 2160 3488 2215 καθ’
3536 2161 3662 2214 ἐκά-

2066 2280 2225 2335 τερον
2267 2261 2436 2332 μέρος
2466 2261 2500 2331 ἡ
2528 2258 2693 2330 ἡδονὴ
2716 2256 2994 2311 λυσιτελεῖ
3019 2257 3137 2319 τοῖς
3181 2253 3570 2325 βουλομένοις.
3600 2252 3660 2306 El

2071 2358 2174 2429 μὲν
2208 2355 2387 2425 ἁγαθή
2425 2356 2594 2418 ἐστιν,
2628 2351 2780 2423 αὐτῷ
2811 2367 2877 2420 γε
2898 2338 3098 2419 ’τούτῳ
3122 2364 3138 2379 ο
3171 2349 3222 2402 εί
3274 2348 3335 2402 δὲ
3384 2347 3534 2417 κακὴ
3569 2345 3659 2400 καὶ

2066 2449 2378 2514 ἐπίϐουλος,
2412 2449 2497 2503 ὅτι
2549 2442 2685 2502 οὖσά
2731 2462 2797 2515 γε
2838 2443 3088 2512 τοιαύτη,
3129 2441 3294 2496 οὐδὲν
3340 2443 3565 2513 ἧνυσεν.
3596 2437 3658 2491 Ei

2067 2541 2176 2611 γάρ
2212 2541 2398 2607 ἐκείνη
2445 2536 2567 2592 καθ’
2595 2536 2752 2607 ὴμῶν
2792 2535 3072 2589 ἀκοντίσει
3117 2533 3179 2586 τὸ
3218 2533 3381 2604 δόρυ,
3417 2530 3572 2601 εὖροι
3599 2528 3655 2582 δέ

2066 2633 2218 2704 ἡμᾶς
2246 2631 2309 2685 τὸ
2333 2630 2464 2701 δόρυ
2490 2627 2738 2700 ἀκριϐῶς
2778 2643 2840 2681 τε
2876 2625 2971 2681 καὶ
3009 2623 3194 2688 καλῶς
3222 2622 3657 2695 πεφραγμένους

2067 2727 2313 2797 προσοχῇ
2351 2724 2447 2776 καὶ
2474 2720 2747 2794 καρτερίᾳ
2785 2721 2850 2789 τῇ
2885 2718 3209 2789 γιγνομένῃ,
3263 2716 3406 2789 πρὸς
3439 2715 3520 2786 τῷ
3554 2731 3655 2785 μη-

2066 2818 2256 2887 δαμῶς
2303 2806 2469 2887 μηδὲν
2498 2814 2880 2884 παραϐλάψαι,
2911 2814 2945 2884 ὴ
2997 2810 3055 2864 δέ
3100 2810 3196 2863 καὶ
3242 2808 3466 2881 ὤνησεν
3505 2807 3563 2870 ἐς
3587 2805 3652 2858 τὰ

2070 2910 2327 2982 μάλιστα,
2362 2904 2444 2973 οἷς
2475 2924 2538 2977 γε
2572 2905 2955 2959 ἐπεϐούλευεν.
2987 2902 3161 2956 Ὅταν
3195 2902 3314 2972 γάρ
3358 2898 3423 2953 τὸ
3453 2898 3652 2965 ταύτης

2065 3004 2233 3059 ὅπλον
2264 3002 2466 3072 ἁφεθὲν
2514 2997 2885 3070 ἀντικρουσθῇ
2919 2994 3257 3067 στερῤότητί
3291 3011 3352 3047 τε
3406 2991 3654 3061 θώρακος

2059 3099 2160 3158 ,καί
2190 3097 2436 3160 ἀσπίδος,
2467 3089 2541 3149 ὧν
2572 3095 2690 3147 ἐστι
2717 3090 3028 3162 τεχνίτηςὴ
3063 3089 3262 3160 ἀρετὴ,
3295 3089 3393 3142 καὶ
3426 3090 3492 3158 τῇ
3529 3088 3651 3138 ἑαυο

2062 3193 2157 3248 τοῦ
2187 3192 2330 3263 φορᾷ
2357 3186 2764 3259 ἀντεπιστρέψῃ
2789 3185 2924 3253 πρὶς
2955 3182 3054 3253 τὴν
3078 3182 3481 3254 ἐκπέμψασαν,
3509 3179 3647 3233 ἐκεί-

2063 3304 2162 3357 νην
2196 3286 2293 3353 μὲν
2318 3281 2616 3353 ἐργάζεται
2646 3276 2999 3346 τραυματίαν
3030 3274 3216 3345 πληγῇ
3249 3275 3453 3347 καιρίᾳ
3474 3312 3490 3337 ,
3526 3272 3652 3344 ἡμῖν

2060 3383 2118 3436 δὲ
2141 3381 2351 3435 ἄκουσα
2382 3378 2634 3449 χορηγεῖ,
2665 3374 2863 3444 ἀγήρῳ
2896 3371 3150 3441 στεφάνῳ
3178 3367 3648 3440 κεκοσμημένοις,

2061 3476 2256 3545 ἀγήρω
2281 3471 2492 3543 τρυφῆς
2522 3452 2844 3523 ἀπολαύειν.
2876 3464 3138 3527 Εἰκότως.
3171 3463 3233 3517 Εἰ
3256 3466 3374 3535 γάρ
3404 3464 3465 3516 τὸ
3490 3460 3651 3529 κέρας

2060 3568 2297 3636 ἔσχηκεν
2319 3565 2352 3633 ἡ
2389 3563 2557 3632 ἡδονὴ
2590 3559 2713 3614 καθ’
2740 3556 2923 3627 ἡμῶν,
2956 3555 3053 3609 καὶ
3074 3554 3319 3609 θανάτου
3348 3551 3652 3622 προσεκτήο

2065 3672 2198 3711 σατο
2232 3654 2482 3725 κέντρον,
2515 3650 2697 3704 διὰτὸ
2730 3648 2987 3718 λιχνῶδες
3010 3645 3073 3699 τὸ
3108 3645 3239 3715 παρ’
3266 3647 3428 3715 ἡμῖν,
3457 3646 3520 3697 ἐκ
3557 3642 3648 3710 τῆς

2061 3748 2304 3821 ἀρχῆθεν
2338 3745 2614 3817 ἀκρασίας
2654 3738 3159 3813 κληροδοχούμενον
3184 3755 3197 3769 ο
3230 3740 3287 3791 oi
3331 3739 3402 3792 δι’
3451 3738 3645 3805 ἐγκρα-

2060 3844 2214 3904 τείας
2276 3836 2558 3906 ἐλεύθεροι
2610 3833 2711 3903 τῆς
2775 3830 3087 3900 ἀπληστίας
3140 3829 3521 3897 ἀναφανέντες
3574 3824 3647 3876 δι·

2061 3919 2237 3998 καῖως
2274 3928 2742 3999 στεφανώσονται,
2775 3925 2870 3978 καὶ
2904 3924 3054 3993 ζωῆς
3086 3922 3421 3994 μεθέξουσιν
3452 3916 3646 3974 ἀθανά-

2060 4046 2177 4093 του,
2216 4026 2313 4079 καὶ
2361 4023 2578 4094 τρυφῆς
2611 4021 2713 4073 οὐκ
2770 4016 3091 4088 ἀπᾳδούσης
3118 4018 3184 4086 τῇ
3242 4015 3386 4087 ζωῇ.
3436 4012 3644 4069 Δίκαιος

2062 4119 2128 4174 ἂν
2163 4117 2249 4184 είη
2274 4114 2406 4177 Θεὸς
2430 4113 2591 4166 τοῦτο
2621 4108 2849 4182 πρᾶξαι.
2884 4108 2945 4160 Ei
2973 4106 3083 4175 γὰρ
3114 4105 3277 4173 δίκην
3312 4122 3375 4173 γε
3398 4098 3645 4167 είσττράτη

2059 4230 2145 4265 τει
2191 4211 2318 4272 τοὺς
2374 4205 2618 4278 ἀκρασίᾳ
2655 4202 3030 4273 συζήσαντας,
3091 4196 3274 4267 πολλῷ
3327 4213 3403 4263 γε-
3452 4189 3644 4264 μᾶλλον

2061 4303 2212 4375 αὐτῷ
2239 4302 2511 4372 προσήκει
2560 4299 2686 4361 τοὺς
2741 4292 3107 4363 γιγνομένους
3160 4290 3399 4360 μισθοὺς
3447 4285 3639 4375 διδόναι

2046 4370 2456 4465 ’τοῖςνάγαθοῖᾳ
2488 4389 2657 4444 εἰδόσι
2688 4389 2868 4459 μέτρα
2900 4386 3078 4439 θεῖναι
3124 4385 3248 4446 ταῖς
3280 4381 3520 4453 χρείαις,
3552 4370 3639 4426 καὶ

377 4484 486 4538 ciet
515 4497 530 4536 :
568 4495 690 4536 nam
721 4482 766 4538 si
799 4496 995 4553 ptenas
1024 4481 1094 4537 ab
1142 4482 1211 4537 iis
1239 4483 1411 4552 exigit
1455 4481 1548 4552 qui
1582 4482 1839 4538 vixerunt
1870 4484 1957 4540 in-

2065 4487 2271 4551 παντδς
2299 4485 2396 4539 τοῦ
2426 4484 2568 4554 ὑπὲρ
2614 4481 2820 4545 ταύτας
2863 4477 3256 4547 ἀποπηδῶσιν·
3290 4475 3370 4555 ὡς
3405 4472 3511 4526 οἵδε
3544 4465 3637 4519 οὐκ

380 4586 773 4647 temperanter,
816 4580 988 4632 multo
1023 4575 1198 4647 magis
1225 4576 1276 4631 ei
1308 4575 1587 4642 convenit,
1611 4575 1765 4647 justa
1799 4575 1958 4631 bonis

379 4672 604 4743 praemia
629 4669 780 4738 dare,
803 4669 898 4742 qui
924 4670 1343 4727 necessitatibus
1367 4668 1590 4725 modum
1617 4668 1959 4725 constituere

376 4775 603 4831 norunt,
629 4774 683 4821 et
709 4781 739 4819 a
771 4750 839 4820 re
875 4764 1070 4834 quavis
1124 4763 1222 4819 has
1248 4769 1543 4831 superante
1571 4769 1744 4816 semet
1782 4760 1954 4816 absti-

377 4868 533 4926 nent,
560 4873 683 4913 eum
712 4857 940 4914 delicias
964 4856 1016 4911 bi
1048 4856 1228 4913 nullas
1261 4853 1619 4918 admirentur,
1651 4851 1795 4906 haud
1823 4851 1958 4908 affe-

375 4954 450 5006 cti
484 4967 614 5022 erga
639 4950 855 5021 quidvis
889 4951 1200 5019 promiscue
1221 4947 1366 5016 quod
1396 4945 1534 4999 ultra
1562 4945 1954 5001 necessitatem

377 5046 503 5098 boni
544 5044 786 5115 speciem
824 5042 1010 5097 habet.
1048 5040 1297 5109 Denique
1345 5038 1643 5095 secundum
1675 5039 1954 5109 expositas

376 5143 644 5192 hactenus
674 5137 938 5202 rationes,
969 5136 1286 5191 existimare
1317 5135 1591 5200 convenit,
1623 5135 1950 5205 voluptatem

380 5227 470 5281 bis
527 5228 724 5281 bonam
760 5241 903 5290 esse,
942 5225 1048 5281 illis
1079 5240 1109 5278 e
1138 5225 1413 5281 contrario
1447 5226 1667 5281 malam.
1693 5223 1826 5279 Nam
1860 5223 1953 5295 qui

378 5321 526 5374 malo
569 5318 820 5374 feruntur
863 5319 1091 5389 impetu,
1129 5320 1344 5373 navium
1387 5322 1439 5378 in
1476 5335 1706 5385 morem,
1747 5320 1953 5374 instru-

385 5424 572 5468 mento
596 5428 694 5467 suo
714 5415 1041 5479 carentium,
1071 5422 1349 5484 utcunque
1379 5413 1657 5469 libidinem
1688 5412 1961 5483 appetitus

379 5509 573 5564 aiilare
603 5502 916 5579 contigerit,
949 5509 1015 5562 iis
1074 5506 1219 5562 haud
1249 5506 1412 5563 dubie
1443 5504 1809 5563 formidabilis
1861 5503 1963 5558 ho-

378 5601 487 5653 stis
514 5611 620 5664 est,
647 5609 701 5652 et
729 5601 902 5655 audax
930 5599 1135 5669 pariter
1162 5609 1326 5669 atque
1355 5597 1640 5665 subdolus,
1659 5604 1715 5652 et
1737 5593 1965 5651 inﬁnitis

383 5692 599 5746 artibus
652 5706 746 5747 eos
803 5704 1020 5748 tentans
1075 5693 1395 5761 quibuscum
1443 5692 1636 5762 pedem
1692 5688 1958 5754 conserit,

374 5783 633 5851 adeoque
680 5783 1003 5851 simpliciter
1033 5785 1246 5841 illorum
1279 5785 1522 5842 omnium
1553 5772 1791 5836 formam
1821 5778 1959 5832 reti-

376 5890 544 5955 mjns,
601 5890 935 5949 qtttctunque
964 5877 1320 5937 SintulaCrutn
1356 5874 1485 5932 illud
1518 5872 1808 5945 voluptatis
1838 5870 1960 5925 illn—

2066 4583 2368 4653 ἐπτόηνται
2396 4580 2527 4650 περὶ
2558 4578 2658 4649 τὴν
2679 4576 2920 4647 τρυφὴν,
2964 4572 3377 4643 διακεχυμένως
3408 4569 3632 4637 ἔχοντες,

2065 4680 2202 4747 πρὸς
2232 4679 2259 4732 ὅ
2288 4695 2342 4731 τι
2386 4675 2453 4730 ἄν
2485 4691 2586 4728 που
2622 4675 2734 4726 τῶν
2767 4670 2906 4741 ὑπὲρ
2955 4668 3058 4739 τὴν
3085 4666 3275 4738 χρείαν
3325 4661 3506 4718 καλῶν
3536 4670 3635 4723 φα-

2064 4774 2207 4840 νείη.
2244 4768 2407 4826 Κατὰ
2434 4769 2490 4822 δὲ
2516 4768 2647 4830 τοὺς
2669 4760 2785 4837 ’ἢδη
2829 4762 3098 4835 ῥηθέντας
3140 4759 3345 4827 λόγους·
3378 4751 3632 4840 προσήκει

2064 4836 2311 4936 νομίζειν
2338 4863 2438 4933 τὴν
2469 4860 2663 4932 ἡδονὴν
2708 4836 2819 4919 τοῖς
2862 4857 2963 4926 μὲν
3002 4851 3217 4924 ἀγαθὴν
3250 4846 3409 4915 εἶναι,
3438 4845 3543 4904 τοῖς

2065 4928 2403 5015 τούναντίον.
2452 4928 2578 5018 τοῖς
2618 4928 2727 5024 γμέν
2780 4952 2889 5023 γάρ
2925 4948 3115 5011 κακῶς
3147 4946 3468 5016 φερομένοις
3496 4928 3626 4988 κατὰ

2063 5058 2133 5111 τὰ
2181 5053 2561 5124 ἀνερμάτιστα
2597 5050 2781 5113 πλοῖα,
2812 5046 2890 5107 ὡς
2942 5043 3010 5098 ἀν
3042 5058 3174 5096 ποτε
3219 5038 3358 5109 τύχῃ
3406 5026 3624 5124 πνεύσαι

2061 5149 2162 5220 τὴν
2192 5121 2402 5215 ἔφεσιν,
2455 5145 2708 5212 ἄντικρις
2764 5136 3023 5207 πολέμιός
3069 5136 3183 5188 ἐστι
3221 5128 3471 5202 φοϐερὸς.
3505 5121 3625 5188 θρα·

2066 5244 2161 5306 σύς
2198 5259 2255 5295 τε
2284 5241 2399 5310 ἅμα
2423 5238 2518 5291 καὶ
2551 5234 2780 5305 ὕφαλος,
2816 5231 3041 5302 μυρίαις
3065 5244 3127 5281 τε
3158 5224 3495 5310 πειρώμενος
3525 5223 3620 5280 μη·

2065 5337 2261 5407 Χαναῖς
2287 5307 2367 5397 οἷς
2402 5328 2805 5400 συμπλέκεται,
2838 5323 2933 5377 καὶ
2957 5320 3139 5383 ἁπλῶς
3166 5318 3391 5407 ἐκείνων
3420 5307 3646 5407 λιτόιντῐιυέο⁸

2066 5384 2349 5488 ἓιασώζων
2390 5421 2486 5475 τὸν
2514 5418 2708 5482 τύπον,
2754 5418 2963 5485 ὅσαπερ
3013 5414 3049 5484 ἠ
3087 5410 3291 5488 ταύτης
3337 5399 3493 5496 εἰκῶν
3524 5384 3618 5496 ὖςιδ

2069 5517 2179 5571 τῶν
2209 5513 2544 5587 γραψάντων
2572 5510 2745 5580 αὐτὴν
2764 5510 2899 5580 ἡμῖν
2932 5505 3158 5571 ἔδειξεν.
3199 5499 3291 5564 Ἐξ
3319 5489 3479 5587 ὧνδὴ
3503 5489 3621 5587 πξνς
3672 5505 3679 5511 ‘

2066 5626 2176 5665 των
2217 5582 2540 5675 συνάγεται,
2573 5603 2651 5667 ὡς
2700 5601 2762 5655 τὸ
2807 5598 3033 5667 νικῆσαι
3082 5592 3349 5665 πρόδηλον
3389 5585 3494 5652 ἔχει
3528 5582 3617 5675 της

2068 5705 2281 5764 εἰκόνος
2329 5667 2711 5770 πρωτότυπος,
2761 5692 2879 5748 ἀνθ’
2908 5685 2984 5746 ῶν
3033 5707 3100 5759 γε
3149 5687 3287 5758 πρὸς
3347 5667 3618 5770 ἀντίπαλον

2069 5760 2386 5851 ἀποδύεται·
2408 5789 2829 5861 εὐεπιχείρητον
2860 5785 2954 5839 καὶ
2974 5781 3184 5853 νωθρόν
3209 5796 3220 5808 ·
3247 5780 3357 5839 τοῖς
3384 5771 3437 5825 δὲ
3474 5760 3613 5826 λόγον

2073 5889 2423 5960 ποιουμένοις
2453 5883 2550 5955 τῆς
2577 5883 2652 5947 ὡς
2674 5877 2893 5950 ἀληθῶς
2927 5873 3118 5946 ζωῆς,
3147 5872 3238 5927 καὶ
3272 5869 3432 5943 μόνης
3467 5860 3593 5921 πρεσ
