3958 6424
300 366 406 435 481

1743 363 2031 425 ORATlO
2073 365 2143 427 V.

3461 362 3565 428 482

300 488 546 560 ηκούσης
591 485 920 551 ἀνθρώποις,
954 485 1090 550 ζῶσί
1123 503 1183 539 τε
1218 483 1554 555 προσήκοντι
1613 487 1850 556 σχήματι

1987 499 2104 537 rum
2155 498 2320 551 Opera
2365 482 2522 539 nobis
2573 481 2834 549 ostendit,
2883 480 3082 552 quibus
3135 481 3346 550 pictura
3404 485 3561 549 quasi

297 583 395 636 καὶ
425 579 674 648 λογισμῷ
714 578 782 632 τὰ
813 578 933 630 κατ’
988 577 1192 640 αὐτοὺς
1241 576 1480 630 ίθύνουσι
1541 578 1870 648 πράγματα,

295 673 511 740 ἀγαθήν
555 689 614 724 τε
654 666 793 722 εἶναι
830 671 952 722 καθ’
1000 669 1191 740 αὐτὴν,
1225 669 1322 723 καὶ
1371 668 1562 731 αὐτοῖς
1613 667 1872 738 πρόξενον

295 766 520 833 ἀγαθῶν
558 764 853 832 μεγίστων,
884 763 975 816 τὸν
1003 763 1126 833 τῇδε
1164 762 1282 832 βίον
1312 762 1602 832 ἀμείψασι,
1641 764 1869 831 προσέτι

293 860 352 912 δὲ
396 857 729 926 καὶ-ἡδονῆς
781 857 1160 924 ἀὶτεθεστάτης
1206 873 1266 907 τε
1313 857 1406 908 καὶ
1451 855 1680 924 μονίμου
1731 858 1871 923 μετὰ

292 949 453 1022 δόξης
482 947 810 1017 γιγνομένης
843 946 921 1016 τῷ
952 947 1072 998 τότε
1113 946 1232 1016 βίῳ.
1277 945 1365 1007 Ὠς
1411 946 1477 997 τά
1509 961 1570 1010 γε
1625 945 1871 1013 παρόντα

293 1039 496 1107 ἀγαθὰ,
535 1040 625 1092 καὶ
669 1039 997 1108 λαμπρότης
1048 1037 1263 1099 ἅπασα,
1294 1037 1448 1104 καὶὴ
1495 1037 1679 1105 ἡδονὴ,
1710 1037 1804 1088 καὶ
1837 1037 1871 1104 ἠ

293 1130 444 1196 δόξα,
475 1129 809 1198 ψευδώνυμά
861 1133 984 1184 τινά
1026 1128 1274 1182 ἐστικαὶ
1329 1127 1525 1197 μικρὰ,
1562 1129 1658 1180 καὶ
1713 1127 1896 1199 μόγις.

292 1241 399 1278 που
451 1229 516 1296 τῇ
574 1225 736 1295 χρείᾳ
789 1225 1322 1295 συμπαραμένοντα.
1392 1224 1503 1276 Καὶ
1577 1223 1760 1275 πάντα
1817 1221 1874 1274 δὲ

291 1312 500 1374 ἐκεῖνα,
531 1314 631 1366 ὅσα
665 1314 907 1384 ζητητέα
931 1317 1065 1384 ἡμῖν
1087 1317 1260 1378 ἐστιν,
1296 1315 1356 1367 οὐ
1382 1314 1582 1384 μᾶλλον
1611 1331 1674 1382 γε
1693 1312 1876 1366 αὐτῶν

289 1408 452 1460 ἕνεκα
490 1408 523 1478 ἢ
561 1409 764 1478 ἑτέρων
801 1408 1012 1462 τοιαῦτ’
1039 1411 1104 1464 ἂν
1163 1413 1276 1480 εἴη.
1323 1405 1419 1473 Οἷς
1459 1426 1524 1478 γε
1585 1409 1870 1479 σύστοιχόν

288 1501 407 1552 ἐστι
443 1501 538 1553 καὶ
571 1501 630 1553 τὸ
657 1501 758 1564 τῆς
787 1502 984 1572 ἡδονῆς
1010 1494 1222 1574 χρῆμα.
1256 1502 1570 1572 Νομίξομεν
1597 1502 1654 1556 δὲ
1701 1501 1868 1554 ita)!“

289 1587 461 1660 εἶναι,
494 1594 729 1648 ἐνταῦθα
758 1595 849 1647 τὸν
877 1594 1036 1663 λόγον
1067 1594 1780 1666 κεφαλαιὼσαντας,ὧσπερ
1811 1594 1869 1647 ἐν

289 1688 722 1756 συμπεράσματι
755 1685 1074 1742 ἀποδοῦναι.
1455 1697 1458 1699 ’

1981 579 2215 646 quadam
2271 578 2703 648 exprimehatur.
2758 577 2833 631 Ex
2888 578 3088 646 quibus
3124 578 3380 632 omnibus
3425 591 3560 630 sane

1981 669 2280 736 colligitur,
2330 671 2504 740 ipsam
2541 670 2899 738 voluptatem,
2947 668 3104 738 cujus
3143 670 3324 738 imago
3357 685 3559 736 reprac-
3607 701 3633 738 4

1979 766 2317 827 sentabatnr,
2346 765 2633 819 manifesto
2655 767 2932 820 victricem
2959 780 3079 819 esse
3105 777 3388 834 propterea
3413 765 3558 832 quod

1979 873 2102 910 cum
2135 857 2454 912 adversario
2489 869 2750 927 superatu
2780 857 2925 911 facili
2964 867 3017 910 ct
3054 857 3249 926 ignavo
3289 856 3340 908 in
3377 865 3558 908 certa-

1979 961 2103 1000 men
2139 949 2432 1002 descendat
2467 964 2482 1002 :
2517 965 2640 1003 eum
2678 950 2822 1012 aliis,
2859 951 2948 1018 qui
2979 963 3120 1003 verm
3151 949 3294 1010 vitm,
3329 960 3558 1015 quaeque

1975 1039 2292 1096 hominibus
2325 1043 2438 1096 sola
2473 1044 2758 1112 competit,
2791 1045 3060 1097 rationem
3093 1043 3317 1106 habent,
3341 1050 3396 1093 et
3425 1055 3556 1094 con-

1973 1134 2215 1188 venienti
2251 1151 2374 1190 cum
2405 1137 2672 1205 dignitate
2707 1138 2914 1202 vivunt,
2953 1152 3148 1206 resque
3189 1149 3316 1190 suas
3347 1135 3558 1189 ratione

1977 1226 2351 1292 moderantur,
2383 1229 2523 1284 bona
2559 1243 2654 1298 per
2685 1245 2745 1286 se
2773 1231 2864 1294 sit,
2899 1239 2954 1284 et
2989 1229 3225 1282 maxima
3257 1228 3397 1281 bona
3428 1241 3560 1281 con-

1975 1316 2150 1382 ciliet,
2186 1319 2274 1373 ubi
2304 1320 2370 1373 de
2411 1320 2514 1376 hac
2544 1321 2652 1375 vita
2692 1323 3017 1393 migrarunt.
3054 1328 3428 1388 praetereaque
3458 1332 3557 1370 vo-

1978 1413 2238 1481 luptatem
2272 1413 2616 1468 verissimam
2651 1429 2713 1469 ac
2742 1415 3067 1478 durabilem,
3095 1428 3217 1467 cum
3261 1412 3430 1481 gloria
3469 1410 3550 1463 vi-

1978 1509 2046 1556 tae
2108 1513 2380 1558 secuturae
2431 1505 2802 1570 convenieriti,
2843 1507 3036 1573 pariat.
3092 1503 3358 1557 Nimirum
3415 1516 3555 1570 prae-

1977 1593 2156 1648 sentia
2190 1593 2353 1660 bona,
2400 1597 2657 1666 splendor
2685 1598 2998 1660 universus,
3046 1597 3315 1665 voluptas,
3361 1595 3556 1664 gloria,

1976 1701 2115 1742 vana
2149 1688 2398 1756 quaedam
2460 1692 2681 1746 nomina
2739 1701 2865 1747 sunt
2896 1701 2948 1745 et
2984 1707 3071 1746 rcs
3105 1690 3295 1754 exiles,
3329 1701 3561 1758 quat-que

285 1781 374 1833 vix
430 1781 495 1833 ad
536 1795 691 1835 usum
740 1782 1232 1848 necessitatemque
1281 1779 1512 1843 durant,
1561 1778 1858 1848 omniaque
1899 1779 2055 1845 adeo,
2113 1796 2455 1852 quaecunque
2515 1785 2675 1839 nobis
2723 1786 3016 1856 quaerenda
3088 1793 3236 1846 sunt,
3291 1798 3394 1836 non
3447 1789 3557 1834 tam

285 1895 382 1956 sua
413 1893 575 1933 causa
607 1893 768 1948 quam
807 1878 1062 1944 aliorum,
1107 1878 1232 1932 talia
1264 1889 1408 1945 sunt,
1445 1892 1676 1946 quorum
1711 1877 1854 1932 serie
1894 1877 2141 1947 voluptas
2172 1894 2389 1949 quoque
2428 1882 2758 1937 continetur.
2793 1884 2958 1937 Recte
3033 1897 3165 1938 vero
3216 1897 3314 1936 nos
3384 1879 3560 1932 lactu-

281 1990 373 2031 ros
403 1975 662 2039 arbitror,
699 1974 745 2029 si
774 1975 1046 2045 capitibus
1075 1975 1342 2030 orationis
1371 1975 1438 2028 ad
1464 1987 1734 2028 summam
1761 1973 1864 2027 hoc
1905 1972 2026 2026 loco
2066 1975 2358 2042 revocatis,
2411 1977 2554 2030 velut
2593 1977 2644 2030 in
2698 1977 3056 2032 conclusione
3120 1991 3236 2031 rem
3311 1975 3558 2044 cXplice-

282 2087 423 2124 mus.

351 2161 504 2218 Εῐναι
537 2124 643 2232 μὲν.
670 2163 764 2218 οὖν
796 2181 940 2233 φημι
977 2161 1074 2232 τὴν
1098 2161 1300 2233 ψυχὴν,
1334 2161 1428 2214 καὶ
1453 2162 1634 2215 πάντα
1662 2160 1728 2215 τὰ
1761 2163 1850 2214 αὑ-

2037 2131 2139 2214 Ᾰῖο
2186 2159 2354 2229 igitur
2391 2168 2446 2214 et
2473 2159 2715 2213 animum
2751 2170 2804 2215 et
2846 2177 3040 2216 omnes
3086 2161 3202 2230 ejus
3233 2171 3436 2228 partes,
3472 2161 3551 2215 uti

274 2259 378 2326 τῆς
411 2259 578 2328 μέλη,
607 2259 682 2322 ὡς
716 2258 782 2310 ἄν
815 2275 898 2319 τις
933 2259 1100 2322 εἴποι,
1131 2259 1226 2310 καὶ
1260 2257 1361 2316 τὰς
1384 2255 1668 2324 δυνάμεις,
1701 2256 1852 2324 παρὰ

274 2350 434 2402 Θεοῦ.
485 2347 607 2410 Πῶς
637 2349 746 2417 γὰρ
779 2345 841 2400 οὗ
874 2364 888 2412 ;
923 2344 1066 2400 εἶναι
1108 2347 1163 2398 δὲ
1213 2346 1353 2398 καλὰ
1396 2348 1495 2398 καὶ
1537 2346 1740 2414 ἀγαθὰ,
1773 2346 1848 2406 ὡς

274 2442 386 2494 ἀπὸ
432 2439 593 2494 Θεοῦ.
637 2440 808 2492 Τοῦτο
847 2441 954 2508 γὰρ
989 2440 1192 2501 πάσαις
1243 2441 1537 2506 ἀνάγκαις.
1587 2440 1696 2492 Καὶ
1749 2437 1850 2508 τὴν

273 2533 576 2603 ἐπιθυμίαν
623 2533 690 2586 αὖ
729 2534 913 2599 πάλιν,
943 2533 1037 2587 ἆτε
1067 2534 1166 2604 τὴν
1210 2533 1392 2602 ψυχὴν
1419 2531 1739 2585 τελειοῦσαν
1769 2531 1847 2600 τῷ

273 2627 406 2696 παρ’
433 2628 633 2697 ἑαυτῆς
680 2626 859 2698 μέρει.
887 2628 981 2680 καὶ
1012 2627 1154 2680 κατὰ
1180 2627 1341 2679 τοῦτο
1371 2626 1589 2695 ἀγαθήν
1610 2643 1624 2658 ·
1653 2625 1715 2679 τὸ
1741 2626 1850 2694 γὰρ

274 2721 484 2784 ἀτελὲς,
513 2721 573 2772 οὐ
605 2720 790 2773 καλόν.
828 2721 916 2783 Ὧς
948 2720 1005 2773 δὲ
1035 2721 1131 2773 καὶ
1165 2721 1264 2788 τὴν
1293 2721 1490 2787 ἡδονὴν
1531 2719 1697 2790 ἔχειν,
1728 2720 1762 2790 ἦ
1790 2737 1850 2772 τε

272 2812 367 2863 τὸν
395 2810 508 2879 βίον
544 2813 678 2880 ἡμῖν
717 2812 1025 2881 συνίστησι,
1058 2812 1153 2864 καὶ
1200 2811 1268 2863 δι’
1299 2811 1365 2880 ἢν
1413 2810 1474 2862 τὸ
1517 2810 1849 2880 ἐπιθυμητι-

274 2905 372 2957 κὸν
406 2906 628 2974 ἐνεργόν
674 2909 824 2959 ἐστιν
859 2909 916 2959 ἐν
955 2908 1114 2976 ἡμῖν,
1147 2905 1242 2959 καὶ
1281 2907 1379 2975 οὐχ
1413 2905 1487 2967 ὡς
1538 2907 1734 2976 νεκρὸν
1762 2909 1851 2960 οὑ-

270 2998 408 3050 τωσὶ
455 3001 728 3066 κείμενον,
759 2999 993 3069 δυνάμει
1033 3000 1195 3068 μόνον
1232 3000 1292 3052 τὸ
1325 2999 1520 3052 ἑαυτοῦ
1567 3001 1848 3069 κεκτημέο

271 3109 384 3146 νον.
416 3092 525 3146 Καὶ
573 3093 876 3161 ἐπειδήπερ
909 3092 1064 3146 ταῦτ’
1104 3093 1278 3155 οὕτως
1332 3094 1468 3162 ἔχει,
1501 3095 1593 3147 καὶ
1640 3091 1709 3145 τὰ
1748 3092 1848 3161 τῆς

271 3184 558 3254 ζητήσεως
605 3185 756 3247 τέλος
809 3184 974 3253 ἴσχει,
1014 3185 1106 3236 καὶ
1139 3183 1347 3252 ἀγαθὸν
1394 3185 1455 3237 τὸ
1501 3187 1602 3254 τῆς
1649 3184 1846 3254 ἡδονῆς

269 3278 406 3346 ἡμῖν
435 3277 812 3329 ἀποδέδεικται
844 3275 1039 3346 χρῆμα
1071 3277 1182 3328 τῶν
1216 3294 1275 3330 τε
1310 3277 1486 3330 ἄλλων
1534 3277 1718 3339 ἕνεκα,
1753 3277 1850 3330 καὶ

268 3367 346 3429 ὡς
384 3367 491 3419 ἀπὸ
515 3367 654 3421 Θεοῦ
687 3368 973 3437 δεδομένον
1004 3370 1070 3438 τῇ
1098 3385 1160 3420 τε
1201 3368 1394 3438 λογικῇ
1428 3370 1522 3422 καὶ
1549 3369 1845 3440 αἰσθητικῇ

269 3457 470 3524 φύσειο
496 3458 551 3510 τί
590 3457 655 3529 δὴ
695 3458 801 3529 φῂς
835 3459 864 3509 ό
901 3457 1002 3527 τὴν
1039 3459 1230 3529 ἡδονὴν
1275 3459 1463 3522 ἁπλῶς
1505 3459 1850 3525 διαϐάλλων;

1971 2256 2093 2326 quis
2120 2270 2212 2309 eas
2260 2254 2638 2322 appellaverit,
2689 2270 2989 2322 omnesque
3021 2254 3331 2320 facultates,
3377 2271 3406 2308 a
3439 2255 3550 2308 Deo

1969 2363 2110 2403 esse.
2145 2347 2255 2401 Cur
2284 2347 2426 2400 enim
2477 2363 2582 2400 non
2617 2347 2774 2400 sint?
2813 2346 3004 2400 itidem
3035 2363 3156 2402 cum
3198 2361 3226 2400 a
3269 2347 3380 2401 Deo
3414 2349 3548 2413 sint,

1968 2456 2094 2497 esse
2123 2456 2210 2496 res
2233 2441 2481 2512 egregias
2514 2450 2569 2494 et
2590 2439 2766 2494 bonas
2789 2458 2803 2498 ε
2829 2456 2953 2494 nam
2990 2441 3092 2494 hoc
3118 2442 3339 2494 omnino
3365 2456 3554 2494 neces-

1969 2531 2173 2584 sarium
2208 2539 2309 2584 est.
2357 2529 2568 2586 Rursus
2605 2529 2904 2597 appetitum
2963 2543 3178 2598 quoque
3229 2543 3354 2582 cum
3397 2528 3546 2594 adje-

1969 2622 2152 2677 ctione
2193 2621 2364 2690 partis
2405 2637 2518 2676 sua:
2569 2622 2873 2690 perfectum
2928 2623 3227 2676 constituat
3277 2621 3545 2685 animum,

1968 2720 2072 2774 hac
2107 2720 2223 2789 ipsa
2270 2719 2337 2774 de
2363 2734 2526 2774 causa
2568 2720 2767 2774 bonum
2808 2734 2952 2785 esse;
3005 2736 3129 2773 nam
3162 2723 3306 2787 quod
3348 2722 3548 2790 imper-

1967 2811 2195 2877 fectum,
2222 2812 2423 2868 bonum
2443 2828 2563 2868 esse
2587 2815 2795 2883 nequit.
2831 2811 3088 2866 Eamdem
3122 2830 3244 2869 esse
3274 2815 3542 2869 rationem

1971 2905 2288 2975 voluptatis,
2322 2920 2444 2974 qua:
2475 2905 2640 2959 vitam
2678 2915 2922 2960 nostram
2953 2905 3131 2971 fulcit,
3163 2917 3219 2962 et
3258 2923 3354 2976 per
3384 2924 3546 2979 quam

1965 2999 2046 3052 vis
2076 3007 2336 3065 appetens
2370 2999 2422 3052 in
2457 2997 2614 3054 nobis
2648 3008 2731 3052 est
2759 2998 2972 3062 enicas,
3001 3015 3102 3054 nec
3131 3002 3288 3068 quasi
3324 3002 3368 3056 si
3402 3017 3549 3055 mor-

1967 3102 2058 3145 tua
2099 3091 2333 3160 iaceret,
2380 3099 2648 3160 potestate
2688 3091 2955 3146 duntaxat
2986 3092 3094 3146 vim
3127 3108 3282 3146 suam
3312 3095 3542 3151 obtinet.

1965 3183 2094 3249 Quae
2129 3196 2249 3236 cum
2281 3181 2353 3236 ita
2382 3182 2515 3246 sint,
2558 3191 2612 3236 et
2653 3183 2718 3236 ad
2753 3182 2914 3236 tinem
2947 3183 3205 3252 perducta
3241 3186 3547 3253 quaestione

1959 3275 2068 3343 jam
2096 3274 2163 3327 sit
2189 3267 2651 3340 demonstratum,
2675 3275 3006 3342 voluptatem
3027 3290 3148 3330 esse
3179 3291 3291 3330 rem
3317 3277 3548 3345 bonam,

1961 3380 2087 3421 cum
2124 3366 2260 3421 alias
2294 3367 2365 3420 ob
2399 3381 2617 3428 causas,
2649 3376 2760 3420 tum
2793 3366 2936 3436 quod
2969 3383 2996 3419 a
3032 3367 3142 3422 Deo
3177 3377 3288 3423 tam
3315 3369 3546 3425 rationis

1963 3473 2124 3528 quam
2161 3474 2359 3514 sensus
2413 3459 2665 3529 participi
2703 3467 2910 3514 natura:
2965 3459 3036 3514 sit
3075 3475 3361 3526 concessa,
3414 3463 3544 3531 quid

271 3550 335 3602 Εί
365 3549 472 3620 γὰρ
501 3552 735 3621 σιωπᾷς,
767 3551 928 3614 αὐτὸς
963 3551 1071 3623 ὲρῶ
1098 3569 1180 3605 σοι
1208 3551 1524 3607 τελευταῖον
1548 3552 1679 3620 ἐγὼ.
1714 3554 1850 3625 ὅπερ

1963 3560 2018 3604 ιιι
2054 3553 2269 3606 tandem
2295 3553 2400 3616 eis,
2429 3554 2522 3621 qui
2560 3553 2892 3622 voluptatem
2925 3552 3254 3622 simpliciter
3282 3556 3544 3609 crimina-

270 3643 338 3694 ἂν
366 3642 539 3712 ἡδέως
590 3642 872 3709 ἀκούσαις,
919 3639 1098 3713 οἶμαι.
1144 3645 1287 3712 Ἐγώ
1347 3663 1442 3698 σου
1497 3647 1625 3710 τοὺς
1653 3647 1850 3714 λόγους

269 3737 645 3804 ὲπικυρώσας,
680 3737 748 3789 δι’
795 3730 869 3792 ὧν
919 3739 984 3790 σὺ
1020 3738 1119 3809 τὴν
1167 3740 1351 3792 εἰκόνα
1397 3743 1498 3804 τῆς
1529 3740 1724 3810 ἡδονῆς
1759 3759 1850 3810 μι-

268 3827 406 3895 κροῦ
467 3829 752 3898 συντόμως
806 3830 1302 3900 ἀνεζωγράφησας,
1353 3832 1412 3884 ἓν
1460 3833 1524 3899 γε
1580 3850 1632 3886 τι
1686 3833 1896 3902 μόνονι

264 3922 554 3991 ἀποκυρῶ,
589 3922 651 3975 τὸ
682 3924 827 3976 κατὰ
857 3924 1077 3976 πάντων
1106 3924 1363 3976 τοσοῦτον
1397 3927 1647 3994 νομίζειν
1674 3925 1847 3996 αὐτὴν

261 4015 548 4080 δύνασθαι,
603 4016 678 4078 ὡς
709 4016 908 4086 μικροῦ
945 4018 1178 4086 μάταιον
1224 4013 1367 4071 εἶναι
1403 4021 1583 4071 πᾶσαν
1637 4017 1847 4088 ἀνθρω-

263 4107 430 4176 πίνην
454 4111 713 4178 σπουδὴν,
744 4110 1037 4162 ἐθελόντων
1059 4112 1196 4180 πρὸς
1221 4111 1435 4181 ἐκείνην
1453 4111 1842 4180 ἀγωνίζεσθαι.

261 4198 327 4250 Et
361 4198 494 4265 γοῦν
521 4203 616 4253 καὶ
644 4201 792 4269 αὑτῷ
829 4218 912 4253 σοι
942 4201 1120 4255 ταῦτα
1167 4203 1337 4268 δοκεῖ,
1378 4203 1474 4256 καὶ
1517 4203 1617 4272 τὴν
1647 4203 1845 4273 ἡδονὴν

259 4291 512 4358 νομίζεις
546 4295 646 4362 τὴν
679 4293 822 4364 ὑπὲρ
856 4296 1070 4364 χρείαν.
1102 4294 1199 4366 τὴν
1228 4297 1493 4366 ἄκοσμον,
1533 4296 1632 4367 τὴν
1665 4297 1844 4351 πάντα

257 4387 554 4456 ὲπιὸλαϐἦ,
587 4387 820 4460 δυνατὴν
869 4390 968 4458 μὲν
1007 4389 1296 4442 ἀσθενοῦσι
1344 4390 1444 4458 τὴν
1486 4390 1838 4460 προαίρεσιν,

254 4477 464 4547 ἀσθενῆ
493 4477 550 4530 δὲ
594 4477 920 4548 δυναμένοις
962 4479 1101 4550 ὀρθὰ
1135 4479 1473 4548 λογίζεσθαι,
1516 4482 1610 4534 καὶ
1662 4481 1841 4534 ποιεῖν

255 4570 560 4634 ἐθέλουσιν,
592 4571 985 4639 ἀλογίξονταιο
1017 4571 1329 4642 εὔγνωμον,
1363 4569 1838 4644 οἷμαι,ποιήσεις,

257 4659 407 4736 ἶν’ᾖς
427 4664 491 4715 ἐκ
513 4665 713 4733 μέρους
730 4664 1002 4732 ἐπιεικὴς,
1026 4665 1124 4735 ἐμὲ
1141 4665 1276 4735 πρὸς
1293 4665 1452 4719 τοῦτο
1474 4667 1840 4736 μιμούμενος,

251 4754 380 4808 οὔτε
420 4755 599 4810 πάντα
633 4774 716 4809 σοι
759 4759 849 4812 τὸν
886 4757 1045 4825 λόγον
1078 4759 1433 4822 ἐπαινοῦντα,
1466 4761 1563 4812 καὶ⁵
1606 4761 1666 4814 οὺ
1704 4762 1840 4833 πρὸς

1960 3643 2081 3696 ris?
2114 3643 2250 3696 Nam
2281 3645 2327 3698 si
2369 3644 2592 3711 quidem
2640 3645 2754 3712 ipse
2776 3645 2927 3709 siles,
2969 3646 3144 3700 dicam
3182 3663 3287 3717 ego
3320 3647 3414 3702 tibi
3446 3663 3545 3717 po-

1959 3743 2221 3788 stremum
2260 3735 2403 3804 quod
2459 3735 2711 3789 lubenter
2751 3737 2969 3791 audies.
2996 3736 3352 3808 Conﬁrmatis
3383 3739 3544 3808 cqui-

1957 3829 2076 3881 dem
2107 3825 2368 3896 suffragio
2391 3842 2512 3881 meo
2540 3828 2845 3883 rationibus
2870 3829 2997 3892 tuis,
3021 3829 3219 3898 quibus
3245 3829 3537 3898 imaginem

1958 3920 2254 3989 voluptatis
2291 3920 2530 3974 breviter
2558 3921 2898 3990 expressisti,
2930 3937 3097 3974 unum
3133 3924 3234 3976 hoc
3270 3922 3541 3976 duntaxat

1955 4015 2159 4084 abrogo
2189 4015 2336 4084 quod
2360 4015 2622 4068 adversus
2653 4029 2846 4069 omnes
2871 4030 2990 4068 eam
3029 4022 3238 4068 tantum
3262 4029 3422 4084 posse
3451 4029 3536 4068 ar-

1953 4109 2493 4172 bitraris,utvattum
2531 4123 2700 4177 prope
2736 4108 2807 4162 sit
2839 4123 3002 4162 omne
3047 4109 3290 4162 studium
3334 4121 3539 4165 morta-

1955 4199 2086 4254 lium
2111 4202 2202 4271 qui
2243 4212 2522 4255 certamen
2571 4201 2836 4255 adversus
2865 4217 2986 4256 eam
3034 4185 3313 4272 Suspicere
3344 4203 3536 4258 velint.

1955 4293 2160 4349 Saltem
2193 4295 2239 4348 si
2274 4295 2388 4349 hrcc
2432 4293 2526 4347 tibi
2569 4308 2787 4362 quoque
2812 4294 3086 4358 videntur,
3113 4297 3225 4349 etsi
3264 4305 3422 4365 putas
3439 4313 3538 4352 vo-

1951 4388 2214 4456 lnptatem
2255 4385 2608 4455 superﬂuam,
2637 4387 3009 4451 inhonestam,
3037 4388 3263 4442 omnino
3290 4391 3535 4456 noxiam,

1951 4480 2216 4534 valentem
2255 4479 2473 4548 quidem
2502 4494 2627 4534 esse
2655 4479 2708 4534 in
2743 4481 2808 4534 iis
2835 4495 3064 4549 quorum
3092 4481 3143 4533 in
3179 4481 3428 4549 eligendo
3456 4481 3536 4534 vis

1949 4573 2114 4626 animi
2151 4573 2341 4626 debilis
2373 4579 2479 4636 est,
2512 4581 2566 4626 at
2603 4571 2900 4627 invalidam
2928 4572 2982 4625 in
3011 4572 3120 4626 illis
3151 4573 3242 4641 qui
3271 4584 3421 4626 recte
3447 4587 3534 4626 res

1948 4665 2223 4719 aestimare
2258 4673 2508 4733 possunt,
2549 4672 2605 4717 et
2631 4679 2751 4733 qua:
2783 4663 2992 4717 ducunt
3026 4677 3148 4717 esse
3178 4664 3314 4717 bona
3351 4663 3534 4718 facere

1951 4757 2158 4822 volunt,
2188 4771 2406 4825 aequum
2441 4767 2491 4810 te
2526 4771 2708 4825 geres,
2739 4754 2959 4822 opinor,
2997 4763 3056 4808 ut
3087 4769 3152 4808 ex
3191 4767 3345 4821 parte
3382 4756 3532 4808 scili-

251 4849 439 4902 πάντα
501 4849 876 4920 μεμφόμενον.
935 4852 1044 4904 Kal.
1078 4851 1206 4921 μὴν,
1242 4853 1290 4904 εἰ
1338 4851 1517 4921 ἔγωγε
1575 4855 1689 4916 τοῖς
1726 4855 1838 4916 σοῖς

1960 4859 2034 4905 :et
2071 4849 2386 4905 moderatus
2432 4849 2529 4914 sis,
2570 4848 2883 4918 exemplum
2920 4861 3098 4901 meum
3127 4847 3399 4912 imitatus,
3431 4849 3527 4917 qui

252 4940 540 5011 συμφαίην
591 4942 650 5008 ἐξ
698 4943 983 5012 ἡμισείας,
1025 4945 1120 4997 καὶ
1155 4945 1220 4998 σὺ
1271 4943 1436 4997 ταυτό
1480 4960 1543 5013 γε
1600 4945 1840 5015 πράξαις

249 5035 394 5103 πρὸς
446 5033 632 5103 τάμὰ,
697 5036 1018 5106 συνᾴδοντες
1075 5035 1326 5106 ἀλλήλοις
1384 5036 1834 5106 εὑρεθησόμεθα’

249 5127 552 5196 καλλίστην
607 5127 728 5197 μὲν,
785 5129 879 5181 καὶ
933 5129 1169 5199 ἀγαθὴν,
1225 5129 1320 5182 καὶ
1379 5127 1683 5198 ὠφέλιμον,
1736 5127 1837 5201 τὴν

249 5221 559 5288 ἀναγκαίαν
599 5222 693 5274 καὶ
743 5220 982 5291 κοσμίαν
1020 5221 1218 5292 ἡδονὴν
1266 5222 1743 5304 ἅνακηριξττοντές
1773 5241 1834 5275 τε

247 5316 346 5368 καὶ
371 5315 807 5384 ἀποφαίνοντεςο
841 5315 942 5384 τὴν
972 5315 1029 5369 δὲ
1062 5315 1469 5380 πλεονάζουσαν
1499 5333 1558 5369 τε
1591 5319 1685 5368 καὶ
1705 5317 1834 5372 ἄκο-

249 5425 390 5478 σμον
420 5409 738 5461 τούναντίον
765 5409 827 5462 οὐ
863 5409 1058 5479 καλὴν,
1084 5410 1207 5463 οὐδὲ
1229 5409 1466 5479 ἀγαθὴν,
1492 5409 1604 5463 οὐδ’
1632 5409 1831 5477 ὠφέλι-

247 5517 387 5570 μονο
423 5503 518 5555 καί⁵
557 5503 683 5565 τοὺς
720 5501 858 5572 αὐτῇ
907 5518 971 5570 γε
1006 5503 1334 5573 χρωμένους
1366 5503 1466 5555 οὐκ
1517 5504 1577 5556 ὲν
1629 5501 1827 5574 καιρῷ,

243 5593 358 5646 οὐδ’
401 5595 460 5645 ὲν
496 5595 707 5664 μέτρῳ,
759 5595 835 5664 μὴ
887 5599 1021 5667 παρ’
1050 5595 1250 5666 αὐτῆς,
1304 5594 1420 5647 ἀλλ’
1466 5593 1681 5648 οἴκοθεν
1730 5596 1831 5663 τὴν

246 5685 454 5756 βδιάσην
497 5686 845 5758 δεχομένους,
880 5688 956 5754 ὡς
1008 5690 1151 5758 σφᾶς
1204 5689 1402 5752 αὐτοὺς
1457 5688 1828 5752 ἐκδεδωκότας

241 5783 377 5843 ταῖς·
419 5782 862 5850 παραχρήσεσιν.
911 5769 1065 5836 Ἐπεὶ
1111 5787 1204 5836 καὶ
1251 5782 1427 5835 πάντα
1458 5780 1554 5834 τοῦ
1608 5780 1726 5851 βίου
1762 5782 1828 5838 τὰ

247 5874 429 5943 ἀγαθὰ
463 5875 542 5939 είς
570 5874 738 5931 κακὸν
765 5875 852 5942 ἂν,
885 5877 962 5942 ὡς
987 5878 1186 5945 εἰπεῖν,
1218 5874 1536 5949 μεταϐάλοι,
1566 5875 1620 5928 εί
1650 5892 1734 5939 τις
1762 5891 1824 5946 γε

1944 4959 2046 5000 nec
2081 4959 2298 4999 onmem
2331 4943 2636 4998 orationem
2667 4953 2815 4996 luent
2845 4941 3030 5004 laudo,
3061 4955 3159 4994 nec
3196 4941 3246 4992 in
3275 4941 3528 4997 omnibus

1943 5037 2309 5107 reprehendo.
2334 5036 2495 5104 Atqui
2524 5035 2568 5088 si
2608 5035 2717 5089 tuis
2734 5049 2834 5103 ego
2866 5034 3140 5087 assentiar
3174 5035 3521 5100 eat-semisse,

1947 5139 2116 5200 tuque
2147 5127 2392 5182 vicissim
2429 5129 2483 5182 in
2524 5127 2660 5182 meis
2695 5127 2837 5180 idem
2892 5125 3110 5190 feceris,
3171 5125 3309 5178 alter
3364 5124 3520 5180 alteri

1943 5221 2263 5276 consentire
2313 5221 2807 5288 deprchendemur,
2840 5220 2931 5288 qui
2971 5219 3428 5286 pulcherrimam,
3470 5231 3524 5273 et

1942 5313 2164 5377 bonam,
2195 5321 2249 5366 et
2271 5313 2456 5367 utilem
2487 5311 2842 5379 prtedicemus
2874 5325 2936 5364 ac
2961 5313 3378 5380 pronuntiemus
3403 5328 3521 5366 eam

1937 5407 2269 5476 voluptatem
2295 5421 2418 5475 qua:
2450 5405 2785 5470 necessaria,
2819 5420 2939 5474 quae
2964 5404 3169 5460 decens
3199 5420 3263 5460 ac
3296 5406 3524 5460 honesta

1938 5501 2050 5565 sit;
2088 5499 2314 5570 viceque
2355 5514 2510 5555 versa
2551 5514 2658 5554 non
2691 5500 3003 5567 honestam,
3040 5514 3140 5554 nec
3170 5500 3389 5562 bonam,
3425 5515 3525 5554 nec

1941 5591 2154 5657 utilem,
2187 5605 2310 5660 qut’e
2339 5591 2560 5645 modum
2595 5592 2824 5645 excedat
2858 5603 2913 5646 et
2957 5606 3155 5662 expers
3189 5592 3262 5646 sit
3290 5591 3472 5645 decori
3504 5607 3519 5644 :

1938 5687 2032 5756 qui
2057 5686 2294 5755 denique
2326 5686 2606 5754 voluptate
2634 5700 2739 5739 non
2769 5694 3075 5754 Opportune
3104 5699 3204 5737 nec
3239 5685 3518 5736 moderate
3545 5711 3550 5716 -

1937 5787 2184 5844 utantur,
2222 5792 2316 5832 eos
2340 5794 2447 5832 non
2480 5794 2508 5830 a
2543 5777 2837 5847 voluptate,
2874 5779 2968 5831 sed
3001 5776 3200 5845 scipsis
3232 5776 3522 5829 detrimen-

1940 5881 2049 5927 tum
2086 5873 2357 5942 accipere,
2395 5886 2518 5928 cum
2567 5872 2774 5942 scipsos
2804 5872 3063 5926 abusibns
3097 5871 3318 5938 dedant,
3349 5885 3514 5940 quan»
