3958 6414
496 316 608 385 483
1665 327 2064 392 MANUELIS
2103 334 2552 422 PAL‘AZOLOGI
3507 307 3511 311 ’
3623 354 3717 424 Lai

496 438 793 517 doquidem
823 440 1008 496 omnia
1031 456 1250 512 quoque
1273 444 1400 501 vita:
1431 445 1574 502 bona
1597 447 1651 502 in
1678 450 1906 516 malum,
1934 460 1995 506 ut
2015 451 2060 506 it.

2197 454 2349 521 παρὰ
2381 454 2482 525 τὴν
2524 457 2718 527 χρείαν
2758 461 2943 527 αὐτοτς
2994 463 3196 536 χρῷτο.
3246 467 3380 536 "Ayz
3422 462 3527 534 οὖν,
3560 473 3609 527 tl
3649 492 3718 529 σοι

494 530 755 595 dixerint,
794 540 1005 587 mutata
1033 541 1351 602 transeunt,
1386 536 1433 593 si
1469 538 1593 606 quis
1627 538 1736 593 illis
1767 550 1964 607 praeter
1991 556 2060 597 ne

2189 545 2360 614 δοκεῖ,
2409 550 2716 620 συμΰῶμεν
2758 553 2878 624 ἅμα
2926 530 3045 621 toi;
3071 530 3271 628 λόγοις.
3301 530 3433 625 Ϋοὺς
3458 530 3558 634 γάρ
3593 566 3720 636 λογι-

495 621 814 676 cessitatcm
849 633 1056 691 utatur.
1096 626 1211 698 Age
1239 627 1429 697 igitur,
1461 630 1736 699 siquidem
1764 632 1836 685 ita
1876 633 1975 688 tibi
2003 634 2054 688 vi

2192 638 2366 707 σμοὺς
2395 640 2529 708 ἡμῖν
2568 642 2648 706 είς
2677 621 2876 700 ταυτὸν
2903 645 3046 704 εἶναι
3075 621 3305 720 νομίξω.
3339 621 3613 726 Ἀγᾶρισὺ
3633 621 3723 729 vii:

420 766 425 771 .
494 712 679 780 detur,
711 716 896 770 verbis
926 717 1147 773 tandem
1176 719 1228 774 in
1257 736 1424 776 unum
1447 737 1725 790 coeamus,
1754 725 1983 795 quando
2000 740 2055 779 ra

2187 735 2290 800 τῆς
2318 733 2510 804 ἡδονῆς
2534 731 2696 802 εἶναι,
2724 738 2823 809 τὴν
2846 712 3157 815 ὑπερϐολὴν
3178 712 3272 799 καὶ
3294 747 3390 816 τὴν
3418 712 3723 818 πλεονεξίαν,

493 806 678 864 tiones
714 820 934 867 nostras
981 812 1174 868 eodem
1222 816 1447 870 tendere
1497 816 1757 872 arbitror.
1795 816 1929 872 Nam
1967 833 2060 888 qua

2189 825 2287 879 ἐπὶ
2315 825 2426 879 τῶν
2463 806 2831 885 ἀπολαυστῶν
2862 806 3125 897 πάντων..
3139 836 3293 890 ταῦτ’
3322 806 3428 905 ἐγώ
3456 855 3590 908 φημι
3610 806 3728 910 ius:

414 924 417 927 λ
492 898 755 966 voluptati
791 911 845 955 ιιι
886 902 1105 967 tribuis,
1139 907 1584 974 exsuperantiam
1641 907 1852 964 scilicet
1891 923 2060 965 exces

2189 934 2327 987 τερα
2361 914 2524 975 εἶναι.
2556 922 2710 976 'Qa'r‘
2744 927 2803 979 ἐν
2832 925 3015 994 λόγοις
3044 929 3177 998 ἡμῖν
3207 932 3239 1001 ὴ
3270 898 3606 1001 enimet-'06

490 1004 729 1061 sumque
756 992 918 1048 rebus
943 994 997 1048 in
1028 996 1284 1052 omnibus
1304 1012 1536 1066 quorum
1562 997 1751 1054 fruitio
1780 1002 2081 1070 expetitur,

487 1094 559 1134 ea
589 1081 833 1137 vicissim
855 1099 956 1153 ego
984 1094 1169 1141 nostra
1197 1101 1320 1145 esse
1354 1088 1461 1144 aio.
1482 1086 1851 1155 Quamobrem
1876 1091 2080 1157 verbis,

487 1183 598 1224 non
659 1174 947 1228 sententiis
995 1175 1352 1251 dissidemus.
1403 1175 1525 1233 Tibi
1560 1179 1783 1248 quidem
1830 1178 1876 1236 si
1932 1179 2081 1249 quod

485 1259 692 1329 bonum
712 1273 822 1331 εει,
850 1265 1128 1336 appellare
1153 1268 1491 1339 voluptatem
1520 1270 1720 1339 placet,
1745 1278 1798 1325 et
1828 1272 2076 1329 eamdem

2189 1004 2498 1077 λογισμοῖς.
2542 1009 2685 1066 Ἀλλ’
2713 1015 2768 1069 εί
2802 1016 2861 1069 τί
2892 1035 2975 1071 σοι
3006 1019 3170 1073 καλὸν
3212 1021 3357 1075 δοκεῖ
3387 1022 3536 1077 τοῦτο
3566 1024 3728 1078 καλεῖν

2190 1095 2409 1165 ἡδονὴν,
2466 1099 2568 1171 τὴν
2629 1101 2675 1156 δ’
2723 1101 2897 1175 αὐτὴν
2940 1112 3317 1183 παράχρησιν,
3375 1114 3435 1167 οὐ
3468 1115 3729 1185 διοίσομαι.

2188 1186 2373 1347 λιξόνίιέ
2394 1190 2480 1255 δός
2512 1210 2605 1263 μοι
2629 1195 2725 1249 καὶ
2749 1196 2915 1265 αὐτὸς
2936 1202 3158 1272 ἀγαθὸν
3173 1203 3274 1276 τὴν
3297 1204 3600 1277 σύμμετρον
3625 1207 3731 1278 ﬂoo-

2187 1294 2216 1329 ν
2256 1294 2285 1329 ν
2381 1298 2527 1350 γειν.

486 1352 718 1464 abusum
766 1357 971 1464 dicere,
1024 1376 1132 1416 non
1182 1362 1547 1431 dissentiam;
1613 1364 1805 1421 saltem
1854 1381 1911 1423 et
1950 1366 2065 1437 ipse
2102 1369 2239 1427 mibi
2268 1380 2576 1452 concedite,
2604 1384 2947 1444 moderatam
2970 1397 3031 1446 ut
3083 1391 3583 1464 voluptatem-esse
3632 1407 3729 1451 rem

482 1443 684 1500 bonam
723 1447 1005 1517 proﬁtear.

1074 1567 1338 1626 ORATIO
1385 1569 1474 1625 Vl.

484 1653 776 1731 Peccatum
813 1674 927 1711 esse
973 1659 1233 1731 quiddam
1259 1661 1411 1729 longe
1444 1662 1751 1731 pessimum.
1784 1663 2068 1721 Neminem

556 1743 678 1805 vero
709 1727 991 1805 desperare
1018 1729 1202 1805 debere
1222 1748 1315 1785 nec
1345 1727 1407 1785 de
1435 1727 1631 1805 seipse,
1659 1751 1749 1789 nec
1777 1736 1841 1791 de
1873 1736 2067 1805 altero,

553 1799 646 1886 sed
693 1797 1247 1886 judigaynseipsuui,
1297 1810 1353 1886 et.
1400 1797 1524 1882 non.
1548 1797 1817 1886 alterum;
1850 1823 1945 1861 nec
1983 1797 2070 1863 eos
2106 1798 2146 1854 Β

554 1864 728 1946 odisse
754 1870 844 1935 qui
870 1864 1353 1946 deliquerunt,_sed
1384 1874 1636 1946 miserari
1660 1890 1678 1938 ;
1709 1864 1875 1946 deque
1901 1880 2069 1946 pmui-
2244 1864 2475 1945 Eafa):

554 1941 742 2002 tentia,
769 1948 820 1992 et
849 1941 1183 2004 providentia
1225 1943 1345 2008 Dei,
1376 1953 1424 1996 et
1455 1943 1762 2009 dilectione,
1786 1941 1836 2001 et
1882 1941 1938 2001 in
1972 1950 2067 2002 Ito-

551 2012 718 2062 mines
744 2010 1050 2063 clementia.

550 2099 826 2156 Hactenus
865 2105 931 2157 de
982 2101 1263 2172 voluptate
1312 2104 1697 2172 disseruimus,
1752 2118 1809 2164 ut
1845 2109 2062 2180 quidem

476 2194 659 2259 licuit,
693 2194 1113 2265 iustitutamque
1144 2198 1211 2252 de
1234 2196 1336 2251 hac
1363 2200 1671 2254 orationem
1688 2203 2061 2261 exhibuimus.

479 2288 560 2342 Ac
589 2287 664 2344 sit
697 2302 978 2354 sane,non
1008 2304 1234 2357 prorsus
1265 2299 1322 2344 ut
1358 2306 1387 2345 a
1418 2293 1602 2348 decori
1636 2300 1848 2350 ratione
1879 2312 2067 2353 reces-

2702 1554 2707 1557 ’
2791 1591 3014 1646 ΛΟΓΟΣ
3053 1591 3144 1663 ς’.

2351 1679 2390 1747 ἠ
2426 1680 2547 1759 ger
2579 1681 2839 1759 ἁμαρτία
2875 1687 2947 1759 τὸ
2992 1688 3246 1744 πάντων
3288 1690 3624 1759 χείριστον
3652 1689 3734 1744 δεῖ

2248 1748 2319 1829 ge
2341 1750 2580 1818 μηδένα
2607 1748 3095 1829 ξάπογινῴσξκειν,
3123 1748 3561 1829 μήτε”ἐᾶυτὸν.
3595 1762 3731 1829 μήτε

2179 1673 2312 1731 Ὀτι

2468 1864 2480 1909 ,‘
2517 1823 2769 1909 κρίνειν
2798 1827 2879 1909 δὲ.
2916 1823 3158 1909 ἐαυτριῖ,
3195 1823 3307 1909 νιοξί

2247 1892 2347 1969 καί
2386 1892 2531 1969 τοὺς
2569 1893 2990 1969 ἡμαρτηκότας
3014 1902 3087 1953 οὑ
3118 1892 3344 1965 μισεῖν,
3371 1892 3508 1955 ἀλλ’
3537 1892 3728 1969 ἐλεεῖν

2241 1961 2344 2039 καί
2394 1964 2527 2031 περὶ
2565 1961 2930 2039 μετανοίας,
2962 1961 3061 2025 καί
3102 1961 3214 2039 τῆς
3265 1961 3373 2027 τοῦ
3416 1962 3575 2027 Θεοῦ⁸
3605 1987 3733 2039 προσ

2243 2033 2440 2098 νοίιις,
2479 2034 2580 2088 καί
2615 2036 2862 2107 ἀγάπης
2890 2033 2997 2093 ίκαί
3029 2033 3509 2110 φιλανθρωπίας.

2242 2125 2381 2193 Περὶ
2426 2127 3182 2203 ήδονῆςρπροδιαλεχθέντες,
3211 2134 3291 2200 ὡς
3341 2130 3445 2189 οἷοί
3489 2134 3537 2187 τ’
3581 2128 3727 2205 ἦμεν,

2169 2215 2602 2289 ἀποδεδώκαμεν
2643 2221 2737 2276 τὸν
2784 2226 2914 2294 περὶ
2947 2229 3186 2299 ταυτησὶ
3209 2229 3374 2296 λόγον
3394 2245 3409 2261 ο
3446 2229 3538 2282 καὶ⁸
3570 2227 3646 2294 εἴη
3672 2242 3726 2293 γε

2171 2306 2248 2377 μὴ
2279 2309 2562 2374 παντελῶς
2591 2311 2686 2365 τοῦ
2734 2315 3045 2383 πρέποντος
3098 2317 3584 2381 ἀποπεπωκέναι,
3610 2316 3730 2369 ἀλλὰ

476 2380 737 2447 serimus,
769 2382 864 2436 sed
903 2381 1001 2436 visi
1040 2382 1232 2437 saltem
1268 2383 1443 2438 simus
1479 2387 1823 2443 auditoribus
1863 2392 2060 2446 nostris

2172 2398 2412 2470 μετρίως
2468 2403 2602 2470 γοῦν
2659 2380 2844 2470 καλῶς
2903 2405 2995 2460 τὸν
3042 2410 3172 2478 περὶ
3230 2409 3337 2479 τῆς
3390 2408 3730 2478 ἐγχειρήεεως

474 2474 832 2530 mediocriter
882 2490 1149 2544 prospere
1206 2476 1611 2545 navigationem
1648 2491 1917 2551 susceptae
1954 2493 2060 2536 tra-

2169 2491 2340 2546 πλοῦν
2374 2493 2524 2560 δόξαι
2548 2498 2660 2561 τοῖς
2692 2498 2998 2555 ἀκούσασιν
3029 2474 3316 2572 ἠνυκέναιν.
3353 2474 3561 2557 Δειηῖδὲ
3594 2474 3728 2572 -ἠμᾶς

475 2569 736 2624 ctatlonis
776 2566 1101 2623 absolvisse.
1140 2566 1412 2622 Caeterum
1437 2569 1639 2626 debere
1668 2587 1768 2627 nos
1800 2574 2071 2640 arbitror,

468 2661 691 2716 ratione
723 2661 885 2730 bujus
910 2661 1063 2716 omni
1091 2660 1388 2731 explicata,
1414 2662 1690 2732 siquidem
1716 2664 1957 2719 olliciutn
1985 2666 2066 2719 t'a-

471 2767 600 2806 cere
659 2752 932 2815 velimus,
988 2753 1155 2806 etiam
1214 2756 1283 2809 de
1329 2754 1716 2824 desperatione
1763 2757 2060 2813 disserere.

473 2843 609 2900 Nam
645 2860 711 2901 ex
756 2844 1178 2914 intemperantia
1226 2848 1601 2918 voluptatibus
1641 2850 1905 2904 abutente
1936 2866 2061 2922 pec-

471 2949 593 2994 cata
627 2937 904 2994 uostrisin
936 2939 1137 2995 animis
1167 2949 1458 3010 emergunt
1487 2957 1502 3008 ;
1537 2941 1605 2997 de
1634 2939 1905 3011 frequenti
1934 2956 2062 3012 pec-

469 3039 594 3086 cato
635 3030 948 3100 desperatio
981 3032 1224 3099 exsistit,
1268 3047 1435 3103 quam
1487 3032 1688 3089 deinde
1742 3032 1917 3102 major
1948 3033 2053 3088 alia
2082 3038 2096 3048 ‘

467 3122 807 3189 comitatur;
856 3133 1019 3219 atque
1043 3125 1119 3179 ita
1154 3125 1282 3180 dum
1315 3126 1519 3179 malum
1565 3126 1742 3194 ipsum
1777 3127 2060 3197 progredi-
2084 3164 2127 3222 ο

470 3225 582 3279 tur,
632 3228 857 3271 necesse
892 3198 1109 3270 laudem
1142 3225 1227 3272 est
1268 3217 1319 3271 in
1372 3217 1648 3272 inﬁnitum
1690 3220 1926 3289 porrigi,
1959 3235 2057 3275 ex-

470 3312 822 3376 tremumque
855 3296 1055 3362 vulnus
1091 3308 1289 3364 animis
1312 3309 1505 3377 iulligi,
1539 3309 1665 3365 dum
1691 3311 1808 3366 lues
1837 3325 2057 3382 semper

467 3400 523 3456 in
551 3400 797 3456 deterius
826 3400 1023 3467 tendit,
1057 3402 1237 3457 minus
1273 3412 1330 3457 ut
1363 3416 1427 3458 ea
1459 3402 1678 3458 liberari
1712 3403 1893 3459 liceat.
1918 3404 2055 3457 Mul-

469 3504 556 3551 tos
601 3493 896 3549 admodum
930 3486 1182 3563 voluptas
1218 3503 1525 3564 prostratos
1562 3496 1798 3568 subegit,
1852 3497 2054 3550 multos

466 3588 631 3642 etiam
667 3587 992 3643 vulneribus
1026 3586 1231 3643 all‘ecit.
1266 3586 1343 3642 Ac
1374 3587 1642 3652 nonnulli,
1675 3587 1817 3658 quod
1854 3588 1908 3641 iu
1938 3589 2057 3643 atti-

465 3694 615 3736 mnm
661 3695 823 3736 suum
876 3680 1107 3734 viriliter
1157 3688 1374 3734 certare
1414 3694 1522 3734 non
1577 3678 1949 3746 induxissent,
1984 3694 2054 3734 ne

465 3774 707 3847 primatu
738 3772 959 3843 quidem
994 3772 1116 3840 ejus
1150 3772 1560 3842 aggressionem
1591 3772 1927 3835 sustinuere,
1957 3770 2052 3826 scd

460 3866 668 3936 captivi
702 3865 861 3934 plane
887 3864 1037 3933 facti,
1065 3873 1436 3936 spectatorum
1468 3864 1645 3920 sibilis
1675 3864 1880 3933 explosi
1905 3874 2052 3919 sunt.

470 3960 673 4017 Deinde
723 3976 848 4015 cum
906 3960 1227 4026 voluissent,
1270 3975 1376 4012 non
1412 3960 1574 4014 modo
1619 3958 1790 4014 eladis
1819 3969 2057 4030 accepta:

466 4051 646 4106 labem
676 4051 987 4115 abolevere,
1024 4065 1212 4105 verum
1243 4049 1408 4106 etiam
1447 4050 1646 4105 debitis
1683 4050 1928 4105 victoriae
1967 4065 2059 4102 co-

465 4146 617 4202 ronis
669 4144 907 4200 redituiti
947 4142 1188 4198 luerunt.
1223 4142 1294 4198 At
1328 4159 1457 4199 vero
1488 4152 1758 4213 quotquot
1799 4157 1929 4198 ense
1961 4142 2058 4197 de-

468 4238 805 4309 sperationis
842 4237 957 4292 laesi
984 4247 1133 4302 sunt,
1165 4251 1356 4293 eorum
1403 4247 1566 4291 nemo
1615 4237 1796 4289 curari
1836 4243 2052 4304 potest:

466 4331 646 4388 letalis
670 4331 816 4385 enim
850 4330 951 4386 ista
1001 4330 1159 4401 plaga
1186 4339 1274 4387 est
1314 4344 1418 4384 nec
1449 4328 1555 4382 ulla
1597 4328 1808 4383 ratione
1836 4328 2054 4384 sanabi-

466 4423 555 4481 lis.
593 4421 959 4487 Quamobrem
1010 4422 1128 4492 ipsa
1179 4423 1355 4491 poscit
1391 4421 1718 4483 necessitas,
1754 4422 1901 4491 quod
1941 4421 2057 4475 aie-

2150 2578 2344 2664 'oip.at,
2387 2589 2515 2655 περὶ
2552 2588 2773 2660 ἐκείνης
2822 2593 3144 2661 διεξιόντας,
3176 2597 3299 2683 ⁸καὶ
3337 2597 3465 2668 περὶ
3502 2593 3728 2664 ἀπογνώ-

2169 2691 2306 2738 σεως
2357 2678 2731 2748 διαλέξασθαι,
2764 2685 2812 2737 εἰ
2850 2686 3151 2758 μέλλοιμεν
3176 2678 3393 2743 ’ποιεῖν
3442 2689 3500 2742 τὸ
3542 2686 3728 2758 προσῆ-

2167 2783 2285 2822 κον.
2337 2768 2471 2823 Ἀπὸ
2504 2773 2605 2841 μὲν
2654 2774 2764 2846 γὰρ
2816 2780 2917 2848 τῆς
2961 2779 3070 2832 τῶν
3122 2780 3335 2852 ἡδονῶν
3382 2782 3641 2856 ἀκρασίας
3666 2779 3727 2833 τὰ

2165 2860 2542 2934 ἁμαρτήματα
2572 2868 2653 2928 είς
2680 2867 2779 2931 τὰς
2809 2870 3088 2939 ἡμετέρας
3119 2873 3307 2944 ψυχὰς
3337 2874 3727 2944 κατασκήπτει’

2164 2953 2229 3006 ἐκ
2271 2953 2327 3007 δὲ
2366 2955 2567 3026 συχνῆς
2599 2958 2880 3029 ἁμαρτίας
2912 2961 3234 3031 ἀπόγνωσις
3255 2977 3274 2993 ⁸
3318 2964 3412 3018 καὶ
3448 2963 3505 3032 ἐξ
3533 2962 3727 3032 ἐκείνης

2163 3045 2331 3118 ἑτέρα
2380 3047 2588 3117 μείζων
2613 3066 2629 3083 ο
2661 3052 2757 3105 καὶ
2802 3051 2948 3107 οὕτω
3002 3071 3066 3122 γε
3115 3056 3422 3126 προϐαῖνον
3454 3055 3512 3110 τὸ
3549 3053 3721 3118 κακὸν,

2161 3139 2463 3206 ἀναγκαῖον
2509 3142 2591 3205 είς
2636 3142 2868 3217 ἄπειρον
2910 3145 3231 3216 ἐκταθῆναι,
3280 3150 3380 3204 καὶ
3424 3150 3521 3220 τὴν
3563 3146 3729 3201 τελευο

2158 3229 2323 3283 ταίαν
2376 3233 2593 3303 πληγὴν
2641 3236 2741 3301 τὰς
2782 3236 2965 3306 ψυχὰς
3014 3237 3305 3309 δέξασθαι,
3359 3242 3633 3315 χωρούσης
3672 3254 3727 3308 τε

2159 3317 2246 3372 ἀεὶ
2297 3319 2398 3389 τῆς
2451 3322 2631 3392 λύμης
2675 3326 2731 3387 ἐς
2782 3326 2844 3380 τὸ
2887 3327 3193 3401 δεινότερόν
3237 3350 3306 3388 τε
3350 3336 3445 3389 καὶ
3468 3331 3725 3389 δυσαπαλ-

2158 3408 2509 3484 λακτότερον.
2548 3414 2612 3468 'll
2638 3415 2801 3489 ἡδονὴ
2834 3418 3062 3484 πολλοὺς
3096 3421 3197 3494 μεν
3223 3426 3374 3480 πάνυ
3410 3427 3723 3496 κατήνεγκεν

2159 3505 2392 3569 πολλοὺς
2437 3508 2483 3560 δ’
2514 3505 2580 3563 αὖ
2612 3510 2914 3582 εἰργάσατο
2943 3516 3320 3587 τραυματίας.
3361 3521 3468 3572 Καὶ
3494 3513 3726 3585 ἐνιοι,τῷ

2162 3595 2238 3667 μὴ
2274 3600 2396 3650 κατ’
2422 3600 2624 3667 ἄνδρας
2669 3604 3047 3672 ἀγωνίζεσθαι
3075 3608 3457 3680 προῃρῆσθαι,
3496 3609 3613 3665 οὐδὲ
3639 3605 3725 3676 τὴν

2160 3690 2390 3762 πρώτην
2436 3695 2691 3767 εἰσϐολὴν
2743 3698 2963 3770 ἐκείνης
3010 3702 3352 3772 ὑπέστησαν,
3379 3704 3496 3759 ἀλλ’
3540 3700 3725 3773 αἰχμά-

2159 3784 2323 3839 λωτοι
2356 3788 2616 3855 καθάπαξ
2649 3793 2961 3860 γεγονότες,
2988 3795 3144 3864 παρὰ
3188 3796 3307 3849 τῶν
3341 3796 3588 3867 ὁρώντων
3616 3796 3724 3847 ἔσυ-

2161 3879 2427 3950 ρίττοντο.
2462 3883 2698 3938 ’Ἔπειτα
2730 3885 3065 3956 θελήσαντες
3096 3890 3157 3941 οὐ
3189 3890 3357 3958 μόνον
3384 3892 3480 3962 τὴν
3515 3889 3618 3946 ἀπὸ
3643 3887 3726 3955 τῆς

2156 3968 2328 4041 ἥττης
2375 3972 2643 4044 αἰσχύνην
2691 3975 3091 4046 ἀπετρίψαντο,
3121 3979 3261 4033 ἀλλὰ
3321 3982 3415 4035 καὶ
3469 3982 3587 4043 τοὺς
3632 3975 3726 4049 ἀπο

2157 4061 2259 4129 τῆς
2299 4063 2457 4134 νίκης
2504 4067 2810 4135 στεφάνους
2850 4070 3207 4140 ἁνεδήσαντο.
3241 4070 3370 4128 Τῶν
3394 4075 3449 4128 δὲ
3483 4070 3728 4146 βεϐλημέ·

2158 4169 2266 4205 νων
2304 4153 2381 4224 τῷ
2430 4154 2574 4223 ξίφει
2624 4157 2726 4227 τῆς
2779 4159 3152 4230 ἀπογνώσεως
3208 4164 3317 4219 οὐκ
3367 4167 3516 4219 ἐστιν
3556 4164 3725 4218 οὐδένα

2160 4244 2599 4316 θεραπευθῆναι.
2648 4250 2856 4320 Καιρία
2911 4252 3024 4321 γὰρ
3055 4255 3086 4323 ή
3123 4254 3311 4326 πληγὴ
3363 4257 3458 4311 καὶ
3494 4252 3727 4323 οὐδαμῶς

2163 4335 2403 4405 ἰάσιμος.
2438 4338 2596 4393 ’Ὢσθ’
2630 4342 2765 4411 ὅπερ
2816 4339 2994 4410 εἷπον,
3027 4346 3329 4416 ἀναγκαῖον
3357 4350 3480 4421 ἐμοὶ
3505 4349 3723 4418 γίνεται,

2162 4428 2294 4498 περὶ
2327 4429 2523 4501 ἡδονῆς
2554 4434 3029 4505 προδιαλεχθέντι,
3062 4439 3160 4492 καὶ
3209 4441 3343 4511 περὶ
3381 4440 3726 4510 ἀπογνώσεως

468 4519 592 4574 bam
619 4515 802 4581 modo,
837 4525 894 4570 ut
922 4532 1044 4572 cum
1079 4517 1346 4572 hactenus
1377 4515 1442 4568 de
1483 4514 1759 4583 voluptate
1784 4515 2057 4570 disserue-

2165 4518 2260 4571 νῦν
2297 4521 2513 4574 εἰπεῖν’
2558 4525 2654 4578 καὶ
2701 4525 2993 4597 βοηθῆσαι,
3040 4531 3213 4603 ὁπόση
3263 4531 3518 4604 δύναμις,
3550 4534 3596 4586 εί
3622 4548 3724 4584 κιν-

468 4612 594 4674 rim,
635 4623 781 4664 nunc
823 4606 893 4663 de
933 4607 1319 4676 desperatione
1356 4605 1521 4660 verba
1575 4604 1774 4658 faciam
1800 4645 1814 4669 ,
1849 4619 2057 4674 proque

468 4701 681 4757 viribus
704 4714 862 4768 opem
905 4700 1011 4755 illis
1047 4699 1221 4754 let-ain
1269 4697 1363 4767 qui
1389 4695 1792 4761 desperationis
1826 4698 1877 4750 iu
1911 4696 2056 4765 peri-

468 4795 593 4851 culo
630 4804 939 4851 versantur.
989 4792 1205 4863 Quippe
1254 4792 1298 4847 si
1332 4791 1402 4847 de
1436 4790 1718 4859 voluptate
1767 4806 1871 4845 non
1905 4800 2057 4847 recte

467 4888 795 4952 sentientes,
814 4884 1243 4955 haudquaquam
1268 4882 1489 4938 silentio
1525 4885 1843 4939 transeundi
1871 4893 2053 4951 erant,

469 4978 551 5034 uti
583 4994 683 5033 nec
734 4993 763 5031 a
813 4977 972 5032 nobis
995 4989 1081 5033 est
1115 4975 1346 5040 factum,
1376 4976 1547 5030 multo
1601 4977 1781 5032 minus
1812 4977 2056 5033 arbitror

468 5072 911 5128 existimaturum
949 5070 1213 5139 aliquem,
1261 5084 1368 5125 non
1407 5068 1512 5123 illis
1550 5084 1707 5139 opem
1744 5069 2052 5134 ferendam,

468 5167 562 5235 qui
593 5180 659 5219 co
682 5174 807 5219 sunt
831 5162 1076 5233 periculo
1099 5162 1411 5228 constituti,
1444 5162 1684 5217 deterius
1713 5174 1769 5217 ut
1795 5160 2051 5233 quiddam

468 5258 605 5326 ipsis
636 5254 871 5309 accidat.
899 5253 1036 5307 Nam
1074 5268 1139 5307 ex
1172 5251 1279 5306 alio
1308 5252 1542 5321 quodam
1580 5246 1769 5309 errore
1794 5256 2053 5312 diuturno

467 5349 675 5417 plures,
697 5361 762 5400 ex
795 5347 1013 5400 assidua
1045 5344 1427 5414 desperatione
1453 5355 1734 5401 revocatus
1759 5356 1844 5402 est
1869 5364 2046 5404 nemo.

467 5441 581 5496 Nec
603 5454 805 5495 vanum
828 5437 1036 5507 aliquid
1063 5439 1241 5494 moliri
1267 5454 1367 5495 nos
1391 5438 1743 5507 arbitramur,
1763 5456 1861 5496 nec
1880 5443 1930 5496 in
1950 5444 2053 5499 hoc

467 5541 666 5588 conatu
699 5539 893 5585 nostro
924 5529 1223 5601 quidquam
1274 5545 1395 5585 esse
1430 5530 1515 5585 vel
1565 5532 1805 5586 tumoris
1836 5533 1917 5586 vel
1958 5539 2075 5587 au-'

467 5625 660 5681 daciaz.
687 5621 821 5678 Nam
854 5637 1069 5693 acquum
1110 5636 1231 5679 csse
1262 5638 1576 5690 censemus,
1629 5632 1691 5678 ut
1723 5622 1948 5678 minime
1977 5626 2054 5680 sic

466 5716 637 5773 lentio
661 5715 911 5771 morbum
936 5714 1086 5771 illum
1106 5724 1525 5787 praetereamus,
1547 5715 1638 5785 qui
1663 5715 1855 5785 procul
1886 5716 2051 5773 dubio

469 5808 766 5881 perniciem
799 5808 904 5867 illis
930 5809 1108 5877 allert,
1134 5808 1332 5883 quibus
1358 5809 1426 5866 ad
1459 5809 1679 5881 aliquod
1710 5817 1924 5880 tempus
1953 5813 2051 5868 ad-

2160 4610 2444 4665 δυνεύουσί
2476 4631 2622 4681 τινες
2671 4618 3015 4683 ἀπογνῶναι.
3053 4623 3116 4675 El
3166 4625 3275 4695 γὰρ
3316 4625 3447 4689 τοὺς
3491 4621 3725 4694 περὶτῆς

2160 4703 2357 4776 ἡδονῆς
2393 4706 2456 4760 οὐ
2506 4709 2606 4780 τὴν
2651 4712 2988 4783 γιγνομένην
3021 4713 3247 4786 ἔχοντας
3291 4717 3475 4785 δόξαν,
3499 4717 3595 4773 οὐκ
3628 4713 3721 4767 ἔδει

2158 4796 2566 4867 παραδραμεῖν,
2600 4797 2801 4853 οὔκουν
2840 4802 2962 4855 οὐδὲ
3004 4805 3220 4874 γέγονε,
3257 4809 3423 4879 σχολῇ
3454 4807 3506 4877 γ’
3544 4806 3625 4870 ἂν,
3653 4799 3723 4855 οἵ·

2160 4903 2280 4957 μαι,
2317 4892 2431 4952 τοῖς
2488 4892 2870 4946 κινδυνεύουσί
2921 4911 2975 4948 τι
3030 4884 3216 4970 χεῖρον
3268 4899 3464 4954 παθεῖν
3514 4900 3572 4951 οὐ
3611 4893 3722 4949 συλ-

2157 4982 2395 5052 ληπτέον
2455 4984 2522 5038 ἂν
2563 4984 2732 5051 δόξαι.
2781 4988 2978 5044 Πολλοὶ
3039 4992 3139 5061 μὲν
3192 4994 3302 5066 γὰρ
3356 4996 3468 5049 ἀπὸ
3504 4991 3721 5064 μακρᾶς

2157 5090 2303 5138 τινος
2344 5075 2512 5143 ἄλλης
2538 5077 2772 5149 πλάνης,
2799 5080 2977 5149 ουδεὶς
3011 5082 3058 5136 δ’
3093 5084 3201 5137 ἀπὸ
3238 5086 3441 5156 συχνῆς
3488 5083 3719 5152 ἀπογνώ-

2160 5181 2297 5228 σεως
2326 5167 2596 5236 ἐπανῆκε.
2627 5170 2912 5232 Δοκοῦμεν
2957 5173 3015 5227 δὲ
3050 5175 3223 5246 μηδὲν
3271 5176 3395 5247 εικῆ
3426 5174 3716 5246 βούλεσθαι,

2160 5255 2294 5324 μηδὲ
2340 5257 2592 5327 μετέχειν
2638 5262 2870 5333 ταυτηνὶ
2897 5263 2999 5334 τὴν
3039 5265 3360 5337 ἐγχείρησιν
3394 5267 3555 5334 ὄγκου
3587 5261 3716 5322 τινὸς

2154 5347 2188 5417 ἢ
2214 5349 2590 5420 Θρασύτητος·
2634 5345 2777 5407 εἶναι
2818 5355 2930 5426 γὰρ
2961 5359 3312 5429 γιγνόμενον,
3356 5357 3432 5429 μὴ
3474 5360 3592 5426 σιγῇ
3622 5370 3715 5407 πα·

2160 5442 2459 5512 ραδραμεῖν
2493 5444 2711 5515 ἐκείνην
2739 5447 2840 5518 τὴν
2871 5448 3195 5521 νόσον,ἧτις
3227 5447 3308 5516 οἷς
3337 5446 3634 5520 συγγένοιτ’
3655 5445 3713 5499 ἄν

2154 5551 2277 5589 τινα
2327 5536 2546 5607 χρόνον,
2598 5539 2825 5604 τούτους
2872 5542 3119 5615 ἀτεχνῶς
3179 5544 3504 5616 διαφθείρει.
3544 5540 3632 5595 Δεῖ
3673 5535 3713 5588 δ’

2154 5627 2429 5681 ἐπιθεῖναι
2465 5629 2544 5699 τῷ
2586 5629 2868 5703 θραύματι
2912 5636 3277 5707 κατάλληλον,
3306 5634 3478 5707 οἶμαι,
3505 5635 3710 5704 φάρμα·

2156 5737 2272 5785 κον,
2298 5722 2345 5774 εί
2377 5722 2674 5795 μέλλοιμεν
2705 5727 2839 5781 αὐτὸ
2872 5730 3267 5788 καταστέλλειν
3298 5748 3355 5784 τε
3385 5730 3476 5783 καὶ
3511 5724 3705 5780 ίᾶσθαι’

2153 5812 2295 5870 ἀλλὰ
2357 5816 2431 5888 μὴ
2489 5821 2943 5894 προσπαροξῦναι
3003 5826 3114 5890 τοῖς
3175 5823 3465 5891 ἐναντίοις,
3514 5814 3707 5872 οἴκοθεν
