3958 6430
325 386 441 452 435

1766 379 2059 445 ORATIO
2090 381 2188 446 Vl.

3480 381 3587 447 486

321 506 507 576 ὀργῶν
559 503 653 559 καὶ
692 501 1048 573 φλεγμαῖνον.
1099 500 1211 556 Καὶ
1246 499 1431 563 ἁπλῶς
1479 497 1536 552 δὲ
1570 500 1738 553 πᾶσιν
1767 495 1902 567 ἑξῆς

2026 497 2249 553 mserit.
2313 495 2707 567 lmponendum
2756 504 2936 551 autem
2984 495 3194 551 vulneri
3255 498 3589 552 conveniens

321 598 466 652 οὕτω
491 615 555 667 γε
586 594 883 669 βοηθητέον
916 596 1037 658 ταῖς
1066 593 1308 664 γνησίοις
1343 591 1641 663 βοηθείαις,
1674 593 1772 645 καὶ
1797 593 1900 647 οἰκ

322 690 663 763 ἀπᾳδούσαις
706 688 801 743 τοῦ
838 687 1134 760 χρῄζοντος
1178 687 1278 757 τῆς
1323 685 1458 757 παρ’
1484 685 1643 756 ήμῶν
1676 701 1901 755 συμμα-

320 783 469 853 χίας.
503 781 716 845 Ἀλλως
748 781 856 852 γὰρ
878 780 971 837 ,ἂν
1014 781 1102 849 είη
1153 779 1289 851 μηδὲ
1343 779 1617 849 ἐγχειρεῖν
1651 777 1898 847 ἄμεινον⁹

321 873 528 946 βλάψαι
558 874 669 945 γὰρ
714 874 802 938 ἂν,
848 874 951 927 οὐκ
1000 873 1196 943 ὸνήσαι
1222 872 1352 934 τοὺς
1400 869 1492 939 ὑφ’
1527 868 1685 941 ἡμῶν
1717 886 1780 936 γε
1811 868 1905 937 δῆ-

322 966 417 1019 θεν
463 965 886 1037 βοηθουμένους.
920 965 996 1019 Οὐ
1046 963 1287 1036 χαλεπὸν
1331 962 1388 1017 δὲ
1422 959 1579 1031 οἶμαι
1628 962 1810 1027 εὑρεῖν
1839 963 1903 1015 τδ

320 1056 664 1126 κατάλληλον
704 1055 866 1109 τοῦτο
912 1055 1230 1125 φάρμακον.
1275 1054 1522 1124 Χορηγεῖ
1552 1052 1660 1123 γὰρ
1690 1051 1904 1104 οἴκοθεν

320 1147 638 1221 αύτδήποῦ
683 1150 942 1218 Σωτῆρος
981 1147 1393 1219 φιλανθρωπία,
1428 1147 1461 1217 ή
1502 1144 1644 1214 μόνη
1678 1144 1902 1198 πάντων

323 1239 511 1310 ίατρδς
566 1239 673 1292 τῶν
726 1255 790 1308 γε
830 1236 1094 1292 τοιούτων
1149 1234 1647 1309 ἀρρωστημάτων’
1709 1228 1780 1307 ἧς
1829 1231 1901 1285 τὰ

324 1334 707 1405 ἁμαρτήματα
735 1334 845 1387 τῶν
887 1332 1197 1403 ἀνθρώπων
1227 1331 1483 1386 τοσοῦτον
1508 1329 1731 1382 ἔλαττον
1760 1328 1898 1397 ἔχει,

321 1428 451 1481 ὅσον
494 1426 603 1480 οὐδ’
646 1425 797 1479 ἔστιν
846 1422 1246 1494 ἐνθυμηθῆναι.
1281 1422 1435 1475 Ὠστ’
1482 1420 1590 1474 ὰπὸ
1631 1418 1902 1491 βαλϐῖδος,

325 1520 481 1587 φασὶ,
512 1518 572 1572 τὸ
610 1516 942 1589 ζητούμενον
977 1516 1113 1585 ἡμῖν
1147 1512 1400 1585 εὕρηται.

2008 588 2470 662 medicamentum
2520 598 2672 658 puto,
2709 587 2985 658 siquidem
3035 588 3086 641 id
3129 587 3326 643 sedare
3356 586 3590 641 velimus

2009 692 2073 733 ae
2110 693 2327 744 sanare,
2368 694 2474 733 non
2524 694 2621 748 per
2659 694 2739 735 se-
2773 691 2991 735 tumens
3039 688 3094 734 et
3124 680 3388 735 wetuans‘
3418 679 3591 748 magis

2006 769 2173 825 etiam
2194 770 2488 826 contrariis
2505 772 2861 828 exacerbare.
2888 770 3222 842 Simpliciter
3251 780 3433 826 autem
3461 786 3593 825 cun-

2008 864 2115 919 ctis
2140 863 2246 920 hoc
2273 864 2437 919 modo
2467 867 2900 921 succurrendum
2935 865 3138 921 nativis
3171 865 3451 926 remediis,
3476 872 3531 917 et
3560 877 3590 916 a

2010 959 2210 1029 quibus
2256 958 2346 1015 ille
2374 975 2484 1015 non
2515 959 2831 1027 abhorreat,
2876 960 3083 1015 auxilio
3112 960 3205 1028 qui
3234 970 3420 1014 nostro
3447 959 3593 1013 indi-

2009 1062 2119 1125 get.
2154 1052 2292 1108 Nam
2342 1054 2636 1124 ceteroqui
2681 1054 3021 1123 praestiterit,
3063 1052 3202 1108 nihil
3237 1069 3338 1108 nos
3364 1052 3589 1106 omnino

2011 1145 2431 1216 moliri,quippe
2460 1147 2874 1212 detrimentum,
2897 1162 3001 1202 non
3032 1146 3459 1202 emolumentum
3495 1160 3590 1198 ac-
3674 1195 3680 1199 .

2010 1233 2274 1304 cipereut.
2304 1236 2506 1302 quibus
2537 1235 2797 1290 adhibere
2827 1235 3133 1290 remedium
3172 1235 3452 1291 vellemus.
3480 1233 3591 1289 Nec

2011 1326 2239 1381 inventu
2297 1325 2513 1382 diﬁcile
2567 1326 2901 1383 conveniens
2948 1327 3077 1383 illud
3131 1327 3587 1383 medicamentum

2010 1417 2271 1473 arbitror.
2301 1417 2515 1473 Etenim
2551 1417 2603 1473 id
2645 1432 2709 1473 ex
2741 1433 2863 1475 sese
2896 1420 3211 1489 suppeditat
3252 1419 3370 1489 ipsa
3404 1417 3593 1473 Salm-

2009 1510 2143 1565 toris
2176 1524 2306 1580 erga
2338 1526 2441 1566 nos
2471 1511 2788 1578 clementia,
2834 1528 2956 1583 qua:
2990 1512 3107 1569 sola
3139 1514 3354 1567 cunctis
3401 1511 3594 1582 hujus-

326 1615 472 1669 modi
502 1613 710 1670 morbis
736 1612 1006 1676 medetur,
1040 1618 1093 1664 et
1119 1624 1224 1679 qua
1258 1617 1411 1662 tanto
1446 1616 1572 1661 sunt
1601 1604 1863 1660 inferiora
1893 1603 2210 1659 mortalium
2234 1605 2452 1673 delicta,
2491 1617 2756 1676 quantum
2788 1621 2854 1661 ne
2883 1606 3177 1676 cogitando
3208 1605 3429 1675 quidem
3458 1618 3593 1659 con-

325 1709 432 1781 cipi
480 1717 674 1778 potest.
726 1704 1070 1777 Quapropter
1124 1705 1193 1759 ab
1248 1704 1365 1773 ipso
1420 1703 1631 1766 limine,
1694 1700 1840 1769 quod
1904 1699 2078 1767 aiunt,
2102 1701 2385 1757 inventum
2416 1702 2573 1757 nobis
2600 1701 3275 1772 estquodquterebamus.

410 1804 554 1859 Ἀλλ’
588 1804 617 1856 ὁ
665 1802 814 1856 δεῖνά
859 1818 948 1870 γε,
995 1799 1184 1871 φησὶν,
1226 1796 1396 1868 ὕψους
1450 1799 1776 1870 ἀπερῤάγη,
1803 1798 1899 1853 καὶ

2079 1797 2148 1850 At
2177 1797 2324 1851 enim
2352 1796 2463 1861 ille,
2502 1796 2652 1851 dicet
2680 1795 2906 1866 aliquis,
2950 1795 3174 1851 avulsus
3215 1802 3299 1850 est
3333 1795 3398 1849 de
3423 1792 3598 1849 subli-

326 1897 660 1970 κατηνέχθη.
687 1897 785 1952 καὶ
829 1895 1024 1966 γέγονὲ
1053 1912 1105 1948 τι
1142 1893 1345 1965 πτῶμα
1383 1893 1557 1946 δεινὸν
1588 1894 1759 1947 ἆπασι
1789 1896 1905 1955 τοῖς

2024 1890 2105 1956 ni,
2170 1891 2539 1960 deorsumque
2589 1890 2816 1960 lapsus,
2867 1905 2933 1946 ac
2988 1890 3161 1945 ruinae
3221 1886 3595 1959 spectaculum

326 1992 519 2047 τοῦτον
566 1991 756 2063 ὁρῶσι.
794 1990 906 2044 Καὶ
953 1988 1006 2043 τί
1048 1989 1206 2042 ταυτὶ
1259 1987 1397 2059 πρὸς
1443 1987 1506 2041 τὸ
1556 1987 1903 2054 ἀπογνῶναις

2013 1985 2167 2040 triste
2199 1984 2375 2039 factus
2391 1983 2685 2039 universis.
2713 1983 2851 2050 Quid
2876 1983 3022 2039 istaec
3042 1985 3108 2037 ad
3137 1979 3599 2056 desperationem?

328 2085 671 2155 Βουληθῆναι
715 2083 796 2137 δεῖ
845 2082 1027 2153 μόνον,
1056 2082 1156 2135 καὶ
1203 2079 1340 2150 πρὸς
1396 2079 1475 2148 τῷ
1535 2079 1909 2148 ἀπονίψασθαι

2024 2078 2309 2134 Voluntate
2363 2078 2627 2132 duntaxat
2674 2092 2810 2147 Opus
2861 2076 3154 2137 estauimi,
3212 2091 3319 2146 qua
3374 2075 3503 2152 ﬁet,»
3539 2080 3598 2126 ut

324 2179 398 2233 τὰ
442 2177 591 2232 κακὰ
642 2177 738 2231 καὶ
762 2173 1008 2244 »πτηνῶν
1052 2174 1117 2227 ἂν
1141 2172 1333 2241 τάχιον
1358 2173 1446 2225 ἐπ’
1473 2171 1647 2242 αὐτὴν
1668 2171 1766 2239 τὴν
1799 2170 1908 2224 τῶν

2024 2171 2235 2226 ablutus
2270 2186 2301 2226 a
2333 2171 2484 2226 vitiis
2518 2171 2687 2226 etiam
2724 2186 2891 2240 supra
2924 2171 3218 2224 volucrum
3250 2169 3595 2224 celeritatem

325 2272 511 2327 καλῶν
544 2269 756 2325 ἀνέλθοι
793 2268 1063 2340 κορυφήν.
1094 2265 1254 2334 Λέγω
1303 2265 1361 2318 δὲ
1390 2263 1648 2335 βούλησιν
1681 2264 1776 2317 νῦν
1810 2261 1909 2333 τὴν

2024 2264 2081 2318 ad
2126 2263 2302 2334 ipsum
2364 2264 2634 2320 bonorum
2666 2264 2882 2319 culmen
2934 2263 3218 2318 ascendat.
3251 2262 3595 2316 Voluntatem

325 2366 418 2420 διὰ
459 2365 572 2419 τῶν
618 2363 799 2433 ἔργων
843 2358 1337 2432 μαρτυρουμένην⁹
1370 2357 1431 2412 οὐ
1459 2358 1569 2426 γὰρ
1599 2356 1771 2417 ἔστιν,
1810 2354 1913 2409 οὐκ

323 2461 480 2513 ἐστιν
519 2458 593 2521 ὡς
626 2454 866 2526 ἀληθῶς,
901 2454 1265 2525 θελήσαντας,
1293 2453 1590 2522 ἀποτυχείν
1638 2448 1735 2504 τοῦ
1784 2466 1911 2502 σκο-

329 2552 458 2609 ποῦ.
499 2551 596 2604 Ἐκ
646 2549 757 2619 γὰρ
810 2547 908 2600 τοῦ
958 2547 1035 2618 μὴ
1089 2543 1379 2610 βούλεσθαι
1425 2543 1642 2614 ἰαθῆναι
1693 2543 1761 2597 τὰ
1809 2541 1912 2613 τῆς

326 2643 509 2714 ψυχῆς
568 2640 874 2711 παθήματα
927 2621 1212 2709 ἐπιμένειν
1238 2626 1463 2691 ἐἴωθεν
1516 2637 1652 2708 ἡμῖν
1677 2653 1692 2672 ο
1733 2636 1808 2697 ὡς
1844 2635 1913 2690 ἂν

331 2733 679 2803 ἀντιστῶμεν
704 2732 990 2802 γενναίως,
1028 2729 1155 2785 οὐδὲ
1179 2729 1281 2802 τὴν
1324 2729 1501 2801 ἀρχὴν
1546 2727 1909 2800 είσκωμάζει.

333 2828 410 2882 Τό
440 2844 500 2881 τε
529 2828 640 2896 γὰρ
665 2824 973 2895 γεγονέναι,
1001 2822 1063 2876 τό
1088 2839 1146 2876 τε
1180 2821 1652 2893 διαμεμενηκέναι
1682 2822 1912 2886 κακοὺς,

332 2920 429 2975 καὶ.
486 2915 555 2974 αὖ
605 2918 668 2972 τὸ
716 2915 956 2986 ἀγαθοὺς
1000 2909 1164 2980 εἶναι,
1214 2915 1312 2969 καὶ
1361 2914 1669 2985 διαρκέσαι,
1697 2914 1915 2968 οἴκοθεν

335 3012 525 3082 σαφῶς
555 3012 673 3076 τοῖς
695 3009 1027 3081 ἀνθρώποις.
1055 3008 1133 3063 Οὐ
1161 3008 1271 3079 γὰρ
1298 3007 1438 3073 ἔστι,
1468 3006 1671 3073 καλοὺς
1699 3005 1916 3060 ἐθέλον-

334 3122 435 3167 τας
485 3098 649 3170 εἶναι,
704 3104 813 3157 τιν).
863 3102 976 3156 τῶν
1051 3100 1292 3171 θύραθεν
1350 3098 1646 3170 βιασθῆναι
1709 3099 1915 3164 κακοὺς

335 3195 591 3263 γενέσθαι
620 3211 634 3226 ⁸
682 3196 806 3250 οὐδὲ
854 3187 1092 3264 φαύλους
1136 3193 1433 3263 γεγονότας
1492 3192 1585 3247 διὰ
1642 3192 1915 3264 κακίστην

335 3256 680 3360 προαίρεσιν,
698 3286 815 3344 εἶτα
841 3256 916 3360 ιλὴ
947 3256 1337 3359 διορθωθῆνναι,
1357 3256 1521 3342 τοῦτο
1555 3256 1912 3359 θελήσαντας.
1941 3256 1988 3321 C

338 3384 451 3439 Καὶ
489 3383 539 3436 εί
568 3379 730 3436 τοῦτό
758 3397 822 3450 γε
858 3380 1081 3451 ἀληθὲς,
1115 3378 1347 3451 εὓρηται
1381 3381 1440 3434 to
1470 3380 1788 3450 φάρμακον,
1821 3381 1920 3435 καὶ

339 3479 373 3547 ἡ
407 3478 507 3545 τῆς
555 3473 924 3545 ἀπογνώσεως
958 3469 1286 3545 ὑπεχώρησε
1332 3472 1511 3536 νόσος.
1538 3472 1671 3540 Ναὶ,
1707 3475 1875 3545 φησιν
1900 3487 1918 3506 ο

342 3569 454 3622 ἀλλ’
478 3559 633 3631 οὗτός
663 3585 727 3637 γε
762 3570 790 3621 ὁ
821 3565 1067 3637 σχέτλιος
1090 3566 1441 3637 τραυματίας
1471 3567 1665 3636 γέγονε
1696 3568 1919 3622 πάντων

344 3662 470 3731 ἑξῆς
520 3661 633 3714 τῶν
680 3661 870 3714 παθῶν
897 3676 911 3692 ⁸
950 3660 1048 3714 καὶ
1099 3658 1366 3722 πολλάκις
1426 3658 1621 3722 ίαθεὶς,
1653 3658 1922 3732 πολλάκις

346 3757 509 3810 πάλιν
537 3756 825 3826 τέτρωται.
864 3754 975 3807 Καὶ
999 3753 1118 3817 πῶς
1151 3751 1219 3807 ἂν
1250 3753 1365 3823 ἔχοι
1395 3751 1759 3822 διορθωθῆναι
1783 3770 1798 3818 ;
1828 3751 1921 3822 Μὴ

346 3848 677 3918 ἀπογνῶμεν
721 3847 812 3901 τὸν
857 3846 1170 3916 ἄνθρωπον.
1227 3835 1347 3898 "Av:
1368 3843 1479 3913 γὰρ
1522 3845 1555 3915 ἡ
1606 3845 1801 3916 καιρία
1847 3847 1922 3915 μὴ

347 3942 747 4014 παραγένηται,
774 3939 873 4010 τὴν
916 3940 1230 4007 ἀπόγνωσιν
1283 3937 1449 4005 λέγω.
1488 3937 1708 4008 ἰάσιμόν
1754 3953 1818 4006 γε
1863 3936 1924 3990 τδ

350 4033 522 4098 πάθος
561 4034 674 4095 τοῖς
701 4030 1049 4103 βουλομένοις
1080 4028 1178 4101 τὴν
1212 4028 1456 4099 ἰατρείαν
1489 4028 1741 4097 ἀσμένως
1769 4026 1926 4092 δέξα-

351 4124 497 4178 σθαι.
525 4123 590 4176 Et
638 4122 747 4191 γὰρ
800 4119 876 4191 μὴ
923 4119 1117 4175 τοῦτον
1157 4119 1248 4174 τὸν
1291 4121 1496 4190 τρόπον
1538 4113 1653 4190 εἶχε
1703 4119 1772 4173 τὰ
1801 4119 1926 4181 καθ’

347 4217 517 4284 ἡμᾶς,
552 4214 663 4268 οὐδ’
705 4212 773 4267 ἂν
814 4210 896 4276 εἷς
949 4211 1174 4275 πάντως
1221 4211 1426 4285 ἐσώθη.
1471 4213 1559 4274 Ὠς
1596 4211 1707 4283 γὰρ
1752 4212 1926 4276 οὐδεὶς

347 4308 571 4376 ἀγαθὸς,
623 4306 766 4361 κατὰ
820 4305 912 4360 τὸν
965 4306 1112 4360 θεῖον
1166 4305 1439 4376 χρησμδν,
1489 4305 1600 4360 οὐδ’
1648 4304 1927 4377 ἁμαρτίας

347 4401 516 4464 ὅντως
547 4399 851 4469 ἐλεύθερος,
875 4398 981 4452 κᾶν
1008 4397 1328 4468 ὑπερϐάλλῃ
1361 4396 1541 4468 πολλῷ
1570 4399 1699 4461 τοὺς
1735 4397 1927 4460 ἄλλους

348 4495 430 4557 είς
456 4492 679 4562 ἀρετήν.
714 4492 906 4562 Δεήσει
931 4490 1327 4544 τοίνυν-ἅπασι
1348 4491 1445 4543 τοῦ
1478 4491 1781 4562 φαρμάκου
1813 4509 1930 4544 του·

2010 2371 2143 2413 vero
2201 2372 2347 2413 nunc
2377 2372 2497 2413 eam
2535 2357 2657 2412 dico
2682 2373 2804 2427 quae
2841 2355 3155 2412 testimonia
3188 2355 3461 2409 factorum
3492 2353 3596 2407 ha-

2013 2451 2146 2516 bet;
2202 2451 2405 2521 quippe
2465 2451 2581 2506 {ieri
2638 2449 2847 2520 nequit,
2878 2450 3066 2519 nequit
3103 2447 3328 2504 omnino
3358 2446 3497 2511 ﬁeri,
3534 2453 3597 2500 ut

2015 2546 2105 2614 qui
2144 2546 2437 2612 voluerint,
2457 2559 2683 2614 scopum
2722 2558 2830 2598 non
2861 2543 3152 2613 attingant.
3188 2541 3321 2595 Nam
3350 2539 3475 2609 quia
3505 2553 3599 2594 sa-

2016 2644 2135 2695 nari
2170 2639 2444 2705 uolumus,
2488 2639 2691 2694 idcirco
2725 2639 2779 2692 in
2824 2637 2980 2693 nobis
3019 2635 3187 2691 animi
3219 2635 3345 2690 vitia
3371 2634 3601 2688 .durare

2017 2741 2450 2789 consueverunt:
2487 2731 2688 2803 quippe
2731 2731 2778 2787 si
2819 2730 3141 2785 resistamus
3177 2726 3415 2793 fortiter,
3447 2741 3604 2796 prore

2016 2840 2110 2881 sus
2138 2826 2190 2880 in
2223 2827 2440 2881 animos
2455 2839 2518 2882 ea
2549 2841 2653 2881 non
2677 2824 3002 2895 pervadunt.
3028 2823 3240 2878 Etenim
3274 2829 3335 2876 ut
3382 2821 3516 2875 ﬁant
3548 2826 3605 2874 et

2017 2929 2274 2977 maneant
2294 2919 2445 2987 mali,
2474 2918 2770 2987 itidemque
2800 2926 2859 2971 ut
2880 2915 3005 2972 boni
3029 2915 3139 2972 sint
3166 2929 3229 2969 ac
3251 2920 3607 2984 perseverent

2019 3015 2072 3070 iu
2104 3015 2269 3080 bono,
2294 3012 2457 3069 dubio
2482 3010 2672 3082 procul
2695 3026 2763 3066 ex
2793 3024 2915 3065 sese
2941 3008 3200 3065 mortales
3219 3004 3605 3063 habent.Nat:t

2021 3105 2136 3161 ﬁeri
2169 3104 2360 3175 nequit
2387 3113 2444 3158 ut
2475 3103 2564 3173 qui
2598 3103 2724 3159 boni
2765 3117 2889 3159 esse
2918 3101 3131 3164 volunt,
3160 3102 3226 3156 ab
3260 3109 3521 3155 extranea
3547 3111 3609 3153 re

2019 3200 2274 3271 quapiam
2295 3208 2558 3269 cogantur
2585 3198 2819 3254 evadere
2839 3196 2990 3261 mali,
3010 3210 3113 3251 nec
3133 3202 3190 3250 ut
3210 3193 3244 3249 ii
3270 3194 3362 3264 qui
3382 3193 3610 3249 electio-

2021 3310 2090 3351 ne
2122 3294 2284 3348 animi
2307 3292 2542 3362 pessima
2566 3291 2693 3346 mali
2718 3289 2844 3345 facti
2866 3299 3017 3353 sunt,
3039 3288 3238 3343 deinde
3271 3303 3378 3364 npn
3425 3301 3611 3353 emen-
3660 3360 3664 3365 ⁸

2022 3388 2242 3453 dentur,
2263 3387 2307 3442 si
2339 3386 2558 3457 quidem
2588 3385 2640 3440 id
2671 3375 3155 3452 voluerint.‘Atque
3176 3382 3283 3438 hoc
3303 3395 3434 3438 sane
3453 3381 3500 3438 si
3522 3395 3618 3436 ve-

2024 3496 2145 3537 rum
2168 3490 2271 3546 est,
2295 3481 2575 3535 inventum
2595 3486 2684 3533 est
2716 3477 3195 3540 medicamentum,
3217 3475 3437 3546 jamque
3467 3489 3616 3528 mor-

2024 3574 2128 3631 bus
2160 3574 2251 3630 ille
2299 3571 2699 3644 desperationis
2737 3571 2913 3625 victus
2956 3569 3247 3625 abscessit.
3277 3568 3423 3623 Sane
3453 3583 3608 3627 vero.

2024 3666 2236 3736 inquiet
2294 3666 2531 3735 aliquis:
2585 3673 2640 3718 at
2675 3664 2841 3720 miser
2880 3662 2983 3717 iste
3020 3655 3209 3716 .factus
3239 3671 3321 3716 est
3355 3661 3619 3741 omnibus

2025 3759 2188 3829 plane
2220 3758 2366 3813 vitiis
2416 3757 2707 3821 obnoxius,
2760 3756 3068 3824 stt-piusque
3097 3764 3346 3818 sanatus,
3414 3755 3617 3810 multo-

2027 3850 2129 3906 ties
2157 3849 2345 3904 eadem
2372 3856 2631 3918 expertus
2651 3855 2737 3901 est
2764 3847 2986 3901 vulnera
3010 3859 3283 3915 ;quonam
3312 3843 3477 3916 igitur
3494 3846 3615 3902 ﬁeri

2026 3950 2191 4014 pacto
2224 3941 2396 4010 possit
2424 3938 2859 3996 ulemendetur‘!
2893 3937 3252 4007 Nequaquam
3283 3940 3348 3993 de
3379 3938 3606 3993 homine

2031 4032 2412 4102 desperemus.
2475 4030 2688 4100 Quippe
2741 4029 2788 4084 si
2821 4029 2977 4086 letale
3021 4030 3219 4085 vulnus
3279 4030 3424 4086 haud
3465 4032 3615 4087 adsit

2036 4125 2493 4199 (desperationem
2534 4135 2713 4178 autem
2743 4122 3048 4193 intelligo).
3083 4123 3348 4180 sanabilis
3389 4124 3615 4180 morbus

2035 4228 2120 4276 est
2152 4220 2203 4273 in
2239 4218 2305 4274 iis
2329 4219 2422 4289 qui
2448 4216 2777 4273 medicinam
2808 4217 3059 4274 lubenter
3077 4218 3364 4274 admittere
3392 4218 3613 4288 volunt;

2037 4314 2237 4384 quippe
2288 4314 2333 4368 si
2370 4328 2480 4368 non
2504 4312 2559 4366 in
2591 4312 2743 4367 hunc
2773 4314 2994 4368 modum
3028 4322 3353 4381 comparatae
3386 4327 3473 4369 res
3514 4328 3616 4368 no-

2037 4416 2166 4462 stra:
2188 4404 2395 4490 .l‘orent,
2449 4420 2550 4460 nec
2576 4420 2716 4460 unus
2745 4404 2970 4460 omnino
3005 4405 3188 4461 salvus
3224 4405 3513 4462 evasisset.
3549 4405 3617 4462 Ut

2037 4484 2369 4555 enim‘ncmo
2400 4498 2578 4553 honus
2608 4506 2713 4562 est,
2741 4484 3037 4552 secundum
3063 4497 3192 4556 illud
3220 4496 3618 4553 divinum-ora-

348 4585 464 4639 τουτ
484 4603 501 4620 ο
531 4583 625 4638 καὶ
653 4583 844 4637 τούτου
871 4582 1212 4653 καταλλήλου
1231 4583 1657 4652 τετυχηκόσι,τὸ
1683 4584 1918 4638 εὐεκτεῖν

2037 4591 2238 4655 culum,
2277 4589 2351 4644 ita
2385 4603 2483 4661 nec
2506 4604 2700 4658 reapse
2727 4589 2850 4658 quis
2885 4589 3146 4643 immunis
3176 4603 3231 4672 ιι⁵
3250 4601 3496 4658 peccato,
3530 4602 3617 4646 ta-

349 4675 511 4737 εὑθδς
538 4674 740 4732 ἔπεισι,
774 4673 893 4729 Κᾶν
924 4691 1008 4738 τις
1043 4672 1350 4743 ἀνθρώπων
1398 4676 1708 4747 ὐπερελάσῃ
1748 4676 1929 4747 πολλῷ

349 4767 428 4836 τῷ
466 4767 653 4839 μέτρῳ
678 4766 814 4835 ὁμοῦ
845 4767 970 4830 τοὺς
997 4766 1158 4830 ὄντας
1188 4767 1283 4821 καὶ
1315 4768 1612 4837 γεγονότας
1640 4772 1734 4822 ἐπὶ
1761 4770 1932 4842 κακίᾳ

348 4859 740 4931 βεϐοημένους,
798 4859 1013 4930 θρήνων
1074 4858 1176 4929 μὲν
1225 4863 1307 4914 ὅτι
1351 4859 1564 4913 πολλῶν
1614 4864 1642 4914 ό
1688 4863 1931 4923 τοιοῦτος

348 4955 499 5020 ἄξιος
524 4953 598 5016 ὡς
635 4953 850 5024 ἀληθῶς
876 4952 1121 5023 γέγονεν,
1158 4954 1238 5006 ὅτι
1269 4952 1439 5017 καλὸς
1459 4954 1558 5006 καὶ
1585 4952 1673 5007 ἐπ’
1702 4954 1931 5022 ἀγαθοῖς

349 5045 797 5117 δημιουργηθεὶς,
828 5049 856 5100 ὁ
902 5046 959 5098 δὲ
995 5045 1207 5100 πολλῶν
1257 5045 1400 5099 ἑκὼν
1435 5046 1623 5101 κακῶν
1656 5046 1753 5118 τὴν
1798 5050 1929 5102 tau-

350 5137 446 5192 τοῦ
500 5138 679 5210 ψυχὴν
722 5137 1039 5208 ἐνέπλησεν,
1071 5139 1148 5202 ὡς
1187 5138 1362 5203 οὐδεὶς
1412 5139 1623 5208 ἕτερος.
1655 5140 1804 5208 Πλὴν
1837 5141 1932 5194 καὶ

349 5226 507 5295 οὗτός
539 5250 601 5300 γε
639 5231 823 5299 αὐτὸς,
858 5231 925 5286 ἂν
968 5231 1201 5302 ἐραστὴς
1239 5233 1618 5309 μανικῶτα-ςος
1655 5233 1755 5304 τῆς
1791 5234 1930 5297 ἰδίας

349 5324 694 5395 διορθώσεως
720 5324 970 5396 γένηται,
1008 5325 1057 5378 εί
1113 5325 1213 5394 μὲν
1246 5323 1496 5395 ἀπογνῷ,
1530 5324 1760 5396 εὐήθης,
1793 5326 1951 5395 μᾶλ-’

349 5417 443 5471 λον
502 5417 560 5471 δὲ
604 5418 853 5489 ἀνόητος,
905 5418 1004 5488 τὴν
1060 5417 1478 5488 φιλανθρωπίαν
1525 5419 1627 5489 τὴν
1675 5418 1928 5489 ἄπειρον,

354 5511 633 5583 ἁμαρτίας
660 5512 837 5583 πέρας
872 5511 1128 5582 ἐχούσης.
1157 5512 1308 5583 ἥττω
1334 5511 1590 5582 νομίσας.
1626 5512 1690 5565 Ei
1717 5512 1775 5565 δὲ
1807 5511 1929 5582 Θεῷ

357 5606 638 5679 θαρρήσας
669 5606 875 5673 οὐτοσὶ,
904 5606 1017 5659 τῶν
1055 5606 1158 5676 μὲν
1208 5606 1398 5661 κακῶν
1440 5605 1738 5677 ἀποσταίη,
1769 5606 1931 5660 ἀνθέ-

358 5695 511 5761 ξεται
558 5697 617 5752 δὲ
676 5698 785 5752 τῶν
837 5697 1023 5751 καλῶν
1070 5698 1169 5769 ὅση
1214 5696 1466 5768 δύναμις,
1500 5697 1652 5750 οὐδὲν
1695 5697 1930 5751 κωλύσει

356 5789 547 5843 τοῦτον
580 5790 893 5854 ἐπανιόντα,
923 5790 1022 5861 τὴν
1057 5791 1329 5860 προτέραν
1358 5790 1698 5845 κατάστασιν
1729 5793 1934 5845 ἐπανα-

356 5876 560 5943 λαϐεῖν,
591 5878 623 5949 ἦ
650 5880 742 5935 καὶ
776 5879 954 5951 πολλῷ
981 5880 1275 5952 παρελθεῖν
1301 5894 1314 5911 ⁸
1345 5882 1393 5935 εί
1427 5880 1490 5953 δὴ
1518 5883 1612 5935 καὶ
1645 5881 1928 5953 ὑπερϐολή

2033 4682 2196 4738 metsi
2241 4682 2399 4751 longe
2456 4681 2670 4736 caneris
2724 4680 2930 4735 virtute
2990 4688 3235 4750 praestet.
3274 4680 3620 4752 Quapropter

2033 4774 2303 4830 universis
2349 4775 2451 4830 hoc
2501 4773 2919 4836 medicamento,
2979 4773 3299 4849 poenitentia
3355 4773 3616 4843 inquam,

2031 4882 2168 4938 Opus
2214 4869 2360 4922 erit:
2393 4868 2536 4936 quod
2585 4867 2631 4922 si
2680 4865 2773 4936 qui
2848 4865 2957 4920 tale
3008 4865 3153 4920 nacti
3209 4865 3413 4922 fuerint
3457 4872 3620 4938 quale

2013 4960 2192 5014 debet
2267 4974 2427 5025 esse,
2485 4946 2609 5013 mort
2683 4967 2828 5013 recta
2904 4956 3158 5012 valetudo
3233 4971 3615 5029 recuperatur.

2034 5050 2262 5107 Etiamsi
2288 5051 2414 5122 quis
2454 5051 2641 5106 multis
2674 5049 2850 5105 modis
2870 5061 2925 5104 et
2956 5065 3049 5104 eos
3082 5051 3173 5119 qui
3211 5066 3361 5106 nunc
3387 5063 3533 5122 sunt,
3566 5062 3622 5109 et

2032 5145 2124 5214 qui
2187 5143 2405 5197 fuerunt
2463 5160 2527 5199 ex
2571 5143 2872 5199 vitiositate
2926 5141 3190 5209 celebres,
3255 5148 3619 5215 superaverit,

2034 5235 2220 5292 multis
2254 5236 2344 5289 ille
2369 5235 2585 5304 quidem
2640 5235 2898 5304 lacrytnis
2953 5249 3141 5290 revera
3177 5237 3419 5307 ‘dignns,
3476 5243 3622 5311 quod

2033 5345 2156 5385 cum
2196 5337 2250 5385 et
2282 5329 2453 5384 bonus
2478 5339 2534 5383 et
2571 5330 2635 5383 ad
2658 5327 2796 5382 bona
2832 5328 3104 5396 conditus,
3160 5342 3353 5400 Sponte
3378 5349 3475 5387 sua
3505 5335 3625 5402 plu.

2035 5424 2185 5479 ribus
2208 5425 2447 5477 animum
2478 5421 2825 5492 vitiis,qnam
2864 5422 3002 5479 alius
3030 5425 3341 5494 quisquam,
3367 5428 3627 5498 impleve-

2035 5519 2143 5571 rit:
2186 5518 2279 5571 sed
2312 5513 2664 5568 nihilominus
2710 5513 2876 5581 idem,
2942 5515 3105 5571 modo
3152 5519 3336 5573 studio
3390 5523 3623 5588 quodam

2034 5606 2229 5663 insano
2257 5606 2650 5661 correctionem
2680 5621 2835 5662 suam
2887 5608 3143 5678 sitiverit,
3175 5610 3223 5665 si
3266 5610 3482 5681 quidem
3533 5610 3627 5663 dc-

2035 5707 2237 5767 Sperct,
2270 5697 2504 5753 stolidus
2534 5705 2639 5762 est,
2669 5697 2754 5752 vel
2787 5714 2975 5754 amens
3026 5704 3227 5771 potius,
3261 5702 3354 5769 qui
3386 5701 3623 5755 divinant

2036 5790 2182 5844 illam
2215 5789 2602 5858 benignitatem
2644 5790 2910 5846 inﬁnitam
2944 5805 3169 5862 peccato
3200 5792 3357 5846 linem
3392 5793 3626 5848 habente

2037 5891 2189 5951 putet
2239 5882 2552 5940 interiorem
2604 5901 2618 5940 :
2671 5884 2753 5942 sin
2797 5884 3056 5941 collocata
3099 5886 3152 5942 in
3203 5883 3373 5943 Deum
3431 5884 3623 5942 ﬁducia
