  <div class='ocr_page' id='page_1' title='image "/cluster/home/n/w/nwhite01/storage/ocr_20150623/156/coo.31924054870617/251.png"; bbox 0 0 3958 6480; ppageno 0'>
   <div class='ocr_carea' id='block_1_1' title="bbox 288 402 3644 485">
    <p class='ocr_par' dir='ltr' id='par_1_1' title="bbox 288 402 3644 485">
     <span class='ocr_line' id='line_1_1' title="bbox 288 402 3644 485; baseline 0.005 -27"><span class='ocrx_word' id='word_1_1' title='bbox 288 432 301 447; x_wconf 58' lang='grc' dir='ltr'><strong><em>ε</em></strong></span> <span class='ocrx_word' id='word_1_2' title='bbox 375 418 482 485; x_wconf 61' lang='lat' dir='ltr'><strong>m</strong></span> <span class='ocrx_word' id='word_1_3' title='bbox 1577 405 1975 470; x_wconf 79' lang='lat' dir='ltr'><strong>MANUELIS</strong></span> <span class='ocrx_word' id='word_1_4' title='bbox 1997 402 2450 467; x_wconf 77' lang='lat' dir='ltr'><strong>PALEOLOGI</strong></span> <span class='ocrx_word' id='word_1_5' title='bbox 3118 416 3123 421; x_wconf 51' lang='grc' dir='ltr'><em>υ</em></span> <span class='ocrx_word' id='word_1_6' title='bbox 3548 407 3644 474; x_wconf 68' lang='grc' dir='ltr'><strong>ιιι</strong></span> 
     </span>
    </p>
   </div>
   <div class='ocr_carea' id='block_1_2' title="bbox 371 517 1986 595">
    <p class='ocr_par' dir='ltr' id='par_1_2' title="bbox 371 519 1986 595">
     <span class='ocr_line' id='line_1_2' title="bbox 371 519 1986 595; baseline -0.015 1"><span class='ocrx_word' id='word_1_7' title='bbox 371 530 630 595; x_wconf 88' lang='lat' dir='ltr'><strong>resilierit</strong></span> <span class='ocrx_word' id='word_1_8' title='bbox 652 544 680 584; x_wconf 86' lang='lat' dir='ltr'><strong>a</strong></span> <span class='ocrx_word' id='word_1_9' title='bbox 713 527 894 595; x_wconf 66' lang='lat' dir='ltr'><strong>malis,</strong></span> <span class='ocrx_word' id='word_1_10' title='bbox 921 533 976 581; x_wconf 81' lang='lat' dir='ltr'><strong>et</strong></span> <span class='ocrx_word' id='word_1_11' title='bbox 1001 523 1162 581; x_wconf 82' lang='lat' dir='ltr'><strong>bonis</strong></span> <span class='ocrx_word' id='word_1_12' title='bbox 1205 521 1498 579; x_wconf 64' lang='lat' dir='ltr'><strong>adbaeserit</strong></span> <span class='ocrx_word' id='word_1_13' title='bbox 1543 522 1796 576; x_wconf 87' lang='lat' dir='ltr'><strong>omnibus</strong></span> <span class='ocrx_word' id='word_1_14' title='bbox 1824 519 1986 580; x_wconf 37' lang='lat' dir='ltr'><strong>viriy</strong></span> 
     </span>
    </p>
   </div>
   <div class='ocr_carea' id='block_1_3' title="bbox 2088 517 3648 595">
    <p class='ocr_par' dir='ltr' id='par_1_3' title="bbox 2088 517 3648 594">
     <span class='ocr_line' id='line_1_3' title="bbox 2088 517 3648 594; baseline 0.003 -22"><span class='ocrx_word' id='word_1_15' title='bbox 2088 535 2180 573; x_wconf 76' lang='grc' dir='ltr'><strong>τισι</strong></span> <span class='ocrx_word' id='word_1_16' title='bbox 2219 519 2363 585; x_wconf 80' lang='grc' dir='ltr'><strong>δόξει</strong></span> <span class='ocrx_word' id='word_1_17' title='bbox 2392 518 2455 573; x_wconf 80' lang='grc' dir='ltr'><strong>τὸ</strong></span> <span class='ocrx_word' id='word_1_18' title='bbox 2492 517 2808 590; x_wconf 71' lang='grc' dir='ltr'><strong>εἰρημένον.</strong></span> <span class='ocrx_word' id='word_1_19' title='bbox 2837 519 2948 574; x_wconf 67' lang='lat' dir='ltr'><strong>“Ar</strong></span> <span class='ocrx_word' id='word_1_20' title='bbox 2990 519 3290 590; x_wconf 78' lang='grc' dir='ltr'><strong>ἁμαρτίας</strong></span> <span class='ocrx_word' id='word_1_21' title='bbox 3322 530 3648 594; x_wconf 80' lang='grc' dir='ltr'><strong>παρατηρή-</strong></span> 
     </span>
    </p>
   </div>
   <div class='ocr_carea' id='block_1_4' title="bbox 373 613 1969 700">
    <p class='ocr_par' dir='ltr' id='par_1_4' title="bbox 373 613 1969 700">
     <span class='ocr_line' id='line_1_4' title="bbox 373 613 1969 700; baseline -0.013 -14"><span class='ocrx_word' id='word_1_22' title='bbox 373 634 493 693; x_wconf 49' lang='lat' dir='ltr'><strong>llus,</strong></span> <span class='ocrx_word' id='word_1_23' title='bbox 532 626 668 682; x_wconf 87' lang='lat' dir='ltr'><strong>nihil</strong></span> <span class='ocrx_word' id='word_1_24' title='bbox 696 624 801 679; x_wconf 90' lang='lat' dir='ltr'><strong>erit</strong></span> <span class='ocrx_word' id='word_1_25' title='bbox 836 619 1233 700; x_wconf 72' lang='lat' dir='ltr'><strong>impedimento</strong></span> <span class='ocrx_word' id='word_1_26' title='bbox 1283 617 1419 688; x_wconf 91' lang='lat' dir='ltr'><strong>quin</strong></span> <span class='ocrx_word' id='word_1_27' title='bbox 1471 629 1729 673; x_wconf 82' lang='lat' dir='ltr'><strong>reversus</strong></span> <span class='ocrx_word' id='word_1_28' title='bbox 1782 613 1969 684; x_wconf 89' lang='lat' dir='ltr'><strong>pristi-</strong></span> 
     </span>
    </p>
   </div>
   <div class='ocr_carea' id='block_1_5' title="bbox 373 708 1971 783">
    <p class='ocr_par' dir='ltr' id='par_1_5' title="bbox 373 708 1971 783">
     <span class='ocr_line' id='line_1_5' title="bbox 373 708 1971 783; baseline -0.011 -6"><span class='ocrx_word' id='word_1_29' title='bbox 373 736 502 777; x_wconf 85' lang='lat' dir='ltr'><strong>num</strong></span> <span class='ocrx_word' id='word_1_30' title='bbox 530 726 730 774; x_wconf 85' lang='lat' dir='ltr'><strong>statum</strong></span> <span class='ocrx_word' id='word_1_31' title='bbox 769 721 1079 783; x_wconf 89' lang='lat' dir='ltr'><strong>recuperet,</strong></span> <span class='ocrx_word' id='word_1_32' title='bbox 1117 710 1199 765; x_wconf 85' lang='lat' dir='ltr'><strong>vel</strong></span> <span class='ocrx_word' id='word_1_33' title='bbox 1230 710 1395 765; x_wconf 88' lang='lat' dir='ltr'><strong>etiam</strong></span> <span class='ocrx_word' id='word_1_34' title='bbox 1438 708 1597 780; x_wconf 78' lang='lat' dir='ltr'><strong>longo</strong></span> <span class='ocrx_word' id='word_1_35' title='bbox 1629 717 1852 777; x_wconf 83' lang='lat' dir='ltr'><strong>superet</strong></span> <span class='ocrx_word' id='word_1_36' title='bbox 1882 710 1971 761; x_wconf 90' lang='lat' dir='ltr'><strong>in-</strong></span> 
     </span>
    </p>
   </div>
   <div class='ocr_carea' id='block_1_6' title="bbox 373 799 1974 875">
    <p class='ocr_par' dir='ltr' id='par_1_6' title="bbox 373 799 1974 875">
     <span class='ocr_line' id='line_1_6' title="bbox 373 799 1974 875; baseline -0.012 -5"><span class='ocrx_word' id='word_1_37' title='bbox 373 813 644 875; x_wconf 77' lang='lat' dir='ltr'><strong>tervallo;</strong></span> <span class='ocrx_word' id='word_1_38' title='bbox 681 816 802 862; x_wconf 89' lang='lat' dir='ltr'><strong>utut</strong></span> <span class='ocrx_word' id='word_1_39' title='bbox 849 807 953 860; x_wconf 83' lang='lat' dir='ltr'><strong>hoc</strong></span> <span class='ocrx_word' id='word_1_40' title='bbox 1007 802 1335 872; x_wconf 87' lang='lat' dir='ltr'><strong>prolatnma</strong></span> <span class='ocrx_word' id='word_1_41' title='bbox 1367 801 1525 857; x_wconf 90' lang='lat' dir='ltr'><strong>nobis</strong></span> <span class='ocrx_word' id='word_1_42' title='bbox 1581 799 1827 854; x_wconf 82' lang='lat' dir='ltr'><strong>nonnulli</strong></span> <span class='ocrx_word' id='word_1_43' title='bbox 1889 799 1974 851; x_wconf 85' lang='lat' dir='ltr'><strong>ni-</strong></span> 
     </span>
    </p>
   </div>
   <div class='ocr_carea' id='block_1_7' title="bbox 373 881 1974 972">
    <p class='ocr_par' dir='ltr' id='par_1_7' title="bbox 373 881 1974 972">
     <span class='ocr_line' id='line_1_7' title="bbox 373 881 1974 972; baseline -0.011 -12"><span class='ocrx_word' id='word_1_44' title='bbox 373 906 542 960; x_wconf 85' lang='lat' dir='ltr'><strong>mium</strong></span> <span class='ocrx_word' id='word_1_45' title='bbox 601 902 886 972; x_wconf 81' lang='lat' dir='ltr'><strong>putabunt.</strong></span> <span class='ocrx_word' id='word_1_46' title='bbox 918 895 978 951; x_wconf 89' lang='lat' dir='ltr'><strong>Si</strong></span> <span class='ocrx_word' id='word_1_47' title='bbox 995 881 1202 949; x_wconf 48' lang='lat' dir='ltr'><strong>&#39;delicta</strong></span> <span class='ocrx_word' id='word_1_48' title='bbox 1223 893 1603 957; x_wconf 73' lang='lat' dir='ltr'><strong>observaveris,</strong></span> <span class='ocrx_word' id='word_1_49' title='bbox 1635 894 1754 963; x_wconf 89' lang='lat' dir='ltr'><strong><em>quis</em></strong></span> <span class='ocrx_word' id='word_1_50' title='bbox 1804 889 1974 944; x_wconf 81' lang='lat' dir='ltr'><strong><em>susti-</em></strong></span> 
     </span>
    </p>
   </div>
   <div class='ocr_carea' id='block_1_8' title="bbox 374 981 1972 1064">
    <p class='ocr_par' dir='ltr' id='par_1_8' title="bbox 374 981 1972 1064">
     <span class='ocr_line' id='line_1_8' title="bbox 374 981 1972 1064; baseline -0.011 -12"><span class='ocrx_word' id='word_1_51' title='bbox 374 999 509 1053; x_wconf 77' lang='lat' dir='ltr'><strong>nebit</strong></span> <span class='ocrx_word' id='word_1_52' title='bbox 534 996 558 1050; x_wconf 85' lang='lat'><strong>.’</strong></span> <span class='ocrx_word' id='word_1_53' title='bbox 583 994 757 1064; x_wconf 90' lang='lat' dir='ltr'><strong>inquit</strong></span> <span class='ocrx_word' id='word_1_54' title='bbox 782 990 870 1045; x_wconf 89' lang='lat' dir='ltr'><strong>ille</strong></span> <span class='ocrx_word' id='word_1_55' title='bbox 891 990 930 1042; x_wconf 74' lang='grc'><strong>³.</strong></span> <span class='ocrx_word' id='word_1_56' title='bbox 961 988 1187 1044; x_wconf 79' lang='lat' dir='ltr'><strong><em>Peccata</em></strong></span> <span class='ocrx_word' id='word_1_57' title='bbox 1215 990 1332 1057; x_wconf 73' lang='lat' dir='ltr'><strong><em>Quis</em></strong></span> <span class='ocrx_word' id='word_1_58' title='bbox 1365 985 1698 1057; x_wconf 75' lang='lat' dir='ltr'><strong>intelliget&#39;?</strong></span> <span class='ocrx_word' id='word_1_59' title='bbox 1727 985 1879 1048; x_wconf 85' lang='lat' dir='ltr'><strong>item,</strong></span> <span class='ocrx_word' id='word_1_60' title='bbox 1910 981 1972 1035; x_wconf 89' lang='lat' dir='ltr'><strong><em>Si</em></strong></span> 
     </span>
    </p>
   </div>
   <div class='ocr_carea' id='block_1_9' title="bbox 374 1071 1974 1159">
    <p class='ocr_par' dir='ltr' id='par_1_9' title="bbox 374 1071 1974 1159">
     <span class='ocr_line' id='line_1_9' title="bbox 374 1071 1974 1159; baseline -0.013 -15"><span class='ocrx_word' id='word_1_61' title='bbox 374 1108 472 1145; x_wconf 82' lang='lat' dir='ltr'><strong>nos</strong></span> <span class='ocrx_word' id='word_1_62' title='bbox 512 1102 754 1159; x_wconf 76' lang='lat' dir='ltr'><strong>peccasse</strong></span> <span class='ocrx_word' id='word_1_63' title='bbox 798 1083 1191 1155; x_wconf 73' lang='lat' dir='ltr'><strong>negaverimus,</strong></span> <span class='ocrx_word' id='word_1_64' title='bbox 1247 1080 1423 1148; x_wconf 81' lang='lat' dir='ltr'><strong><em>ipsum</em></strong></span> <span class='ocrx_word' id='word_1_65' title='bbox 1483 1077 1783 1131; x_wconf 77' lang='lat' dir='ltr'><strong>mendacem</strong></span> <span class='ocrx_word' id='word_1_66' title='bbox 1838 1071 1974 1141; x_wconf 82' lang='lat' dir='ltr'><strong><em>faci-</em></strong></span> 
     </span>
    </p>
   </div>
   <div class='ocr_carea' id='block_1_10' title="bbox 374 1165 1976 1249">
    <p class='ocr_par' dir='ltr' id='par_1_10' title="bbox 374 1165 1976 1249">
     <span class='ocr_line' id='line_1_10' title="bbox 374 1165 1976 1249; baseline -0.013 -11"><span class='ocrx_word' id='word_1_67' title='bbox 374 1201 490 1238; x_wconf 86' lang='lat' dir='ltr'><strong><em>mus</em></strong></span> <span class='ocrx_word' id='word_1_68' title='bbox 524 1184 576 1249; x_wconf 85' lang='grc'><strong>³;</strong></span> <span class='ocrx_word' id='word_1_69' title='bbox 622 1181 774 1247; x_wconf 89' lang='lat' dir='ltr'><strong>item,</strong></span> <span class='ocrx_word' id='word_1_70' title='bbox 819 1178 980 1233; x_wconf 85' lang='lat' dir='ltr'><strong>Nemo</strong></span> <span class='ocrx_word' id='word_1_71' title='bbox 1009 1176 1196 1241; x_wconf 82' lang='lat' dir='ltr'><strong>bonus,</strong></span> <span class='ocrx_word' id='word_1_72' title='bbox 1228 1173 1333 1229; x_wconf 82' lang='lat' dir='ltr'><strong><em>nisi</em></strong></span> <span class='ocrx_word' id='word_1_73' title='bbox 1351 1171 1496 1226; x_wconf 83' lang='lat' dir='ltr'><strong><em>solus</em></strong></span> <span class='ocrx_word' id='word_1_74' title='bbox 1529 1170 1666 1224; x_wconf 86' lang='lat' dir='ltr'><strong><em>Deus</em></strong></span> <span class='ocrx_word' id='word_1_75' title='bbox 1692 1168 1735 1221; x_wconf 73' lang='grc'><strong>⁵.</strong></span> <span class='ocrx_word' id='word_1_76' title='bbox 1771 1165 1833 1221; x_wconf 84' lang='grc' dir='ltr'><strong>Ει</strong></span> <span class='ocrx_word' id='word_1_77' title='bbox 1882 1178 1976 1234; x_wconf 81' lang='lat' dir='ltr'><strong>per</strong></span> 
     </span>
    </p>
   </div>
   <div class='ocr_carea' id='block_1_11' title="bbox 375 1254 1974 1336">
    <p class='ocr_par' dir='ltr' id='par_1_11' title="bbox 375 1254 1974 1336">
     <span class='ocr_line' id='line_1_11' title="bbox 375 1254 1974 1336; baseline -0.015 -4"><span class='ocrx_word' id='word_1_78' title='bbox 375 1277 664 1332; x_wconf 83' lang='lat' dir='ltr'><strong>universas</strong></span> <span class='ocrx_word' id='word_1_79' title='bbox 697 1274 932 1329; x_wconf 86' lang='lat' dir='ltr'><strong>Litteras</strong></span> <span class='ocrx_word' id='word_1_80' title='bbox 1007 1284 1216 1336; x_wconf 86' lang='lat' dir='ltr'><strong>sacras,</strong></span> <span class='ocrx_word' id='word_1_81' title='bbox 1252 1268 1296 1323; x_wconf 88' lang='lat' dir='ltr'><strong>si</strong></span> <span class='ocrx_word' id='word_1_82' title='bbox 1356 1262 1660 1335; x_wconf 63' lang='lat' dir='ltr'><strong>quasier‘is,</strong></span> <span class='ocrx_word' id='word_1_83' title='bbox 1707 1254 1974 1330; x_wconf 80' lang='lat' dir='ltr'><strong>ejusmodi</strong></span> 
     </span>
    </p>
   </div>
   <div class='ocr_carea' id='block_1_12' title="bbox 348 1355 1979 1435">
    <p class='ocr_par' dir='ltr' id='par_1_12' title="bbox 348 1355 1979 1435">
     <span class='ocr_line' id='line_1_12' title="bbox 348 1355 1979 1435; baseline -0.013 -10"><span class='ocrx_word' id='word_1_84' title='bbox 348 1368 547 1424; x_wconf 82' lang='lat' dir='ltr'><strong>.multa</strong></span> <span class='ocrx_word' id='word_1_85' title='bbox 604 1365 866 1435; x_wconf 77' lang='lat' dir='ltr'><strong><em>reperies.</em></strong></span> <span class='ocrx_word' id='word_1_86' title='bbox 928 1361 1103 1427; x_wconf 82' lang='lat' dir='ltr'><strong>Venit,</strong></span> <span class='ocrx_word' id='word_1_87' title='bbox 1132 1370 1190 1414; x_wconf 90' lang='lat' dir='ltr'><strong>ut</strong></span> <span class='ocrx_word' id='word_1_88' title='bbox 1251 1359 1417 1413; x_wconf 78' lang='lat' dir='ltr'><strong><em>vitam</em></strong></span> <span class='ocrx_word' id='word_1_89' title='bbox 1465 1355 1772 1418; x_wconf 78' lang='lat' dir='ltr'><strong>habeamus,</strong></span> <span class='ocrx_word' id='word_1_90' title='bbox 1801 1360 1851 1405; x_wconf 82' lang='lat' dir='ltr'><strong>et</strong></span> <span class='ocrx_word' id='word_1_91' title='bbox 1888 1366 1979 1405; x_wconf 87' lang='lat' dir='ltr'><strong><em>su-</em></strong></span> 
     </span>
    </p>
   </div>
   <div class='ocr_carea' id='block_1_13' title="bbox 372 1447 1976 1532">
    <p class='ocr_par' dir='ltr' id='par_1_13' title="bbox 372 1447 1976 1532">
     <span class='ocr_line' id='line_1_13' title="bbox 372 1447 1976 1532; baseline -0.012 -16"><span class='ocrx_word' id='word_1_92' title='bbox 372 1462 636 1532; x_wconf 69' lang='lat' dir='ltr'><strong><em>perﬂuum</em></strong></span> <span class='ocrx_word' id='word_1_93' title='bbox 689 1457 998 1511; x_wconf 77' lang='lat' dir='ltr'><strong>habeamus.</strong></span> <span class='ocrx_word' id='word_1_94' title='bbox 1043 1453 1201 1519; x_wconf 88' lang='lat' dir='ltr'><strong>Item,</strong></span> <span class='ocrx_word' id='word_1_95' title='bbox 1245 1449 1310 1505; x_wconf 85' lang='lat' dir='ltr'><strong><em>Si</em></strong></span> <span class='ocrx_word' id='word_1_96' title='bbox 1353 1447 1707 1516; x_wconf 75' lang='lat' dir='ltr'><strong>conﬁteantur</strong></span> <span class='ocrx_word' id='word_1_97' title='bbox 1758 1452 1976 1513; x_wconf 70' lang='lat' dir='ltr'><strong><em>peccata</em></strong></span> 
     </span>
    </p>
   </div>
   <div class='ocr_carea' id='block_1_14' title="bbox 375 1535 1974 1619">
    <p class='ocr_par' dir='ltr' id='par_1_14' title="bbox 375 1535 1974 1619">
     <span class='ocr_line' id='line_1_14' title="bbox 375 1535 1974 1619; baseline -0.013 -10"><span class='ocrx_word' id='word_1_98' title='bbox 375 1564 580 1617; x_wconf 84' lang='lat' dir='ltr'><strong><em>nostra,</em></strong></span> <span class='ocrx_word' id='word_1_99' title='bbox 605 1551 746 1619; x_wconf 81' lang='lat' dir='ltr'><strong><em>ﬁdus</em></strong></span> <span class='ocrx_word' id='word_1_100' title='bbox 762 1559 813 1603; x_wconf 89' lang='lat' dir='ltr'><strong>et</strong></span> <span class='ocrx_word' id='word_1_101' title='bbox 839 1549 1022 1617; x_wconf 84' lang='lat' dir='ltr'><strong><em>justus</em></strong></span> <span class='ocrx_word' id='word_1_102' title='bbox 1047 1554 1148 1609; x_wconf 87' lang='lat' dir='ltr'><strong><em>est,</em></strong></span> <span class='ocrx_word' id='word_1_103' title='bbox 1179 1552 1235 1597; x_wconf 88' lang='lat' dir='ltr'><strong><em>ut</em></strong></span> <span class='ocrx_word' id='word_1_104' title='bbox 1264 1549 1481 1611; x_wconf 81' lang='lat' dir='ltr'><strong><em>peccata</em></strong></span> <span class='ocrx_word' id='word_1_105' title='bbox 1508 1538 1656 1594; x_wconf 80' lang='lat' dir='ltr'><strong><em>nobis</em></strong></span> <span class='ocrx_word' id='word_1_106' title='bbox 1674 1535 1974 1591; x_wconf 71' lang='lat' dir='ltr'><strong><em>remittat“.</em></strong></span> 
     </span>
    </p>
   </div>
   <div class='ocr_carea' id='block_1_15' title="bbox 374 1630 1978 1705">
    <p class='ocr_par' dir='ltr' id='par_1_15' title="bbox 374 1630 1978 1705">
     <span class='ocr_line' id='line_1_15' title="bbox 374 1630 1978 1705; baseline -0.013 -3"><span class='ocrx_word' id='word_1_107' title='bbox 374 1646 511 1702; x_wconf 81' lang='lat' dir='ltr'><strong>Nam</strong></span> <span class='ocrx_word' id='word_1_108' title='bbox 529 1644 681 1700; x_wconf 87' lang='lat' dir='ltr'><strong>dedit</strong></span> <span class='ocrx_word' id='word_1_109' title='bbox 695 1657 819 1699; x_wconf 91' lang='lat' dir='ltr'><strong>eum</strong></span> <span class='ocrx_word' id='word_1_110' title='bbox 840 1641 1004 1695; x_wconf 85' lang='lat' dir='ltr'><strong>Pater</strong></span> <span class='ocrx_word' id='word_1_111' title='bbox 1023 1638 1091 1693; x_wconf 88' lang='lat' dir='ltr'><strong>ad</strong></span> <span class='ocrx_word' id='word_1_112' title='bbox 1113 1634 1494 1705; x_wconf 78' lang='lat' dir='ltr'><strong>ignominiam,</strong></span> <span class='ocrx_word' id='word_1_113' title='bbox 1512 1641 1567 1686; x_wconf 90' lang='lat' dir='ltr'><strong>et</strong></span> <span class='ocrx_word' id='word_1_114' title='bbox 1581 1630 1904 1694; x_wconf 82' lang='lat' dir='ltr'><strong>cruciatum,</strong></span> <span class='ocrx_word' id='word_1_115' title='bbox 1921 1636 1978 1682; x_wconf 89' lang='lat' dir='ltr'><strong>et</strong></span> 
     </span>
    </p>
   </div>
   <div class='ocr_carea' id='block_1_16' title="bbox 383 1721 1973 1803">
    <p class='ocr_par' dir='ltr' id='par_1_16' title="bbox 383 1721 1973 1803">
     <span class='ocr_line' id='line_1_16' title="bbox 383 1721 1973 1803; baseline -0.013 -11"><span class='ocrx_word' id='word_1_116' title='bbox 383 1747 639 1798; x_wconf 85' lang='lat' dir='ltr'><strong>mortem,</strong></span> <span class='ocrx_word' id='word_1_117' title='bbox 665 1749 766 1798; x_wconf 86' lang='lat' dir='ltr'><strong>pro</strong></span> <span class='ocrx_word' id='word_1_118' title='bbox 781 1734 852 1789; x_wconf 91' lang='lat' dir='ltr'><strong>iis</strong></span> <span class='ocrx_word' id='word_1_119' title='bbox 884 1733 981 1803; x_wconf 82' lang='lat' dir='ltr'><strong>qui</strong></span> <span class='ocrx_word' id='word_1_120' title='bbox 1009 1728 1230 1786; x_wconf 78' lang='lat' dir='ltr'><strong>obnoxii</strong></span> <span class='ocrx_word' id='word_1_121' title='bbox 1264 1724 1631 1798; x_wconf 86' lang='lat' dir='ltr'><strong>perpetiendis</strong></span> <span class='ocrx_word' id='word_1_122' title='bbox 1660 1721 1765 1777; x_wconf 81' lang='lat' dir='ltr'><strong>illis</strong></span> <span class='ocrx_word' id='word_1_123' title='bbox 1797 1728 1973 1783; x_wconf 83' lang='lat' dir='ltr'><strong>erant,</strong></span> 
     </span>
    </p>
   </div>
   <div class='ocr_carea' id='block_1_17' title="bbox 381 1810 1976 1901">
    <p class='ocr_par' dir='ltr' id='par_1_17' title="bbox 381 1810 1976 1901">
     <span class='ocr_line' id='line_1_17' title="bbox 381 1810 1976 1901; baseline -0.013 -15"><span class='ocrx_word' id='word_1_124' title='bbox 381 1841 439 1886; x_wconf 90' lang='lat' dir='ltr'><strong>ut</strong></span> <span class='ocrx_word' id='word_1_125' title='bbox 466 1829 703 1901; x_wconf 85' lang='lat' dir='ltr'><strong><em>quisquis</em></strong></span> <span class='ocrx_word' id='word_1_126' title='bbox 746 1828 801 1881; x_wconf 84' lang='lat' dir='ltr'><strong><em>in</em></strong></span> <span class='ocrx_word' id='word_1_127' title='bbox 823 1841 942 1880; x_wconf 89' lang='lat' dir='ltr'><strong><em>eum</em></strong></span> <span class='ocrx_word' id='word_1_128' title='bbox 993 1822 1186 1888; x_wconf 82' lang='lat' dir='ltr'><strong><em>credit,</em></strong></span> <span class='ocrx_word' id='word_1_129' title='bbox 1215 1836 1317 1874; x_wconf 86' lang='lat' dir='ltr'><strong>non</strong></span> <span class='ocrx_word' id='word_1_130' title='bbox 1344 1827 1523 1888; x_wconf 87' lang='lat' dir='ltr'><strong><em>pereat</em></strong></span> <span class='ocrx_word' id='word_1_131' title='bbox 1548 1817 1571 1848; x_wconf 86' lang='grc'><strong><em>⁸</em></strong></span> <span class='ocrx_word' id='word_1_132' title='bbox 1604 1832 1620 1882; x_wconf 86' lang='grc'>;</span> <span class='ocrx_word' id='word_1_133' title='bbox 1653 1814 1808 1879; x_wconf 87' lang='lat' dir='ltr'><strong>item,</strong></span> <span class='ocrx_word' id='word_1_134' title='bbox 1837 1810 1976 1867; x_wconf 87' lang='lat' dir='ltr'><strong>San-</strong></span> 
     </span>
    </p>
   </div>
   <div class='ocr_carea' id='block_1_18' title="bbox 376 1885 2048 1994">
    <p class='ocr_par' dir='ltr' id='par_1_18' title="bbox 376 1885 2048 1994">
     <span class='ocr_line' id='line_1_18' title="bbox 376 1885 2048 1994; baseline -0.011 -16"><span class='ocrx_word' id='word_1_135' title='bbox 376 1885 496 1994; x_wconf 71' lang='lat' dir='ltr'><strong><em>guis</em></strong></span> <span class='ocrx_word' id='word_1_136' title='bbox 525 1885 698 1990; x_wconf 64' lang='lat' dir='ltr'><strong><em>ipsius</em></strong></span> <span class='ocrx_word' id='word_1_137' title='bbox 730 1918 912 1989; x_wconf 74' lang='lat' dir='ltr'><strong><em>expiat</em></strong></span> <span class='ocrx_word' id='word_1_138' title='bbox 965 1931 1060 1970; x_wconf 86' lang='lat' dir='ltr'><strong><em>uos</em></strong></span> <span class='ocrx_word' id='word_1_139' title='bbox 1086 1913 1157 1968; x_wconf 84' lang='lat' dir='ltr'><strong><em>ab</em></strong></span> <span class='ocrx_word' id='word_1_140' title='bbox 1172 1885 1574 1981; x_wconf 34' lang='lat' dir='ltr'><strong>omni-peccato</strong></span> <span class='ocrx_word' id='word_1_141' title='bbox 1595 1909 1640 1962; x_wconf 81' lang='grc'><strong>⁷.</strong></span> <span class='ocrx_word' id='word_1_142' title='bbox 1693 1905 1972 1973; x_wconf 84' lang='lat' dir='ltr'><strong>Quatnob-</strong></span> <span class='ocrx_word' id='word_1_143' title='bbox 2004 1885 2048 1941; x_wconf 69' lang='grc' dir='ltr'><strong>Β</strong></span> 
     </span>
    </p>
   </div>
   <div class='ocr_carea' id='block_1_19' title="bbox 377 1999 1975 2085">
    <p class='ocr_par' dir='ltr' id='par_1_19' title="bbox 377 1999 1975 2085">
     <span class='ocr_line' id='line_1_19' title="bbox 377 1999 1975 2085; baseline -0.013 -13"><span class='ocrx_word' id='word_1_144' title='bbox 377 2033 493 2072; x_wconf 73' lang='lat' dir='ltr'><strong>rem</strong></span> <span class='ocrx_word' id='word_1_145' title='bbox 537 2014 750 2085; x_wconf 80' lang='lat' dir='ltr'><strong>quoties</strong></span> <span class='ocrx_word' id='word_1_146' title='bbox 803 2026 902 2064; x_wconf 88' lang='lat' dir='ltr'><strong>nos</strong></span> <span class='ocrx_word' id='word_1_147' title='bbox 933 2010 1081 2078; x_wconf 89' lang='lat' dir='ltr'><strong>ipsos</strong></span> <span class='ocrx_word' id='word_1_148' title='bbox 1123 2015 1176 2061; x_wconf 88' lang='lat' dir='ltr'><strong>et</strong></span> <span class='ocrx_word' id='word_1_149' title='bbox 1198 2020 1319 2075; x_wconf 75' lang='lat' dir='ltr'><strong>quae</strong></span> <span class='ocrx_word' id='word_1_150' title='bbox 1359 2014 1545 2060; x_wconf 87' lang='lat' dir='ltr'><strong>nostra</strong></span> <span class='ocrx_word' id='word_1_151' title='bbox 1607 2010 1735 2057; x_wconf 88' lang='lat' dir='ltr'><strong>sunt</strong></span> <span class='ocrx_word' id='word_1_152' title='bbox 1763 1999 1975 2075; x_wconf 36' lang='lat' dir='ltr'><strong>.aspicl-</strong></span> 
     </span>
    </p>
   </div>
   <div class='ocr_carea' id='block_1_20' title="bbox 381 2089 1977 2176">
    <p class='ocr_par' dir='ltr' id='par_1_20' title="bbox 381 2089 1977 2176">
     <span class='ocr_line' id='line_1_20' title="bbox 381 2089 1977 2176; baseline -0.011 -14"><span class='ocrx_word' id='word_1_153' title='bbox 381 2124 523 2170; x_wconf 89' lang='lat' dir='ltr'><strong>mus.</strong></span> <span class='ocrx_word' id='word_1_154' title='bbox 550 2107 760 2176; x_wconf 88' lang='lat' dir='ltr'><strong>justum</strong></span> <span class='ocrx_word' id='word_1_155' title='bbox 792 2111 897 2164; x_wconf 74' lang='lat' dir='ltr'><strong>eet,</strong></span> <span class='ocrx_word' id='word_1_156' title='bbox 926 2089 1115 2155; x_wconf 82' lang='lat' dir='ltr'><strong>onmes</strong></span> <span class='ocrx_word' id='word_1_157' title='bbox 1162 2094 1471 2165; x_wconf 76' lang='lat' dir='ltr'><strong>deSperare,</strong></span> <span class='ocrx_word' id='word_1_158' title='bbox 1500 2093 1720 2165; x_wconf 83' lang='lat' dir='ltr'><strong>quando</strong></span> <span class='ocrx_word' id='word_1_159' title='bbox 1742 2089 1977 2162; x_wconf 83' lang='lat' dir='ltr'><strong>perscri-</strong></span> 
     </span>
    </p>
   </div>
   <div class='ocr_carea' id='block_1_21' title="bbox 379 2190 1976 2272">
    <p class='ocr_par' dir='ltr' id='par_1_21' title="bbox 379 2190 1976 2272">
     <span class='ocr_line' id='line_1_21' title="bbox 379 2190 1976 2272; baseline -0.013 -16"><span class='ocrx_word' id='word_1_160' title='bbox 379 2210 527 2272; x_wconf 89' lang='lat' dir='ltr'><strong>ptum</strong></span> <span class='ocrx_word' id='word_1_161' title='bbox 561 2198 790 2267; x_wconf 79' lang='lat' dir='ltr'><strong>legimus</strong></span> <span class='ocrx_word' id='word_1_162' title='bbox 821 2210 837 2249; x_wconf 92' lang='lat'><strong>:</strong></span> <span class='ocrx_word' id='word_1_163' title='bbox 871 2195 951 2248; x_wconf 81' lang='lat' dir='ltr'><strong><em>Ne</em></strong></span> <span class='ocrx_word' id='word_1_164' title='bbox 980 2194 1143 2245; x_wconf 83' lang='lat' dir='ltr'><strong><em>intres</em></strong></span> <span class='ocrx_word' id='word_1_165' title='bbox 1177 2191 1231 2244; x_wconf 86' lang='lat' dir='ltr'><strong>in</strong></span> <span class='ocrx_word' id='word_1_166' title='bbox 1246 2190 1509 2259; x_wconf 82' lang='lat' dir='ltr'><strong>judicium</strong></span> <span class='ocrx_word' id='word_1_167' title='bbox 1540 2204 1661 2253; x_wconf 79' lang='lat' dir='ltr'><strong>cum</strong></span> <span class='ocrx_word' id='word_1_168' title='bbox 1692 2200 1838 2240; x_wconf 82' lang='lat' dir='ltr'><strong><em>servo</em></strong></span> <span class='ocrx_word' id='word_1_169' title='bbox 1862 2193 1976 2249; x_wconf 89' lang='lat' dir='ltr'><strong><em>tuo,</em></strong></span> 
     </span>
    </p>
   </div>
   <div class='ocr_carea' id='block_1_22' title="bbox 377 2277 1980 2361">
    <p class='ocr_par' dir='ltr' id='par_1_22' title="bbox 377 2277 1980 2361">
     <span class='ocr_line' id='line_1_22' title="bbox 377 2277 1980 2361; baseline -0.014 -13"><span class='ocrx_word' id='word_1_170' title='bbox 377 2293 625 2361; x_wconf 84' lang='lat' dir='ltr'><strong>quoniam</strong></span> <span class='ocrx_word' id='word_1_171' title='bbox 653 2290 838 2360; x_wconf 85' lang='lat' dir='ltr'><strong><em>justus</em></strong></span> <span class='ocrx_word' id='word_1_172' title='bbox 878 2287 933 2340; x_wconf 88' lang='lat' dir='ltr'><strong><em>in</em></strong></span> <span class='ocrx_word' id='word_1_173' title='bbox 966 2296 1248 2351; x_wconf 85' lang='lat' dir='ltr'><strong>conspectu</strong></span> <span class='ocrx_word' id='word_1_174' title='bbox 1290 2295 1379 2336; x_wconf 88' lang='lat' dir='ltr'><strong>tuo</strong></span> <span class='ocrx_word' id='word_1_175' title='bbox 1417 2277 1980 2351; x_wconf 74' lang='lat' dir='ltr'><strong>nondepreheudetur</strong></span> 
     </span>
    </p>
   </div>
   <div class='ocr_carea' id='block_1_23' title="bbox 380 2371 1980 2455">
    <p class='ocr_par' dir='ltr' id='par_1_23' title="bbox 380 2371 1980 2455">
     <span class='ocr_line' id='line_1_23' title="bbox 380 2371 1980 2455; baseline -0.012 -12"><span class='ocrx_word' id='word_1_176' title='bbox 380 2403 563 2443; x_wconf 85' lang='lat' dir='ltr'><strong><em>eorum</em></strong></span> <span class='ocrx_word' id='word_1_177' title='bbox 593 2386 872 2455; x_wconf 84' lang='lat' dir='ltr'><strong><em>quisquam</em></strong></span> <span class='ocrx_word' id='word_1_178' title='bbox 909 2380 1000 2451; x_wconf 89' lang='lat' dir='ltr'><strong>qui</strong></span> <span class='ocrx_word' id='word_1_179' title='bbox 1030 2379 1205 2433; x_wconf 70' lang='lat' dir='ltr'><strong><em>vivunt</em></strong></span> <span class='ocrx_word' id='word_1_180' title='bbox 1230 2376 1289 2443; x_wconf 84' lang='grc'><strong>⁸;</strong></span> <span class='ocrx_word' id='word_1_181' title='bbox 1321 2384 1378 2429; x_wconf 87' lang='lat' dir='ltr'><strong>at</strong></span> <span class='ocrx_word' id='word_1_182' title='bbox 1408 2390 1531 2429; x_wconf 89' lang='lat' dir='ltr'><strong>cum</strong></span> <span class='ocrx_word' id='word_1_183' title='bbox 1556 2371 1726 2427; x_wconf 89' lang='lat' dir='ltr'><strong>Deum</strong></span> <span class='ocrx_word' id='word_1_184' title='bbox 1748 2371 1980 2440; x_wconf 78' lang='lat' dir='ltr'><strong><em>ejusque</em></strong></span> 
     </span>
    </p>
   </div>
   <div class='ocr_carea' id='block_1_24' title="bbox 376 2462 1977 2537">
    <p class='ocr_par' dir='ltr' id='par_1_24' title="bbox 376 2462 1977 2537">
     <span class='ocr_line' id='line_1_24' title="bbox 376 2462 1977 2537; baseline -0.013 0"><span class='ocrx_word' id='word_1_185' title='bbox 376 2478 727 2537; x_wconf 80' lang='lat' dir='ltr'><strong>clementiam</strong></span> <span class='ocrx_word' id='word_1_186' title='bbox 774 2476 1076 2536; x_wconf 87' lang='lat' dir='ltr'><strong>intuemur,</strong></span> <span class='ocrx_word' id='word_1_187' title='bbox 1125 2469 1332 2525; x_wconf 83' lang='lat' dir='ltr'><strong>nemini</strong></span> <span class='ocrx_word' id='word_1_188' title='bbox 1405 2466 1808 2536; x_wconf 76' lang='lat' dir='ltr'><strong>desperandum</strong></span> <span class='ocrx_word' id='word_1_189' title='bbox 1867 2462 1977 2528; x_wconf 85' lang='lat' dir='ltr'><strong>aio,</strong></span> 
     </span>
    </p>
   </div>
   <div class='ocr_carea' id='block_1_25' title="bbox 378 2554 1982 2645">
    <p class='ocr_par' dir='ltr' id='par_1_25' title="bbox 378 2554 1982 2645">
     <span class='ocr_line' id='line_1_25' title="bbox 378 2554 1982 2645; baseline -0.011 -19"><span class='ocrx_word' id='word_1_190' title='bbox 378 2574 473 2645; x_wconf 86' lang='lat' dir='ltr'><strong>qni</strong></span> <span class='ocrx_word' id='word_1_191' title='bbox 503 2571 692 2628; x_wconf 82' lang='lat' dir='ltr'><strong>salvus</strong></span> <span class='ocrx_word' id='word_1_192' title='bbox 728 2569 845 2623; x_wconf 80' lang='lat' dir='ltr'><strong>ﬁeri</strong></span> <span class='ocrx_word' id='word_1_193' title='bbox 903 2565 1097 2622; x_wconf 82' lang='lat' dir='ltr'><strong>saltem</strong></span> <span class='ocrx_word' id='word_1_194' title='bbox 1141 2562 1290 2617; x_wconf 87' lang='lat' dir='ltr'><strong>velit.</strong></span> <span class='ocrx_word' id='word_1_195' title='bbox 1348 2559 1483 2614; x_wconf 83' lang='lat' dir='ltr'><strong>Nam</strong></span> <span class='ocrx_word' id='word_1_196' title='bbox 1530 2558 1675 2613; x_wconf 88' lang='lat' dir='ltr'><strong>Deus</strong></span> <span class='ocrx_word' id='word_1_197' title='bbox 1696 2565 1752 2612; x_wconf 90' lang='lat' dir='ltr'><strong>et</strong></span> <span class='ocrx_word' id='word_1_198' title='bbox 1803 2554 1982 2624; x_wconf 78' lang='lat' dir='ltr'><strong>diligit</strong></span> 
     </span>
    </p>
   </div>
   <div class='ocr_carea' id='block_1_26' title="bbox 378 2647 1979 2734">
    <p class='ocr_par' dir='ltr' id='par_1_26' title="bbox 378 2647 1979 2734">
     <span class='ocr_line' id='line_1_26' title="bbox 378 2647 1979 2734; baseline -0.014 -11"><span class='ocrx_word' id='word_1_199' title='bbox 378 2682 506 2723; x_wconf 84' lang='lat' dir='ltr'><strong>eum</strong></span> <span class='ocrx_word' id='word_1_200' title='bbox 526 2678 689 2734; x_wconf 82' lang='lat' dir='ltr'><strong>quem</strong></span> <span class='ocrx_word' id='word_1_201' title='bbox 706 2660 960 2716; x_wconf 88' lang='lat' dir='ltr'><strong>manibus</strong></span> <span class='ocrx_word' id='word_1_202' title='bbox 976 2654 1212 2727; x_wconf 80' lang='lat' dir='ltr'><strong>propriis</strong></span> <span class='ocrx_word' id='word_1_203' title='bbox 1230 2659 1296 2709; x_wconf 89' lang='lat' dir='ltr'><strong>de</strong></span> <span class='ocrx_word' id='word_1_204' title='bbox 1311 2653 1425 2708; x_wconf 93' lang='lat' dir='ltr'><strong>luto</strong></span> <span class='ocrx_word' id='word_1_205' title='bbox 1445 2651 1620 2717; x_wconf 83' lang='lat' dir='ltr'><strong>ﬁnxit,</strong></span> <span class='ocrx_word' id='word_1_206' title='bbox 1642 2651 1783 2719; x_wconf 89' lang='lat' dir='ltr'><strong>quod</strong></span> <span class='ocrx_word' id='word_1_207' title='bbox 1804 2647 1979 2717; x_wconf 89' lang='lat' dir='ltr'><strong>ipsum</strong></span> 
     </span>
    </p>
   </div>
   <div class='ocr_carea' id='block_1_27' title="bbox 379 2738 1981 2825">
    <p class='ocr_par' dir='ltr' id='par_1_27' title="bbox 379 2738 1981 2825">
     <span class='ocr_line' id='line_1_27' title="bbox 379 2738 1981 2825; baseline -0.01 -19"><span class='ocrx_word' id='word_1_208' title='bbox 379 2768 599 2825; x_wconf 81' lang='lat' dir='ltr'><strong>quoque</strong></span> <span class='ocrx_word' id='word_1_209' title='bbox 628 2752 782 2822; x_wconf 90' lang='lat' dir='ltr'><strong>prius</strong></span> <span class='ocrx_word' id='word_1_210' title='bbox 806 2764 836 2803; x_wconf 90' lang='lat' dir='ltr'><strong>e</strong></span> <span class='ocrx_word' id='word_1_211' title='bbox 866 2746 1038 2803; x_wconf 80' lang='lat' dir='ltr'><strong>nihilo</strong></span> <span class='ocrx_word' id='word_1_212' title='bbox 1061 2745 1389 2815; x_wconf 79' lang='lat' dir='ltr'><strong>produxerat</strong></span> <span class='ocrx_word' id='word_1_213' title='bbox 1416 2759 1431 2807; x_wconf 90' lang='lat'><strong>;</strong></span> <span class='ocrx_word' id='word_1_214' title='bbox 1483 2749 1540 2798; x_wconf 89' lang='lat' dir='ltr'><strong>et</strong></span> <span class='ocrx_word' id='word_1_215' title='bbox 1578 2754 1772 2795; x_wconf 82' lang='lat' dir='ltr'><strong>omnes</strong></span> <span class='ocrx_word' id='word_1_216' title='bbox 1800 2738 1981 2793; x_wconf 86' lang='lat' dir='ltr'><strong>salvos</strong></span> 
     </span>
    </p>
   </div>
   <div class='ocr_carea' id='block_1_28' title="bbox 386 2831 1981 2910">
    <p class='ocr_par' dir='ltr' id='par_1_28' title="bbox 386 2831 1981 2910">
     <span class='ocr_line' id='line_1_28' title="bbox 386 2831 1981 2910; baseline -0.008 -12"><span class='ocrx_word' id='word_1_217' title='bbox 386 2844 506 2902; x_wconf 80' lang='lat' dir='ltr'><strong>ﬁeri</strong></span> <span class='ocrx_word' id='word_1_218' title='bbox 543 2843 657 2896; x_wconf 83' lang='lat' dir='ltr'><strong>vult</strong></span> <span class='ocrx_word' id='word_1_219' title='bbox 679 2842 899 2910; x_wconf 86' lang='lat' dir='ltr'><strong>propter</strong></span> <span class='ocrx_word' id='word_1_220' title='bbox 956 2836 1254 2893; x_wconf 85' lang='lat' dir='ltr'><strong>bonitatem</strong></span> <span class='ocrx_word' id='word_1_221' title='bbox 1302 2847 1458 2888; x_wconf 87' lang='lat' dir='ltr'><strong>suam</strong></span> <span class='ocrx_word' id='word_1_222' title='bbox 1490 2849 1504 2899; x_wconf 90' lang='lat'><strong>;</strong></span> <span class='ocrx_word' id='word_1_223' title='bbox 1540 2846 1704 2902; x_wconf 88' lang='lat' dir='ltr'><strong>quam</strong></span> <span class='ocrx_word' id='word_1_224' title='bbox 1755 2831 1823 2886; x_wconf 90' lang='lat' dir='ltr'><strong>ob</strong></span> <span class='ocrx_word' id='word_1_225' title='bbox 1855 2844 1981 2886; x_wconf 88' lang='lat' dir='ltr'><strong>cau-</strong></span> 
     </span>
    </p>
   </div>
   <div class='ocr_carea' id='block_1_29' title="bbox 386 2926 2019 2998">
    <p class='ocr_par' dir='ltr' id='par_1_29' title="bbox 386 2926 2019 2998">
     <span class='ocr_line' id='line_1_29' title="bbox 386 2926 2019 2998; baseline -0.012 -4"><span class='ocrx_word' id='word_1_226' title='bbox 386 2952 505 2994; x_wconf 76' lang='lat' dir='ltr'><strong>sam</strong></span> <span class='ocrx_word' id='word_1_227' title='bbox 526 2944 580 2990; x_wconf 76' lang='lat' dir='ltr'><strong>ct</strong></span> <span class='ocrx_word' id='word_1_228' title='bbox 601 2935 769 2989; x_wconf 83' lang='lat' dir='ltr'><strong>homo</strong></span> <span class='ocrx_word' id='word_1_229' title='bbox 793 2932 972 2988; x_wconf 77' lang='lat' dir='ltr'><strong>factus</strong></span> <span class='ocrx_word' id='word_1_230' title='bbox 1002 2938 1105 2997; x_wconf 88' lang='lat' dir='ltr'><strong>est,</strong></span> <span class='ocrx_word' id='word_1_231' title='bbox 1126 2937 1181 2983; x_wconf 90' lang='lat' dir='ltr'><strong>et</strong></span> <span class='ocrx_word' id='word_1_232' title='bbox 1202 2942 1299 2998; x_wconf 87' lang='lat' dir='ltr'><strong>pro</strong></span> <span class='ocrx_word' id='word_1_233' title='bbox 1316 2926 1472 2982; x_wconf 88' lang='lat' dir='ltr'><strong>nobis</strong></span> <span class='ocrx_word' id='word_1_234' title='bbox 1501 2940 1715 2996; x_wconf 88' lang='lat' dir='ltr'><strong>passus,</strong></span> <span class='ocrx_word' id='word_1_235' title='bbox 1742 2937 1866 2979; x_wconf 89' lang='lat' dir='ltr'><strong>cum</strong></span> <span class='ocrx_word' id='word_1_236' title='bbox 1887 2937 1985 2992; x_wconf 88' lang='lat' dir='ltr'><strong>pa-</strong></span> <span class='ocrx_word' id='word_1_237' title='bbox 2016 2971 2019 2974; x_wconf 88' lang='lat'><strong><em>_</em></strong></span> 
     </span>
    </p>
   </div>
   <div class='ocr_carea' id='block_1_30' title="bbox 379 3017 1985 3091">
    <p class='ocr_par' dir='ltr' id='par_1_30' title="bbox 379 3017 1985 3091">
     <span class='ocr_line' id='line_1_30' title="bbox 379 3017 1985 3091; baseline -0.009 -6"><span class='ocrx_word' id='word_1_238' title='bbox 379 3031 519 3085; x_wconf 89' lang='lat' dir='ltr'><strong>riter</strong></span> <span class='ocrx_word' id='word_1_239' title='bbox 548 3039 601 3085; x_wconf 85' lang='lat' dir='ltr'><strong>et</strong></span> <span class='ocrx_word' id='word_1_240' title='bbox 629 3028 799 3084; x_wconf 86' lang='lat' dir='ltr'><strong>nostri</strong></span> <span class='ocrx_word' id='word_1_241' title='bbox 826 3024 1022 3082; x_wconf 87' lang='lat' dir='ltr'><strong>similis</strong></span> <span class='ocrx_word' id='word_1_242' title='bbox 1052 3030 1198 3078; x_wconf 86' lang='lat' dir='ltr'><strong>esset</strong></span> <span class='ocrx_word' id='word_1_243' title='bbox 1247 3030 1300 3076; x_wconf 88' lang='lat' dir='ltr'><strong>et</strong></span> <span class='ocrx_word' id='word_1_244' title='bbox 1351 3019 1622 3091; x_wconf 84' lang='lat' dir='ltr'><strong>passionis</strong></span> <span class='ocrx_word' id='word_1_245' title='bbox 1669 3031 1884 3088; x_wconf 78' lang='lat' dir='ltr'><strong>expers.</strong></span> <span class='ocrx_word' id='word_1_246' title='bbox 1914 3017 1985 3073; x_wconf 89' lang='lat' dir='ltr'><strong>Et</strong></span> 
     </span>
    </p>
   </div>
   <div class='ocr_carea' id='block_1_31' title="bbox 2076 611 3654 695">
    <p class='ocr_par' dir='ltr' id='par_1_31' title="bbox 2076 611 3654 695">
     <span class='ocr_line' id='line_1_31' title="bbox 2076 611 3654 695; baseline 0.005 -30"><span class='ocrx_word' id='word_1_247' title='bbox 2076 625 2222 680; x_wconf 80' lang='grc' dir='ltr'><strong>σῃς,</strong></span> <span class='ocrx_word' id='word_1_248' title='bbox 2247 616 2341 695; x_wconf 77' lang='grc' dir='ltr'><strong>τίς</strong></span> <span class='ocrx_word' id='word_1_249' title='bbox 2371 611 2825 679; x_wconf 77' lang='grc' dir='ltr'><strong>ὑποστήσεται;</strong></span> <span class='ocrx_word' id='word_1_250' title='bbox 2876 613 3033 685; x_wconf 83' lang='grc' dir='ltr'><strong>φησί.</strong></span> <span class='ocrx_word' id='word_1_251' title='bbox 3064 616 3197 678; x_wconf 63' lang='grc' dir='ltr'><strong>Καὶ,</strong></span> <span class='ocrx_word' id='word_1_252' title='bbox 3238 614 3654 687; x_wconf 57' lang='grc' dir='ltr'><strong>’.ἁμαρτήματα</strong></span> 
     </span>
    </p>
   </div>
   <div class='ocr_carea' id='block_1_32' title="bbox 2071 702 3653 777">
    <p class='ocr_par' dir='ltr' id='par_1_32' title="bbox 2071 702 3653 777">
     <span class='ocr_line' id='line_1_32' title="bbox 2071 702 3653 777; baseline 0.003 -19"><span class='ocrx_word' id='word_1_253' title='bbox 2071 704 2165 768; x_wconf 81' lang='grc' dir='ltr'><strong>τις</strong></span> <span class='ocrx_word' id='word_1_254' title='bbox 2188 703 2488 772; x_wconf 72' lang='grc' dir='ltr'><strong>συνήσει;</strong></span> <span class='ocrx_word' id='word_1_255' title='bbox 2518 704 2632 766; x_wconf 74' lang='grc' dir='ltr'><strong>καὶ,</strong></span> <span class='ocrx_word' id='word_1_256' title='bbox 2678 702 2821 758; x_wconf 85' lang='grc' dir='ltr'><strong>Ἐὰν</strong></span> <span class='ocrx_word' id='word_1_257' title='bbox 2870 703 3152 775; x_wconf 65' lang='grc' dir='ltr'><strong>εἴπωμεν,</strong></span> <span class='ocrx_word' id='word_1_258' title='bbox 3184 706 3279 760; x_wconf 82' lang='grc' dir='ltr'><strong>ὅτι</strong></span> <span class='ocrx_word' id='word_1_259' title='bbox 3312 709 3430 776; x_wconf 84' lang='grc' dir='ltr'><strong>οὐχ</strong></span> <span class='ocrx_word' id='word_1_260' title='bbox 3478 710 3653 777; x_wconf 77' lang='grc' dir='ltr'><strong>ἡμαρ-</strong></span> 
     </span>
    </p>
   </div>
   <div class='ocr_carea' id='block_1_33' title="bbox 2071 795 3659 866">
    <p class='ocr_par' dir='ltr' id='par_1_33' title="bbox 2071 795 3659 866">
     <span class='ocr_line' id='line_1_33' title="bbox 2071 795 3659 866; baseline 0.004 -18"><span class='ocrx_word' id='word_1_261' title='bbox 2071 795 2364 864; x_wconf 78' lang='grc' dir='ltr'><strong>τήκαμεν,</strong></span> <span class='ocrx_word' id='word_1_262' title='bbox 2389 795 2672 864; x_wconf 73' lang='grc' dir='ltr'><strong>ψεύστην</strong></span> <span class='ocrx_word' id='word_1_263' title='bbox 2707 795 3003 865; x_wconf 80' lang='grc' dir='ltr'><strong>ποιοῦμεν</strong></span> <span class='ocrx_word' id='word_1_264' title='bbox 3023 797 3235 853; x_wconf 83' lang='grc' dir='ltr'><strong>αὐτόν.</strong></span> <span class='ocrx_word' id='word_1_265' title='bbox 3285 800 3422 865; x_wconf 63' lang='grc' dir='ltr'><strong>Καὶ,</strong></span> <span class='ocrx_word' id='word_1_266' title='bbox 3455 801 3659 866; x_wconf 74' lang='grc' dir='ltr'><strong>Οὐδείς</strong></span> 
     </span>
    </p>
   </div>
   <div class='ocr_carea' id='block_1_34' title="bbox 2073 882 3660 975">
    <p class='ocr_par' dir='ltr' id='par_1_34' title="bbox 2073 882 3660 975">
     <span class='ocr_line' id='line_1_34' title="bbox 2073 882 3660 975; baseline 0 -32"><span class='ocrx_word' id='word_1_267' title='bbox 2073 889 2405 975; x_wconf 59' lang='grc' dir='ltr'><strong>ἀγαθηές,ει</strong></span> <span class='ocrx_word' id='word_1_268' title='bbox 2451 888 2539 975; x_wconf 74' lang='grc' dir='ltr'><strong>μὴ</strong></span> <span class='ocrx_word' id='word_1_269' title='bbox 2591 882 2681 954; x_wconf 78' lang='grc' dir='ltr'><strong>εἷς</strong></span> <span class='ocrx_word' id='word_1_270' title='bbox 2732 891 2765 944; x_wconf 86' lang='grc' dir='ltr'><em>ὁ</em></span> <span class='ocrx_word' id='word_1_271' title='bbox 2810 890 2972 956; x_wconf 82' lang='grc' dir='ltr'><strong>Θεός.</strong></span> <span class='ocrx_word' id='word_1_272' title='bbox 3012 890 3121 943; x_wconf 74' lang='grc' dir='ltr'><strong>Καὶ</strong></span> <span class='ocrx_word' id='word_1_273' title='bbox 3175 891 3286 946; x_wconf 73' lang='grc' dir='ltr'><strong>ἀνὰ</strong></span> <span class='ocrx_word' id='word_1_274' title='bbox 3336 893 3519 945; x_wconf 81' lang='grc' dir='ltr'><strong>πᾶσαν</strong></span> <span class='ocrx_word' id='word_1_275' title='bbox 3569 893 3660 962; x_wconf 78' lang='grc' dir='ltr'><strong>τὴν</strong></span> 
     </span>
    </p>
   </div>
   <div class='ocr_carea' id='block_1_35' title="bbox 2075 974 3780 1054">
    <p class='ocr_par' dir='ltr' id='par_1_35' title="bbox 2075 974 3780 1054">
     <span class='ocr_line' id='line_1_35' title="bbox 2075 974 3780 1054; baseline 0.002 -20"><span class='ocrx_word' id='word_1_276' title='bbox 2075 974 2536 1053; x_wconf 22' lang='grc' dir='ltr'><strong>Γραφὴνίεῦροίς</strong></span> <span class='ocrx_word' id='word_1_277' title='bbox 2587 981 2655 1035; x_wconf 82' lang='grc' dir='ltr'><strong>ἂν</strong></span> <span class='ocrx_word' id='word_1_278' title='bbox 2711 981 2882 1035; x_wconf 77' lang='grc' dir='ltr'><strong>πολλὰ</strong></span> <span class='ocrx_word' id='word_1_279' title='bbox 2933 981 3157 1036; x_wconf 84' lang='grc' dir='ltr'><strong>τοιαῦτα</strong></span> <span class='ocrx_word' id='word_1_280' title='bbox 3211 981 3491 1054; x_wconf 77' lang='grc' dir='ltr'><strong>ζητήσας.</strong></span> <span class='ocrx_word' id='word_1_281' title='bbox 3527 984 3661 1037; x_wconf 81' lang='grc' dir='ltr'><strong>Ἀλλ’</strong></span> <span class='ocrx_word' id='word_1_282' title='bbox 3760 1027 3780 1051; x_wconf 77' lang='grc'><strong>,</strong></span> 
     </span>
    </p>
   </div>
   <div class='ocr_carea' id='block_1_36' title="bbox 2074 1067 3661 1147">
    <p class='ocr_par' dir='ltr' id='par_1_36' title="bbox 2074 1067 3661 1147">
     <span class='ocr_line' id='line_1_36' title="bbox 2074 1067 3661 1147; baseline 0.003 -20"><span class='ocrx_word' id='word_1_283' title='bbox 2074 1067 2260 1146; x_wconf 82' lang='grc' dir='ltr'><strong>ἦλθεν,</strong></span> <span class='ocrx_word' id='word_1_284' title='bbox 2309 1074 2397 1127; x_wconf 76' lang='grc' dir='ltr'><strong>ἵνα</strong></span> <span class='ocrx_word' id='word_1_285' title='bbox 2450 1074 2599 1145; x_wconf 75' lang='grc' dir='ltr'><strong>ζωὴν</strong></span> <span class='ocrx_word' id='word_1_286' title='bbox 2644 1075 2895 1145; x_wconf 73' lang='grc' dir='ltr'><strong>ἔχωμεν,</strong></span> <span class='ocrx_word' id='word_1_287' title='bbox 2940 1074 3038 1128; x_wconf 81' lang='grc' dir='ltr'><strong>καὶ</strong></span> <span class='ocrx_word' id='word_1_288' title='bbox 3099 1076 3380 1147; x_wconf 81' lang='grc' dir='ltr'><strong>περισσὸν</strong></span> <span class='ocrx_word' id='word_1_289' title='bbox 3433 1076 3661 1146; x_wconf 79' lang='grc' dir='ltr'><strong>ἔχωμεν.</strong></span> 
     </span>
    </p>
   </div>
   <div class='ocr_carea' id='block_1_37' title="bbox 2076 1156 3665 1239">
    <p class='ocr_par' dir='ltr' id='par_1_37' title="bbox 2076 1156 3665 1239">
     <span class='ocr_line' id='line_1_37' title="bbox 2076 1156 3665 1239; baseline 0.001 -17"><span class='ocrx_word' id='word_1_290' title='bbox 2076 1168 2222 1233; x_wconf 77' lang='grc' dir='ltr'><strong>Καὶ,</strong></span> <span class='ocrx_word' id='word_1_291' title='bbox 2287 1168 2434 1221; x_wconf 76' lang='grc' dir='ltr'><strong>Ἐὰν</strong></span> <span class='ocrx_word' id='word_1_292' title='bbox 2489 1166 2879 1237; x_wconf 68' lang='grc' dir='ltr'><strong>ὁμολογῶμεν</strong></span> <span class='ocrx_word' id='word_1_293' title='bbox 2943 1170 3053 1234; x_wconf 81' lang='grc' dir='ltr'><strong>τὰς</strong></span> <span class='ocrx_word' id='word_1_294' title='bbox 3118 1156 3420 1238; x_wconf 53' lang='grc' dir='ltr'><strong>ἁμαρτίας</strong></span> <span class='ocrx_word' id='word_1_295' title='bbox 3482 1167 3665 1239; x_wconf 77' lang='grc' dir='ltr'><strong>ἡμῶν,</strong></span> 
     </span>
    </p>
   </div>
   <div class='ocr_carea' id='block_1_38' title="bbox 2076 1259 3669 1331">
    <p class='ocr_par' dir='ltr' id='par_1_38' title="bbox 2076 1259 3669 1331">
     <span class='ocr_line' id='line_1_38' title="bbox 2076 1259 3669 1331; baseline 0.003 -19"><span class='ocrx_word' id='word_1_296' title='bbox 2076 1260 2290 1326; x_wconf 82' lang='grc' dir='ltr'><em>πιστός</em></span> <span class='ocrx_word' id='word_1_297' title='bbox 2346 1260 2483 1314; x_wconf 80' lang='grc' dir='ltr'><strong>ἐστι</strong></span> <span class='ocrx_word' id='word_1_298' title='bbox 2539 1261 2641 1314; x_wconf 82' lang='grc' dir='ltr'><strong>καὶ</strong></span> <span class='ocrx_word' id='word_1_299' title='bbox 2709 1259 2965 1327; x_wconf 83' lang='grc' dir='ltr'><strong>δίκαιος,</strong></span> <span class='ocrx_word' id='word_1_300' title='bbox 3016 1263 3121 1317; x_wconf 78' lang='grc' dir='ltr'><strong>ἵνα</strong></span> <span class='ocrx_word' id='word_1_301' title='bbox 3175 1261 3312 1331; x_wconf 67' lang='grc' dir='ltr'><strong>ἀφῇ</strong></span> <span class='ocrx_word' id='word_1_302' title='bbox 3374 1261 3523 1331; x_wconf 72' lang='grc' dir='ltr'><strong>ἡμῖν</strong></span> <span class='ocrx_word' id='word_1_303' title='bbox 3570 1261 3669 1329; x_wconf 82' lang='grc' dir='ltr'><strong>τὰς</strong></span> 
     </span>
    </p>
   </div>
   <div class='ocr_carea' id='block_1_39' title="bbox 2076 1351 3670 1425">
    <p class='ocr_par' dir='ltr' id='par_1_39' title="bbox 2076 1351 3670 1425">
     <span class='ocr_line' id='line_1_39' title="bbox 2076 1351 3670 1425; baseline -0.001 -15"><span class='ocrx_word' id='word_1_304' title='bbox 2076 1354 2394 1423; x_wconf 71' lang='grc' dir='ltr'><strong>ἁμαρτίας.</strong></span> <span class='ocrx_word' id='word_1_305' title='bbox 2426 1351 2655 1407; x_wconf 81' lang='grc' dir='ltr'><strong>Δέδωκε</strong></span> <span class='ocrx_word' id='word_1_306' title='bbox 2687 1353 2797 1423; x_wconf 75' lang='grc' dir='ltr'><strong>γὰρ</strong></span> <span class='ocrx_word' id='word_1_307' title='bbox 2845 1353 3035 1408; x_wconf 80' lang='grc' dir='ltr'><strong>αὐτὸν</strong></span> <span class='ocrx_word' id='word_1_308' title='bbox 3063 1356 3096 1409; x_wconf 85' lang='grc' dir='ltr'><strong><em>ὁ</em></strong></span> <span class='ocrx_word' id='word_1_309' title='bbox 3128 1353 3341 1422; x_wconf 74' lang='grc' dir='ltr'><strong>Πατὴρ</strong></span> <span class='ocrx_word' id='word_1_310' title='bbox 3386 1356 3478 1420; x_wconf 81' lang='grc' dir='ltr'><strong>εις</strong></span> <span class='ocrx_word' id='word_1_311' title='bbox 3507 1354 3670 1425; x_wconf 56' lang='grc' dir='ltr'><strong>ὕβριν</strong></span> 
     </span>
    </p>
   </div>
   <div class='ocr_carea' id='block_1_40' title="bbox 2074 1443 3694 1529">
    <p class='ocr_par' dir='ltr' id='par_1_40' title="bbox 2074 1443 3694 1529">
     <span class='ocr_line' id='line_1_40' title="bbox 2074 1443 3694 1529; baseline 0 -28"><span class='ocrx_word' id='word_1_312' title='bbox 2074 1464 2141 1502; x_wconf 83' lang='grc' dir='ltr'><strong>τε</strong></span> <span class='ocrx_word' id='word_1_313' title='bbox 2183 1446 2281 1501; x_wconf 78' lang='grc' dir='ltr'><strong>καί</strong></span> <span class='ocrx_word' id='word_1_314' title='bbox 2312 1443 2528 1512; x_wconf 82' lang='grc' dir='ltr'><strong>πάθος,</strong></span> <span class='ocrx_word' id='word_1_315' title='bbox 2558 1448 2660 1499; x_wconf 77' lang='grc' dir='ltr'><strong>καὶ</strong></span> <span class='ocrx_word' id='word_1_316' title='bbox 2694 1444 2980 1511; x_wconf 79' lang='grc' dir='ltr'><strong>θάνατον,</strong></span> <span class='ocrx_word' id='word_1_317' title='bbox 3008 1446 3143 1501; x_wconf 70' lang='grc' dir='ltr'><strong>ἀντὶ</strong></span> <span class='ocrx_word' id='word_1_318' title='bbox 3189 1446 3320 1501; x_wconf 81' lang='grc' dir='ltr'><strong>τῶν</strong></span> <span class='ocrx_word' id='word_1_319' title='bbox 3357 1450 3694 1529; x_wconf 54' lang='grc' dir='ltr'><strong>ὑπόχρεωνι</strong></span> 
     </span>
    </p>
   </div>
   <div class='ocr_carea' id='block_1_41' title="bbox 2075 1538 3669 1611">
    <p class='ocr_par' dir='ltr' id='par_1_41' title="bbox 2075 1538 3669 1611">
     <span class='ocr_line' id='line_1_41' title="bbox 2075 1538 3669 1611; baseline -0.001 -17"><span class='ocrx_word' id='word_1_320' title='bbox 2075 1539 2266 1595; x_wconf 80' lang='grc' dir='ltr'><strong>ταῦτα</strong></span> <span class='ocrx_word' id='word_1_321' title='bbox 2297 1540 2532 1601; x_wconf 75' lang='grc' dir='ltr'><strong>παθεῖν.</strong></span> <span class='ocrx_word' id='word_1_322' title='bbox 2567 1539 2670 1593; x_wconf 76' lang='grc' dir='ltr'><strong>ἵνα</strong></span> <span class='ocrx_word' id='word_1_323' title='bbox 2697 1538 2818 1605; x_wconf 80' lang='grc' dir='ltr'><em>πᾶς</em></span> <span class='ocrx_word' id='word_1_324' title='bbox 2858 1542 2891 1594; x_wconf 87' lang='lat' dir='ltr'><strong>o&#39;</strong></span> <span class='ocrx_word' id='word_1_325' title='bbox 2916 1541 3228 1594; x_wconf 75' lang='grc' dir='ltr'><strong>πιστεύων</strong></span> <span class='ocrx_word' id='word_1_326' title='bbox 3250 1542 3344 1608; x_wconf 79' lang='grc' dir='ltr'><strong>εις</strong></span> <span class='ocrx_word' id='word_1_327' title='bbox 3381 1541 3569 1596; x_wconf 83' lang='grc' dir='ltr'><strong>αὑτὸν</strong></span> <span class='ocrx_word' id='word_1_328' title='bbox 3588 1540 3669 1611; x_wconf 80' lang='grc' dir='ltr'><strong>μὴ</strong></span> 
     </span>
    </p>
   </div>
   <div class='ocr_carea' id='block_1_42' title="bbox 2076 1624 3673 1701">
    <p class='ocr_par' dir='ltr' id='par_1_42' title="bbox 2076 1624 3673 1701">
     <span class='ocr_line' id='line_1_42' title="bbox 2076 1624 3673 1701; baseline -0.001 -14"><span class='ocrx_word' id='word_1_329' title='bbox 2076 1630 2397 1697; x_wconf 76' lang='grc' dir='ltr'><strong>ἀπόληται.</strong></span> <span class='ocrx_word' id='word_1_330' title='bbox 2434 1631 2565 1697; x_wconf 69' lang='grc' dir='ltr'><strong>Καὶ,</strong></span> <span class='ocrx_word' id='word_1_331' title='bbox 2602 1632 2671 1685; x_wconf 85' lang='grc' dir='ltr'><em>Τὸ</em></span> <span class='ocrx_word' id='word_1_332' title='bbox 2717 1624 2860 1700; x_wconf 78' lang='grc' dir='ltr'><strong>αἷμα</strong></span> <span class='ocrx_word' id='word_1_333' title='bbox 2908 1630 3099 1686; x_wconf 83' lang='grc' dir='ltr'><strong>αὐτοῦ</strong></span> <span class='ocrx_word' id='word_1_334' title='bbox 3148 1631 3460 1700; x_wconf 75' lang='grc' dir='ltr'><strong>καθαρίζει</strong></span> <span class='ocrx_word' id='word_1_335' title='bbox 3520 1630 3673 1701; x_wconf 78' lang='grc' dir='ltr'><strong>ἡμᾶς</strong></span> 
     </span>
    </p>
   </div>
   <div class='ocr_carea' id='block_1_43' title="bbox 2077 1713 3671 1795">
    <p class='ocr_par' dir='ltr' id='par_1_43' title="bbox 2077 1713 3671 1795">
     <span class='ocr_line' id='line_1_43' title="bbox 2077 1713 3671 1795; baseline -0.001 -15"><span class='ocrx_word' id='word_1_336' title='bbox 2077 1713 2425 1791; x_wconf 79' lang='grc' dir='ltr'><strong>ἁπύ⁶πὰσης</strong></span> <span class='ocrx_word' id='word_1_337' title='bbox 2458 1724 2772 1793; x_wconf 82' lang='grc' dir='ltr'><strong>ἁμαρτίας.</strong></span> <span class='ocrx_word' id='word_1_338' title='bbox 2806 1723 2966 1788; x_wconf 81' lang='grc' dir='ltr'><strong>Ὠσθ’</strong></span> <span class='ocrx_word' id='word_1_339' title='bbox 2999 1725 3129 1778; x_wconf 84' lang='grc' dir='ltr'><strong>ὅταν</strong></span> <span class='ocrx_word' id='word_1_340' title='bbox 3179 1725 3264 1787; x_wconf 83' lang='grc' dir='ltr'><strong>είς</strong></span> <span class='ocrx_word' id='word_1_341' title='bbox 3298 1725 3453 1795; x_wconf 80' lang='grc' dir='ltr'><strong>ἡμᾶς</strong></span> <span class='ocrx_word' id='word_1_342' title='bbox 3482 1725 3671 1787; x_wconf 65' lang='grc' dir='ltr'><strong>αὐτοὺς</strong></span> 
     </span>
    </p>
   </div>
   <div class='ocr_carea' id='block_1_44' title="bbox 2079 1814 3673 1887">
    <p class='ocr_par' dir='ltr' id='par_1_44' title="bbox 2079 1814 3673 1887">
     <span class='ocr_line' id='line_1_44' title="bbox 2079 1814 3673 1887; baseline -0.004 -15"><span class='ocrx_word' id='word_1_343' title='bbox 2079 1819 2176 1873; x_wconf 79' lang='grc' dir='ltr'><strong>καὶ</strong></span> <span class='ocrx_word' id='word_1_344' title='bbox 2204 1820 2271 1872; x_wconf 69' lang='grc' dir='ltr'><strong>τὰ</strong></span> <span class='ocrx_word' id='word_1_345' title='bbox 2317 1817 2442 1871; x_wconf 75' lang='grc' dir='ltr'><strong>καθ’</strong></span> <span class='ocrx_word' id='word_1_346' title='bbox 2496 1818 2645 1887; x_wconf 78' lang='grc' dir='ltr'><strong>ἡμᾶς</strong></span> <span class='ocrx_word' id='word_1_347' title='bbox 2702 1814 3009 1886; x_wconf 78' lang='grc' dir='ltr'><strong>βλέπωμεν,</strong></span> <span class='ocrx_word' id='word_1_348' title='bbox 3037 1816 3250 1870; x_wconf 79' lang='grc' dir='ltr'><strong>δίκαιον</strong></span> <span class='ocrx_word' id='word_1_349' title='bbox 3283 1816 3503 1878; x_wconf 72' lang='grc' dir='ltr'><strong>πάντας</strong></span> <span class='ocrx_word' id='word_1_350' title='bbox 3538 1818 3673 1868; x_wconf 81' lang='grc' dir='ltr'><strong>ἀπο-</strong></span> 
     </span>
    </p>
   </div>
   <div class='ocr_carea' id='block_1_45' title="bbox 2079 1904 3674 1984">
    <p class='ocr_par' dir='ltr' id='par_1_45' title="bbox 2079 1904 3674 1984">
     <span class='ocr_line' id='line_1_45' title="bbox 2079 1904 3674 1984; baseline -0.003 -17"><span class='ocrx_word' id='word_1_351' title='bbox 2079 1904 2373 1982; x_wconf 76' lang='grc' dir='ltr'><strong>γινώσκειν</strong></span> <span class='ocrx_word' id='word_1_352' title='bbox 2405 1912 2525 1984; x_wconf 79' lang='grc' dir='ltr'><strong>(Μὴ</strong></span> <span class='ocrx_word' id='word_1_353' title='bbox 2551 1912 2660 1979; x_wconf 76' lang='grc' dir='ltr'><strong>γὰρ</strong></span> <span class='ocrx_word' id='word_1_354' title='bbox 2691 1909 2978 1982; x_wconf 71' lang='grc' dir='ltr'><strong>εἰσέλθῃς</strong></span> <span class='ocrx_word' id='word_1_355' title='bbox 3014 1913 3104 1976; x_wconf 84' lang='grc' dir='ltr'><strong>είς</strong></span> <span class='ocrx_word' id='word_1_356' title='bbox 3151 1910 3368 1978; x_wconf 77' lang='grc' dir='ltr'><strong>κρίσιν</strong></span> <span class='ocrx_word' id='word_1_357' title='bbox 3394 1908 3548 1979; x_wconf 77' lang='grc' dir='ltr'><strong>μετὰ</strong></span> <span class='ocrx_word' id='word_1_358' title='bbox 3574 1907 3674 1963; x_wconf 81' lang='grc' dir='ltr'><strong>τοῦ</strong></span> 
     </span>
    </p>
   </div>
   <div class='ocr_carea' id='block_1_46' title="bbox 2068 2002 3673 2069">
    <p class='ocr_par' dir='ltr' id='par_1_46' title="bbox 2068 2002 3673 2069">
     <span class='ocr_line' id='line_1_46' title="bbox 2068 2002 3673 2069; baseline -0.004 -8"><span class='ocrx_word' id='word_1_359' title='bbox 2068 2007 2310 2061; x_wconf 73' lang='grc' dir='ltr'><strong>δούλου</strong></span> <span class='ocrx_word' id='word_1_360' title='bbox 2356 2020 2499 2069; x_wconf 82' lang='grc' dir='ltr'><strong>σου,</strong></span> <span class='ocrx_word' id='word_1_361' title='bbox 2529 2004 2616 2057; x_wconf 85' lang='grc' dir='ltr'><strong>ὅτι</strong></span> <span class='ocrx_word' id='word_1_362' title='bbox 2646 2004 2717 2057; x_wconf 85' lang='grc' dir='ltr'><strong>οὐ</strong></span> <span class='ocrx_word' id='word_1_363' title='bbox 2760 2003 3224 2069; x_wconf 77' lang='grc' dir='ltr'><strong>δικαιωθήσεται</strong></span> <span class='ocrx_word' id='word_1_364' title='bbox 3255 2002 3524 2057; x_wconf 73' lang='grc' dir='ltr'><strong>ἐνώπιόν</strong></span> <span class='ocrx_word' id='word_1_365' title='bbox 3564 2016 3673 2054; x_wconf 90' lang='grc' dir='ltr'><strong>σου</strong></span> 
     </span>
    </p>
   </div>
   <div class='ocr_carea' id='block_1_47' title="bbox 2079 2092 3673 2166">
    <p class='ocr_par' dir='ltr' id='par_1_47' title="bbox 2079 2092 3673 2166">
     <span class='ocr_line' id='line_1_47' title="bbox 2079 2092 3673 2166; baseline -0.006 -13"><span class='ocrx_word' id='word_1_366' title='bbox 2079 2097 2199 2165; x_wconf 85' lang='grc' dir='ltr'><strong>πᾶς</strong></span> <span class='ocrx_word' id='word_1_367' title='bbox 2251 2097 2387 2166; x_wconf 82' lang='grc' dir='ltr'><strong>ζῶν)</strong></span> <span class='ocrx_word' id='word_1_368' title='bbox 2413 2114 2427 2128; x_wconf 91' lang='grc'><strong>·</strong></span> <span class='ocrx_word' id='word_1_369' title='bbox 2462 2099 2591 2151; x_wconf 81' lang='grc' dir='ltr'><strong>ὅταν</strong></span> <span class='ocrx_word' id='word_1_370' title='bbox 2635 2096 2691 2149; x_wconf 79' lang='grc' dir='ltr'><strong>δὲ</strong></span> <span class='ocrx_word' id='word_1_371' title='bbox 2738 2097 2819 2158; x_wconf 84' lang='grc' dir='ltr'><strong>είς</strong></span> <span class='ocrx_word' id='word_1_372' title='bbox 2863 2096 2955 2149; x_wconf 65' lang='grc' dir='ltr'><strong>τὸν</strong></span> <span class='ocrx_word' id='word_1_373' title='bbox 3000 2094 3137 2149; x_wconf 78' lang='grc' dir='ltr'><strong>Θεὸν</strong></span> <span class='ocrx_word' id='word_1_374' title='bbox 3187 2095 3289 2149; x_wconf 75' lang='grc' dir='ltr'><strong>καὶ</strong></span> <span class='ocrx_word' id='word_1_375' title='bbox 3338 2094 3441 2166; x_wconf 82' lang='grc' dir='ltr'><strong>τὴν</strong></span> <span class='ocrx_word' id='word_1_376' title='bbox 3471 2092 3673 2147; x_wconf 76' lang='grc' dir='ltr'><strong>ἐκείνου</strong></span> 
     </span>
    </p>
   </div>
   <div class='ocr_carea' id='block_1_48' title="bbox 2080 2186 3673 2259">
    <p class='ocr_par' dir='ltr' id='par_1_48' title="bbox 2080 2186 3673 2259">
     <span class='ocr_line' id='line_1_48' title="bbox 2080 2186 3673 2259; baseline -0.004 -16"><span class='ocrx_word' id='word_1_377' title='bbox 2080 2187 2524 2259; x_wconf 76' lang='grc' dir='ltr'><strong>φιλανθρωπίαν,</strong></span> <span class='ocrx_word' id='word_1_378' title='bbox 2554 2187 2763 2257; x_wconf 81' lang='grc' dir='ltr'><strong>μηδένα</strong></span> <span class='ocrx_word' id='word_1_379' title='bbox 2787 2188 2934 2255; x_wconf 78' lang='grc' dir='ltr'><strong>λέγω</strong></span> <span class='ocrx_word' id='word_1_380' title='bbox 2963 2186 3075 2240; x_wconf 85' lang='grc' dir='ltr'><strong>τῶν</strong></span> <span class='ocrx_word' id='word_1_381' title='bbox 3105 2186 3385 2240; x_wconf 80' lang='grc' dir='ltr'><strong>θελόντων</strong></span> <span class='ocrx_word' id='word_1_382' title='bbox 3413 2187 3673 2255; x_wconf 83' lang='grc' dir='ltr'><strong>σωθῆναι.</strong></span> 
     </span>
    </p>
   </div>
   <div class='ocr_carea' id='block_1_49' title="bbox 2079 2275 3675 2352">
    <p class='ocr_par' dir='ltr' id='par_1_49' title="bbox 2079 2275 3675 2352">
     <span class='ocr_line' id='line_1_49' title="bbox 2079 2275 3675 2352; baseline -0.006 -15"><span class='ocrx_word' id='word_1_383' title='bbox 2079 2282 2230 2337; x_wconf 82' lang='grc' dir='ltr'><strong>Φιλεῐ</strong></span> <span class='ocrx_word' id='word_1_384' title='bbox 2278 2299 2336 2334; x_wconf 88' lang='grc' dir='ltr'><strong>τε</strong></span> <span class='ocrx_word' id='word_1_385' title='bbox 2385 2280 2496 2352; x_wconf 74' lang='grc' dir='ltr'><strong>γὰρ</strong></span> <span class='ocrx_word' id='word_1_386' title='bbox 2541 2280 2602 2333; x_wconf 79' lang='grc' dir='ltr'><strong>ὃν</strong></span> <span class='ocrx_word' id='word_1_387' title='bbox 2652 2280 2859 2333; x_wconf 76' lang='grc' dir='ltr'><strong>ἔπλασε</strong></span> <span class='ocrx_word' id='word_1_388' title='bbox 2901 2280 3092 2349; x_wconf 70' lang='grc' dir='ltr'><strong>χερσὶν</strong></span> <span class='ocrx_word' id='word_1_389' title='bbox 3132 2279 3303 2342; x_wconf 73' lang='grc' dir='ltr'><strong>ἰδίαις</strong></span> <span class='ocrx_word' id='word_1_390' title='bbox 3348 2278 3460 2332; x_wconf 79' lang='grc' dir='ltr'><strong>ἀπὸ</strong></span> <span class='ocrx_word' id='word_1_391' title='bbox 3489 2275 3675 2347; x_wconf 76' lang='grc' dir='ltr'><strong>πηλοῦ,</strong></span> 
     </span>
    </p>
   </div>
   <div class='ocr_carea' id='block_1_50' title="bbox 2082 2372 3677 2445">
    <p class='ocr_par' dir='ltr' id='par_1_50' title="bbox 2082 2372 3677 2445">
     <span class='ocr_line' id='line_1_50' title="bbox 2082 2372 3677 2445; baseline -0.004 -17"><span class='ocrx_word' id='word_1_392' title='bbox 2082 2373 2516 2445; x_wconf 77' lang='grc' dir='ltr'><strong>προῦποστήσας</strong></span> <span class='ocrx_word' id='word_1_393' title='bbox 2557 2373 2654 2427; x_wconf 78' lang='grc' dir='ltr'><strong>καὶ</strong></span> <span class='ocrx_word' id='word_1_394' title='bbox 2708 2373 2897 2426; x_wconf 76' lang='grc' dir='ltr'><strong>τοῦτον</strong></span> <span class='ocrx_word' id='word_1_395' title='bbox 2926 2372 2986 2437; x_wconf 80' lang='grc' dir='ltr'>ἐξ</span> <span class='ocrx_word' id='word_1_396' title='bbox 3034 2372 3287 2440; x_wconf 68' lang='grc' dir='ltr'><strong>οὐδενὸς,</strong></span> <span class='ocrx_word' id='word_1_397' title='bbox 3325 2372 3424 2426; x_wconf 75' lang='grc' dir='ltr'><strong>καὶ</strong></span> <span class='ocrx_word' id='word_1_398' title='bbox 3476 2372 3677 2431; x_wconf 69' lang='grc' dir='ltr'><strong>πάντας</strong></span> 
     </span>
    </p>
   </div>
   <div class='ocr_carea' id='block_1_51' title="bbox 2084 2462 3682 2541">
    <p class='ocr_par' dir='ltr' id='par_1_51' title="bbox 2084 2462 3682 2541">
     <span class='ocr_line' id='line_1_51' title="bbox 2084 2462 3682 2541; baseline -0.006 -16"><span class='ocrx_word' id='word_1_399' title='bbox 2084 2471 2230 2525; x_wconf 86' lang='grc' dir='ltr'><strong>θέλει</strong></span> <span class='ocrx_word' id='word_1_400' title='bbox 2271 2470 2513 2541; x_wconf 83' lang='grc' dir='ltr'><strong>σωθῆναι</strong></span> <span class='ocrx_word' id='word_1_401' title='bbox 2543 2469 2612 2524; x_wconf 76' lang='grc' dir='ltr'><strong>δι’</strong></span> <span class='ocrx_word' id='word_1_402' title='bbox 2642 2470 2852 2525; x_wconf 85' lang='grc' dir='ltr'><strong>οίκείαν</strong></span> <span class='ocrx_word' id='word_1_403' title='bbox 2898 2470 3239 2540; x_wconf 74' lang='grc' dir='ltr'><strong>ἀγαθότητα,</strong></span> <span class='ocrx_word' id='word_1_404' title='bbox 3279 2469 3369 2540; x_wconf 76' lang='grc' dir='ltr'><strong>ἐφ’</strong></span> <span class='ocrx_word' id='word_1_405' title='bbox 3401 2462 3446 2536; x_wconf 83' lang='grc' dir='ltr'><strong>ᾧ</strong></span> <span class='ocrx_word' id='word_1_406' title='bbox 3476 2469 3568 2521; x_wconf 77' lang='grc' dir='ltr'><strong>καὶ</strong></span> <span class='ocrx_word' id='word_1_407' title='bbox 3596 2465 3682 2534; x_wconf 74' lang='grc' dir='ltr'><strong>γέ-</strong></span> 
     </span>
    </p>
   </div>
   <div class='ocr_carea' id='block_1_52' title="bbox 2083 2557 3679 2635">
    <p class='ocr_par' dir='ltr' id='par_1_52' title="bbox 2083 2557 3679 2635">
     <span class='ocr_line' id='line_1_52' title="bbox 2083 2557 3679 2635; baseline -0.006 -16"><span class='ocrx_word' id='word_1_408' title='bbox 2083 2583 2241 2634; x_wconf 83' lang='grc' dir='ltr'><strong>γονεν</strong></span> <span class='ocrx_word' id='word_1_409' title='bbox 2280 2564 2590 2634; x_wconf 70' lang='grc' dir='ltr'><strong>ἄνθρωπος,</strong></span> <span class='ocrx_word' id='word_1_410' title='bbox 2622 2565 2718 2617; x_wconf 82' lang='grc' dir='ltr'><strong>καὶ</strong></span> <span class='ocrx_word' id='word_1_411' title='bbox 2772 2563 3041 2617; x_wconf 79' lang='grc' dir='ltr'><strong>πέπονθεν</strong></span> <span class='ocrx_word' id='word_1_412' title='bbox 3089 2564 3238 2635; x_wconf 81' lang='grc' dir='ltr'><strong>ὑπὲρ</strong></span> <span class='ocrx_word' id='word_1_413' title='bbox 3293 2563 3477 2634; x_wconf 79' lang='grc' dir='ltr'><strong>ἡμῶν,</strong></span> <span class='ocrx_word' id='word_1_414' title='bbox 3509 2563 3537 2614; x_wconf 89' lang='grc' dir='ltr'><strong>ὁ</strong></span> <span class='ocrx_word' id='word_1_415' title='bbox 3568 2557 3679 2612; x_wconf 82' lang='grc' dir='ltr'><strong>καθ’</strong></span> 
     </span>
    </p>
   </div>
   <div class='ocr_carea' id='block_1_53' title="bbox 2084 2648 3675 2729">
    <p class='ocr_par' dir='ltr' id='par_1_53' title="bbox 2084 2648 3675 2729">
     <span class='ocr_line' id='line_1_53' title="bbox 2084 2648 3675 2729; baseline -0.004 -17"><span class='ocrx_word' id='word_1_416' title='bbox 2084 2660 2235 2729; x_wconf 74' lang='grc' dir='ltr'><strong>ἡμᾶς</strong></span> <span class='ocrx_word' id='word_1_417' title='bbox 2261 2676 2343 2718; x_wconf 84' lang='grc' dir='ltr'><strong>τε,</strong></span> <span class='ocrx_word' id='word_1_418' title='bbox 2376 2658 2472 2711; x_wconf 81' lang='grc' dir='ltr'><strong>καὶ</strong></span> <span class='ocrx_word' id='word_1_419' title='bbox 2509 2657 2748 2728; x_wconf 83' lang='grc' dir='ltr'><strong>ἀπαθής.</strong></span> <span class='ocrx_word' id='word_1_420' title='bbox 2776 2658 2970 2713; x_wconf 80' lang='grc' dir='ltr'><strong>Καίτοι</strong></span> <span class='ocrx_word' id='word_1_421' title='bbox 3010 2657 3245 2712; x_wconf 79' lang='grc' dir='ltr'><strong>τοιαῦτα</strong></span> <span class='ocrx_word' id='word_1_422' title='bbox 3277 2657 3353 2712; x_wconf 82' lang='grc' dir='ltr'><strong>τὰ</strong></span> <span class='ocrx_word' id='word_1_423' title='bbox 3388 2656 3562 2726; x_wconf 71' lang='grc' dir='ltr'><strong>πάθη,</strong></span> <span class='ocrx_word' id='word_1_424' title='bbox 3596 2648 3675 2706; x_wconf 70' lang='grc' dir='ltr'><strong>οἷα</strong></span> 
     </span>
    </p>
   </div>
   <div class='ocr_carea' id='block_1_54' title="bbox 2084 2748 3679 2821">
    <p class='ocr_par' dir='ltr' id='par_1_54' title="bbox 2084 2748 3679 2821">
     <span class='ocr_line' id='line_1_54' title="bbox 2084 2748 3679 2821; baseline -0.007 -16"><span class='ocrx_word' id='word_1_425' title='bbox 2084 2750 2182 2805; x_wconf 73' lang='grc' dir='ltr'><strong>καὶ</strong></span> <span class='ocrx_word' id='word_1_426' title='bbox 2246 2750 2703 2821; x_wconf 79' lang='grc' dir='ltr'><strong>μνημονευόμενα</strong></span> <span class='ocrx_word' id='word_1_427' title='bbox 2753 2750 2941 2820; x_wconf 67' lang='grc' dir='ltr'><strong>μᾶνον,</strong></span> <span class='ocrx_word' id='word_1_428' title='bbox 3004 2750 3277 2806; x_wconf 72' lang='grc' dir='ltr'><strong>ἔκστασιν</strong></span> <span class='ocrx_word' id='word_1_429' title='bbox 3323 2749 3425 2804; x_wconf 74' lang='grc' dir='ltr'><strong>καὶ</strong></span> <span class='ocrx_word' id='word_1_430' title='bbox 3484 2748 3679 2818; x_wconf 81' lang='grc' dir='ltr'><strong>φρίκην</strong></span> 
     </span>
    </p>
   </div>
   <div class='ocr_carea' id='block_1_55' title="bbox 2089 2838 3679 2914">
    <p class='ocr_par' dir='ltr' id='par_1_55' title="bbox 2089 2838 3679 2914">
     <span class='ocr_line' id='line_1_55' title="bbox 2089 2838 3679 2914; baseline -0.005 -18"><span class='ocrx_word' id='word_1_431' title='bbox 2089 2841 2292 2913; x_wconf 88' lang='grc' dir='ltr'><strong>μυρίαν</strong></span> <span class='ocrx_word' id='word_1_432' title='bbox 2322 2844 2442 2906; x_wconf 85' lang='grc' dir='ltr'><strong>ταῖς</strong></span> <span class='ocrx_word' id='word_1_433' title='bbox 2477 2843 2588 2896; x_wconf 87' lang='grc' dir='ltr'><strong>τῶν</strong></span> <span class='ocrx_word' id='word_1_434' title='bbox 2619 2841 2879 2897; x_wconf 74' lang='grc' dir='ltr'><strong>ἁπάντων</strong></span> <span class='ocrx_word' id='word_1_435' title='bbox 2924 2842 3130 2914; x_wconf 80' lang='grc' dir='ltr'><strong>ψυχαῖς</strong></span> <span class='ocrx_word' id='word_1_436' title='bbox 3162 2842 3455 2909; x_wconf 80' lang='grc' dir='ltr'><strong>ἐντήκειν.</strong></span> <span class='ocrx_word' id='word_1_437' title='bbox 3493 2838 3679 2914; x_wconf 56' lang='lat' dir='ltr'><strong>Eleo!-</strong></span> 
     </span>
    </p>
   </div>
   <div class='ocr_carea' id='block_1_56' title="bbox 2085 2911 3679 3007">
    <p class='ocr_par' dir='ltr' id='par_1_56' title="bbox 2085 2911 3679 3007">
     <span class='ocr_line' id='line_1_56' title="bbox 2085 2911 3679 3007; baseline -0.006 -15"><span class='ocrx_word' id='word_1_438' title='bbox 2085 2955 2184 2992; x_wconf 88' lang='grc' dir='ltr'><strong>νυν</strong></span> <span class='ocrx_word' id='word_1_439' title='bbox 2210 2936 2356 2990; x_wconf 78' lang='grc' dir='ltr'><strong>θέλει</strong></span> <span class='ocrx_word' id='word_1_440' title='bbox 2400 2938 2612 2999; x_wconf 78' lang='grc' dir='ltr'><strong>πάντας</strong></span> <span class='ocrx_word' id='word_1_441' title='bbox 2658 2937 2904 3004; x_wconf 83' lang='grc' dir='ltr'><strong>σωθῆναι</strong></span> <span class='ocrx_word' id='word_1_442' title='bbox 2951 2937 3435 3007; x_wconf 78' lang='grc' dir='ltr'><strong>μετανοήσαντας,</strong></span> <span class='ocrx_word' id='word_1_443' title='bbox 3466 2911 3679 2988; x_wconf 64' lang='grc' dir='ltr'><strong>δύναται</strong></span> 
     </span>
    </p>
   </div>
   <div class='ocr_carea' id='block_1_57' title="bbox 2086 3025 3680 3103">
    <p class='ocr_par' dir='ltr' id='par_1_57' title="bbox 2086 3025 3680 3103">
     <span class='ocr_line' id='line_1_57' title="bbox 2086 3025 3680 3103; baseline -0.006 -19"><span class='ocrx_word' id='word_1_444' title='bbox 2086 3031 2133 3084; x_wconf 78' lang='grc' dir='ltr'><strong>δ’</strong></span> <span class='ocrx_word' id='word_1_445' title='bbox 2166 3031 2377 3102; x_wconf 84' lang='grc' dir='ltr'><strong>ὅσαπερ</strong></span> <span class='ocrx_word' id='word_1_446' title='bbox 2424 3030 2615 3084; x_wconf 78' lang='grc' dir='ltr'><strong>θέλειο</strong></span> <span class='ocrx_word' id='word_1_447' title='bbox 2651 3030 2808 3083; x_wconf 79' lang='grc' dir='ltr'><strong>οὐδέν</strong></span> <span class='ocrx_word' id='word_1_448' title='bbox 2854 3047 2907 3084; x_wconf 89' lang='grc' dir='ltr'><strong>τι</strong></span> <span class='ocrx_word' id='word_1_449' title='bbox 2938 3030 3111 3103; x_wconf 77' lang='grc' dir='ltr'><strong>δήπου</strong></span> <span class='ocrx_word' id='word_1_450' title='bbox 3156 3029 3417 3084; x_wconf 77' lang='grc' dir='ltr'><strong>λείπεται</strong></span> <span class='ocrx_word' id='word_1_451' title='bbox 3471 3029 3581 3090; x_wconf 84' lang='grc' dir='ltr'><strong>τοῖς</strong></span> <span class='ocrx_word' id='word_1_452' title='bbox 3626 3025 3680 3076; x_wconf 75' lang='grc' dir='ltr'><strong>ὲν</strong></span> 
     </span>
    </p>
   </div>
   <div class='ocr_carea' id='block_1_58' title="bbox 383 3112 1986 3195">
    <p class='ocr_par' dir='ltr' id='par_1_58' title="bbox 383 3112 1985 3195">
     <span class='ocr_line' id='line_1_58' title="bbox 383 3112 1985 3195; baseline -0.009 -16"><span class='ocrx_word' id='word_1_453' title='bbox 383 3124 605 3195; x_wconf 86' lang='lat' dir='ltr'><strong>quidem</strong></span> <span class='ocrx_word' id='word_1_454' title='bbox 642 3118 909 3193; x_wconf 82' lang='lat' dir='ltr'><strong>ejusmodi</strong></span> <span class='ocrx_word' id='word_1_455' title='bbox 934 3116 1085 3172; x_wconf 79' lang='lat' dir='ltr'><strong>fuere</strong></span> <span class='ocrx_word' id='word_1_456' title='bbox 1113 3114 1411 3179; x_wconf 86' lang='lat' dir='ltr'><strong>cruciatus,</strong></span> <span class='ocrx_word' id='word_1_457' title='bbox 1442 3123 1504 3168; x_wconf 91' lang='lat' dir='ltr'><strong>ut</strong></span> <span class='ocrx_word' id='word_1_458' title='bbox 1532 3112 1615 3167; x_wconf 82' lang='lat' dir='ltr'><strong>vel</strong></span> <span class='ocrx_word' id='word_1_459' title='bbox 1653 3112 1771 3169; x_wconf 88' lang='lat' dir='ltr'><strong>sola</strong></span> <span class='ocrx_word' id='word_1_460' title='bbox 1798 3125 1985 3166; x_wconf 88' lang='lat' dir='ltr'><strong>recor-</strong></span> 
     </span>
    </p>
   </div>
   <div class='ocr_carea' id='block_1_59' title="bbox 2088 3112 3678 3195">
    <p class='ocr_par' dir='ltr' id='par_1_59' title="bbox 2089 3119 3678 3193">
     <span class='ocr_line' id='line_1_59' title="bbox 2089 3119 3678 3193; baseline -0.005 -18"><span class='ocrx_word' id='word_1_461' title='bbox 2089 3121 2395 3193; x_wconf 82' lang='grc' dir='ltr'><strong>ἁμαρτίαις</strong></span> <span class='ocrx_word' id='word_1_462' title='bbox 2448 3123 2586 3192; x_wconf 82' lang='grc' dir='ltr'><strong>πρὸς</strong></span> <span class='ocrx_word' id='word_1_463' title='bbox 2640 3121 2702 3174; x_wconf 80' lang='grc' dir='ltr'><strong>τὸ</strong></span> <span class='ocrx_word' id='word_1_464' title='bbox 2757 3120 3096 3192; x_wconf 80' lang='grc' dir='ltr'><strong>σωθῆναι,ῆ</strong></span> <span class='ocrx_word' id='word_1_465' title='bbox 3152 3119 3217 3175; x_wconf 70' lang='grc' dir='ltr'><strong>τὸ</strong></span> <span class='ocrx_word' id='word_1_466' title='bbox 3252 3120 3489 3190; x_wconf 82' lang='grc' dir='ltr'><strong>θελῆσαι</strong></span> <span class='ocrx_word' id='word_1_467' title='bbox 3527 3132 3678 3187; x_wconf 80' lang='grc' dir='ltr'><strong>μετα·</strong></span> 
     </span>
    </p>
   </div>
   <div class='ocr_carea' id='block_1_60' title="bbox 382 3207 1980 3275">
    <p class='ocr_par' dir='ltr' id='par_1_60' title="bbox 382 3207 1980 3275">
     <span class='ocr_line' id='line_1_60' title="bbox 382 3207 1980 3275; baseline -0.01 -3"><span class='ocrx_word' id='word_1_468' title='bbox 382 3219 603 3273; x_wconf 84' lang='lat' dir='ltr'><strong>datione</strong></span> <span class='ocrx_word' id='word_1_469' title='bbox 624 3213 711 3271; x_wconf 87' lang='lat' dir='ltr'><strong>sui</strong></span> <span class='ocrx_word' id='word_1_470' title='bbox 737 3221 1072 3269; x_wconf 89' lang='lat' dir='ltr'><strong>cunctorum</strong></span> <span class='ocrx_word' id='word_1_471' title='bbox 1110 3211 1163 3264; x_wconf 92' lang='lat' dir='ltr'><strong>in</strong></span> <span class='ocrx_word' id='word_1_472' title='bbox 1190 3207 1390 3263; x_wconf 87' lang='lat' dir='ltr'><strong>animis</strong></span> <span class='ocrx_word' id='word_1_473' title='bbox 1438 3207 1666 3262; x_wconf 88' lang='lat' dir='ltr'><strong>nimium</strong></span> <span class='ocrx_word' id='word_1_474' title='bbox 1714 3215 1980 3275; x_wconf 85' lang='lat' dir='ltr'><strong>quantum</strong></span> 
     </span>
    </p>
   </div>
   <div class='ocr_carea' id='block_1_61' title="bbox 381 3297 1985 3382">
    <p class='ocr_par' dir='ltr' id='par_1_61' title="bbox 381 3297 1985 3382">
     <span class='ocr_line' id='line_1_61' title="bbox 381 3297 1985 3382; baseline -0.008 -17"><span class='ocrx_word' id='word_1_475' title='bbox 381 3310 604 3382; x_wconf 84' lang='lat' dir='ltr'><strong>pavoris</strong></span> <span class='ocrx_word' id='word_1_476' title='bbox 632 3319 686 3364; x_wconf 88' lang='lat' dir='ltr'><strong>ct</strong></span> <span class='ocrx_word' id='word_1_477' title='bbox 715 3305 960 3363; x_wconf 86' lang='lat' dir='ltr'><strong>horroris</strong></span> <span class='ocrx_word' id='word_1_478' title='bbox 1009 3302 1252 3359; x_wconf 79' lang='lat' dir='ltr'><strong>excitare</strong></span> <span class='ocrx_word' id='word_1_479' title='bbox 1277 3311 1503 3373; x_wconf 85' lang='lat' dir='ltr'><strong>queant.</strong></span> <span class='ocrx_word' id='word_1_480' title='bbox 1559 3300 1749 3370; x_wconf 82' lang='lat' dir='ltr'><strong>Itaque</strong></span> <span class='ocrx_word' id='word_1_481' title='bbox 1768 3298 1814 3356; x_wconf 88' lang='lat' dir='ltr'><strong>si</strong></span> <span class='ocrx_word' id='word_1_482' title='bbox 1868 3297 1985 3354; x_wconf 86' lang='lat' dir='ltr'><strong>vult</strong></span> 
     </span>
    </p>
   </div>
   <div class='ocr_carea' id='block_1_62' title="bbox 382 3394 1984 3470">
    <p class='ocr_par' dir='ltr' id='par_1_62' title="bbox 382 3394 1984 3470">
     <span class='ocr_line' id='line_1_62' title="bbox 382 3394 1984 3470; baseline -0.009 -7"><span class='ocrx_word' id='word_1_483' title='bbox 382 3419 576 3463; x_wconf 82' lang='lat' dir='ltr'><strong>omnes</strong></span> <span class='ocrx_word' id='word_1_484' title='bbox 598 3402 715 3457; x_wconf 80' lang='lat' dir='ltr'><strong>ﬁeri</strong></span> <span class='ocrx_word' id='word_1_485' title='bbox 742 3400 945 3466; x_wconf 80' lang='lat' dir='ltr'><strong>salvos,</strong></span> <span class='ocrx_word' id='word_1_486' title='bbox 1004 3398 1097 3470; x_wconf 90' lang='lat' dir='ltr'><strong>qui</strong></span> <span class='ocrx_word' id='word_1_487' title='bbox 1137 3396 1516 3468; x_wconf 71' lang='lat' dir='ltr'><strong>paenitentiam</strong></span> <span class='ocrx_word' id='word_1_488' title='bbox 1549 3394 1796 3464; x_wconf 79' lang='lat' dir='ltr'><strong>egerint;</strong></span> <span class='ocrx_word' id='word_1_489' title='bbox 1832 3409 1984 3465; x_wconf 73' lang='lat' dir='ltr'><strong>quas-</strong></span> 
     </span>
    </p>
   </div>
   <div class='ocr_carea' id='block_1_63' title="bbox 383 3488 1984 3567">
    <p class='ocr_par' dir='ltr' id='par_1_63' title="bbox 383 3488 1984 3567">
     <span class='ocr_line' id='line_1_63' title="bbox 383 3488 1984 3567; baseline -0.007 -13"><span class='ocrx_word' id='word_1_490' title='bbox 383 3511 599 3567; x_wconf 87' lang='lat' dir='ltr'><strong>cunque</strong></span> <span class='ocrx_word' id='word_1_491' title='bbox 629 3509 759 3551; x_wconf 87' lang='lat' dir='ltr'><strong>vero</strong></span> <span class='ocrx_word' id='word_1_492' title='bbox 792 3493 929 3560; x_wconf 77' lang='lat' dir='ltr'><strong>vult,</strong></span> <span class='ocrx_word' id='word_1_493' title='bbox 972 3501 1197 3563; x_wconf 80' lang='lat' dir='ltr'><strong>potest:</strong></span> <span class='ocrx_word' id='word_1_494' title='bbox 1252 3491 1387 3547; x_wconf 84' lang='lat' dir='ltr'><strong>nihil</strong></span> <span class='ocrx_word' id='word_1_495' title='bbox 1429 3504 1559 3560; x_wconf 80' lang='lat' dir='ltr'><strong>ergo</strong></span> <span class='ocrx_word' id='word_1_496' title='bbox 1602 3490 1751 3545; x_wconf 87' lang='lat' dir='ltr'><strong>deest</strong></span> <span class='ocrx_word' id='word_1_497' title='bbox 1787 3488 1853 3542; x_wconf 89' lang='lat' dir='ltr'><strong>iis</strong></span> <span class='ocrx_word' id='word_1_498' title='bbox 1892 3488 1984 3558; x_wconf 90' lang='lat' dir='ltr'><strong>qui</strong></span> 
     </span>
    </p>
   </div>
   <div class='ocr_carea' id='block_1_64' title="bbox 385 3581 1983 3656">
    <p class='ocr_par' dir='ltr' id='par_1_64' title="bbox 385 3581 1983 3656">
     <span class='ocr_line' id='line_1_64' title="bbox 385 3581 1983 3656; baseline -0.008 -10"><span class='ocrx_word' id='word_1_499' title='bbox 385 3590 669 3647; x_wconf 82' lang='lat' dir='ltr'><strong>constituti</strong></span> <span class='ocrx_word' id='word_1_500' title='bbox 726 3595 855 3641; x_wconf 86' lang='lat' dir='ltr'><strong>sunt</strong></span> <span class='ocrx_word' id='word_1_501' title='bbox 907 3587 959 3640; x_wconf 92' lang='lat' dir='ltr'><strong>in</strong></span> <span class='ocrx_word' id='word_1_502' title='bbox 1007 3584 1271 3656; x_wconf 84' lang='lat' dir='ltr'><strong>peccatis,</strong></span> <span class='ocrx_word' id='word_1_503' title='bbox 1305 3584 1371 3639; x_wconf 88' lang='lat' dir='ltr'><strong>ad</strong></span> <span class='ocrx_word' id='word_1_504' title='bbox 1402 3584 1507 3639; x_wconf 92' lang='lat' dir='ltr'><strong>hoc</strong></span> <span class='ocrx_word' id='word_1_505' title='bbox 1540 3592 1600 3637; x_wconf 91' lang='lat' dir='ltr'><strong>ut</strong></span> <span class='ocrx_word' id='word_1_506' title='bbox 1649 3581 1783 3637; x_wconf 85' lang='lat' dir='ltr'><strong>salvi</strong></span> <span class='ocrx_word' id='word_1_507' title='bbox 1828 3581 1983 3648; x_wconf 79' lang='lat' dir='ltr'><strong>ﬁant,</strong></span> 
     </span>
    </p>
   </div>
   <div class='ocr_carea' id='block_1_65' title="bbox 385 3662 1988 3756">
    <p class='ocr_par' dir='ltr' id='par_1_65' title="bbox 385 3662 1988 3756">
     <span class='ocr_line' id='line_1_65' title="bbox 385 3662 1988 3756; baseline -0.005 -17"><span class='ocrx_word' id='word_1_508' title='bbox 385 3698 552 3756; x_wconf 88' lang='lat' dir='ltr'><strong>quam</strong></span> <span class='ocrx_word' id='word_1_509' title='bbox 599 3689 659 3737; x_wconf 87' lang='lat' dir='ltr'><strong>ut</strong></span> <span class='ocrx_word' id='word_1_510' title='bbox 712 3680 1037 3752; x_wconf 89' lang='lat' dir='ltr'><strong>resipiscere</strong></span> <span class='ocrx_word' id='word_1_511' title='bbox 1088 3680 1259 3733; x_wconf 85' lang='lat' dir='ltr'><strong>velint</strong></span> <span class='ocrx_word' id='word_1_512' title='bbox 1287 3662 1363 3734; x_wconf 39' lang='lat' dir='ltr'><strong>et“</strong></span> <span class='ocrx_word' id='word_1_513' title='bbox 1396 3678 1778 3747; x_wconf 67' lang='lat' dir='ltr'><strong>paenitentiam</strong></span> <span class='ocrx_word' id='word_1_514' title='bbox 1828 3675 1988 3731; x_wconf 88' lang='lat' dir='ltr'><strong>l‘actis</strong></span> 
     </span>
    </p>
   </div>
   <div class='ocr_carea' id='block_1_66' title="bbox 385 3770 1990 3843">
    <p class='ocr_par' dir='ltr' id='par_1_66' title="bbox 385 3770 1990 3843">
     <span class='ocr_line' id='line_1_66' title="bbox 385 3770 1990 3843; baseline -0.005 -12"><span class='ocrx_word' id='word_1_515' title='bbox 385 3776 697 3832; x_wconf 87' lang='lat' dir='ltr'><strong>ostendere.</strong></span> <span class='ocrx_word' id='word_1_516' title='bbox 732 3777 982 3841; x_wconf 83' lang='lat' dir='ltr'><strong>Quonam</strong></span> <span class='ocrx_word' id='word_1_517' title='bbox 1017 3773 1183 3843; x_wconf 84' lang='lat' dir='ltr'><strong>igitur</strong></span> <span class='ocrx_word' id='word_1_518' title='bbox 1233 3783 1395 3843; x_wconf 79' lang='lat' dir='ltr'><strong>pacto</strong></span> <span class='ocrx_word' id='word_1_519' title='bbox 1448 3787 1556 3827; x_wconf 92' lang='lat' dir='ltr'><strong>non</strong></span> <span class='ocrx_word' id='word_1_520' title='bbox 1597 3780 1783 3826; x_wconf 85' lang='lat' dir='ltr'><strong>mente</strong></span> <span class='ocrx_word' id='word_1_521' title='bbox 1821 3770 1990 3826; x_wconf 85' lang='lat' dir='ltr'><strong>desti-</strong></span> 
     </span>
    </p>
   </div>
   <div class='ocr_carea' id='block_1_67' title="bbox 388 3861 1991 3937">
    <p class='ocr_par' dir='ltr' id='par_1_67' title="bbox 388 3861 1991 3937">
     <span class='ocr_line' id='line_1_67' title="bbox 388 3861 1991 3937; baseline -0.004 -15"><span class='ocrx_word' id='word_1_522' title='bbox 388 3878 537 3922; x_wconf 88' lang='lat' dir='ltr'><strong>tutus</strong></span> <span class='ocrx_word' id='word_1_523' title='bbox 556 3875 661 3935; x_wconf 79' lang='lat' dir='ltr'><strong>est,</strong></span> <span class='ocrx_word' id='word_1_524' title='bbox 695 3866 785 3937; x_wconf 92' lang='lat' dir='ltr'><strong>qui</strong></span> <span class='ocrx_word' id='word_1_525' title='bbox 817 3865 884 3921; x_wconf 91' lang='lat' dir='ltr'><strong>de</strong></span> <span class='ocrx_word' id='word_1_526' title='bbox 923 3864 1143 3918; x_wconf 88' lang='lat' dir='ltr'><strong>illorum</strong></span> <span class='ocrx_word' id='word_1_527' title='bbox 1201 3863 1376 3919; x_wconf 87' lang='lat' dir='ltr'><strong>salute</strong></span> <span class='ocrx_word' id='word_1_528' title='bbox 1420 3863 1698 3931; x_wconf 86' lang='lat' dir='ltr'><strong>desperat,</strong></span> <span class='ocrx_word' id='word_1_529' title='bbox 1740 3861 1833 3932; x_wconf 90' lang='lat' dir='ltr'><strong>qui</strong></span> <span class='ocrx_word' id='word_1_530' title='bbox 1862 3875 1991 3931; x_wconf 76' lang='lat' dir='ltr'><strong>pro-</strong></span> 
     </span>
    </p>
   </div>
   <div class='ocr_carea' id='block_1_68' title="bbox 389 3953 1993 4032">
    <p class='ocr_par' dir='ltr' id='par_1_68' title="bbox 389 3953 1993 4032">
     <span class='ocr_line' id='line_1_68' title="bbox 389 3953 1993 4032; baseline -0.004 -17"><span class='ocrx_word' id='word_1_531' title='bbox 389 3970 519 4032; x_wconf 88' lang='lat' dir='ltr'><strong>pter</strong></span> <span class='ocrx_word' id='word_1_532' title='bbox 538 3976 599 4016; x_wconf 89' lang='lat' dir='ltr'><strong>se</strong></span> <span class='ocrx_word' id='word_1_533' title='bbox 628 3959 849 4031; x_wconf 87' lang='lat' dir='ltr'><strong>quidem</strong></span> <span class='ocrx_word' id='word_1_534' title='bbox 880 3957 1136 4027; x_wconf 83' lang='lat' dir='ltr'><strong>factaque</strong></span> <span class='ocrx_word' id='word_1_535' title='bbox 1159 3971 1256 4011; x_wconf 86' lang='lat' dir='ltr'><strong>sua</strong></span> <span class='ocrx_word' id='word_1_536' title='bbox 1301 3957 1682 4028; x_wconf 87' lang='lat' dir='ltr'><strong>desperarunt,</strong></span> <span class='ocrx_word' id='word_1_537' title='bbox 1715 3964 1771 4009; x_wconf 91' lang='lat' dir='ltr'><strong>at</strong></span> <span class='ocrx_word' id='word_1_538' title='bbox 1794 3953 1993 4009; x_wconf 86' lang='lat' dir='ltr'><strong>nihilo-</strong></span> 
     </span>
    </p>
   </div>
   <div class='ocr_carea' id='block_1_69' title="bbox 389 4044 1987 4118">
    <p class='ocr_par' dir='ltr' id='par_1_69' title="bbox 389 4044 1987 4118">
     <span class='ocr_line' id='line_1_69' title="bbox 389 4044 1987 4118; baseline -0.004 -12"><span class='ocrx_word' id='word_1_539' title='bbox 389 4051 574 4107; x_wconf 87' lang='lat' dir='ltr'><strong>minus</strong></span> <span class='ocrx_word' id='word_1_540' title='bbox 604 4050 657 4105; x_wconf 89' lang='lat' dir='ltr'><strong>in</strong></span> <span class='ocrx_word' id='word_1_541' title='bbox 690 4049 832 4105; x_wconf 87' lang='lat' dir='ltr'><strong>bona</strong></span> <span class='ocrx_word' id='word_1_542' title='bbox 861 4062 959 4118; x_wconf 85' lang='lat' dir='ltr'><strong>spe</strong></span> <span class='ocrx_word' id='word_1_543' title='bbox 983 4048 1170 4101; x_wconf 81' lang='lat' dir='ltr'><strong>vivunt</strong></span> <span class='ocrx_word' id='word_1_544' title='bbox 1204 4056 1426 4116; x_wconf 86' lang='lat' dir='ltr'><strong>propter</strong></span> <span class='ocrx_word' id='word_1_545' title='bbox 1448 4049 1622 4114; x_wconf 87' lang='lat' dir='ltr'><strong>ipsum</strong></span> <span class='ocrx_word' id='word_1_546' title='bbox 1648 4044 1987 4100; x_wconf 81' lang='lat' dir='ltr'><strong>Salvatorem</strong></span> 
     </span>
    </p>
   </div>
   <div class='ocr_carea' id='block_1_70' title="bbox 393 4138 1987 4212">
    <p class='ocr_par' dir='ltr' id='par_1_70' title="bbox 393 4138 1987 4212">
     <span class='ocr_line' id='line_1_70' title="bbox 393 4138 1987 4212; baseline -0.006 -11"><span class='ocrx_word' id='word_1_547' title='bbox 393 4150 444 4201; x_wconf 85' lang='lat' dir='ltr'><strong>et</strong></span> <span class='ocrx_word' id='word_1_548' title='bbox 466 4160 561 4201; x_wconf 89' lang='lat' dir='ltr'><strong>eos</strong></span> <span class='ocrx_word' id='word_1_549' title='bbox 594 4145 872 4200; x_wconf 87' lang='lat' dir='ltr'><strong>cruciatus</strong></span> <span class='ocrx_word' id='word_1_550' title='bbox 894 4157 1033 4212; x_wconf 86' lang='lat' dir='ltr'><strong>quos</strong></span> <span class='ocrx_word' id='word_1_551' title='bbox 1054 4141 1147 4196; x_wconf 89' lang='lat' dir='ltr'><strong>ille</strong></span> <span class='ocrx_word' id='word_1_552' title='bbox 1198 4154 1489 4209; x_wconf 85' lang='lat' dir='ltr'><strong>perpessus</strong></span> <span class='ocrx_word' id='word_1_553' title='bbox 1521 4138 1719 4205; x_wconf 82' lang='lat' dir='ltr'><strong>est,.in</strong></span> <span class='ocrx_word' id='word_1_554' title='bbox 1768 4153 1987 4194; x_wconf 81' lang='lat' dir='ltr'><strong>erucem</strong></span> 
     </span>
    </p>
   </div>
   <div class='ocr_carea' id='block_1_71' title="bbox 392 4230 1990 4310">
    <p class='ocr_par' dir='ltr' id='par_1_71' title="bbox 392 4230 1990 4310">
     <span class='ocr_line' id='line_1_71' title="bbox 392 4230 1990 4310; baseline -0.007 -16"><span class='ocrx_word' id='word_1_555' title='bbox 392 4255 492 4310; x_wconf 87' lang='lat' dir='ltr'><strong>pro</strong></span> <span class='ocrx_word' id='word_1_556' title='bbox 524 4237 680 4293; x_wconf 84' lang='lat' dir='ltr'><strong>nobis</strong></span> <span class='ocrx_word' id='word_1_557' title='bbox 708 4235 909 4292; x_wconf 85' lang='lat' dir='ltr'><strong>actus?</strong></span> <span class='ocrx_word' id='word_1_558' title='bbox 937 4232 1307 4301; x_wconf 80' lang='lat' dir='ltr'><strong>Quamobrem</strong></span> <span class='ocrx_word' id='word_1_559' title='bbox 1350 4246 1534 4298; x_wconf 90' lang='lat' dir='ltr'><strong>nemo,</strong></span> <span class='ocrx_word' id='word_1_560' title='bbox 1590 4231 1683 4301; x_wconf 90' lang='lat' dir='ltr'><strong>qni</strong></span> <span class='ocrx_word' id='word_1_561' title='bbox 1723 4238 1910 4301; x_wconf 85' lang='lat' dir='ltr'><strong>sperat</strong></span> <span class='ocrx_word' id='word_1_562' title='bbox 1937 4230 1990 4284; x_wconf 90' lang='lat' dir='ltr'><strong>in</strong></span> 
     </span>
    </p>
   </div>
   <div class='ocr_carea' id='block_1_72' title="bbox 393 4321 1994 4402">
    <p class='ocr_par' dir='ltr' id='par_1_72' title="bbox 393 4321 1994 4402">
     <span class='ocr_line' id='line_1_72' title="bbox 393 4321 1994 4402; baseline -0.005 -15"><span class='ocrx_word' id='word_1_563' title='bbox 393 4333 595 4402; x_wconf 86' lang='lat' dir='ltr'><strong>ipsum,</strong></span> <span class='ocrx_word' id='word_1_564' title='bbox 660 4344 757 4385; x_wconf 84' lang='lat' dir='ltr'><strong>sua</strong></span> <span class='ocrx_word' id='word_1_565' title='bbox 806 4329 877 4384; x_wconf 90' lang='lat' dir='ltr'><strong>de</strong></span> <span class='ocrx_word' id='word_1_566' title='bbox 931 4327 1112 4382; x_wconf 89' lang='lat' dir='ltr'><strong>salute</strong></span> <span class='ocrx_word' id='word_1_567' title='bbox 1180 4324 1454 4395; x_wconf 86' lang='lat' dir='ltr'><strong>desperet.</strong></span> <span class='ocrx_word' id='word_1_568' title='bbox 1508 4321 1625 4380; x_wconf 88' lang='lat' dir='ltr'><strong>Non</strong></span> <span class='ocrx_word' id='word_1_569' title='bbox 1679 4324 1825 4380; x_wconf 90' lang='lat' dir='ltr'><strong>enim</strong></span> <span class='ocrx_word' id='word_1_570' title='bbox 1854 4323 1994 4394; x_wconf 87' lang='lat' dir='ltr'><strong>&#39;ipse</strong></span> 
     </span>
    </p>
   </div>
   <div class='ocr_carea' id='block_1_73' title="bbox 394 4419 1996 4508">
    <p class='ocr_par' dir='ltr' id='par_1_73' title="bbox 394 4419 1996 4508">
     <span class='ocr_line' id='line_1_73' title="bbox 394 4419 1996 4508; baseline -0.004 -27"><span class='ocrx_word' id='word_1_571' title='bbox 394 4434 587 4481; x_wconf 87' lang='lat' dir='ltr'><strong>nostro</strong></span> <span class='ocrx_word' id='word_1_572' title='bbox 620 4438 773 4479; x_wconf 91' lang='lat' dir='ltr'><strong>more</strong></span> <span class='ocrx_word' id='word_1_573' title='bbox 805 4423 945 4477; x_wconf 82' lang='lat' dir='ltr'><strong>facta</strong></span> <span class='ocrx_word' id='word_1_574' title='bbox 976 4429 1163 4478; x_wconf 88' lang='lat' dir='ltr'><strong>nostra</strong></span> <span class='ocrx_word' id='word_1_575' title='bbox 1209 4420 1497 4491; x_wconf 80' lang='lat' dir='ltr'><strong>judicabit,</strong></span> <span class='ocrx_word' id='word_1_576' title='bbox 1555 4435 1655 4475; x_wconf 87' lang='lat' dir='ltr'><strong>nec</strong></span> <span class='ocrx_word' id='word_1_577' title='bbox 1701 4419 1754 4491; x_wconf 86' lang='lat' dir='ltr'><strong>in</strong></span> <span class='ocrx_word' id='word_1_578' title='bbox 1788 4419 1996 4508; x_wconf 65' lang='lat' dir='ltr'><strong>judicio</strong></span> 
     </span>
    </p>
   </div>
   <div class='ocr_carea' id='block_1_74' title="bbox 2086 3204 3677 3285">
    <p class='ocr_par' dir='ltr' id='par_1_74' title="bbox 2086 3204 3677 3285">
     <span class='ocr_line' id='line_1_74' title="bbox 2086 3204 3677 3285; baseline -0.009 -14"><span class='ocrx_word' id='word_1_579' title='bbox 2086 3216 2299 3284; x_wconf 82' lang='grc' dir='ltr'><strong>νοῆσαι,</strong></span> <span class='ocrx_word' id='word_1_580' title='bbox 2331 3217 2428 3271; x_wconf 78' lang='grc' dir='ltr'><strong>καὶ</strong></span> <span class='ocrx_word' id='word_1_581' title='bbox 2477 3215 2620 3284; x_wconf 75' lang='grc' dir='ltr'><strong>ἔργα</strong></span> <span class='ocrx_word' id='word_1_582' title='bbox 2666 3214 2843 3282; x_wconf 70' lang='grc' dir='ltr'><strong>δεῖξαι</strong></span> <span class='ocrx_word' id='word_1_583' title='bbox 2882 3213 2983 3283; x_wconf 82' lang='grc' dir='ltr'><strong>τῆς</strong></span> <span class='ocrx_word' id='word_1_584' title='bbox 3041 3213 3370 3285; x_wconf 81' lang='grc' dir='ltr'><strong>μετανοίας.</strong></span> <span class='ocrx_word' id='word_1_585' title='bbox 3424 3211 3547 3274; x_wconf 85' lang='grc' dir='ltr'><strong>Πῶς</strong></span> <span class='ocrx_word' id='word_1_586' title='bbox 3590 3204 3677 3260; x_wconf 62' lang='grc' dir='ltr'><strong>οἷν</strong></span> 
     </span>
    </p>
   </div>
   <div class='ocr_carea' id='block_1_75' title="bbox 2087 3305 3678 3380">
    <p class='ocr_par' dir='ltr' id='par_1_75' title="bbox 2087 3305 3678 3380">
     <span class='ocr_line' id='line_1_75' title="bbox 2087 3305 3678 3380; baseline -0.005 -16"><span class='ocrx_word' id='word_1_587' title='bbox 2087 3310 2189 3364; x_wconf 82' lang='grc' dir='ltr'><strong>οὐκ</strong></span> <span class='ocrx_word' id='word_1_588' title='bbox 2218 3309 2324 3377; x_wconf 77' lang='grc' dir='ltr'><strong>ἔξω</strong></span> <span class='ocrx_word' id='word_1_589' title='bbox 2374 3309 2594 3379; x_wconf 80' lang='grc' dir='ltr'><strong>φρενῶν</strong></span> <span class='ocrx_word' id='word_1_590' title='bbox 2646 3310 2821 3374; x_wconf 74' lang='grc' dir='ltr'><strong>ἐστιν,</strong></span> <span class='ocrx_word' id='word_1_591' title='bbox 2852 3311 2881 3363; x_wconf 85' lang='grc' dir='ltr'>ὁ</span> <span class='ocrx_word' id='word_1_592' title='bbox 2924 3306 3043 3378; x_wconf 68' lang='grc' dir='ltr'><strong>τὴν</strong></span> <span class='ocrx_word' id='word_1_593' title='bbox 3077 3311 3367 3380; x_wconf 76' lang='grc' dir='ltr'><strong>σωτηρίαν</strong></span> <span class='ocrx_word' id='word_1_594' title='bbox 3416 3305 3678 3376; x_wconf 53' lang='lat' dir='ltr'><strong>inermi»</strong></span> 
     </span>
    </p>
   </div>
   <div class='ocr_carea' id='block_1_76' title="bbox 2090 3399 3677 3479">
    <p class='ocr_par' dir='ltr' id='par_1_76' title="bbox 2090 3399 3677 3479">
     <span class='ocr_line' id='line_1_76' title="bbox 2090 3399 3677 3479; baseline 0.001 -22"><span class='ocrx_word' id='word_1_595' title='bbox 2090 3420 2259 3470; x_wconf 79' lang='grc' dir='ltr'><strong>σκων,</strong></span> <span class='ocrx_word' id='word_1_596' title='bbox 2293 3403 2405 3457; x_wconf 87' lang='grc' dir='ltr'><strong>τῶν</strong></span> <span class='ocrx_word' id='word_1_597' title='bbox 2449 3402 2855 3479; x_wconf 52' lang='grc' dir='ltr'><strong>ἀπεγνωκότων</strong></span> <span class='ocrx_word' id='word_1_598' title='bbox 2906 3400 3007 3472; x_wconf 78' lang='grc' dir='ltr'><strong>μὲν</strong></span> <span class='ocrx_word' id='word_1_599' title='bbox 3038 3401 3109 3454; x_wconf 88' lang='grc' dir='ltr'><strong>δι’</strong></span> <span class='ocrx_word' id='word_1_600' title='bbox 3159 3403 3399 3468; x_wconf 74' lang='grc' dir='ltr'><strong>ἑαυτοὺς</strong></span> <span class='ocrx_word' id='word_1_601' title='bbox 3449 3402 3543 3455; x_wconf 75' lang='grc' dir='ltr'><strong>καὶ</strong></span> <span class='ocrx_word' id='word_1_602' title='bbox 3584 3399 3677 3458; x_wconf 72' lang='grc' dir='ltr'><strong>τὰς</strong></span> 
     </span>
    </p>
   </div>
   <div class='ocr_carea' id='block_1_77' title="bbox 2060 3487 3678 3566">
    <p class='ocr_par' dir='ltr' id='par_1_77' title="bbox 2060 3487 3678 3566">
     <span class='ocr_line' id='line_1_77' title="bbox 2060 3487 3678 3566; baseline -0.004 -17"><span class='ocrx_word' id='word_1_603' title='bbox 2060 3494 2340 3566; x_wconf 58' lang='grc' dir='ltr'><strong>πράξεις,</strong></span> <span class='ocrx_word' id='word_1_604' title='bbox 2364 3496 2641 3565; x_wconf 72' lang='grc' dir='ltr'><strong>χρησταῖς</strong></span> <span class='ocrx_word' id='word_1_605' title='bbox 2688 3492 2733 3547; x_wconf 84' lang='grc' dir='ltr'><strong>δ’</strong></span> <span class='ocrx_word' id='word_1_606' title='bbox 2778 3487 2874 3547; x_wconf 82' lang='grc' dir='ltr'><strong>οὖν</strong></span> <span class='ocrx_word' id='word_1_607' title='bbox 2911 3494 3064 3558; x_wconf 80' lang='grc' dir='ltr'><strong>ὅπως</strong></span> <span class='ocrx_word' id='word_1_608' title='bbox 3122 3493 3353 3558; x_wconf 81' lang='grc' dir='ltr'><strong>ζώντων</strong></span> <span class='ocrx_word' id='word_1_609' title='bbox 3393 3494 3572 3548; x_wconf 72' lang='grc' dir='ltr'><strong>ἐλπίσι</strong></span> <span class='ocrx_word' id='word_1_610' title='bbox 3616 3489 3678 3544; x_wconf 81' lang='grc' dir='ltr'><strong>δι’</strong></span> 
     </span>
    </p>
   </div>
   <div class='ocr_carea' id='block_1_78' title="bbox 2089 3583 3679 3660">
    <p class='ocr_par' dir='ltr' id='par_1_78' title="bbox 2089 3583 3679 3660">
     <span class='ocr_line' id='line_1_78' title="bbox 2089 3583 3679 3660; baseline -0.005 -18"><span class='ocrx_word' id='word_1_611' title='bbox 2089 3588 2255 3643; x_wconf 76' lang='grc' dir='ltr'><strong>αὐτόν</strong></span> <span class='ocrx_word' id='word_1_612' title='bbox 2300 3604 2367 3655; x_wconf 87' lang='grc' dir='ltr'><strong>γε</strong></span> <span class='ocrx_word' id='word_1_613' title='bbox 2416 3587 2507 3642; x_wconf 83' lang='grc' dir='ltr'><strong>τὸν</strong></span> <span class='ocrx_word' id='word_1_614' title='bbox 2557 3586 2814 3658; x_wconf 80' lang='grc' dir='ltr'><strong>Σωτῆρα,</strong></span> <span class='ocrx_word' id='word_1_615' title='bbox 2866 3587 2962 3641; x_wconf 69' lang='grc' dir='ltr'><strong>καὶ</strong></span> <span class='ocrx_word' id='word_1_616' title='bbox 3009 3588 3154 3660; x_wconf 72' lang='grc' dir='ltr'><strong>ᾇπερ</strong></span> <span class='ocrx_word' id='word_1_617' title='bbox 3202 3586 3367 3654; x_wconf 65' lang='grc' dir='ltr'><strong>οὗτος</strong></span> <span class='ocrx_word' id='word_1_618' title='bbox 3420 3583 3679 3642; x_wconf 83' lang='grc' dir='ltr'><strong>πέπονθεν</strong></span> 
     </span>
    </p>
   </div>
   <div class='ocr_carea' id='block_1_79' title="bbox 2091 3672 3674 3752">
    <p class='ocr_par' dir='ltr' id='par_1_79' title="bbox 2091 3672 3674 3752">
     <span class='ocr_line' id='line_1_79' title="bbox 2091 3672 3674 3752; baseline -0.006 -16"><span class='ocrx_word' id='word_1_619' title='bbox 2091 3681 2234 3752; x_wconf 80' lang='grc' dir='ltr'><strong>ὑπὲρ</strong></span> <span class='ocrx_word' id='word_1_620' title='bbox 2283 3680 2444 3751; x_wconf 83' lang='grc' dir='ltr'><strong>ἡμῶν</strong></span> <span class='ocrx_word' id='word_1_621' title='bbox 2509 3680 2882 3751; x_wconf 86' lang='grc' dir='ltr'><strong>σταυρωθείς;</strong></span> <span class='ocrx_word' id='word_1_622' title='bbox 2923 3680 3132 3751; x_wconf 75' lang='grc' dir='ltr'><strong>Μηδεὶς</strong></span> <span class='ocrx_word' id='word_1_623' title='bbox 3187 3672 3288 3742; x_wconf 70' lang='grc' dir='ltr'><strong>οὖν</strong></span> <span class='ocrx_word' id='word_1_624' title='bbox 3342 3684 3425 3745; x_wconf 78' lang='grc' dir='ltr'><strong>είς</strong></span> <span class='ocrx_word' id='word_1_625' title='bbox 3479 3679 3674 3733; x_wconf 76' lang='grc' dir='ltr'><strong>ἐκεῖνον</strong></span> 
     </span>
    </p>
   </div>
   <div class='ocr_carea' id='block_1_80' title="bbox 2093 3767 3675 3846">
    <p class='ocr_par' dir='ltr' id='par_1_80' title="bbox 2093 3767 3675 3846">
     <span class='ocr_line' id='line_1_80' title="bbox 2093 3767 3675 3846; baseline -0.006 -16"><span class='ocrx_word' id='word_1_626' title='bbox 2093 3774 2350 3840; x_wconf 75' lang='grc' dir='ltr'><strong>ἐλπίζων,</strong></span> <span class='ocrx_word' id='word_1_627' title='bbox 2384 3774 2611 3845; x_wconf 80' lang='grc' dir='ltr'><strong>ἀπογνῷ</strong></span> <span class='ocrx_word' id='word_1_628' title='bbox 2661 3774 2762 3846; x_wconf 79' lang='grc' dir='ltr'><strong>τὴν</strong></span> <span class='ocrx_word' id='word_1_629' title='bbox 2817 3774 3015 3828; x_wconf 80' lang='grc' dir='ltr'><strong>ἑαυτοῦ</strong></span> <span class='ocrx_word' id='word_1_630' title='bbox 3059 3776 3374 3845; x_wconf 82' lang='grc' dir='ltr'><strong>σωτηρίαν.</strong></span> <span class='ocrx_word' id='word_1_631' title='bbox 3407 3772 3542 3828; x_wconf 79' lang='grc' dir='ltr'><strong>Οὐδὲ</strong></span> <span class='ocrx_word' id='word_1_632' title='bbox 3574 3767 3675 3836; x_wconf 79' lang='grc' dir='ltr'><strong>γὰρ</strong></span> 
     </span>
    </p>
   </div>
   <div class='ocr_carea' id='block_1_81' title="bbox 2090 3861 3675 3940">
    <p class='ocr_par' dir='ltr' id='par_1_81' title="bbox 2090 3861 3675 3940">
     <span class='ocr_line' id='line_1_81' title="bbox 2090 3861 3675 3940; baseline -0.007 -18"><span class='ocrx_word' id='word_1_633' title='bbox 2090 3869 2297 3940; x_wconf 82' lang='grc' dir='ltr'><strong>ὁμοίως</strong></span> <span class='ocrx_word' id='word_1_634' title='bbox 2326 3869 2460 3939; x_wconf 79' lang='grc' dir='ltr'><strong>ἡμῖν</strong></span> <span class='ocrx_word' id='word_1_635' title='bbox 2486 3868 2702 3929; x_wconf 74' lang='grc' dir='ltr'><strong>ἐκεῖνος</strong></span> <span class='ocrx_word' id='word_1_636' title='bbox 2728 3867 2907 3938; x_wconf 81' lang='grc' dir='ltr'><strong>κρινεῖ</strong></span> <span class='ocrx_word' id='word_1_637' title='bbox 2929 3866 3000 3920; x_wconf 82' lang='grc' dir='ltr'><strong>τὰ</strong></span> <span class='ocrx_word' id='word_1_638' title='bbox 3027 3866 3309 3937; x_wconf 78' lang='grc' dir='ltr'><strong>ἡμέτερα,</strong></span> <span class='ocrx_word' id='word_1_639' title='bbox 3330 3864 3452 3921; x_wconf 77' lang='grc' dir='ltr'><strong>οὐδὲ</strong></span> <span class='ocrx_word' id='word_1_640' title='bbox 3478 3861 3675 3930; x_wconf 70' lang='grc' dir='ltr'><strong>ἀνθρωυ</strong></span> 
     </span>
    </p>
   </div>
   <div class='ocr_carea' id='block_1_82' title="bbox 2093 3952 3675 4034">
    <p class='ocr_par' dir='ltr' id='par_1_82' title="bbox 2093 3952 3675 4034">
     <span class='ocr_line' id='line_1_82' title="bbox 2093 3952 3675 4034; baseline -0.008 -19"><span class='ocrx_word' id='word_1_641' title='bbox 2093 3962 2227 4034; x_wconf 78' lang='grc' dir='ltr'><strong>πείᾳ</strong></span> <span class='ocrx_word' id='word_1_642' title='bbox 2257 3960 2578 4033; x_wconf 79' lang='grc' dir='ltr'><strong>δικαιοσύνῃ</strong></span> <span class='ocrx_word' id='word_1_643' title='bbox 2608 3978 2667 4014; x_wconf 86' lang='grc' dir='ltr'><strong>τε</strong></span> <span class='ocrx_word' id='word_1_644' title='bbox 2704 3960 2802 4014; x_wconf 78' lang='grc' dir='ltr'><strong>καὶ</strong></span> <span class='ocrx_word' id='word_1_645' title='bbox 2841 3959 3229 4031; x_wconf 69' lang='grc' dir='ltr'><strong>φιλανθρωπίᾳ</strong></span> <span class='ocrx_word' id='word_1_646' title='bbox 3257 3976 3276 3994; x_wconf 77' lang='grc' dir='ltr'><strong><em>ο</em></strong></span> <span class='ocrx_word' id='word_1_647' title='bbox 3310 3959 3451 4016; x_wconf 76' lang='grc' dir='ltr'><strong>ἀλλά</strong></span> <span class='ocrx_word' id='word_1_648' title='bbox 3479 3958 3545 4025; x_wconf 87' lang='grc' dir='ltr'><strong>τῇ</strong></span> <span class='ocrx_word' id='word_1_649' title='bbox 3579 3952 3675 4021; x_wconf 73' lang='grc' dir='ltr'><strong>ἰδίᾳ</strong></span> 
     </span>
    </p>
   </div>
   <div class='ocr_carea' id='block_1_83' title="bbox 2095 4042 3675 4124">
    <p class='ocr_par' dir='ltr' id='par_1_83' title="bbox 2095 4042 3675 4124">
     <span class='ocr_line' id='line_1_83' title="bbox 2095 4042 3675 4124; baseline -0.009 -17"><span class='ocrx_word' id='word_1_650' title='bbox 2095 4055 2294 4124; x_wconf 83' lang='grc' dir='ltr'><strong>κρινεῖ,</strong></span> <span class='ocrx_word' id='word_1_651' title='bbox 2334 4052 2505 4124; x_wconf 71' lang='grc' dir='ltr'><strong>μηδὲν</strong></span> <span class='ocrx_word' id='word_1_652' title='bbox 2555 4068 2607 4105; x_wconf 87' lang='grc' dir='ltr'><strong>τι</strong></span> <span class='ocrx_word' id='word_1_653' title='bbox 2657 4049 2792 4121; x_wconf 84' lang='grc' dir='ltr'><strong>παρ’</strong></span> <span class='ocrx_word' id='word_1_654' title='bbox 2845 4050 3006 4122; x_wconf 75' lang='grc' dir='ltr'><strong>ἡμῶν</strong></span> <span class='ocrx_word' id='word_1_655' title='bbox 3050 4050 3308 4104; x_wconf 84' lang='grc' dir='ltr'><strong>ἁπαιτῶν</strong></span> <span class='ocrx_word' id='word_1_656' title='bbox 3361 4048 3455 4103; x_wconf 82' lang='grc' dir='ltr'><strong>νῦν</strong></span> <span class='ocrx_word' id='word_1_657' title='bbox 3499 4046 3533 4116; x_wconf 82' lang='grc' dir='ltr'>ἢ</span> <span class='ocrx_word' id='word_1_658' title='bbox 3586 4042 3675 4109; x_wconf 67' lang='grc' dir='ltr'><strong>τὴν</strong></span> 
     </span>
    </p>
   </div>
   <div class='ocr_carea' id='block_1_84' title="bbox 2096 4132 3674 4216">
    <p class='ocr_par' dir='ltr' id='par_1_84' title="bbox 2096 4132 3674 4216">
     <span class='ocr_line' id='line_1_84' title="bbox 2096 4132 3674 4216; baseline -0.009 -17"><span class='ocrx_word' id='word_1_659' title='bbox 2096 4146 2431 4216; x_wconf 84' lang='grc' dir='ltr'><strong>γιγνομένην</strong></span> <span class='ocrx_word' id='word_1_660' title='bbox 2500 4144 2818 4215; x_wconf 84' lang='grc' dir='ltr'><strong>μετάνοιαν,</strong></span> <span class='ocrx_word' id='word_1_661' title='bbox 2885 4142 3022 4214; x_wconf 66' lang='grc' dir='ltr'><strong>πρὸς</strong></span> <span class='ocrx_word' id='word_1_662' title='bbox 3079 4142 3142 4194; x_wconf 82' lang='grc' dir='ltr'><strong>τὸ</strong></span> <span class='ocrx_word' id='word_1_663' title='bbox 3197 4144 3334 4211; x_wconf 79' lang='grc' dir='ltr'><strong>ἡμῖν</strong></span> <span class='ocrx_word' id='word_1_664' title='bbox 3409 4132 3674 4194; x_wconf 75' lang='grc' dir='ltr'><strong>λυσιτελὲς</strong></span> 
     </span>
    </p>
   </div>
   <div class='ocr_carea' id='block_1_85' title="bbox 2098 4229 3673 4310">
    <p class='ocr_par' dir='ltr' id='par_1_85' title="bbox 2098 4229 3673 4310">
     <span class='ocr_line' id='line_1_85' title="bbox 2098 4229 3673 4310; baseline -0.006 -15"><span class='ocrx_word' id='word_1_665' title='bbox 2098 4241 2321 4310; x_wconf 80' lang='grc' dir='ltr'><strong>ἀφορῶν</strong></span> <span class='ocrx_word' id='word_1_666' title='bbox 2346 4257 2359 4272; x_wconf 91' lang='grc'><strong>·</strong></span> <span class='ocrx_word' id='word_1_667' title='bbox 2395 4239 2459 4293; x_wconf 80' lang='grc' dir='ltr'><strong>οὐ</strong></span> <span class='ocrx_word' id='word_1_668' title='bbox 2484 4239 2555 4293; x_wconf 86' lang='grc' dir='ltr'><strong>δι’</strong></span> <span class='ocrx_word' id='word_1_669' title='bbox 2586 4238 2780 4293; x_wconf 78' lang='grc' dir='ltr'><strong>ἑαυτὸν</strong></span> <span class='ocrx_word' id='word_1_670' title='bbox 2830 4237 2924 4292; x_wconf 72' lang='grc' dir='ltr'><strong>καὶ</strong></span> <span class='ocrx_word' id='word_1_671' title='bbox 2973 4236 3182 4310; x_wconf 78' lang='grc' dir='ltr'><strong>ταύτην</strong></span> <span class='ocrx_word' id='word_1_672' title='bbox 3218 4237 3521 4305; x_wconf 79' lang='grc' dir='ltr'><strong>ἐπιζητῶν.</strong></span> <span class='ocrx_word' id='word_1_673' title='bbox 3548 4229 3673 4287; x_wconf 79' lang='grc' dir='ltr'><strong>Οὐδὲ</strong></span> 
     </span>
    </p>
   </div>
   <div class='ocr_carea' id='block_1_86' title="bbox 2099 4327 3674 4403">
    <p class='ocr_par' dir='ltr' id='par_1_86' title="bbox 2099 4327 3674 4403">
     <span class='ocr_line' id='line_1_86' title="bbox 2099 4327 3674 4403; baseline -0.01 -16"><span class='ocrx_word' id='word_1_674' title='bbox 2099 4331 2209 4403; x_wconf 80' lang='grc' dir='ltr'><strong>γὰρ</strong></span> <span class='ocrx_word' id='word_1_675' title='bbox 2248 4331 2318 4384; x_wconf 74' lang='grc' dir='ltr'><strong>τὰ</strong></span> <span class='ocrx_word' id='word_1_676' title='bbox 2362 4330 2473 4383; x_wconf 89' lang='grc' dir='ltr'><strong>τῶν</strong></span> <span class='ocrx_word' id='word_1_677' title='bbox 2525 4331 2766 4399; x_wconf 83' lang='grc' dir='ltr'><strong>ἀχρείων</strong></span> <span class='ocrx_word' id='word_1_678' title='bbox 2817 4328 3018 4398; x_wconf 81' lang='grc' dir='ltr'><strong>γένοιτ’</strong></span> <span class='ocrx_word' id='word_1_679' title='bbox 3083 4328 3149 4383; x_wconf 81' lang='grc' dir='ltr'><strong>ἂν</strong></span> <span class='ocrx_word' id='word_1_680' title='bbox 3201 4328 3358 4399; x_wconf 82' lang='grc' dir='ltr'><strong>αὐτῷ</strong></span> <span class='ocrx_word' id='word_1_681' title='bbox 3414 4327 3674 4399; x_wconf 81' lang='grc' dir='ltr'><strong>χρήσιμα.</strong></span> 
     </span>
    </p>
   </div>
   <div class='ocr_carea' id='block_1_87' title="bbox 2111 4409 3674 4494">
    <p class='ocr_par' dir='ltr' id='par_1_87' title="bbox 2111 4409 3674 4494">
     <span class='ocr_line' id='line_1_87' title="bbox 2111 4409 3674 4494; baseline -0.006 -16"><span class='ocrx_word' id='word_1_682' title='bbox 2111 4425 2306 4494; x_wconf 82' lang='grc' dir='ltr'><strong>Ἡμεῖς</strong></span> <span class='ocrx_word' id='word_1_683' title='bbox 2370 4422 2427 4475; x_wconf 76' lang='grc' dir='ltr'><strong>δὲ</strong></span> <span class='ocrx_word' id='word_1_684' title='bbox 2478 4421 2682 4485; x_wconf 79' lang='grc' dir='ltr'><strong>πάντες</strong></span> <span class='ocrx_word' id='word_1_685' title='bbox 2739 4422 2870 4491; x_wconf 78' lang='grc' dir='ltr'><strong>ἑξῆς</strong></span> <span class='ocrx_word' id='word_1_686' title='bbox 2925 4420 3151 4491; x_wconf 73' lang='grc' dir='ltr'><strong>φροῦδοι</strong></span> <span class='ocrx_word' id='word_1_687' title='bbox 3188 4420 3257 4473; x_wconf 85' lang='grc' dir='ltr'><strong>ἂν</strong></span> <span class='ocrx_word' id='word_1_688' title='bbox 3308 4421 3473 4483; x_wconf 81' lang='grc' dir='ltr'><strong>εὐθὺς</strong></span> <span class='ocrx_word' id='word_1_689' title='bbox 3504 4409 3674 4484; x_wconf 76' lang='grc' dir='ltr'><strong>ἐγενό-</strong></span> 
     </span>
    </p>
   </div>
   <div class='ocr_carea' id='block_1_88' title="bbox 397 4505 1986 4589">
    <p class='ocr_par' dir='ltr' id='par_1_88' title="bbox 397 4505 1986 4586">
     <span class='ocr_line' id='line_1_88' title="bbox 397 4505 1986 4586; baseline -0.004 -12"><span class='ocrx_word' id='word_1_690' title='bbox 397 4533 497 4574; x_wconf 88' lang='lat' dir='ltr'><strong>suo</strong></span> <span class='ocrx_word' id='word_1_691' title='bbox 523 4513 1031 4586; x_wconf 68' lang='lat' dir='ltr'><strong>hnmanaa-justitite</strong></span> <span class='ocrx_word' id='word_1_692' title='bbox 1095 4513 1582 4584; x_wconf 79' lang='lat' dir='ltr'><strong>benignitatisque,</strong></span> <span class='ocrx_word' id='word_1_693' title='bbox 1615 4511 1709 4566; x_wconf 89' lang='lat' dir='ltr'><strong>sed</strong></span> <span class='ocrx_word' id='word_1_694' title='bbox 1762 4505 1986 4582; x_wconf 72' lang='lat' dir='ltr'><strong>propria:</strong></span> 
     </span>
    </p>
   </div>
   <div class='ocr_carea' id='block_1_89' title="bbox 2088 4505 3676 4589">
    <p class='ocr_par' dir='ltr' id='par_1_89' title="bbox 2104 4505 3676 4589">
     <span class='ocr_line' id='line_1_89' title="bbox 2104 4505 3676 4589; baseline -0.008 -18"><span class='ocrx_word' id='word_1_695' title='bbox 2104 4517 2267 4589; x_wconf 81' lang='grc' dir='ltr'><strong>μεθα,</strong></span> <span class='ocrx_word' id='word_1_696' title='bbox 2296 4515 2468 4578; x_wconf 75' lang='grc' dir='ltr'><strong>εἴτις</strong></span> <span class='ocrx_word' id='word_1_697' title='bbox 2511 4514 2580 4569; x_wconf 86' lang='grc' dir='ltr'><strong>ἂν</strong></span> <span class='ocrx_word' id='word_1_698' title='bbox 2616 4514 2872 4587; x_wconf 84' lang='grc' dir='ltr'><strong>ἀφείλετο</strong></span> <span class='ocrx_word' id='word_1_699' title='bbox 2922 4515 3023 4583; x_wconf 78' lang='grc' dir='ltr'><strong>τὴν</strong></span> <span class='ocrx_word' id='word_1_700' title='bbox 3079 4515 3212 4585; x_wconf 85' lang='grc' dir='ltr'><strong>παρ’</strong></span> <span class='ocrx_word' id='word_1_701' title='bbox 3264 4514 3516 4583; x_wconf 86' lang='grc' dir='ltr'><strong>ἀλλήλων</strong></span> <span class='ocrx_word' id='word_1_702' title='bbox 3560 4505 3676 4578; x_wconf 83' lang='grc' dir='ltr'><strong>βοή-</strong></span> 
     </span>
    </p>
   </div>
   <div class='ocr_carea' id='block_1_90' title="bbox 397 4604 1997 4691">
    <p class='ocr_par' dir='ltr' id='par_1_90' title="bbox 397 4604 1997 4691">
     <span class='ocr_line' id='line_1_90' title="bbox 397 4604 1997 4691; baseline -0.005 -24"><span class='ocrx_word' id='word_1_703' title='bbox 397 4612 662 4667; x_wconf 87' lang='lat' dir='ltr'><strong>rationem</strong></span> <span class='ocrx_word' id='word_1_704' title='bbox 683 4609 931 4677; x_wconf 89' lang='lat' dir='ltr'><strong>habebit,</strong></span> <span class='ocrx_word' id='word_1_705' title='bbox 960 4606 1093 4663; x_wconf 86' lang='lat' dir='ltr'><strong>nihil</strong></span> <span class='ocrx_word' id='word_1_706' title='bbox 1125 4623 1267 4663; x_wconf 91' lang='lat' dir='ltr'><strong>nunc</strong></span> <span class='ocrx_word' id='word_1_707' title='bbox 1308 4608 1455 4663; x_wconf 88' lang='lat' dir='ltr'><strong>aliud</strong></span> <span class='ocrx_word' id='word_1_708' title='bbox 1483 4622 1511 4661; x_wconf 88' lang='lat' dir='ltr'><strong>a</strong></span> <span class='ocrx_word' id='word_1_709' title='bbox 1536 4605 1694 4691; x_wconf 75' lang='lat' dir='ltr'><strong>nobis</strong></span> <span class='ocrx_word' id='word_1_710' title='bbox 1716 4604 1997 4672; x_wconf 78' lang='lat' dir='ltr'><strong>postulans</strong></span> 
     </span>
    </p>
   </div>
   <div class='ocr_carea' id='block_1_91' title="bbox 396 4696 1998 4774">
    <p class='ocr_par' dir='ltr' id='par_1_91' title="bbox 396 4696 1998 4774">
     <span class='ocr_line' id='line_1_91' title="bbox 396 4696 1998 4774; baseline -0.006 -14"><span class='ocrx_word' id='word_1_711' title='bbox 396 4706 503 4762; x_wconf 87' lang='lat' dir='ltr'><strong>nisi</strong></span> <span class='ocrx_word' id='word_1_712' title='bbox 545 4715 752 4759; x_wconf 88' lang='lat' dir='ltr'><strong>rectam</strong></span> <span class='ocrx_word' id='word_1_713' title='bbox 791 4703 1173 4774; x_wconf 72' lang='lat' dir='ltr'><strong>paenitentiam</strong></span> <span class='ocrx_word' id='word_1_714' title='bbox 1202 4718 1217 4767; x_wconf 89' lang='lat'><strong>;</strong></span> <span class='ocrx_word' id='word_1_715' title='bbox 1247 4716 1413 4770; x_wconf 85' lang='lat' dir='ltr'><strong>quam</strong></span> <span class='ocrx_word' id='word_1_716' title='bbox 1449 4699 1624 4769; x_wconf 86' lang='lat' dir='ltr'><strong>ipsam</strong></span> <span class='ocrx_word' id='word_1_717' title='bbox 1651 4696 1998 4772; x_wconf 83' lang='lat' dir='ltr'><strong>respiciendo</strong></span> 
     </span>
    </p>
   </div>
   <div class='ocr_carea' id='block_1_92' title="bbox 401 4766 1997 4859">
    <p class='ocr_par' dir='ltr' id='par_1_92' title="bbox 401 4766 1997 4859">
     <span class='ocr_line' id='line_1_92' title="bbox 401 4766 1997 4859; baseline -0.004 -12"><span class='ocrx_word' id='word_1_718' title='bbox 401 4801 649 4847; x_wconf 87' lang='lat' dir='ltr'><strong>nostram</strong></span> <span class='ocrx_word' id='word_1_719' title='bbox 694 4791 982 4845; x_wconf 86' lang='lat' dir='ltr'><strong>utilitatem</strong></span> <span class='ocrx_word' id='word_1_720' title='bbox 1033 4804 1142 4844; x_wconf 88' lang='lat' dir='ltr'><strong>non</strong></span> <span class='ocrx_word' id='word_1_721' title='bbox 1210 4766 1526 4859; x_wconf 38' lang='lat' dir='ltr'><strong>propter‘se</strong></span> <span class='ocrx_word' id='word_1_722' title='bbox 1586 4787 1840 4856; x_wconf 86' lang='lat' dir='ltr'><strong>requirit,</strong></span> <span class='ocrx_word' id='word_1_723' title='bbox 1872 4766 1997 4842; x_wconf 84' lang='lat' dir='ltr'><strong>nam</strong></span> 
     </span>
    </p>
   </div>
   <div class='ocr_carea' id='block_1_93' title="bbox 398 4878 2000 4956">
    <p class='ocr_par' dir='ltr' id='par_1_93' title="bbox 398 4878 2000 4956">
     <span class='ocr_line' id='line_1_93' title="bbox 398 4878 2000 4956; baseline 0.001 -22"><span class='ocrx_word' id='word_1_724' title='bbox 398 4900 520 4956; x_wconf 67' lang='lat' dir='ltr'><strong>qua:</strong></span> <span class='ocrx_word' id='word_1_725' title='bbox 540 4883 963 4953; x_wconf 78' lang='lat' dir='ltr'><strong>proﬁciscuntur</strong></span> <span class='ocrx_word' id='word_1_726' title='bbox 992 4883 1060 4938; x_wconf 85' lang='lat' dir='ltr'><strong>ab</strong></span> <span class='ocrx_word' id='word_1_727' title='bbox 1096 4880 1399 4946; x_wconf 86' lang='lat' dir='ltr'><strong>inutilibus,</strong></span> <span class='ocrx_word' id='word_1_728' title='bbox 1450 4880 1551 4950; x_wconf 86' lang='lat' dir='ltr'><strong>ipsi</strong></span> <span class='ocrx_word' id='word_1_729' title='bbox 1601 4880 1827 4935; x_wconf 90' lang='lat' dir='ltr'><strong>minime</strong></span> <span class='ocrx_word' id='word_1_730' title='bbox 1879 4878 2000 4935; x_wconf 80' lang='lat' dir='ltr'><strong>fue-</strong></span> 
     </span>
    </p>
   </div>
   <div class='ocr_carea' id='block_1_94' title="bbox 399 4970 2003 5041">
    <p class='ocr_par' dir='ltr' id='par_1_94' title="bbox 399 4970 2003 5041">
     <span class='ocr_line' id='line_1_94' title="bbox 399 4970 2003 5041; baseline -0.002 -12"><span class='ocrx_word' id='word_1_731' title='bbox 399 4975 712 5030; x_wconf 80' lang='lat' dir='ltr'><strong>rintntilia.</strong></span> <span class='ocrx_word' id='word_1_732' title='bbox 740 4973 851 5029; x_wconf 79' lang='lat' dir='ltr'><strong>Nos</strong></span> <span class='ocrx_word' id='word_1_733' title='bbox 874 4986 1003 5028; x_wconf 86' lang='lat' dir='ltr'><strong>vero</strong></span> <span class='ocrx_word' id='word_1_734' title='bbox 1055 4985 1279 5041; x_wconf 87' lang='lat' dir='ltr'><strong>prorsus</strong></span> <span class='ocrx_word' id='word_1_735' title='bbox 1325 4970 1379 5025; x_wconf 87' lang='lat' dir='ltr'><strong>in</strong></span> <span class='ocrx_word' id='word_1_736' title='bbox 1422 4970 1653 5026; x_wconf 73' lang='lat' dir='ltr'><strong>nihilum</strong></span> <span class='ocrx_word' id='word_1_737' title='bbox 1698 4975 1882 5026; x_wconf 85' lang='lat' dir='ltr'><strong>statim</strong></span> <span class='ocrx_word' id='word_1_738' title='bbox 1915 4985 2003 5026; x_wconf 85' lang='lat' dir='ltr'><strong>re-</strong></span> 
     </span>
    </p>
   </div>
   <div class='ocr_carea' id='block_1_95' title="bbox 399 5062 2002 5138">
    <p class='ocr_par' dir='ltr' id='par_1_95' title="bbox 399 5062 2002 5138">
     <span class='ocr_line' id='line_1_95' title="bbox 399 5062 2002 5138; baseline -0.002 -17"><span class='ocrx_word' id='word_1_739' title='bbox 399 5069 712 5138; x_wconf 78' lang='lat' dir='ltr'><strong>tligcremur</strong></span> <span class='ocrx_word' id='word_1_740' title='bbox 751 5080 967 5130; x_wconf 84' lang='lat' dir='ltr'><strong>omnes,</strong></span> <span class='ocrx_word' id='word_1_741' title='bbox 997 5065 1040 5119; x_wconf 88' lang='lat' dir='ltr'><strong>si</strong></span> <span class='ocrx_word' id='word_1_742' title='bbox 1068 5062 1191 5133; x_wconf 89' lang='lat' dir='ltr'><strong>quis</strong></span> <span class='ocrx_word' id='word_1_743' title='bbox 1243 5077 1399 5132; x_wconf 78' lang='lat' dir='ltr'><strong>opem</strong></span> <span class='ocrx_word' id='word_1_744' title='bbox 1470 5072 1712 5119; x_wconf 86' lang='lat' dir='ltr'><strong>mutuam</strong></span> <span class='ocrx_word' id='word_1_745' title='bbox 1758 5079 1789 5120; x_wconf 91' lang='lat' dir='ltr'><strong>e</strong></span> <span class='ocrx_word' id='word_1_746' title='bbox 1823 5065 2002 5120; x_wconf 85' lang='lat' dir='ltr'><strong>medio</strong></span> 
     </span>
    </p>
   </div>
   <div class='ocr_carea' id='block_1_96' title="bbox 401 5157 2003 5233">
    <p class='ocr_par' dir='ltr' id='par_1_96' title="bbox 401 5157 2003 5233">
     <span class='ocr_line' id='line_1_96' title="bbox 401 5157 2003 5233; baseline -0.001 -18"><span class='ocrx_word' id='word_1_747' title='bbox 401 5164 637 5217; x_wconf 89' lang='lat' dir='ltr'><strong>tolleret.</strong></span> <span class='ocrx_word' id='word_1_748' title='bbox 672 5161 793 5228; x_wconf 86' lang='lat' dir='ltr'><strong>Quo</strong></span> <span class='ocrx_word' id='word_1_749' title='bbox 827 5162 886 5214; x_wconf 85' lang='lat' dir='ltr'><strong>lit</strong></span> <span class='ocrx_word' id='word_1_750' title='bbox 913 5169 992 5223; x_wconf 93' lang='lat' dir='ltr'><strong>ut,</strong></span> <span class='ocrx_word' id='word_1_751' title='bbox 1029 5157 1075 5214; x_wconf 88' lang='lat' dir='ltr'><strong>si</strong></span> <span class='ocrx_word' id='word_1_752' title='bbox 1101 5158 1226 5233; x_wconf 83' lang='lat' dir='ltr'><strong>quis</strong></span> <span class='ocrx_word' id='word_1_753' title='bbox 1250 5166 1506 5212; x_wconf 85' lang='lat' dir='ltr'><strong>accurate</strong></span> <span class='ocrx_word' id='word_1_754' title='bbox 1526 5157 1793 5227; x_wconf 83' lang='lat' dir='ltr'><strong>justitiam</strong></span> <span class='ocrx_word' id='word_1_755' title='bbox 1815 5166 1872 5213; x_wconf 86' lang='lat' dir='ltr'><strong>et</strong></span> <span class='ocrx_word' id='word_1_756' title='bbox 1895 5158 2003 5214; x_wconf 80' lang='lat' dir='ltr'><strong>cle-</strong></span> 
     </span>
    </p>
   </div>
   <div class='ocr_carea' id='block_1_97' title="bbox 406 5250 2001 5322">
    <p class='ocr_par' dir='ltr' id='par_1_97' title="bbox 406 5250 2001 5322">
     <span class='ocr_line' id='line_1_97' title="bbox 406 5250 2001 5322; baseline -0.001 -12"><span class='ocrx_word' id='word_1_757' title='bbox 406 5255 669 5310; x_wconf 85' lang='lat' dir='ltr'><strong>mentiam</strong></span> <span class='ocrx_word' id='word_1_758' title='bbox 725 5263 969 5308; x_wconf 89' lang='lat' dir='ltr'><strong>nostram</strong></span> <span class='ocrx_word' id='word_1_759' title='bbox 1025 5251 1488 5317; x_wconf 61' lang='lat' dir='ltr'><strong>considerat-erit,</strong></span> <span class='ocrx_word' id='word_1_760' title='bbox 1541 5259 1596 5308; x_wconf 87' lang='lat' dir='ltr'><strong>et</strong></span> <span class='ocrx_word' id='word_1_761' title='bbox 1635 5267 1759 5307; x_wconf 89' lang='lat' dir='ltr'><strong>cum</strong></span> <span class='ocrx_word' id='word_1_762' title='bbox 1793 5250 2001 5322; x_wconf 85' lang='lat' dir='ltr'><strong>justitia</strong></span> 
     </span>
    </p>
   </div>
   <div class='ocr_carea' id='block_1_98' title="bbox 404 5345 2002 5416">
    <p class='ocr_par' dir='ltr' id='par_1_98' title="bbox 404 5345 2002 5416">
     <span class='ocr_line' id='line_1_98' title="bbox 404 5345 2002 5416; baseline -0.001 -13"><span class='ocrx_word' id='word_1_763' title='bbox 404 5347 803 5416; x_wconf 80' lang='lat' dir='ltr'><strong>clementiaque</strong></span> <span class='ocrx_word' id='word_1_764' title='bbox 825 5345 1126 5401; x_wconf 72' lang='lat' dir='ltr'><strong>Salvatoris</strong></span> <span class='ocrx_word' id='word_1_765' title='bbox 1161 5345 1586 5414; x_wconf 78' lang='lat' dir='ltr'><strong>comparaverit,</strong></span> <span class='ocrx_word' id='word_1_766' title='bbox 1628 5346 1879 5416; x_wconf 79' lang='lat' dir='ltr'><strong>equidem</strong></span> <span class='ocrx_word' id='word_1_767' title='bbox 1908 5362 2002 5401; x_wconf 83' lang='lat' dir='ltr'><strong>ar-</strong></span> 
     </span>
    </p>
   </div>
   <div class='ocr_carea' id='block_1_99' title="bbox 405 5438 2002 5511">
    <p class='ocr_par' dir='ltr' id='par_1_99' title="bbox 405 5438 2002 5511">
     <span class='ocr_line' id='line_1_99' title="bbox 405 5438 2002 5511; baseline 0.001 -16"><span class='ocrx_word' id='word_1_768' title='bbox 405 5441 594 5506; x_wconf 88' lang='lat' dir='ltr'><strong>hitrer,</strong></span> <span class='ocrx_word' id='word_1_769' title='bbox 628 5440 779 5494; x_wconf 84' lang='lat' dir='ltr'><strong>illum</strong></span> <span class='ocrx_word' id='word_1_770' title='bbox 822 5439 1026 5494; x_wconf 89' lang='lat' dir='ltr'><strong>nostris</strong></span> <span class='ocrx_word' id='word_1_771' title='bbox 1061 5438 1372 5509; x_wconf 82' lang='lat' dir='ltr'><strong>nejnstitiae</strong></span> <span class='ocrx_word' id='word_1_772' title='bbox 1406 5441 1626 5511; x_wconf 90' lang='lat' dir='ltr'><strong>quidem</strong></span> <span class='ocrx_word' id='word_1_773' title='bbox 1673 5450 1727 5494; x_wconf 91' lang='lat' dir='ltr'><strong>et</strong></span> <span class='ocrx_word' id='word_1_774' title='bbox 1766 5440 2002 5498; x_wconf 86' lang='lat' dir='ltr'><strong>clemen-</strong></span> 
     </span>
    </p>
   </div>
   <div class='ocr_carea' id='block_1_100' title="bbox 407 5533 2000 5600">
    <p class='ocr_par' dir='ltr' id='par_1_100' title="bbox 407 5533 2000 5600">
     <span class='ocr_line' id='line_1_100' title="bbox 407 5533 2000 5600; baseline 0.004 -14"><span class='ocrx_word' id='word_1_775' title='bbox 407 5537 495 5588; x_wconf 84' lang='lat' dir='ltr'><strong>tiae</strong></span> <span class='ocrx_word' id='word_1_776' title='bbox 528 5548 725 5589; x_wconf 88' lang='lat' dir='ltr'><strong>nomen</strong></span> <span class='ocrx_word' id='word_1_777' title='bbox 755 5547 1168 5589; x_wconf 87' lang='lat' dir='ltr'><strong>concessurum.</strong></span> <span class='ocrx_word' id='word_1_778' title='bbox 1202 5533 1357 5600; x_wconf 84' lang='lat' dir='ltr'><strong>Quod</strong></span> <span class='ocrx_word' id='word_1_779' title='bbox 1407 5551 1542 5592; x_wconf 84' lang='lat' dir='ltr'><strong>sane</strong></span> <span class='ocrx_word' id='word_1_780' title='bbox 1582 5536 1635 5591; x_wconf 91' lang='lat' dir='ltr'><strong>in</strong></span> <span class='ocrx_word' id='word_1_781' title='bbox 1678 5536 1825 5593; x_wconf 91' lang='lat' dir='ltr'><strong>hunc</strong></span> <span class='ocrx_word' id='word_1_782' title='bbox 1879 5553 2000 5592; x_wconf 84' lang='lat' dir='ltr'><strong>mo-</strong></span> 
     </span>
    </p>
   </div>
   <div class='ocr_carea' id='block_1_101' title="bbox 405 5624 2005 5701">
    <p class='ocr_par' dir='ltr' id='par_1_101' title="bbox 405 5624 2005 5701">
     <span class='ocr_line' id='line_1_101' title="bbox 405 5624 2005 5701; baseline 0.006 -21"><span class='ocrx_word' id='word_1_783' title='bbox 405 5625 531 5682; x_wconf 88' lang='lat' dir='ltr'><strong>dum</strong></span> <span class='ocrx_word' id='word_1_784' title='bbox 564 5627 1015 5698; x_wconf 83' lang='lat' dir='ltr'><strong>contemplemur.</strong></span> <span class='ocrx_word' id='word_1_785' title='bbox 1055 5624 1224 5684; x_wconf 84' lang='lat' dir='ltr'><strong>Nobis</strong></span> <span class='ocrx_word' id='word_1_786' title='bbox 1259 5629 1374 5685; x_wconf 65' lang='lat' dir='ltr'><strong>haec</strong></span> <span class='ocrx_word' id='word_1_787' title='bbox 1396 5630 1744 5701; x_wconf 66' lang='lat' dir='ltr'><strong>amplissimae</strong></span> <span class='ocrx_word' id='word_1_788' title='bbox 1765 5631 2005 5689; x_wconf 85' lang='lat' dir='ltr'><strong>clemen-</strong></span> 
     </span>
    </p>
   </div>
   <div class='ocr_carea' id='block_1_102' title="bbox 2101 4600 3671 4679">
    <p class='ocr_par' dir='ltr' id='par_1_102' title="bbox 2101 4600 3671 4679">
     <span class='ocr_line' id='line_1_102' title="bbox 2101 4600 3671 4679; baseline -0.006 -16"><span class='ocrx_word' id='word_1_789' title='bbox 2101 4610 2272 4664; x_wconf 78' lang='grc' dir='ltr'><strong>θειαν.</strong></span> <span class='ocrx_word' id='word_1_790' title='bbox 2310 4608 2463 4661; x_wconf 81' lang='grc' dir='ltr'><strong>Ὢστ’</strong></span> <span class='ocrx_word' id='word_1_791' title='bbox 2492 4609 2546 4662; x_wconf 83' lang='grc' dir='ltr'><strong>εί</strong></span> <span class='ocrx_word' id='word_1_792' title='bbox 2571 4625 2623 4661; x_wconf 84' lang='grc' dir='ltr'><strong>τι</strong></span> <span class='ocrx_word' id='word_1_793' title='bbox 2652 4608 2903 4679; x_wconf 76' lang='grc' dir='ltr'><strong>ἀκριϐῶς</strong></span> <span class='ocrx_word' id='word_1_794' title='bbox 2940 4606 3243 4679; x_wconf 85' lang='grc' dir='ltr'><strong>θεωρήσειε</strong></span> <span class='ocrx_word' id='word_1_795' title='bbox 3275 4611 3377 4678; x_wconf 79' lang='grc' dir='ltr'><strong>τὴν</strong></span> <span class='ocrx_word' id='word_1_796' title='bbox 3404 4600 3671 4677; x_wconf 80' lang='grc' dir='ltr'><strong>ἡμετέραν</strong></span> 
     </span>
    </p>
   </div>
   <div class='ocr_carea' id='block_1_103' title="bbox 2101 4686 3669 4772">
    <p class='ocr_par' dir='ltr' id='par_1_103' title="bbox 2101 4686 3669 4772">
     <span class='ocr_line' id='line_1_103' title="bbox 2101 4686 3669 4772; baseline -0.012 -15"><span class='ocrx_word' id='word_1_797' title='bbox 2101 4701 2454 4772; x_wconf 66' lang='grc' dir='ltr'><strong>δικαιοσύνην</strong></span> <span class='ocrx_word' id='word_1_798' title='bbox 2498 4718 2561 4754; x_wconf 86' lang='grc' dir='ltr'><strong>τε</strong></span> <span class='ocrx_word' id='word_1_799' title='bbox 2608 4700 2704 4754; x_wconf 80' lang='grc' dir='ltr'><strong>καὶ</strong></span> <span class='ocrx_word' id='word_1_800' title='bbox 2755 4699 3197 4771; x_wconf 72' lang='grc' dir='ltr'><strong>φιλανθρωπίαν,</strong></span> <span class='ocrx_word' id='word_1_801' title='bbox 3256 4703 3352 4754; x_wconf 78' lang='grc' dir='ltr'><strong>καὶ</strong></span> <span class='ocrx_word' id='word_1_802' title='bbox 3409 4686 3669 4766; x_wconf 83' lang='grc' dir='ltr'><strong>παραθείη</strong></span> 
     </span>
    </p>
   </div>
   <div class='ocr_carea' id='block_1_104' title="bbox 2100 4785 3668 4865">
    <p class='ocr_par' dir='ltr' id='par_1_104' title="bbox 2100 4785 3668 4865">
     <span class='ocr_line' id='line_1_104' title="bbox 2100 4785 3668 4865; baseline -0.012 -15"><span class='ocrx_word' id='word_1_803' title='bbox 2100 4799 2222 4860; x_wconf 85' lang='grc' dir='ltr'><strong>ταῖς</strong></span> <span class='ocrx_word' id='word_1_804' title='bbox 2267 4795 2362 4849; x_wconf 79' lang='grc' dir='ltr'><strong>τοῦ</strong></span> <span class='ocrx_word' id='word_1_805' title='bbox 2426 4794 2704 4865; x_wconf 75' lang='grc' dir='ltr'><strong>Σωτῆρος,</strong></span> <span class='ocrx_word' id='word_1_806' title='bbox 2750 4792 2874 4863; x_wconf 86' lang='grc' dir='ltr'><strong>μηδ’</strong></span> <span class='ocrx_word' id='word_1_807' title='bbox 2919 4793 2985 4847; x_wconf 87' lang='grc' dir='ltr'><strong>ἂν</strong></span> <span class='ocrx_word' id='word_1_808' title='bbox 3031 4789 3185 4865; x_wconf 84' lang='grc' dir='ltr'><strong>οἶμαι</strong></span> <span class='ocrx_word' id='word_1_809' title='bbox 3239 4795 3426 4848; x_wconf 78' lang='grc' dir='ltr'><strong>τοῦτον</strong></span> <span class='ocrx_word' id='word_1_810' title='bbox 3475 4785 3668 4841; x_wconf 78' lang='grc' dir='ltr'><strong>ἐθέλειν</strong></span> 
     </span>
    </p>
   </div>
   <div class='ocr_carea' id='block_1_105' title="bbox 2103 4870 3673 4960">
    <p class='ocr_par' dir='ltr' id='par_1_105' title="bbox 2103 4870 3673 4960">
     <span class='ocr_line' id='line_1_105' title="bbox 2103 4870 3673 4960; baseline -0.013 -17"><span class='ocrx_word' id='word_1_811' title='bbox 2103 4889 2454 4960; x_wconf 80' lang='grc' dir='ltr'><strong>δικαιοσύνην</strong></span> <span class='ocrx_word' id='word_1_812' title='bbox 2487 4905 2547 4941; x_wconf 82' lang='grc' dir='ltr'><strong>τε</strong></span> <span class='ocrx_word' id='word_1_813' title='bbox 2581 4888 2677 4941; x_wconf 67' lang='grc' dir='ltr'><strong>καὶ</strong></span> <span class='ocrx_word' id='word_1_814' title='bbox 2700 4886 3121 4958; x_wconf 78' lang='grc' dir='ltr'><strong>φιλανθρωπίαν</strong></span> <span class='ocrx_word' id='word_1_815' title='bbox 3154 4887 3361 4950; x_wconf 78' lang='grc' dir='ltr'><strong>ταύτας</strong></span> <span class='ocrx_word' id='word_1_816' title='bbox 3389 4885 3454 4953; x_wconf 82' lang='grc' dir='ltr'><strong>δὴ</strong></span> <span class='ocrx_word' id='word_1_817' title='bbox 3487 4870 3673 4949; x_wconf 84' lang='grc' dir='ltr'><strong>ἠμετέ-</strong></span> 
     </span>
    </p>
   </div>
   <div class='ocr_carea' id='block_1_106' title="bbox 2107 4976 3669 5057">
    <p class='ocr_par' dir='ltr' id='par_1_106' title="bbox 2107 4976 3669 5057">
     <span class='ocr_line' id='line_1_106' title="bbox 2107 4976 3669 5057; baseline -0.004 -20"><span class='ocrx_word' id='word_1_818' title='bbox 2107 4999 2208 5054; x_wconf 88' lang='grc' dir='ltr'><strong>ρας</strong></span> <span class='ocrx_word' id='word_1_819' title='bbox 2249 4981 2567 5057; x_wconf 74' lang='grc' dir='ltr'><strong>ἀποκαλεῖν.</strong></span> <span class='ocrx_word' id='word_1_820' title='bbox 2599 4981 2906 5050; x_wconf 85' lang='grc' dir='ltr'><strong>Σκοπῶμεν</strong></span> <span class='ocrx_word' id='word_1_821' title='bbox 2939 4980 3021 5034; x_wconf 86' lang='grc' dir='ltr'><strong>δέ.</strong></span> <span class='ocrx_word' id='word_1_822' title='bbox 3062 4980 3227 5049; x_wconf 83' lang='grc' dir='ltr'><strong>Ἡμῖν</strong></span> <span class='ocrx_word' id='word_1_823' title='bbox 3262 4997 3349 5042; x_wconf 81' lang='grc' dir='ltr'><strong>τις</strong></span> <span class='ocrx_word' id='word_1_824' title='bbox 3402 4976 3559 5044; x_wconf 80' lang='grc' dir='ltr'><strong>νόμος</strong></span> <span class='ocrx_word' id='word_1_825' title='bbox 3589 4983 3669 5035; x_wconf 74' lang='grc' dir='ltr'><strong>φι-</strong></span> 
     </span>
    </p>
   </div>
   <div class='ocr_carea' id='block_1_107' title="bbox 2104 5063 3670 5144">
    <p class='ocr_par' dir='ltr' id='par_1_107' title="bbox 2104 5063 3670 5144">
     <span class='ocr_line' id='line_1_107' title="bbox 2104 5063 3670 5144; baseline -0.009 -19"><span class='ocrx_word' id='word_1_826' title='bbox 2104 5073 2430 5144; x_wconf 71' lang='grc' dir='ltr'><strong>λανθρωπίᾳ</strong></span> <span class='ocrx_word' id='word_1_827' title='bbox 2456 5072 2694 5144; x_wconf 78' lang='grc' dir='ltr'><strong>μεγίστῃ</strong></span> <span class='ocrx_word' id='word_1_828' title='bbox 2717 5072 2991 5139; x_wconf 78' lang='grc' dir='ltr'><strong>κείμενος,</strong></span> <span class='ocrx_word' id='word_1_829' title='bbox 3026 5070 3395 5124; x_wconf 81' lang='grc' dir='ltr'><strong>ἀποδεδωκόσι</strong></span> <span class='ocrx_word' id='word_1_830' title='bbox 3414 5063 3670 5144; x_wconf 63' lang='grc' dir='ltr'><strong>τάδίκημᾲι</strong></span> 
     </span>
    </p>
   </div>
   <div class='ocr_carea' id='block_1_108' title="bbox 2109 5142 3668 5237">
    <p class='ocr_par' dir='ltr' id='par_1_108' title="bbox 2109 5142 3668 5237">
     <span class='ocr_line' id='line_1_108' title="bbox 2109 5142 3668 5237; baseline -0.002 -16"><span class='ocrx_word' id='word_1_831' title='bbox 2109 5142 2527 5237; x_wconf 73' lang='grc' dir='ltr'><strong>συγγινώσιιειν.</strong></span> <span class='ocrx_word' id='word_1_832' title='bbox 2562 5142 2682 5220; x_wconf 82' lang='grc' dir='ltr'><strong>Κᾶν</strong></span> <span class='ocrx_word' id='word_1_833' title='bbox 2717 5165 2792 5235; x_wconf 80' lang='grc' dir='ltr'><strong>μὴ</strong></span> <span class='ocrx_word' id='word_1_834' title='bbox 2841 5165 3046 5237; x_wconf 81' lang='grc' dir='ltr'><strong>δυνηθῇ</strong></span> <span class='ocrx_word' id='word_1_835' title='bbox 3093 5182 3179 5227; x_wconf 86' lang='grc' dir='ltr'><strong>τις</strong></span> <span class='ocrx_word' id='word_1_836' title='bbox 3209 5165 3442 5228; x_wconf 60' lang='lat' dir='ltr'><strong>ext-Erat,</strong></span> <span class='ocrx_word' id='word_1_837' title='bbox 3476 5142 3668 5220; x_wconf 61' lang='grc' dir='ltr'><strong>πληγαὶ</strong></span> 
     </span>
    </p>
   </div>
   <div class='ocr_carea' id='block_1_109' title="bbox 2108 5242 3665 5328">
    <p class='ocr_par' dir='ltr' id='par_1_109' title="bbox 2108 5242 3665 5328">
     <span class='ocr_line' id='line_1_109' title="bbox 2108 5242 3665 5328; baseline -0.015 -15"><span class='ocrx_word' id='word_1_838' title='bbox 2108 5260 2202 5313; x_wconf 77' lang='grc' dir='ltr'><strong>καὶ</strong></span> <span class='ocrx_word' id='word_1_839' title='bbox 2234 5260 2417 5325; x_wconf 83' lang='grc' dir='ltr'><strong>πέδαι,</strong></span> <span class='ocrx_word' id='word_1_840' title='bbox 2447 5259 2544 5315; x_wconf 75' lang='grc' dir='ltr'><strong>καὶ</strong></span> <span class='ocrx_word' id='word_1_841' title='bbox 2571 5258 2975 5328; x_wconf 80' lang='grc' dir='ltr'><strong>δεσμωτήριον,</strong></span> <span class='ocrx_word' id='word_1_842' title='bbox 3011 5257 3103 5310; x_wconf 74' lang='grc' dir='ltr'><strong>καὶ</strong></span> <span class='ocrx_word' id='word_1_843' title='bbox 3132 5259 3310 5312; x_wconf 84' lang='grc' dir='ltr'><strong>πάντα</strong></span> <span class='ocrx_word' id='word_1_844' title='bbox 3345 5255 3413 5309; x_wconf 77' lang='grc' dir='ltr'><strong>τὰ</strong></span> <span class='ocrx_word' id='word_1_845' title='bbox 3440 5242 3665 5303; x_wconf 83' lang='grc' dir='ltr'><strong>τοιαῦτα.</strong></span> 
     </span>
    </p>
   </div>
   <div class='ocr_carea' id='block_1_110' title="bbox 2107 5338 3666 5420">
    <p class='ocr_par' dir='ltr' id='par_1_110' title="bbox 2107 5338 3666 5420">
     <span class='ocr_line' id='line_1_110' title="bbox 2107 5338 3666 5420; baseline -0.004 -13"><span class='ocrx_word' id='word_1_846' title='bbox 2107 5352 2219 5407; x_wconf 82' lang='grc' dir='ltr'><strong>Καί</strong></span> <span class='ocrx_word' id='word_1_847' title='bbox 2252 5370 2356 5415; x_wconf 82' lang='grc' dir='ltr'><strong>που</strong></span> <span class='ocrx_word' id='word_1_848' title='bbox 2393 5352 2488 5406; x_wconf 74' lang='grc' dir='ltr'><strong>καὶ</strong></span> <span class='ocrx_word' id='word_1_849' title='bbox 2514 5352 2743 5414; x_wconf 81' lang='grc' dir='ltr'><strong>θάνατος</strong></span> <span class='ocrx_word' id='word_1_850' title='bbox 2774 5351 2977 5411; x_wconf 69' lang='grc' dir='ltr'><strong>ἔπεισι,</strong></span> <span class='ocrx_word' id='word_1_851' title='bbox 3008 5349 3087 5420; x_wconf 83' lang='grc' dir='ltr'><strong>τῷ</strong></span> <span class='ocrx_word' id='word_1_852' title='bbox 3112 5351 3182 5403; x_wconf 72' lang='grc' dir='ltr'><strong>τὰ</strong></span> <span class='ocrx_word' id='word_1_853' title='bbox 3214 5347 3405 5408; x_wconf 77' lang='grc' dir='ltr'><strong>δεινῶς</strong></span> <span class='ocrx_word' id='word_1_854' title='bbox 3430 5338 3666 5399; x_wconf 62' lang='grc' dir='ltr'><strong>πιέῖοντίι</strong></span> 
     </span>
    </p>
   </div>
   <div class='ocr_carea' id='block_1_111' title="bbox 2109 5424 3665 5517">
    <p class='ocr_par' dir='ltr' id='par_1_111' title="bbox 2109 5424 3665 5517">
     <span class='ocr_line' id='line_1_111' title="bbox 2109 5424 3665 5517; baseline -0.014 -17"><span class='ocrx_word' id='word_1_855' title='bbox 2109 5447 2209 5517; x_wconf 81' lang='grc' dir='ltr'><strong>τὴν</strong></span> <span class='ocrx_word' id='word_1_856' title='bbox 2235 5447 2347 5499; x_wconf 88' lang='grc' dir='ltr'><strong>τῶν</strong></span> <span class='ocrx_word' id='word_1_857' title='bbox 2376 5445 2716 5517; x_wconf 76' lang='grc' dir='ltr'><strong>πιεζομένων</strong></span> <span class='ocrx_word' id='word_1_858' title='bbox 2750 5445 2908 5516; x_wconf 82' lang='grc' dir='ltr'><strong>νικᾷν</strong></span> <span class='ocrx_word' id='word_1_859' title='bbox 2936 5445 3192 5513; x_wconf 81' lang='grc' dir='ltr'><strong>δύναμιν.</strong></span> <span class='ocrx_word' id='word_1_860' title='bbox 3230 5445 3341 5498; x_wconf 78' lang='grc' dir='ltr'><strong>Καὶ</strong></span> <span class='ocrx_word' id='word_1_861' title='bbox 3371 5431 3552 5491; x_wconf 87' lang='grc' dir='ltr'><strong>σιωπῶ</strong></span> <span class='ocrx_word' id='word_1_862' title='bbox 3579 5424 3665 5481; x_wconf 69' lang='grc' dir='ltr'><strong>τὰς</strong></span> 
     </span>
    </p>
   </div>
   <div class='ocr_carea' id='block_1_112' title="bbox 2111 5523 3662 5615">
    <p class='ocr_par' dir='ltr' id='par_1_112' title="bbox 2111 5523 3662 5615">
     <span class='ocr_line' id='line_1_112' title="bbox 2111 5523 3662 5615; baseline -0.007 -19"><span class='ocrx_word' id='word_1_863' title='bbox 2111 5542 2322 5615; x_wconf 77' lang='grc' dir='ltr'><strong>ὕϐρεις,</strong></span> <span class='ocrx_word' id='word_1_864' title='bbox 2353 5545 2456 5608; x_wconf 69' lang='grc' dir='ltr'><strong>τὰς</strong></span> <span class='ocrx_word' id='word_1_865' title='bbox 2505 5541 2798 5612; x_wconf 82' lang='grc' dir='ltr'><strong>λοιδορίας,</strong></span> <span class='ocrx_word' id='word_1_866' title='bbox 2847 5542 2959 5594; x_wconf 78' lang='grc' dir='ltr'><strong>πᾶν</strong></span> <span class='ocrx_word' id='word_1_867' title='bbox 3005 5541 3033 5594; x_wconf 86' lang='grc' dir='ltr'><strong>ὃ</strong></span> <span class='ocrx_word' id='word_1_868' title='bbox 3086 5557 3139 5593; x_wconf 87' lang='grc' dir='ltr'><strong>τι</strong></span> <span class='ocrx_word' id='word_1_869' title='bbox 3181 5543 3349 5612; x_wconf 82' lang='grc' dir='ltr'><strong>φέρον</strong></span> <span class='ocrx_word' id='word_1_870' title='bbox 3401 5523 3662 5615; x_wconf 58' lang='grc' dir='ltr'><strong>αἰσχύγηνο</strong></span> 
     </span>
    </p>
   </div>
   <div class='ocr_carea' id='block_1_113' title="bbox 2119 5614 3666 5709">
    <p class='ocr_par' dir='ltr' id='par_1_113' title="bbox 2119 5614 3666 5709">
     <span class='ocr_line' id='line_1_113' title="bbox 2119 5614 3666 5709; baseline -0.021 -20"><span class='ocrx_word' id='word_1_871' title='bbox 2119 5614 2287 5707; x_wconf 83' lang='grc' dir='ltr'><strong>πολλῇ</strong></span> <span class='ocrx_word' id='word_1_872' title='bbox 2321 5635 2613 5709; x_wconf 61' lang='grc' dir='ltr'><strong>περιουσία</strong></span> <span class='ocrx_word' id='word_1_873' title='bbox 2645 5632 2821 5705; x_wconf 80' lang='grc' dir='ltr'><strong>θυμοῦ</strong></span> <span class='ocrx_word' id='word_1_874' title='bbox 2868 5631 3192 5703; x_wconf 83' lang='grc' dir='ltr'><strong>γιγνόμενον</strong></span> <span class='ocrx_word' id='word_1_875' title='bbox 3233 5647 3247 5663; x_wconf 78' lang='grc' dir='ltr'><strong>ο</strong></span> <span class='ocrx_word' id='word_1_876' title='bbox 3308 5631 3343 5685; x_wconf 77' lang='grc' dir='ltr'>ἃ</span> <span class='ocrx_word' id='word_1_877' title='bbox 3369 5626 3473 5686; x_wconf 83' lang='grc' dir='ltr'><strong>τοῖς</strong></span> <span class='ocrx_word' id='word_1_878' title='bbox 3497 5614 3666 5670; x_wconf 79' lang='grc' dir='ltr'><strong>ταλαι-</strong></span> 
     </span>
    </p>
   </div>
   <div class='ocr_carea' id='block_1_114' title="bbox 478 5806 1986 5915">
    <p class='ocr_par' dir='ltr' id='par_1_114' title="bbox 478 5839 1982 5915">
     <span class='ocr_line' id='line_1_114' title="bbox 478 5839 1982 5915; baseline 0.006 -20"><span class='ocrx_word' id='word_1_879' title='bbox 478 5846 494 5874; x_wconf 91' lang='grc'>¹</span> <span class='ocrx_word' id='word_1_880' title='bbox 518 5842 673 5915; x_wconf 79' lang='lat' dir='ltr'><strong>_Psal.</strong></span> <span class='ocrx_word' id='word_1_881' title='bbox 703 5840 975 5915; x_wconf 42' lang='lat' dir='ltr'><strong>cum}.</strong></span> <span class='ocrx_word' id='word_1_882' title='bbox 1046 5845 1075 5915; x_wconf 72' lang='lat'><strong>_&#39;</strong></span> <span class='ocrx_word' id='word_1_883' title='bbox 1107 5839 1250 5896; x_wconf 76' lang='lat' dir='ltr'><strong>Psal.</strong></span> <span class='ocrx_word' id='word_1_884' title='bbox 1276 5857 1431 5911; x_wconf 75' lang='lat' dir='ltr'><strong>xvnt,</strong></span> <span class='ocrx_word' id='word_1_885' title='bbox 1486 5845 1576 5902; x_wconf 76' lang='lat' dir='ltr'><strong>i5.</strong></span> <span class='ocrx_word' id='word_1_886' title='bbox 1656 5847 1676 5880; x_wconf 82' lang='grc'>³</span> <span class='ocrx_word' id='word_1_887' title='bbox 1708 5846 1724 5901; x_wconf 96' lang='lat' dir='ltr'><strong>l</strong></span> <span class='ocrx_word' id='word_1_888' title='bbox 1775 5848 1937 5903; x_wconf 68' lang='lat' dir='ltr'><strong>Jnan.</strong></span> <span class='ocrx_word' id='word_1_889' title='bbox 1968 5864 1982 5904; x_wconf 91' lang='grc' dir='ltr'><strong>ι</strong></span> 
     </span>
    </p>
   </div>
   <div class='ocr_carea' id='block_1_115' title="bbox 2088 5806 3656 5915">
    <p class='ocr_par' dir='ltr' id='par_1_115' title="bbox 2088 5806 3656 5912">
     <span class='ocr_line' id='line_1_115' title="bbox 2088 5806 3656 5912; baseline -0.013 -6"><span class='ocrx_word' id='word_1_890' title='bbox 2088 5848 2140 5904; x_wconf 88' lang='grc' dir='ltr'><strong>θ.</strong></span> <span class='ocrx_word' id='word_1_891' title='bbox 2220 5847 2240 5879; x_wconf 78' lang='grc'><strong>⁸</strong></span> <span class='ocrx_word' id='word_1_892' title='bbox 2275 5847 2442 5904; x_wconf 75' lang='lat' dir='ltr'><strong>Marc.</strong></span> <span class='ocrx_word' id='word_1_893' title='bbox 2472 5863 2527 5912; x_wconf 80' lang='grc' dir='ltr'><strong>ιι,</strong></span> <span class='ocrx_word' id='word_1_894' title='bbox 2565 5849 2629 5904; x_wconf 87' lang='lat' dir='ltr'><strong>l8</strong></span> <span class='ocrx_word' id='word_1_895' title='bbox 2706 5849 2726 5881; x_wconf 82' lang='grc'><strong><em>⁸</em></strong></span> <span class='ocrx_word' id='word_1_896' title='bbox 2761 5806 2974 5903; x_wconf 73' lang='lat' dir='ltr'><strong>“ean.</strong></span> <span class='ocrx_word' id='word_1_897' title='bbox 3006 5863 3043 5907; x_wconf 81' lang='grc' dir='ltr'><strong>ι,</strong></span> <span class='ocrx_word' id='word_1_898' title='bbox 3076 5848 3131 5905; x_wconf 88' lang='lat'><strong>9.</strong></span> <span class='ocrx_word' id='word_1_899' title='bbox 3215 5847 3236 5880; x_wconf 81' lang='grc'><strong>⁶</strong></span> <span class='ocrx_word' id='word_1_900' title='bbox 3277 5824 3429 5902; x_wconf 81' lang='lat' dir='ltr'><strong>Joan.</strong></span> <span class='ocrx_word' id='word_1_901' title='bbox 3458 5849 3534 5899; x_wconf 88' lang='grc' dir='ltr'><strong>ιιι,</strong></span> <span class='ocrx_word' id='word_1_902' title='bbox 3586 5819 3656 5876; x_wconf 73' lang='lat' dir='ltr'><strong>l5-</strong></span> 
     </span>
    </p>
   </div>
   <div class='ocr_carea' id='block_1_116' title="bbox 411 5910 1351 5983">
    <p class='ocr_par' dir='ltr' id='par_1_116' title="bbox 411 5910 1351 5983">
     <span class='ocr_line' id='line_1_116' title="bbox 411 5910 1351 5983; baseline 0.001 -15"><span class='ocrx_word' id='word_1_903' title='bbox 411 5914 431 5948; x_wconf 83' lang='lat'><strong><em>&#39;</em></strong></span> <span class='ocrx_word' id='word_1_904' title='bbox 462 5914 479 5968; x_wconf 98' lang='lat' dir='ltr'><strong>l</strong></span> <span class='ocrx_word' id='word_1_905' title='bbox 508 5912 663 5970; x_wconf 83' lang='lat' dir='ltr'><strong>Juan.</strong></span> <span class='ocrx_word' id='word_1_906' title='bbox 698 5927 740 5978; x_wconf 89' lang='grc' dir='ltr'><strong>ι,</strong></span> <span class='ocrx_word' id='word_1_907' title='bbox 764 5914 817 5970; x_wconf 82' lang='grc'><strong>7.</strong></span> <span class='ocrx_word' id='word_1_908' title='bbox 893 5912 913 5943; x_wconf 86' lang='grc'><strong><em>⁸</em></strong></span> <span class='ocrx_word' id='word_1_909' title='bbox 935 5910 1081 5967; x_wconf 70' lang='lat' dir='ltr'><strong>l’sal.</strong></span> <span class='ocrx_word' id='word_1_910' title='bbox 1102 5928 1268 5983; x_wconf 67' lang='lat' dir='ltr'><strong>CXLII,</strong></span> <span class='ocrx_word' id='word_1_911' title='bbox 1296 5915 1351 5970; x_wconf 73' lang='grc'><strong>2.</strong></span> 
     </span>
    </p>
   </div>
  </div>
