3958 6420
501 368 606 434 491

1680 363 2102 425 ΜΑΝυΕιιδθ
2119 359 2567 424 ΡΑΙΑΞΟῙῺῦΙ
3599 360 3685 424 4θὲ

488 479 718 548 impellit
747 518 762 542 ,
791 477 999 545 absque
1020 475 1304 532 coactione
1335 484 1521 532 tamen
1546 483 1600 532 et
1625 477 1904 543 violentia,
1930 493 2058 546 (ιιιοι

2182 473 2336 536 Θεός.
2382 473 2674 543 Συγχωρεῖ
2717 471 2774 524 δὲ
2822 471 2980 522 τοῦτο
3031 468 3287 538 γενέσθαι
3330 470 3386 523 οὐ
3428 471 3504 522 διὰ
3540 472 3591 524 τὸ
3629 474 3694 526 δι-

486 575 563 627 ita
598 586 708 626 rem
740 568 854 624 ﬁeri
885 568 1106 624 minime
1151 568 1458 624 conveniat.
1485 568 1666 624 Animi
1721 585 1954 638 namque
1985 586 2069 625 sa-

488 663 642 716 natio
674 661 882 715 medico
919 661 1140 731 quidem
1171 661 1373 730 indiget
1407 661 1523 716 solo
1552 659 1692 728 Deo;
1727 664 1818 718 sed
1851 663 2066 719 interim

485 768 666 808 rerum
726 767 794 808 ex
831 767 1019 808 earum
1072 760 1158 808 εει
1216 767 1440 807 numero
1481 768 1599 823 qlﬂB
1670 769 1696 807 3
1747 764 1934 810 nostra
1970 773 2070 812 νο·

2174 579 2330 617 καιον
2355 563 2535 632 μόνον,
2551 564 2670 618 ἀλλ’
2687 564 2768 617 ὅτι
2796 563 2890 616 καὶ
2916 562 3198 632 συμφέρον
3215 579 3263 614 τι
3285 562 3520 616 λανθάνον
3537 565 3676 631 ’μίγνυ

2173 673 2264 708 ται
2293 658 2412 719 ταῖς
2443 657 2755 711 κολάσεσιν.
2803 657 2868 708 Ἦ
2923 655 3033 723 γὰρ
3085 655 3150 724 δὴ
3193 655 3320 723 περ)⁸
3359 657 3492 724 ἡμᾶς
3522 656 3699 707 ἐκείνου

2177 747 2489 816 χρηστότης
2519 746 2859 818 πανταχόθεν
2907 745 3212 816 ἀναγκάζει
3251 747 3402 799 ταυτὶ
3428 746 3698 800 πιστεὶειι.

481 849 689 902 luutate
717 846 974 918 pendent.
1014 844 1397 914 Oportetenim
1431 846 1665 916 primum
1729 848 1932 906 habere
1979 866 2198 912 sensum
2250 860 2637 916 imbecillitatis
2687 875 2820 927 suae,
2872 860 3069 921 deinde
3123 875 3284 915 nosse
3353 859 3618 922 medicum,
3663 869 3709 918 et

480 942 547 998 ad
567 958 689 996 eum
722 955 946 996 currere
979 938 1138 1006 velle,
1171 939 1215 995 si
1258 942 1352 1010 qui
1415 941 1783 997 valetudinem
1830 945 2097 1018 integram
2175 955 2512 1010 desiderant.
2568 939 2916 1028 Quapropter
2965 958 3043 1012 illi
3102 959 3194 1027 qui
3253 957 3420 1024 poenis
3475 955 3706 1010 alliciendi

441 1035 828 1108 'suut(ucque
869 1035 1094 1092 nuncde
1125 1035 1374 1092 tidelibus
1417 1045 1624 1093 tantum
1659 1038 1900 1109 loquor).
1933 1042 2395 1112 ipsimetomuino
2417 1053 2520 1107 sibi
2557 1069 2845 1123 poenarum
2907 1061 3164 1108 auctores
3209 1062 3350 1115 sunt,
3414 1066 3510 1105 non
3573 1050 3707 1108 licus.

478 1132 568 1195 qui
599 1146 731 1185 sane
755 1130 1021 1200 permittit
1055 1130 1158 1184 hoc
1197 1129 1340 1191 ﬁeri,
1373 1145 1478 1185 non
1503 1131 1732 1202 justitiae
1757 1147 1869 1189 sua!
1897 1151 2060 1192 causa
2103 1149 2332 1207 tantum,
2357 1145 2450 1199 sed
2475 1146 2639 1200 etiam
2673 1147 2814 1217 quod
2877 1147 3080 1217 aliquit
3137 1147 3312 1201 tacitae
3355 1144 3584 1200 utilitatis
3628 1146 3710 1199 ad-

478 1230 703 1283 mi~tum
736 1229 808 1283 sit
851 1228 985 1298 ipsis
1022 1229 1224 1296 poenis.
1280 1227 1415 1282 Nam
1462 1229 1569 1285 hoc
1623 1231 1700 1286 uti
1746 1231 2057 1300 credamus,
2099 1239 2322 1293 omnino
2363 1257 2459 1296 nos
2495 1245 2666 1312 ipsius
2713 1261 2841 1312 erga
2883 1259 2985 1299 nos
3023 1245 3238 1298 bonitas
3269 1242 3430 1310 cogit.

549 1323 735 1388 Quare
783 1321 828 1376 si
874 1321 988 1376 haec
1011 1321 1084 1375 ita
1136 1335 1197 1375 se
1242 1320 1445 1376 habere
1503 1323 1762 1377 videntur
1793 1324 2058 1394 (videatut

2250 1333 2313 1386 Ei
2344 1333 2438 1387 οὖν
2463 1334 2527 1404 δὴ
2561 1335 2738 1390 ταῦτα
2768 1337 2916 1389 δοκεῖ
2946 1337 3138 1405 (δόξειε
3163 1337 3208 1390 δ’
3234 1336 3302 1390 ἂν
3336 1337 3584 1402 πάντωςὶ,
3624 1325 3714 1388 ποῧ

479 1426 658 1471 autem
694 1414 962 1481 omnino),
1006 1427 1241 1483 quonam
1275 1422 1433 1483 pacto
1465 1412 1546 1468 fas
1563 1413 1632 1472 sit
1665 1423 1723 1468 ut
1747 1415 1815 1471 de
1849 1416 2058 1473 homin!

2177 1426 2374 1496 καιρὸν
2407 1427 2529 1496 ἕχον
2565 1429 2703 1494 ἐστὶ,
2737 1428 2830 1481 τὸν
2858 1429 3114 1482 ἐνταυθοῖ
3144 1430 3478 1497 φαυλότατον
3507 1429 3593 1480 καὶ
3617 1427 3716 1496 χεῐ-

477 1506 562 1561 vel
595 1507 921 1572 pravissimo
953 1515 1116 1575 atque
1146 1506 1384 1576 pessimo
1432 1505 1485 1562 in
1523 1507 1623 1563 hac
1656 1508 1762 1562 vita
1815 1510 1938 1580 quis
1970 1511 2058 1565 de-

2180 1533 2362 1586 ριστον
2409 1518 2748 1586 ἀπογνῶναι,
2793 1521 2850 1572 ἐν
2879 1521 3062 1590 χεροῖν
3094 1519 3155 1571 τὸ
3206 1519 3490 1588 φάρμακον
3525 1517 3713 1587 ἔχοντα,

478 1609 823 1667 speret-,cum
856 1599 1122 1653 medelam
1155 1599 1198 1651 is
1232 1599 1282 1652 in
1321 1600 1575 1654 manibus
1599 1600 1817 1666 habeat,
1863 1603 2058 1657 saluta-

2169 1609 2270 1676 τὴν
2306 1607 2589 1674 σώζουσαν
2628 1611 2946 1681 μετάνοιαν,
2983 1609 3058 1674 ὡς
3090 1611 3194 1662 κάν
3235 1612 3350 1671 τοῖς
3384 1608 3717 1678 προλαϐοῦσιν

478 1701 592 1746 rem
623 1691 771 1745 illam
798 1692 1198 1758 pmuitentiam,
1233 1693 1371 1748 sicut
1405 1701 1458 1746 et
1483 1708 1646 1762 supra
1674 1693 1875 1750 dictum
1920 1713 1946 1748 a
1967 1713 2058 1750 no-

2166 1701 2302 1769 ἦμῖν
2332 1701 2584 1772 εἴρηται;
2642 1702 2792 1756 Ἐπεὶ
2821 1702 2878 1754 δὲ
2909 1702 3005 1754 καὶ
3043 1705 3069 1754 ὁ
3099 1701 3436 1771 Σωτὴρήμίν
3470 1694 3716 1768 amma-

477 1783 563 1838 his
592 1793 675 1838 est
705 1783 729 1836 2
758 1785 819 1836 Ει
841 1784 1057 1852 quando
1107 1783 1354 1837 Salvator
1389 1784 1503 1854 ipse
1551 1786 1709 1841 nobis
1769 1789 2058 1855 promittit,

2167 1777 2280 1854 ται,
2305 1792 2761 1861 ἐπικαλουμένοις
2788 1791 2952 1855 εὐθὺς
2979 1792 3343 1861 παρέσεσθαι,
3367 1790 3458 1843 καὶ
3484 1789 3719 1859 πάρεστιν

477 1888 538 1928 se
567 1888 688 1927 mox
709 1873 1080 1926 invocantibus
1111 1873 1448 1936 adiuturum,
1482 1875 1726 1945 adeoque
1760 1877 2058 1945 inaspecta-

2170 1881 2234 1933 ἐκ
2259 1851 2355 1932 τοῦ
2380 1851 2645 1947 ἀφανοθς,
2673 1851 2772 1934 καῖ
2800 1851 2987 1951 βοηθεῖ
3014 1851 3268 1949 φανερῶς
3294 1851 3430 1948 πρὸς
3451 1879 3546 1945 τὴν
3564 1851 3720 1946 σωτή-

481 1966 661 2019 biliter
687 1963 861 2029 adest,
893 1971 947 2018 et
974 1962 1261 2018 manifesto
1284 1964 1350 2017 ad
1385 1965 1675 2019 salutarem
1705 1971 1845 2023 banc
1871 1969 2058 2022 volun-

2171 1987 2289 2038 ριον
2318 1969 2522 2040 ταύτην
2569 1970 2832 2040 βούλησιν
2889 1970 3026 2022 πᾶσι
3074 1970 3187 2030 τοῖς
3219 1967 3385 2021 αὐτὸν
3435 1964 3716 2033 ἐκζητοῦσιν

481 2066 646 2110 tatem
679 2056 834 2126 juvat
873 2070 1072 2111 omnes
1098 2055 1188 2124 qui
1242 2057 1342 2110 boc
1400 2055 1469 2110 ab
1499 2071 1563 2110 eo
1621 2057 1888 2126 ﬂagitant,
1927 2062 2058 2129 'qn’is

2167 2064 2273 2127 τίς,
2338 2065 2387 2116 εἰ
2422 2064 2498 2134 μὴ
2526 2064 2733 2133 σφόδρα
2767 2064 3013 2132 μαίνοιτο
3041 2061 3248 2124 δίκαιος
3280 2061 3346 2115 ἂν
3379 2059 3461 2127 εἴη
3499 2057 3621 2111 ποτέ
3642 2057 3719 2110 καὶ

477 2150 725 2212 obsecro,
758 2147 864 2202 nisi
891 2153 1240 2203 vehementer
1295 2148 1552 2213 insaniat,
1584 2158 1729 2204 recte
1771 2151 1850 2204 vel
1887 2152 1954 2207 de
1978 2154 2064 2222 ja-

479 2243 723 2298 eeutibus
754 2241 809 2295 in
831 2241 947 2310 ipso
994 2240 1258 2294 malorum
1316 2241 1530 2309 gurgite
1559 2239 1932 2310 deSpcraverit
1962 2261 2062 2297 un-

477 2351 666 2407 quam,
687 2335 731 2390 si
750 2334 850 2389 soli
869 2333 1250 2388 misericordia)
1273 2335 1634 2403 potestatique
1664 2335 1892 2391 lidentes
1917 2337 2064 2392 illius

476 2427 567 2495 qui
601 2426 770 2496 gratis
794 2433 993 2490 servat,
1041 2423 1404 2490 resipiscam?
1447 2421 1810 2488 Quamobrem
1856 2427 1920 2480 de
1943 2425 2064 2479 nul-

472 2521 544 2577 lis
580 2520 801 2574 omnino
841 2516 1261 2588 desperandum.
1297 2516 1396 2569 nisi
1444 2515 1532 2583 qui
1592 2531 1783 2585 magna
1829 2517 2061 2584 quadam

476 2613 690 2669 insania
724 2610 792 2666 de
812 2609 1010 2678 seipsis
1049 2609 1426 2677 desperarunt.
1469 2605 1603 2661 Nam
1637 2618 1858 2677 propter
1911 2623 2063 2664 acer-

475 2720 601 2758 vum
656 2699 1035 2768 multiplicium
1067 2708 1414 2767 peccatorum
1467 2698 1776 2768 desperare,
1835 2699 2059 2754 stultum

475 2793 700 2847 omnino
738 2790 923 2858 fuerit,
966 2790 1134 2844 donec
1179 2789 1341 2842 vitam
1385 2788 1525 2843 hanc
1573 2801 1898 2860 praesentem
1951 2807 2056 2844 non

478 2881 912 2950 deposuerimus.
950 2878 1080 2933 Nam
1115 2879 1250 2932 velle
1287 2879 1452 2934 Deum
1507 2879 1885 2934 misericordia
1945 2897 2060 2932 mn-

477 2983 590 3028 tum
620 2970 695 3026 uti
724 2977 992 3040 potestate
1021 2982 1116 3022 sua
1143 2982 1240 3037 pro
1257 2955 1336 3022 'iis
1375 2966 1466 3036 qui
1500 2981 1624 3022 eum
1657 2965 1938 3031 invocant,
1965 2981 2056 3020 sa-

475 3065 564 3129 tis,
589 3061 805 3130 opinor,
837 3066 1262 3114 consentaneum
1297 3065 1416 3111 cst:
1455 3058 1594 3111 idem
1649 3058 1694 3112 si
1725 3058 1854 3128 quid
1881 3058 2058 3112 facere

2168 2157 2295 2216 τοὺς
2330 2157 2387 2208 ἐν
2432 2156 2581 2224 αὐτῷ
2620 2154 2697 2225 τῷ
2731 2153 2880 2225 βυθῷ
2911 2153 3021 2207 τῶν
3053 2153 3243 2206 κακῶν
3294 2151 3572 2222 κειμένους
3600 2149 3719 2200 ἀπο-

2166 2247 2482 2313 γινώσκειν,
2519 2246 2656 2316 ὲλέῳ
2692 2245 2842 2315 μόνῳ
2880 2243 3242 2316 θαρροῦντας,
3287 2244 3382 2296 καὶ
3413 2244 3477 2314 τῇ
3511 2239 3718 2308 δυνάμει

2165 2340 2262 2394 τοῦ
2290 2343 2494 2410 προῖκα
2525 2340 2794 2404 σώζοντος
2813 2339 3299 2410 μεταμελομένους
3323 2357 3337 2403 ;
3362 2336 3510 2389 'ticrt'
3527 2335 3720 2395 οὐδένας

2167 2449 2230 2500 γε
2257 2432 2367 2487 τῶν
2391 2433 2614 2488 πάντων
2637 2432 3026 2500 ἀπογνωστέον
3053 2431 3185 2502 ἡμῖν
3210 2430 3278 2482 ἂν
3306 2431 3413 2498 εἰη,
3440 2430 3486 2480 εἰ
3515 2425 3585 2497 μὴ
3610 2423 3719 2486 τοὺς

2166 2525 2308 2595 σφᾶς
2341 2541 2404 2592 γε
2435 2525 2636 2587 αὐτοὺς
2666 2519 3063 2590 ἀπεγνωκότας
3093 2520 3262 2590 πολλῇ
3302 2520 3488 2590 μανίᾳ.
3513 2519 3604 2570 Διᾶ
3629 2515 3720 2583 γὰρ

2167 2615 2343 2685 σωρὸν
2369 2617 2792 2685 ἁμαρτημάτων
2824 2612 3190 2668 παντοδαπῶν
3224 2611 3420 2681 εὔηθες
3462 2597 3722 2664 παντάπα-

2165 2723 2250 2760 σιν
2285 2706 2629 2775 ἀπογνῶναι,
2656 2706 2761 2768 ἕως
2786 2705 2853 2760 ἂν
2993 2707 3094 2776 τὴν
3123 2705 3415 2775 παροῦσαν
3441 2703 3579 2772 ζωὴν
3606 2704 3723 2754 ἁπο-

2163 2796 2408 2866 θὼμεθα,
2463 2796 2700 2865 Θελῆσαι
2757 2798 2858 2867 μὲν
2913 2799 3022 2867 γὰρ
3071 2796 3164 2848 τὸν
3218 2798 3358 2850 Θεὸν
3409 2797 3512 2850 ὑπὸ
3561 2793 3722 2852 ἐλέους

2162 2887 2489 2957 κινούμενον
2533 2894 2598 2960 τῇ
2634 2891 2864 2960 δυνάμει
2915 2890 3223 2961 χρήσασθαι
3256 2890 3399 2957 ὑπὲρ
3443 2888 3549 2939 τῶν
3579 2883 3724 2937 αὐτὴν

2161 2981 2611 3052 ἐπικαλουμένων
2637 2984 2896 3046 ἐπιεικῶς
2919 2984 3068 3045 εἰκός
3091 2985 3262 3047 ἐστιν,
3284 2980 3461 3052 οἶμαιο
3486 2978 3723 3044 ἀτονῆσαι

2159 3070 2215 3122 δέ
2261 3087 2394 3124 ποτε
2457 3071 2765 3139 θελήσαντά
2819 3089 2873 3124 τι
2927 3073 3339 3142 διαπράξασθαι
3402 3070 3722 3125 παντάπασιν

476 3153 798 3217 voluerit,in
823 3165 889 3206 eo
923 3148 1259 3218 perﬁciunde
1281 3148 1488 3203 viribus
1535 3157 1592 3202 ut
1620 3147 1968 3212 destituatur,
1996 3149 2053 3201 ti-

2162 3162 2447 3217 ἀδύνατον.
2495 3164 2662 3216 Οὐδὲν
2706 3167 2818 3236 ἀρα
2871 3164 3120 3216 λείπεται
3162 3165 3281 3226 τοῖς
3335 3167 3394 3217 ἐν
3445 3161 3722 3232 ἁμαρτίαις

473 3245 554 3301 eri
588 3241 916 3297 nullo-modo
942 3247 1139 3309 potest.
1164 3237 1308 3294 Nihil
1330 3238 1496 3304 igitur
1531 3238 1597 3292 iis
1649 3239 1740 3303 qui
1772 3237 1979 3294 haerent
2005 3245 2056 3295 in

474 3335 742 3410 peccatis,
768 3333 832 3387 ad
869 3334 971 3387 hoc
1001 3331 1175 3393 deest,
1206 3339 1263 3383 ut
1291 3329 1425 3384 salvi
1462 3328 1612 3394 tiant,
1645 3343 1807 3398 quam
1842 3340 1900 3384 ut
1932 3347 2057 3401 ger-

478 3443 696 3484 manam
715 3439 874 3496 agere
892 3422 1263 3494 pmnitentiam
1288 3421 1459 3475 velint
1484 3435 1499 3474 :
1526 3422 1729 3490 quippe
1747 3421 1838 3490 qui
1860 3421 2052 3477 Jonam

474 3535 504 3573 c
536 3523 726 3572 ventre
770 3514 960 3569 bellum
985 3521 1150 3580 atque
1180 3509 1293 3563 imo
1319 3507 1485 3562 maris
1513 3507 1732 3573 eripuit,
1784 3508 1924 3562 idem
1958 3507 2056 3562 bos

473 3624 691 3682 quoque
721 3608 790 3664 de
832 3613 1025 3662 ventre
1055 3602 1227 3657 hostis
1281 3611 1336 3655 et
1376 3601 1483 3653 imo
1537 3599 1848 3656 vitiositatis
1885 3600 2053 3655 fundo

471 3703 759 3757 extrahere
798 3703 994 3766 potest.
1051 3690 1215 3760 Atqui
1271 3689 1420 3746 Joute
1466 3691 1808 3746 conservatio
1872 3692 2056 3759 prodi.

476 3795 624 3864 gium
655 3791 930 3862 quoddam
962 3791 1104 3850 erat,
1142 3798 1315 3854 neque
1340 3784 1653 3839 necessario
1675 3785 2052 3855 requirebatur

474 3897 533 3942 ut
575 3885 720 3939 Deus
775 3882 826 3935 id
869 3881 1110 3945 faceret;
1142 3891 1249 3932 non
1305 3878 1451 3931 enim
1499 3886 1650 3934 certe
1691 3877 2054 3945 ﬂagitabimus

473 3980 542 4034 ab
575 3992 664 4043 eo,
697 3985 1031 4045 quaecunque
1074 3977 1280 4041 potest,
1310 3969 1498 4024 eadem
1534 3979 1591 4024 ut
1643 3971 1826 4025 omnia
1869 3972 2052 4038 faciat,

471 4085 660 4124 verum
691 4067 766 4120 uti
792 4061 1082 4134 prostratis
1112 4076 1143 4116 a
1193 4072 1435 4130 peccato,
1467 4062 1558 4131 qui
1607 4062 1803 4116 deinde
1854 4063 2053 4131 corrigi

468 4160 658 4222 velint,
693 4172 908 4210 manmn
945 4157 1061 4224 ipse
1101 4153 1364 4222 porrigat,
1402 4153 1541 4208 haud
1595 4154 1756 4208 dubie
1804 4167 2065 4208 necessa-

468 4250 614 4302 rium
639 4256 742 4301 cst.
769 4243 1177 4312 Quamobrem?
1198 4243 1461 4308 Quoniam
1491 4242 1757 4311 istucipse
1781 4244 2050 4298 facturum

469 4355 528 4395 se
572 4336 843 4404 promisit,
887 4335 1014 4387 dum
1051 4334 1116 4387 ad
1150 4334 1466 4401 petendum,
1503 4341 1556 4386 et
1587 4335 1963 4400 quaerendum,
2001 4343 2056 4387 et

2163 3255 2299 3325 πρὸς
2321 3254 2381 3308 τὸ
2409 3254 2673 3325 σωθῆναι,
2703 3255 2736 3324 ἢ
2769 3255 2826 3307 τὸ
2853 3254 3082 3324 θελῆσαι
3108 3255 3355 3323 γνησίως
3385 3253 3719 3324 μετανοῆσαι.

2175 3347 2235 3401 't)
2263 3348 2445 3400 τοίνυν
2470 3348 2566 3399 καὶ
2591 3347 2685 3400 τὸν
2718 3348 2907 3400 Ἰωνᾶν
2938 3347 3105 3418 θηρὸς
3130 3350 3374 3420 γαστρὸς
3399 3346 3721 3417 ἀναρπάσας.

2157 3441 2254 3492 καὶ
2286 3439 2582 3493 θαλαττίου
2631 3439 2824 3509 βυθοῦ,
2856 3439 3083 3493 δύναται
3125 3441 3218 3492 καὶ
3255 3441 3543 3493 τουτουσὶν
3585 3435 3723 3490 ἀνελ-

2158 3527 2325 3580 κύσαι
2350 3527 2450 3597 τῆς
2474 3543 2533 3580 τε
2557 3529 2798 3596 γαστρδς
2821 3527 2916 3580 τοῦ
2946 3526 3164 3597 ἐχθροῦ,
3186 3528 3283 3579 καὶ
3303 3529 3400 3581 τοῦ
3422 3528 3519 3594 τῆς
3543 3524 3722 3583 κακίας

2159 3617 2346 3687 βυθοῦ.
2377 3618 2575 3671 Καίτοι
2610 3617 2688 3671 ’τὸ
2727 3617 2824 3670 τοῦ
2865 3618 3022 3670 Ἰωνᾶ
3067 3617 3255 3686 θαῦμα
3295 3615 3387 3691 ἦν,
3419 3619 3511 3672 καὶ
3546 3618 3638 3670 οὐκ
3662 3603 3721 3679 ξίν

2157 3711 2372 3780 ἀνάγκη
2400 3709 2562 3764 τοῦτο
2596 3710 2844 3780 ποιῆσαι.
2877 3710 2952 3762 Οὐ
2992 3710 3103 3780 γὰρ
3139 3711 3529 3781 ἀπαιτήσομεν
3555 3708 3718 3767 αὐτὸν,

2155 3802 2256 3856 ὅσα
2290 3802 2356 3872 δὴ
2399 3803 2495 3856 καὶ
2530 3801 2778 3866 δύναται,
2827 3801 3002 3855 ταῦτα
3049 3804 3226 3856 ποιεῖν
3272 3804 3514 3860 ἅπαντα.
3565 3801 3632 3856 Τὸ
3671 3800 3719 3852 δὲ

2153 3896 2268 3956 τοῖς
2297 3894 2724 3964 καταόληθεῖσιν
2751 3893 2856 3946 ὑπὸ
2884 3893 2986 3962 τῆς
3018 3895 3326 3966 ἁμαρτίας,
3363 3897 3553 3950 ἔπειτα
3583 3892 3722 3962 θελή-

2157 4001 2317 4040 σασιν
2346 3985 2822 4056 ἐπανορθωθῆναι,
2849 3988 3010 4057 χεῖρα
3042 3987 3259 4057 ὀρέγειν
3291 3989 3473 4060 σαφὴς
3501 3988 3717 4053 ἀνάγκη.

2159 4075 2316 4141 Πῶς;
2346 4075 2475 4130 Ὀτι
2517 4075 2665 4129 τοῦτ’
2693 4076 2856 4140 αὐτὸς
2901 4078 3300 4147 ἐπηγγείλατο,
3349 4084 3408 4134 ὲν
3442 4078 3524 4144 οἷς
3567 4076 3721 4132 αἰτεῖν

2155 4179 2215 4218 τε
2243 4166 2337 4220 καὶ
2389 4166 2596 4237 ζητεῖν,
2623 4167 2718 4220 καὶ
2749 4167 2974 4238 κρούειν
2999 4169 3173 4223 ἀπασι
3204 4175 3490 4241 παραινεῖ.
3521 4171 3592 4225 Οὐ
3623 4167 3720 4236 γὰρ

2153 4261 2219 4330 δὴ
2262 4250 2397 4333 πρδς
2420 4263 2595 4318 ταῦτα
2631 4263 2729 4333 μὲν
2760 4263 3175 4334 παρακέκληκε,
3209 4265 3272 4318 τὸ
3293 4266 3352 4319 δὲ
3389 4269 3498 4320 ἀπὸ
3531 4264 3721 4318 τούτων

2155 4351 2529 4421 ἐκϐησόμενον
2581 4356 2902 4424 σεσίγηκεν,
2938 4356 2994 4408 ἐν
3033 4354 3230 4424 ἁδηλὶᾳ
3264 4358 3395 4419 τοὺς
3439 4354 3722 4425 λογισμοὺς

470 4430 794 4501 pulsandum
831 4428 1076 4480 hortatur
1115 4426 1417 4480 universos.
1447 4422 1562 4478 Non
1580 4423 1802 4480 enimut
1833 4425 1920 4479 illa
1939 4429 2058 4496 qui-

2162 4419 2339 4508 ἀφεῖςο
2372 4419 2511 4494 ἀλλά
2541 4444 2637 4495 καὶ
2667 4419 2826 4498 τοῦτο
2854 4446 2986 4514 ἡμῖν
3022 4419 3215 4513 ἔδειξε,
3240 4419 3610 4518 προσθεὶς-τῆ
3634 4446 3722 4514 μὲν

464 4523 587 4576 dem
639 4519 898 4572 fat-imitus
951 4531 1050 4572 nos
1085 4517 1403 4570 adhortatus
1432 4523 1534 4578 est,
1565 4523 1621 4566 at
1651 4515 1778 4583 quid
1830 4516 1953 4570 inde
1982 4517 2052 4572 sit

2162 4532 2376 4601 αἰτήσει
2414 4532 2514 4602 τὴν
2545 4533 2715 4600 δόσιν,
2744 4539 2811 4606 τῇ
2843 4537 2899 4589 δέ
2946 4535 3174 4607 ζητήσει
3223 4515 3326 4609 την
3361 4515 3604 4608 εὕρεσιν,
3635 4535 3720 4586 καὶ

462 4623 780 4668 eventurum
817 4611 1002 4670 tacuit,
1039 4606 1455 4675 cogitationibus
1481 4607 1680 4660 nostris
1716 4607 1767 4660 in
1801 4609 2053 4678 ambiguo

2162 4617 2216 4670 τὸ
2245 4619 2342 4682 τὰς
2375 4619 2546 4688 θύρας
2573 4622 2963 4692 ἀνοιγήσεσθαι
2995 4606 3212 4692 μέλλειν
3227 4606 3344 4688 τοῖς
3365 4606 3480 4679 τῶν
3505 4627 3718 4679 κοπτόν-

465 4706 689 4766 relictis,
722 4703 813 4758 sed
845 4701 970 4755 illud
996 4700 1170 4768 ipsum
1205 4712 1419 4768 quoque
1451 4697 1606 4752 nobis
1636 4698 1895 4761 ostendit,
1926 4713 2049 4753 cum

2162 4725 2261 4762 των
2293 4711 2591 4780 κρούμασι.
2623 4713 2800 4780 Χάρις
2835 4713 2937 4781 μὲν
2966 4710 3062 4766 οὖν
3111 4713 3173 4766 τὺ
3199 4716 3552 4785 ἐπάγγελμα,
3590 4713 3716 4766 πάν-

463 4797 705 4866 petitioni
736 4795 922 4864 adjicit
958 4791 1410 4860 impetrationem,
1446 4790 1755 4860 quat-sitiunt
1777 4792 2050 4846 inventio-

2162 4819 2260 4855 των
2285 4800 2341 4855 δὲ
2376 4803 2485 4856 τῶν
2517 4805 2578 4856 ἐν
2611 4802 2918 4874 ἀνθρώποις
2949 4806 3284 4875 ὀφλημάτων
3315 4805 3718 4875 ἀσφαλεστέραν

464 4903 607 4952 nem,
641 4887 892 4957 quodque
945 4882 1090 4936 fores
1146 4881 1454 4950 aperienda:
1477 4892 1588 4934 smt
1623 4881 1688 4936 ad
1721 4882 1931 4937 illorum
1951 4884 2042 4952 qui

2162 4891 2247 4960 τὴν
2280 4893 2541 4946 ἀπόδοσιν
2569 4893 2708 4963 ἔχει.
2751 4894 2866 4962 Ἐφ’
2898 4895 3054 4965 ήμῶν
3091 4895 3188 4965 μὲν
3218 4897 3328 4966 γὰρ
3361 4898 3475 4950 τῶν
3520 4911 3716 4964 προση-

459 4980 676 5047 pulsant
705 4979 867 5031 irtus.
891 4978 1078 5044 Itaque
1109 4973 1441 5042 promissum
1479 4973 1581 5027 hoc
1614 4976 1787 5042 gratia
1811 4985 1912 5039 est,
1949 4991 2045 5032 cu-

2162 4983 2408 5052 twptévwv
2440 4985 2657 5048 πολλοῖς
2694 4986 2916 5053 πάθεσι,
2959 4989 3054 5040 καὶ
3109 4990 3581 5057 μεταμελομένων
3627 4985 3717 5054 μὲν

455 5071 546 5141 jus
576 5071 776 5124 certior
798 5067 1094 5135 persolutio
1129 5079 1291 5132 quam
1343 5065 1582 5119 omnium
1618 5067 1758 5121 inter
1799 5069 2042 5123 homines

2162 5075 2248 5126 ιὺκ
2280 5075 2550 5141 όλιγάκις,
2582 5077 2720 5148 πρὸς
2750 5078 2806 5130 δὲ
2832 5079 3050 5131 δικαίαν
3077 5080 3284 5134 ἔκτισιν
3316 5080 3714 5134 ἀδυνατούντων

410 5204 414 5230 ξ
459 5164 790 5218 debitorum.
821 5158 1074 5214 Natnuos
1101 5171 1232 5210 sane
1283 5158 1423 5226 quod
1449 5158 1662 5223 attinet,
1716 5160 1805 5230 qui
1860 5161 2042 5214 multis

2162 5166 2430 5230 πολλάκις,
2457 5169 2606 5231 εἰκός
2633 5171 2744 5223 ἐστι
2774 5173 2869 5223 καὶ
2903 5171 3064 5240 χάριν
3095 5175 3189 5225 καὶ
3219 5172 3446 5242 ὄφλημα
3481 5172 3553 5241 μὴ
3587 5172 3714 5223 duo-

457 5254 599 5310 σαὶκὶ
632 5267 817 5306 sumus
848 5249 1014 5312 vitiis,
1049 5263 1110 5303 ac
1151 5263 1255 5302 non
1319 5264 1441 5302 raro
1488 5251 1703 5319 quidem
1767 5253 2042 5320 resipisci-

2162 5258 2387 5326 ῐοθῆναι.
2436 5260 2592 5312 Ἐπεὶ
2621 5265 2714 5314 καὶ
2744 5262 2905 5315 τοῦτο
2937 5263 3188 5331 γίγνεται
3228 5266 3285 5316 τὸ
3313 5264 3514 5317 δεινόν.
3549 5260 3711 5313 Δυνά-

458 5359 604 5408 mus,
653 5354 841 5396 verum
890 5340 1209 5410 plerumque
1245 5341 1444 5411 justam
1498 5344 1564 5397 ad
1618 5343 2036 5412 persolutiouem

2162 5367 2298 5403 ιενοι
2334 5351 2444 5422 γάρ
2471 5352 2618 5406 ἔστιν
2651 5354 2738 5407 ὅτε
2768 5355 2826 5407 τὸ
2857 5357 3067 5426 πρέπον
3107 5357 3467 5426 ἐργάσασθαι,
3506 5356 3566 5408 οὐ
3598 5353 3712 5422 βου·

459 5435 622 5488 nimis
658 5433 954 5490 imbecilles
989 5447 1198 5496 sumus,
1245 5442 1670 5489 consentaneum
1731 5443 1834 5501 est,
1861 5449 2036 5502 neque

2162 5441 2370 5509 .όμεθα.
2410 5443 2530 5495 Ἐπὶ
2578 5442 2635 5494 δὲ
2676 5443 2812 5497 Θεοῦ
2849 5446 2915 5497 τὰ
2943 5444 3170 5501 τοιαῦτα
3214 5447 3402 5517 χώραν
3431 5445 3533 5498 οὐκ
3574 5441 3701 5510 ἔχει.

453 5526 712 5594 gratiam,
770 5539 944 5594 neque
993 5523 1234 5578 debitum
1287 5524 1514 5591 exsolvi,
1546 5526 1766 5598 quando
1833 5526 2031 5580 malum

2166 5534 2315 5586 Οπου
2359 5535 2466 5605 γὰρ
2497 5535 2631 5599 Θεὸς
2667 5538 2696 5589 ό
2731 5538 3230 5606 ἐπαγγελλόμενος,
3270 5538 3373 5590 οὐκ
3426 5533 3538 5588 ἐσθ’
3563 5533 3702 5588 ὅπως

455 5624 561 5672 hoc
620 5618 784 5672 etiam
847 5618 1076 5673 accedit.
1160 5617 1369 5688 Quippe
1444 5636 1568 5674 cum
1644 5635 2030 5689 nonnunquam

2162 5626 2236 5678 ex
2271 5627 2566 5690 ἐκτελέσει,
2590 5629 2686 5681 καὶ
2714 5629 2792 5697 δῷ
2817 5632 2939 5700 ταῖς
2965 5630 3294 5700 ὑποσχέσεσι
3321 5627 3481 5688 τέλος
3512 5625 3695 5690 ἴσχειν⁶

457 5709 509 5762 id
589 5718 851 5777 praestare
929 5725 1212 5781 possemus
1263 5711 1407 5779 quod
1483 5711 1730 5779 decebat,
1815 5724 2036 5782 praesta-

2162 5716 2268 5770 ὑπ’
2325 5719 2502 5778 οὐδεὶς
2545 5720 2604 5771 ἐν
2636 5720 2970 5787 ἀπογνώσει,
3012 5725 3058 5775 εἰ
3107 5721 3182 5792 μὴ
3231 5722 3258 5774 ό
3302 5714 3703 5784 ἀπογινώσκειν

455 5811 519 5853 re
546 5813 650 5854 non
679 5801 946 5858 volumus.
999 5803 1066 5856 At
1096 5802 1198 5858 ista
1232 5803 1410 5860 locum
1443 5803 1496 5859 in
1520 5803 1628 5862 Deo
1661 5819 1767 5860 non
1792 5806 2027 5861 habent:

2162 5809 2376 5881 νομίζων
2426 5809 2574 5876 ἄξιος
2621 5807 2786 5866 εῖναι.
2820 5811 3020 5884 Μηδεὶς
3069 5811 3161 5868 οὖν
3205 5816 3379 5869 ταῦτα
3424 5804 3702 5877 γινώσκων
