3958 6422
293 373 404 438 43.3

1701 343 1984 407 ORATIO
2009 344 2113 406 Vl.

3437 325 3542 388 ιρι
3581 402 3595 416 ⁸

294 433 389 537 καὶ
437 473 756 546 σωφρονῶν,
803 471 926 541 ἐμοὶ
975 457 1317 534 πειθόμενος,
1368 459 1610 530 άπογνῷ·
1667 459 1782 512 ἀλλ’
1820 457 1886 526 ἢ.

1998 464 2081 502 am
2108 448 2194 502 ubi
2232 435 2369 500 Deus
2393 453 2475 499 est
2503 437 2916 512 quipromittit,
2946 437 3059 492 fieri
3083 452 3188 490 non
3207 443 3378 504 potest
3412 433 3540 499 quin

293 572 558 643 τρυφάτω
593 569 714 630 ταῖς
743 563 980 632 ἀγαθαῖς
1023 560 1205 613 ἐλπίσι
1239 556 1368 622 ζῶν,
1397 557 1456 607 έν
1501 550 1731 643 ἀγαθαῖς
1774 551 1863 602 ἀεὶ

293 641 584 730 πράξεσιν,
618 656 650 726 ἦ
689 655 822 725 περὶ
857 651 957 722 τὴν
991 649 1294 717 ἑνδεκάτην
1325 644 1498 700 ὲλθὼν
1531 645 1610 704 είς
1639 641 1731 695 τὸν
1763 655 1864 692 κα-

291 753 390 807 λὸν
441 747 763 819 ἀμπελῶνα,
818 741 1131 815 ὲκδεχέσθω
1195 741 1397 812 προῖκα
1462 735 1674 797 λαϐεῖν,
1739 732 1864 784 ὅσον

291 841 517 904 δικαίως
547 840 757 892 δέδοται
783 838 894 898 τοῖς
944 833 1248 904 βαστάσασι
1278 829 1340 882 τδ
1373 826 1540 898 βάρος
1583 825 1686 894 τῆς
1731 821 1867 892 ἠμέ-

296 951 424 1007 ρας,
444 933 539 986 καὶ
559 929 942 1004 τὸντκαύσονα.
962 915 1104 994 Ἐγὼ
1141 924 1265 986 τοὺς
1291 922 1503 982 πάντας
1526 913 1868 1007 ὑπερελάσας

297 1001 393 1079 ἐπὶ
464 1001 678 1087 κακοῖς,
727 1020 829 1073 οὐκ
887 1015 1126 1087 ὲμαυτδν
1180 1010 1592 1081 ἀπογνώσομαι·
1639 1003 1738 1058 καὶ
1779 1001 1872 1055 διὰ

295 1117 476 1181 τοῦτο,
505 1115 612 1168 οὐδ’
641 1111 885 1165 ὁντινοῦν
909 1108 1020 1160 τῶν
1046 1106 1324 1160 ἁπάντων·
1350 1095 1425 1166 ὡς
1455 1098 1652 1181 ὄφελόν
1682 1114 1746 1165 γε
1773 1095 1870 1148 καὶ

301 1211 363 1263 σὲ
392 1209 483 1262 τὸν
515 1206 835 1264 ἄπταιστον,
865 1203 954 1254 ἶνα
980 1201 1055 1270 μὴ
1086 1198 1288 1270 κρίνων
1311 1195 1438 1256 τοὺς
1466 1192 1682 1254 ἄλλους,
1712 1189 1872 1251 αὐτὸς

270 1301 520 1372 -κριθῇς,
583 1298 680 1350 καὶ
737 1292 1119 1356 καταδικάζων
1179 1287 1559 1359 ἀπαραίτητα,
1617 1281 1748 1337 αὑτό
1806 1296 1870 1348 γε

181 1428 249 1477 θλ
277 1393 461 1448 ’τοῦτο
488 1391 666 1461 πάθῃς
700 1388 805 1442 ὑπὸ
836 1385 994 1451 Θεοῦ,
1032 1385 1176 1438 κατά
1212 1383 1304 1435 τδν
1337 1380 1551 1434 ἐκείνου
1585 1375 1866 1469 χρησμόν.

220 1466 249 1523 λ’
303 1487 367 1540 Εἰ
403 1487 513 1554 γὰρ
540 1482 732 1536 ἑαυτὸν
777 1480 837 1533 οὐ
867 1480 1078 1532 δίκαιον
1113 1475 1452 1543 ἀπογνῶναι,
1484 1465 1750 1540 οὖμενουν
1781 1465 1872 1521 ού-

300 1579 429 1632 δένα
461 1576 567 1628 τῶν
616 1575 860 1638 πάντων,
908 1570 1019 1624 οὐδ’
1063 1569 1130 1624 ἂν
1181 1566 1287 1622 ὑπὸ
1341 1565 1563 1620 πάντων
1602 1562 1876 1629 ἀπογινώ-

304 1676 524 1736 σκηται·
563 1665 679 1727 πῶς
711 1664 778 1718 ἄν
809 1679 894 1723 τις
926 1660 1152 1720 δικαίως
1183 1659 1310 1719 τοὺς
1358 1655 1574 1719 ἀλλους,
1622 1655 1762 1724 μήτε
1811 1651 1878 1702 τὰ

302 1759 528 1812 ἐκείνων
585 1755 1036 1825 πλημμελήματα
1119 1748 1369 1820 ἀκριϐῶς
1432 1747 1611 1810 εἰδὼς,
1677 1745 1754 1809 ὡς
1806 1739 1877 1798 τά

302 1853 480 1906 οἰκεῖα
511 1847 677 1907 κακά.
708 1848 846 1917 μήτε
871 1845 970 1912 τὴν
1003 1843 1123 1898 τότε
1154 1842 1399 1896 διάθεσιν
1431 1839 1532 1916 τῆς
1565 1840 1623 1890 ἐν
1651 1838 1869 1906 ἑκάστῳ

301 1945 504 2014 ψυχῆς,
539 1941 572 2010 ἦ
613 1939 824 1999 τάνδον,
863 1937 896 2007 ἦ
941 1937 1007 1989 τὰ
1045 1935 1281 2008 θύραθεν
1311 1926 1496 1995 αὐτοῖς
1533 1925 1870 2000 ἑπισυμϐαι‹

304 2052 464 2089 νοντα
515 2033 848 2102 πράγματας
895 2026 1007 2083 Καὶ
1051 2027 1139 2080 διὰ
1188 2023 1362 2078 ταῦτα
1410 2023 1460 2076 οί
1508 2022 1614 2076 τῶν
1659 2015 1870 2091 ἀνδρῶν

304 2126 518 2195 ἄριστοι
548 2120 660 2175 οὔτ’
697 2118 1137 2188 ἄποτινὼσκουσι
1184 2117 1312 2177 τοὺς
1359 2116 1460 2169 οὐκ
1508 2104 1872 2182 ἀπογνόντας,

304 2217 417 2272 οὒτ’
453 2215 690 2286 εὐχερῶς
733 2211 1148 2280 κατακρίνουσι.
1203 2206 1375 2260 Τοῦτο
1415 2207 1521 2276 γὰρ
1551 2205 1876 2275 κεκρίκασιν

306 2307 531 2374 εὔλογον
560 2303 721 2367 εἶναι,
754 2305 892 2372 σφᾶς
924 2303 1023 2372 μὲν
1043 2291 1625 2367 αὐτοὺςκατακρίνὲιν,
1654 2297 1878 2350 έπειδάν

307 2407 413 2456 που
441 2400 534 2454 τοῦ
568 2397 936 2468 προσήκοντος
963 2390 1359 2462 παρεξέλθωσι,
1403 2388 1622 2461 μακρὰν
1653 2387 1876 2441 ἐλαυνο-

312 2492 481 2561 μένης
514 2489 684 2543 ἅπασι
713 2486 934 2555 τρόποις
963 2483 1064 2545 τῆς
1096 2481 1220 2535 καθ’
1251 2481 1410 2552 ήμῶν
1438 2479 1722 2550 λυττὼσης
1747 2476 1880 2532 ἀπο-

308 2559 592 2652 γνώσεως·
622 2577 748 2641 τοὺς
781 2559 837 2629 δὲ
868 2575 1090 2648 ἑτέρους
1122 2574 1332 2646 κρίνειν
1364 2574 1460 2644 ὲᾷν
1494 2571 1585 2626 τδν
1603 2574 1880 2642 Δημιουρ-

310 2671 433 2739 γδν,
463 2664 508 2738 ᾧ
562 2669 732 2739 μηδὲν
765 2667 868 2737 τῆς
892 2666 1127 2747 κτίσεως
1174 2661 1400 2719 ἄϐατον.
1451 2662 1727 2732 Κριτικός
1773 2663 1882 2734 γάρ

311 2763 704 2832 ἐνθυμήσεων
755 2759 856 2814 καί
909 2755 1165 2814 ἐννοιῶν
1215 2757 1486 2826 καρδίας,
1535 2758 1562 2809 ό
1610 2755 1885 2828 μακάριος

313 2856 417 2925 ἔφη
465 2852 696 2914 Παῦλος.
726 2851 820 2920 Μὴ
858 2851 1111 2919 κρίνετε,
1145 2850 1310 2919 φησιν
1355 2850 1384 2902 ό
1427 2849 1643 2918 Σωτὴρ,
1675 2847 1775 2902 καί
1809 2849 1882 2902 οὐ

309 2947 398 3016 μὴ
433 2945 691 3014 κριθῆτε.
719 2943 815 3010 Μὴ
849 2939 1283 3008 καταδικάζετε,
1314 2941 1416 2994 καί
1464 2943 1536 2995 οὐ
1561 2940 1647 3010 μὴ
1693 2940 1886 2994 κάτα-

312 3035 666 3105 δικασθῆτε.
715 3034 934 3088 Τούτων
979 3034 1162 3087 τοίνυν
1207 3034 1318 3086 τῶν
1349 3033 1544 3100 φωνῶν
1588 3032 1888 3096 διαπαντὸς

1974 541 2113 594 idem
2149 539 2391 608 perﬁciat
2409 546 2463 591 et
2485 536 2548 589 ad
2571 530 2731 590 finem
2753 531 3016 601 promissa
3043 529 3331 596 perducat.
3353 525 3542 595 Itaque

1973 636 2038 688 de
2063 634 2278 686 nemine
2307 624 2729 701 desperandum,
2761 626 2866 681 nisi
2894 640 2952 680 se
2978 625 3197 694 dignum
3252 624 3546 675 arbitretur

1972 727 2038 779 de
2067 738 2175 793 quo
2209 721 2532 791 desperatur
2566 715 2777 788 ;ea'que
2818 712 3055 769 decausa
3081 728 3261 777 nemo,
3281 709 3372 782 qui
3395 710 3547 763 novit

1971 809 2153 871 baecet
2173 815 2334 884 sapit,
2355 809 2482 867 mihi
2505 812 2548 866 si
2567 808 2755 881 parere
2779 807 2926 874 velit,
2946 808 3216 873 desperet,
3234 807 3327 859 sed
3349 804 3430 856 vel
3450 802 3548 856 bo-

1975 922 2039 961 na
2063 921 2158 976 spe
2176 904 2353 960 fretus
2380 902 2596 972 gestiat,
2616 898 2776 956 bonis
2801 899 2855 953 in
2876 895 3312 966 operibusvitam
3335 908 3549 963 semper

1973 999 2220 1068 exigens,
2240 996 2325 1051 vel
2347 994 2690 1066 injegregiam
2707 992 2854 1046 illam
2878 992 3092 1044 vineam
3116 986 3338 1042 veniens
3357 988 3422 1039 ad
3446 1003 3550 1038 un-

1977 1091 2238 1147 decimam
2269 1091 2479 1152 horam,
2510 1075 2678 1157 gratis
2729 1089 3006 1154 exspectet
3021 1082 3269 1149 accipere
3292 1091 3551 1147 quantum

1971 1185 2094 1254 jure
2115 1184 2296 1237 datum
2317 1184 2400 1235 est
2423 1181 2493 1235 iis
2533 1179 2625 1248 qui
2649 1183 2703 1232 et
2718 1193 2856 1232 onus
2880 1186 2934 1231 et
2957 1185 3148 1230 aestum
3167 1173 3269 1227 diei
3295 1170 3556 1225 tulerunt.
3585 1243 3588 1249 ι

1977 1276 2091 1344 Ego
2137 1276 2228 1344 qui
2266 1272 2412 1328 vitiis
2463 1284 2652 1326 omnes
2689 1279 3036 1338 antegressus
3067 1282 3214 1328 sum,
3249 1263 3315 1319 de
3341 1265 3556 1333 meipse

1979 1376 2089 1419 non
2110 1365 2416 1433 desperabo
2449 1377 2465 1428 ;
2498 1371 2551 1416 et
2579 1363 2828 1417 eamdem
2847 1359 2916 1414 ob
2940 1373 3182 1424 causam,
3208 1373 3307 1412 nec
3325 1360 3388 1412 de
3417 1373 3554 1425 quo-

1979 1452 2141 1526 quam
2175 1456 2442 1510 omnium.
2475 1453 2629 1521 Quod
2657 1455 2860 1507 utinam
2887 1461 2942 1506 tu
2985 1449 3224 1520 quoque,
3250 1451 3342 1520 qui
3374 1451 3559 1519 lapsus

1979 1566 2042 1606 es
2069 1565 2288 1618 expers,
2321 1547 2512 1612 faeias,
2543 1562 2610 1600 ne
2635 1537 2888 1614 judicans
2911 1545 3067 1609 alios,
3111 1543 3226 1612 ipse
3261 1534 3554 1612 iudiceris,

1980 1640 2481 1695 etinexorabiliter
2521 1640 2808 1700 damnans,
2874 1636 3017 1705 quod
3075 1645 3158 1690 est
3209 1634 3262 1690 in
3312 1637 3552 1700 oraculo,

1988 1734 2172 1788 itidem
2202 1749 2231 1788 a
2254 1718 2364 1786 ὕεο
2390 1723 2686 1788 damneris.
2719 1729 2854 1785 Nam
2875 1734 2917 1786 sl
2943 1729 3010 1785 de
3028 1730 3211 1799 Seipso
3233 1725 3560 1801 quemquam

1906 1795 1955 1858 Β
1989 1826 2278 1896 desperare
2309 1823 2450 1880 haud
2478 1834 2694 1895 paresl,
2725 1827 2824 1880 nec
2858 1820 3022 1879 etiarn
3044 1820 3112 1879 de
3142 1823 3414 1894 quoquam
3447 1839 3566 1880 om-

1986 1920 2137 1985 nino,
2172 1934 2275 1972 non
2301 1919 2345 1972 si
2367 1911 2602 1972 maxime
2621 1911 2689 1972 de
2724 1931 2788 1972 eo
2816 1907 3106 1986 desperent
3137 1918 3400 1982 universi,
3423 1933 3562 1987 quo-

1987 2025 2110 2064 nam
2133 2017 2292 2079 pacto
2309 2011 2372 2062 de
2386 2007 2504 2062 aliis
2516 2008 2639 2074 jure
2657 1999 2779 2076 quis
2807 2008 3196 2078 desperaverit,
3211 2005 3440 2078 quorum
3465 2003 3565 2064 nec

1985 2108 2236 2155 accurate
2255 2098 2448 2154 delicta
2467 2100 2544 2153 sic
2567 2099 2742 2164 novit,
2768 2111 2827 2155 ut
2857 2099 2998 2154 mala
3031 2097 3274 2170 propria,
3310 2115 3409 2156 nec
3444 2099 3563 2170 eju‘s

1987 2193 2250 2262 temporis
2285 2191 2451 2248 animi
2491 2189 2830 2247 affectionem
2859 2191 2912 2247 in
2937 2193 3203 2262 quolibet,
3233 2203 3326 2249 aut
3356 2185 3446 2252 res
3475 2191 3562 2252 vel

1989 2285 2141 2340 intus
2159 2286 2241 2340 vel
2268 2277 2610 2340 extrinsecus
2643 2285 2723 2340 eis
2747 2274 3054 2341 accidentes
3102 2287 3126 2340 ?
3182 2279 3414 2357 ideoque
3461 2277 3566 2344 viri

1991 2375 2427 2444 praestantissimi
2452 2389 2552 2430 nec
2583 2369 2874 2446 desperant
2908 2376 2974 2432 de
3002 2375 3072 2432 iis
3103 2378 3193 2447 qui
3227 2393 3329 2433 non
3373 2371 3565 2448 despc-

1965 2471 2202 2530 ‘rarunt,
2233 2480 2332 2521 nec
2361 2461 2519 2522 facile
2576 2462 2947 2523 condemnant
2987 2483 3006 2523 :
3040 2473 3164 2523 nam
3201 2461 3304 2524 lto'c
3364 2463 3566 2526 rationi

1991 2566 2421 2614 consentaneum
2459 2571 2581 2614 esse
2629 2545 2904 2628 iudicant,
2962 2560 3175 2631 seipsos
3213 2557 3432 2631 quidem
3490 2566 3570 2620 uti

1992 2650 2275 2716 damnent,
2335 2647 2508 2706 sicubi
2563 2642 2760 2719 praeter
2812 2644 3047 2708 oiliciu'm
3108 2644 3360 2721 fecerint,
3413 2655 3572 2728 longe

1994 2747 2211 2802 interim
2241 2754 2445 2802 remota
2473 2746 2650 2802 modis
2683 2743 2936 2804 omnibus
2969 2744 3184 2805 furente
3235 2749 3425 2808 contra
3469 2748 3571 2809 nos

1998 2838 2404 2911 deSperatione,
2448 2846 2505 2894 at
2536 2829 2664 2893 vero
2721 2837 2984 2905 judicium
3013 2841 3080 2897 de
3109 2821 3230 2898 aliis
3282 2833 3338 2898 ut
3389 2837 3570 2917 opifici

1997 2946 2179 2988 rerum
2227 2929 2564 3002 permittant,
2616 2931 2706 2986 cui
2741 2932 2875 2986 nihil
2913 2932 2965 2986 in
3025 2935 3186 2991 rebus
3241 2930 3441 2994 creatis
3489 2949 3574 2992 est

1997 3023 2362 3093 incognitum,
2399 3017 2596 3092 quippe
2626 3023 2939 3078 facultatem
2995 3017 3275 3094 jltdicandi
3307 3027 3375 3083 de
3425 3030 3574 3098 cogi-

319 3127 680 3200 μεμνημένοι,
699 3125 806 3179 οὐδ’
823 3125 1064 3179 ὁντινοῦν
1082 3123 1533 3191 κατακρίνουσιν,
1553 3123 1674 3176 οὐδὲ
1701 3123 1886 3193 μισοῦ·

1998 3114 2296 3169 tationibus
2329 3123 2385 3168 et
2423 3113 2703 3194 conceptis
2735 3115 2918 3170 cordis
2941 3116 3122 3184 habet,
3171 3113 3229 3172 ut
3258 3110 3446 3176 beatus
3477 3123 3572 3176 ille

320 3237 429 3276 σιν.
458 3220 675 3286 Ἀπαγε
706 3218 719 3271 l
755 3217 875 3270 οὐδὲ
926 3217 1037 3286 γὰρ
1086 3214 1340 3268 τοσοῦτον
1377 3213 1544 3284 ὁμόσε
1573 3216 1886 3286 χωρήσουσι

319 3313 462 3367 κατά
494 3311 593 3381 τῆς
629 3309 815 3380 κοινῆς
845 3306 1085 3378 φύσεως,
1123 3306 1230 3360 κᾶν
1265 3307 1292 3360 ὅ
1319 3323 1373 3359 τι
1404 3305 1556 3376 πάθῃ
1583 3306 1671 3360 διὰ
1696 3305 1892 3377 προαί-

321 3419 494 3476 ρεσινο
523 3402 660 3456 ἀλλὰ
688 3401 788 3471 τὴν
816 3402 914 3472 μὲν
950 3399 1257 3470 μοχθηρίαν
1282 3398 1650 3470 βδελύξονται,
1681 3400 1809 3462 τοὺς
1834 3401 1891 3452 δὲ

321 3495 738 3565 ἁμαρτάνοντας
801 3492 1190 3562 δακρύσουσιν·
1255 3491 1284 3544 ὃ
1350 3492 1529 3570 ποιεῖν
1570 3490 1888 3562 εἰώθαμεν,

323 3589 520 3660 μέλους
551 3588 683 3656 ἡμῖν
727 3584 1042 3656 σηπομένου
1071 3584 1293 3654 πονήρῳ
1327 3583 1499 3650 ἕλκει,
1531 3583 1564 3654 ἢ
1611 3582 1775 3654 ἡνίκα
1808 3600 1894 3646 τις

321 3681 470 3733 νοσεῖ
494 3677 605 3731 τῶν
638 3677 874 3746 μάλιστα
909 3675 1158 3743 συνήθων
1202 3675 1297 3730 καὶ
1321 3675 1642 3744 συγγενῶν.
1676 3674 1893 3739 Είδότές

319 3771 376 3824 δὲ
404 3772 500 3824 καὶ
541 3770 636 3824 τὸν
673 3770 904 3840 Χριστὸν
927 3768 1068 3839 ὑπὲρ
1101 3769 1211 3820 τῶν
1263 3769 1703 3838 σταυρωσάντων
1729 3768 1894 3833 εύξά-

325 3877 510 3933 μενον,
537 3862 628 3915 καὶ
654 3861 744 3914 διὰ
774 3862 992 3915 πάντων
1022 3861 1289 3927 ὲνάγοντα
1323 3859 1458 3928 πρὸς
1488 3860 1780 3928 μετάνοιαν
1805 3859 1896 3913 τὸν

322 3955 527 4024 ὀλίγοις
569 3954 854 4024 ἀργυρίοις
902 3949 1066 4009 αὐτὸν
1107 3951 1453 4023 πεπρακότα,
1485 3953 1578 4007 τὸν
1626 3954 1898 4024 προδεδω-

325 4045 482 4108 κότα,
516 4045 608 4098 τὸν
670 4045 936 4114 φιλήματι
988 4043 1438 4114 παραδεδωκότα,
1472 4044 1584 4108 τὸν,
1625 4045 1730 4099 κᾶν
1775 4045 1804 4099 ὄ
1843 4061 1895 4097 τι

325 4136 570 4203 γένηται,
602 4135 967 4202 διαμενοῦντα
1003 4133 1193 4186 κακόνο
1248 4133 1421 4186 ταῦτα
1447 4133 1511 4204 δὴ
1569 4135 1666 4187 καὶ
1697 4135 1765 4188 τὰ
1790 4152 1898 4188 τοι·

327 4228 468 4280 αῦτα
520 4227 627 4294 πρὸ
682 4224 980 4294 ὀφθαλμῶν
1029 4221 1270 4296 ἔχοντες,
1327 4225 1422 4279 κα)⁸
1475 4225 1729 4294 κήδονται
1786 4225 1898 4280 τῶν

327 4321 750 4391 ἡμαρτηκότων,
774 4323 868 4372 καλ⁵
897 4322 1200 4390 πειρῶνται
1225 4317 1555 4392 θεραπεύειν
1581 4321 1642 4374 τὸ
1669 4313 1896 4384 λυποῦν,

327 4414 423 4468 καὶ
452 4413 715 4482 γίνονται,
741 4413 837 4465 καὶ
880 4413 1218 4482 πράττουσιν
1250 4411 1467 4466 ἅπαντα
1502 4412 1638 4482 πρὸς
1671 4412 1769 4481 τὴν
1800 4410 1896 4464 τοῦ

328 4504 502 4560 κακοῦ
525 4504 698 4570 λύσιν,
735 4506 827 4557 καὶ
855 4505 1142 4574 χαίρουσιν
1188 4505 1464 4578 ἀνύοντες,
1497 4505 1592 4556 καὶ
1639 4503 1900 4556 ἀνιῶνται

330 4599 500 4669 μηδὲν
529 4594 904 4666 περαίνοντες·
940 4588 1186 4659 εἰκότως.
1221 4597 1282 4650 Εἰ
1315 4598 1422 4666 γάρ
1458 4597 1596 4665 μετὰ
1641 4588 1739 4666 τῆν
1773 4600 1902 4650 πολ-

328 4692 423 4759 λὴν
453 4689 801 4758 ἐπιμέλειαν,
830 4689 920 4740 καὶ
943 4688 1299 4758 τάλεξιτήρια
1327 4689 1619 4761 φάρμακα,
1645 4691 1704 4740 τὸ
1732 4684 1902 4742 διενο-

327 4779 488 4849 χλοῦν
525 4781 716 4848 χωρεῖ,
742 4780 858 4841 δέός
887 4781 1038 4832 ἐστὶν
1066 4779 1126 4831 οὐ
1166 4777 1382 4849 μικρὸν,
1415 4777 1491 4848 μὴ
1523 4777 1902 4848 ὗπερνικῆσαν

327 4873 406 4942 τῷ
429 4871 630 4942 χρόνῳ,
660 4871 740 4932 εις
771 4867 895 4933 ’θεοὺς
925 4868 1024 4938 τῆς
1055 4865 1418 4938 ἀπογνώσεως
1448 4865 1648 4938 βυθοὺς
1671 4872 1769 4934 τὰς
1796 4873 1904 4924 τῶν

329 4962 653 5016 ἑαλωκότων
697 4961 871 5032 ψυχὰς
901 4961 1271 5032 παραπέμψῃ,
1306 4961 1442 5030 πρὸς
1478 4958 1571 5024 οθς
1607 4961 1781 5025 ούδείς
1817 4959 1907 5024 πὼς

331 5053 606 5110 κατελθὼν
629 5055 925 5120 ἐπανῆκεν.
953 5051 1142 5115 Οῦτως
1177 5048 1226 5105 οἱ
1256 5051 1550 5120 ἀκίϐδηλον
1578 5053 1676 5121 τὴν
1700 5051 1902 5123 ἀρετὴν

329 5142 684 5213 κεκτημένοι.
729 5140 874 5194 Ἀλλ’
905 5137 986 5203 οἷς
1012 5157 1075 5207 γε
1102 5139 1308 5210 ταύτης
1342 5141 1565 5209 μέτεστι
1601 5139 1723 5210 μὲν,
1751 5157 1903 5193 νενο-

331 5233 607 5302 θευμένης
637 5232 684 5284 δ’
707 5227 799 5287 οὖν
832 5232 1004 5299 ὅμως,
1034 5229 1163 5292 τοὺς
1191 5233 1247 5282 ὲν
1274 5231 1574 5301 ἁμαρτίαις
1599 5229 1904 5299 κατειλημ-

334 5327 532 5394 μένους
555 5324 652 5392 ούχ
673 5323 747 5386 ὡς
774 5323 1056 5394 σχετλίους
1080 5321 1433 5392 δακρύουσιν,
1457 5321 1566 5374 οὐδ’
1585 5322 1662 5384 ὡς
1687 5323 1902 5374 νοσοῦσι

328 5415 543 5474 τούτοις
566 5409 887 5480 ἀμύνουσιν,
912 5411 1034 5463 οὐδὲ
1064 5409 1468 5479 παρερχόμενοι
1495 5408 1564 5461 τὰ
1592 5409 1905 5462 συνοίσοντα

329 5506 671 5566 διδάσκουσι,
725 5504 819 5556 καὶ
871 5502 1322 5574 περινοστοῦντες
1371 5499 1626 5568 ζητοῦσιν
1681 5499 1904 5553 ὁθενοῦν

340 5592 595 5666 βοήθειαν
642 5593 856 5654 τούτοις
904 5595 1244 5663 εἰσαγαγεῖν·
1296 5591 1413 5646 ἀλλ’
1455 5591 1530 5655 ὡς
1584 5591 1823 5663 ἐκραγὲν
1851 5608 1903 5646 τι

415 5777 435 5808 ¹
461 5772 660 5831 Matth.
693 5789 745 5840 v,
774 5775 823 5831 l.

1993 3199 2194 3259 Paulus
2222 3203 2416 3274 inquit.
2441 3201 2566 3258 Non
2597 3197 2858 3273 iudicate,
2915 3207 2990 3260 ait
3041 3196 3314 3274 Salvator,
3367 3221 3415 3266 et
3471 3230 3574 3267 non

1982 3285 2358 3364 judicabimini
2387 3294 2424 3349 '.
2446 3295 2797 3365 QuaprOpter
2825 3297 3019 3352 horum
3058 3285 3324 3354 dictorum
3357 3318 3576 3373 semper

1994 3385 2284 3451 memores,
2313 3385 2582 3440 neminem
2627 3388 3012 3453 condemnant,
3051 3398 3150 3445 nec
3201 3387 3328 3447 odio
3384 3411 3577 3463 prose-

1993 3475 2256 3548 quuntur."
2294 3477 2448 3533 Absit
2470 3487 2530 3533 ut
2553 3475 2656 3534 hoc
2687 3479 2910 3535 faciant.
2947 3479 3063 3535 Non
3088 3483 3231 3537 enim
3295 3493 3600 3555 tanIOpere,

1994 3573 2182 3620 eontra
2210 3567 2459 3620 naturam
2483 3581 2832 3621 communem
2860 3569 3014 3637 quasi
3044 3569 3179 3638 pede
3229 3571 3430 3626 collato
3480 3588 3578 3639 pu-

1995 3661 2256 3729 gnabunt,
2308 3659 2434 3713 licet
2457 3659 2506 3713 ei
2564 3656 2784 3728 quidvis
2822 3660 3026 3715 accidit
3058 3667 3122 3717 ex
3177 3661 3351 3732 ipsius
3408 3666 3574 3720 animi

1997 3751 2294 3818 proposito,
2320 3754 2416 3805 sed
2437 3749 2628 3803 vitium
2647 3749 2864 3818 quidem
2889 3752 3066 3822 ipsum
3091 3752 3573 3823 abominabuntur,

1995 3851 2286 3912 peccantes
2321 3857 2450 3896 vero
2493 3839 2812 3896 deﬂebunt:
2869 3839 3027 3912 quale
3087 3840 3344 3914 quiddam
3394 3848 3578 3905 facere

1995 3935 2406 3998 consuevimus,
2442 3948 2560 3989 cum
2597 3930 2784 3989 ulcere
2822 3935 2963 3990 tnalo
3001 3931 3303 3993 membrum
3345 3941 3572 4012 aliquod

1997 4031 2244 4080 nostrum
2275 4026 2562 4094 putrescit,
2591 4024 2674 4080 vel
2704 4029 2827 4094 quis
2858 4025 3096 4083 maxime
3143 4027 3427 4085 familiaris
3485 4043 3579 4087 aut

1997 4111 2332 4188 propinquus
2360 4126 2608 4189 aegrotat.
2650 4115 2812 4172 Iidem
2836 4114 2958 4172 cum
2993 4121 3174 4174 norint
3205 4121 3485 4177 Christum
3518 4140 3579 4177 e-

2002 4211 2130 4263 tiam
2153 4220 2250 4278 pro
2268 4209 2330 4263 iis
2349 4212 2722 4276 deprecatum,
2744 4210 2833 4273 qui
2861 4222 2986 4265 eum
3008 4211 3062 4264 in
3089 4225 3305 4268 crucem
3327 4225 3579 4283 egerunt,

1997 4306 2050 4352 et
2090 4300 2342 4354 omnibus
2371 4297 2523 4352 illum
2574 4297 2752 4353 modis
2785 4297 2853 4351 ad
2883 4299 3317 4369 resipisecndum
3346 4305 3584 4359 invitan-

2002 4401 2133 4457 tem,
2165 4390 2253 4459 qui
2277 4389 2463 4458 paucis
2486 4388 2663 4459 ipsum
2689 4390 2927 4446 nummis
2948 4393 3220 4462 argenteis
3240 4395 3581 4465 vendiderat,

1933 4476 1977 4535 Β
2006 4481 2100 4552 qui
2140 4481 2476 4552 prodiderat,
2525 4481 2628 4549 ,qui
2681 4477 2870 4536 dscu'lo
2910 4484 3230 4551 tradiderat,
3287 4489 3380 4558 qui
3422 4489 3580 4544 deni.

2000 4589 2127 4644 que,
2147 4573 2408 4643 quidquid
2432 4573 2647 4626 tandem
2671 4571 2842 4638 fieret,
2869 4575 3041 4628 malus
3066 4584 3242 4629 tamen
3263 4591 3584 4645 permansu-

2005 4669 2096 4721 rus
2127 4675 2245 4718 erat
2279 4681 2294 4717 :
2329 4664 2442 4717 ltmc
2476 4663 2662 4730 igitur,
2685 4673 2737 4716 et
2758 4663 3066 4730 hujusmodi
3088 4679 3212 4719 cum
3247 4677 3372 4721 ante
3402 4671 3585 4724 oculos

2003 4762 2259 4824 habeant”,
2295 4767 2348 4811 et
2381 4755 2598 4811 solliciti
2646 4763 2774 4808 sunt
2802 4754 2867 4808 de
2895 4753 2962 4808 iis
2993 4755 3084 4822 qui
3135 4756 3496 4826 deliquerunt,
3532 4773 3586 4816 et

2004 4850 2376 4920 aegritudinem
2424 4861 2618 4902 sanare
2671 4853 2957 4910 Conantur,
3012 4835 3301 4914 omniaque
3353 4849 3489 4908 ﬁunt
3531 4865 3586 4907 et

2008 4936 2320 5010 aguntmali
2373 4935 2583 4991 levandi
2613 4949 2801 4999 causa,
2850 4943 3011 5001 atque
3034 4934 3111 4987 uti
3153 4948 3212 4987 re
3257 4939 3586 4994 succedente

2009 5033 2264 5102 gaudent,
2287 5029 2361 5082 ita
2388 5027 2432 5082 si
2454 5025 2584 5080 nihil
2609 5025 2910 5093 perficiant,
2929 5022 3133 5078 dolent.
3153 5024 3227 5078 Ac
3253 5026 3442 5080 merito
3469 5031 3587 5097 qui-

2010 5125 2168 5179 dem:
2197 5135 2318 5176 nam
2339 5119 2382 5174 si
2413 5125 2535 5190 post
2560 5115 2854 5170 adhibitam
2888 5129 3072 5169 curam
3107 5115 3416 5170 diuturnam
3434 5120 3584 5173 salu-

2010 5214 2236 5286 briaque
2263 5211 2520 5276 remedia,
2556 5208 2753 5263 malum
2786 5209 3012 5262 ulterius
3035 5217 3240 5276 serpat,
3267 5224 3372 5263 non
3395 5225 3584 5279 parum

2013 5311 2300 5365 verendum
2319 5315 2423 5370 est,
2445 5317 2511 5358 ne
2528 5316 2649 5357 emn
2677 5295 2929 5370 paulatim
2949 5301 3311 5370 przevaluerit,
3328 5301 3379 5354 in
3399 5304 3588 5372 despe-

2014 5403 2243 5459 rationis
2274 5398 2508 5452 vortices
2536 5405 2916 5462 correptorum
2954 5395 3164 5448 animos
3208 5395 3483 5461 deturbet,
3529 5397 3587 5451 in

2011 5508 2150 5564 quos
2181 5489 2547 5562 praecipitatus
2587 5501 2744 5541 nemo
2799 5502 3036 5555 unquam
3094 5487 3340 5541 emersit.
3397 5485 3472 5541 Ita
3523 5503 3584 5542 se

2011 5594 2207 5660 gerunt
2247 5582 2324 5639 illi
2351 5581 2441 5650 qui
2472 5593 2788 5650 germanam
2823 5581 3158 5660 minimeque
3180 5581 3420 5634 vitiatam
3475 5577 3587 5634 viro
3631 5623 3633 5626 .
