3958 6462
438 412 549 476 495
1412 407 1416 412 ’
1491 449 1493 454 -
1599 407 1997 470 MANUELIS

2121 404 2461 466 .LmOLoe
2771 458 2778 464 .
3571 413 3662 476 ωδ

438 532 612 579 tutem
649 519 944 591 possident'
985 540 1000 579 :
1033 532 1091 578 at
1127 537 1219 593 qui
1262 519 1556 591 participes
1587 520 1806 590 quidem
1867 518 2014 572 illius

2121 515 2283 586 μέλος
2335 515 2431 568 τοῦ
2485 517 2609 570 ὅλου
2653 515 2931 586 σώματος,
2985 519 3080 570 καὶ
3135 519 3350 590 νεκρὸν,
3385 523 3475 575 καὶ
3515 523 3662 580 ἕωλον

437 623 586 680 sunt,
635 614 730 669 sed
779 614 1098 670 adulterata;
1126 621 1521 683 corruptaeque,
1565 610 1929 681 deprehensos
1965 611 2014 663 in

2125 609 2516 678 γεγενημένον,
2553 609 2962 679 ἀπαγορεύουσί
3014 626 3075 665 τε
3128 612 3222 666 καὶ
3263 613 3664 684 ἀπορρίπτουσι,

435 702 676 772 peccatis
705 717 811 758 non
847 702 1151 757 utmiseros
1197 701 1416 763 dellent,
1476 714 1572 755 nec
1609 709 1665 752 ut
1694 699 1851 768 aegris
1881 698 2012 752 sub-

2121 704 2428 770 σπάραγμα
2461 703 2586 754 κυσί
2609 719 2666 755 τε
2701 703 2797 755 καὶ⁸
2829 702 3078 772 κόραξινο
3115 704 3149 775 ῆ
3179 705 3239 759 τό
3269 721 3333 774 γε
3361 706 3667 777 οἰκειότερον

435 795 682 861 veniunt,
739 809 840 848 nec
874 803 1266 862 praetereuntes
1316 790 1598 862 profutura
1658 791 1872 854 docent,
1924 796 2014 842 aut

2121 793 2310 862 φάναι,
2345 791 2545 864 βρῶμα
2581 794 2667 848 δαί
2673 810 2857 866 μοσιψ

435 888 768 959 obvagantes
790 901 945 956 opem
983 887 1341 955 undecunque
1362 885 1712 952 conquirunt,
1745 898 1908 954 quam
1931 882 2012 938 eis
2065 882 2268 954 ferant,
2328 888 2423 942 sed
2486 887 2655 944 veluti
2689 888 3000 944 membrum
3089 889 3358 960 quoddam
3387 905 3416 944 a
3470 904 3673 959 corpore

436 994 555 1040 toto
624 984 894 1050 avulsum,
950 993 1005 1039 et
1059 989 1367 1038 emortuum
1432 982 1846 1048 marcidumqne
1901 976 2014 1049 jam
2035 977 2258 1043 factum,
2300 981 2558 1038 abdicant
2627 989 2791 1052 atque
2845 980 3121 1053 rejiciunt,
3165 981 3393 1040 canibus
3442 991 3494 1040 et
3515 985 3677 1039 corvis

435 1075 868 1142 dilacerandum,
897 1075 983 1130 vel
1018 1075 1093 1130 uti
1130 1073 1302 1145 magis
1333 1071 1552 1144 proprie
1609 1071 1825 1140 loquar,
1858 1070 2020 1125 malis
2049 1071 2223 1141 geniis
2261 1073 2656 1130 devorandum.
2682 1073 2846 1132 Poeta
2876 1075 3095 1146 quidem
3119 1075 3349 1140 diceret,

663 1232 678 1247 .
739 1192 1128 1262 Ipsosautem
1181 1190 1504 1262 canibusque
1556 1188 1843 1257 avibusque

650 1261 848 1317 cunctis
876 1261 1062 1314 obtulit
1094 1263 1149 1314 in
1178 1261 1441 1329 praedam.

514 1356 586 1409 At
643 1369 780 1423 quos
818 1352 1091 1415 homines,
1141 1349 1421 1406 obsecro?
1462 1365 1692 1416 quorum
1729 1347 1813 1403 vel
1851 1347 2023 1403 hostis

442 1447 698 1500 misertus
730 1442 912 1507 fuerit,
970 1442 1230 1510 humique
1274 1438 1584 1508 jacentibus
1613 1452 1832 1492 manum
1890 1451 2019 1508 por-

407 1536 671 1591 -rexerit.
733 1535 850 1588 lmo
906 1543 1153 1588 mortuos
1203 1532 1367 1586 etiam
1421 1529 1671 1585 homines
1715 1529 2016 1584 honoribus

437 1624 658 1680 afﬁcere
684 1623 1093 1686 consuevimus,
1127 1630 1182 1675 et
1221 1619 1392 1673 multa
1425 1619 1672 1687 eisjusta
1707 1617 2015 1673 necessario

436 1717 802 1790 persolvimus
831 1732 846 1770 :
883 1714 949 1768 ab
982 1713 1186 1769 eisdem
1221 1711 1528 1766 membrum
1583 1724 1795 1780 quoque
1840 1708 2019 1762 ahcis-

2293 1230 2306 1245 .
2353 1227 2369 1244 .
2425 1190 2656 1260 Αὐτοὺς
2687 1189 2758 1244 δὲ
2793 1190 3012 1260 ἑλώρια
3048 1190 3226 1259 τεῦχε
3262 1189 3579 1256 κύνεσσιν,

2296 1259 2566 1315 οἰωνοῖσί
2591 1276 2657 1316 τε
2684 1259 2955 1317 πᾶσιν.)
3002 1299 3018 1317 .
3061 1300 3079 1318 .
3121 1299 3138 1316 .

2122 1347 2278 1406 εἷπεν
2326 1352 2392 1406 ἂν
2445 1352 2474 1404 ό
2521 1352 2776 1424 ποιητής.
2829 1351 2943 1408 Καὶ
2984 1351 3180 1416 ταῦτα,
3227 1351 3414 1420 τίνας;
3461 1348 3550 1414 οὓς
3591 1351 3682 1406 κᾶν

2123 1445 2315 1514 ἐχθρὸς
2349 1444 2580 1516 ⁴ἠλέησεν
2623 1445 2936 1517 ἄνθρωπος,
2978 1447 3075 1499 καὶ⁵
3113 1445 3276 1515 χεῖρά
3323 1462 3390 1512 γε
3424 1445 3682 1515 κειμένοις

2123 1534 2325 1606 ὤρεξεν
2347 1535 2431 1591 ἄν.
2454 1536 2652 1590 Καίτοι
2677 1536 2768 1590 καὶ
2791 1537 3022 1608 νεκροὺς
3041 1535 3349 1605 ἀνθρώπων
3372 1535 3489 1597 ἔθος
3507 1536 3679 1604 τιμᾷν,

2123 1629 2219 1681 καὶ
2247 1628 2420 1682 πολλά
2445 1629 2514 1682 τὰ
2545 1627 2881 1699 νομιζόμενα
2903 1629 2996 1682 ἐπ’
3021 1628 3219 1693 αὐτοὺς
3251 1627 3474 1696 ἀνάγκη
3501 1626 3680 1679 τελεῖν·

2125 1723 2222 1774 καὶ
2253 1722 2414 1791 μέλος
2440 1721 2501 1774 δὲ
2523 1723 2710 1785 αὐτοῖς
2731 1722 2963 1792 τμηθὲν,
2994 1722 3087 1776 καὶ
3112 1721 3390 1776 ἀποθανὺν
3417 1718 3538 1773 καθ’
3557 1720 3684 1772 οἱον·

436 1827 580 1876 sum,
606 1827 668 1864 ac
705 1820 1034 1878 quocunque
1072 1804 1232 1860 modo
1265 1814 1560 1868 mortuum,
1623 1814 2010 1869 nonnunquam

2122 1783 2313 1882 δήτινα
2361 1783 2588 1885 τρόπον,
2629 1783 2731 1868 καὶ
2767 1783 2983 1880 ’ἕλ’έους,
3035 1815 3133 1868 καὶ
3170 1815 3373 1884 ταφῆς,
3426 1813 3516 1865 καὶ
3564 1810 3682 1880 παρ’

438 1907 507 1961 ab
539 1905 645 1960 illis
670 1904 804 1974 ipsis
836 1901 926 1970 qui
965 1905 1341 1962 resecuerunt,
1376 1904 1430 1950 et
1451 1894 2009 1960 commiserationem,

437 1983 496 2053 et
547 1996 886 2067 sepulturam
948 1991 1336 2060 consequitur:
1403 2002 1633 2056 quarum
1674 2001 1807 2041 sane
1838 1984 2014 2055 legum

395 2079 400 2085 ’
437 2089 750 2144 meminisse
774 2085 944 2141 multo
976 2083 1147 2154 magis
1176 2080 1463 2151 oportebat
1494 2082 1546 2134 in
1583 2078 1647 2133 iis
1678 2079 1767 2148 qui
1800 2087 1855 2134 et
1909 2077 2014 2131 vivi

437 2191 559 2236 sunt
588 2191 641 2236 cl
670 2181 821 2250 aegri,
862 2193 1022 2247 quam
1078 2177 1132 2230 in
1188 2163 1294 2227 illis
1325 2172 1416 2241 qui
1467 2172 1646 2226 omnis
1697 2171 1817 2239 opis
1857 2182 2016 2225 sensu

436 2281 646 2328 carent.
705 2273 776 2325 At
804 2271 890 2326 isti
949 2270 1332 2339 prmclararnm
1393 2266 1446 2319 in
1483 2266 1583 2318 hac
1624 2270 1780 2333 parte
1837 2261 2016 2331 legum

435 2365 851 2430 obliviscuntur,
879 2363 968 2419 ubi
997 2364 1168 2417 multo
1193 2362 1430 2417 maxime
1459 2361 1673 2419 illarum
1701 2354 2018 2412 meminisse

436 2456 726 2523 debebant,
760 2454 970 2510 etiamsi
1005 2462 1322 2509 caeterarum
1357 2451 1599 2507 omnium
1635 2447 2020 2503 oblivisceren-

438 2558 526 2602 tur
558 2565 572 2611 ;
611 2562 716 2602 non
754 2563 818 2601 eo
850 2545 1115 2600 duntaxat
1175 2545 1316 2614 quod
1353 2545 1424 2598 ita
1467 2542 1730 2596 rationem
1781 2535 2016 2591 habituri

435 2641 685 2694 vivorum
713 2649 896 2693 essent
955 2653 1019 2692 ac
1057 2636 1376 2706 plerumque
1413 2633 1769 2696 sanabilium,
1828 2641 2015 2683 verum

436 2731 600 2784 etiam
637 2737 921 2798 propterea
967 2729 1109 2796 quod
1139 2727 1194 2780 hi
1231 2726 1420 2780 morbo
1481 2723 1729 2778 laborent
1776 2719 2019 2774 minante

439 2839 544 2877 non
575 2820 791 2890 corpori
819 2815 1072 2884 mortem,
1103 2833 1265 2887 quam
1307 2817 1459 2871 obire
1500 2813 1812 2871 necessario
1861 2811 2016 2881 cogi-

437 2930 582 2978 mur,
616 2913 962 2967 arcedentem
992 2919 1185 2978 sponte
1225 2925 1344 2975 sua,
1406 2922 1605 2978 perque
1666 2906 2022 2960 resurrectiov

437 3025 560 3065 nem
617 3006 963 3070 abolendam,
1004 3004 1095 3058 sed
1143 3004 1347 3068 animo,
1407 3001 1562 3066 cujus
1613 3009 1815 3052 :eterna
1874 3012 2020 3050 mors

2117 1905 2343 1960 ἐκείνων
2391 1905 2573 1959 αὐτῶν
2635 1906 2786 1960 ἔστιν
2832 1907 2924 1960 ὅτε
2969 1907 3078 1960 τῶν
3129 1905 3518 1975 ἀποτεμόντων
3567 1903 3683 1957 αὐτὸ

2116 1996 2399 2064 τυγχάνει.
2421 1996 2530 2071 Kat
2560 1997 2670 2051 ἔδει
2695 2013 2760 2066 γε
2796 1997 3106 2068 μεμνῆσθαι
3131 1996 3244 2050 τῶν
3271 1995 3454 2065 νόμων
3484 1992 3681 2046 τούτων

2119 2089 2300 2161 πολλῷ
2334 2106 2398 2158 γε
2442 2090 2648 2161 μᾶλλον
2694 2091 2788 2144 ἐπὶ
2833 2091 2942 2144 τῶν
2981 2090 3203 2154 ζώντων
3236 2106 3298 2143 τε
3349 2090 3446 2141 καὶ
3477 2085 3684 2142 vocativ-

2118 2199 2248 2248 των,
2273 2183 2306 2254 ἢ
2332 2182 2439 2235 τῶν
2467 2181 2734 2252 μηδαμῶς
2755 2181 3170 2251 αἰσθανομένων
3193 2179 3512 2251 ἡστινοσοῦν
3567 2177 3686 2247 βοη-

2120 2275 2292 2338 θείας.
2329 2275 2392 2328 Οί
2435 2273 2494 2328 δὲ
2548 2274 2785 2328 ἐνταῦθα
2841 2274 2952 2328 τῶν
3006 2273 3190 2330 καλῶν
3246 2271 3684 2327 ἐπιλανθάνονται

2122 2368 2324 2436 νόμων,
2353 2364 2484 2420 ἔνθα
2516 2365 2735 2424 πάντων
2755 2365 2971 2433 μάλιστ’
3001 2365 3170 2436 ἐχρῆν
3205 2363 3544 2435 μεμνῆσθαι,
3591 2359 3685 2414 κᾶν

2121 2458 2170 2510 εί
2199 2458 2417 2511 πάντων
2437 2456 2574 2526 ὁμοῦ
2600 2455 2713 2508 τῶν
2743 2455 2922 2509 ἀλλων
2951 2455 3424 2508 ὲπιλανθάνοιντο·
3449 2453 3506 2506 οὐ
3539 2451 3686 2520 μόνον

2123 2550 2207 2602 ὅτι
2256 2547 2480 2614 ζώντων
2504 2548 2934 2619 ἐπιμελήσονται
2956 2549 3050 2602 καὶ
3078 2545 3316 2615 ίασίμων
3339 2545 3414 2608 ώς
3437 2539 3685 2604 ταπολλά,

2119 2641 2239 2696 ἀλλ’
2269 2641 2463 2712 ὅτιπερ
2501 2641 2598 2694 καὶ
2644 2641 2800 2694 νόσον
2847 2631 2995 2694 οὗτοι
3043 2637 3322 2705 νοσοῦσιν,
3371 2632 3687 2690 ἀπειλοῦσαν

2119 2734 2178 2788 οὐ
2204 2734 2283 2804 τῷ
2315 2733 2529 2805 σώματι
2561 2733 2822 2798 θάνατον,
2855 2731 2912 2796 ὃς
2945 2733 3039 2786 καὶ
3063 2733 3370 2799 ἀναγκαῖος
3401 2730 3531 2800 ἡμῖν
3557 2727 3684 2787 ἐστι»

2119 2827 2214 2879 καὶ
2248 2826 2463 2879 ἔπεισιν
2490 2824 2817 2894 αὐτόματος,
2850 2823 2948 2876 καί
2983 2839 3118 2876 ποτε
3145 2822 3448 2892 λυθήσεται
3473 2820 3536 2890 τῇ
3564 2819 3686 2872 ἀνα-

2122 2919 2334 2972 στάσει·
2365 2918 2502 2972 ἁλλὰ
2531 2921 2596 2989 τῇ
2621 2919 2792 2988 ψυχῇ,
2817 2912 2886 2989 ἦς
2911 2915 3183 2978 ἀθάνατος
3205 2915 3235 2968 ό
3263 2912 3495 2974 θάνατός
3522 2913 3682 2963 ἐστιν·

2121 3010 2340 3073 αἰώνιος
2366 3009 2496 3079 γάρ.
2526 3009 2724 3079 Ψυχῆς
2758 3009 2868 3078 γὰρ
2900 3007 3133 3061 Θάνατον
3159 3005 3242 3058 δεῖ
3266 3007 3412 3059 νοεῖν
3435 3003 3496 3056 τὺ
3527 3015 3686 3069 κεχω-

437 3113 545 3167 εει,
586 3116 706 3156 cum
739 3108 793 3153 et
825 3099 938 3167 ipse
966 3095 1038 3150 sit
1077 3103 1312 3148 aeternus
1345 3109 1360 3158 ;
1407 3090 1572 3145 animi
1609 3103 1842 3157 namque
1872 3103 2014 3142 mor-

2122 3103 2304 3175 ρίσθαι
2335 3101 2495 3156 Θεοῦ.
2539 3101 2652 3155 Καὶ
2705 3101 2754 3153 εί
2781 3103 2809 3154 ό
2854 3098 2988 3162 Θεός
3032 3097 3183 3151 ἐστιν
3213 3097 3250 3165 ἡ
3287 3094 3515 3166 ἀληθινὴ
3560 3086 3683 3156 ζωὴν

439 3207 544 3250 tom
593 3190 895 3260 intelligere
947 3187 1208 3242 debemus
1251 3199 1374 3239 esse
1434 3183 1761 3250 diremptum
1799 3195 1829 3235 a
1877 3179 2008 3236 Deo.

437 3287 590 3355 Quod
627 3285 672 3339 si
704 3285 841 3338 Deus
877 3296 1004 3335 vera
1042 3280 1150 3332 vita
1182 3287 1285 3342 cst,
1319 3276 1410 3346 qui
1463 3288 1688 3344 prorsus
1723 3272 1832 3326 Deo
1889 3286 2015 3340 spo—

438 3379 549 3434 liati
575 3386 700 3435 sunt
733 3375 924 3439 animi,
957 3387 1140 3426 veram
1175 3371 1340 3424 vitam
1376 3367 1698 3431 amiserunt,
1745 3366 1812 3419 ad
1847 3378 2008 3433 quam

353 3514 363 3522 .
439 3471 646 3527 reditus
675 3467 900 3523 omnino
929 3464 1107 3520 nullus
1136 3477 1256 3518 esse
1290 3467 1487 3531 potest.
1519 3457 1819 3525 Caeteroqui
1881 3471 2011 3510 vero
2055 3502 2060 3507 .

438 3579 635 3634 corpus
665 3561 753 3617 ubi
784 3569 1057 3614 mortuum
1104 3554 1304 3620 fuerit,
1339 3561 1400 3606 ut
1461 3566 1581 3605 cum
1638 3563 1703 3604 eo
1744 3547 2011 3602 moriatur

437 3659 650 3713 animus
681 3653 799 3710 ﬁeri
833 3667 937 3706 non
975 3655 1170 3720 potest.
1211 3645 1279 3698 At
1325 3642 1413 3698 ubi
1450 3642 1813 3696 tristissimam
1865 3640 2009 3694 illam

437 3759 670 3805 mortem
696 3743 992 3816 oppetierit
1017 3741 1256 3801 animus,
1285 3735 1449 3790 etiam
1475 3747 1670 3803 corpus
1697 3734 1873 3804 ipsum
1892 3743 2014 3802 post

441 3839 895 3897 resurrectionem
927 3831 1085 3910 quasi
1119 3837 1392 3885 mortuum
1429 3837 1483 3882 et
1515 3826 1770 3881 miserum
1836 3826 2016 3881 modis

437 3934 690 3990 omnibus
717 3929 825 3986 erit
858 3944 871 3981 :
903 3940 1026 3981 nam
1061 3937 1166 3992 quo
1202 3931 1361 3991 pacto
1393 3935 1481 3976 res
1516 3920 1674 3974 aliter
1710 3920 1913 3976 habere
1942 3934 2001 3974 se

438 4025 629 4093 possit,
664 4034 787 4077 cum
825 4017 877 4072 id
907 4015 1053 4087 quod
1092 4013 1266 4084 ipsum
1297 4026 1494 4082 corpus
1523 4010 1794 4080 ’,viviiicat,
1829 4025 2010 4070 veram

435 4118 625 4182 vitam,
688 4127 807 4183 quae
841 4112 978 4165 Deus
1020 4113 1123 4172 est,
1154 4105 1443 4162 amiserit?
1480 4103 1684 4160 Eadem
1712 4110 1866 4158 estet
1901 4103 2013 4158 dte—

437 4224 659 4265 monum
681 4207 858 4271 ratio;
894 4219 1016 4258 nam
1061 4218 1177 4269 eos,
1216 4199 1309 4270 qui
1360 4213 1540 4253 veram
1594 4200 1763 4250 vitam
1817 4194 2016 4248 amiseo

421 4311 587 4371 runt,
619 4314 726 4354 non
749 4297 830 4352 ius
864 4304 947 4350 est
977 4294 1198 4348 mutatis
1249 4291 1447 4346 animis
1491 4287 1556 4340 ad
1611 4300 1732 4340 eam
1789 4284 2011 4339 redire:

439 4392 581 4464 quod
608 4390 826 4460 quidem
863 4386 969 4440 illis
1005 4385 1048 4439 si
1097 4390 1426 4452 superesset,
1486 4373 1844 4431 consimiliter
1887 4372 2006 4427 ﬁeri

2124 3199 2182 3250 ai
2217 3197 2310 3250 τὸν
2357 3195 2492 3250 Θεὸν
2533 3193 2791 3258 καθάπαξ
2823 3190 3190 3261 ζημιωθεῖσαι
3219 3189 3402 3259 ψυχαὶ
3443 3189 3537 3255 τὴν
3568 3183 3686 3249 ἀλη-

2127 3289 2281 3359 θινὴν
2331 3287 2478 3357 ζωὴν
2511 3285 2806 3340 ἀπέϐαλονο
2841 3285 2923 3348 εἰς
2953 3283 3021 3355 ἣν
3068 3299 3134 3351 γε
3179 3282 3348 3336 πάλιν
3385 3274 3686 3333 ἐπανελθεῖν

2127 3381 2414 3450 ἀμήχανον
2449 3375 2752 3438 παντελῶς.
2791 3375 2978 3445 Χωρὶς
3025 3373 3082 3427 δὲ
3123 3372 3336 3428 τούτων
3383 3365 3685 3426 ἀποθανόντι

2130 3471 2229 3540 μὲν
2260 3468 2340 3540 τῷ
2382 3468 2596 3536 σώματι
2627 3467 2726 3520 οὐκ
2767 3465 2945 3520 ἔνεστι
2980 3465 3385 3520 συναποθανεῖν
3428 3461 3571 3530 αὑτῷ
3596 3457 3685 3524 τὴν

2124 3562 2331 3631 ψυχήν·
2363 3559 2464 3629 τῆς
2490 3559 2547 3611 δὲ
2573 3556 2755 3628 ψυχῆς
2777 3555 3107 3624 τεθνηκυίας
3133 3554 3232 3624 ,τὸν
3262 3555 3528 3608 οἴκτιστον
3552 3545 3684 3600 έκεῖ-

2125 3671 2214 3708 νον
2243 3653 2494 3716 θάνατον,
2522 3650 2618 3704 καὶ
2650 3649 2711 3702 τὸ
2739 3648 2900 3716 σῶμα
2924 3646 3065 3715 μετά
3091 3645 3151 3699 τὺ
3173 3646 3474 3717 ἀναστῆναι
3489 3641 3686 3706 ὡσπερ-

2128 3747 2176 3802 εὶ
2227 3745 2444 3807 τεθνεὸς
2475 3743 2572 3796 καὶ
2621 3742 2807 3796 ἄθλιον
2833 3741 3185 3795 παντάπασιν
3220 3738 3409 3818 ἔσταιτ
3441 3733 3560 3797 Πῶς
3583 3728 3684 3796 γὰρ

2123 3839 2224 3907 ob;
2256 3838 2352 3893 τοῦ
2389 3835 2788 3906 ζωογονοῦντος
2839 3833 2992 3900 αὐτὸ,
3027 3834 3089 3887 τὸ
3139 3831 3352 3902 κυρίως
3401 3831 3520 3900 ζῇν,
3554 3823 3683 3887 λέγω

2123 3931 2190 4001 δὴ
2222 3931 2312 3985 τὸν
2347 3930 2503 3991 Θεὸν.
2541 3925 2974 3989 ἀπολωλεκότος.
3010 3923 3167 3978 Οὕτω
3204 3924 3302 3977 καὶ
3331 3923 3385 3977 οῖ
3421 3918 3681 3986 δαίμονεςο

2126 4025 2240 4096 Τὴν
2283 4023 2391 4096 γὰρ
2436 4021 2701 4092 ἀληθινὴν
2729 4019 2877 4090 ζωὴν
2919 4017 3318 4083 ἀπολέσαντας,
3358 4015 3458 4069 οὐκ
3490 4009 3682 4096 ἔνεστιν

2125 4091 2445 4169 ἐπανελθεῖν
2476 4091 2556 4175 είς
2605 4110 2776 4181 αὐτὴν
2813 4107 3206 4179 μετα-γνόντας.
3236 4106 3328 4170 Ὦς
3355 4107 3402 4158 εί
3428 4091 3683 4155 καὶτοῦτο

2127 4205 2346 4275 περιῆν,
2374 4201 2443 4276 ἦν
2487 4203 2554 4257 ἂν
2595 4203 2798 4271 ὁμοίως
2825 4199 3246 4272 διορθωθέντας,
3285 4199 3383 4252 καὶ
3415 4193 3510 4262 τῆς
3550 4181 3681 4252 ζωῆς

2123 4297 2344 4365 ἐκείνης
2373 4296 2755 4364 τετυχηκέναι.
3349 4317 3355 4320 ·
3556 4292 3559 4295 ’

440 4489 644 4554 posset,
672 4485 729 4531 ut
759 4473 1029 4530 emendati
1097 4474 1206 4526 vita
1264 4470 1353 4522 illa
1415 4479 1631 4537 quoque
1689 4465 2012 4533 potirentur.
2049 4475 2094 4530 ι)

509 4571 872 4641 Quamobrem
907 4579 1055 4620 mors
1092 4561 1258 4616 animi
1293 4575 1380 4614 res
1410 4565 1494 4614 est
1519 4555 1760 4612 omnium
1783 4555 2014 4609 maxime

2202 4564 2263 4619 Ὀ
2287 4565 2384 4634 τῆς
2414 4564 2596 4633 ψυχῆς
2622 4563 2730 4632 ἄρα
2760 4563 2990 4626 θάνατος
3025 4561 3088 4614 τὸ
3133 4543 3512 4630 φοϐερώτατόν
3543 4554 3677 4604 ἐστιν

441 4661 821 4726 fortnidabilis,
875 4667 929 4715 et
963 4655 1052 4726 qui
1137 4653 1356 4707 morbo'
1391 4649 1638 4704 laborant
1691 4647 1760 4701 ad
1817 4647 2014 4700 malum

2121 4660 2400 4714 ἁπάντων*
2421 4659 2514 4713 καὶ
2540 4660 2588 4711 οἱ
2618 4658 2774 4711 νόσον
2801 4673 2866 4726 γε
2891 4654 3176 4718 νοσοῦντες
3203 4656 3282 4717 είς
3316 4652 3472 4708 τοῦτο
3498 4647 3675 4715 φέρου-

441 4759 544 4812 hoc
579 4754 862 4816 tendente,
908 4763 1015 4803 non
1075 4754 1255 4802 mente
1310 4740 1553 4813 prwditis
1610 4753 1730 4794 esse
1760 4738 1888 4794 odio
1923 4739 2014 4818 def-

2121 4772 2218 4808 σαν
2245 4753 2306 4806 τὸ
2338 4751 2510 4805 δεινὸν
2542 4751 2603 4805 οὐ
2639 4752 2890 4821 μισητέοι
2921 4748 3047 4802 νοῦν
3089 4749 3328 4819 ἔχουσιν,
3366 4742 3478 4800 ἀλλ’
3506 4736 3673 4791 ἐλέους

440 4853 591 4913 bent,
635 4845 729 4901 sed
781 4838 1213 4898 misericordiam
1259 4835 1438 4905 potius
1501 4833 1719 4887 mereri.
1778 4831 1858 4888 Ac
1919 4845 2014 4899 par

2121 4845 2279 4911 ἄξιοι.
2309 4839 2418 4896 Ἦν
2449 4843 2550 4913 μὲν
2595 4837 2713 4906 οὖν,
2755 4836 2932 4909 οἶμαι,
2970 4841 3249 4912 προσῆκον
3278 4833 3531 4893 ἐπιεικῶς
3561 4827 3673 4881 τοὺς

439 4941 659 5010 quidem
727 4945 846 4988 erat
902 4931 1068 4986 dubio
1133 4928 1346 4998 procul,
1411 4923 1596 4992 utqui
1644 4931 1696 4977 et
1759 4923 2011 4976 virtutem

2121 4934 2495 5004 κεκτημένους
2535 4932 2635 5003 μὲν
2680 4931 2904 5003 ἀρετὴν,
2942 4931 3322 5000 κεκτημένους
3367 4929 3424 4982 δὲ
3467 4917 3666 5010 stantiam

427 5003 493 5095 et
569 5028 948 5090 vitiositatem,
1015 5019 1280 5091 quasique
1357 5016 1517 5071 ambo
1581 5016 1730 5070 isth
1813 5015 2014 5082 promi-

2122 5025 2215 5079 καὶ
2235 5003 2346 5077 οἷον
2369 5020 2572 5092 ἀναμὶξ
2597 5021 2787 5090 ἄμφω,
2812 5023 2888 5092 μὴ
2917 5021 3037 5076 τῶν,
3057 5020 3234 5074 ἄλλων
3259 5003 3670 5080 κατεπαίρεσθαι

441 5138 572 5180 scue
619 5119 921 5191 possident,
956 5115 1222 5169 adversus
1266 5115 1495 5164 caeteros
1528 5120 1650 5163 sese
1695 5123 1804 5162 non
1854 5107 2016 5163 etfero

439 5225 563 5273 rent
597 5215 666 5270 ob
707 5225 871 5265 unam
905 5209 1048 5264 illam
1086 5213 1294 5276 partem
1332 5201 1634 5267 meliorem,
1673 5216 1776 5256 nec
1803 5200 2015 5256 vitiosi-

440 5311 568 5364 tatis
602 5319 762 5360 causa
796 5301 999 5355 vultum
1026 5299 1079 5352 in
1108 5308 1306 5352 terram
1329 5294 1647 5364 deligerent.
1678 5295 1744 5348 At
1773 5294 1859 5350 isti
1887 5309 2017 5349 con-

441 5399 632 5460 trario,
667 5377 829 5464 quam
861 5406 960 5462 par
984 5398 1126 5454 erat,
1163 5389 1324 5442 modo
1347 5401 1406 5442 se
1439 5394 1654 5456 gerunt.
1690 5384 1823 5440 Nam
1855 5400 2015 5455 prop-

441 5502 522 5545 ter
559 5484 771 5540 virtutis
798 5481 1128 5554 portionem,
1183 5488 1391 5534 tantum
1443 5493 1551 5534 non
1599 5478 1774 5547 ipsum
1814 5477 2014 5532 coelum

439 5575 798 5640 somniantes,
840 5585 1035 5641 graves
1064 5585 1128 5625 ac
1175 5569 1546 5625 intolerabiles
1603 5578 1753 5634 sunt,
1783 5578 2016 5626 caeteros

444 5682 540 5733 pro
567 5666 736 5720 nihilo
759 5667 1037 5730 ducentes,
1058 5664 1229 5731 ipsam
1261 5678 1389 5718 vero
1406 5661 1780 5727 vitiositatem,
1804 5677 1928 5731 qua:
1960 5663 2012 5718 in

444 5759 526 5812 eis
561 5765 668 5825 est,
701 5771 804 5812 nec
836 5768 982 5812 recte
1007 5764 1327 5825 agnoscunt,
1354 5769 1476 5810 cum
1507 5754 1576 5809 ab
1599 5769 1660 5811 ea
1685 5769 1841 5810 mens
1868 5756 2018 5825 ipso-

444 5862 566 5905 rum
596 5858 853 5915 corrupta
909 5849 1000 5920 sit,
1025 5861 1074 5906 c'
1140 5848 1376 5920 agnitam
1398 5837 1513 5906 'oro
1536 5863 1596 5904 re
1650 5847 1752 5904 leV‘
1787 5851 2018 5911 ducunt.

2119 5118 2209 5174 διὰ
2233 5118 2292 5183 τὸ
2309 5116 2674 5190 χρηστότερον
2701 5101 2888 5185 μέροξ⁶
2917 5114 3014 5185 τῆς
3040 5113 3095 5167 δὲ
3127 5112 3322 5177 κακίας
3351 5112 3510 5166 ἕνεκα
3538 5098 3670 5190 κάτίξ)

2120 5182 2373 5276 attint-eiu,
2398 5182 2447 5262 οἱ
2476 5208 2521 5261 δ’
2550 5182 2788 5271 ἐναλλὰξ
2811 5182 3142 5278 ἐργάζονται
3175 5205 3238 5258 τὸ
3269 5201 3558 5277 προσῆκον.
3582 5182 3669 5240 Διᾶ

2115 5304 2224 5373 γὰρ
2255 5304 2317 5356 τδ
2345 5302 2514 5373 μέρος
2542 5299 2644 5369 τῆς
2673 5297 2902 5369 ἀρετῆς,
2928 5284 3155 5368 μονονοὺ
3181 5297 3271 5350 τὸν
3299 5288 3520 5366 οὐρανὸν
3547 5281 3669 5373 ὀνει-

2116 5367 2502 5466 ῥοέτολοῦνντές,
2539 5367 2728 5462 palpate
2756 5367 2862 5442 εἱσι
2903 5367 2997 5443 καὶ
3035 5387 3327 5459 ἀφόρητοι,
3355 5380 3516 5457 μηδὲν
3551 5367 3664 5466 τοξδς

2115 5456 2313 5548 ἀλλους
2358 5456 2502 5537 εἶναι
2538 5456 2874 5551 νομίζοντες·
2907 5456 3176 5551 αὑτὴννδε
3206 5456 3323 5549 -τὴν
3348 5456 3538 5532 κακίαν
3576 5456 3664 5520 τὴν

2118 5577 2176 5629 ὲν
2207 5575 2392 5636 αὐτοῖς
2422 5571 2547 5626 οὔτε
2597 5570 2774 5633 καλῶς
2814 5568 3200 5638 γινώσκουσιν,
3237 5569 3332 5622 ὑπ’
3369 5560 3570 5622 ἐκείνης
3601 5555 3662 5612 γε

2115 5667 2213 5730 τὰς
2245 5667 2448 5735 φρένας
2480 5664 2872 5735 βεϐλαμμένοι,
2903 5665 2996 5717 και
3025 5663 3179 5734 παρὰ
3221 5661 3422 5733 φαῦλον
3453 5649 3656 5716 ἄγουσιν

2115 5757 2492 5828 ἐγνωσμένην.
2513 5756 2624 5810 Καὶ
2644 5756 2765 5810 οὐδὲ
2790 5755 3141 5810 αἰσθάνονται
3161 5755 3335 5811 ταῦτα
3359 5744 3649 5814 πάσχοντες’

2119 5851 2222 5906 Ἢν
2253 5849 2310 5904 δὲ
2336 5852 2449 5909 τοῖς
2494 5851 2679 5910 αὐτοῖς
2708 5847 2939 5913 ἐκείνοις
2974 5847 3087 5921 ἁλῷ
3116 5865 3202 5914 τις
3246 5850 3427 5906 ἔτεοος
3450 5829 3652 5890 πάθεσιν
