3958 6456
366 383 474 450 497

1775 343 2057 453 ΟΒΑΤἸΟ
2089 392 2192 454 VI.

3510 393 3617 458 498

369 506 466 558 xui
496 502 652 568 αὖθις
677 506 798 569 ταῖς
823 507 1017 571 αὐταῖς
1054 510 1276 581 ἀρεταῖς
1306 514 1450 582 φανῇ
1482 513 1843 583 κεχρημένος,
1875 512 1930 565 αἱ

2041 509 2148 562 imo
2190 524 2255 564 ne
2284 508 2499 579 quidem
2537 511 2778 565 sentiunt
2801 512 2915 566 haec
2943 512 3045 565 sibi
3077 511 3344 566 accidere.
3393 509 3487 564 Sin
3523 511 3619 563 ali-

371 597 473 666 μὲν
500 598 693 667 ἀρεταὶ
719 599 778 653 ἐν
806 600 971 672 λήθῃ·
1007 603 1189 673 ψῆφος
1231 605 1288 658 δέ
1316 623 1400 668 τις
1436 604 1558 660 κατ’
1588 604 1770 659 αὐτῶν
1801 607 1940 676 μετὰ

366 689 722 760 σκωμμάτων
756 691 1128 764 ἐξενήνεκται.
1178 698 1286 751 Καί
1327 715 1431 764 τοι,
1480 699 1534 753 τί
1581 697 1752 753 πολλά
1794 716 1937 768 φημι

363 783 547 852 πάθης
581 783 650 836 ἂν
695 787 804 856 γὰρ
834 786 1066 860 ἐλεγχθῇ
1111 808 1195 854 τις
1238 793 1510 847 δουλεύων
1555 793 1636 847 ἐνὶ
1667 793 1746 863 τῷ
1773 794 1937 848 πάθει

361 873 458 924 καὶ
490 874 659 942 μόνῳ,
682 877 781 930 καὶ
819 878 994 951 τούτῳ
1033 898 1096 947 γε
1142 882 1252 934 τῶν
1290 885 1640 954 κουφοτέρων
1678 881 1819 939 εἶναι
1852 886 1938 940 δο-

362 962 628 1031 κούντων,
663 965 829 1031 εὐθὺς
868 971 1076 1040 ἀκήκοε
1105 974 1238 1043 παρ’
1267 975 1469 1042 αὐτῶν,
1501 974 1563 1029 '0
1601 975 1868 1047 σχέτλιος,
1907 977 1934 1031 ὁ

292 1139 295 1141 _
358 1052 551 1120 τάλας,
581 1055 750 1110 πολλά
781 1058 970 1131 ἕτερα.
1005 1064 1115 1116 Καὶ
1136 1058 1181 1116 ὦ
1215 1067 1300 1129 σὺ,
1331 1067 1513 1130 ποίαις
1545 1067 1834 1123 κολάσεσιν
1860 1069 1935 1122 ὢν

360 1145 685 1214 ὑπεύθυνος,
729 1149 790 1202 οὗ
841 1156 1262 1219 καταποντίζεις
1317 1159 1575 1227 σεαυτόν;
1629 1160 1706 1214 Οὐ
1754 1160 1935 1214 τοίνυν

321 1242 330 1249 “
357 1235 814 1305 ἀπαλλάττονται,
846 1243 953 1313 πρὸ
967 1246 1062 1299 τοῦ
1086 1247 1179 1300 τὸν
1211 1249 1498 1318 ἄνθρωπον
1524 1252 1693 1318 δεῖξαι
1724 1249 1936 1324 μυρίων

357 1327 489 1380 ὅντα
511 1330 790 1386 κολάσεων
812 1334 980 1402 ἄξιον,
1007 1339 1269 1411 ῥητορεία
1295 1341 1586 1414 θαυμαστῇ
1613 1344 1751 1413 πρὸς
1777 1344 1934 1400 τοῦτο

355 1419 656 1489 χρώμενοι.
683 1425 806 1478 Εἴτε
841 1430 950 1498 γὰρ
979 1430 1177 1484 νωθεία
1210 1433 1297 1496 τίς
1335 1435 1452 1487 ἐστι
1481 1435 1541 1488 τὸ
1571 1435 1932 1507 διαϐαλλόμε-

313 1541 319 1545 -
354 1528 466 1576 νον,
497 1513 596 1566 εἴτ’
625 1515 889 1587 ὀλιγωρία
917 1520 1054 1590 πρὸς
1087 1523 1352 1592 τάγαθὸν,
1382 1526 1414 1594 ἡ
1451 1527 1477 1579 ὃ
1503 1527 1556 1580 τί
1583 1545 1691 1598 περ
1724 1528 1792 1583 ἂν
1825 1530 1933 1584 τῶν

356 1601 614 1657 ὁπωσοῦν
675 1609 734 1660 ού
775 1609 979 1678 καλῶν,
1013 1614 1329 1682 ἐξαίρουσιν
1369 1618 1501 1672 αύτδ
1539 1620 1660 1688 μεθ’
1693 1622 1932 1691 ὑπερσο-

354 1693 475 1762 λῆς·
510 1697 610 1759 τὰς
659 1699 706 1750 δ’
735 1701 1152 1773 ἐνυπαρχούσας
1200 1710 1350 1780 αύτῷ
1399 1711 1621 1778 ἀρετὰς,
1666 1715 1781 1769 κᾶν
1823 1716 1933 1768 τῶν

357 1787 502 1855 ἄγαν
531 1789 934 1862 δυσπορίστων,
954 1799 1049 1850 καὶ
1071 1799 1538 1872 δυσκατορθώτων
1561 1793 1697 1860 ὦσιν
1723 1804 1932 1877 ἀνθρώ-

355 1895 501 1970 ποις,
527 1887 929 1970 νενοθευμένας
965 1891 1074 1943 οἵδε
1102 1893 1330 1950 καλοῦσι
1359 1896 1447 1950 διὰ
1477 1899 1580 1969 τὴν
1605 1899 1704 1970 τῆς
1734 1900 1936 1965 κακίας

353 1965 656 2062 ἐπιμιξίαν.
684 1970 821 2028 Εἶτα
837 1977 953 2040 πῶς
971 1977 1180 2045 ἐκεῖνος
1196 1983 1294 2049 μὲν
1311 1965 1934 2062 κακδςμέάμςέιρρεπὴς.

357 2059 424 2153 ait
447 2060 492 2112 δ’
523 2063 713 2133 ἐκείνῳ
743 2068 921 2122 πάντα
958 2071 1034 2124 ὢν
1057 2073 1150 2127 καὶ
1186 2077 1285 2147 τὴν
1311 2077 1531 2148 ἀρετὴν,
1549 2081 1644 2134 καὶ
1771 2059 1935 2153 πονή-

355 2152 482 2248 ρίαν
502 2154 816 2248 ἐφάμιλλος,
833 2161 1105 2229 βέλτιστος
1127 2165 1192 2218 ἂν
1208 2168 1345 2236 εῖῆς,
1367 2169 1461 2222 καὶ
1477 2167 1710 2239 ἀγαθόςς
1739 2175 1810 2229 ’Ἦ
1829 2176 1937 2248 γὰρ

355 2243 611 2334 κάκεῖνος
635 2250 864 2318 ἀγαθὸς,
883 2253 1070 2322 ὅμοιός
1093 2274 1197 2310 σοι·
1222 2259 1254 2328 ἢ
1280 2261 1376 2314 καὶ
1399 2261 1462 2314 σὺ
1495 2263 1715 2327 πάντως
1741 2243 1934 2334 κακὸς,

304 2415 308 2418 Ὗ
357 2333 475 2396 ἴσος
493 2334 568 2389 ὢν
595 2338 790 2412 ἐκείνῳ
809 2342 887 2412 τῷ
915 2346 1068 2415 παρά
1100 2347 1184 2400 σοὶ
1217 2351 1519 2423 καταδίκῳ.
1539 2355 1646 2407 Καὶ
1671 2358 1800 2426 μὴν,
1833 2357 1937 2411 κάν

355 2426 535 2498 τούτῳ
565 2431 913 2500 πλεονεκτεῖς
942 2439 1023 2502 είς
1045 2443 1105 2491 τὸ
1131 2443 1392 2513 πονηρὸν,
1418 2445 1501 2498 ὅτι
1539 2449 1720 2514 μισεῖς
1744 2448 1804 2501 οὐ
1841 2466 1935 2517 μισ

355 2519 640 2611 σούμενος,
657 2525 752 2577 καὶ
772 2529 1122 2598 κατακρίνεις
1141 2532 1405 2601 ἐκείνους,
1427 2532 1607 2605 ὑφ’ὦν
1624 2539 1686 2591 ού
1708 2538 1937 2611 πάσχεις

355 2608 521 2672 αὐτὸς
542 2611 609 2665 τὰ
638 2613 752 2668 (ea.
772 2615 928 2682 Ἀλλ’,
952 2619 1026 2682 ὡς
1061 2620 1259 2690 ἔοικεν,
1283 2625 1676 2696 εὐχερέστερον
1703 2608 1937 2698 πρδςντά

353 2701 504 2798 κακὰ
540 2705 865 2798 pho—pleni}
913 2711 1066 2780 πρὸς·
1101 2713 1366 2798 τάναγτία
1426 2716 1662 2782 τούτοις.
1706 2719 1787 2775 Τά
1831 2723 1936 2790 μὲν

355 2791 468 2860 γὰρ
498 2791 604 2844 τῶν
660 2794 837 2850 ἄλλων
879 2798 1044 2866 ὀξέως
1085 2791 1337 2874 ὁρῶμεν⁸
1377 2807 1515 2877 πρὸς
1541 2807 1600 2860 δὲ
1629 2809 1701 2864 τὰ
1757 2811 1938 2868 οἰκεῖα

355 2885 504 2937 κακά
536 2883 659 2938 οὔτε
689 2886 968 2960 ὀφθαλμὸν
993 2892 1212 2962 ἔχομεν,
1246 2895 1370 2950 οὔτε
1401 2895 1514 2962 οὖς,
1547 2900 1671 2954 οὕτε
1697 2903 1900 2970 γνῶσιν
1919 2919 1934 2935 ⁸

355 2973 483 3028 οὕτε
519 2977 624 3046 μὴν
663 2979 920 3052 ἐθέλομεν
968 2984 1134 3055 ἔχειν.
1167 2988 1242 3042 Οὐ
1288 2991 1396 3062 μὴν
1426 2993 1561 3047 ἀλλά
1603 2996 1698 3048 καὶ
1747 2997 1936 3069 ἕτερον

355 3068 506 3123 ἐστιν
559 3070 689 3124 ίδεῖν
736 3073 794 3128 ὲν
840 3076 976 3147 ἡμῖν
1025 3079 1331 3150 γινόμενον,
1378 3083 1531 3138 οὐδὲν
1587 3085 1814 3155 ἄμεινον
1841 3068 1934 3143 τοῦ

357 3162 736 3234 προτέρου,.εί
771 3167 843 3238 μὴ
879 3168 977 3222 και
1007 3170 1186 3244 πολλῷ
1221 3175 1529 3244 χεῖρον.Τά
1561 3177 1662 3244 μὲν
1690 3179 1800 3249 γὰρ
1828 3179 1936 3232 τῶν
1966 3159 2010 3222 (Ξ

356 3253 535 3309 ἄλλων
565 3255 1023 3331 πλεονεκτήματα
1049 3261 1125 3328 ὡς
1156 3266 1574 3320 ἐπιτοπλεῖστον
1606 3269 1732 3324 οὐδὲ
1769 3272 1940 3340 γινώ-

359 3363 588 3416 σκομεν.
632 3351 808 3404 Πολλὰ
859 3353 924 3420 δ’,
959 3346 1032 3409 ὧν
1072 3357 1496 3429 ἀφεστήκαμεν,
1523 3361 1632 3433 ὅσῳ
1683 3364 1777 3416 καὶ¹
1829 3365 1941 3417 τῶν

365 3434 711 3504 Ἡρακλείων
745 3443 959 3514 στηλῶν
999 3445 1070 3498 τά
1106 3447 1442 3518 ὑπερόόρεια
1479 3451 1645 3522 μέρη,
1682 3452 1816 3523 ἡμῖν
1847 3453 1940 3506 αὐτ

357 3529 472 3591 τοῖς
501 3531 832 3604 ἀνατίθεμεν
855 3548 872 3565 ⁸
918 3537 1014 3590 καὶ
1063 3538 1160 3608 τὴν
1211 3540 1386 3611 ὀφρὺν
1414 3542 1491 3606 ὡς
1521 3542 1762 3611 μάλιστα
1803 3546 1936 3600 ἀνα-

362 3621 637 3690 σπῶντες,
705 3630 930 3696 κρατεῖν
985 3630 1250 3700 δοκοῦμεν
1304 3635 1400 3688 καὶ
1455 3635 1576 3688 οὐδὲ
1632 3637 1769 3706 μετά
1831 3637 1941 3691 τῶν

361 3715 667 3785 ἀνθρώπων
727 3716 870 3773 sivit
917 3723 1236 3794 νομίζομεν,
1281 3725 1398 3778 ἀλλ’
1427 3730 1485 3781 ὲν
1539 3729 1772 3799 οὐρανοῦ
1799 3781 1802 3788 ,
1833 3747 1940 3784 τινι

367 3805 568 3878 μοίρᾳο
605 3809 697 3861 καὶ
741 3811 767 3863 ὃ
796 3812 860 3882 δὴ
893 3813 1170 3883 χείριστον
1218 3815 1464 3881 πάντων,
1520 3818 1692 3887 αὐτὴν
1739 3819 1803 3890 δὴ
1841 3819 1941 3889 τὴν

363 3899 693 3969 κακίαν,τὴν
714 3901 769 3954 ὲν
799 3905 954 3972 ἡμῖν,
978 3905 1118 3974 ὑπὲρ
1138 3907 1238 3969 τὰς
1271 3908 1380 3960 τῶν
1409 3907 1587 3962 ἄλλων
1609 3909 1741 3973 ἴσως
1765 3910 1942 3982 ὑπάρ-

362 4007 585 4059 χουσαν,
620 3993 823 4065 ἀρετὴν
855 3997 1369 4067 προσαγορεύομεν·
1413 3998 1508 4052 καί
1539 4015 1643 4052 που
1683 4001 1780 4054 καὶ
1823 4017 1942 4054 πει-

365 4079 590 4149 ρώμεθα
608 4082 812 4153 ταύτην
847 4085 988 4154 ὑπὲρ
1020 4087 1116 4150 τὰς
1149 4088 1256 4140 τῶν
1289 4089 1505 4143 πάντων
1531 4089 1938 4164 ἀποδεικνύναι.

363 4173 440 4224 Οὐ
479 4175 583 4242 μήν
626 4190 690 4241 γε
729 4177 892 4246 μέχρι
926 4179 1122 4232 τούτου
1158 4179 1449 4249 ῑστάμεθα,
1484 4181 1619 4236 ἀλλά
1665 4180 1762 4236 καὶ
1805 4183 1940 4252 φθο-

363 4261 566 4331 νοῦμεν
609 4266 722 4327 τοῖς
763 4267 990 4333 ἀγαθοῖς
1016 4269 1269 4340 ἀνδράσι,
1300 4274 1394 4325 καὶ
1432 4271 1534 4336 τὰς
1559 4273 1784 4329 ἐκείνων
1808 4277 1942 4346 ἀρε-

362 4352 460 4415 τὰς
493 4353 689 4418 κακίας
718 4356 1130 4428 ἁποκαλοῦμεν.
1156 4363 1424 4432 Πρόσεστι
1451 4363 1510 4417 δέ
1545 4381 1597 4417 τι
1629 4365 1724 4418 καὶ
1753 4367 1938 4434 βδελυ-

361 4444 511 4510 κτὺν,
537 4447 599 4500 τδ
662 4449 796 4518 μηδὲ
849 4450 1133 4521 ἑρυθριᾷν,
1181 4452 1317 4506 ἀλλὰ
1372 4453 1468 4506 καὶ
1515 4453 1744 4525 ἀναίδην
1798 4452 1943 4509 οὕτω

363 4541 584 4607 χωρεῖν,
635 4540 719 4610 ἐφ’
748 4537 828 4603 οἷς
859 4543 1029 4614 ἐχρῆν
1077 4544 1542 4612 ἑγκαλύπτεσθαι,
1574 4545 1764 4617 ὥσπερ
1791 4546 1859 4602 ἂν
1891 4548 1946 4600 εί

363 4641 447 4688 τις
497 4627 635 4696 ἀνὴρ
692 4629 860 4684 ποιῶν
915 4632 1102 4687 ἐκεῖνα
1169 4635 1627 4706 παρῤησιάζοιτο,
1669 4636 1737 4689 δι’
1767 4631 1844 4692 ὧν
1877 4636 1944 4692 ἂν

366 4717 560 4787 ἔμελλε
582 4721 1104 4791 στεφανωθήσεσθαι
1123 4741 1138 4757 ο
1172 4729 1266 4782 καὶ
1288 4729 1550 4798 ἐοίκαμεν
1579 4733 1765 4798 σοφοῖς
1789 4734 1870 4796 είς
1885 4734 1945 4787 τὸ

363 4810 720 4878 κατακρίνειν
748 4813 876 4874 τοὺς
904 4813 1098 4879 ἄλλους
1124 4831 1137 4846 ο
1179 4818 1248 4871 τὰ
1303 4817 1360 4871 δὲ
1396 4819 1519 4874 καθ’
1553 4821 1715 4891 ἡμῶν
1763 4822 1946 4876 αὐτῶν

322 4897 328 4904 ’
366 4901 648 4971 ἐπιμελῶς
679 4904 1036 4975 πράττοντες,
1073 4908 1330 4980 οὐδαμῶς
1358 4911 1767 4984 αἰσθανόμεθαο
1803 4915 1862 4968 οὗ
1894 4917 1946 4969 τί

367 4993 488 5044 ποτ’
517 4993 583 5047 ἂν
610 4998 794 5065 χεῖρον
827 5000 1025 5068 φανείη
1046 4999 1245 5065 ς”Οπου
1264 5003 1374 5074 γάρ
1407 5004 1729 5075 ἀσύμφορόν
1755 5023 1816 5058 τε
1851 5008 1947 5059 καὶ

369 5083 632 5155 βλαϐερὸν
656 5089 711 5140 ὲν
742 5091 843 5156 ῖσῳ
875 5093 946 5146 τὰ
970 5093 1132 5164 ἡμῶν
1165 5097 1370 5158 αὐτῶν,
1408 5099 1506 5154 καὶ
1541 5099 1609 5152 τά
1637 5100 1746 5152 τῶν
1769 5101 1956 5155 ἄλλων,

366 5173 746 5244 ἁμαρτήματα
778 5182 988 5251 κρίνειν
1007 5184 1204 5252 (οὐδεὶς
1220 5188 1329 5259 γὰρ
1351 5185 1463 5247 οῐδε
1485 5189 1554 5244 τά
1595 5190 1692 5245 τοῦ
1723 5191 1944 5262 ἕτερον’

365 5265 483 5329 καὶ,
521 5264 786 5334 ἕκαστος
829 5273 893 5324 τὸ
943 5273 1099 5328 ἴδιον
1125 5280 1376 5346 φορτίον
1420 5279 1775 5354 βαστάσει),
1817 5283 1947 5336 ὅταν

366 5356 480 5418 τοῖς
501 5357 599 5425 μὲν
618 5359 798 5422 ἄλλοις
829 5361 1043 5434 βαρέως
1067 5367 1442 5439 ὲπικεώμεοα,
1466 5371 1566 5425 καὶ
1592 5366 1744 5441 ὦμεν
1768 5372 1950 5444 ἁπαρέ

368 5447 586 5517 αίτητοι
633 5450 893 5508 δικασταὶ
941 5457 1116 5528 μικρά
1179 5459 1274 5513 τοῦ
1320 5463 1649 5533 γιγνομένου
1684 5463 1949 5531 παρεξελ-

372 5537 549 5607 θοῦσι,
581 5543 649 5596 τὰ
677 5545 723 5596 δ’
752 5546 1000 5617 ἡμέτερα
1031 5553 1196 5617 κακὰ,
1221 5553 1342 5606 οὐδὲ
1367 5555 1583 5624 φορητά
1603 5557 1764 5626 τυχὸν
1792 5557 1942 5625 ὄντα,

375 5637 925 5708 μετεγκεντρίζωμεν
979 5644 1059 5706 εἰς
1111 5645 1606 5716 πλεονεκτήματα,
1668 5649 1786 5712 πῶς
1847 5651 1948 5722 οὐκ

372 5722 562 5792 ὥσπερ
599 5725 910 5799 ἐξεπίτηδες
927 5733 998 5787 τὰ
1035 5734 1156 5789 καθ’
1188 5737 1343 5808 ἡμῶν
1365 5739 1545 5793 αὐτῶν
1579 5741 1930 5811 πράττομενς

430 5841 445 5872 ¹
475 5839 650 5904 Galal.
675 5859 749 5909 Vt,
783 5845 839 5902 5.

2042 613 2107 652 us
2159 599 2426 668 quispiam
2478 602 2532 655 in
2567 601 2755 657 eadem
2788 602 3043 657 inciderit
3087 599 3237 670 vitia,
3291 609 3344 656 et
3376 601 3618 655 vicissim

2041 689 2332 746 virtutibus
2389 691 2580 748 iisdem
2617 701 2786 748 semel
2821 694 3148 758 exercuerit,
3201 693 3331 760 ipsa:
3385 695 3619 748 virtutes

2041 779 2296 837 oblivioni
2327 784 2633 848 traduntur,
2658 794 2712 839 et
2757 786 3018 840 adversus
3043 799 3134 839 eos
3159 784 3430 840 sententia
3459 784 3617 851 plena

1987 902 1992 906 -
2039 871 2247 926 cavillis
2276 871 2569 942 profertur.
2601 873 2665 927 Et
2687 874 2813 940 quid
2838 888 2936 943 ego
2962 875 3118 940 plura.
3138 873 3444 928 dico'vitia?
3475 872 3616 925 Nam

2040 963 2228 1031 siquis
2256 965 2539 1020 convictus
2599 965 2760 1019 fuerit
2813 967 2904 1020 uni
2983 969 3356 1021 tantummodo
3411 966 3622 1022 servire

2039 1055 2197 1120 vitio,
2235 1056 2486 1125 quodque
2538 1056 2712 1112 leVius
2763 1057 2927 1110 etiam
2961 1071 3082 1112 esse
3129 1058 3399 1117 videatur,
3436 1057 3617 1110 statim

2039 1146 2106 1200 ab
2138 1146 2243 1202 illis
2271 1149 2438 1212 audit,
2467 1147 2630 1203 Miser
2663 1147 2773 1212 ille,
2812 1148 2998 1205 infelix
3054 1149 3164 1211 ille,
3199 1149 3420 1218 aliaque
3459 1149 3620 1218 plura

2037 1237 2198 1305 talia;
2232 1238 2383 1302 item,
2411 1237 2456 1294 Ο
2491 1249 2568 1306 tu,
2616 1240 2857 1310 qualium
2893 1255 3020 1295 reus
3057 1239 3453 1309 suppliciorum
3512 1255 3619 1293 non

2038 1330 2266 1399 teipsum
2303 1331 2612 1399 damergis?
2636 1333 2820 1402 itaque
2846 1347 2954 1386 non
2982 1333 3235 1388 desinunt
3269 1332 3419 1400 prius
3453 1346 3616 1399 quam

2037 1423 2403 1490 ostenderim,
2455 1425 2729 1481 hominem
2764 1436 3016 1482 sexcenta
3046 1426 3297 1480 meritum
3329 1424 3621 1493 supplicia.

2037 1513 2213 1579 Quam
2241 1521 2307 1572 ad
2341 1532 2452 1572 rem
2482 1518 2788 1572 admirabili
2821 1517 3074 1573 facundia
3103 1517 3339 1584 quadam
3368 1525 3616 1574 utuntur:

2037 1622 2160 1662 nam
2195 1609 2312 1663 sive
2343 1609 2559 1678 ignavia
2581 1619 2664 1665 est
2694 1626 2814 1679 quae
2846 1610 3062 1665 crimini
3091 1609 3268 1672 datur,
3295 1608 3410 1662 sive
3436 1607 3620 1677 segni-

2038 1701 2138 1756 lies
2163 1701 2230 1755 ad
2259 1701 2487 1765 bonum,
2533 1703 2614 1757 vel
2643 1703 2858 1771 quidvis
2908 1702 3052 1757 aliud
3095 1716 3421 1772 quocunque
3462 1703 3621 1754 modo

2037 1808 2146 1847 non
2176 1793 2399 1859 bonum,
2441 1795 2669 1849 nimium
2698 1803 2960 1865 quantum
3011 1809 3122 1849 rem
3157 1794 3303 1849 illam
3354 1793 3620 1847 extollunt

2039 1892 2094 1938 et
2113 1884 2482 1952 amplificant;
2527 1900 2648 1953 quae
2691 1900 2820 1940 vero
2843 1895 2971 1941 sunt
2993 1885 3045 1938 in
3071 1885 3152 1940 eis
3173 1883 3426 1946 virtutes,
3457 1899 3620 1953 quam

2040 1975 2123 2028 vis
2143 1974 2434 2029 admodum
2465 1974 2574 2030 sint
2610 1976 2878 2044 acquisitu
2913 1975 3178 2040 difﬁciles,
3212 1975 3466 2044 quamvis
3525 1988 3619 2028 eas

2042 2066 2290 2122 homines
2319 2068 2532 2137 assequi
2563 2067 2647 2120 vix
2670 2073 2900 2135 possint,
2955 2076 3134 2121 tamen
3187 2066 3405 2122 vitiatas
3434 2067 3490 2120 hi
3525 2081 3621 2121 vo-

2039 2167 2165 2214 cant
2215 2168 2437 2229 propter
2484 2159 2802 2214 vitiositatis
2831 2160 3232 2215 admistiouem.
3259 2157 3325 2212 Et
3382 2173 3619 2228 quonam

2039 2251 2129 2306 llle
2159 2261 2314 2319 pacto
2365 2250 2543 2305 malus
2593 2260 2698 2317 est,
2749 2252 2804 2306 in
2852 2263 3148 2321 utramque
3201 2249 3356 2320 quasi
3409 2258 3619 2319 partem

2037 2343 2412 2411 propendens:
2448 2353 2526 2407 tu,
2557 2343 2648 2412 qui
2675 2343 2722 2397 ei
2755 2357 2853 2412 per
2883 2344 3063 2397 omnia
3095 2357 3193 2411 par
3217 2356 3298 2408 es,
3342 2342 3458 2396 sive
3506 2357 3622 2395 vtr-

2040 2442 2231 2498 tutem,
2263 2433 2379 2488 sive
2409 2434 2730 2503 pravitatem
2763 2445 3089 2502 spectemus,
3124 2436 3376 2504 egregius
3429 2434 3506 2488 sis
3537 2444 3621 2486 at-

2039 2540 2146 2598 que
2190 2525 2402 2584 bonus?
2447 2525 2556 2580 Aut
2589 2525 2731 2580 enim
2765 2534 2820 2584 et
2853 2525 2971 2596 ipse
3002 2526 3198 2591 bonus,
3241 2527 3331 2596 qui
3361 2525 3435 2580 tui
3469 2527 3622 2580 simi-

2037 2617 2128 2683 lis,
2175 2625 2270 2672 aut
2326 2627 2380 2670 tu
2430 2630 2646 2686 quoque
2693 2615 2866 2671 malus
2911 2609 3228 2672 omnimodo
3272 2617 3364 2686 qui
3422 2619 3519 2672 alis
3569 2628 3622 2671 te

2040 2708 2398 2764 condemnato
2424 2723 2520 2777 par
2543 2722 2624 2763 es.
2656 2707 2799 2774 Quin
2827 2709 2991 2763 etiam
3019 2709 3071 2762 in
3102 2711 3200 2763 hac
3223 2721 3374 2780 parte
3397 2725 3620 2778 superas

2039 2801 2189 2857 illum
2212 2801 2439 2856 alterum
2461 2802 2748 2871 pravitate,
2774 2802 2916 2871 quod
2941 2802 3066 2856 odio
3090 2804 3463 2871 prosequaris,
3494 2818 3618 2857 eum

2042 2893 2158 2963 ipse
2193 2907 2300 2955 non
2352 2893 2428 2948 sis
2467 2893 2540 2948 illi
2576 2894 2726 2958 odio,
2753 2896 3008 2964 quodque
3029 2897 3253 2949 damnes
3307 2909 3401 2950 eos
3429 2895 3520 2964 qui
3553 2895 3621 2948 ti-

2045 2985 2100 3040 bi
2137 3000 2236 3055 par
2268 2998 2366 3054 pro
2403 2985 2518 3051 pari
2557 2999 2660 3040 non
2689 2983 2953 3039 referunt.
2979 2983 3110 3048 Sed,
3144 2984 3223 3038 uti
3260 2983 3491 3046 videtur,
3541 2983 3622 3036 fa-

2040 3077 2198 3133 cilius
2229 3076 2296 3130 ad
2357 3075 2500 3129 mala
2533 3090 2693 3144 quam
2725 3076 2866 3131 bona
2926 3075 3198 3145 proclives
3235 3089 3446 3130 sumus.
3483 3074 3621 3127 Nam

2043 3178 2202 3222 acute
2254 3167 2485 3223 aliorum
2518 3167 2648 3222 vitia
2703 3167 3003 3234 cernimus,
3033 3167 3088 3220 in
3125 3167 3332 3220 nostris
3362 3179 3623 3219 nec-ocu-

2044 3256 2155 3312 lum
2187 3257 2468 3322 habemus,
2495 3271 2599 3312 nec
2630 3271 2837 3322 aurem,
2869 3271 2970 3310 nec
2997 3256 3158 3310 ullam
3184 3255 3618 3323 intelligentiam,

2043 3363 2108 3402 ac
2142 3361 2214 3401 ne
2249 3347 2467 3416 quidem
2501 3347 2700 3401 habere
2732 3346 3001 3400 volumus.
3065 3346 3176 3399 lmo
3219 3347 3402 3398 videre
3441 3354 3525 3397 est
3572 3353 3626 3394 rt

2043 3439 2188 3493 aliud
2237 3439 2492 3508 quiddam
2547 3437 2700 3492 nobis
2731 3437 3006 3498 accidere,
3069 3436 3244 3490 nihilo
3309 3435 3499 3488 melius
3535 3434 3625 3486 illo

2043 3533 2246 3601 priore,
2279 3533 2324 3586 si
2350 3547 2454 3584 non
2493 3530 2660 3585 nmlto
2685 3544 2900 3601 quoque
2924 3530 3164 3584 deterius
3186 3538 3288 3583 cst.
3323 3528 3457 3582 Nam
3503 3541 3625 3596 quae

2043 3624 2097 3677 in
2129 3623 2249 3676 aliis
2273 3623 2476 3676 eximia
2532 3632 2683 3687 sunt,
2723 3624 3042 3691 plerumque
3083 3637 3190 3675 non
3239 3621 3620 3690 agnoscimus:

2045 3721 2101 3767 at
2127 3711 2311 3776 multa,
2350 3711 2561 3781 longius
2593 3726 2623 3764 a
2676 3712 2874 3781 quibus
2913 3712 3170 3767 absumus
3198 3726 3361 3779 quam
3394 3726 3421 3762 a
3456 3713 3626 3780 parti.

2041 3807 2143 3861 bus
2169 3803 2542 3875 Hyperboreis
2573 3802 2850 3859 Herculeae.
2875 3804 3160 3871 columnae,
3189 3805 3344 3858 nobis
3376 3805 3479 3872 ipsi
3510 3805 3628 3858 vin-

2044 3896 2313 3956 dicamus,
2341 3896 2594 3965 elatoque
2623 3894 2858 3950 maxime
2883 3895 3200 3962 supercilio.
3257 3910 3356 3949 nos
3380 3895 3504 3951 aliis
3535 3911 3625 3950 su-

2044 3989 2287 4059 periores
2315 4002 2438 4043 esse
2471 3997 2741 4055 putamus,
2779 4000 2844 4040 ac
2867 4001 2934 4040 ne
2965 3986 3180 4056 quidem
3201 3986 3341 4041 inter
3377 3987 3627 4044 homines

2043 4094 2164 4135 esse
2216 4094 2316 4135 nos
2363 4079 2730 4142 arbitramur,
2777 4079 2870 4134 sed
2935 4077 3250 4148 quadamin
3302 4088 3455 4148 parte
3511 4095 3627 4136 coa-

2044 4172 2078 4226 li
2107 4189 2120 4225 :
2157 4177 2410 4241 quodque
2435 4175 2676 4226 omnium
2725 4172 3018 4240 pessimum
3047 4180 3150 4237 est,
3170 4173 3341 4240 ipsam
3367 4172 3632 4227 vitiosita-

2045 4279 2152 4322 tem
2184 4281 2303 4337 qua!
2329 4266 2384 4319 in
2423 4266 2577 4321 nobis
2611 4275 2715 4329 est,
2743 4266 3053 4320 vincentem
3103 4266 3335 4319 aliorum
3397 4265 3631 4320 fortasse

2045 4360 2202 4424 vitia,
2251 4358 2507 4412 virtutem
2541 4357 2902 4427 appellamus,
2941 4370 3005 4412 ac
3053 4371 3447 4429 nonnunquam
3505 4372 3633 4426 pru-

2048 4452 2178 4507 bare
2205 4465 2466 4506 conamur
2493 4450 2634 4506 hanc
2669 4465 2834 4520 supra
2861 4452 3092 4506 virtutes
3123 4450 3368 4506 omnium
3397 4452 3636 4518 positam

2049 4558 2191 4601 esse.
2225 4541 2305 4599 Ne
2337 4544 2424 4598 hic
2465 4543 2684 4611 quidem
2735 4544 3062 4608 insistimus,
3112 4543 3207 4598 sed
3259 4543 3416 4598 bonis
3467 4544 3632 4598 etiam

2049 4639 2181 4694 viris
2208 4637 2544 4702 invidemus,
2574 4651 2874 4705 eorumque
2899 4637 3194 4690 virtutibus
3233 4637 3450 4690 nomina
3473 4637 3634 4689 vitio-

2053 4747 2172 4786 rum
2203 4729 2458 4806 indimus.
2523 4728 2695 4782 Simul
2731 4727 3101 4784 abominabile
3154 4726 3414 4796 quiddam
3458 4729 3633 4781 admi-

2051 4837 2191 4880 stum
2214 4832 2318 4888 est,
2349 4821 2494 4890 quod
2530 4834 2600 4874 ne
2639 4818 2858 4888 quidem
2891 4818 3301 4883 erubescamus,
3331 4821 3425 4874 sed
3457 4820 3636 4889 impn-
3745 4813 3752 4820 ’

2051 4915 2243 4969 denter
2293 4914 2430 4968 adeo
2476 4911 2891 4982 progrediamur
2941 4909 2997 4964 in
3035 4908 3105 4966 iis
3139 4925 3370 4978 quorum
3396 4925 3508 4965 nos
3538 4925 3636 4979 pu-

2051 5004 2185 5061 dere
2223 5002 2476 5069 debebat,
2510 5001 2666 5072 quasi
2703 5001 2748 5056 si
2783 4999 3055 5070 quispiam
3105 5014 3228 5056 sese
3266 5000 3519 5054 licentius
3543 5013 3657 5070 ge-.

2055 5105 2161 5160 rat,
2183 5109 2247 5151 ea
2277 5094 2568 5164 designans
2587 5093 2658 5146 ob
2680 5106 2800 5162 quae
2821 5103 3079 5145 coronam
3109 5091 3182 5146 sit
3208 5091 3633 5159 promeriturus:

2056 5188 2302 5256 adeoque
2328 5185 2538 5241 similes
2569 5182 2907 5253 sapientibus
2933 5196 3144 5249 sumus,
3186 5182 3240 5236 in
3265 5183 3638 5239 condemnan-

2056 5283 2138 5336 dis
2167 5281 2320 5344 aliis,
2341 5287 2396 5331 at
2429 5277 2642 5330 interim
2668 5289 2772 5328 non
2811 5274 3278 5342 persentiscimus,
3313 5291 3343 5330 a
3393 5277 3549 5332 nobis
3571 5293 3635 5332 ea

2047 5372 2291 5426 studiose
2325 5369 2438 5424 ﬁeri
2459 5382 2589 5436 quae
2624 5375 2815 5421 contra
2871 5379 2972 5420 nos
3000 5367 3150 5434 ipsos
3181 5368 3313 5423 sint.
3352 5368 3471 5434 Quo
3502 5384 3636 5424 sane

2046 5464 2175 5534 quid
2203 5461 2372 5516 videri
2411 5458 2655 5515 deterius
2706 5457 2921 5526 possit?
2953 5457 3088 5513 Nam
3137 5474 3262 5515 cum
3311 5462 3508 5515 malum
3563 5465 3636 5518 sit

1998 5583 2000 5585 ν
2051 5567 2215 5624 atque
2263 5552 2508 5616 noxium,
2547 5560 2734 5605 nostra
2768 5559 2824 5604 et
2850 5549 3084 5604 aliorum
3117 5562 3340 5620 peccata
3373 5555 3524 5621 paria
3553 5554 3635 5607 fae-

2046 5661 2170 5704 cere
2193 5647 2340 5716 (nam
2379 5644 2556 5699 aliena
2591 5655 2750 5697 nemo
2779 5643 2928 5697 novit
2957 5659 2973 5709 ;
3008 5642 3164 5708 item,
3201 5642 3350 5698 Onus
3404 5644 3625 5712 quisque

2042 5755 2193 5796 suum
2225 5737 2527 5808 portabit‘),
2552 5737 2768 5806 quoties
2791 5737 2913 5791 aliis
2944 5751 3134 5806 graves
3153 5748 3436 5802 sumus,ct
3466 5735 3629 5803 ittex_-_
