3958 6418
419 388 524 474 to)

1564 407 1968 468 MANUELIS
2001 407 2450 472 PAL/EOLOGI

3539 420 3629 484 500

422 501 665 561 orabiles
694 516 909 566 nosmet
957 511 1169 580 judices
1221 515 1275 571 in
1310 531 1403 572 eos
1432 517 1694 588 gerimus,
1729 521 1819 590 qui
1849 521 1986 590 paul.

2100 526 2332 584 Δοκοῦσι
2384 531 2446 602 δή
2497 529 2589 599 μοί
2622 549 2768 598 τινες
2796 535 3102 606 ἀνθρώπων
3129 537 3298 593 δεινόν
3324 555 3376 593 τι
3403 537 3627 608 πάσχειν,

414 591 533 668 lum
592 597 660 652 ab
695 599 867 658 ollicio
910 603 1266 675 deﬂexerunt,
1323 619 1504 665 nostra
1533 627 1662 667 vero
1679 612 1831 678 vitia,
1878 612 1991 668 lor-

415 697 564 750 tasse
590 705 658 745 ne
684 693 960 752 toleranda
985 699 1226 768 quidem,
1248 701 1404 758 factis
1431 705 1648 762 eximiis
1682 707 1992 772 inserimus,

413 779 510 844 qui
542 795 646 836 non
688 783 812 839 data
840 789 990 845 velut
1021 807 1184 862 opera
1217 793 1446 852 facimus
1505 812 1567 852 ea
1631 812 1750 866 quae
1802 808 1992 854 contra

414 885 513 935 nos
537 872 684 941 ipsos
716 887 845 932 sunt
869 881 892 933 ἲ
913 880 1183 939 Nimirum
1223 889 1502 944 nonnullis
1529 890 1852 946 mortalibus
1901 907 1993 947 ac-

412 962 599 1018 cidere
632 967 766 1022 milti
836 973 990 1029 triste
1029 977 1287 1046 quiddam
1329 981 1562 1047 videtur,
1597 983 1687 1052 qui
1714 983 1813 1038 zeli
1863 984 1996 1040 vitio

413 1053 690 1126 laborent,
758 1079 864 1118 non
915 1072 1215 1125 secundum
1276 1075 1612 1132 scientiam‘.
1691 1077 1829 1131 Nam
1864 1093 1995 1133 cru-

415 1147 636 1205 delitate
654 1161 996 1214 commoveri
1026 1161 1300 1232 videntur,
1337 1176 1391 1220 et
1434 1167 1837 1224 inhumanitate
1885 1169 1994 1224 odii

412 1239 570 1307 plena
595 1283 608 1306 ,
667 1246 793 1300 dum
837 1249 986 1307 vitiis
1017 1255 1285 1311 obnoxios
1323 1260 1628 1315 oderuntet
1675 1270 1998 1317 aversantur

412 1344 548 1399 quos
611 1345 664 1390 et
721 1339 962 1406 miserari
1024 1345 1320 1417 debebant,
1357 1358 1413 1405 et
1479 1351 1555 1406 uti
1597 1353 1996 1420 corrigerentur

410 1438 631 1493 operam
691 1433 824 1489 dare
873 1437 1140 1508 :quippe,
1193 1454 1314 1497 meo
1355 1442 1581 1512 quidem
1638 1444 1997 1513 judicio,po-

411 1513 552 1571 tiore
581 1518 635 1572 in
671 1532 825 1588 parte
895 1527 1224 1596 claudicant,
1285 1535 1377 1604 qui
1434 1536 1558 1588 dum
1597 1538 1760 1591 odere
1803 1538 1994 1602 malos,

415 1619 565 1697 ret-te
595 1604 824 1680 faciunt,
857 1629 911 1671 at
965 1621 1094 1676 dum
1131 1624 1298 1680 odere
1347 1627 1738 1697 negliguntque
1770 1630 1910 1697 quod
1941 1644 1998 1684 e-

407 1694 624 1762 jusdem
661 1715 745 1760 est
779 1718 1008 1776 naturae,
1041 1716 1379 1772 contrariam
1411 1694 1462 1772 in
1492 1694 1696 1787 partem
1746 1731 1993 1790 peccant.

411 1790 579 1862 Atqui
609 1801 890 1866 oportebat
940 1818 1060 1873 eos,
1089 1839 1094 1848 -
1134 1811 1479 1878 propriorum
1509 1812 1830 1868 delictorum
1884 1827 1996 1867 me-

411 1899 595 1944 mores
627 1888 770 1958 (qure
804 1889 1039 1951 fortasse
1063 1898 1229 1952 multa
1266 1902 1817 1975 magnaque-fuerint)
1851 1920 1990 1976 pra:-

412 1986 669 2049 tereaqne
699 1989 1112 2052 temperamenti
1141 1990 1299 2056 hujus
1319 1994 1611 2048 essentiam
1640 2010 1984 2052 communem

407 2071 704 2141 intuentes,
738 2091 912 2146 neque
935 2095 1130 2136 novum
1155 2084 1284 2152 quid
1316 2086 1532 2151 ducere,
1577 2087 1620 2142 si
1652 2091 1778 2156 quis
1803 2087 1987 2155 lapsus

408 2162 681 2232 sit,neque
703 2167 1034 2237 voluptatem
1061 2174 1216 2246 quasi
1243 2179 1536 2243 quamdam
1566 2193 1761 2248 capere
1783 2179 1850 2234 de
1867 2195 1985 2232 ma-

407 2253 462 2321 lo
491 2258 636 2325 quod
668 2271 900 2330 cognato
923 2264 1207 2321 acciderit.
1238 2266 1372 2322 Nam
1406 2269 1552 2324 nullo
1575 2271 1735 2324 modo
1760 2285 1817 2324 se
1846 2285 1986 2340 prm-

405 2346 535 2402 bere
573 2350 755 2405 mitem
787 2353 842 2408 in
878 2369 974 2411 eos
1007 2357 1099 2427 qui
1161 2373 1286 2412 cum
1319 2361 1564 2429 ejusdem
1606 2370 1818 2416 natura:
1847 2360 1984 2422 sint.

405 2440 592 2496 miseri
625 2442 756 2499 l’acti
784 2457 935 2514 sunt,
973 2435 1192 2505 virtutis
1214 2465 1334 2506 esse
1362 2452 1569 2520 nequit.
1606 2452 1784 2522 Atque
1828 2453 1982 2522 equi-

404 2532 528 2587 dem
554 2533 696 2590 scire
719 2551 952 2607 nequeo,
981 2541 1128 2595 sitne
1174 2539 1405 2597 durities
1433 2544 1537 2599 ista
1565 2543 1732 2598 nimia
1767 2543 1982 2614 religio-

405 2640 526 2687 sum
568 2627 795 2698 aliquid,
828 2645 892 2686 ac
928 2647 1036 2688 non
1090 2637 1425 2692 contrarium
1483 2635 1704 2704 potius;
1752 2637 1860 2691 imo
1889 2648 1983 2705 po-

408 2718 516 2772 tius
543 2732 694 2775 recte
722 2723 868 2789 novi,
899 2739 1005 2778 non
1027 2739 1147 2781 esse
1173 2727 1226 2781 in
1261 2727 1364 2784 hac
1393 2728 1631 2798 religiosi
1665 2728 1987 2799 quidquam,

407 2810 503 2877 sed
552 2811 710 2881 plane
739 2814 1077 2869 contrarium
1112 2817 1314 2886 potius.
1363 2817 1572 2888 Quippe
1605 2833 1848 2874 morsum
1888 2818 1990 2874 alio

2095 622 2382 688 νοσοῦντες
2413 625 2593 696 ζῆλον,
2623 627 2682 680 οὗ
2719 629 2840 682 κατ’
2880 629 3203 699 ἐπίγνωσιν.
3236 632 3342 684 Καὶ
3379 631 3479 701 γὰρ
3501 630 3630 699 ώμό-

2093 727 2217 782 τητι
2251 716 2595 785 κεκινῆσθαι,
2633 720 2727 773 καὶ
2753 719 3122 793 ἀπανθρωπίᾳ
3149 722 3392 794 γεμούσῃ
3443 721 3631 791 μίσους,

2095 805 2154 858 ἐν
2179 800 2257 870 οἷς
2289 806 2514 878 μισοῦσι
2567 812 2695 876 τοὺς
2745 812 2985 881 φαύλους
3033 813 3217 878 δντας,
3257 815 3348 868 καὶ
3395 813 3638 884 ἀποστρέ-

2097 917 2310 968 φονται,
2359 900 2478 954 δέον
2507 903 2702 968 αὐτοὺς
2740 905 2935 972 ἐλεεῖν,
2959 905 3058 960 καὶ
3106 905 3441 976 διορθοῦσθαι
3468 907 3640 976 πειρᾶ-

2098 993 2245 1047 σθαι.
2272 989 2441 1064 Οἶμαι
2463 996 2575 1065 γὰρ
2598 997 2861 1068 χωλεύειν
2879 1000 3076 1063 αὐτοὺς
3090 1000 3170 1069 τῷ
3191 999 3457 1071 κρείττονι
3479 998 3641 1068 μέρει,

2096 1085 2147 1138 εί
2179 1085 2240 1138 τδ
2271 1087 2370 1156 μὲν
2405 1081 2550 1142 εῖναι
2607 1091 2998 1162 μισοπόνηροι,
3030 1092 3213 1150 καλῶς
3237 1109 3296 1144 τε
3326 1091 3418 1144 καὶ
3456 1089 3510 1143 εὖ
3539 1105 3645 1142 ποιο

2095 1175 2252 1230 οὖσι·
2292 1177 2371 1248 τῷ
2419 1178 2476 1233 δὲ
2528 1182 2708 1250 μισεῖν
2762 1199 2822 1236 τε
2879 1183 2975 1236 καὶ
3025 1184 3273 1254 παρορᾷν
3300 1185 3362 1235 τὸ
3395 1181 3645 1250 ὁμοφυὲς.

2095 1268 2380 1328 τάναντία.
2424 1271 2620 1326 Καίτοι
2653 1289 2763 1344 περ
2794 1275 2964 1344 ἐχρῆν
3005 1275 3205 1339 αὐτοὺς
3247 1275 3354 1327 τῶν
3390 1273 3529 1328 ίδίων
3564 1290 3649 1343 με·

2101 1362 2417 1432 μνημένους
2473 1367 2947 1436 παραπτωμάτων
2985 1362 3122 1438 (εἶεν
3151 1367 3196 1420 δ’
3242 1367 3310 1420 ἂν
3341 1366 3467 1430 ἴσως
3495 1363 3650 1418 πολλὰ

2096 1453 2192 1506 καὶ
2217 1453 2477 1522 μεγάλα),
2505 1451 2624 1509 εἶτα
2649 1458 2747 1510 καὶ
2771 1459 2847 1519 είς
2870 1458 2969 1528 τὴν
2991 1457 3182 1527 κοινὴν
3209 1458 3398 1511 οὐσίαν
3425 1457 3652 1524 ὁρῶντας

2097 1547 2316 1599 τουτουὶ
2357 1545 2454 1598 τοῦ
2492 1549 2799 1616 κράματος,
2837 1551 2973 1618 μήτε
3019 1567 3070 1601 τι
3133 1549 3284 1614 ξένον
3330 1547 3582 1616 νομίζειν,
3608 1546 3652 1597 ei

2097 1639 2358 1692 πέπτωκέ
2382 1656 2488 1703 τις,
2525 1640 2665 1709 μήτε
2715 1639 2902 1710 ὥσπερ
2923 1640 3146 1710 ἥδεσθαι
3174 1641 3252 1710 τῷ
3281 1639 3449 1692 δεινόν
3480 1654 3528 1690 τι
3562 1654 3650 1689 περ

2097 1730 2352 1784 πενθέναι
2385 1731 2447 1784 τὸ
2475 1731 2625 1801 μάλα
2655 1732 2896 1800 γνήσιον.
2929 1733 3000 1782 Τὸ
3031 1730 3142 1803 γὰρ
3188 1729 3314 1800 μηδ’
3361 1725 3654 1782 ὁπωστιοῦν

2099 1823 2516 1890 ὲπικάμπεσθαι
2572 1823 2779 1886 ἀθλίοις
2835 1824 3121 1892 γεγονόσιν
3158 1822 3429 1891 όμοιρυέσι
3467 1818 3539 1888 μὴ
3564 1817 3654 1870 οὐκ

2095 1914 2300 1982 ἀρετῆς
2428 1914 2648 1985 Ταύτην
2695 1915 2808 1984 ἐγὼ
2838 1916 2938 1978 τὴν
2970 1913 3281 1985 ὑπερὸολὴν
3328 1913 3389 1966 οὑ
3436 1911 3654 1980 δύναμαι

2096 2004 2278 2066 καλῶς
2308 2004 2558 2074 συνιδεῖν,
2591 2007 2639 2057 εί
2665 2005 2922 2073 θεοφιλής
2951 2023 3034 2067 τις
3062 2001 3197 2058 οὖσα
3222 2005 3505 2072 τυγχάνει,
3529 1999 3656 2052 ἀλλὰ

2097 2094 2176 2165 μὴ
2216 2097 2328 2148 πᾶν
2362 2095 2700 2152 τούναντίον.
2753 2097 2973 2151 Μᾶλλον
3005 2098 3063 2151 δὲ
3093 2093 3211 2151 οἴδα
3257 2097 3458 2158 καλῶς,
3494 2093 3565 2156 rb;
3599 2091 3655 2145 οὐ

2093 2184 2352 2256 θεοφιλής
2383 2203 2468 2249 τις
2500 2185 2638 2239 οὖσα
2691 2189 2974 2258 τυγχάνει,
3011 2188 3149 2242 ἀλλὰ
3192 2189 3291 2241 καὶ
3333 2185 3516 2254 σαφῶς
3546 2183 3659 2236 τούο

2092 2277 2328 2331 ναντίον.
2353 2277 2655 2333 Δάκνεσθαι
2672 2279 2772 2348 μὲν
2801 2280 2912 2349 γὰρ
2940 2280 3080 2350 ὑπὲρ
3111 2279 3219 2334 τῶν
3247 2276 3659 2348 ἁμαρτανόντων

2093 2368 2418 2438 γιγνόμενόν
2453 2371 2568 2423 ἐστι
2613 2371 2707 2424 καὶ
2746 2371 3047 2441 προσῆκον,
3099 2372 3194 2424 καὶ
3223 2367 3507 2438 γίγνεσθαί
3553 2381 3660 2424 πως

2095 2462 2595 2533 σωφρονεστέρους,
2631 2465 2745 2525 τοῖς
2797 2461 3022 2516 ἐκείνων
3075 2460 3493 2531 παραπτώμασι
3544 2471 3660 2506 παι-

2091 2554 2420 2625 δευομένους
2439 2570 2453 2585 ⁸
2490 2555 2552 2609 οὐ
2584 2555 2840 2626 σκιρτᾷν,
2868 2557 2929 2606 οὐ
2955 2553 3291 2620 παιανίζειν,
3311 2551 3410 2618 οὐχ
3428 2547 3660 2620 ἣδεσθαι.

2093 2645 2287 2719 ὥσπερ
2338 2646 2507 2717 ἄλλης
2554 2645 2772 2715 φύσεως
2820 2644 2990 2716 οὔσης
3015 2648 3115 2716 τῆς
3148 2641 3532 2704 πεπτωκυίας,
3559 2633 3664 2690 ἀλλ’

2093 2734 2251 2809 οἶμαι
2279 2737 2503 2802 τούτους
2542 2737 2860 2790 τούναντίον
2898 2738 2930 2807 ἢ
2962 2739 3208 2807 προσῆκε
3237 2735 3556 2796 ποιοῦντας,
3583 2729 3667 2784 καί⁹

2092 2829 2252 2886 τοῦτο
2318 2830 2554 2900 πάσχειν
2602 2830 2661 2884 τὸ
2711 2831 2934 2885 ἄτοπον.
2983 2828 3326 2898 Λογίζεσοαι
3378 2828 3513 2897 γὰρ,
3569 2823 3670 2875 τῶν

405 2918 568 2972 quem
602 2904 810 2961 sentire
893 2907 1328 2979 delinquentium
1359 2927 1544 2976 causa,
1588 2911 1796 2982 justum
1820 2922 1903 2970 est
1932 2921 1986 2966 et

2091 2924 2267 2978 ἄλλων
2320 2923 2721 2989 ἐκπιπτόντων,
2754 2922 3190 2992 αἰσχυνομένων,
3221 2921 3387 2974 δεινὰ
3434 2916 3666 2986 πασχόνρ

405 3004 850 3065 consentaneum,
901 3000 1245 3071 quodamque
1293 3003 1460 3060 modo
1526 3005 1744 3061 delictis
1793 3017 1984 3060 eorum

2091 3033 2222 3082 των,
2256 3017 2518 3088 ἀμείνους
2565 3016 2740 3081 δόξειν
2791 3017 2885 3070 καὶ
2915 3014 3351 3085 λαμπροτέρους
3383 3009 3534 3080 παρὰ
3560 3005 3670 3074 Θεῷ

404 3087 668 3163 eruditos,
704 3089 1065 3148 modestiores
1096 3091 1237 3149 edici
1267 3111 1371 3151 non
1401 3095 1701 3162 exsultare,
1727 3101 1986 3165 nongova-

2092 3125 2153 3164 τε
2200 3087 2309 3164 καί
2341 3109 2561 3180 κριταῖς
2607 3107 2702 3162 νοῦ
2731 3107 3047 3180 μετέχουσι.
3112 3105 3352 3192 Καίτοι,
3374 3099 3672 3158 τούναντίον

403 3191 486 3264 τε)
520 3193 627 3234 που
655 3181 913 3248 κειιιιιθτθι
943 3183 1096 3252 (Πιθεῖ
1125 3185 1176 3240 εί
1205 3186 1310 3242 alia
1337 3195 1530 3246 nam”
1556 3187 1696 3244 Ῑοτθί
1721 3203 1845 3257 (λειω
1875 3189 1990 3258 1³9·
2016 3199 2058 3258 C
2091 3202 2239 3256 ἅπαν
2270 3203 2389 3258 ἐστὶ
2447 3201 2579 3272 περὶ
2627 3201 2806 3255 αὐτῶν
2857 3199 3094 3254 ἐνταῦθα
3134 3181 3498 3268 λογίσάσθαι.
3533 3194 3672 3248 Γίνε-

403 3284 463 3325 sa
523 3271 616 3326 sit.
679 3270 962 3329 Enimvero
1014 3277 1254 3336 arbitror
1324 3280 1577 3349 equidem
1654 3278 1743 3336 bis
1798 3289 1986 3335 contra

2093 3289 2219 3344 σθαι
2252 3289 2362 3360 γὰρ
2388 3289 2486 3342 καὶ
2520 3270 2728 3343 ἑαυτῶν
2768 3287 2958 3358 πολλῷ
2986 3289 3200 3361 χείρους
3230 3287 3377 3352 τούς
3411 3303 3474 3354 γε
3503 3281 3671 3337 τοιού-

403 3379 567 3435 quam
592 3378 689 3433 par
713 3375 831 3425 erat
863 3367 1172 3435 agentibus,
1197 3369 1300 3426 hoc
1322 3370 1487 3426 etiam
1514 3371 1747 3426 absurdi
1775 3370 1986 3425 accide-

2091 3397 2235 3443 τους.
2289 3379 2490 3434 Φθόνου
2550 3380 2661 3450 γὰρ
2718 3379 3100 3450 ἑγκαθημένου
3154 3380 3271 3440 ταῖς
3332 3377 3564 3448 ψυχαῖς,
3614 3371 3670 3424 οὐ

404 3470 502 3530 re:
530 3456 776 3526 cogitare
799 3457 1056 3512 nimirum
1083 3474 1198 3525 eos,
1255 3460 1380 3516 aliis
1417 3459 1745 3527 labentibus,
1780 3461 1986 3530 pudore

2091 3471 2255 3542 ζήλου
2289 3471 2350 3525 τὸ
2382 3472 2628 3525 τοιοῦτον
2673 3474 2884 3526 κακόνο
2920 3472 3016 3526 καὶ⁴
3064 3467 3175 3526 οἷον
3230 3469 3520 3542 βάραθρόν
3565 3467 3672 3520 ἔστι

402 3545 649 3623 suffusis,
687 3547 802 3602 dira
863 3550 1111 3618 quoniam
1171 3551 1601 3617 incurrentibus,
1638 3541 1698 3608 se
1737 3553 1986 3609 meliores

2091 3564 2147 3618 τὸ
2196 3564 2414 3634 φθονεῖν
2469 3566 2584 3624 τοῖς
2634 3565 2716 3626 είς
2752 3565 2930 3618 ἐκεῖνο
2960 3562 3347 3632 κατενεχθεῖσι
3382 3560 3545 3615 παντί
3576 3575 3670 3611 που

401 3657 468 3728 ac
503 3640 903 3710 splendidiores
931 3641 1149 3699 habitos
1200 3645 1267 3699 iri
1297 3653 1406 3699 tam
1455 3643 1602 3715 apud
1626 3645 1793 3702 Deum
1823 3661 1986 3715 quam

2091 3657 2249 3728 δῆλον
2282 3656 2347 3710 ἂν
2373 3657 2480 3728 εῐη.
2528 3656 2727 3728 Ἐχρῆν
2755 3656 2856 3724 μὲν
2889 3651 2984 3709 οὖν
3022 3655 3221 3717 αὐτοὺς
3271 3651 3674 3722 συγγινώσκειν

397 3723 587 3789 mente
637 3735 890 3802 praeditos
943 3735 1373 3806 judices.Atqui
1441 3737 1600 3806 plane
1654 3737 1985 3794 contrarium

2091 3723 2154 3805 ἐκ
2176 3749 2282 3804 τῶν
2315 3723 2459 3804 ιδεωᾴ
2500 3723 2712 3814 κακών,
2749 3747 3029 3819 ὀλισθηρῷ
3060 3747 3218 3818 πηλῷ
3251 3749 3356 3802 κοιὶ
3392 3745 3672 3817 φυράματι

400 3823 618 3891 quidvis
665 3823 751 3881 hic
783 3824 851 3879 de
887 3825 968 3888 eis
993 3833 1075 3886 est
1106 3827 1530 3888 existimandum
1577 3847 1592 3884 :
1621 3829 1740 3886 ﬁeri
1776 3831 1988 3886 scilicet

403 3916 537 3976 tales
573 3913 744 3977 multo
762 3928 820 3968 se
848 3915 984 3990 ipsis
1009 3917 1334 3977 deteriores.
1375 3920 1588 3993 Quippe
1619 3938 1742 3978 cum
1780 3923 1987 3986 insidet

401 4010 582 4064 animo
605 4007 830 4080 invidia,
883 4023 994 4071 non
1034 4011 1450 4069 admirationem
1479 4014 1756 4086 ejusmodi
1790 4017 1984 4072 vitium

400 4114 667 4169 meretur,
710 4104 821 4159 imo
855 4103 1018 4174 quale
1049 4104 1122 4159 sit
1161 4103 1228 4158 iis
1255 4105 1574 4162 barathrum
1631 4107 1856 4174 invidia,
1894 4108 1985 4178 qui

399 4202 528 4250 sunt
543 4197 595 4249 in
620 4197 723 4252 hoc
743 4198 930 4253 vitium
951 4198 1294 4268 praecipitati,
1322 4200 1495 4265 cuivis
1513 4201 1859 4270 perspicuum
1880 4211 1985 4266 est.

394 4287 665 4342 Nimirum
739 4290 1023 4358 oportebat
1066 4306 1162 4347 eos
1225 4296 1339 4347 suis
1355 4292 1581 4348 edoctus
1611 4295 1793 4361 malis,
1836 4300 1987 4368 igno-

2087 3845 2262 3917 ἔχοντι
2303 3845 2402 3914 τὴν
2438 3841 2674 3916 ὕπαρξιν
2705 3843 2953 3897 συνθέσει
3008 3860 3069 3897 τε
3098 3844 3192 3897 καὶ
3248 3842 3506 3915 διαμάχῃ
3542 3854 3675 3893 στοι-

2089 3939 2251 4007 κείων
2299 3936 2610 4005 τεττάρων,
2663 3933 3058 4003 ἀντικειμένων
3119 3933 3395 3987 ἀθάνατα.
3445 3931 3538 3986 Διὸ
3580 3927 3668 3982 καὶ
3721 3961 3724 3966 -

2090 4020 2298 4083 Παῦλός
2323 4038 2413 4089 μοι
2441 4019 2588 4073 δοκεῖ
2623 4007 2910 4090 μονονουχὶ
2938 4017 3097 4072 ταυτὶ
3125 4019 3457 4089 τραγῳδεῖν,
3489 4009 3666 4068 ταλαί·

2091 4129 2252 4183 πωρα
2283 4114 2465 4182 φήσας
2502 4112 2765 4180 στοιχεῖα.
2811 4111 2874 4162 Oi
2903 4109 2961 4162 δὲ
2986 4107 3241 4162 τοσοῦτόν
3270 4111 3381 4161 εἰσι
3414 4105 3664 4170 καθαροὶ,

2089 4204 2163 4267 ὡς
2191 4205 2286 4258 καὶ
2314 4205 2404 4257 τὸν
2437 4203 2600 4257 καλὸν
2637 4202 2822 4257 Ἥλιοὺ
2851 4201 3014 4271 ζῆλον
3049 4201 3206 4270 κακῷ
3227 4216 3336 4255 τινι
3371 4197 3670 4268 φιλοτιμεῖ-

2091 4297 2214 4351 σθαι
2274 4299 2665 4366 παρενεγκεῖν,
2698 4297 2774 4359 ώς
2835 4296 2938 4350 οὐκ
2973 4294 3093 4349 ἐνὸν
3145 4295 3202 4348 ἐν
3229 4294 3492 4365 βελτίονι.
3533 4288 3670 4344 Ἀλλ’

395 4395 551 4436 εηειό
593 4395 764 4448 prono
795 4380 862 4435 ad
928 4381 1136 4452 lapsum
1200 4383 1319 4438 luto
1381 4393 1545 4454 atque
1596 4401 1810 4455 massae,
1870 4404 1986 4460 quae

2091 4383 2236 4444 οὗτοι
2269 4388 2390 4458 μὲν,
2415 4389 2488 4452 ὡς
2513 4389 2577 4443 ἄν
2615 4405 2747 4442 ποτε
2782 4387 3074 4459 βούλοιντο,
3107 4387 3441 4440 διακείσθων
3463 4401 3478 4417 ⁸
3511 4385 3670 4455 ἡμεῖς

394 4471 612 4542 quidem
695 4474 931 4540 exsistit,
1006 4489 1074 4530 ex
1171 4475 1576 4543 compositione
1692 4494 1983 4550 pugnaque

2091 4480 2146 4535 δὲ
2177 4481 2377 4543 αὐτοὺς
2403 4480 2502 4535 οὐκ
2531 4481 2596 4536 ἄν
2617 4498 2748 4534 ποτε
2773 4481 3074 4550 κρίνοιμεν.
3101 4479 3176 4532 Οὐ
3203 4479 3313 4550 γὰρ
3343 4482 3406 4532 τὸ
3434 4474 3669 4548 Χριστοῦ

395 4575 630 4632 quatuor
656 4567 1048 4620 elementorum
1105 4583 1225 4636 quae
1279 4567 1512 4624 invicem
1568 4569 1673 4625 sibi
1717 4580 1980 4628 aeternum

2091 4573 2519 4643 καθαρπάσομεν
2579 4573 2754 4644 βῆμα·
2795 4574 2844 4626 εί
2867 4572 2912 4626 δ’
2941 4572 3237 4638 ἀξιώσαιεν
3272 4571 3540 4637 δέξασθαι
3575 4569 3672 4634 τὴν

393 4659 998 4729 repugnantzideoque
1061 4659 1260 4714 Paulus
1283 4660 1449 4715 etiam
1491 4675 1552 4715 ea
1597 4663 1727 4718 mihi
1772 4673 1982 4722 tantum

2091 4665 2360 4737 ἡμετέραν
2408 4668 2509 4728 είς,
2537 4665 2698 4718 τοῦτο
2725 4662 2975 4735 γνώμην,
3019 4664 3224 4734 μηδένα
3271 4681 3332 4731 γε
3379 4665 3496 4717 τῶν
3538 4662 3670 4715 πάν-

390 4749 502 4805 ιιόιι
527 4751 730 4821 tragice
759 4752 1121 4820 descripsisse
1149 4753 1386 4838 videtur.
1443 4767 1566 4807 cum
1589 4755 1861 4821 elementa
1902 4759 1986 4836 die

2091 4774 2191 4825 των
2225 4758 2724 4828 κατακρινέτωσαν,
2754 4757 2957 4810 ὁπόταν
2977 4774 3056 4824 -γε
3086 4757 3160 4827 μὴ
3195 4755 3505 4824 βούλωνται
3538 4769 3666 4819 συγ-

387 4839 470 4897 xit
495 4855 830 4896 aerumnosa.
899 4841 962 4896 lli
993 4857 1126 4903 vero
1147 4853 1254 4896 tam
1277 4843 1397 4915 puri
1419 4847 1819 4908 sunt.utetiam
1848 4864 1982 4919 pra-

321 4979 329 4986 .
389 4934 596 4997 clarum
625 4935 755 4989 Elite
778 4934 952 4988 zelum
989 4935 1132 4989 malo
1151 4936 1384 5004 quodam
1415 4937 1597 4996 studio
1618 4941 1838 5005 vincere
1873 4957 1982 5012 ge-

390 5027 581 5090 stiant,
614 5043 739 5082 cum
781 5027 1004 5082 meliore
1030 5028 1334 5095 nonliceat.
1367 5029 1620 5088 Sedenim
1643 5033 1718 5091 uti
1746 5049 1981 5092 sanevo-

390 5119 612 5185 iuerint,
630 5118 808 5172 aﬂ‘ecti
830 5119 960 5185 sint,
979 5135 1078 5175 nos
1096 5135 1193 5176 eos
1213 5123 1628 5194 haudquaquam
1640 5125 1979 5196 iudicemus;

393 5226 500 5266 non
557 5213 702 5266 enim
747 5215 1048 5280 grassando
1096 5212 1300 5270 Christi
1330 5216 1565 5272 tribunal
1621 5219 1967 5282 invademus.

392 5303 616 5368 Quodsi
647 5311 889 5359 nostram
927 5307 978 5360 in
1007 5307 1107 5362 hac
1136 5316 1291 5378 parte
1330 5311 1656 5379 sententiam
1687 5315 1977 5370 admittere

393 5395 788 5462 dignaliuntur,
819 5395 1015 5458 saltem
1039 5400 1309 5455 neminem
1325 5402 1569 5457 omnium
1593 5406 1974 5472 condemnem,

393 5486 838 5554 quandoquidem
869 5489 1085 5543 veniam
1105 5490 1471 5546 dare-nolunt.
1497 5490 1615 5550 Non
1638 5495 1784 5549 enim
1803 5511 1976 5565 usque

394 5577 528 5632 adeo
560 5578 846 5646 ferociant,
872 5581 1014 5635 utab
1045 5581 1150 5638 illis
1170 5597 1232 5638 se
1264 5583 1411 5640 vitiis
1432 5585 1704 5642 immunes
1760 5597 1969 5658 putent,

393 5669 592 5746 quibus
614 5672 825 5726 servire
856 5658 1044 5729 vident
1067 5674 1258 5732 eodem
1277 5686 1429 5748 ortos
1444 5677 1556 5739 luto
1577 5690 1743 5750 atque
1768 5687 1975 5750 tempe-

468 5852 675 5936 filum.
709 5871 764 5940 ξ,

2081 4847 2392 4918 γινώσκειν.
2424 4849 2517 4919 Μὴ
2552 4848 2661 4921 γὰρ
2711 4847 3165 4918 θρασυνέσθωσαν
3194 4849 3251 4911 ἐς
3281 4846 3569 4910 τοσοῦτον,
3596 4845 3670 4906 ώς

2083 4939 2329 5011 νομίζειν
2387 4941 2614 5004 ἑαυτοὺς
2668 4939 2990 5009 ἐλευθέρους
3051 4939 3243 4993 παθών
3301 4930 3666 5000 ὲκείνων,οἷς

2087 5031 2441 5095 δουλεύοντας
2475 5030 2646 5102 ὁρῶσι
2675 5031 2799 5093 τοὺς
2823 5032 2888 5083 ὲκ
2925 5030 3016 5084 τοῦ
3051 5027 3219 5083 αὐτοῦ
3249 5028 3427 5098 πηλοῦ
3474 5046 3532 5081 τε
3579 5027 3669 5079 καὶ

2087 5128 2392 5197 κράματος,
2425 5121 2584 5179 εἶπεν
2630 5125 2695 5179 ἄν
2725 5141 2809 5188 τις
2852 5124 2994 5193 θεῖος
3027 5125 3186 5194 ἀνήρ.
3229 5122 3393 5175 Ἀλλὰ
3424 5122 3535 5191 γὰρ
3576 5119 3668 5173 καὶ

2083 5219 2243 5272 τοῦτο
2285 5216 2542 5283 δεδόσθω,
2573 5216 2666 5287 καί
2698 5216 2895 5285 εἴησαν
2928 5214 3218 5286 μηδοτιοῦν
3261 5212 3666 5283 πεπλημμελη-

2082 5316 2262 5380 κάτες,
2293 5316 2428 5385 μήτε
2457 5314 2663 5381 μεῖζον,
2687 5313 2823 5383 μήτε
2850 5312 3151 5381 ἐλάχιστον,
3177 5310 3294 5364 Τίνι
3327 5309 3429 5361 καὶ
3455 5306 3663 5378 θαρρή-

2084 5424 2288 5470 σουσιν,
2319 5405 2393 5467 ὡς
2427 5404 2535 5472 ἄρα
2560 5404 2695 5457 κάπὶ
2731 5401 2824 5470 τοῦ
2863 5401 3148 5471 μέλλοντος
3179 5397 3483 5468 φυλάξουσι
3513 5414 3572 5449 τε
3596 5394 3662 5446 τὰ

2085 5501 2210 5572 ἤθη,
2244 5498 2340 5552 καὶ
2374 5497 2724 5566 διαμενοῦσιν
2759 5498 2818 5548 ἐν
2845 5497 2956 5556 τοῖς
2985 5493 3171 5555 καλοῖς
3198 5510 3214 5558 ;
3240 5492 3332 5576 ’ξῗίς
3370 5491 3657 5558 μάντεων;

2083 5593 2167 5656 τίς
2219 5591 2508 5664 προφήτης
2563 5587 3017 5658 συμπαραμενεῖν
3063 5584 3246 5646 αὐτοῖς
3293 5582 3427 5650 ἄχρι
3469 5579 3661 5638 τέλους

2083 5687 2184 5758 τὴν
2209 5685 2440 5765 ἀρίστην
2485 5681 2764 5764 πολιτείαν
2814 5681 3088 5749 ἐμήνυσες
3125 5675 3238 5765 Καὶ¹
3273 5673 3380 5744 μὴν
3425 5671 3479 5756 οι
3527 5669 3659 5735 θαυ-
