  <div class='ocr_page' id='page_1' title='image "/cluster/home/n/w/nwhite01/storage/ocr_20150623/156/coo.31924054870617/258.png"; bbox 0 0 3958 6432; ppageno 0'>
   <div class='ocr_carea' id='block_1_1' title="bbox 321 340 421 405">
    <p class='ocr_par' dir='ltr' id='par_1_1' title="bbox 321 340 421 405">
     <span class='ocr_line' id='line_1_1' title="bbox 321 340 421 405; baseline 0.03 -3"><span class='ocrx_word' id='word_1_1' title='bbox 321 340 421 405; x_wconf 79' lang='grc' dir='ltr'><strong>5οι</strong></span> 
     </span>
    </p>
   </div>
   <div class='ocr_carea' id='block_1_2' title="bbox 1752 347 2179 410">
    <p class='ocr_par' dir='ltr' id='par_1_2' title="bbox 1752 347 2179 410">
     <span class='ocr_line' id='line_1_2' title="bbox 1752 347 2179 410; baseline 0 -1"><span class='ocrx_word' id='word_1_2' title='bbox 1752 347 2040 409; x_wconf 72' lang='lat' dir='ltr'><strong>ORATIO</strong></span> <span class='ocrx_word' id='word_1_3' title='bbox 2082 348 2179 410; x_wconf 80' lang='lat' dir='ltr'><strong>Vl.</strong></span> 
     </span>
    </p>
   </div>
   <div class='ocr_carea' id='block_1_3' title="bbox 3500 339 3609 406">
    <p class='ocr_par' dir='ltr' id='par_1_3' title="bbox 3500 339 3609 406">
     <span class='ocr_line' id='line_1_3' title="bbox 3500 339 3609 406; baseline 0 -8"><span class='ocrx_word' id='word_1_4' title='bbox 3500 339 3609 406; x_wconf 77' lang='lat'><strong>502</strong></span> 
     </span>
    </p>
   </div>
   <div class='ocr_carea' id='block_1_4' title="bbox 324 455 1905 538">
    <p class='ocr_par' dir='ltr' id='par_1_4' title="bbox 324 464 1897 538">
     <span class='ocr_line' id='line_1_4' title="bbox 324 464 1897 538; baseline 0.001 -19"><span class='ocrx_word' id='word_1_5' title='bbox 324 464 626 536; x_wconf 81' lang='grc' dir='ltr'>μαζόμενοι</span> <span class='ocrx_word' id='word_1_6' title='bbox 657 466 726 520; x_wconf 86' lang='grc' dir='ltr'><strong>δι’</strong></span> <span class='ocrx_word' id='word_1_7' title='bbox 775 466 979 537; x_wconf 81' lang='grc' dir='ltr'>ἀρετὴν</span> <span class='ocrx_word' id='word_1_8' title='bbox 1029 469 1216 538; x_wconf 71' lang='grc' dir='ltr'>σχεδὸν</span> <span class='ocrx_word' id='word_1_9' title='bbox 1264 469 1506 532; x_wconf 76' lang='grc' dir='ltr'>ἅπαντες</span> <span class='ocrx_word' id='word_1_10' title='bbox 1539 469 1640 538; x_wconf 76' lang='grc' dir='ltr'><strong>οὐχ</strong></span> <span class='ocrx_word' id='word_1_11' title='bbox 1679 468 1897 522; x_wconf 67' lang='grc' dir='ltr'>ἅπαντα</span> 
     </span>
    </p>
   </div>
   <div class='ocr_carea' id='block_1_5' title="bbox 2014 455 3603 538">
    <p class='ocr_par' dir='ltr' id='par_1_5' title="bbox 2014 455 3603 530">
     <span class='ocr_line' id='line_1_5' title="bbox 2014 455 3603 530; baseline -0.005 -12"><span class='ocrx_word' id='word_1_12' title='bbox 2014 472 2278 530; x_wconf 85' lang='lat' dir='ltr'><strong>ramento,</strong></span> <span class='ocrx_word' id='word_1_13' title='bbox 2300 462 2467 518; x_wconf 80' lang='lat' dir='ltr'><strong>divini</strong></span> <span class='ocrx_word' id='word_1_14' title='bbox 2497 460 2810 518; x_wconf 89' lang='lat' dir='ltr'><strong>nthominis</strong></span> <span class='ocrx_word' id='word_1_15' title='bbox 2829 458 3108 530; x_wconf 76' lang='lat' dir='ltr'><strong>cujusdam</strong></span> <span class='ocrx_word' id='word_1_16' title='bbox 3131 455 3315 514; x_wconf 86' lang='lat' dir='ltr'><strong>verbis</strong></span> <span class='ocrx_word' id='word_1_17' title='bbox 3339 465 3480 511; x_wconf 81' lang='lat' dir='ltr'><strong>utar.</strong></span> <span class='ocrx_word' id='word_1_18' title='bbox 3498 459 3603 511; x_wconf 80' lang='lat' dir='ltr'><strong>Sed</strong></span> 
     </span>
    </p>
   </div>
   <div class='ocr_carea' id='block_1_6' title="bbox 317 557 1908 631">
    <p class='ocr_par' dir='ltr' id='par_1_6' title="bbox 317 557 1908 631">
     <span class='ocr_line' id='line_1_6' title="bbox 317 557 1908 631; baseline 0 -19"><span class='ocrx_word' id='word_1_19' title='bbox 317 559 594 626; x_wconf 73' lang='grc' dir='ltr'><strong>διέφυγον,</strong></span> <span class='ocrx_word' id='word_1_20' title='bbox 624 557 660 611; x_wconf 77' lang='grc' dir='ltr'><strong>ἀ</strong></span> <span class='ocrx_word' id='word_1_21' title='bbox 693 561 889 626; x_wconf 81' lang='grc' dir='ltr'>φυγεῖν</span> <span class='ocrx_word' id='word_1_22' title='bbox 940 559 1070 615; x_wconf 74' lang='grc' dir='ltr'>ἔδει.</span> <span class='ocrx_word' id='word_1_23' title='bbox 1101 562 1164 614; x_wconf 84' lang='lat' dir='ltr'><strong>Ol</strong></span> <span class='ocrx_word' id='word_1_24' title='bbox 1212 562 1312 628; x_wconf 78' lang='grc' dir='ltr'>μὲν</span> <span class='ocrx_word' id='word_1_25' title='bbox 1367 560 1492 631; x_wconf 84' lang='grc' dir='ltr'><strong>γάρ,</strong></span> <span class='ocrx_word' id='word_1_26' title='bbox 1526 559 1742 626; x_wconf 86' lang='grc' dir='ltr'>τούτου,</span> <span class='ocrx_word' id='word_1_27' title='bbox 1769 563 1817 614; x_wconf 79' lang='grc' dir='ltr'>οἱ</span> <span class='ocrx_word' id='word_1_28' title='bbox 1851 560 1908 613; x_wconf 81' lang='grc' dir='ltr'>δὲ</span> 
     </span>
    </p>
   </div>
   <div class='ocr_carea' id='block_1_7' title="bbox 315 650 1908 723">
    <p class='ocr_par' dir='ltr' id='par_1_7' title="bbox 315 650 1908 723">
     <span class='ocr_line' id='line_1_7' title="bbox 315 650 1908 723; baseline 0.002 -22"><span class='ocrx_word' id='word_1_29' title='bbox 315 651 554 712; x_wconf 72' lang='grc' dir='ltr'>ἐκείνου,</span> <span class='ocrx_word' id='word_1_30' title='bbox 615 650 752 721; x_wconf 80' lang='grc' dir='ltr'>ὁμοῦ</span> <span class='ocrx_word' id='word_1_31' title='bbox 805 650 864 704; x_wconf 82' lang='grc' dir='ltr'>δὲ</span> <span class='ocrx_word' id='word_1_32' title='bbox 918 653 1120 714; x_wconf 82' lang='grc' dir='ltr'>πάντες</span> <span class='ocrx_word' id='word_1_33' title='bbox 1167 652 1386 706; x_wconf 76' lang='grc' dir='ltr'>παντων</span> <span class='ocrx_word' id='word_1_34' title='bbox 1440 653 1818 723; x_wconf 78' lang='grc' dir='ltr'><strong>ἐπειράθησαν</strong></span> <span class='ocrx_word' id='word_1_35' title='bbox 1851 657 1908 705; x_wconf 83' lang='grc' dir='ltr'>ἐν</span> 
     </span>
    </p>
   </div>
   <div class='ocr_carea' id='block_1_8' title="bbox 319 741 1906 814">
    <p class='ocr_par' dir='ltr' id='par_1_8' title="bbox 319 741 1906 814">
     <span class='ocr_line' id='line_1_8' title="bbox 319 741 1906 814; baseline 0.001 -20"><span class='ocrx_word' id='word_1_36' title='bbox 319 742 498 812; x_wconf 79' lang='grc' dir='ltr'>μέρει,</span> <span class='ocrx_word' id='word_1_37' title='bbox 531 741 608 803; x_wconf 83' lang='grc' dir='ltr'><strong>ὡς</strong></span> <span class='ocrx_word' id='word_1_38' title='bbox 675 745 859 810; x_wconf 78' lang='grc' dir='ltr'><strong>γνοῖεν</strong></span> <span class='ocrx_word' id='word_1_39' title='bbox 901 743 1140 807; x_wconf 78' lang='grc' dir='ltr'>ἅπαντες</span> <span class='ocrx_word' id='word_1_40' title='bbox 1192 747 1334 813; x_wconf 79' lang='grc' dir='ltr'>σφᾶς</span> <span class='ocrx_word' id='word_1_41' title='bbox 1373 745 1594 808; x_wconf 80' lang='grc' dir='ltr'>αὐτοὺς,</span> <span class='ocrx_word' id='word_1_42' title='bbox 1626 744 1906 814; x_wconf 79' lang='grc' dir='ltr'>ἄνθρωποί</span> 
     </span>
    </p>
   </div>
   <div class='ocr_carea' id='block_1_9' title="bbox 313 833 1908 907">
    <p class='ocr_par' dir='ltr' id='par_1_9' title="bbox 313 833 1908 907">
     <span class='ocr_line' id='line_1_9' title="bbox 313 833 1908 907; baseline 0.003 -22"><span class='ocrx_word' id='word_1_43' title='bbox 313 851 462 896; x_wconf 83' lang='grc' dir='ltr'>τινες</span> <span class='ocrx_word' id='word_1_44' title='bbox 502 833 846 896; x_wconf 83' lang='grc' dir='ltr'>δντες.Ὦστε</span> <span class='ocrx_word' id='word_1_45' title='bbox 893 835 1085 899; x_wconf 84' lang='grc' dir='ltr'>παιδός</span> <span class='ocrx_word' id='word_1_46' title='bbox 1121 839 1235 890; x_wconf 83' lang='grc' dir='ltr'>ἐστι</span> <span class='ocrx_word' id='word_1_47' title='bbox 1274 838 1370 890; x_wconf 80' lang='grc' dir='ltr'>καὶ</span> <span class='ocrx_word' id='word_1_48' title='bbox 1422 835 1908 907; x_wconf 75' lang='grc' dir='ltr'>παραφρονοῦντος</span> 
     </span>
    </p>
   </div>
   <div class='ocr_carea' id='block_1_10' title="bbox 313 924 1907 997">
    <p class='ocr_par' dir='ltr' id='par_1_10' title="bbox 313 924 1907 997">
     <span class='ocr_line' id='line_1_10' title="bbox 313 924 1907 997; baseline 0.001 -18"><span class='ocrx_word' id='word_1_49' title='bbox 313 926 750 996; x_wconf 68' lang='grc' dir='ltr'>διισχυρίζεσθαί</span> <span class='ocrx_word' id='word_1_50' title='bbox 783 945 908 980; x_wconf 81' lang='grc' dir='ltr'>τινα</span> <span class='ocrx_word' id='word_1_51' title='bbox 955 929 1142 982; x_wconf 78' lang='grc' dir='ltr'>ἐκεῖνα</span> <span class='ocrx_word' id='word_1_52' title='bbox 1178 929 1489 997; x_wconf 82' lang='grc' dir='ltr'>διαφυγεῖν,</span> <span class='ocrx_word' id='word_1_53' title='bbox 1523 924 1598 983; x_wconf 86' lang='grc' dir='ltr'><strong>ῶν</strong></span> <span class='ocrx_word' id='word_1_54' title='bbox 1625 929 1672 982; x_wconf 88' lang='grc' dir='ltr'>οἱ</span> <span class='ocrx_word' id='word_1_55' title='bbox 1707 929 1907 993; x_wconf 78' lang='grc' dir='ltr'>πάντες</span> 
     </span>
    </p>
   </div>
   <div class='ocr_carea' id='block_1_11' title="bbox 313 1018 1907 1090">
    <p class='ocr_par' dir='ltr' id='par_1_11' title="bbox 313 1018 1907 1090">
     <span class='ocr_line' id='line_1_11' title="bbox 313 1018 1907 1090; baseline 0.002 -20"><span class='ocrx_word' id='word_1_56' title='bbox 313 1018 582 1070; x_wconf 77' lang='grc' dir='ltr'><strong>ἑάλωσαν.</strong></span> <span class='ocrx_word' id='word_1_57' title='bbox 609 1019 671 1072; x_wconf 77' lang='lat' dir='ltr'><strong>Et</strong></span> <span class='ocrx_word' id='word_1_58' title='bbox 701 1019 808 1090; x_wconf 79' lang='grc' dir='ltr'><strong>γάρ</strong></span> <span class='ocrx_word' id='word_1_59' title='bbox 835 1021 862 1071; x_wconf 99' lang='lat'><strong>6</strong></span> <span class='ocrx_word' id='word_1_60' title='bbox 893 1018 1174 1083; x_wconf 77' lang='grc' dir='ltr'>θειότατος</span> <span class='ocrx_word' id='word_1_61' title='bbox 1207 1020 1420 1084; x_wconf 80' lang='grc' dir='ltr'>Παῦλος</span> <span class='ocrx_word' id='word_1_62' title='bbox 1445 1021 1602 1074; x_wconf 79' lang='grc' dir='ltr'>οὐδὲν</span> <span class='ocrx_word' id='word_1_63' title='bbox 1633 1018 1733 1090; x_wconf 79' lang='grc' dir='ltr'>μὲν</span> <span class='ocrx_word' id='word_1_64' title='bbox 1777 1021 1907 1073; x_wconf 78' lang='grc' dir='ltr'>ἑαυ-</span> 
     </span>
    </p>
   </div>
   <div class='ocr_carea' id='block_1_12' title="bbox 311 1107 1908 1182">
    <p class='ocr_par' dir='ltr' id='par_1_12' title="bbox 311 1107 1908 1182">
     <span class='ocr_line' id='line_1_12' title="bbox 311 1107 1908 1182; baseline 0.004 -22"><span class='ocrx_word' id='word_1_65' title='bbox 311 1107 390 1176; x_wconf 78' lang='grc' dir='ltr'><strong>τῷ</strong></span> <span class='ocrx_word' id='word_1_66' title='bbox 421 1108 658 1179; x_wconf 81' lang='grc' dir='ltr'><strong>συνῄδει,</strong></span> <span class='ocrx_word' id='word_1_67' title='bbox 692 1110 883 1164; x_wconf 74' lang='grc' dir='ltr'>ἐδεδίει</span> <span class='ocrx_word' id='word_1_68' title='bbox 918 1110 974 1163; x_wconf 84' lang='grc' dir='ltr'>δὲ</span> <span class='ocrx_word' id='word_1_69' title='bbox 1005 1111 1105 1182; x_wconf 81' lang='grc' dir='ltr'>τὴν</span> <span class='ocrx_word' id='word_1_70' title='bbox 1138 1111 1388 1181; x_wconf 77' lang='grc' dir='ltr'>ἄγνοιαν,</span> <span class='ocrx_word' id='word_1_71' title='bbox 1414 1113 1508 1166; x_wconf 70' lang='grc' dir='ltr'>καὶ</span> <span class='ocrx_word' id='word_1_72' title='bbox 1531 1111 1720 1180; x_wconf 79' lang='grc' dir='ltr'>ἔλεγεν</span> <span class='ocrx_word' id='word_1_73' title='bbox 1743 1129 1757 1142; x_wconf 91' lang='grc'><strong>·</strong></span> <span class='ocrx_word' id='word_1_74' title='bbox 1782 1112 1908 1166; x_wconf 80' lang='grc' dir='ltr'><strong>Οὐκ</strong></span> 
     </span>
    </p>
   </div>
   <div class='ocr_carea' id='block_1_13' title="bbox 309 1201 1909 1275">
    <p class='ocr_par' dir='ltr' id='par_1_13' title="bbox 309 1201 1909 1275">
     <span class='ocr_line' id='line_1_13' title="bbox 309 1201 1909 1275; baseline 0.004 -21"><span class='ocrx_word' id='word_1_75' title='bbox 309 1201 598 1267; x_wconf 76' lang='grc' dir='ltr'>ἐντούτῳ</span> <span class='ocrx_word' id='word_1_76' title='bbox 646 1203 1064 1273; x_wconf 73' lang='grc' dir='ltr'>δεδικαίωμαιο</span> <span class='ocrx_word' id='word_1_77' title='bbox 1115 1205 1233 1268; x_wconf 90' lang='grc' dir='ltr'><strong>πῶς</strong></span> <span class='ocrx_word' id='word_1_78' title='bbox 1277 1205 1339 1258; x_wconf 83' lang='grc' dir='ltr'>οὐ</span> <span class='ocrx_word' id='word_1_79' title='bbox 1379 1207 1610 1275; x_wconf 79' lang='grc' dir='ltr'><strong>τρέμειν</strong></span> <span class='ocrx_word' id='word_1_80' title='bbox 1659 1205 1909 1269; x_wconf 70' lang='grc' dir='ltr'>ἅπαντας</span> 
     </span>
    </p>
   </div>
   <div class='ocr_carea' id='block_1_14' title="bbox 311 1295 1908 1367">
    <p class='ocr_par' dir='ltr' id='par_1_14' title="bbox 311 1295 1908 1367">
     <span class='ocr_line' id='line_1_14' title="bbox 311 1295 1908 1367; baseline 0.001 -18"><span class='ocrx_word' id='word_1_81' title='bbox 311 1296 442 1364; x_wconf 77' lang='grc' dir='ltr'>χρὴ,</span> <span class='ocrx_word' id='word_1_82' title='bbox 466 1295 728 1362; x_wconf 77' lang='grc' dir='ltr'>δεδιότας,</span> <span class='ocrx_word' id='word_1_83' title='bbox 763 1297 837 1366; x_wconf 86' lang='grc' dir='ltr'>μή</span> <span class='ocrx_word' id='word_1_84' title='bbox 865 1314 918 1350; x_wconf 87' lang='grc' dir='ltr'><strong>τι</strong></span> <span class='ocrx_word' id='word_1_85' title='bbox 957 1299 1053 1351; x_wconf 72' lang='grc' dir='ltr'>καὶ</span> <span class='ocrx_word' id='word_1_86' title='bbox 1080 1298 1340 1367; x_wconf 78' lang='grc' dir='ltr'>λελήθασι</span> <span class='ocrx_word' id='word_1_87' title='bbox 1363 1298 1508 1365; x_wconf 80' lang='grc' dir='ltr'>σφᾶς</span> <span class='ocrx_word' id='word_1_88' title='bbox 1566 1298 1784 1361; x_wconf 75' lang='grc' dir='ltr'>αὐτοὺς,</span> <span class='ocrx_word' id='word_1_89' title='bbox 1815 1297 1908 1351; x_wconf 73' lang='grc' dir='ltr'>καὶ</span> 
     </span>
    </p>
   </div>
   <div class='ocr_carea' id='block_1_15' title="bbox 310 1383 1909 1462">
    <p class='ocr_par' dir='ltr' id='par_1_15' title="bbox 310 1383 1909 1462">
     <span class='ocr_line' id='line_1_15' title="bbox 310 1383 1909 1462; baseline 0.002 -21"><span class='ocrx_word' id='word_1_90' title='bbox 310 1391 368 1442; x_wconf 80' lang='grc' dir='ltr'>ἐν</span> <span class='ocrx_word' id='word_1_91' title='bbox 428 1383 474 1458; x_wconf 82' lang='grc' dir='ltr'><strong>ᾧ</strong></span> <span class='ocrx_word' id='word_1_92' title='bbox 519 1388 767 1444; x_wconf 79' lang='grc' dir='ltr'>δοκοῦσιν</span> <span class='ocrx_word' id='word_1_93' title='bbox 819 1391 1063 1457; x_wconf 80' lang='grc' dir='ltr'>ἑστάναι,</span> <span class='ocrx_word' id='word_1_94' title='bbox 1116 1393 1366 1456; x_wconf 84' lang='grc' dir='ltr'>κεῖνται;</span> <span class='ocrx_word' id='word_1_95' title='bbox 1420 1392 1532 1453; x_wconf 88' lang='grc' dir='ltr'>τοῖς</span> <span class='ocrx_word' id='word_1_96' title='bbox 1589 1390 1698 1462; x_wconf 85' lang='grc' dir='ltr'>γὰρ</span> <span class='ocrx_word' id='word_1_97' title='bbox 1741 1390 1909 1445; x_wconf 75' lang='grc' dir='ltr'>αὑτοῦ</span> 
     </span>
    </p>
   </div>
   <div class='ocr_carea' id='block_1_16' title="bbox 313 1481 1908 1553">
    <p class='ocr_par' dir='ltr' id='par_1_16' title="bbox 313 1481 1908 1553">
     <span class='ocr_line' id='line_1_16' title="bbox 313 1481 1908 1553; baseline 0.003 -19"><span class='ocrx_word' id='word_1_98' title='bbox 313 1481 477 1534; x_wconf 80' lang='grc' dir='ltr'>πάλιν</span> <span class='ocrx_word' id='word_1_99' title='bbox 530 1481 830 1550; x_wconf 75' lang='grc' dir='ltr'><strong>χρήσομαι.</strong></span> <span class='ocrx_word' id='word_1_100' title='bbox 879 1483 1124 1546; x_wconf 85' lang='grc' dir='ltr'>Ἐκεῖνος</span> <span class='ocrx_word' id='word_1_101' title='bbox 1178 1482 1260 1545; x_wconf 87' lang='grc' dir='ltr'><strong>είς</strong></span> <span class='ocrx_word' id='word_1_102' title='bbox 1309 1483 1498 1552; x_wconf 84' lang='grc' dir='ltr'>τρίτον</span> <span class='ocrx_word' id='word_1_103' title='bbox 1532 1483 1633 1553; x_wconf 73' lang='grc' dir='ltr'>μὲν</span> <span class='ocrx_word' id='word_1_104' title='bbox 1673 1483 1908 1552; x_wconf 75' lang='grc' dir='ltr'>οὐρανὸν</span> 
     </span>
    </p>
   </div>
   <div class='ocr_carea' id='block_1_17' title="bbox 312 1570 1910 1646">
    <p class='ocr_par' dir='ltr' id='par_1_17' title="bbox 312 1570 1910 1646">
     <span class='ocr_line' id='line_1_17' title="bbox 312 1570 1910 1646; baseline 0.002 -20"><span class='ocrx_word' id='word_1_105' title='bbox 312 1573 676 1644; x_wconf 56' lang='grc' dir='ltr'>ἀναϐέϐηκεν</span> <span class='ocrx_word' id='word_1_106' title='bbox 701 1570 769 1646; x_wconf 82' lang='grc' dir='ltr'>ἦν</span> <span class='ocrx_word' id='word_1_107' title='bbox 793 1576 839 1628; x_wconf 81' lang='grc' dir='ltr'>δ’</span> <span class='ocrx_word' id='word_1_108' title='bbox 867 1575 961 1628; x_wconf 77' lang='grc' dir='ltr'>οὖν</span> <span class='ocrx_word' id='word_1_109' title='bbox 990 1577 1140 1644; x_wconf 83' lang='grc' dir='ltr'>ὅμως</span> <span class='ocrx_word' id='word_1_110' title='bbox 1165 1576 1690 1640; x_wconf 77' lang='grc' dir='ltr'>ὑπωπιάξωναὺτοῦ</span> <span class='ocrx_word' id='word_1_111' title='bbox 1713 1578 1775 1630; x_wconf 75' lang='grc' dir='ltr'>τὸ</span> <span class='ocrx_word' id='word_1_112' title='bbox 1804 1579 1910 1630; x_wconf 80' lang='grc' dir='ltr'>σῶ-</span> 
     </span>
    </p>
   </div>
   <div class='ocr_carea' id='block_1_18' title="bbox 315 1660 1906 1741">
    <p class='ocr_par' dir='ltr' id='par_1_18' title="bbox 315 1660 1906 1741">
     <span class='ocr_line' id='line_1_18' title="bbox 315 1660 1906 1741; baseline 0.004 -25"><span class='ocrx_word' id='word_1_113' title='bbox 315 1683 414 1732; x_wconf 87' lang='grc' dir='ltr'><strong>μα,</strong></span> <span class='ocrx_word' id='word_1_114' title='bbox 445 1666 542 1718; x_wconf 76' lang='grc' dir='ltr'>καὶ</span> <span class='ocrx_word' id='word_1_115' title='bbox 581 1666 968 1736; x_wconf 80' lang='grc' dir='ltr'>δόυλαγωγῶν,</span> <span class='ocrx_word' id='word_1_116' title='bbox 1064 1685 1223 1737; x_wconf 87' lang='grc' dir='ltr'>φησι,</span> <span class='ocrx_word' id='word_1_117' title='bbox 1264 1670 1466 1738; x_wconf 82' lang='grc' dir='ltr'>μήπως</span> <span class='ocrx_word' id='word_1_118' title='bbox 1510 1669 1690 1733; x_wconf 76' lang='grc' dir='ltr'>ἄλλοις</span> <span class='ocrx_word' id='word_1_119' title='bbox 1733 1669 1906 1741; x_wconf 85' lang='grc' dir='ltr'>κηρύ-</span> 
     </span>
    </p>
   </div>
   <div class='ocr_carea' id='block_1_19' title="bbox 313 1757 1906 1832">
    <p class='ocr_par' dir='ltr' id='par_1_19' title="bbox 313 1757 1906 1832">
     <span class='ocr_line' id='line_1_19' title="bbox 313 1757 1906 1832; baseline 0.003 -22"><span class='ocrx_word' id='word_1_120' title='bbox 313 1757 431 1822; x_wconf 82' lang='grc' dir='ltr'>ξας,</span> <span class='ocrx_word' id='word_1_121' title='bbox 457 1759 623 1822; x_wconf 76' lang='grc' dir='ltr'>αὐτὸς</span> <span class='ocrx_word' id='word_1_122' title='bbox 665 1760 927 1826; x_wconf 78' lang='grc' dir='ltr'><strong>ἀδόκιμος</strong></span> <span class='ocrx_word' id='word_1_123' title='bbox 962 1761 1216 1831; x_wconf 83' lang='grc' dir='ltr'>γένηται.</span> <span class='ocrx_word' id='word_1_124' title='bbox 1251 1761 1347 1823; x_wconf 85' lang='grc' dir='ltr'>Τίς</span> <span class='ocrx_word' id='word_1_125' title='bbox 1384 1761 1476 1813; x_wconf 75' lang='grc' dir='ltr'>οὖν</span> <span class='ocrx_word' id='word_1_126' title='bbox 1507 1760 1652 1815; x_wconf 78' lang='grc' dir='ltr'>οὕτω</span> <span class='ocrx_word' id='word_1_127' title='bbox 1701 1761 1906 1832; x_wconf 83' lang='grc' dir='ltr'>θρασύς</span> 
     </span>
    </p>
   </div>
   <div class='ocr_carea' id='block_1_20' title="bbox 2014 552 3608 622">
    <p class='ocr_par' dir='ltr' id='par_1_20' title="bbox 2014 552 3608 622">
     <span class='ocr_line' id='line_1_20' title="bbox 2014 552 3608 622; baseline -0.004 -10"><span class='ocrx_word' id='word_1_128' title='bbox 2014 560 2159 613; x_wconf 90' lang='lat' dir='ltr'><strong>enim</strong></span> <span class='ocrx_word' id='word_1_129' title='bbox 2183 559 2286 613; x_wconf 91' lang='lat' dir='ltr'><strong>hoc</strong></span> <span class='ocrx_word' id='word_1_130' title='bbox 2310 559 2478 614; x_wconf 88' lang='lat' dir='ltr'><strong>etiam</strong></span> <span class='ocrx_word' id='word_1_131' title='bbox 2497 557 2580 613; x_wconf 85' lang='lat' dir='ltr'><strong>eis</strong></span> <span class='ocrx_word' id='word_1_132' title='bbox 2604 557 2959 614; x_wconf 80' lang='lat' dir='ltr'><strong>concedatur.</strong></span> <span class='ocrx_word' id='word_1_133' title='bbox 2989 555 3113 608; x_wconf 84' lang='lat' dir='ltr'><strong>Sint</strong></span> <span class='ocrx_word' id='word_1_134' title='bbox 3145 561 3399 622; x_wconf 80' lang='lat' dir='ltr'><strong>expertes</strong></span> <span class='ocrx_word' id='word_1_135' title='bbox 3424 552 3608 606; x_wconf 83' lang='lat' dir='ltr'><strong>enmis</strong></span> 
     </span>
    </p>
   </div>
   <div class='ocr_carea' id='block_1_21' title="bbox 2015 645 3604 719">
    <p class='ocr_par' dir='ltr' id='par_1_21' title="bbox 2015 645 3604 719">
     <span class='ocr_line' id='line_1_21' title="bbox 2015 645 3604 719; baseline -0.006 -12"><span class='ocrx_word' id='word_1_136' title='bbox 2015 650 2240 707; x_wconf 90' lang='lat' dir='ltr'><strong>omnino</strong></span> <span class='ocrx_word' id='word_1_137' title='bbox 2268 651 2476 719; x_wconf 77' lang='lat' dir='ltr'><strong>delicti,</strong></span> <span class='ocrx_word' id='word_1_138' title='bbox 2508 657 2620 706; x_wconf 78' lang='lat' dir='ltr'><strong>tam</strong></span> <span class='ocrx_word' id='word_1_139' title='bbox 2652 649 2872 719; x_wconf 84' lang='lat' dir='ltr'><strong>majoris</strong></span> <span class='ocrx_word' id='word_1_140' title='bbox 2899 665 3061 719; x_wconf 88' lang='lat' dir='ltr'><strong>quam</strong></span> <span class='ocrx_word' id='word_1_141' title='bbox 3092 647 3323 702; x_wconf 87' lang='lat' dir='ltr'><strong>minimi.</strong></span> <span class='ocrx_word' id='word_1_142' title='bbox 3353 645 3604 712; x_wconf 87' lang='lat' dir='ltr'><strong>Quanam</strong></span> 
     </span>
    </p>
   </div>
   <div class='ocr_carea' id='block_1_22' title="bbox 2014 743 3628 817">
    <p class='ocr_par' dir='ltr' id='par_1_22' title="bbox 2014 743 3628 817">
     <span class='ocr_line' id='line_1_22' title="bbox 2014 743 3628 817; baseline -0.002 -17"><span class='ocrx_word' id='word_1_143' title='bbox 2014 759 2076 801; x_wconf 88' lang='lat' dir='ltr'><strong>re</strong></span> <span class='ocrx_word' id='word_1_144' title='bbox 2109 743 2235 801; x_wconf 88' lang='lat' dir='ltr'><strong>freti</strong></span> <span class='ocrx_word' id='word_1_145' title='bbox 2278 747 2546 817; x_wconf 76' lang='lat' dir='ltr'><strong>putabunt</strong></span> <span class='ocrx_word' id='word_1_146' title='bbox 2568 759 2630 801; x_wconf 87' lang='lat' dir='ltr'><strong>se</strong></span> <span class='ocrx_word' id='word_1_147' title='bbox 2659 745 2711 799; x_wconf 93' lang='lat' dir='ltr'><strong>in</strong></span> <span class='ocrx_word' id='word_1_148' title='bbox 2738 753 3021 812; x_wconf 88' lang='lat' dir='ltr'><strong>postermn</strong></span> <span class='ocrx_word' id='word_1_149' title='bbox 3045 757 3262 811; x_wconf 82' lang='lat' dir='ltr'><strong>quoque</strong></span> <span class='ocrx_word' id='word_1_150' title='bbox 3292 757 3472 795; x_wconf 89' lang='lat' dir='ltr'><strong>mores</strong></span> <span class='ocrx_word' id='word_1_151' title='bbox 3489 757 3628 796; x_wconf 81' lang='lat' dir='ltr'><strong>eos—</strong></span> 
     </span>
    </p>
   </div>
   <div class='ocr_carea' id='block_1_23' title="bbox 2010 835 3607 905">
    <p class='ocr_par' dir='ltr' id='par_1_23' title="bbox 2010 835 3607 905">
     <span class='ocr_line' id='line_1_23' title="bbox 2010 835 3607 905; baseline -0.004 -11"><span class='ocrx_word' id='word_1_152' title='bbox 2010 838 2132 894; x_wconf 85' lang='lat' dir='ltr'><strong>dem</strong></span> <span class='ocrx_word' id='word_1_153' title='bbox 2161 848 2588 894; x_wconf 87' lang='lat' dir='ltr'><strong>conservaturos</strong></span> <span class='ocrx_word' id='word_1_154' title='bbox 2614 846 2670 893; x_wconf 90' lang='lat' dir='ltr'><strong>et</strong></span> <span class='ocrx_word' id='word_1_155' title='bbox 2701 838 2754 891; x_wconf 92' lang='lat' dir='ltr'><strong>in</strong></span> <span class='ocrx_word' id='word_1_156' title='bbox 2782 837 2939 890; x_wconf 86' lang='lat' dir='ltr'><strong>bonis</strong></span> <span class='ocrx_word' id='word_1_157' title='bbox 2958 843 3416 905; x_wconf 86' lang='lat' dir='ltr'><strong>persevcraturos</strong></span> <span class='ocrx_word' id='word_1_158' title='bbox 3442 835 3607 902; x_wconf 77' lang='lat' dir='ltr'><strong>lqnis</strong></span> 
     </span>
    </p>
   </div>
   <div class='ocr_carea' id='block_1_24' title="bbox 2011 927 3606 1001">
    <p class='ocr_par' dir='ltr' id='par_1_24' title="bbox 2011 927 3606 1001">
     <span class='ocr_line' id='line_1_24' title="bbox 2011 927 3606 1001; baseline -0.003 -17"><span class='ocrx_word' id='word_1_159' title='bbox 2011 945 2268 1001; x_wconf 75' lang='lat' dir='ltr'><strong>aruspex.</strong></span> <span class='ocrx_word' id='word_1_160' title='bbox 2311 930 2435 1001; x_wconf 81' lang='lat' dir='ltr'><strong>quis</strong></span> <span class='ocrx_word' id='word_1_161' title='bbox 2463 939 2615 986; x_wconf 86' lang='lat' dir='ltr'><strong>vates</strong></span> <span class='ocrx_word' id='word_1_162' title='bbox 2640 929 3060 1000; x_wconf 86' lang='lat' dir='ltr'><strong>perduraturam</strong></span> <span class='ocrx_word' id='word_1_163' title='bbox 3085 941 3206 981; x_wconf 89' lang='lat' dir='ltr'><strong>cum</strong></span> <span class='ocrx_word' id='word_1_164' title='bbox 3237 927 3318 981; x_wconf 81' lang='lat' dir='ltr'><strong>eis</strong></span> <span class='ocrx_word' id='word_1_165' title='bbox 3343 927 3606 996; x_wconf 84' lang='lat' dir='ltr'><strong>Optimam</strong></span> 
     </span>
    </p>
   </div>
   <div class='ocr_carea' id='block_1_25' title="bbox 2013 1018 3602 1089">
    <p class='ocr_par' dir='ltr' id='par_1_25' title="bbox 2013 1018 3602 1089">
     <span class='ocr_line' id='line_1_25' title="bbox 2013 1018 3602 1089; baseline -0.001 -12"><span class='ocrx_word' id='word_1_166' title='bbox 2013 1023 2160 1078; x_wconf 88' lang='lat' dir='ltr'><strong>illam</strong></span> <span class='ocrx_word' id='word_1_167' title='bbox 2199 1022 2417 1078; x_wconf 85' lang='lat' dir='ltr'><strong>vivendi</strong></span> <span class='ocrx_word' id='word_1_168' title='bbox 2450 1024 2721 1078; x_wconf 89' lang='lat' dir='ltr'><strong>rationem</strong></span> <span class='ocrx_word' id='word_1_169' title='bbox 2748 1021 2812 1076; x_wconf 91' lang='lat' dir='ltr'><strong>ad</strong></span> <span class='ocrx_word' id='word_1_170' title='bbox 2838 1021 2997 1076; x_wconf 91' lang='lat' dir='ltr'><strong>ﬁnem</strong></span> <span class='ocrx_word' id='word_1_171' title='bbox 3029 1034 3202 1087; x_wconf 90' lang='lat' dir='ltr'><strong>usque</strong></span> <span class='ocrx_word' id='word_1_172' title='bbox 3223 1019 3550 1089; x_wconf 74' lang='lat' dir='ltr'><strong>signiﬁcavit</strong></span> <span class='ocrx_word' id='word_1_173' title='bbox 3577 1018 3602 1076; x_wconf 85' lang='lat'><strong>?</strong></span> 
     </span>
    </p>
   </div>
   <div class='ocr_carea' id='block_1_26' title="bbox 2011 1111 3602 1185">
    <p class='ocr_par' dir='ltr' id='par_1_26' title="bbox 2011 1111 3602 1185">
     <span class='ocr_line' id='line_1_26' title="bbox 2011 1111 3602 1185; baseline -0.004 -15"><span class='ocrx_word' id='word_1_174' title='bbox 2011 1115 2178 1184; x_wconf 83' lang='lat' dir='ltr'><strong>Atqui</strong></span> <span class='ocrx_word' id='word_1_175' title='bbox 2209 1116 2596 1185; x_wconf 90' lang='lat' dir='ltr'><strong>propemodum</strong></span> <span class='ocrx_word' id='word_1_176' title='bbox 2622 1115 2864 1170; x_wconf 85' lang='lat' dir='ltr'><strong>universi</strong></span> <span class='ocrx_word' id='word_1_177' title='bbox 2898 1113 2991 1184; x_wconf 88' lang='lat' dir='ltr'><strong>qui</strong></span> <span class='ocrx_word' id='word_1_178' title='bbox 3013 1121 3241 1183; x_wconf 81' lang='lat' dir='ltr'><strong>propter</strong></span> <span class='ocrx_word' id='word_1_179' title='bbox 3265 1114 3522 1165; x_wconf 90' lang='lat' dir='ltr'><strong>virtutem</strong></span> <span class='ocrx_word' id='word_1_180' title='bbox 3549 1111 3602 1163; x_wconf 91' lang='lat' dir='ltr'><strong>in</strong></span> 
     </span>
    </p>
   </div>
   <div class='ocr_carea' id='block_1_27' title="bbox 2015 1205 3607 1273">
    <p class='ocr_par' dir='ltr' id='par_1_27' title="bbox 2015 1205 3607 1273">
     <span class='ocr_line' id='line_1_27' title="bbox 2015 1205 3607 1273; baseline -0.003 -11"><span class='ocrx_word' id='word_1_181' title='bbox 2015 1206 2378 1264; x_wconf 79' lang='lat' dir='ltr'><strong>admiratione</strong></span> <span class='ocrx_word' id='word_1_182' title='bbox 2409 1219 2560 1273; x_wconf 87' lang='lat' dir='ltr'><strong>sunt,</strong></span> <span class='ocrx_word' id='word_1_183' title='bbox 2599 1223 2702 1263; x_wconf 92' lang='lat' dir='ltr'><strong>non</strong></span> <span class='ocrx_word' id='word_1_184' title='bbox 2729 1207 3109 1264; x_wconf 88' lang='lat' dir='ltr'><strong>abstinuerunt</strong></span> <span class='ocrx_word' id='word_1_185' title='bbox 3128 1205 3196 1261; x_wconf 93' lang='lat' dir='ltr'><strong>ab</strong></span> <span class='ocrx_word' id='word_1_186' title='bbox 3217 1205 3468 1260; x_wconf 90' lang='lat' dir='ltr'><strong>omnibus</strong></span> <span class='ocrx_word' id='word_1_187' title='bbox 3489 1219 3607 1271; x_wconf 66' lang='lat' dir='ltr'><strong>quae</strong></span> 
     </span>
    </p>
   </div>
   <div class='ocr_carea' id='block_1_28' title="bbox 2016 1297 3604 1364">
    <p class='ocr_par' dir='ltr' id='par_1_28' title="bbox 2016 1297 3604 1364">
     <span class='ocr_line' id='line_1_28' title="bbox 2016 1297 3604 1364; baseline -0.002 -10"><span class='ocrx_word' id='word_1_188' title='bbox 2016 1301 2188 1356; x_wconf 78' lang='lat' dir='ltr'><strong>vitare</strong></span> <span class='ocrx_word' id='word_1_189' title='bbox 2215 1298 2508 1356; x_wconf 87' lang='lat' dir='ltr'><strong>debebant.</strong></span> <span class='ocrx_word' id='word_1_190' title='bbox 2542 1300 2638 1356; x_wconf 80' lang='lat' dir='ltr'><strong>llis</strong></span> <span class='ocrx_word' id='word_1_191' title='bbox 2659 1300 2804 1356; x_wconf 89' lang='lat' dir='ltr'><strong>enim</strong></span> <span class='ocrx_word' id='word_1_192' title='bbox 2835 1300 2964 1362; x_wconf 87' lang='lat' dir='ltr'><strong>hoc.</strong></span> <span class='ocrx_word' id='word_1_193' title='bbox 2995 1299 3113 1354; x_wconf 87' lang='lat' dir='ltr'><strong>istis</strong></span> <span class='ocrx_word' id='word_1_194' title='bbox 3140 1299 3296 1364; x_wconf 87' lang='lat' dir='ltr'><strong>illud,</strong></span> <span class='ocrx_word' id='word_1_195' title='bbox 3347 1297 3604 1352; x_wconf 88' lang='lat' dir='ltr'><strong>omnibus</strong></span> 
     </span>
    </p>
   </div>
   <div class='ocr_carea' id='block_1_29' title="bbox 2015 1391 3603 1463">
    <p class='ocr_par' dir='ltr' id='par_1_29' title="bbox 2015 1391 3603 1463">
     <span class='ocr_line' id='line_1_29' title="bbox 2015 1391 3603 1463; baseline -0.001 -16"><span class='ocrx_word' id='word_1_196' title='bbox 2015 1401 2197 1447; x_wconf 84' lang='lat' dir='ltr'><strong>autem</strong></span> <span class='ocrx_word' id='word_1_197' title='bbox 2220 1394 2444 1448; x_wconf 90' lang='lat' dir='ltr'><strong>omnino</strong></span> <span class='ocrx_word' id='word_1_198' title='bbox 2471 1392 2677 1463; x_wconf 88' lang='lat' dir='ltr'><strong>aliquid</strong></span> <span class='ocrx_word' id='word_1_199' title='bbox 2710 1392 2934 1456; x_wconf 85' lang='lat' dir='ltr'><strong>accidit,</strong></span> <span class='ocrx_word' id='word_1_200' title='bbox 2973 1401 3028 1445; x_wconf 88' lang='lat' dir='ltr'><strong>ut</strong></span> <span class='ocrx_word' id='word_1_201' title='bbox 3055 1391 3298 1450; x_wconf 88' lang='lat' dir='ltr'><strong>universi</strong></span> <span class='ocrx_word' id='word_1_202' title='bbox 3333 1406 3603 1462; x_wconf 81' lang='lat' dir='ltr'><strong>agnosce-</strong></span> 
     </span>
    </p>
   </div>
   <div class='ocr_carea' id='block_1_30' title="bbox 2013 1483 3603 1554">
    <p class='ocr_par' dir='ltr' id='par_1_30' title="bbox 2013 1483 3603 1554">
     <span class='ocr_line' id='line_1_30' title="bbox 2013 1483 3603 1554; baseline -0.001 -16"><span class='ocrx_word' id='word_1_203' title='bbox 2013 1494 2133 1539; x_wconf 89' lang='lat' dir='ltr'><strong>rent</strong></span> <span class='ocrx_word' id='word_1_204' title='bbox 2161 1499 2283 1540; x_wconf 83' lang='lat' dir='ltr'><strong>sese</strong></span> <span class='ocrx_word' id='word_1_205' title='bbox 2307 1485 2556 1540; x_wconf 88' lang='lat' dir='ltr'><strong>homines</strong></span> <span class='ocrx_word' id='word_1_206' title='bbox 2587 1485 2918 1552; x_wconf 85' lang='lat' dir='ltr'><strong>esse.Quare</strong></span> <span class='ocrx_word' id='word_1_207' title='bbox 2941 1484 3103 1554; x_wconf 83' lang='lat' dir='ltr'><strong>pueri</strong></span> <span class='ocrx_word' id='word_1_208' title='bbox 3127 1494 3211 1540; x_wconf 87' lang='lat' dir='ltr'><strong>est</strong></span> <span class='ocrx_word' id='word_1_209' title='bbox 3262 1493 3424 1552; x_wconf 87' lang='lat' dir='ltr'><strong>atque</strong></span> <span class='ocrx_word' id='word_1_210' title='bbox 3447 1483 3603 1537; x_wconf 88' lang='lat' dir='ltr'><strong>deliri</strong></span> 
     </span>
    </p>
   </div>
   <div class='ocr_carea' id='block_1_31' title="bbox 2009 1576 3607 1648">
    <p class='ocr_par' dir='ltr' id='par_1_31' title="bbox 2009 1576 3607 1648">
     <span class='ocr_line' id='line_1_31' title="bbox 2009 1576 3607 1648; baseline -0.001 -18"><span class='ocrx_word' id='word_1_211' title='bbox 2009 1576 2269 1642; x_wconf 86' lang='lat' dir='ltr'><strong>hominis,</strong></span> <span class='ocrx_word' id='word_1_212' title='bbox 2291 1577 2568 1634; x_wconf 87' lang='lat' dir='ltr'><strong>afﬁrmare</strong></span> <span class='ocrx_word' id='word_1_213' title='bbox 2585 1593 2932 1648; x_wconf 89' lang='lat' dir='ltr'><strong>quemquam,</strong></span> <span class='ocrx_word' id='word_1_214' title='bbox 2957 1593 3019 1633; x_wconf 86' lang='lat' dir='ltr'><strong>ea</strong></span> <span class='ocrx_word' id='word_1_215' title='bbox 3059 1592 3118 1632; x_wconf 83' lang='lat' dir='ltr'><strong>se</strong></span> <span class='ocrx_word' id='word_1_216' title='bbox 3154 1579 3468 1639; x_wconf 82' lang='lat' dir='ltr'><strong>vitaturum,</strong></span> <span class='ocrx_word' id='word_1_217' title='bbox 3489 1578 3607 1645; x_wconf 88' lang='lat' dir='ltr'><strong>qui-</strong></span> 
     </span>
    </p>
   </div>
   <div class='ocr_carea' id='block_1_32' title="bbox 2013 1671 3607 1728">
    <p class='ocr_par' dir='ltr' id='par_1_32' title="bbox 2013 1671 3607 1728">
     <span class='ocr_line' id='line_1_32' title="bbox 2013 1671 3607 1728; baseline -0.001 -3"><span class='ocrx_word' id='word_1_218' title='bbox 2013 1672 2116 1726; x_wconf 88' lang='lat' dir='ltr'><strong>bus</strong></span> <span class='ocrx_word' id='word_1_219' title='bbox 2145 1672 2364 1727; x_wconf 82' lang='lat' dir='ltr'><strong>obnoxii</strong></span> <span class='ocrx_word' id='word_1_220' title='bbox 2400 1673 2623 1728; x_wconf 82' lang='lat' dir='ltr'><strong>fuerunt</strong></span> <span class='ocrx_word' id='word_1_221' title='bbox 2649 1688 2860 1728; x_wconf 89' lang='lat' dir='ltr'><strong>omnes.</strong></span> <span class='ocrx_word' id='word_1_222' title='bbox 2881 1672 3016 1726; x_wconf 88' lang='lat' dir='ltr'><strong>Nam</strong></span> <span class='ocrx_word' id='word_1_223' title='bbox 3040 1673 3086 1728; x_wconf 91' lang='lat' dir='ltr'><strong>si</strong></span> <span class='ocrx_word' id='word_1_224' title='bbox 3117 1671 3494 1726; x_wconf 82' lang='lat' dir='ltr'><strong>divinissimus</strong></span> <span class='ocrx_word' id='word_1_225' title='bbox 3519 1671 3607 1724; x_wconf 86' lang='lat' dir='ltr'><strong>ille</strong></span> 
     </span>
    </p>
   </div>
   <div class='ocr_carea' id='block_1_33' title="bbox 2017 1760 3606 1834">
    <p class='ocr_par' dir='ltr' id='par_1_33' title="bbox 2017 1760 3606 1834">
     <span class='ocr_line' id='line_1_33' title="bbox 2017 1760 3606 1834; baseline -0.003 -18"><span class='ocrx_word' id='word_1_226' title='bbox 2017 1760 2216 1817; x_wconf 82' lang='lat' dir='ltr'><strong>Paulus</strong></span> <span class='ocrx_word' id='word_1_227' title='bbox 2243 1763 2446 1819; x_wconf 89' lang='lat' dir='ltr'><strong>nullius</strong></span> <span class='ocrx_word' id='word_1_228' title='bbox 2496 1763 2714 1834; x_wconf 85' lang='lat' dir='ltr'><strong>quidem</strong></span> <span class='ocrx_word' id='word_1_229' title='bbox 2746 1763 2822 1818; x_wconf 91' lang='lat' dir='ltr'><strong>rei</strong></span> <span class='ocrx_word' id='word_1_230' title='bbox 2883 1763 2986 1818; x_wconf 85' lang='lat' dir='ltr'><strong>sibi</strong></span> <span class='ocrx_word' id='word_1_231' title='bbox 3034 1764 3286 1819; x_wconf 79' lang='lat' dir='ltr'><strong>conscius</strong></span> <span class='ocrx_word' id='word_1_232' title='bbox 3339 1771 3478 1825; x_wconf 80' lang='lat' dir='ltr'><strong>erat,</strong></span> <span class='ocrx_word' id='word_1_233' title='bbox 3512 1761 3606 1816; x_wconf 87' lang='lat' dir='ltr'><strong>sed</strong></span> 
     </span>
    </p>
   </div>
   <div class='ocr_carea' id='block_1_34' title="bbox 312 1842 1905 1924">
    <p class='ocr_par' dir='ltr' id='par_1_34' title="bbox 312 1851 1905 1924">
     <span class='ocr_line' id='line_1_34' title="bbox 312 1851 1905 1924; baseline 0.003 -22"><span class='ocrx_word' id='word_1_234' title='bbox 312 1854 431 1903; x_wconf 76' lang='grc' dir='ltr'>ἐστι</span> <span class='ocrx_word' id='word_1_235' title='bbox 457 1867 472 1915; x_wconf 90' lang='lat'><strong>;</strong></span> <span class='ocrx_word' id='word_1_236' title='bbox 500 1851 584 1914; x_wconf 82' lang='grc' dir='ltr'><strong>τίς</strong></span> <span class='ocrx_word' id='word_1_237' title='bbox 621 1851 823 1921; x_wconf 77' lang='grc' dir='ltr'>εὐήθης</span> <span class='ocrx_word' id='word_1_238' title='bbox 849 1894 862 1918; x_wconf 94' lang='grc'><strong>,</strong></span> <span class='ocrx_word' id='word_1_239' title='bbox 916 1853 991 1915; x_wconf 85' lang='grc' dir='ltr'><strong>ῶς</strong></span> <span class='ocrx_word' id='word_1_240' title='bbox 1025 1856 1157 1922; x_wconf 77' lang='grc' dir='ltr'>περὶ</span> <span class='ocrx_word' id='word_1_241' title='bbox 1191 1853 1302 1906; x_wconf 86' lang='grc' dir='ltr'><strong>τῶν</strong></span> <span class='ocrx_word' id='word_1_242' title='bbox 1349 1853 1565 1924; x_wconf 78' lang='grc' dir='ltr'>ἀδήλων</span> <span class='ocrx_word' id='word_1_243' title='bbox 1613 1855 1905 1919; x_wconf 77' lang='grc' dir='ltr'>ἀλαζονεύ-</span> 
     </span>
    </p>
   </div>
   <div class='ocr_carea' id='block_1_35' title="bbox 2014 1842 3606 1924">
    <p class='ocr_par' dir='ltr' id='par_1_35' title="bbox 2021 1852 3606 1923">
     <span class='ocr_line' id='line_1_35' title="bbox 2021 1852 3606 1923; baseline 0 -16"><span class='ocrx_word' id='word_1_244' title='bbox 2021 1853 2374 1908; x_wconf 88' lang='lat' dir='ltr'><strong>nihilominus</strong></span> <span class='ocrx_word' id='word_1_245' title='bbox 2399 1854 2720 1922; x_wconf 75' lang='lat' dir='ltr'><strong>ignorantiae</strong></span> <span class='ocrx_word' id='word_1_246' title='bbox 2747 1869 2861 1909; x_wconf 68' lang='lat' dir='ltr'><strong>suae</strong></span> <span class='ocrx_word' id='word_1_247' title='bbox 2883 1855 3180 1919; x_wconf 79' lang='lat' dir='ltr'><strong>metuebat,</strong></span> <span class='ocrx_word' id='word_1_248' title='bbox 3205 1855 3432 1923; x_wconf 88' lang='lat' dir='ltr'><strong>ideoque</strong></span> <span class='ocrx_word' id='word_1_249' title='bbox 3455 1852 3606 1908; x_wconf 89' lang='lat' dir='ltr'><strong>dicc-</strong></span> 
     </span>
    </p>
   </div>
   <div class='ocr_carea' id='block_1_36' title="bbox 314 1942 1898 2016">
    <p class='ocr_par' dir='ltr' id='par_1_36' title="bbox 314 1942 1898 2016">
     <span class='ocr_line' id='line_1_36' title="bbox 314 1942 1898 2016; baseline 0.001 -20"><span class='ocrx_word' id='word_1_250' title='bbox 314 1942 538 2008; x_wconf 89' lang='grc' dir='ltr'>σασθαι,</span> <span class='ocrx_word' id='word_1_251' title='bbox 573 1943 666 1996; x_wconf 61' lang='grc' dir='ltr'><strong>καὶ⁸</strong></span> <span class='ocrx_word' id='word_1_252' title='bbox 729 1944 1007 2015; x_wconf 74' lang='grc' dir='ltr'>θαρρῆσαι</span> <span class='ocrx_word' id='word_1_253' title='bbox 1059 1945 1258 2012; x_wconf 77' lang='grc' dir='ltr'>πάγιος</span> <span class='ocrx_word' id='word_1_254' title='bbox 1304 1945 1490 2015; x_wconf 83' lang='grc' dir='ltr'>μένειν</span> <span class='ocrx_word' id='word_1_255' title='bbox 1522 1947 1684 1999; x_wconf 69' lang='grc' dir='ltr'>παντὶ</span> <span class='ocrx_word' id='word_1_256' title='bbox 1721 1947 1898 2016; x_wconf 76' lang='grc' dir='ltr'>καιρῷ</span> 
     </span>
    </p>
   </div>
   <div class='ocr_carea' id='block_1_37' title="bbox 316 2028 1901 2108">
    <p class='ocr_par' dir='ltr' id='par_1_37' title="bbox 316 2028 1901 2108">
     <span class='ocr_line' id='line_1_37' title="bbox 316 2028 1901 2108; baseline 0.003 -22"><span class='ocrx_word' id='word_1_257' title='bbox 316 2035 410 2087; x_wconf 74' lang='grc' dir='ltr'><strong>καὶ</strong></span> <span class='ocrx_word' id='word_1_258' title='bbox 436 2032 846 2102; x_wconf 83' lang='grc' dir='ltr'>συμπτώματι;</span> <span class='ocrx_word' id='word_1_259' title='bbox 892 2033 950 2086; x_wconf 91' lang='lat'><strong>&#39;0</strong></span> <span class='ocrx_word' id='word_1_260' title='bbox 997 2033 1110 2104; x_wconf 86' lang='grc' dir='ltr'>βίος</span> <span class='ocrx_word' id='word_1_261' title='bbox 1139 2028 1296 2099; x_wconf 69' lang='grc' dir='ltr'>οὗτος</span> <span class='ocrx_word' id='word_1_262' title='bbox 1329 2036 1445 2100; x_wconf 76' lang='grc' dir='ltr'>ὁδός</span> <span class='ocrx_word' id='word_1_263' title='bbox 1474 2038 1589 2090; x_wconf 78' lang='grc' dir='ltr'>ἐστι</span> <span class='ocrx_word' id='word_1_264' title='bbox 1610 2054 1624 2068; x_wconf 89' lang='grc'><strong>·</strong></span> <span class='ocrx_word' id='word_1_265' title='bbox 1662 2038 1756 2091; x_wconf 81' lang='grc' dir='ltr'>καὶ</span> <span class='ocrx_word' id='word_1_266' title='bbox 1789 2039 1901 2108; x_wconf 77' lang='grc' dir='ltr'>ἔχει</span> 
     </span>
    </p>
   </div>
   <div class='ocr_carea' id='block_1_38' title="bbox 317 2125 1902 2200">
    <p class='ocr_par' dir='ltr' id='par_1_38' title="bbox 317 2125 1902 2200">
     <span class='ocr_line' id='line_1_38' title="bbox 317 2125 1902 2200; baseline 0.005 -23"><span class='ocrx_word' id='word_1_267' title='bbox 317 2127 418 2195; x_wconf 79' lang='grc' dir='ltr'>μὲν</span> <span class='ocrx_word' id='word_1_268' title='bbox 448 2125 694 2186; x_wconf 85' lang='grc' dir='ltr'>όλίσθους</span> <span class='ocrx_word' id='word_1_269' title='bbox 720 2127 800 2179; x_wconf 80' lang='grc' dir='ltr'>ὅτι</span> <span class='ocrx_word' id='word_1_270' title='bbox 827 2126 1080 2190; x_wconf 82' lang='grc' dir='ltr'>πολλοὺς,</span> <span class='ocrx_word' id='word_1_271' title='bbox 1114 2127 1228 2193; x_wconf 76' lang='grc' dir='ltr'>ἔχει</span> <span class='ocrx_word' id='word_1_272' title='bbox 1253 2129 1309 2181; x_wconf 80' lang='grc' dir='ltr'>δὲ</span> <span class='ocrx_word' id='word_1_273' title='bbox 1339 2129 1746 2200; x_wconf 85' lang='grc' dir='ltr'>προσκόμματα</span> <span class='ocrx_word' id='word_1_274' title='bbox 1769 2147 1784 2160; x_wconf 89' lang='grc'><strong>·</strong></span> <span class='ocrx_word' id='word_1_275' title='bbox 1805 2132 1902 2185; x_wconf 74' lang='grc' dir='ltr'>καὶ</span> 
     </span>
    </p>
   </div>
   <div class='ocr_carea' id='block_1_39' title="bbox 315 2215 1901 2288">
    <p class='ocr_par' dir='ltr' id='par_1_39' title="bbox 315 2215 1901 2288">
     <span class='ocr_line' id='line_1_39' title="bbox 315 2215 1901 2288; baseline 0.003 -20"><span class='ocrx_word' id='word_1_276' title='bbox 315 2215 519 2269; x_wconf 79' lang='grc' dir='ltr'>πλάναι</span> <span class='ocrx_word' id='word_1_277' title='bbox 549 2215 723 2286; x_wconf 88' lang='grc' dir='ltr'>τούτῳ</span> <span class='ocrx_word' id='word_1_278' title='bbox 763 2216 996 2284; x_wconf 79' lang='grc' dir='ltr'>φύονται</span> <span class='ocrx_word' id='word_1_279' title='bbox 1035 2220 1254 2286; x_wconf 77' lang='grc' dir='ltr'>συχναὶ,</span> <span class='ocrx_word' id='word_1_280' title='bbox 1291 2217 1463 2270; x_wconf 84' lang='grc' dir='ltr'>πολλά</span> <span class='ocrx_word' id='word_1_281' title='bbox 1491 2219 1559 2271; x_wconf 75' lang='grc' dir='ltr'>τὰ</span> <span class='ocrx_word' id='word_1_282' title='bbox 1601 2222 1901 2288; x_wconf 82' lang='grc' dir='ltr'>προσιστά-</span> 
     </span>
    </p>
   </div>
   <div class='ocr_carea' id='block_1_40' title="bbox 316 2309 1898 2384">
    <p class='ocr_par' dir='ltr' id='par_1_40' title="bbox 316 2309 1898 2384">
     <span class='ocr_line' id='line_1_40' title="bbox 316 2309 1898 2384; baseline 0.003 -22"><span class='ocrx_word' id='word_1_283' title='bbox 316 2328 456 2381; x_wconf 86' lang='grc' dir='ltr'>μενα</span> <span class='ocrx_word' id='word_1_284' title='bbox 487 2309 850 2380; x_wconf 77' lang='grc' dir='ltr'>κεκτημέναι.</span> <span class='ocrx_word' id='word_1_285' title='bbox 878 2311 987 2362; x_wconf 71' lang='grc' dir='ltr'><strong>Καὶ</strong></span> <span class='ocrx_word' id='word_1_286' title='bbox 1021 2310 1110 2380; x_wconf 77' lang='grc' dir='ltr'>εἴη</span> <span class='ocrx_word' id='word_1_287' title='bbox 1160 2311 1226 2364; x_wconf 82' lang='grc' dir='ltr'>ἄν</span> <span class='ocrx_word' id='word_1_288' title='bbox 1281 2329 1364 2365; x_wconf 88' lang='grc' dir='ltr'><strong>σοι</strong></span> <span class='ocrx_word' id='word_1_289' title='bbox 1411 2313 1597 2379; x_wconf 68' lang='grc' dir='ltr'>καλὸν,</span> <span class='ocrx_word' id='word_1_290' title='bbox 1627 2309 1805 2384; x_wconf 79' lang='grc' dir='ltr'>οἶμαι,</span> <span class='ocrx_word' id='word_1_291' title='bbox 1836 2315 1898 2367; x_wconf 69' lang='grc' dir='ltr'><strong>τὸ</strong></span> 
     </span>
    </p>
   </div>
   <div class='ocr_carea' id='block_1_41' title="bbox 315 2401 1899 2474">
    <p class='ocr_par' dir='ltr' id='par_1_41' title="bbox 315 2401 1899 2474">
     <span class='ocr_line' id='line_1_41' title="bbox 315 2401 1899 2474; baseline 0.003 -19"><span class='ocrx_word' id='word_1_292' title='bbox 315 2403 486 2472; x_wconf 79' lang='grc' dir='ltr'>μηδὲν</span> <span class='ocrx_word' id='word_1_293' title='bbox 545 2401 727 2472; x_wconf 87' lang='grc' dir='ltr'>σαυτῷ</span> <span class='ocrx_word' id='word_1_294' title='bbox 789 2401 1230 2472; x_wconf 74' lang='grc' dir='ltr'>συνειδότιμετά</span> <span class='ocrx_word' id='word_1_295' title='bbox 1275 2402 1368 2456; x_wconf 79' lang='grc' dir='ltr'><strong>τοῦ</strong></span> <span class='ocrx_word' id='word_1_296' title='bbox 1401 2403 1610 2457; x_wconf 78' lang='grc' dir='ltr'>Παύλου</span> <span class='ocrx_word' id='word_1_297' title='bbox 1661 2406 1899 2474; x_wconf 77' lang='grc' dir='ltr'>φθέγξα-</span> 
     </span>
    </p>
   </div>
   <div class='ocr_carea' id='block_1_42' title="bbox 317 2493 1900 2568">
    <p class='ocr_par' dir='ltr' id='par_1_42' title="bbox 317 2493 1900 2568">
     <span class='ocr_line' id='line_1_42' title="bbox 317 2493 1900 2568; baseline 0.001 -20"><span class='ocrx_word' id='word_1_298' title='bbox 317 2496 473 2548; x_wconf 75' lang='grc' dir='ltr'>σθαιο</span> <span class='ocrx_word' id='word_1_299' title='bbox 531 2498 651 2549; x_wconf 79' lang='grc' dir='ltr'><strong>Οὐκ</strong></span> <span class='ocrx_word' id='word_1_300' title='bbox 685 2495 756 2548; x_wconf 80' lang='grc' dir='ltr'>ἐν</span> <span class='ocrx_word' id='word_1_301' title='bbox 791 2495 985 2562; x_wconf 83' lang='grc' dir='ltr'>τούτῳ</span> <span class='ocrx_word' id='word_1_302' title='bbox 1052 2493 1471 2563; x_wconf 81' lang='grc' dir='ltr'>δεδικαίωμαι·</span> <span class='ocrx_word' id='word_1_303' title='bbox 1510 2496 1602 2548; x_wconf 71' lang='grc' dir='ltr'>καὶ</span> <span class='ocrx_word' id='word_1_304' title='bbox 1653 2497 1759 2549; x_wconf 85' lang='grc' dir='ltr'><strong>τῶν</strong></span> <span class='ocrx_word' id='word_1_305' title='bbox 1803 2498 1900 2568; x_wconf 78' lang='grc' dir='ltr'>μὲν</span> 
     </span>
    </p>
   </div>
   <div class='ocr_carea' id='block_1_43' title="bbox 314 2585 1895 2656">
    <p class='ocr_par' dir='ltr' id='par_1_43' title="bbox 314 2585 1895 2656">
     <span class='ocr_line' id='line_1_43' title="bbox 314 2585 1895 2656; baseline 0.001 -16"><span class='ocrx_word' id='word_1_306' title='bbox 314 2585 540 2640; x_wconf 72' lang='grc' dir='ltr'>ὄπισθεν</span> <span class='ocrx_word' id='word_1_307' title='bbox 571 2585 1048 2650; x_wconf 74' lang='grc' dir='ltr'>ἐπιλανθάνεσθαι,</span> <span class='ocrx_word' id='word_1_308' title='bbox 1093 2589 1205 2648; x_wconf 83' lang='grc' dir='ltr'>τοῖς</span> <span class='ocrx_word' id='word_1_309' title='bbox 1230 2586 1274 2638; x_wconf 81' lang='grc' dir='ltr'>δ’</span> <span class='ocrx_word' id='word_1_310' title='bbox 1305 2587 1616 2656; x_wconf 74' lang='grc' dir='ltr'>ἔμπροσθεν</span> <span class='ocrx_word' id='word_1_311' title='bbox 1646 2588 1895 2641; x_wconf 75' lang='grc' dir='ltr'>ἐπεκτεί-</span> 
     </span>
    </p>
   </div>
   <div class='ocr_carea' id='block_1_44' title="bbox 302 2678 1900 2752">
    <p class='ocr_par' dir='ltr' id='par_1_44' title="bbox 302 2678 1900 2752">
     <span class='ocr_line' id='line_1_44' title="bbox 302 2678 1900 2752; baseline 0.002 -20"><span class='ocrx_word' id='word_1_312' title='bbox 302 2680 531 2744; x_wconf 26' lang='grc' dir='ltr'>,νεσθαν</span> <span class='ocrx_word' id='word_1_313' title='bbox 558 2680 653 2733; x_wconf 69' lang='grc' dir='ltr'>καὶ</span> <span class='ocrx_word' id='word_1_314' title='bbox 681 2681 820 2733; x_wconf 84' lang='grc' dir='ltr'><strong>κατά</strong></span> <span class='ocrx_word' id='word_1_315' title='bbox 846 2679 952 2733; x_wconf 81' lang='grc' dir='ltr'><strong>τῶν</strong></span> <span class='ocrx_word' id='word_1_316' title='bbox 983 2678 1230 2747; x_wconf 78' lang='grc' dir='ltr'>ἀδελφῶν</span> <span class='ocrx_word' id='word_1_317' title='bbox 1251 2679 1326 2750; x_wconf 79' lang='grc' dir='ltr'>μὴ</span> <span class='ocrx_word' id='word_1_318' title='bbox 1347 2679 1732 2750; x_wconf 85' lang='grc' dir='ltr'>θρασύνεσθαι,</span> <span class='ocrx_word' id='word_1_319' title='bbox 1763 2681 1900 2752; x_wconf 71' lang='grc' dir='ltr'>μηδὲ</span> 
     </span>
    </p>
   </div>
   <div class='ocr_carea' id='block_1_45' title="bbox 316 2773 1899 2844">
    <p class='ocr_par' dir='ltr' id='par_1_45' title="bbox 316 2773 1899 2844">
     <span class='ocr_line' id='line_1_45' title="bbox 316 2773 1899 2844; baseline 0.001 -17"><span class='ocrx_word' id='word_1_320' title='bbox 316 2774 772 2844; x_wconf 76' lang='grc' dir='ltr'>κτεπαίρεσθαι,</span> <span class='ocrx_word' id='word_1_321' title='bbox 823 2773 960 2842; x_wconf 74' lang='grc' dir='ltr'>μηδὲ</span> <span class='ocrx_word' id='word_1_322' title='bbox 1017 2773 1426 2838; x_wconf 81' lang='grc' dir='ltr'>ἀπογινώσκειν</span> <span class='ocrx_word' id='word_1_323' title='bbox 1486 2773 1726 2838; x_wconf 81' lang='grc' dir='ltr'>αὐτούς’</span> <span class='ocrx_word' id='word_1_324' title='bbox 1779 2776 1899 2830; x_wconf 82' lang='grc' dir='ltr'>ἀλλ’</span> 
     </span>
    </p>
   </div>
   <div class='ocr_carea' id='block_1_46' title="bbox 315 2862 1897 2934">
    <p class='ocr_par' dir='ltr' id='par_1_46' title="bbox 315 2862 1897 2934">
     <span class='ocr_line' id='line_1_46' title="bbox 315 2862 1897 2934; baseline -0.001 -16"><span class='ocrx_word' id='word_1_325' title='bbox 315 2865 410 2934; x_wconf 72' lang='grc' dir='ltr'>ἔᾷν</span> <span class='ocrx_word' id='word_1_326' title='bbox 442 2865 539 2920; x_wconf 73' lang='grc' dir='ltr'>καὶ</span> <span class='ocrx_word' id='word_1_327' title='bbox 569 2867 636 2916; x_wconf 74' lang='grc' dir='ltr'><strong>τὰ</strong></span> <span class='ocrx_word' id='word_1_328' title='bbox 669 2863 892 2930; x_wconf 85' lang='grc' dir='ltr'>σαυτοῦ,</span> <span class='ocrx_word' id='word_1_329' title='bbox 925 2863 1022 2916; x_wconf 74' lang='grc' dir='ltr'>καὶ</span> <span class='ocrx_word' id='word_1_330' title='bbox 1052 2863 1120 2915; x_wconf 81' lang='grc' dir='ltr'>τὰ</span> <span class='ocrx_word' id='word_1_331' title='bbox 1162 2862 1365 2933; x_wconf 74' lang='grc' dir='ltr'>ἐτέρων</span> <span class='ocrx_word' id='word_1_332' title='bbox 1412 2864 1622 2934; x_wconf 82' lang='grc' dir='ltr'>κρίνειν</span> <span class='ocrx_word' id='word_1_333' title='bbox 1670 2865 1897 2932; x_wconf 71' lang='grc' dir='ltr'>ἐκεῖνον,</span> 
     </span>
    </p>
   </div>
   <div class='ocr_carea' id='block_1_47' title="bbox 313 2949 1900 3026">
    <p class='ocr_par' dir='ltr' id='par_1_47' title="bbox 313 2949 1900 3026">
     <span class='ocr_line' id='line_1_47' title="bbox 313 2949 1900 3026; baseline -0.007 -16"><span class='ocrx_word' id='word_1_334' title='bbox 313 2949 356 3024; x_wconf 79' lang='grc' dir='ltr'><strong>ᾧ</strong></span> <span class='ocrx_word' id='word_1_335' title='bbox 386 2956 487 3026; x_wconf 85' lang='grc' dir='ltr'>τὴν</span> <span class='ocrx_word' id='word_1_336' title='bbox 513 2957 695 3026; x_wconf 80' lang='grc' dir='ltr'>κρίσιν</span> <span class='ocrx_word' id='word_1_337' title='bbox 727 2957 909 3010; x_wconf 80' lang='grc' dir='ltr'>πᾶσαν</span> <span class='ocrx_word' id='word_1_338' title='bbox 936 2954 1169 3008; x_wconf 80' lang='grc' dir='ltr'>δέδωκεν</span> <span class='ocrx_word' id='word_1_339' title='bbox 1199 2958 1226 3008; x_wconf 92' lang='lat'><strong>6</strong></span> <span class='ocrx_word' id='word_1_340' title='bbox 1256 2955 1464 3026; x_wconf 86' lang='grc' dir='ltr'>Πατήρ.</span> <span class='ocrx_word' id='word_1_341' title='bbox 1506 2955 1573 3009; x_wconf 86' lang='grc' dir='ltr'><strong><em>Ἥ</em></strong></span> <span class='ocrx_word' id='word_1_342' title='bbox 1603 2958 1712 3026; x_wconf 72' lang='grc' dir='ltr'><strong>γὰρ</strong></span> <span class='ocrx_word' id='word_1_343' title='bbox 1746 2957 1900 3011; x_wconf 79' lang='grc' dir='ltr'>ἐναν-</span> 
     </span>
    </p>
   </div>
   <div class='ocr_carea' id='block_1_48' title="bbox 2008 1944 3606 2016">
    <p class='ocr_par' dir='ltr' id='par_1_48' title="bbox 2008 1944 3606 2016">
     <span class='ocr_line' id='line_1_48' title="bbox 2008 1944 3606 2016; baseline 0 -18"><span class='ocrx_word' id='word_1_344' title='bbox 2008 1945 2121 2008; x_wconf 87' lang='lat' dir='ltr'><strong>bat,</strong></span> <span class='ocrx_word' id='word_1_345' title='bbox 2149 1944 2270 2000; x_wconf 83' lang='lat' dir='ltr'><strong>Non</strong></span> <span class='ocrx_word' id='word_1_346' title='bbox 2301 1947 2356 1999; x_wconf 79' lang='lat' dir='ltr'><strong>in</strong></span> <span class='ocrx_word' id='word_1_347' title='bbox 2420 1947 2518 1998; x_wconf 82' lang='lat' dir='ltr'><strong>hoc</strong></span> <span class='ocrx_word' id='word_1_348' title='bbox 2557 1947 3032 2016; x_wconf 73' lang='lat' dir='ltr'><strong>stunjusti/r&#39;catus</strong></span> <span class='ocrx_word' id='word_1_349' title='bbox 3059 1946 3098 2010; x_wconf 84' lang='lat'><strong>&#39;,</strong></span> <span class='ocrx_word' id='word_1_350' title='bbox 3135 1961 3243 2016; x_wconf 81' lang='lat' dir='ltr'><strong>quo</strong></span> <span class='ocrx_word' id='word_1_351' title='bbox 3294 1955 3452 2014; x_wconf 86' lang='lat' dir='ltr'><strong>pacto</strong></span> <span class='ocrx_word' id='word_1_352' title='bbox 3500 1960 3606 1999; x_wconf 92' lang='lat' dir='ltr'><strong>non</strong></span> 
     </span>
    </p>
   </div>
   <div class='ocr_carea' id='block_1_49' title="bbox 2008 2037 3602 2108">
    <p class='ocr_par' dir='ltr' id='par_1_49' title="bbox 2008 2037 3602 2108">
     <span class='ocr_line' id='line_1_49' title="bbox 2008 2037 3602 2108; baseline -0.001 -17"><span class='ocrx_word' id='word_1_353' title='bbox 2008 2039 2543 2094; x_wconf 76' lang='lat' dir='ltr'><strong>contremiscemlum</strong></span> <span class='ocrx_word' id='word_1_354' title='bbox 2582 2039 2878 2105; x_wconf 85' lang='lat' dir='ltr'><strong>universis,</strong></span> <span class='ocrx_word' id='word_1_355' title='bbox 2936 2037 3129 2094; x_wconf 88' lang='lat' dir='ltr'><strong>veritis</strong></span> <span class='ocrx_word' id='word_1_356' title='bbox 3173 2052 3241 2092; x_wconf 91' lang='lat' dir='ltr'><strong>ne</strong></span> <span class='ocrx_word' id='word_1_357' title='bbox 3287 2038 3416 2108; x_wconf 86' lang='lat' dir='ltr'><strong>quid</strong></span> <span class='ocrx_word' id='word_1_358' title='bbox 3466 2038 3602 2106; x_wconf 80' lang='lat' dir='ltr'><strong>ipsis</strong></span> 
     </span>
    </p>
   </div>
   <div class='ocr_carea' id='block_1_50' title="bbox 2011 2129 3605 2199">
    <p class='ocr_par' dir='ltr' id='par_1_50' title="bbox 2011 2129 3605 2199">
     <span class='ocr_line' id='line_1_50' title="bbox 2011 2129 3605 2199; baseline -0.001 -18"><span class='ocrx_word' id='word_1_359' title='bbox 2011 2131 2256 2199; x_wconf 78' lang='lat' dir='ltr'><strong>ignotum</strong></span> <span class='ocrx_word' id='word_1_360' title='bbox 2290 2130 2380 2189; x_wconf 86' lang='lat' dir='ltr'><strong>sit.</strong></span> <span class='ocrx_word' id='word_1_361' title='bbox 2412 2138 2464 2182; x_wconf 90' lang='lat' dir='ltr'><strong>et</strong></span> <span class='ocrx_word' id='word_1_362' title='bbox 2495 2130 2546 2182; x_wconf 89' lang='lat' dir='ltr'><strong>in</strong></span> <span class='ocrx_word' id='word_1_363' title='bbox 2575 2144 2640 2183; x_wconf 88' lang='lat' dir='ltr'><strong>eo</strong></span> <span class='ocrx_word' id='word_1_364' title='bbox 2667 2129 2886 2198; x_wconf 90' lang='lat' dir='ltr'><strong>jaceant</strong></span> <span class='ocrx_word' id='word_1_365' title='bbox 2914 2129 2965 2183; x_wconf 91' lang='lat' dir='ltr'><strong>in</strong></span> <span class='ocrx_word' id='word_1_366' title='bbox 2991 2144 3098 2198; x_wconf 90' lang='lat' dir='ltr'><strong>quo</strong></span> <span class='ocrx_word' id='word_1_367' title='bbox 3114 2145 3172 2184; x_wconf 90' lang='lat' dir='ltr'><strong>se</strong></span> <span class='ocrx_word' id='word_1_368' title='bbox 3191 2140 3337 2184; x_wconf 90' lang='lat' dir='ltr'><strong>stare</strong></span> <span class='ocrx_word' id='word_1_369' title='bbox 3358 2139 3551 2196; x_wconf 79' lang='lat' dir='ltr'><strong>putant</strong></span> <span class='ocrx_word' id='word_1_370' title='bbox 3582 2129 3605 2180; x_wconf 84' lang='lat'><strong>?</strong></span> 
     </span>
    </p>
   </div>
   <div class='ocr_carea' id='block_1_51' title="bbox 2010 2222 3606 2289">
    <p class='ocr_par' dir='ltr' id='par_1_51' title="bbox 2010 2222 3606 2289">
     <span class='ocr_line' id='line_1_51' title="bbox 2010 2222 3606 2289; baseline 0.001 -15"><span class='ocrx_word' id='word_1_371' title='bbox 2010 2222 2221 2276; x_wconf 80' lang='lat' dir='ltr'><strong>llnrsus</strong></span> <span class='ocrx_word' id='word_1_372' title='bbox 2255 2223 2401 2276; x_wconf 88' lang='lat' dir='ltr'><strong>enim</strong></span> <span class='ocrx_word' id='word_1_373' title='bbox 2442 2222 2683 2275; x_wconf 84' lang='lat' dir='ltr'><strong>Paulinis</strong></span> <span class='ocrx_word' id='word_1_374' title='bbox 2713 2223 2894 2278; x_wconf 85' lang='lat' dir='ltr'><strong>verbis</strong></span> <span class='ocrx_word' id='word_1_375' title='bbox 2947 2223 3188 2289; x_wconf 77' lang='lat' dir='ltr'><strong>ntar;in</strong></span> <span class='ocrx_word' id='word_1_376' title='bbox 3245 2223 3461 2278; x_wconf 79' lang='lat' dir='ltr'><strong>tertium</strong></span> <span class='ocrx_word' id='word_1_377' title='bbox 3518 2222 3606 2277; x_wconf 76' lang='lat' dir='ltr'><strong>ille</strong></span> 
     </span>
    </p>
   </div>
   <div class='ocr_carea' id='block_1_52' title="bbox 2006 2313 3608 2381">
    <p class='ocr_par' dir='ltr' id='par_1_52' title="bbox 2006 2313 3608 2381">
     <span class='ocr_line' id='line_1_52' title="bbox 2006 2313 3608 2381; baseline -0.001 -15"><span class='ocrx_word' id='word_1_378' title='bbox 2006 2313 2201 2368; x_wconf 63' lang='lat' dir='ltr'><strong>malum</strong></span> <span class='ocrx_word' id='word_1_379' title='bbox 2224 2313 2568 2377; x_wconf 79' lang='lat' dir='ltr'><strong>ascenderat,</strong></span> <span class='ocrx_word' id='word_1_380' title='bbox 2603 2313 2962 2369; x_wconf 85' lang='lat' dir='ltr'><strong>nihilominus</strong></span> <span class='ocrx_word' id='word_1_381' title='bbox 2979 2328 3178 2380; x_wconf 87' lang='lat' dir='ltr'><strong>corpus</strong></span> <span class='ocrx_word' id='word_1_382' title='bbox 3195 2328 3353 2368; x_wconf 90' lang='lat' dir='ltr'><strong>suum</strong></span> <span class='ocrx_word' id='word_1_383' title='bbox 3403 2313 3608 2381; x_wconf 67' lang='lat' dir='ltr'><strong>suggil-</strong></span> 
     </span>
    </p>
   </div>
   <div class='ocr_carea' id='block_1_53' title="bbox 2011 2405 3600 2475">
    <p class='ocr_par' dir='ltr' id='par_1_53' title="bbox 2011 2405 3600 2475">
     <span class='ocr_line' id='line_1_53' title="bbox 2011 2405 3600 2475; baseline -0.001 -17"><span class='ocrx_word' id='word_1_384' title='bbox 2011 2405 2160 2460; x_wconf 79' lang='lat' dir='ltr'><strong>labat</strong></span> <span class='ocrx_word' id='word_1_385' title='bbox 2187 2405 2348 2475; x_wconf 89' lang='lat' dir='ltr'><strong>inque</strong></span> <span class='ocrx_word' id='word_1_386' title='bbox 2378 2408 2698 2460; x_wconf 80' lang='lat' dir='ltr'><strong>servitutem</strong></span> <span class='ocrx_word' id='word_1_387' title='bbox 2729 2405 3036 2475; x_wconf 79' lang='lat' dir='ltr'><strong>redigebat,</strong></span> <span class='ocrx_word' id='word_1_388' title='bbox 3071 2415 3129 2460; x_wconf 91' lang='lat' dir='ltr'><strong>ut</strong></span> <span class='ocrx_word' id='word_1_389' title='bbox 3159 2406 3390 2475; x_wconf 80' lang='lat' dir='ltr'><strong>ipsemet</strong></span> <span class='ocrx_word' id='word_1_390' title='bbox 3425 2405 3600 2474; x_wconf 83' lang='lat' dir='ltr'><strong>loqui-</strong></span> 
     </span>
    </p>
   </div>
   <div class='ocr_carea' id='block_1_54' title="bbox 2015 2496 3601 2568">
    <p class='ocr_par' dir='ltr' id='par_1_54' title="bbox 2015 2496 3601 2568">
     <span class='ocr_line' id='line_1_54' title="bbox 2015 2496 3601 2568; baseline -0.001 -18"><span class='ocrx_word' id='word_1_391' title='bbox 2015 2508 2102 2551; x_wconf 85' lang='lat' dir='ltr'><strong>tur</strong></span> <span class='ocrx_word' id='word_1_392' title='bbox 2123 2498 2167 2562; x_wconf 75' lang='grc'>⁸,</span> <span class='ocrx_word' id='word_1_393' title='bbox 2197 2511 2262 2552; x_wconf 91' lang='lat' dir='ltr'><strong>ne</strong></span> <span class='ocrx_word' id='word_1_394' title='bbox 2298 2498 2388 2567; x_wconf 88' lang='lat' dir='ltr'><strong>qui</strong></span> <span class='ocrx_word' id='word_1_395' title='bbox 2417 2497 2538 2552; x_wconf 87' lang='lat' dir='ltr'><strong>aliis</strong></span> <span class='ocrx_word' id='word_1_396' title='bbox 2568 2498 2942 2566; x_wconf 75' lang='lat' dir='ltr'><strong>praedicasset,</strong></span> <span class='ocrx_word' id='word_1_397' title='bbox 2977 2497 3095 2568; x_wconf 90' lang='lat' dir='ltr'><strong>ipse</strong></span> <span class='ocrx_word' id='word_1_398' title='bbox 3125 2496 3384 2566; x_wconf 84' lang='lat' dir='ltr'><strong>rejiculus</strong></span> <span class='ocrx_word' id='word_1_399' title='bbox 3415 2499 3601 2556; x_wconf 81' lang='lat' dir='ltr'><strong>ﬁeret.</strong></span> 
     </span>
    </p>
   </div>
   <div class='ocr_carea' id='block_1_55' title="bbox 2007 2587 3602 2659">
    <p class='ocr_par' dir='ltr' id='par_1_55' title="bbox 2007 2587 3602 2659">
     <span class='ocr_line' id='line_1_55' title="bbox 2007 2587 3602 2659; baseline -0.002 -16"><span class='ocrx_word' id='word_1_400' title='bbox 2007 2587 2143 2655; x_wconf 78' lang='lat' dir='ltr'><strong>Quis</strong></span> <span class='ocrx_word' id='word_1_401' title='bbox 2175 2589 2342 2657; x_wconf 74' lang='lat' dir='ltr'><strong>igitur</strong></span> <span class='ocrx_word' id='word_1_402' title='bbox 2371 2590 2546 2644; x_wconf 75' lang='lat' dir='ltr'><strong>audax</strong></span> <span class='ocrx_word' id='word_1_403' title='bbox 2577 2589 2736 2652; x_wconf 85' lang='lat' dir='ltr'><strong>adeo,</strong></span> <span class='ocrx_word' id='word_1_404' title='bbox 2764 2589 2889 2658; x_wconf 85' lang='lat' dir='ltr'><strong>quis</strong></span> <span class='ocrx_word' id='word_1_405' title='bbox 2913 2589 3055 2646; x_wconf 90' lang='lat' dir='ltr'><strong>adeo</strong></span> <span class='ocrx_word' id='word_1_406' title='bbox 3087 2589 3345 2655; x_wconf 88' lang='lat' dir='ltr'><strong>stolidus,</strong></span> <span class='ocrx_word' id='word_1_407' title='bbox 3374 2600 3432 2643; x_wconf 90' lang='lat' dir='ltr'><strong>nt</strong></span> <span class='ocrx_word' id='word_1_408' title='bbox 3485 2590 3602 2659; x_wconf 77' lang='lat' dir='ltr'><strong>glo-</strong></span> 
     </span>
    </p>
   </div>
   <div class='ocr_carea' id='block_1_56' title="bbox 2009 2680 3598 2752">
    <p class='ocr_par' dir='ltr' id='par_1_56' title="bbox 2009 2680 3598 2752">
     <span class='ocr_line' id='line_1_56' title="bbox 2009 2680 3598 2752; baseline -0.001 -18"><span class='ocrx_word' id='word_1_409' title='bbox 2009 2680 2142 2735; x_wconf 83' lang='lat' dir='ltr'><strong>riari</strong></span> <span class='ocrx_word' id='word_1_410' title='bbox 2169 2680 2237 2734; x_wconf 91' lang='lat' dir='ltr'><strong>de</strong></span> <span class='ocrx_word' id='word_1_411' title='bbox 2269 2680 2495 2736; x_wconf 88' lang='lat' dir='ltr'><strong>incertis</strong></span> <span class='ocrx_word' id='word_1_412' title='bbox 2524 2681 2677 2744; x_wconf 81' lang='lat' dir='ltr'><strong>velit,</strong></span> <span class='ocrx_word' id='word_1_413' title='bbox 2709 2690 2873 2752; x_wconf 86' lang='lat' dir='ltr'><strong>atque</strong></span> <span class='ocrx_word' id='word_1_414' title='bbox 2892 2682 3088 2738; x_wconf 86' lang='lat' dir='ltr'><strong>ﬁducia</strong></span> <span class='ocrx_word' id='word_1_415' title='bbox 3113 2692 3372 2752; x_wconf 87' lang='lat' dir='ltr'><strong>concepta</strong></span> <span class='ocrx_word' id='word_1_416' title='bbox 3403 2690 3598 2752; x_wconf 79' lang='lat' dir='ltr'><strong>putare</strong></span> 
     </span>
    </p>
   </div>
   <div class='ocr_carea' id='block_1_57' title="bbox 2005 2773 3596 2847">
    <p class='ocr_par' dir='ltr' id='par_1_57' title="bbox 2005 2773 3596 2847">
     <span class='ocr_line' id='line_1_57' title="bbox 2005 2773 3596 2847; baseline -0.001 -17"><span class='ocrx_word' id='word_1_417' title='bbox 2005 2774 2258 2830; x_wconf 76' lang='lat' dir='ltr'><strong>stabilem</strong></span> <span class='ocrx_word' id='word_1_418' title='bbox 2283 2788 2344 2829; x_wconf 85' lang='lat' dir='ltr'><strong>se</strong></span> <span class='ocrx_word' id='word_1_419' title='bbox 2382 2789 2700 2830; x_wconf 86' lang='lat' dir='ltr'><strong>mansurum</strong></span> <span class='ocrx_word' id='word_1_420' title='bbox 2731 2776 2928 2843; x_wconf 86' lang='lat' dir='ltr'><strong>quovis</strong></span> <span class='ocrx_word' id='word_1_421' title='bbox 2948 2783 3192 2846; x_wconf 88' lang='lat' dir='ltr'><strong>tempore</strong></span> <span class='ocrx_word' id='word_1_422' title='bbox 3225 2786 3389 2847; x_wconf 84' lang='lat' dir='ltr'><strong>a&#39;que</strong></span> <span class='ocrx_word' id='word_1_423' title='bbox 3418 2773 3596 2830; x_wconf 74' lang='lat' dir='ltr'><strong>casu?</strong></span> 
     </span>
    </p>
   </div>
   <div class='ocr_carea' id='block_1_58' title="bbox 2007 2866 3595 2939">
    <p class='ocr_par' dir='ltr' id='par_1_58' title="bbox 2007 2866 3595 2939">
     <span class='ocr_line' id='line_1_58' title="bbox 2007 2866 3595 2939; baseline -0.002 -17"><span class='ocrx_word' id='word_1_424' title='bbox 2007 2866 2131 2923; x_wconf 61' lang='lat' dir='ltr'><strong>Haec</strong></span> <span class='ocrx_word' id='word_1_425' title='bbox 2146 2868 2255 2922; x_wconf 89' lang='lat' dir='ltr'><strong>vita</strong></span> <span class='ocrx_word' id='word_1_426' title='bbox 2275 2868 2548 2939; x_wconf 83' lang='lat' dir='ltr'><strong>quoddam</strong></span> <span class='ocrx_word' id='word_1_427' title='bbox 2565 2877 2648 2924; x_wconf 89' lang='lat' dir='ltr'><strong>est</strong></span> <span class='ocrx_word' id='word_1_428' title='bbox 2674 2871 2776 2923; x_wconf 86' lang='lat' dir='ltr'><strong>iter</strong></span> <span class='ocrx_word' id='word_1_429' title='bbox 2793 2869 2847 2923; x_wconf 90' lang='lat' dir='ltr'><strong>in</strong></span> <span class='ocrx_word' id='word_1_430' title='bbox 2872 2883 2979 2938; x_wconf 88' lang='lat' dir='ltr'><strong>quo</strong></span> <span class='ocrx_word' id='word_1_431' title='bbox 2998 2869 3306 2938; x_wconf 85' lang='lat' dir='ltr'><strong>complures</strong></span> <span class='ocrx_word' id='word_1_432' title='bbox 3329 2877 3384 2924; x_wconf 90' lang='lat' dir='ltr'><strong>et</strong></span> <span class='ocrx_word' id='word_1_433' title='bbox 3400 2867 3595 2922; x_wconf 82' lang='lat' dir='ltr'><strong>lubrici</strong></span> 
     </span>
    </p>
   </div>
   <div class='ocr_carea' id='block_1_59' title="bbox 2006 2958 3602 3038">
    <p class='ocr_par' dir='ltr' id='par_1_59' title="bbox 2006 2958 3602 3038">
     <span class='ocr_line' id='line_1_59' title="bbox 2006 2958 3602 3038; baseline -0.001 -26"><span class='ocrx_word' id='word_1_434' title='bbox 2006 2958 2190 3029; x_wconf 83' lang='lat' dir='ltr'><strong>lapsus</strong></span> <span class='ocrx_word' id='word_1_435' title='bbox 2219 2967 2274 3016; x_wconf 91' lang='lat' dir='ltr'><strong>et</strong></span> <span class='ocrx_word' id='word_1_436' title='bbox 2302 2959 2832 3038; x_wconf 70' lang='lat' dir='ltr'><strong>odendiculasunt.</strong></span> <span class='ocrx_word' id='word_1_437' title='bbox 2867 2959 3164 3029; x_wconf 82' lang='lat' dir='ltr'><strong>itidemque</strong></span> <span class='ocrx_word' id='word_1_438' title='bbox 3191 2960 3500 3029; x_wconf 75' lang='lat' dir='ltr'><strong>frequentes</strong></span> <span class='ocrx_word' id='word_1_439' title='bbox 3548 2958 3602 3012; x_wconf 81' lang='lat' dir='ltr'><strong>in</strong></span> 
     </span>
    </p>
   </div>
   <div class='ocr_carea' id='block_1_60' title="bbox 314 3043 1905 3122">
    <p class='ocr_par' dir='ltr' id='par_1_60' title="bbox 314 3043 1900 3122">
     <span class='ocr_line' id='line_1_60' title="bbox 314 3043 1900 3122; baseline 0.003 -21"><span class='ocrx_word' id='word_1_440' title='bbox 314 3050 408 3102; x_wconf 85' lang='grc' dir='ltr'><strong>τία</strong></span> <span class='ocrx_word' id='word_1_441' title='bbox 439 3049 650 3112; x_wconf 85' lang='grc' dir='ltr'>τούτοις</span> <span class='ocrx_word' id='word_1_442' title='bbox 681 3050 820 3113; x_wconf 80' lang='grc' dir='ltr'>ὁδὸς,</span> <span class='ocrx_word' id='word_1_443' title='bbox 856 3048 932 3120; x_wconf 77' lang='grc' dir='ltr'>μὴ</span> <span class='ocrx_word' id='word_1_444' title='bbox 966 3049 1067 3118; x_wconf 77' lang='grc' dir='ltr'><strong>οὐχ</strong></span> <span class='ocrx_word' id='word_1_445' title='bbox 1095 3047 1234 3116; x_wconf 74' lang='grc' dir='ltr'>αὕτη</span> <span class='ocrx_word' id='word_1_446' title='bbox 1333 3047 1470 3121; x_wconf 84' lang='grc' dir='ltr'>ὀρθὴ</span> <span class='ocrx_word' id='word_1_447' title='bbox 1501 3049 1637 3120; x_wconf 79' lang='grc' dir='ltr'>πρὸς</span> <span class='ocrx_word' id='word_1_448' title='bbox 1677 3049 1900 3121; x_wconf 81' lang='grc' dir='ltr'>ἀρετὴν,</span> 
     </span>
    </p>
   </div>
   <div class='ocr_carea' id='block_1_61' title="bbox 2014 3043 3607 3122">
    <p class='ocr_par' dir='ltr' id='par_1_61' title="bbox 2014 3050 3607 3120">
     <span class='ocr_line' id='line_1_61' title="bbox 2014 3050 3607 3120; baseline -0.001 -16"><span class='ocrx_word' id='word_1_449' title='bbox 2014 3063 2076 3104; x_wconf 88' lang='lat' dir='ltr'><strong>eo</strong></span> <span class='ocrx_word' id='word_1_450' title='bbox 2102 3051 2375 3106; x_wconf 82' lang='lat' dir='ltr'><strong>exsistunt</strong></span> <span class='ocrx_word' id='word_1_451' title='bbox 2404 3065 2622 3106; x_wconf 87' lang='lat' dir='ltr'><strong>errores</strong></span> <span class='ocrx_word' id='word_1_452' title='bbox 2671 3051 2765 3120; x_wconf 90' lang='lat' dir='ltr'><strong>qui</strong></span> <span class='ocrx_word' id='word_1_453' title='bbox 2813 3050 2983 3107; x_wconf 82' lang='lat' dir='ltr'><strong>multa</strong></span> <span class='ocrx_word' id='word_1_454' title='bbox 3034 3051 3320 3108; x_wconf 91' lang='lat' dir='ltr'><strong>continent</strong></span> <span class='ocrx_word' id='word_1_455' title='bbox 3377 3051 3607 3120; x_wconf 84' lang='lat' dir='ltr'><strong>impedi-</strong></span> 
     </span>
    </p>
   </div>
   <div class='ocr_carea' id='block_1_62' title="bbox 315 3137 844 3198">
    <p class='ocr_par' dir='ltr' id='par_1_62' title="bbox 315 3137 844 3198">
     <span class='ocr_line' id='line_1_62' title="bbox 315 3137 844 3198; baseline 0.002 -2"><span class='ocrx_word' id='word_1_456' title='bbox 315 3137 468 3196; x_wconf 71' lang='grc' dir='ltr'>εἴπεν</span> <span class='ocrx_word' id='word_1_457' title='bbox 498 3142 564 3195; x_wconf 84' lang='grc' dir='ltr'>ἂν</span> <span class='ocrx_word' id='word_1_458' title='bbox 600 3141 844 3198; x_wconf 83' lang='grc' dir='ltr'>Πλάτων.</span> 
     </span>
    </p>
   </div>
   <div class='ocr_carea' id='block_1_63' title="bbox 2008 3143 3604 3216">
    <p class='ocr_par' dir='ltr' id='par_1_63' title="bbox 2008 3143 3604 3216">
     <span class='ocr_line' id='line_1_63' title="bbox 2008 3143 3604 3216; baseline -0.002 -17"><span class='ocrx_word' id='word_1_459' title='bbox 2008 3150 2212 3199; x_wconf 84' lang='lat' dir='ltr'><strong>menta.</strong></span> <span class='ocrx_word' id='word_1_460' title='bbox 2243 3146 2426 3212; x_wconf 82' lang='lat' dir='ltr'><strong>Atque</strong></span> <span class='ocrx_word' id='word_1_461' title='bbox 2458 3143 2595 3198; x_wconf 87' lang='lat' dir='ltr'><strong>adeo</strong></span> <span class='ocrx_word' id='word_1_462' title='bbox 2618 3145 2817 3199; x_wconf 80' lang='lat' dir='ltr'><strong>bonum</strong></span> <span class='ocrx_word' id='word_1_463' title='bbox 2843 3143 2937 3198; x_wconf 90' lang='lat' dir='ltr'><strong>tibi</strong></span> <span class='ocrx_word' id='word_1_464' title='bbox 2964 3143 3148 3208; x_wconf 87' lang='lat' dir='ltr'><strong>fuerit,</strong></span> <span class='ocrx_word' id='word_1_465' title='bbox 3177 3144 3393 3211; x_wconf 71' lang='lat' dir='ltr'><strong>opinor,</strong></span> <span class='ocrx_word' id='word_1_466' title='bbox 3435 3154 3490 3196; x_wconf 88' lang='lat' dir='ltr'><strong>ut</strong></span> <span class='ocrx_word' id='word_1_467' title='bbox 3517 3145 3604 3216; x_wconf 87' lang='lat' dir='ltr'><strong>ip-</strong></span> 
     </span>
    </p>
   </div>
   <div class='ocr_carea' id='block_1_64' title="bbox 317 3238 3603 3315">
    <p class='ocr_par' dir='ltr' id='par_1_64' title="bbox 317 3238 3603 3315">
     <span class='ocr_line' id='line_1_64' title="bbox 317 3238 3603 3315; baseline -0.002 -19"><span class='ocrx_word' id='word_1_468' title='bbox 317 3257 375 3296; x_wconf 84' lang='lat' dir='ltr'><strong>se</strong></span> <span class='ocrx_word' id='word_1_469' title='bbox 425 3240 522 3293; x_wconf 86' lang='lat' dir='ltr'><strong>tibi</strong></span> <span class='ocrx_word' id='word_1_470' title='bbox 555 3239 751 3294; x_wconf 86' lang='lat' dir='ltr'><strong>nullius</strong></span> <span class='ocrx_word' id='word_1_471' title='bbox 777 3240 852 3294; x_wconf 88' lang='lat' dir='ltr'><strong>rei</strong></span> <span class='ocrx_word' id='word_1_472' title='bbox 881 3241 1154 3308; x_wconf 75' lang='lat' dir='ltr'><strong>conscius,</strong></span> <span class='ocrx_word' id='word_1_473' title='bbox 1185 3254 1311 3295; x_wconf 90' lang='lat' dir='ltr'><strong>cum</strong></span> <span class='ocrx_word' id='word_1_474' title='bbox 1351 3238 1517 3295; x_wconf 85' lang='lat' dir='ltr'><strong>Paulo</strong></span> <span class='ocrx_word' id='word_1_475' title='bbox 1557 3239 1731 3304; x_wconf 87' lang='lat' dir='ltr'><strong>dicas,</strong></span> <span class='ocrx_word' id='word_1_476' title='bbox 1784 3238 1909 3294; x_wconf 86' lang='lat' dir='ltr'><strong>Non</strong></span> <span class='ocrx_word' id='word_1_477' title='bbox 1937 3239 1992 3293; x_wconf 77' lang='lat' dir='ltr'><strong>in</strong></span> <span class='ocrx_word' id='word_1_478' title='bbox 2025 3243 2122 3292; x_wconf 80' lang='lat' dir='ltr'><strong>hac</strong></span> <span class='ocrx_word' id='word_1_479' title='bbox 2160 3256 2278 3294; x_wconf 83' lang='lat' dir='ltr'><strong>sum</strong></span> <span class='ocrx_word' id='word_1_480' title='bbox 2315 3239 2667 3310; x_wconf 75' lang='lat' dir='ltr'><strong>jusliﬁcalus,</strong></span> <span class='ocrx_word' id='word_1_481' title='bbox 2695 3251 2885 3310; x_wconf 86' lang='lat' dir='ltr'><strong>utque,</strong></span> <span class='ocrx_word' id='word_1_482' title='bbox 2928 3241 3332 3308; x_wconf 61' lang='grc' dir='ltr'>ῃτωιιιιέὶιοτιυιι</span> <span class='ocrx_word' id='word_1_483' title='bbox 3380 3239 3603 3315; x_wconf 77' lang='lat' dir='ltr'><strong>oblitus,</strong></span> 
     </span>
    </p>
   </div>
   <div class='ocr_carea' id='block_1_65' title="bbox 317 3334 3605 3407">
    <p class='ocr_par' dir='ltr' id='par_1_65' title="bbox 317 3334 3605 3407">
     <span class='ocr_line' id='line_1_65' title="bbox 317 3334 3605 3407; baseline -0.001 -17"><span class='ocrx_word' id='word_1_484' title='bbox 317 3337 368 3390; x_wconf 91' lang='lat' dir='ltr'><strong>in</strong></span> <span class='ocrx_word' id='word_1_485' title='bbox 401 3337 466 3390; x_wconf 83' lang='lat' dir='ltr'><strong>iis</strong></span> <span class='ocrx_word' id='word_1_486' title='bbox 497 3351 616 3405; x_wconf 67' lang='lat' dir='ltr'><strong>quae</strong></span> <span class='ocrx_word' id='word_1_487' title='bbox 644 3347 768 3388; x_wconf 84' lang='lat' dir='ltr'><strong>ante</strong></span> <span class='ocrx_word' id='word_1_488' title='bbox 800 3334 966 3404; x_wconf 77' lang='lat' dir='ltr'><strong>pedes</strong></span> <span class='ocrx_word' id='word_1_489' title='bbox 999 3337 1392 3402; x_wconf 85' lang='lat' dir='ltr'><strong>suntenitaris,</strong></span> <span class='ocrx_word' id='word_1_490' title='bbox 1421 3336 1967 3392; x_wconf 85' lang='lat' dir='ltr'><strong>etadversusfratres</strong></span> <span class='ocrx_word' id='word_1_491' title='bbox 2003 3351 2180 3406; x_wconf 89' lang='lat' dir='ltr'><strong>neque</strong></span> <span class='ocrx_word' id='word_1_492' title='bbox 2211 3337 2472 3400; x_wconf 85' lang='lat' dir='ltr'><strong>ferocias,</strong></span> <span class='ocrx_word' id='word_1_493' title='bbox 2536 3352 2711 3407; x_wconf 84' lang='lat' dir='ltr'><strong>neque</strong></span> <span class='ocrx_word' id='word_1_494' title='bbox 2746 3347 2912 3392; x_wconf 86' lang='lat' dir='ltr'><strong>temet</strong></span> <span class='ocrx_word' id='word_1_495' title='bbox 2947 3337 3187 3406; x_wconf 71' lang='lat' dir='ltr'><strong>efferas,</strong></span> <span class='ocrx_word' id='word_1_496' title='bbox 3231 3350 3404 3401; x_wconf 89' lang='lat' dir='ltr'><strong>neque</strong></span> <span class='ocrx_word' id='word_1_497' title='bbox 3430 3336 3497 3390; x_wconf 79' lang='lat' dir='ltr'><strong>de</strong></span> <span class='ocrx_word' id='word_1_498' title='bbox 3535 3336 3605 3389; x_wconf 71' lang='lat' dir='ltr'><strong>iis</strong></span> 
     </span>
    </p>
   </div>
   <div class='ocr_carea' id='block_1_66' title="bbox 317 3423 3604 3499">
    <p class='ocr_par' dir='ltr' id='par_1_66' title="bbox 317 3423 3604 3499">
     <span class='ocr_line' id='line_1_66' title="bbox 317 3423 3604 3499; baseline -0.002 -16"><span class='ocrx_word' id='word_1_499' title='bbox 317 3431 596 3499; x_wconf 78' lang='lat' dir='ltr'><strong>desperes.</strong></span> <span class='ocrx_word' id='word_1_500' title='bbox 656 3431 752 3484; x_wconf 73' lang='lat' dir='ltr'><strong>sed</strong></span> <span class='ocrx_word' id='word_1_501' title='bbox 785 3441 893 3484; x_wconf 88' lang='lat' dir='ltr'><strong>tam</strong></span> <span class='ocrx_word' id='word_1_502' title='bbox 933 3430 998 3484; x_wconf 89' lang='lat' dir='ltr'><strong>de</strong></span> <span class='ocrx_word' id='word_1_503' title='bbox 1031 3429 1137 3485; x_wconf 90' lang='lat' dir='ltr'><strong>tuis</strong></span> <span class='ocrx_word' id='word_1_504' title='bbox 1161 3445 1324 3499; x_wconf 91' lang='lat' dir='ltr'><strong>quam</strong></span> <span class='ocrx_word' id='word_1_505' title='bbox 1356 3430 1712 3487; x_wconf 87' lang='lat' dir='ltr'><strong>alienisillum</strong></span> <span class='ocrx_word' id='word_1_506' title='bbox 1745 3430 1888 3486; x_wconf 88' lang='lat' dir='ltr'><strong>ferre</strong></span> <span class='ocrx_word' id='word_1_507' title='bbox 1912 3429 2179 3495; x_wconf 84' lang='lat' dir='ltr'><strong>judicium</strong></span> <span class='ocrx_word' id='word_1_508' title='bbox 2206 3429 2496 3499; x_wconf 84' lang='lat' dir='ltr'><strong>sinas,_cui</strong></span> <span class='ocrx_word' id='word_1_509' title='bbox 2533 3427 2692 3484; x_wconf 86' lang='lat' dir='ltr'><strong>Pater</strong></span> <span class='ocrx_word' id='word_1_510' title='bbox 2714 3444 2877 3491; x_wconf 89' lang='lat' dir='ltr'><strong>omne</strong></span> <span class='ocrx_word' id='word_1_511' title='bbox 2933 3428 3198 3498; x_wconf 85' lang='lat' dir='ltr'><strong>judicium</strong></span> <span class='ocrx_word' id='word_1_512' title='bbox 3234 3427 3405 3481; x_wconf 84' lang='lat' dir='ltr'><strong>dedit.</strong></span> <span class='ocrx_word' id='word_1_513' title='bbox 3467 3423 3604 3478; x_wconf 84' lang='lat' dir='ltr'><strong>Nam</strong></span> 
     </span>
    </p>
   </div>
   <div class='ocr_carea' id='block_1_67' title="bbox 319 3519 3600 3603">
    <p class='ocr_par' dir='ltr' id='par_1_67' title="bbox 319 3519 3600 3603">
     <span class='ocr_line' id='line_1_67' title="bbox 319 3519 3600 3603; baseline -0.003 -24"><span class='ocrx_word' id='word_1_514' title='bbox 319 3527 364 3579; x_wconf 83' lang='lat' dir='ltr'><strong>si</strong></span> <span class='ocrx_word' id='word_1_515' title='bbox 396 3525 536 3594; x_wconf 87' lang='lat' dir='ltr'><strong>quod</strong></span> <span class='ocrx_word' id='word_1_516' title='bbox 573 3535 658 3579; x_wconf 84' lang='lat' dir='ltr'><strong>est</strong></span> <span class='ocrx_word' id='word_1_517' title='bbox 728 3525 830 3578; x_wconf 90' lang='lat' dir='ltr'><strong>iter</strong></span> <span class='ocrx_word' id='word_1_518' title='bbox 876 3523 960 3579; x_wconf 87' lang='lat' dir='ltr'><strong>his</strong></span> <span class='ocrx_word' id='word_1_519' title='bbox 1015 3523 1373 3589; x_wconf 86' lang='lat' dir='ltr'><strong>contrarium,</strong></span> <span class='ocrx_word' id='word_1_520' title='bbox 1407 3524 1459 3578; x_wconf 89' lang='lat' dir='ltr'><strong>id</strong></span> <span class='ocrx_word' id='word_1_521' title='bbox 1488 3524 1796 3588; x_wconf 84' lang='lat' dir='ltr'><strong>videndum,</strong></span> <span class='ocrx_word' id='word_1_522' title='bbox 1829 3538 1898 3578; x_wconf 83' lang='lat' dir='ltr'><strong>ne</strong></span> <span class='ocrx_word' id='word_1_523' title='bbox 1925 3537 2030 3578; x_wconf 92' lang='lat' dir='ltr'><strong>non</strong></span> <span class='ocrx_word' id='word_1_524' title='bbox 2065 3529 2270 3578; x_wconf 89' lang='lat' dir='ltr'><strong>rectum</strong></span> <span class='ocrx_word' id='word_1_525' title='bbox 2301 3520 2373 3576; x_wconf 83' lang='lat' dir='ltr'><strong>sit</strong></span> <span class='ocrx_word' id='word_1_526' title='bbox 2392 3521 2459 3603; x_wconf 77' lang='lat' dir='ltr'><strong>ad</strong></span> <span class='ocrx_word' id='word_1_527' title='bbox 2501 3521 2784 3585; x_wconf 87' lang='lat' dir='ltr'><strong>virtutem,</strong></span> <span class='ocrx_word' id='word_1_528' title='bbox 2806 3521 2881 3574; x_wconf 90' lang='lat' dir='ltr'><strong>uti</strong></span> <span class='ocrx_word' id='word_1_529' title='bbox 2908 3519 3060 3574; x_wconf 84' lang='lat' dir='ltr'><strong>Plato</strong></span> <span class='ocrx_word' id='word_1_530' title='bbox 3083 3534 3214 3573; x_wconf 87' lang='lat' dir='ltr'><strong>sane</strong></span> <span class='ocrx_word' id='word_1_531' title='bbox 3264 3520 3600 3586; x_wconf 81' lang='lat' dir='ltr'><strong>loqueretur.</strong></span> 
     </span>
    </p>
   </div>
   <div class='ocr_carea' id='block_1_68' title="bbox 405 3619 1903 3690">
    <p class='ocr_par' dir='ltr' id='par_1_68' title="bbox 405 3619 1903 3690">
     <span class='ocr_line' id='line_1_68' title="bbox 405 3619 1903 3690; baseline -0.001 -16"><span class='ocrx_word' id='word_1_532' title='bbox 405 3620 562 3674; x_wconf 79' lang='grc' dir='ltr'>Ἀλλά</span> <span class='ocrx_word' id='word_1_533' title='bbox 591 3621 645 3674; x_wconf 88' lang='grc' dir='ltr'><strong>τί</strong></span> <span class='ocrx_word' id='word_1_534' title='bbox 688 3619 861 3673; x_wconf 79' lang='grc' dir='ltr'>ταῦτά</span> <span class='ocrx_word' id='word_1_535' title='bbox 900 3635 1080 3690; x_wconf 79' lang='grc' dir='ltr'>φημις</span> <span class='ocrx_word' id='word_1_536' title='bbox 1122 3621 1256 3673; x_wconf 76' lang='grc' dir='ltr'>ὅπου</span> <span class='ocrx_word' id='word_1_537' title='bbox 1291 3621 1385 3674; x_wconf 74' lang='grc' dir='ltr'><strong>καὶ</strong></span> <span class='ocrx_word' id='word_1_538' title='bbox 1431 3620 1555 3690; x_wconf 83' lang='grc' dir='ltr'>είκῆ</span> <span class='ocrx_word' id='word_1_539' title='bbox 1604 3622 1715 3684; x_wconf 81' lang='grc' dir='ltr'>τοῖς</span> <span class='ocrx_word' id='word_1_540' title='bbox 1748 3620 1903 3673; x_wconf 84' lang='grc' dir='ltr'>ἀδελ-</span> 
     </span>
    </p>
   </div>
   <div class='ocr_carea' id='block_1_69' title="bbox 319 3711 1904 3785">
    <p class='ocr_par' dir='ltr' id='par_1_69' title="bbox 319 3711 1904 3785">
     <span class='ocr_line' id='line_1_69' title="bbox 319 3711 1904 3785; baseline -0.004 -15"><span class='ocrx_word' id='word_1_541' title='bbox 319 3718 436 3784; x_wconf 87' lang='grc' dir='ltr'>φοῖς</span> <span class='ocrx_word' id='word_1_542' title='bbox 455 3713 785 3785; x_wconf 79' lang='grc' dir='ltr'>ὀργιζόμεθα</span> <span class='ocrx_word' id='word_1_543' title='bbox 815 3711 1096 3778; x_wconf 76' lang='grc' dir='ltr'>πολλάκις,</span> <span class='ocrx_word' id='word_1_544' title='bbox 1128 3711 1222 3766; x_wconf 71' lang='grc' dir='ltr'>καὶ</span> <span class='ocrx_word' id='word_1_545' title='bbox 1245 3712 1498 3780; x_wconf 80' lang='grc' dir='ltr'>οὐδαμῶς</span> <span class='ocrx_word' id='word_1_546' title='bbox 1527 3711 1712 3774; x_wconf 75' lang='grc' dir='ltr'>αὐτοῖς</span> <span class='ocrx_word' id='word_1_547' title='bbox 1768 3728 1904 3781; x_wconf 81' lang='grc' dir='ltr'>προ-</span> 
     </span>
    </p>
   </div>
   <div class='ocr_carea' id='block_1_70' title="bbox 318 3804 1904 3878">
    <p class='ocr_par' dir='ltr' id='par_1_70' title="bbox 318 3804 1904 3878">
     <span class='ocr_line' id='line_1_70' title="bbox 318 3804 1904 3878; baseline -0.004 -15"><span class='ocrx_word' id='word_1_548' title='bbox 318 3811 568 3878; x_wconf 75' lang='grc' dir='ltr'>τείνομεν</span> <span class='ocrx_word' id='word_1_549' title='bbox 615 3807 802 3870; x_wconf 76' lang='grc' dir='ltr'>δεξιὰν,</span> <span class='ocrx_word' id='word_1_550' title='bbox 827 3806 978 3860; x_wconf 76' lang='grc' dir='ltr'>κάτω</span> <span class='ocrx_word' id='word_1_551' title='bbox 1009 3806 1308 3874; x_wconf 70' lang='grc' dir='ltr'>κειμένοις,</span> <span class='ocrx_word' id='word_1_552' title='bbox 1344 3804 1437 3856; x_wconf 74' lang='grc' dir='ltr'>καὶ</span> <span class='ocrx_word' id='word_1_553' title='bbox 1474 3804 1756 3872; x_wconf 79' lang='grc' dir='ltr'>δεομένοις</span> <span class='ocrx_word' id='word_1_554' title='bbox 1805 3804 1904 3873; x_wconf 80' lang='grc' dir='ltr'>τῆς</span> 
     </span>
    </p>
   </div>
   <div class='ocr_carea' id='block_1_71' title="bbox 320 3891 1907 3966">
    <p class='ocr_par' dir='ltr' id='par_1_71' title="bbox 320 3891 1907 3966">
     <span class='ocr_line' id='line_1_71' title="bbox 320 3891 1907 3966; baseline -0.005 -12"><span class='ocrx_word' id='word_1_555' title='bbox 320 3900 449 3966; x_wconf 82' lang='grc' dir='ltr'>παρ’</span> <span class='ocrx_word' id='word_1_556' title='bbox 504 3899 663 3966; x_wconf 81' lang='grc' dir='ltr'>ἡμῶν</span> <span class='ocrx_word' id='word_1_557' title='bbox 714 3896 989 3966; x_wconf 83' lang='grc' dir='ltr'>βοηθείας.</span> <span class='ocrx_word' id='word_1_558' title='bbox 1015 3895 1253 3963; x_wconf 74' lang='grc' dir='ltr'>Φοϐερὸς</span> <span class='ocrx_word' id='word_1_559' title='bbox 1297 3894 1324 3945; x_wconf 90' lang='lat'><strong>6</strong></span> <span class='ocrx_word' id='word_1_560' title='bbox 1356 3895 1511 3963; x_wconf 87' lang='grc' dir='ltr'>λόγος</span> <span class='ocrx_word' id='word_1_561' title='bbox 1537 3893 1724 3954; x_wconf 82' lang='grc' dir='ltr'>οὗτος·</span> <span class='ocrx_word' id='word_1_562' title='bbox 1767 3891 1907 3946; x_wconf 81' lang='grc' dir='ltr'><strong>Ἀπὸ</strong></span> 
     </span>
    </p>
   </div>
   <div class='ocr_carea' id='block_1_72' title="bbox 321 3979 1901 4055">
    <p class='ocr_par' dir='ltr' id='par_1_72' title="bbox 321 3979 1901 4055">
     <span class='ocr_line' id='line_1_72' title="bbox 321 3979 1901 4055; baseline -0.007 -12"><span class='ocrx_word' id='word_1_563' title='bbox 321 3989 428 4043; x_wconf 80' lang='grc' dir='ltr'>τοῦ</span> <span class='ocrx_word' id='word_1_564' title='bbox 481 3989 780 4055; x_wconf 82' lang='grc' dir='ltr'>στόματός</span> <span class='ocrx_word' id='word_1_565' title='bbox 842 3999 960 4038; x_wconf 87' lang='grc' dir='ltr'><strong>σου</strong></span> <span class='ocrx_word' id='word_1_566' title='bbox 1019 3982 1205 4052; x_wconf 84' lang='grc' dir='ltr'>κρινῶ</span> <span class='ocrx_word' id='word_1_567' title='bbox 1256 3996 1366 4045; x_wconf 80' lang='grc' dir='ltr'><strong>σε,</strong></span> <span class='ocrx_word' id='word_1_568' title='bbox 1423 3981 1647 4050; x_wconf 81' lang='grc' dir='ltr'>πονηρὲ</span> <span class='ocrx_word' id='word_1_569' title='bbox 1697 3979 1901 4034; x_wconf 72' lang='grc' dir='ltr'>δοῦλε.</span> 
     </span>
    </p>
   </div>
   <div class='ocr_carea' id='block_1_73' title="bbox 332 4071 1906 4145">
    <p class='ocr_par' dir='ltr' id='par_1_73' title="bbox 332 4071 1906 4145">
     <span class='ocr_line' id='line_1_73' title="bbox 332 4071 1906 4145; baseline -0.006 -13"><span class='ocrx_word' id='word_1_570' title='bbox 332 4078 584 4133; x_wconf 65' lang='grc' dir='ltr'>Ἐπειδάν</span> <span class='ocrx_word' id='word_1_571' title='bbox 615 4077 723 4145; x_wconf 66' lang='grc' dir='ltr'><strong>γὰρ</strong></span> <span class='ocrx_word' id='word_1_572' title='bbox 753 4077 993 4128; x_wconf 71' lang='grc' dir='ltr'>κάκεῖνοι</span> <span class='ocrx_word' id='word_1_573' title='bbox 1021 4073 1287 4140; x_wconf 81' lang='grc' dir='ltr'>γένωνται</span> <span class='ocrx_word' id='word_1_574' title='bbox 1325 4072 1552 4126; x_wconf 73' lang='grc' dir='ltr'>ἐκείνων</span> <span class='ocrx_word' id='word_1_575' title='bbox 1589 4072 1698 4125; x_wconf 88' lang='grc' dir='ltr'><strong>τῶν</strong></span> <span class='ocrx_word' id='word_1_576' title='bbox 1718 4071 1906 4124; x_wconf 86' lang='grc' dir='ltr'>κακῶν</span> 
     </span>
    </p>
   </div>
   <div class='ocr_carea' id='block_1_74' title="bbox 319 4161 1906 4240">
    <p class='ocr_par' dir='ltr' id='par_1_74' title="bbox 319 4161 1906 4240">
     <span class='ocr_line' id='line_1_74' title="bbox 319 4161 1906 4240; baseline -0.004 -19"><span class='ocrx_word' id='word_1_577' title='bbox 319 4170 541 4240; x_wconf 73' lang='grc' dir='ltr'>ἥττους,</span> <span class='ocrx_word' id='word_1_578' title='bbox 565 4167 601 4221; x_wconf 81' lang='grc' dir='ltr'><strong>ἀ</strong></span> <span class='ocrx_word' id='word_1_579' title='bbox 631 4166 696 4236; x_wconf 76' lang='grc' dir='ltr'>δὴ</span> <span class='ocrx_word' id='word_1_580' title='bbox 726 4167 842 4226; x_wconf 84' lang='grc' dir='ltr'>τοῖς</span> <span class='ocrx_word' id='word_1_581' title='bbox 883 4164 1064 4226; x_wconf 77' lang='grc' dir='ltr'>ἄλλοις</span> <span class='ocrx_word' id='word_1_582' title='bbox 1105 4161 1440 4233; x_wconf 82' lang='grc' dir='ltr'>προφέρουσι</span> <span class='ocrx_word' id='word_1_583' title='bbox 1469 4163 1816 4232; x_wconf 80' lang='grc' dir='ltr'>(γενήσονται</span> <span class='ocrx_word' id='word_1_584' title='bbox 1851 4161 1906 4214; x_wconf 77' lang='grc' dir='ltr'>δὲ</span> 
     </span>
    </p>
   </div>
   <div class='ocr_carea' id='block_1_75' title="bbox 325 4254 1907 4329">
    <p class='ocr_par' dir='ltr' id='par_1_75' title="bbox 325 4254 1907 4329">
     <span class='ocr_line' id='line_1_75' title="bbox 325 4254 1907 4329; baseline -0.004 -17"><span class='ocrx_word' id='word_1_585' title='bbox 325 4262 477 4326; x_wconf 84' lang='grc' dir='ltr'>ίσως,</span> <span class='ocrx_word' id='word_1_586' title='bbox 514 4261 692 4329; x_wconf 84' lang='grc' dir='ltr'>σάρκα</span> <span class='ocrx_word' id='word_1_587' title='bbox 749 4257 1149 4329; x_wconf 81' lang='grc' dir='ltr'>περικείμενοι,</span> <span class='ocrx_word' id='word_1_588' title='bbox 1197 4255 1292 4309; x_wconf 54' lang='grc' dir='ltr'><strong>καὶ⁵</strong></span> <span class='ocrx_word' id='word_1_589' title='bbox 1330 4254 1422 4308; x_wconf 80' lang='grc' dir='ltr'>τὸν</span> <span class='ocrx_word' id='word_1_590' title='bbox 1468 4254 1676 4324; x_wconf 81' lang='grc' dir='ltr'>κόσμον</span> <span class='ocrx_word' id='word_1_591' title='bbox 1715 4254 1907 4306; x_wconf 78' lang='grc' dir='ltr'>τοῦτον</span> 
     </span>
    </p>
   </div>
   <div class='ocr_carea' id='block_1_76' title="bbox 286 4346 1902 4420">
    <p class='ocr_par' dir='ltr' id='par_1_76' title="bbox 286 4346 1902 4420">
     <span class='ocr_line' id='line_1_76' title="bbox 286 4346 1902 4420; baseline -0.006 -12"><span class='ocrx_word' id='word_1_592' title='bbox 286 4413 295 4420; x_wconf 90' lang='lat'>_</span> <span class='ocrx_word' id='word_1_593' title='bbox 321 4353 640 4420; x_wconf 78' lang='grc' dir='ltr'>οἰκοῦντες),</span> <span class='ocrx_word' id='word_1_594' title='bbox 679 4351 730 4406; x_wconf 82' lang='grc' dir='ltr'><strong>τί</strong></span> <span class='ocrx_word' id='word_1_595' title='bbox 756 4351 821 4405; x_wconf 75' lang='grc' dir='ltr'>ἂν</span> <span class='ocrx_word' id='word_1_596' title='bbox 848 4351 1114 4416; x_wconf 72' lang='grc' dir='ltr'>πράξαιεν</span> <span class='ocrx_word' id='word_1_597' title='bbox 1139 4366 1155 4414; x_wconf 79' lang='grc' dir='ltr'><strong>ς</strong></span> <span class='ocrx_word' id='word_1_598' title='bbox 1205 4348 1258 4402; x_wconf 86' lang='grc' dir='ltr'><strong>τί</strong></span> <span class='ocrx_word' id='word_1_599' title='bbox 1285 4348 1352 4402; x_wconf 68' lang='grc' dir='ltr'>ἂν</span> <span class='ocrx_word' id='word_1_600' title='bbox 1377 4350 1559 4419; x_wconf 75' lang='grc' dir='ltr'>φαῖεν,</span> <span class='ocrx_word' id='word_1_601' title='bbox 1596 4346 1754 4414; x_wconf 86' lang='grc' dir='ltr'>λόγον</span> <span class='ocrx_word' id='word_1_602' title='bbox 1785 4347 1902 4399; x_wconf 65' lang='grc' dir='ltr'>εἰσι</span> 
     </span>
    </p>
   </div>
   <div class='ocr_carea' id='block_1_77' title="bbox 325 4439 1900 4518">
    <p class='ocr_par' dir='ltr' id='par_1_77' title="bbox 325 4439 1900 4518">
     <span class='ocr_line' id='line_1_77' title="bbox 325 4439 1900 4518; baseline -0.006 -16"><span class='ocrx_word' id='word_1_603' title='bbox 325 4448 685 4518; x_wconf 74' lang='grc' dir='ltr'>πραττόμενοι</span> <span class='ocrx_word' id='word_1_604' title='bbox 724 4447 820 4515; x_wconf 82' lang='grc' dir='ltr'>τῆς</span> <span class='ocrx_word' id='word_1_605' title='bbox 845 4444 1052 4498; x_wconf 77' lang='grc' dir='ltr'>ἑαυτῶν</span> <span class='ocrx_word' id='word_1_606' title='bbox 1080 4443 1346 4512; x_wconf 87' lang='grc' dir='ltr'>πονηρίας</span> <span class='ocrx_word' id='word_1_607' title='bbox 1369 4457 1385 4506; x_wconf 89' lang='grc'><strong>;</strong></span> <span class='ocrx_word' id='word_1_608' title='bbox 1410 4441 1496 4510; x_wconf 78' lang='grc' dir='ltr'><strong>Νὴ</strong></span> <span class='ocrx_word' id='word_1_609' title='bbox 1520 4442 1614 4495; x_wconf 83' lang='grc' dir='ltr'>τὸν</span> <span class='ocrx_word' id='word_1_610' title='bbox 1644 4439 1900 4508; x_wconf 81' lang='grc' dir='ltr'>Σωτῆρα,</span> 
     </span>
    </p>
   </div>
   <div class='ocr_carea' id='block_1_78' title="bbox 326 4528 1904 4607">
    <p class='ocr_par' dir='ltr' id='par_1_78' title="bbox 326 4528 1904 4607">
     <span class='ocr_line' id='line_1_78' title="bbox 326 4528 1904 4607; baseline -0.007 -16"><span class='ocrx_word' id='word_1_611' title='bbox 326 4538 655 4607; x_wconf 78' lang='grc' dir='ltr'>συγγνώμην</span> <span class='ocrx_word' id='word_1_612' title='bbox 688 4537 1026 4606; x_wconf 76' lang='grc' dir='ltr'>αἰτήσονται.</span> <span class='ocrx_word' id='word_1_613' title='bbox 1049 4535 1163 4588; x_wconf 84' lang='grc' dir='ltr'>Οὐκ</span> <span class='ocrx_word' id='word_1_614' title='bbox 1193 4533 1272 4586; x_wconf 75' lang='grc' dir='ltr'>ἔνι</span> <span class='ocrx_word' id='word_1_615' title='bbox 1297 4532 1478 4595; x_wconf 79' lang='grc' dir='ltr'>τοῦτο,</span> <span class='ocrx_word' id='word_1_616' title='bbox 1505 4530 1606 4584; x_wconf 82' lang='grc' dir='ltr'>οὐκ</span> <span class='ocrx_word' id='word_1_617' title='bbox 1638 4529 1718 4583; x_wconf 69' lang='grc' dir='ltr'><strong>ενι</strong></span> <span class='ocrx_word' id='word_1_618' title='bbox 1741 4545 1754 4562; x_wconf 76' lang='grc' dir='ltr'><strong><em>ο</em></strong></span> <span class='ocrx_word' id='word_1_619' title='bbox 1788 4528 1904 4582; x_wconf 85' lang='grc' dir='ltr'>ἀλλ’</span> 
     </span>
    </p>
   </div>
   <div class='ocr_carea' id='block_1_79' title="bbox 325 4622 1906 4694">
    <p class='ocr_par' dir='ltr' id='par_1_79' title="bbox 325 4622 1906 4694">
     <span class='ocr_line' id='line_1_79' title="bbox 325 4622 1906 4694; baseline -0.008 -10"><span class='ocrx_word' id='word_1_620' title='bbox 325 4625 400 4685; x_wconf 81' lang='grc' dir='ltr'>ὧν</span> <span class='ocrx_word' id='word_1_621' title='bbox 436 4633 546 4692; x_wconf 79' lang='grc' dir='ltr'>τοῖς</span> <span class='ocrx_word' id='word_1_622' title='bbox 585 4628 767 4690; x_wconf 76' lang='grc' dir='ltr'>ἄλλοις</span> <span class='ocrx_word' id='word_1_623' title='bbox 819 4627 1110 4694; x_wconf 75' lang='grc' dir='ltr'>ἐτίμησαν.</span> <span class='ocrx_word' id='word_1_624' title='bbox 1141 4623 1352 4678; x_wconf 86' lang='grc' dir='ltr'>τούτων</span> <span class='ocrx_word' id='word_1_625' title='bbox 1380 4623 1473 4677; x_wconf 67' lang='grc' dir='ltr'>καὶ</span> <span class='ocrx_word' id='word_1_626' title='bbox 1504 4622 1660 4677; x_wconf 75' lang='grc' dir='ltr'>αὐτοὶ</span> <span class='ocrx_word' id='word_1_627' title='bbox 1711 4638 1906 4690; x_wconf 87' lang='grc' dir='ltr'>πειρα-</span> 
     </span>
    </p>
   </div>
   <div class='ocr_carea' id='block_1_80' title="bbox 325 4713 1916 4790">
    <p class='ocr_par' dir='ltr' id='par_1_80' title="bbox 325 4713 1916 4790">
     <span class='ocr_line' id='line_1_80' title="bbox 325 4713 1916 4790; baseline -0.006 -16"><span class='ocrx_word' id='word_1_628' title='bbox 325 4725 616 4790; x_wconf 71' lang='grc' dir='ltr'>θήσονται·</span> <span class='ocrx_word' id='word_1_629' title='bbox 651 4719 700 4772; x_wconf 80' lang='grc' dir='ltr'><strong>εί</strong></span> <span class='ocrx_word' id='word_1_630' title='bbox 733 4719 791 4771; x_wconf 78' lang='grc' dir='ltr'>δὲ</span> <span class='ocrx_word' id='word_1_631' title='bbox 830 4718 927 4788; x_wconf 81' lang='grc' dir='ltr'>μὴ,</span> <span class='ocrx_word' id='word_1_632' title='bbox 955 4716 1060 4770; x_wconf 82' lang='grc' dir='ltr'>ποῦ</span> <span class='ocrx_word' id='word_1_633' title='bbox 1097 4733 1180 4779; x_wconf 90' lang='grc' dir='ltr'><strong>τις</strong></span> <span class='ocrx_word' id='word_1_634' title='bbox 1218 4715 1284 4770; x_wconf 86' lang='grc' dir='ltr'>ἂν</span> <span class='ocrx_word' id='word_1_635' title='bbox 1320 4714 1440 4783; x_wconf 88' lang='grc' dir='ltr'>θείη</span> <span class='ocrx_word' id='word_1_636' title='bbox 1476 4713 1540 4766; x_wconf 80' lang='grc' dir='ltr'>τὸ</span> <span class='ocrx_word' id='word_1_637' title='bbox 1579 4713 1790 4766; x_wconf 87' lang='grc' dir='ltr'>δίκαιον</span> <span class='ocrx_word' id='word_1_638' title='bbox 1821 4713 1916 4781; x_wconf 81' lang='grc' dir='ltr'><strong>μὲ-</strong></span> 
     </span>
    </p>
   </div>
   <div class='ocr_carea' id='block_1_81' title="bbox 323 4805 1915 4880">
    <p class='ocr_par' dir='ltr' id='par_1_81' title="bbox 323 4805 1915 4880">
     <span class='ocr_line' id='line_1_81' title="bbox 323 4805 1915 4880; baseline -0.006 -15"><span class='ocrx_word' id='word_1_639' title='bbox 323 4830 453 4880; x_wconf 85' lang='grc' dir='ltr'>τρον</span> <span class='ocrx_word' id='word_1_640' title='bbox 496 4813 696 4876; x_wconf 81' lang='grc' dir='ltr'>ἐκεῖνο,</span> <span class='ocrx_word' id='word_1_641' title='bbox 725 4810 784 4864; x_wconf 80' lang='grc' dir='ltr'><strong>τὸ</strong></span> <span class='ocrx_word' id='word_1_642' title='bbox 835 4808 1205 4875; x_wconf 81' lang='grc' dir='ltr'>πεπιεσμένον</span> <span class='ocrx_word' id='word_1_643' title='bbox 1251 4823 1312 4860; x_wconf 85' lang='grc' dir='ltr'><strong>τε</strong></span> <span class='ocrx_word' id='word_1_644' title='bbox 1352 4807 1446 4860; x_wconf 81' lang='grc' dir='ltr'>καὶ</span> <span class='ocrx_word' id='word_1_645' title='bbox 1500 4805 1915 4874; x_wconf 75' lang='grc' dir='ltr'>σεσαλευμένον,</span> 
     </span>
    </p>
   </div>
   <div class='ocr_carea' id='block_1_82' title="bbox 325 4895 1918 4971">
    <p class='ocr_par' dir='ltr' id='par_1_82' title="bbox 325 4895 1918 4971">
     <span class='ocr_line' id='line_1_82' title="bbox 325 4895 1918 4971; baseline -0.007 -14"><span class='ocrx_word' id='word_1_646' title='bbox 325 4903 422 4957; x_wconf 80' lang='grc' dir='ltr'>καὶ</span> <span class='ocrx_word' id='word_1_647' title='bbox 444 4901 978 4971; x_wconf 69' lang='grc' dir='ltr'>ὑπερεκχυνόμενον,</span> <span class='ocrx_word' id='word_1_648' title='bbox 1002 4900 1141 4970; x_wconf 85' lang='grc' dir='ltr'>ὅπερ</span> <span class='ocrx_word' id='word_1_649' title='bbox 1173 4897 1548 4952; x_wconf 81' lang='grc' dir='ltr'>ἀποδώσουσιν</span> <span class='ocrx_word' id='word_1_650' title='bbox 1581 4897 1662 4958; x_wconf 81' lang='grc' dir='ltr'><strong>είς</strong></span> <span class='ocrx_word' id='word_1_651' title='bbox 1689 4897 1781 4948; x_wconf 76' lang='grc' dir='ltr'>τὸν</span> <span class='ocrx_word' id='word_1_652' title='bbox 1798 4895 1918 4949; x_wconf 83' lang='grc' dir='ltr'>κόλ-</span> 
     </span>
    </p>
   </div>
   <div class='ocr_carea' id='block_1_83' title="bbox 326 4989 1914 5062">
    <p class='ocr_par' dir='ltr' id='par_1_83' title="bbox 326 4989 1914 5062">
     <span class='ocr_line' id='line_1_83' title="bbox 326 4989 1914 5062; baseline -0.005 -15"><span class='ocrx_word' id='word_1_653' title='bbox 326 5011 427 5047; x_wconf 87' lang='grc' dir='ltr'><strong>πον</strong></span> <span class='ocrx_word' id='word_1_654' title='bbox 474 4993 665 5062; x_wconf 73' lang='grc' dir='ltr'>ἡμῶνς</span> <span class='ocrx_word' id='word_1_655' title='bbox 701 4993 814 5054; x_wconf 83' lang='grc' dir='ltr'>Πᾶς</span> <span class='ocrx_word' id='word_1_656' title='bbox 846 5009 928 5054; x_wconf 84' lang='grc' dir='ltr'><strong>τις</strong></span> <span class='ocrx_word' id='word_1_657' title='bbox 962 4991 1205 5061; x_wconf 78' lang='grc' dir='ltr'>ἀκριϐῶς</span> <span class='ocrx_word' id='word_1_658' title='bbox 1233 4989 1575 5055; x_wconf 80' lang='grc' dir='ltr'>γινωσκέτω.</span> <span class='ocrx_word' id='word_1_659' title='bbox 1610 4989 1782 5050; x_wconf 80' lang='grc' dir='ltr'>Αὐτὸς</span> <span class='ocrx_word' id='word_1_660' title='bbox 1807 4989 1914 5057; x_wconf 77' lang='grc' dir='ltr'>γὰρ</span> 
     </span>
    </p>
   </div>
   <div class='ocr_carea' id='block_1_84' title="bbox 325 5078 1914 5154">
    <p class='ocr_par' dir='ltr' id='par_1_84' title="bbox 325 5078 1914 5154">
     <span class='ocr_line' id='line_1_84' title="bbox 325 5078 1914 5154; baseline -0.003 -16"><span class='ocrx_word' id='word_1_661' title='bbox 325 5089 352 5138; x_wconf 83' lang='grc' dir='ltr'><strong>ό</strong></span> <span class='ocrx_word' id='word_1_662' title='bbox 385 5085 577 5154; x_wconf 80' lang='grc' dir='ltr'>κριτὴς</span> <span class='ocrx_word' id='word_1_663' title='bbox 611 5085 946 5153; x_wconf 80' lang='grc' dir='ltr'>ἀπεφήνατο,</span> <span class='ocrx_word' id='word_1_664' title='bbox 971 5081 1205 5146; x_wconf 74' lang='grc' dir='ltr'>ὼςἙὰν</span> <span class='ocrx_word' id='word_1_665' title='bbox 1229 5081 1314 5150; x_wconf 80' lang='grc' dir='ltr'>μὴ</span> <span class='ocrx_word' id='word_1_666' title='bbox 1356 5079 1483 5148; x_wconf 72' lang='grc' dir='ltr'>ἀφῇ</span> <span class='ocrx_word' id='word_1_667' title='bbox 1507 5097 1598 5146; x_wconf 86' lang='grc' dir='ltr'><strong>τις</strong></span> <span class='ocrx_word' id='word_1_668' title='bbox 1631 5080 1743 5133; x_wconf 81' lang='grc' dir='ltr'>οὐκ</span> <span class='ocrx_word' id='word_1_669' title='bbox 1769 5078 1914 5148; x_wconf 66' lang='grc' dir='ltr'>ἀέρθη</span> 
     </span>
    </p>
   </div>
   <div class='ocr_carea' id='block_1_85' title="bbox 327 5168 1906 5241">
    <p class='ocr_par' dir='ltr' id='par_1_85' title="bbox 327 5168 1906 5241">
     <span class='ocr_line' id='line_1_85' title="bbox 327 5168 1906 5241; baseline -0.003 -13"><span class='ocrx_word' id='word_1_670' title='bbox 327 5178 578 5241; x_wconf 63' lang='grc' dir='ltr'>θήσεται</span> <span class='ocrx_word' id='word_1_671' title='bbox 604 5173 764 5238; x_wconf 82' lang='grc' dir='ltr'>αὐτῷ</span> <span class='ocrx_word' id='word_1_672' title='bbox 785 5187 801 5204; x_wconf 77' lang='grc' dir='ltr'><strong>ο</strong></span> <span class='ocrx_word' id='word_1_673' title='bbox 835 5175 930 5226; x_wconf 70' lang='grc' dir='ltr'><strong>καὶ</strong></span> <span class='ocrx_word' id='word_1_674' title='bbox 955 5173 1054 5241; x_wconf 75' lang='grc' dir='ltr'>τὴν</span> <span class='ocrx_word' id='word_1_675' title='bbox 1081 5172 1300 5225; x_wconf 86' lang='grc' dir='ltr'>δικαίαν</span> <span class='ocrx_word' id='word_1_676' title='bbox 1328 5170 1485 5240; x_wconf 87' lang='grc' dir='ltr'>δίκην</span> <span class='ocrx_word' id='word_1_677' title='bbox 1521 5171 1580 5222; x_wconf 80' lang='grc' dir='ltr'>οὐ</span> <span class='ocrx_word' id='word_1_678' title='bbox 1622 5168 1906 5239; x_wconf 82' lang='grc' dir='ltr'>φεύξεται.</span> 
     </span>
    </p>
   </div>
   <div class='ocr_carea' id='block_1_86' title="bbox 328 5260 1905 5332">
    <p class='ocr_par' dir='ltr' id='par_1_86' title="bbox 328 5260 1905 5332">
     <span class='ocr_line' id='line_1_86' title="bbox 328 5260 1905 5332; baseline -0.01 -6"><span class='ocrx_word' id='word_1_679' title='bbox 328 5265 440 5316; x_wconf 75' lang='grc' dir='ltr'>Καί</span> <span class='ocrx_word' id='word_1_680' title='bbox 493 5281 573 5315; x_wconf 77' lang='grc' dir='ltr'>τοι</span> <span class='ocrx_word' id='word_1_681' title='bbox 617 5263 670 5314; x_wconf 81' lang='grc' dir='ltr'><strong>τί</strong></span> <span class='ocrx_word' id='word_1_682' title='bbox 728 5263 1011 5332; x_wconf 85' lang='grc' dir='ltr'>μέμνημαι</span> <span class='ocrx_word' id='word_1_683' title='bbox 1043 5263 1142 5330; x_wconf 85' lang='grc' dir='ltr'>τῆς</span> <span class='ocrx_word' id='word_1_684' title='bbox 1185 5262 1398 5324; x_wconf 83' lang='grc' dir='ltr'>δικαίας</span> <span class='ocrx_word' id='word_1_685' title='bbox 1445 5260 1680 5314; x_wconf 75' lang='grc' dir='ltr'>ἐνταῦθα</span> <span class='ocrx_word' id='word_1_686' title='bbox 1713 5261 1905 5330; x_wconf 83' lang='grc' dir='ltr'>δίκης;</span> 
     </span>
    </p>
   </div>
   <div class='ocr_carea' id='block_1_87' title="bbox 331 5353 1909 5424">
    <p class='ocr_par' dir='ltr' id='par_1_87' title="bbox 331 5353 1909 5424">
     <span class='ocr_line' id='line_1_87' title="bbox 331 5353 1909 5424; baseline -0.001 -17"><span class='ocrx_word' id='word_1_687' title='bbox 331 5356 494 5416; x_wconf 77' lang='grc' dir='ltr'>αὐτὸς</span> <span class='ocrx_word' id='word_1_688' title='bbox 518 5357 626 5424; x_wconf 74' lang='grc' dir='ltr'>γὰρ</span> <span class='ocrx_word' id='word_1_689' title='bbox 659 5354 851 5407; x_wconf 74' lang='grc' dir='ltr'>ἑαυτὸν</span> <span class='ocrx_word' id='word_1_690' title='bbox 887 5355 1210 5423; x_wconf 84' lang='grc' dir='ltr'>κατακρινεῖ</span> <span class='ocrx_word' id='word_1_691' title='bbox 1265 5353 1294 5405; x_wconf 88' lang='lat'><strong>6</strong></span> <span class='ocrx_word' id='word_1_692' title='bbox 1340 5355 1453 5414; x_wconf 88' lang='grc' dir='ltr'>τοῖς</span> <span class='ocrx_word' id='word_1_693' title='bbox 1496 5353 1703 5422; x_wconf 84' lang='grc' dir='ltr'>ὁμοίοις</span> <span class='ocrx_word' id='word_1_694' title='bbox 1740 5354 1909 5424; x_wconf 82' lang='grc' dir='ltr'>ὁμόσε</span> 
     </span>
    </p>
   </div>
   <div class='ocr_carea' id='block_1_88' title="bbox 332 5446 1908 5519">
    <p class='ocr_par' dir='ltr' id='par_1_88' title="bbox 332 5446 1908 5519">
     <span class='ocr_line' id='line_1_88' title="bbox 332 5446 1908 5519; baseline -0.003 -17"><span class='ocrx_word' id='word_1_695' title='bbox 332 5449 545 5519; x_wconf 78' lang='grc' dir='ltr'>χωρῶν.</span> <span class='ocrx_word' id='word_1_696' title='bbox 582 5451 688 5502; x_wconf 74' lang='grc' dir='ltr'><strong>Καὶ</strong></span> <span class='ocrx_word' id='word_1_697' title='bbox 724 5451 754 5515; x_wconf 83' lang='grc' dir='ltr'>ἡ</span> <span class='ocrx_word' id='word_1_698' title='bbox 792 5449 900 5518; x_wconf 83' lang='grc' dir='ltr'><strong>γὰρ</strong></span> <span class='ocrx_word' id='word_1_699' title='bbox 952 5449 1260 5517; x_wconf 87' lang='grc' dir='ltr'>συνείδησις</span> <span class='ocrx_word' id='word_1_700' title='bbox 1294 5446 1515 5516; x_wconf 79' lang='grc' dir='ltr'>ἐλεγχος</span> <span class='ocrx_word' id='word_1_701' title='bbox 1545 5447 1757 5514; x_wconf 82' lang='grc' dir='ltr'>γίνεται</span> <span class='ocrx_word' id='word_1_702' title='bbox 1787 5450 1908 5510; x_wconf 87' lang='grc' dir='ltr'>ταῖς</span> 
     </span>
    </p>
   </div>
   <div class='ocr_carea' id='block_1_89' title="bbox 331 5535 1906 5611">
    <p class='ocr_par' dir='ltr' id='par_1_89' title="bbox 331 5535 1906 5611">
     <span class='ocr_line' id='line_1_89' title="bbox 331 5535 1906 5611; baseline 0.001 -21"><span class='ocrx_word' id='word_1_703' title='bbox 331 5541 553 5610; x_wconf 74' lang='grc' dir='ltr'>ψυχαῖς,</span> <span class='ocrx_word' id='word_1_704' title='bbox 588 5541 682 5592; x_wconf 74' lang='grc' dir='ltr'>καὶ</span> <span class='ocrx_word' id='word_1_705' title='bbox 714 5541 834 5592; x_wconf 80' lang='grc' dir='ltr'>οὐδὲ</span> <span class='ocrx_word' id='word_1_706' title='bbox 879 5541 1100 5611; x_wconf 80' lang='grc' dir='ltr'>ῥᾳδίως,</span> <span class='ocrx_word' id='word_1_707' title='bbox 1146 5535 1322 5607; x_wconf 76' lang='grc' dir='ltr'>οἶμαι,</span> <span class='ocrx_word' id='word_1_708' title='bbox 1345 5539 1737 5608; x_wconf 83' lang='grc' dir='ltr'>παραιτεῖσθαι</span> <span class='ocrx_word' id='word_1_709' title='bbox 1768 5556 1906 5592; x_wconf 87' lang='grc' dir='ltr'>ταυ-</span> 
     </span>
    </p>
   </div>
   <div class='ocr_carea' id='block_1_90' title="bbox 332 5628 1908 5706">
    <p class='ocr_par' dir='ltr' id='par_1_90' title="bbox 332 5628 1908 5706">
     <span class='ocr_line' id='line_1_90' title="bbox 332 5628 1908 5706; baseline 0.001 -26"><span class='ocrx_word' id='word_1_710' title='bbox 332 5631 484 5684; x_wconf 74' lang='grc' dir='ltr'>ταισὶ</span> <span class='ocrx_word' id='word_1_711' title='bbox 517 5630 986 5706; x_wconf 55' lang='grc' dir='ltr'>συγχωρεῖ.ξΕπε“ι</span> <span class='ocrx_word' id='word_1_712' title='bbox 1037 5630 1131 5683; x_wconf 74' lang='grc' dir='ltr'>καὶ</span> <span class='ocrx_word' id='word_1_713' title='bbox 1163 5630 1344 5683; x_wconf 73' lang='grc' dir='ltr'>πᾶσαν</span> <span class='ocrx_word' id='word_1_714' title='bbox 1367 5628 1608 5697; x_wconf 76' lang='grc' dir='ltr'>ἔφθησαν</span> <span class='ocrx_word' id='word_1_715' title='bbox 1637 5629 1908 5701; x_wconf 85' lang='grc' dir='ltr'>πρόφασιν</span> 
     </span>
    </p>
   </div>
   <div class='ocr_carea' id='block_1_91' title="bbox 2073 3613 3602 3686">
    <p class='ocr_par' dir='ltr' id='par_1_91' title="bbox 2073 3613 3602 3686">
     <span class='ocr_line' id='line_1_91' title="bbox 2073 3613 3602 3686; baseline -0.003 -16"><span class='ocrx_word' id='word_1_716' title='bbox 2073 3617 2288 3673; x_wconf 75' lang='lat' dir='ltr'><strong>Atenini</strong></span> <span class='ocrx_word' id='word_1_717' title='bbox 2323 3617 2453 3686; x_wconf 90' lang='lat' dir='ltr'><strong>quid</strong></span> <span class='ocrx_word' id='word_1_718' title='bbox 2485 3617 2637 3671; x_wconf 64' lang='lat' dir='ltr'><strong>istaec</strong></span> <span class='ocrx_word' id='word_1_719' title='bbox 2673 3631 2774 3682; x_wconf 72' lang='lat' dir='ltr'><strong>ego</strong></span> <span class='ocrx_word' id='word_1_720' title='bbox 2819 3614 3060 3685; x_wconf 86' lang='lat' dir='ltr'><strong>profero,</strong></span> <span class='ocrx_word' id='word_1_721' title='bbox 3082 3613 3296 3680; x_wconf 85' lang='lat' dir='ltr'><strong>quando</strong></span> <span class='ocrx_word' id='word_1_722' title='bbox 3330 3613 3493 3666; x_wconf 86' lang='lat' dir='ltr'><strong>etiam</strong></span> <span class='ocrx_word' id='word_1_723' title='bbox 3521 3623 3602 3667; x_wconf 88' lang='lat' dir='ltr'><strong>te-</strong></span> 
     </span>
    </p>
   </div>
   <div class='ocr_carea' id='block_1_92' title="bbox 2007 3705 3601 3776">
    <p class='ocr_par' dir='ltr' id='par_1_92' title="bbox 2007 3705 3601 3776">
     <span class='ocr_line' id='line_1_92' title="bbox 2007 3705 3601 3776; baseline -0.006 -11"><span class='ocrx_word' id='word_1_724' title='bbox 2007 3725 2156 3765; x_wconf 88' lang='lat' dir='ltr'><strong>mere</strong></span> <span class='ocrx_word' id='word_1_725' title='bbox 2180 3709 2444 3764; x_wconf 86' lang='lat' dir='ltr'><strong>fratribus</strong></span> <span class='ocrx_word' id='word_1_726' title='bbox 2475 3723 2850 3776; x_wconf 84' lang='lat' dir='ltr'><strong>saepenumero</strong></span> <span class='ocrx_word' id='word_1_727' title='bbox 2903 3707 3218 3769; x_wconf 87' lang='lat' dir='ltr'><strong>irascimur,</strong></span> <span class='ocrx_word' id='word_1_728' title='bbox 3285 3721 3384 3760; x_wconf 89' lang='lat' dir='ltr'><strong>nec</strong></span> <span class='ocrx_word' id='word_1_729' title='bbox 3450 3705 3601 3759; x_wconf 85' lang='lat' dir='ltr'><strong>humi</strong></span> 
     </span>
    </p>
   </div>
   <div class='ocr_carea' id='block_1_93' title="bbox 2005 3795 3594 3870">
    <p class='ocr_par' dir='ltr' id='par_1_93' title="bbox 2005 3795 3594 3870">
     <span class='ocr_line' id='line_1_93' title="bbox 2005 3795 3594 3870; baseline -0.003 -17"><span class='ocrx_word' id='word_1_730' title='bbox 2005 3798 2316 3870; x_wconf 78' lang='lat' dir='ltr'><strong>iacentibus</strong></span> <span class='ocrx_word' id='word_1_731' title='bbox 2347 3811 2614 3866; x_wconf 88' lang='lat' dir='ltr'><strong>opemque</strong></span> <span class='ocrx_word' id='word_1_732' title='bbox 2634 3805 2875 3851; x_wconf 88' lang='lat' dir='ltr'><strong>nostram</strong></span> <span class='ocrx_word' id='word_1_733' title='bbox 2901 3795 3306 3866; x_wconf 87' lang='lat' dir='ltr'><strong>requirentibus</strong></span> <span class='ocrx_word' id='word_1_734' title='bbox 3339 3795 3448 3848; x_wconf 90' lang='lat' dir='ltr'><strong>ullo</strong></span> <span class='ocrx_word' id='word_1_735' title='bbox 3476 3811 3594 3850; x_wconf 85' lang='lat' dir='ltr'><strong>mo-</strong></span> 
     </span>
    </p>
   </div>
   <div class='ocr_carea' id='block_1_94' title="bbox 2008 3887 3596 3959">
    <p class='ocr_par' dir='ltr' id='par_1_94' title="bbox 2008 3887 3596 3959">
     <span class='ocr_line' id='line_1_94' title="bbox 2008 3887 3596 3959; baseline -0.004 -14"><span class='ocrx_word' id='word_1_736' title='bbox 2008 3891 2080 3945; x_wconf 92' lang='lat' dir='ltr'><strong>do</strong></span> <span class='ocrx_word' id='word_1_737' title='bbox 2113 3891 2362 3945; x_wconf 83' lang='lat' dir='ltr'><strong>dextram</strong></span> <span class='ocrx_word' id='word_1_738' title='bbox 2403 3889 2734 3959; x_wconf 78' lang='lat' dir='ltr'><strong>porrigimus</strong></span> <span class='ocrx_word' id='word_1_739' title='bbox 2765 3889 2788 3942; x_wconf 84' lang='lat'><strong>?</strong></span> <span class='ocrx_word' id='word_1_740' title='bbox 2821 3887 3093 3943; x_wconf 84' lang='lat' dir='ltr'><strong>Terribile</strong></span> <span class='ocrx_word' id='word_1_741' title='bbox 3127 3887 3355 3942; x_wconf 88' lang='lat' dir='ltr'><strong>verbum</strong></span> <span class='ocrx_word' id='word_1_742' title='bbox 3396 3887 3545 3942; x_wconf 90' lang='lat' dir='ltr'><strong>istuc</strong></span> <span class='ocrx_word' id='word_1_743' title='bbox 3584 3905 3596 3938; x_wconf 90' lang='lat'><strong>:</strong></span> 
     </span>
    </p>
   </div>
   <div class='ocr_carea' id='block_1_95' title="bbox 2008 3977 3630 4047">
    <p class='ocr_par' dir='ltr' id='par_1_95' title="bbox 2008 3977 3630 4047">
     <span class='ocr_line' id='line_1_95' title="bbox 2008 3977 3630 4047; baseline -0.002 -13"><span class='ocrx_word' id='word_1_744' title='bbox 2008 3979 2096 4034; x_wconf 75' lang='lat' dir='ltr'><strong>Ea:</strong></span> <span class='ocrx_word' id='word_1_745' title='bbox 2120 3997 2209 4035; x_wconf 83' lang='lat' dir='ltr'><strong>ore</strong></span> <span class='ocrx_word' id='word_1_746' title='bbox 2226 3980 2414 4047; x_wconf 79' lang='lat' dir='ltr'><strong>judico</strong></span> <span class='ocrx_word' id='word_1_747' title='bbox 2439 3989 2508 4044; x_wconf 80' lang='lat' dir='ltr'><strong>te,</strong></span> <span class='ocrx_word' id='word_1_748' title='bbox 2537 3995 2679 4033; x_wconf 75' lang='lat' dir='ltr'><strong>serve</strong></span> <span class='ocrx_word' id='word_1_749' title='bbox 2709 3979 2942 4047; x_wconf 76' lang='lat' dir='ltr'><strong>improbe</strong></span> <span class='ocrx_word' id='word_1_750' title='bbox 2969 3979 3013 4034; x_wconf 87' lang='grc'>³.</span> <span class='ocrx_word' id='word_1_751' title='bbox 3066 3977 3204 4032; x_wconf 85' lang='lat' dir='ltr'><strong>Nam</strong></span> <span class='ocrx_word' id='word_1_752' title='bbox 3255 3993 3379 4032; x_wconf 89' lang='lat' dir='ltr'><strong>cum</strong></span> <span class='ocrx_word' id='word_1_753' title='bbox 3435 3978 3630 4044; x_wconf 72' lang='lat' dir='ltr'><strong>aliqui,</strong></span> 
     </span>
    </p>
   </div>
   <div class='ocr_carea' id='block_1_96' title="bbox 2014 4069 3604 4140">
    <p class='ocr_par' dir='ltr' id='par_1_96' title="bbox 2014 4069 3604 4140">
     <span class='ocr_line' id='line_1_96' title="bbox 2014 4069 3604 4140; baseline -0.001 -14"><span class='ocrx_word' id='word_1_754' title='bbox 2014 4072 2172 4128; x_wconf 88' lang='lat' dir='ltr'><strong>malis</strong></span> <span class='ocrx_word' id='word_1_755' title='bbox 2202 4073 2365 4127; x_wconf 88' lang='lat' dir='ltr'><strong>etiam</strong></span> <span class='ocrx_word' id='word_1_756' title='bbox 2400 4072 2507 4125; x_wconf 87' lang='lat' dir='ltr'><strong>illis</strong></span> <span class='ocrx_word' id='word_1_757' title='bbox 2553 4071 2937 4136; x_wconf 85' lang='lat' dir='ltr'><strong>succumbunt,</strong></span> <span class='ocrx_word' id='word_1_758' title='bbox 2961 4069 3218 4140; x_wconf 68' lang='lat' dir='ltr'><strong>qumaliis</strong></span> <span class='ocrx_word' id='word_1_759' title='bbox 3234 4069 3503 4140; x_wconf 88' lang='lat' dir='ltr'><strong>objiciunt</strong></span> <span class='ocrx_word' id='word_1_760' title='bbox 3525 4073 3604 4139; x_wconf 86' lang='lat' dir='ltr'><strong>(et</strong></span> 
     </span>
    </p>
   </div>
   <div class='ocr_carea' id='block_1_97' title="bbox 2013 4157 3604 4226">
    <p class='ocr_par' dir='ltr' id='par_1_97' title="bbox 2013 4157 3604 4226">
     <span class='ocr_line' id='line_1_97' title="bbox 2013 4157 3604 4226; baseline -0.007 -9"><span class='ocrx_word' id='word_1_761' title='bbox 2013 4162 2373 4218; x_wconf 81' lang='lat' dir='ltr'><strong>succumbent</strong></span> <span class='ocrx_word' id='word_1_762' title='bbox 2395 4175 2548 4226; x_wconf 89' lang='lat' dir='ltr'><strong>sane,</strong></span> <span class='ocrx_word' id='word_1_763' title='bbox 2582 4175 2704 4214; x_wconf 89' lang='lat' dir='ltr'><strong>cum</strong></span> <span class='ocrx_word' id='word_1_764' title='bbox 2735 4172 2901 4213; x_wconf 78' lang='lat' dir='ltr'><strong>carne</strong></span> <span class='ocrx_word' id='word_1_765' title='bbox 2939 4157 3121 4213; x_wconf 85' lang='lat' dir='ltr'><strong>vestiti</strong></span> <span class='ocrx_word' id='word_1_766' title='bbox 3148 4158 3256 4214; x_wconf 89' lang='lat' dir='ltr'><strong>sint</strong></span> <span class='ocrx_word' id='word_1_767' title='bbox 3285 4167 3448 4225; x_wconf 88' lang='lat' dir='ltr'><strong>atque</strong></span> <span class='ocrx_word' id='word_1_768' title='bbox 3501 4157 3604 4209; x_wconf 89' lang='lat' dir='ltr'><strong>hoc</strong></span> 
     </span>
    </p>
   </div>
   <div class='ocr_carea' id='block_1_98' title="bbox 2012 4248 3608 4323">
    <p class='ocr_par' dir='ltr' id='par_1_98' title="bbox 2012 4248 3608 4323">
     <span class='ocr_line' id='line_1_98' title="bbox 2012 4248 3608 4323; baseline -0.006 -13"><span class='ocrx_word' id='word_1_769' title='bbox 2012 4255 2068 4310; x_wconf 92' lang='lat' dir='ltr'><strong>in</strong></span> <span class='ocrx_word' id='word_1_770' title='bbox 2097 4254 2301 4308; x_wconf 83' lang='lat' dir='ltr'><strong>mundo</strong></span> <span class='ocrx_word' id='word_1_771' title='bbox 2327 4255 2582 4323; x_wconf 77' lang='lat' dir='ltr'><strong>degant),</strong></span> <span class='ocrx_word' id='word_1_772' title='bbox 2608 4252 2736 4320; x_wconf 91' lang='lat' dir='ltr'><strong>quid</strong></span> <span class='ocrx_word' id='word_1_773' title='bbox 2752 4260 2934 4323; x_wconf 77' lang='lat' dir='ltr'><strong>agent,</strong></span> <span class='ocrx_word' id='word_1_774' title='bbox 2953 4253 3210 4313; x_wconf 88' lang='lat' dir='ltr'><strong>obsecro,</strong></span> <span class='ocrx_word' id='word_1_775' title='bbox 3239 4249 3368 4318; x_wconf 89' lang='lat' dir='ltr'><strong>quid</strong></span> <span class='ocrx_word' id='word_1_776' title='bbox 3389 4248 3608 4308; x_wconf 81' lang='lat' dir='ltr'><strong>dicent.-</strong></span> 
     </span>
    </p>
   </div>
   <div class='ocr_carea' id='block_1_99' title="bbox 2015 4340 3606 4416">
    <p class='ocr_par' dir='ltr' id='par_1_99' title="bbox 2015 4340 3606 4416">
     <span class='ocr_line' id='line_1_99' title="bbox 2015 4340 3606 4416; baseline -0.004 -16"><span class='ocrx_word' id='word_1_777' title='bbox 2015 4347 2385 4416; x_wconf 78' lang='lat' dir='ltr'><strong>improbitatis</strong></span> <span class='ocrx_word' id='word_1_778' title='bbox 2416 4345 2652 4416; x_wconf 74' lang='lat' dir='ltr'><strong>propriae</strong></span> <span class='ocrx_word' id='word_1_779' title='bbox 2699 4345 2966 4400; x_wconf 89' lang='lat' dir='ltr'><strong>rationem</strong></span> <span class='ocrx_word' id='word_1_780' title='bbox 3001 4343 3231 4398; x_wconf 87' lang='lat' dir='ltr'><strong>reddere</strong></span> <span class='ocrx_word' id='word_1_781' title='bbox 3287 4341 3422 4410; x_wconf 80' lang='lat' dir='ltr'><strong>iussi</strong></span> <span class='ocrx_word' id='word_1_782' title='bbox 3449 4340 3472 4394; x_wconf 89' lang='lat'><strong>?</strong></span> <span class='ocrx_word' id='word_1_783' title='bbox 3503 4340 3606 4394; x_wconf 88' lang='lat' dir='ltr'><strong>Per</strong></span> 
     </span>
    </p>
   </div>
   <div class='ocr_carea' id='block_1_100' title="bbox 2014 4433 3598 4510">
    <p class='ocr_par' dir='ltr' id='par_1_100' title="bbox 2014 4433 3598 4510">
     <span class='ocr_line' id='line_1_100' title="bbox 2014 4433 3598 4510; baseline -0.006 -16"><span class='ocrx_word' id='word_1_784' title='bbox 2014 4439 2188 4510; x_wconf 90' lang='lat' dir='ltr'><strong>ipsum</strong></span> <span class='ocrx_word' id='word_1_785' title='bbox 2215 4437 2558 4494; x_wconf 82' lang='lat' dir='ltr'><strong>Salvatorem</strong></span> <span class='ocrx_word' id='word_1_786' title='bbox 2605 4437 2820 4492; x_wconf 89' lang='lat' dir='ltr'><strong>veniam</strong></span> <span class='ocrx_word' id='word_1_787' title='bbox 2851 4445 3098 4505; x_wconf 87' lang='lat' dir='ltr'><strong>poscent.</strong></span> <span class='ocrx_word' id='word_1_788' title='bbox 3132 4434 3245 4488; x_wconf 82' lang='lat' dir='ltr'><strong>Non</strong></span> <span class='ocrx_word' id='word_1_789' title='bbox 3277 4433 3476 4504; x_wconf 90' lang='lat' dir='ltr'><strong>poterit</strong></span> <span class='ocrx_word' id='word_1_790' title='bbox 3499 4448 3598 4486; x_wconf 82' lang='lat' dir='ltr'><strong>au-</strong></span> 
     </span>
    </p>
   </div>
   <div class='ocr_carea' id='block_1_101' title="bbox 2019 4527 3598 4600">
    <p class='ocr_par' dir='ltr' id='par_1_101' title="bbox 2019 4527 3598 4600">
     <span class='ocr_line' id='line_1_101' title="bbox 2019 4527 3598 4600; baseline -0.005 -14"><span class='ocrx_word' id='word_1_791' title='bbox 2019 4540 2126 4586; x_wconf 87' lang='lat' dir='ltr'><strong>tem</strong></span> <span class='ocrx_word' id='word_1_792' title='bbox 2161 4533 2263 4586; x_wconf 88' lang='lat' dir='ltr'><strong>hoc</strong></span> <span class='ocrx_word' id='word_1_793' title='bbox 2297 4529 2438 4594; x_wconf 76' lang='lat' dir='ltr'><strong>ﬁeri,</strong></span> <span class='ocrx_word' id='word_1_794' title='bbox 2464 4545 2572 4584; x_wconf 89' lang='lat' dir='ltr'><strong>non</strong></span> <span class='ocrx_word' id='word_1_795' title='bbox 2592 4530 2794 4600; x_wconf 90' lang='lat' dir='ltr'><strong>poterit</strong></span> <span class='ocrx_word' id='word_1_796' title='bbox 2821 4547 2834 4583; x_wconf 93' lang='lat'><strong>:</strong></span> <span class='ocrx_word' id='word_1_797' title='bbox 2868 4528 2964 4584; x_wconf 88' lang='lat' dir='ltr'><strong>sed</strong></span> <span class='ocrx_word' id='word_1_798' title='bbox 2992 4536 3158 4598; x_wconf 90' lang='lat' dir='ltr'><strong>prout</strong></span> <span class='ocrx_word' id='word_1_799' title='bbox 3185 4527 3598 4583; x_wconf 64' lang='lat' dir='ltr'><strong>aestimaverunt</strong></span> 
     </span>
    </p>
   </div>
   <div class='ocr_carea' id='block_1_102' title="bbox 2018 4619 3600 4690">
    <p class='ocr_par' dir='ltr' id='par_1_102' title="bbox 2018 4619 3600 4690">
     <span class='ocr_line' id='line_1_102' title="bbox 2018 4619 3600 4690; baseline -0.003 -12"><span class='ocrx_word' id='word_1_800' title='bbox 2018 4622 2180 4690; x_wconf 84' lang='lat' dir='ltr'><strong>alios,</strong></span> <span class='ocrx_word' id='word_1_801' title='bbox 2209 4621 2395 4678; x_wconf 86' lang='lat' dir='ltr'><strong>itidem</strong></span> <span class='ocrx_word' id='word_1_802' title='bbox 2427 4631 2483 4677; x_wconf 89' lang='lat' dir='ltr'><strong>et</strong></span> <span class='ocrx_word' id='word_1_803' title='bbox 2515 4621 2648 4690; x_wconf 88' lang='lat' dir='ltr'><strong>ipsis</strong></span> <span class='ocrx_word' id='word_1_804' title='bbox 2683 4621 2898 4675; x_wconf 86' lang='lat' dir='ltr'><strong>accidet</strong></span> <span class='ocrx_word' id='word_1_805' title='bbox 2936 4638 2950 4674; x_wconf 89' lang='lat'><strong>:</strong></span> <span class='ocrx_word' id='word_1_806' title='bbox 2984 4635 3108 4674; x_wconf 90' lang='lat' dir='ltr'><strong>nam</strong></span> <span class='ocrx_word' id='word_1_807' title='bbox 3139 4621 3346 4688; x_wconf 87' lang='lat' dir='ltr'><strong>absque</strong></span> <span class='ocrx_word' id='word_1_808' title='bbox 3382 4633 3448 4674; x_wconf 91' lang='lat' dir='ltr'><strong>eo</strong></span> <span class='ocrx_word' id='word_1_809' title='bbox 3503 4619 3600 4685; x_wconf 88' lang='lat' dir='ltr'><strong>sit,</strong></span> 
     </span>
    </p>
   </div>
   <div class='ocr_carea' id='block_1_103' title="bbox 2023 4710 3600 4783">
    <p class='ocr_par' dir='ltr' id='par_1_103' title="bbox 2023 4710 3600 4783">
     <span class='ocr_line' id='line_1_103' title="bbox 2023 4710 3600 4783; baseline -0.004 -15"><span class='ocrx_word' id='word_1_810' title='bbox 2023 4727 2262 4783; x_wconf 88' lang='lat' dir='ltr'><strong>quonam</strong></span> <span class='ocrx_word' id='word_1_811' title='bbox 2297 4711 2582 4768; x_wconf 84' lang='lat' dir='ltr'><strong>referenda</strong></span> <span class='ocrx_word' id='word_1_812' title='bbox 2605 4710 2754 4781; x_wconf 86' lang='lat' dir='ltr'><strong>justa</strong></span> <span class='ocrx_word' id='word_1_813' title='bbox 2789 4711 2942 4773; x_wconf 64' lang='lat' dir='ltr'><strong>istae</strong></span> <span class='ocrx_word' id='word_1_814' title='bbox 3001 4723 3260 4776; x_wconf 91' lang='lat' dir='ltr'><strong>censura,</strong></span> <span class='ocrx_word' id='word_1_815' title='bbox 3319 4711 3600 4777; x_wconf 57' lang='lat' dir='ltr'><strong>depressa,</strong></span> 
     </span>
    </p>
   </div>
   <div class='ocr_carea' id='block_1_104' title="bbox 2022 4799 3608 4874">
    <p class='ocr_par' dir='ltr' id='par_1_104' title="bbox 2022 4799 3608 4874">
     <span class='ocr_line' id='line_1_104' title="bbox 2022 4799 3608 4874; baseline -0.004 -16"><span class='ocrx_word' id='word_1_816' title='bbox 2022 4815 2305 4874; x_wconf 86' lang='lat' dir='ltr'><strong>quassata,</strong></span> <span class='ocrx_word' id='word_1_817' title='bbox 2335 4799 2842 4872; x_wconf 86' lang='lat' dir='ltr'><strong>superinfundendo</strong></span> <span class='ocrx_word' id='word_1_818' title='bbox 2869 4799 3176 4865; x_wconf 82' lang='lat' dir='ltr'><strong>abundans,</strong></span> <span class='ocrx_word' id='word_1_819' title='bbox 3227 4815 3391 4868; x_wconf 89' lang='lat' dir='ltr'><strong>quam</strong></span> <span class='ocrx_word' id='word_1_820' title='bbox 3445 4800 3608 4860; x_wconf 72' lang='lat' dir='ltr'><strong>nobis</strong></span> 
     </span>
    </p>
   </div>
   <div class='ocr_carea' id='block_1_105' title="bbox 2021 4891 3600 4960">
    <p class='ocr_par' dir='ltr' id='par_1_105' title="bbox 2021 4891 3600 4960">
     <span class='ocr_line' id='line_1_105' title="bbox 2021 4891 3600 4960; baseline -0.005 -9"><span class='ocrx_word' id='word_1_821' title='bbox 2021 4897 2073 4951; x_wconf 86' lang='lat' dir='ltr'><strong>in</strong></span> <span class='ocrx_word' id='word_1_822' title='bbox 2105 4897 2286 4950; x_wconf 87' lang='lat' dir='ltr'><strong>sinum</strong></span> <span class='ocrx_word' id='word_1_823' title='bbox 2314 4895 2540 4950; x_wconf 89' lang='lat' dir='ltr'><strong>reddent</strong></span> <span class='ocrx_word' id='word_1_824' title='bbox 2563 4893 2586 4948; x_wconf 77' lang='lat' dir='ltr'><strong>‘l</strong></span> <span class='ocrx_word' id='word_1_825' title='bbox 2607 4891 3098 4960; x_wconf 84' lang='lat' dir='ltr'><strong>Quilibelanimum</strong></span> <span class='ocrx_word' id='word_1_826' title='bbox 3128 4899 3382 4953; x_wconf 83' lang='lat' dir='ltr'><strong>accurate</strong></span> <span class='ocrx_word' id='word_1_827' title='bbox 3403 4892 3600 4945; x_wconf 80' lang='lat' dir='ltr'><strong>adver-</strong></span> 
     </span>
    </p>
   </div>
   <div class='ocr_carea' id='block_1_106' title="bbox 2000 4981 3618 5057">
    <p class='ocr_par' dir='ltr' id='par_1_106' title="bbox 2000 4981 3618 5057">
     <span class='ocr_line' id='line_1_106' title="bbox 2000 4981 3618 5057; baseline -0.004 -15"><span class='ocrx_word' id='word_1_828' title='bbox 2000 4996 2120 5057; x_wconf 19' lang='lat' dir='ltr'><strong>Itat.</strong></span> <span class='ocrx_word' id='word_1_829' title='bbox 2148 4987 2278 5040; x_wconf 83' lang='lat' dir='ltr'><strong>Nam</strong></span> <span class='ocrx_word' id='word_1_830' title='bbox 2309 4986 2474 5054; x_wconf 79' lang='lat' dir='ltr'><strong>judex</strong></span> <span class='ocrx_word' id='word_1_831' title='bbox 2505 4985 2636 5052; x_wconf 83' lang='lat' dir='ltr'><strong>ipse.</strong></span> <span class='ocrx_word' id='word_1_832' title='bbox 2659 4981 3048 5054; x_wconf 91' lang='lat' dir='ltr'><strong>pronuntiavit,</strong></span> <span class='ocrx_word' id='word_1_833' title='bbox 3084 4982 3185 5036; x_wconf 69' lang='lat' dir='ltr'><strong>nisi</strong></span> <span class='ocrx_word' id='word_1_834' title='bbox 3215 4983 3332 5050; x_wconf 77' lang='lat' dir='ltr'><strong>quis</strong></span> <span class='ocrx_word' id='word_1_835' title='bbox 3390 4983 3618 5052; x_wconf 26' lang='lat' dir='ltr'><strong>remise-I</strong></span> 
     </span>
    </p>
   </div>
   <div class='ocr_carea' id='block_1_107' title="bbox 2014 5073 3596 5148">
    <p class='ocr_par' dir='ltr' id='par_1_107' title="bbox 2014 5073 3596 5148">
     <span class='ocr_line' id='line_1_107' title="bbox 2014 5073 3596 5148; baseline -0.005 -16"><span class='ocrx_word' id='word_1_836' title='bbox 2014 5081 2104 5144; x_wconf 82' lang='lat' dir='ltr'><strong>rit,</strong></span> <span class='ocrx_word' id='word_1_837' title='bbox 2131 5079 2372 5148; x_wconf 77' lang='lat' dir='ltr'><strong>futurum</strong></span> <span class='ocrx_word' id='word_1_838' title='bbox 2396 5087 2451 5130; x_wconf 80' lang='grc' dir='ltr'><strong>ιιι</strong></span> <span class='ocrx_word' id='word_1_839' title='bbox 2513 5078 2562 5128; x_wconf 80' lang='lat' dir='ltr'><strong>ei</strong></span> <span class='ocrx_word' id='word_1_840' title='bbox 2619 5092 2734 5136; x_wconf 39' lang='lat' dir='ltr'><strong>non,</strong></span> <span class='ocrx_word' id='word_1_841' title='bbox 2779 5073 3088 5142; x_wconf 72' lang='lat' dir='ltr'><strong>remittatur</strong></span> <span class='ocrx_word' id='word_1_842' title='bbox 3120 5073 3167 5136; x_wconf 75' lang='grc'>⁵,</span> <span class='ocrx_word' id='word_1_843' title='bbox 3206 5084 3370 5141; x_wconf 90' lang='lat' dir='ltr'><strong>utque</strong></span> <span class='ocrx_word' id='word_1_844' title='bbox 3395 5073 3596 5142; x_wconf 83' lang='lat' dir='ltr'><strong>justam</strong></span> 
     </span>
    </p>
   </div>
   <div class='ocr_carea' id='block_1_108' title="bbox 2021 5164 3601 5241">
    <p class='ocr_par' dir='ltr' id='par_1_108' title="bbox 2021 5164 3601 5241">
     <span class='ocr_line' id='line_1_108' title="bbox 2021 5164 3601 5241; baseline -0.006 -15"><span class='ocrx_word' id='word_1_845' title='bbox 2021 5186 2239 5241; x_wconf 58' lang='lat' dir='ltr'><strong>partem</strong></span> <span class='ocrx_word' id='word_1_846' title='bbox 2279 5185 2382 5226; x_wconf 85' lang='lat' dir='ltr'><strong>non</strong></span> <span class='ocrx_word' id='word_1_847' title='bbox 2407 5167 2652 5236; x_wconf 73' lang='lat' dir='ltr'><strong>ell‘ugiat.</strong></span> <span class='ocrx_word' id='word_1_848' title='bbox 2685 5165 2752 5220; x_wconf 85' lang='lat' dir='ltr'><strong>Et</strong></span> <span class='ocrx_word' id='word_1_849' title='bbox 2781 5165 2908 5232; x_wconf 90' lang='lat' dir='ltr'><strong>quid</strong></span> <span class='ocrx_word' id='word_1_850' title='bbox 2937 5179 3040 5233; x_wconf 79' lang='lat' dir='ltr'><strong>ego</strong></span> <span class='ocrx_word' id='word_1_851' title='bbox 3063 5164 3220 5234; x_wconf 75' lang='lat' dir='ltr'><strong>iusta:</strong></span> <span class='ocrx_word' id='word_1_852' title='bbox 3245 5179 3418 5234; x_wconf 65' lang='lat' dir='ltr'><strong>ptcnre</strong></span> <span class='ocrx_word' id='word_1_853' title='bbox 3451 5180 3601 5218; x_wconf 87' lang='lat' dir='ltr'><strong>meu-</strong></span> 
     </span>
    </p>
   </div>
   <div class='ocr_carea' id='block_1_109' title="bbox 2021 5256 3600 5327">
    <p class='ocr_par' dir='ltr' id='par_1_109' title="bbox 2021 5256 3600 5327">
     <span class='ocr_line' id='line_1_109' title="bbox 2021 5256 3600 5327; baseline -0.006 -9"><span class='ocrx_word' id='word_1_854' title='bbox 2021 5266 2222 5318; x_wconf 87' lang='lat' dir='ltr'><strong>tionem</strong></span> <span class='ocrx_word' id='word_1_855' title='bbox 2256 5262 2345 5314; x_wconf 90' lang='lat' dir='ltr'><strong>hic</strong></span> <span class='ocrx_word' id='word_1_856' title='bbox 2371 5261 2511 5327; x_wconf 73' lang='lat' dir='ltr'><strong>facio</strong></span> <span class='ocrx_word' id='word_1_857' title='bbox 2541 5259 2564 5310; x_wconf 87' lang='lat'><strong>?</strong></span> <span class='ocrx_word' id='word_1_858' title='bbox 2595 5272 2717 5312; x_wconf 86' lang='lat' dir='ltr'><strong>nam</strong></span> <span class='ocrx_word' id='word_1_859' title='bbox 2756 5257 2871 5326; x_wconf 87' lang='lat' dir='ltr'><strong>ipse</strong></span> <span class='ocrx_word' id='word_1_860' title='bbox 2912 5258 3150 5322; x_wconf 85' lang='lat' dir='ltr'><strong>seipsum</strong></span> <span class='ocrx_word' id='word_1_861' title='bbox 3208 5256 3600 5311; x_wconf 79' lang='lat' dir='ltr'><strong>condemnabit</strong></span> 
     </span>
    </p>
   </div>
   <div class='ocr_carea' id='block_1_110' title="bbox 2021 5348 3602 5422">
    <p class='ocr_par' dir='ltr' id='par_1_110' title="bbox 2021 5348 3602 5422">
     <span class='ocr_line' id='line_1_110' title="bbox 2021 5348 3602 5422; baseline -0.004 -15"><span class='ocrx_word' id='word_1_862' title='bbox 2021 5353 2112 5422; x_wconf 89' lang='lat' dir='ltr'><strong>qui</strong></span> <span class='ocrx_word' id='word_1_863' title='bbox 2146 5355 2228 5408; x_wconf 90' lang='lat' dir='ltr'><strong>sui</strong></span> <span class='ocrx_word' id='word_1_864' title='bbox 2259 5353 2465 5407; x_wconf 87' lang='lat' dir='ltr'><strong>similes</strong></span> <span class='ocrx_word' id='word_1_865' title='bbox 2486 5357 2763 5420; x_wconf 76' lang='lat' dir='ltr'><strong>oppugnat</strong></span> <span class='ocrx_word' id='word_1_866' title='bbox 2788 5348 3024 5414; x_wconf 86' lang='lat' dir='ltr'><strong>;eteuim</strong></span> <span class='ocrx_word' id='word_1_867' title='bbox 3051 5349 3261 5402; x_wconf 88' lang='lat' dir='ltr'><strong>animos</strong></span> <span class='ocrx_word' id='word_1_868' title='bbox 3287 5349 3404 5419; x_wconf 88' lang='lat' dir='ltr'><strong>ipsa</strong></span> <span class='ocrx_word' id='word_1_869' title='bbox 3443 5363 3602 5404; x_wconf 81' lang='lat' dir='ltr'><strong>coar-</strong></span> 
     </span>
    </p>
   </div>
   <div class='ocr_carea' id='block_1_111' title="bbox 2020 5440 3596 5514">
    <p class='ocr_par' dir='ltr' id='par_1_111' title="bbox 2020 5440 3596 5514">
     <span class='ocr_line' id='line_1_111' title="bbox 2020 5440 3596 5514; baseline -0.001 -17"><span class='ocrx_word' id='word_1_870' title='bbox 2020 5447 2136 5514; x_wconf 77' lang='lat' dir='ltr'><strong>guit</strong></span> <span class='ocrx_word' id='word_1_871' title='bbox 2168 5443 2527 5506; x_wconf 72' lang='lat' dir='ltr'><strong>conscientia,</strong></span> <span class='ocrx_word' id='word_1_872' title='bbox 2561 5458 2660 5497; x_wconf 87' lang='lat' dir='ltr'><strong>nec</strong></span> <span class='ocrx_word' id='word_1_873' title='bbox 2696 5440 2878 5505; x_wconf 83' lang='lat' dir='ltr'><strong>facile,</strong></span> <span class='ocrx_word' id='word_1_874' title='bbox 2936 5457 3055 5496; x_wconf 89' lang='lat' dir='ltr'><strong>meo</strong></span> <span class='ocrx_word' id='word_1_875' title='bbox 3112 5443 3328 5511; x_wconf 86' lang='lat' dir='ltr'><strong>quidem</strong></span> <span class='ocrx_word' id='word_1_876' title='bbox 3371 5441 3596 5510; x_wconf 78' lang='lat' dir='ltr'><strong>judicio,</strong></span> 
     </span>
    </p>
   </div>
   <div class='ocr_carea' id='block_1_112' title="bbox 2017 5532 3595 5610">
    <p class='ocr_par' dir='ltr' id='par_1_112' title="bbox 2017 5532 3595 5610">
     <span class='ocr_line' id='line_1_112' title="bbox 2017 5532 3595 5610; baseline -0.003 -19"><span class='ocrx_word' id='word_1_877' title='bbox 2017 5536 2181 5591; x_wconf 88' lang='lat' dir='ltr'><strong>ullam</strong></span> <span class='ocrx_word' id='word_1_878' title='bbox 2211 5538 2274 5591; x_wconf 88' lang='lat' dir='ltr'><strong>iis</strong></span> <span class='ocrx_word' id='word_1_879' title='bbox 2299 5536 2706 5590; x_wconf 76' lang='lat' dir='ltr'><strong>excusationem</strong></span> <span class='ocrx_word' id='word_1_880' title='bbox 2733 5533 3022 5610; x_wconf 78' lang='lat' dir='ltr'><strong>concedit,</strong></span> <span class='ocrx_word' id='word_1_881' title='bbox 3042 5537 3262 5603; x_wconf 89' lang='lat' dir='ltr'><strong>quando</strong></span> <span class='ocrx_word' id='word_1_882' title='bbox 3293 5532 3441 5608; x_wconf 82' lang='lat' dir='ltr'><strong>prius</strong></span> <span class='ocrx_word' id='word_1_883' title='bbox 3476 5550 3595 5587; x_wconf 88' lang='lat' dir='ltr'><strong>om-</strong></span> 
     </span>
    </p>
   </div>
   <div class='ocr_carea' id='block_1_113' title="bbox 2017 5627 3590 5700">
    <p class='ocr_par' dir='ltr' id='par_1_113' title="bbox 2017 5627 3590 5700">
     <span class='ocr_line' id='line_1_113' title="bbox 2017 5627 3590 5700; baseline -0.001 -16"><span class='ocrx_word' id='word_1_884' title='bbox 2017 5645 2140 5684; x_wconf 86' lang='lat' dir='ltr'><strong>nem</strong></span> <span class='ocrx_word' id='word_1_885' title='bbox 2175 5640 2492 5700; x_wconf 71' lang='lat' dir='ltr'><strong>pranextum</strong></span> <span class='ocrx_word' id='word_1_886' title='bbox 2525 5629 2777 5694; x_wconf 88' lang='lat' dir='ltr'><strong>amisere,</strong></span> <span class='ocrx_word' id='word_1_887' title='bbox 2815 5627 2907 5699; x_wconf 94' lang='lat' dir='ltr'><strong>qui</strong></span> <span class='ocrx_word' id='word_1_888' title='bbox 2935 5630 3081 5695; x_wconf 85' lang='lat' dir='ltr'><strong>ipsos</strong></span> <span class='ocrx_word' id='word_1_889' title='bbox 3105 5641 3338 5700; x_wconf 78' lang='lat' dir='ltr'><strong>purgare</strong></span> <span class='ocrx_word' id='word_1_890' title='bbox 3367 5634 3590 5700; x_wconf 30' lang='lat' dir='ltr'><strong>posset”:</strong></span> 
     </span>
    </p>
   </div>
   <div class='ocr_carea' id='block_1_114' title="bbox 411 5805 1905 5880">
    <p class='ocr_par' dir='ltr' id='par_1_114' title="bbox 411 5808 1905 5880">
     <span class='ocr_line' id='line_1_114' title="bbox 411 5808 1905 5880; baseline -0.005 -13"><span class='ocrx_word' id='word_1_891' title='bbox 411 5811 428 5846; x_wconf 81' lang='lat'>&#39;</span> <span class='ocrx_word' id='word_1_892' title='bbox 459 5810 630 5880; x_wconf 82' lang='lat' dir='ltr'><strong>lCor.</strong></span> <span class='ocrx_word' id='word_1_893' title='bbox 679 5826 752 5876; x_wconf 74' lang='lat' dir='ltr'><strong>tv,</strong></span> <span class='ocrx_word' id='word_1_894' title='bbox 787 5812 838 5866; x_wconf 80' lang='grc'>4.</span> <span class='ocrx_word' id='word_1_895' title='bbox 916 5809 978 5865; x_wconf 79' lang='lat' dir='ltr'><strong>&#39;l</strong></span> <span class='ocrx_word' id='word_1_896' title='bbox 1045 5808 1171 5866; x_wconf 87' lang='lat' dir='ltr'><strong>Cor.</strong></span> <span class='ocrx_word' id='word_1_897' title='bbox 1240 5826 1315 5879; x_wconf 76' lang='lat' dir='ltr'><strong>ix,</strong></span> <span class='ocrx_word' id='word_1_898' title='bbox 1348 5810 1438 5866; x_wconf 70' lang='lat'><strong>27.</strong></span> <span class='ocrx_word' id='word_1_899' title='bbox 1517 5811 1536 5843; x_wconf 83' lang='grc'><em>³</em></span> <span class='ocrx_word' id='word_1_900' title='bbox 1577 5809 1715 5866; x_wconf 85' lang='lat' dir='ltr'><strong>Luc.</strong></span> <span class='ocrx_word' id='word_1_901' title='bbox 1753 5811 1905 5877; x_wconf 76' lang='lat' dir='ltr'><strong>nx,‘.</strong></span> 
     </span>
    </p>
   </div>
   <div class='ocr_carea' id='block_1_115' title="bbox 2014 5805 2579 5880">
    <p class='ocr_par' dir='ltr' id='par_1_115' title="bbox 2044 5805 2579 5875">
     <span class='ocr_line' id='line_1_115' title="bbox 2044 5805 2579 5875; baseline 0.007 -16"><span class='ocrx_word' id='word_1_902' title='bbox 2044 5807 2062 5840; x_wconf 70' lang='grc'><strong><em>⁵</em></strong></span> <span class='ocrx_word' id='word_1_903' title='bbox 2095 5805 2287 5863; x_wconf 73' lang='lat' dir='ltr'><strong>Matth.</strong></span> <span class='ocrx_word' id='word_1_904' title='bbox 2319 5823 2467 5875; x_wconf 76' lang='grc' dir='ltr'>ινιιι,</span> <span class='ocrx_word' id='word_1_905' title='bbox 2493 5809 2579 5870; x_wconf 76' lang='lat'><strong>35.</strong></span> 
     </span>
    </p>
   </div>
   <div class='ocr_carea' id='block_1_116' title="bbox 3365 5882 3464 5915">
    <p class='ocr_par' dir='ltr' id='par_1_116' title="bbox 3365 5882 3464 5915">
     <span class='ocr_line' id='line_1_116' title="bbox 3365 5882 3464 5915; baseline 0.03 -3"><span class='ocrx_word' id='word_1_906' title='bbox 3365 5882 3394 5912; x_wconf 59' lang='lat'><strong>5&quot;</strong></span> <span class='ocrx_word' id='word_1_907' title='bbox 3455 5906 3464 5915; x_wconf 96' lang='lat'><strong>.</strong></span> 
     </span>
    </p>
   </div>
  </div>
