3958 6418
429 341 533 399 ἔθ’]

1595 307 1996 415 ΜιΝυΕιΙε
2071 346 2524 414 PAL/EOLOGI
3560 351 3648 418 508

425 450 892 518 odiumincurrat.
915 461 1051 518 Nam
1106 464 1159 518 in
1193 464 1572 521 universitatis
1608 466 1838 536 hujusce
1857 465 1989 530 Deo,

2112 463 2333 531 Ἐπειδὴ
2377 463 2489 534 γὰρ
2533 465 2559 517 ό
2603 461 2738 526 Θεὸς
2781 461 2975 535 ἀγάπη
3021 458 3175 527 ἐστὶ,
3218 459 3353 514 κατά
3393 457 3481 514 τὸν
3521 459 3651 528 φίλον

428 546 516 608 (Ιηί
553 561 773 611 Prorsus
800 555 868 606 ah
909 557 1167 612 omnibus
1216 561 1479 614 immunis
1527 569 1612 614 est
1655 561 1822 614 animi
1856 574 2008 614 mor-

429 635 511 691 bis
540 653 587 690 et
625 643 928 709 affectibus,
961 665 1068 717 quo
1099 656 1258 717 pacto
1313 655 1434 721 quis
1480 653 1667 709 odium
1710 654 2004 716 invenerit,

431 733 572 798 quod
609 735 753 790 inter
786 739 996 804 pejores
1050 743 1217 797 animi
1269 747 1488 800 morbos
1533 746 1792 802 excellit?
1829 749 2009 817 Atque

426 822 525 875 hoc
550 839 683 878 sane
713 831 948 884 naturali
974 832 1138 888 etiam
1195 839 1354 890 modo
1397 839 1634 907 quodam
1688 840 2007 897 considere-

425 931 563 972 mus.
597 920 807 988 Quippe
839 937 960 976 cum
997 924 1137 979 Deus
1172 928 1246 982 sit
1267 929 1504 992 dilectio,
1544 933 1842 986 secundum
1871 934 2007 988 cha-

423 1019 541 1060 rum
573 1008 720 1063 illum
747 1013 1075 1079 apostolum,
1114 1019 1242 1086 quid
1269 1035 1389 1075 esse
1417 1021 1528 1076 Deo
1563 1038 1853 1078 commune
1879 1039 2002 1080 cum

421 1099 547 1154 odio
585 1104 804 1170 pOSsit?
835 1106 1020 1175 Neque
1045 1125 1171 1164 vero
1205 1113 1337 1166 mihi
1392 1124 1585 1183 arguta
1638 1115 1801 1170 velim
1856 1115 2006 1172 istaec

421 1193 673 1262 obiicias,
707 1200 854 1266 quod
882 1201 1090 1256 scilicet
1114 1205 1180 1258 ab
1213 1204 1369 1259 initio
1400 1206 1570 1262 malos
1595 1207 1675 1261 vel
1727 1210 2004 1263 hominem

421 1287 667 1342 miserari
701 1301 1129 1348 consentaneum
1160 1297 1252 1361 sit,
1281 1305 1360 1349 at'
1387 1313 1483 1352 eos
1513 1302 1604 1368 qui
1659 1301 1878 1354 virtutis
1937 1317 2004 1356 ex

419 1383 733 1452 praescripto
783 1386 1038 1453 vixerint,
1091 1390 1286 1444 deinde
1347 1406 1478 1447 vero
1531 1393 1597 1445 ad
1654 1393 1781 1448 vitia
1837 1409 2003 1448 cursu

418 1476 575 1540 quasi
610 1477 843 1545 quodam
877 1494 937 1534 se
1001 1483 1358 1549 contulerint,
1419 1499 1489 1540 ne
1544 1487 1720 1556 ipsum
1781 1489 2002 1557 quidem

418 1570 611 1628 Deum.
647 1574 860 1630 Etenim
912 1592 1100 1633 verum
1133 1587 1214 1634 est
1254 1580 1354 1635 hos
1380 1580 1484 1634 illis
1509 1580 1810 1635 deteriores
1839 1596 1999 1646 esse;

419 1677 543 1716 nam
571 1664 645 1718 illi
675 1681 740 1720 ne
771 1677 971 1723 norunt
1019 1671 1239 1740 quidem
1296 1681 1554 1726 accurate
1611 1672 1752 1726 viam
1798 1676 2005 1728 ducen-

419 1764 526 1810 tem
560 1759 625 1811 ad
659 1759 709 1813 id
748 1761 892 1830 quod
944 1765 1232 1832 optimum,
1281 1778 1380 1818 nec
1439 1765 1712 1819 bonorum
1764 1765 2000 1835 aliquem

418 1861 636 1918 gustum
715 1863 1094 1922 perceperunt,
1149 1872 1258 1925 quo
1301 1858 1519 1912 adducti
1560 1874 1621 1913 ea
1676 1875 2006 1930 magnopere

416 1955 694 2013 appetant.
729 1947 859 2013 Quae
886 1963 1016 2004 sane
1049 1965 1152 2004 non
1177 1952 1628 2005 contemnendam
1653 1953 1735 2007 eis
1777 1967 2004 2006 excusa-

418 2040 617 2093 tionem
677 2042 907 2109 parinnt.
945 2043 1014 2097 At
1053 2043 1108 2096 hi
1151 2043 1308 2097 bonis
1345 2044 1396 2097 in
1443 2045 1696 2112 operibus
1725 2060 1754 2099 a
1813 2049 2002 2116 pueris

412 2136 632 2190 exerciti
680 2145 826 2199 sunt,
883 2145 939 2190 ct
992 2137 1060 2190 ad
1113 2146 1390 2191 senectam
1446 2153 1620 2204 usque
1673 2139 1893 2194 virtutis
1943 2141 1995 2196 in

410 2228 686 2281 exercitiis
722 2229 883 2280 vitam
909 2239 1209 2300 exegerunt
1239 2245 1255 2286 :
1304 2229 1504 2286 deinde
1540 2232 1721 2294 bonis,
1775 2233 2002 2301 quibus-

409 2332 529 2370 cum
565 2317 830 2383 vixerant,
863 2333 984 2387 qua:
1043 2335 1140 2388 pro
1191 2321 1402 2375 deliciis
1454 2321 1780 2386 habuerant,
1825 2324 2000 2379 instar

407 2411 639 2474 alicujus
673 2411 866 2479 piaculi
893 2412 1132 2479 reiectis,
1180 2413 1337 2468 nihili
1365 2414 1762 2483 turpitudinem
1792 2415 1999 2471 facien-

409 2512 514 2568 tes,
549 2502 700 2557 nihili
742 2503 932 2557 vitium
965 2504 1219 2574 quodque
1241 2508 1501 2560 damnum
1531 2522 1596 2560 ex
1629 2522 1695 2563 eo
1723 2511 1994 2578 provenit,

405 2595 727 2650 servitutem
767 2611 893 2663 erga
918 2596 1228 2665 voluptates
1255 2595 1434 2652 divina
1467 2609 1593 2654 cum
1633 2603 1808 2672 gratia
1842 2618 1996 2659 com-

406 2697 708 2751 mutarunt,
745 2688 972 2756 ideoque
1024 2689 1192 2742 multo
1223 2690 1443 2761 pejores
1497 2692 1604 2747 illis
1654 2693 1782 2748 facti
1842 2705 1995 2763 sunt,

403 2778 496 2848 qui
532 2779 599 2833 ab
629 2778 786 2832 initio
811 2779 935 2832 boni
964 2794 1070 2833 non
1099 2779 1341 2835 fuerunt.
1369 2780 1570 2837 Verum
1596 2799 1704 2838 non
1727 2785 1798 2839 ob
1829 2785 1995 2841 hasce

404 2887 601 2927 causas
633 2872 865 2942 benigno
897 2888 1116 2942 quoque
1149 2872 1260 2928 Deo
1288 2887 1416 2930 sunt
1443 2877 1495 2929 in
1528 2876 1675 2934 odio.
1735 2877 1992 2934 Sedenim

405 2964 720 3035 persuaderi
763 2966 895 3020 mihi
922 2981 1028 3021 non
1071 2967 1274 3036 patior,
1346 2967 1563 3038 inquiet
1617 2969 1989 3039 adversarius,

402 3075 508 3114 non
543 3061 640 3114 hos
663 3059 1060 3115 abominabiles
1083 3075 1206 3115 esse
1232 3060 1362 3126 Deo,
1392 3061 1485 3130 qui
1516 3061 1656 3116 mala
1701 3063 1834 3124 odit.
1863 3078 1988 3118 cum

2127 555 2453 609 Ἀπόστολον
2476 596 2491 621 ,
2525 555 2578 608 τί
2609 555 2730 610 ποτ’
2756 554 2822 609 ἀν
2853 554 3066 624 γένοιτο
3096 553 3270 608 κοινὸν
3299 551 3372 622 τῷ
3399 551 3508 620 Θεῷ
3538 550 3656 620 πρδς

2111 649 2171 701 τὸ
2209 653 2399 716 μῖσοςς
2437 648 2548 702 Καὶ
2584 650 2657 720 μή
2695 666 2787 718 μοι
2819 651 2887 704 τὰ
2925 648 3065 718 σοφὰ
3094 646 3286 709 ταῦτα,
3317 647 3396 700 δτι
3425 645 3541 708 τοὺς
3573 645 3655 714 μὲν

2112 741 2350 812 ἔξαρχῆς
2391 741 2629 809 φαύλους
2669 744 2772 798 κᾶν
2806 760 2889 805 τις
2930 741 3172 812 ἐλεήσειε
3205 741 3310 792 τῶν
3344 737 3619 808 ἀνθρώπων
3642 753 3654 768 ·

2110 831 2235 894 τοὺς
2279 831 2324 884 δ’
2349 835 2522 904 ἀρετῇ
2576 832 2940 903 συζήσαντας,
2982 826 3102 886 εἶτα
3144 832 3254 895 τοῖς
3293 831 3472 893 κακοῖς
3513 846 3659 897 προσ.

2111 921 2456 990 δραμόντας,
2495 924 2605 977 οὐδ’
2629 927 2657 977 ό
2692 924 2850 988 Θεός.
2879 925 3037 977 Ἔστι
3075 924 3175 993 μέν
3208 923 3312 992 γάρ
3349 922 3562 989 ἀληθὲς,
3593 921 3658 981 ὡς

2110 1012 2257 1066 οῦτοι
2286 1016 2504 1085 χείρους
2531 1017 2776 1071 ἐκείνων.
2813 1017 3039 1070 Ἐκεῖνοι
3065 1015 3174 1086 γὰρ
3196 1015 3305 1068 οὐδ’
3331 1015 3500 1068 ῐσασιν
3523 1017 3663 1083 ἀκρι-

2111 1104 2221 1168 ϐῶς
2252 1107 2350 1179 τὴν
2382 1110 2474 1161 ἐπὶ
2506 1109 2566 1162 τδ
2600 1109 2881 1180 βέλτιστον
2913 1109 3211 1181 φέρουσαν,
3241 1105 3362 1160 οὐδὲ
3393 1105 3660 1175 ἐγεύσαντο

2107 1199 2219 1252 τῶν
2271 1200 2477 1267 κακῶν,
2527 1201 2670 1255 ὥστε
2721 1203 2817 1256 καὶ
2865 1201 3237 1272 διαφερόντως
3284 1198 3483 1252 τούτων
3523 1198 3659 1268 ἐρᾷν.

2109 1293 2220 1347 Καὶ
2253 1294 2428 1348 ταῦτα
2461 1295 2675 1359 τούτοις
2715 1297 2931 1365 γίνεται
2971 1295 3033 1348 ού
3074 1295 3354 1357 παντελῶς
3384 1309 3462 1356 τις
3503 1292 3658 1364 φαύλη

2109 1385 2465 1456 παραίτησις.
2499 1389 2563 1442 Oi
2593 1387 2640 1442 δ’
2663 1390 2728 1442 ἐκ
2762 1387 2972 1442 παίδων
3002 1386 3378 1458 ἐπειράθησαν
3406 1385 3510 1438 τῶν
3537 1385 3660 1452 ἀγα-

2107 1479 2218 1534 θῶν
2258 1479 2458 1550 ἔργων,
2501 1482 2598 1536 xa‘t
2645 1483 2804 1551 μέχρι
2851 1483 3040 1552 γήρως
3087 1481 3184 1534 σὺν
3229 1481 3396 1552 ἀρετῇ
3437 1481 3524 1532 τὸν
3561 1479 3662 1549 βίον

2072 1571 2392 1641 διήνυσαν.
2424 1573 2657 1628 Ἔπειτα
2699 1575 2770 1628 τὰ
2813 1574 3026 1643 ἀγαθὰ,
3071 1569 3154 1637 οἷς
3203 1571 3660 1643 συμϐεϐιώκεσαν,

2105 1658 2188 1727 οἷς
2231 1664 2502 1736 ἐτρύφων,
2544 1665 2737 1738 ῶσπερ
2776 1684 2831 1720 τι
2874 1667 3132 1739 ῥίψαντες
3178 1666 3334 1736 ἀγος,
3375 1664 3664 1734 παρόύδέν

2110 1757 2208 1825 μὲν
2241 1756 2459 1825 θέμενοι
2490 1758 2588 1828 τὴν
2620 1759 2884 1830 αἰσχύνην
2905 1799 2922 1824 ,
2957 1760 3090 1830 παρ’
3116 1760 3270 1814 ούδέν
3301 1761 3356 1813 δέ
3387 1759 3444 1812 τὸ
3474 1757 3662 1821 κακὸν,

2038 1827 2078 1882 Β
2107 1848 2200 1901 καὶ
2226 1849 2325 1920 τὴν
2353 1850 2461 1904 ἀπὸ
2486 1827 2637 1905 τοῦδε
2670 1827 2900 1922 βλάϐη-ν,
2929 1827 3191 1922 τὴν-πρὸς
3223 1852 3323 1917 τάξ
3352 1852 3534 1924 ἡδονὰς
3559 1851 3663 1903 δου-

2105 1936 2260 1993 λείαν
2308 1941 2409 2011 τῆς
2458 1943 2555 1996 τοῦ
2604 1943 2744 1998 Θεοῦ
2797 1945 3020 2015 χάριτος
3067 1944 3388 2013 ἠλλάξαντο.
3436 1942 3544 1994 Καὶ
3585 1940 3662 1993 διὰ

2103 2033 2279 2086 ταῦτα
2321 2021 2463 2088 πολύ
2505 2052 2558 2087 τι
2600 2037 2820 2105 χείρους
2865 2036 3125 2104 γεγόνασι
3167 2036 3278 2089 τῶν
3320 2035 3418 2087 οῦκ
3461 2032 3663 2099 ἀγαθῶν

2103 2123 2344 2193 ἐξαρχῆς
2373 2125 2696 2193 γεγονότων.
2735 2127 2808 2179 Οὐ
2840 2109 2948 2195 μήν
2975 2143 3039 2195 γε
3068 2126 3276 2180 τούτων
3305 2127 3462 2178 ἕνεκα
3487 2124 3572 2177 καὶ
3595 2121 3663 2192 τῷ

2103 2215 2472 2288 φιλανθρώπῳ
2506 2217 2625 2288 Θεῷ
2661 2219 2880 2289 μισητοὶ
2909 2219 3266 2271 καθεστᾶσιν.
3291 2215 3447 2271 ·⁹Δλλ’
3470 2216 3528 2268 ού
3560 2215 3663 2268 πεί-

2102 2306 2288 2374 θομαι,
2323 2308 2477 2377 φησὶ,
2513 2309 2588 2378 μὴ
2620 2305 2762 2362 εἶναι
2797 2308 3024 2371 τούτους
3059 2309 3389 2379 βδελυκτοὺς
3417 2306 3492 2376 τῷ
3528 2321 3666 2374 μισο-

2101 2400 2326 2471 πονήρῳ
2351 2399 2492 2470 Θεῷ,
2521 2401 2581 2466 ἐξ
2607 2402 2829 2470 ἀγαθῶν
2855 2403 2936 2465 είς
2963 2401 3240 2472 πονηροὺς
3272 2397 3663 2472 μεταϐεὸλημέ-

2098 2507 2225 2554 νους
2267 2492 2505 2563 κακίστη
2543 2495 2739 2564 γνώμῃ
2765 2510 2780 2525 ο
2815 2493 3018 2550 ὁπόταν
3049 2494 3157 2564 γάρ
3198 2496 3249 2548 οῖ
3293 2493 3662 2561 κακοδαίμονες

2098 2577 2248 2635 οῦτοι
2280 2585 2504 2654 μισητοὶ
2531 2585 2626 2638 καὶ
2653 2583 2936 2653 βδελυκτοὶ
2963 2585 3220 2653 γίνωνται
3251 2585 3350 2638 καὶ
3377 2583 3662 2652 συγγενέσι,

2099 2676 2194 2728 καὶ
2226 2677 2424 2745 φίλοις,
2457 2672 2614 2747 οἶμαι
2648 2677 2693 2730 δ’
2722 2678 2805 2732 ὅτι
2840 2677 2934 2733 καὶ
2967 2677 3210 2748 γονεῦσι,
3247 2679 3355 2731 καὶ
3386 2677 3556 2739 παισὶ,
3587 2673 3669 2728 καὶ

2097 2769 2264 2821 πᾶσιν
2300 2767 2430 2836 ἐξῆς
2467 2769 2816 2840 ἀνθρώποις,
2853 2772 2944 2827 διά
2986 2774 3156 2842 μόνην
3217 2775 3334 2841 τὴν
3382 2769 3671 2840 φαυλότητα

2095 2860 2190 2912 καὶ
2218 2860 2318 2931 τὴν
2351 2859 2622 2933 πονηρίαν
2645 2879 2662 2896 ο
2693 2863 2875 2935 πολλῷ
2905 2881 2971 2932 γε
3001 2863 3380 2934 δικαιότεροι,
3414 2860 3668 2933 μισεῖσθαι

2092 2951 2172 3022 τῷ
2203 2952 2323 3024 Θεῷ
2358 2952 2578 3008 πάντων
2609 2954 2796 3010 ἕνεκα.
2833 2955 2925 3023 Τῷ
2959 2957 3071 3026 γάρ
3106 2954 3371 3027 βορϐόρῳ
3405 2953 3666 3008 καλινδου-

2095 3045 2263 3116 μένῳ,
2296 3048 2380 3111 τίς
2408 3047 2476 3102 ἂν
2507 3049 2592 3119 είη
2629 3047 2835 3120 μετοχὴ
2863 3049 2896 3119 ἢ
2930 3048 3189 3102 κοινωνία
3222 3051 3374 3117 πρὸς
3402 3048 3560 3113 866v;
3589 3043 3668 3116 Τῷ

401 3155 638 3220 pessimo
667 3151 898 3208 consilio
952 3153 1019 3208 de
1056 3151 1218 3208 bonis
1275 3153 1326 3207 in
1366 3155 1537 3208 malos
1600 3155 1794 3209 mutati
1855 3159 1985 3213 sint.

2095 3141 2199 3210 γάρ
2238 3141 2312 3210 μὴ
2350 3140 2612 3212 καθαρῷ,
2651 3143 2784 3213 φησί
2818 3159 2903 3205 τις
2942 3141 3089 3211 μάλα
3125 3141 3310 3211 ἀνὴρ,
3348 3139 3666 3211 ἐφάπτεσθαι

400 3243 847 3312 Quandoquidem
880 3244 1024 3296 enim
1057 3243 1110 3296 Ιιί
1163 3243 1350 3297 miseri
1405 3259 1509 3298 non
1571 3245 1699 3300 odio
1756 3257 1988 3310 tantum,

397 3339 492 3391 sed
533 3337 922 3390 abominationi
947 3328 1161 3406 quoque
1185 3350 1309 3390 sunt
1331 3345 1386 3391 et
1413 3339 1680 3406 cognatis,
1715 3347 1769 3391 et
1795 3339 1991 3394 amicis

399 3441 452 3486 et
484 3431 802 3500 parentibus
832 3430 1051 3502 (opinor
1080 3431 1241 3501 )ipsis
1278 3440 1334 3484 et
1383 3430 1594 3494 liberis,
1629 3439 1686 3485 et
1745 3433 1989 3487 homini-

397 3527 500 3578 hus
529 3523 784 3591 deinceps
815 3523 1118 3588 universis,
1141 3531 1368 3594 propter
1417 3524 1768 3580 vitiositatem
1815 3526 1988 3580 solum

397 3629 450 3674 et
484 3618 836 3688 pravitatum,
871 3617 1042 3671 multo
1061 3632 1191 3672 sane
1225 3619 1398 3688 magis
1445 3629 1727 3673 tuerentur
1754 3621 1989 3674 utinvisi

401 3713 508 3766 Deo
538 3712 668 3775 sint,
692 3711 937 3765 omnium
974 3726 1140 3765 causa
1181 3729 1196 3766 ;
1247 3727 1370 3766 nam
1401 3713 1446 3765 ei
1477 3714 1570 3783 qui
1599 3713 1652 3766 in
1719 3713 1830 3767 luto
1877 3712 1990 3765 vol-

399 3805 506 3857 vitu
519 3819 563 3868 r,
590 3804 864 3872 quodnam
892 3804 1231 3857 consortium
1262 3819 1452 3874 quaeve
1479 3806 1718 3860 societas
1733 3821 1857 3859 cum
1881 3805 1991 3859 Deo

397 3892 600 3956 fuerit?
627 3893 836 3946 Etenim
870 3908 978 3946 non
1020 3903 1190 3962 “puro,
1223 3910 1321 3949 ceu
1355 3895 1439 3948 vir
1465 3895 1688 3964 quidam
1750 3895 1988 3950 eximius

397 3988 495 4051 ait,
515 4000 706 4054 purum
727 3985 1020 4054 attingere,
1051 4000 1392 4056 nequaquam
1424 3985 1506 4039 fas
1542 3985 1726 4041 fuerit.
1767 3985 1882 4040 imo
1902 3985 1990 4038 vel

399 4079 502 4131 hoc
537 4077 700 4129 etiam
726 4077 885 4132 modo
909 4077 1261 4146 perspicuum
1282 4085 1387 4141 est,
1417 4079 1560 4146 quod
1609 4079 1816 4132 dictum
1847 4079 1944 4132 ruit
1971 4096 1986 4134 :

396 4183 521 4222 nam
542 4167 634 4236 qui
661 4167 932 4222 hostiliter
959 4166 1186 4222 affectus
1205 4177 1287 4220 est
1305 4168 1569 4221 adversus
1587 4167 1820 4234 aliquem
1841 4182 1992 4220 sum-

399 4275 617 4331 πωροι-ε
639 4260 916 4324 dilectum,
945 4259 1133 4313 itidem
1163 4269 1218 4314 et
1241 4273 1368 4327 erga
1404 4257 1717 4327 diligentem
1756 4257 1986 4312 allectus

396 4355 519 4407 erit.
542 4353 694 4419 Quod
734 4354 908 4422 ipsum
957 4367 988 4407 e
1041 4351 1322 4406 contrario
1375 4349 1990 4419 patetzquienimami-

395 4462 515 4500 cum
536 4457 684 4500 tuum
711 4457 878 4509 amat,
904 4447 1068 4499 etiam
1092 4444 1183 4498 tibi
1210 4444 1280 4500 sit
1297 4444 1503 4498 amicus
1528 4458 1753 4498 necesse
1774 4454 1874 4498 est.
1898 4443 1990 4498 Sic

397 4542 560 4608 igitur
591 4551 642 4594 et
674 4540 765 4594 isti
797 4539 1054 4593 virtutem
1080 4537 1204 4592 odio
1241 4547 1662 4606 prosequentes,
1700 4544 1982 4604 acceptam
2016 4557 2063 4617 ο

397 4634 527 4696 Deo,
551 4642 855 4702 sponteque
881 4646 977 4686 sua
1011 4645 1175 4686 cursu
1200 4629 1265 4683 ad
1307 4630 1510 4682 malum
1529 4629 1716 4695 delati,
1746 4646 1850 4684 non
1872 4629 1985 4699 jam

397 4727 628 4794 amplius
663 4726 800 4795 grati
833 4733 962 4780 sunt
995 4723 1132 4786 Deo,
1168 4722 1263 4777 sed
1330 4720 1497 4775 dubio
1551 4722 1737 4790 procul
1798 4723 1982 4781 invisi.

395 4816 510 4870 Non
540 4828 706 4882 reete,
734 4815 820 4869 vir
853 4813 1075 4883 optime,
1105 4811 1426 4867 conclusisti
1451 4827 1466 4877 ;
1491 4828 1611 4865 nam
1655 4815 1984 4883 propositio-

394 4925 494 4964 nes
533 4909 752 4978 quidem
791 4907 919 4973 ipsa:
955 4919 1120 4967 verm,
1184 4905 1279 4958 sed
1335 4905 1618 4960 conclusio
1673 4906 1870 4963 divinis
1931 4911 1982 4962 iu

396 5002 581 5066 rebus,
616 5001 681 5055 ad
720 4997 1120 5066 propositiones
1157 4996 1386 5052 minime
1454 4999 1727 5065 quadrare
1786 5001 1984 5067 depre.

395 5094 680 5148 hendctur.
721 5088 937 5143 Nostris
972 5088 1117 5143 enim
1149 5089 1216 5144 de
1250 5092 1413 5145 rebus
1446 5099 1592 5145 recte
1625 5091 1752 5145 talia
1787 5092 1983 5146 dicun-

395 5195 503 5239 tur.
537 5182 668 5248 Quae
704 5197 832 5236 vero
862 5180 1036 5236 Deum
1072 5189 1342 5250 spectant,
1399 5183 1466 5238 de
1514 5184 1581 5238 iis
1638 5199 1772 5240 sane
1823 5186 1981 5241 nobis

393 5285 447 5344 et
481 5273 813 5343 loquendum
845 5281 898 5328 et
933 5273 1282 5344 cogitandum
1316 5289 1384 5330 ex
1457 5274 1632 5344 ipsius
1687 5275 1976 5344 dignitate.

395 5366 581 5420 Fuerit
606 5375 783 5419 autem
811 5380 877 5420 ex
912 5365 1002 5420 Dei
1045 5365 1332 5436 dignitate,
1388 5366 1594 5420 nullam
1627 5374 1686 5419 ut
1738 5381 1978 5432 unquam

395 5459 595 5521 oderit,
625 5472 783 5525 quem
818 5458 933 5528 ipse
961 5473 1116 5513 suam
1140 5459 1207 5513 ad
1243 5458 1534 5528 imaginem
1570 5457 1823 5512 manibus
1857 5473 1981 5527 pro-

399 5550 532 5619 priis
557 5549 829 5605 formarit.
879 5549 998 5606 Non
1037 5553 1182 5607 enim
1239 5553 1486 5607 instituto
1531 5553 1697 5606 animi
1745 5561 1975 5617 mutato,

399 5653 644 5697 naturam
677 5659 893 5713 quoque
922 5661 1074 5700 suam
1108 5649 1357 5712 mutavit,
1395 5655 1456 5700 ut
1487 5647 1725 5700 maxime
1783 5646 1974 5714 lapsus

399 5737 488 5790 sit.
523 5736 660 5800 Quin
702 5748 754 5792 et
784 5738 861 5793 illi
896 5739 1144 5794 homines
1174 5741 1264 5809 qui
1331 5738 1660 5808 pravitatem
1721 5740 1976 5802 oderunt,

400 5829 587 5883 eodem
619 5829 774 5886 modo
803 5831 935 5886 mihi
961 5845 1018 5887 se
1048 5845 1238 5902 gerere
1275 5832 1550 5887 videntur.
1606 5832 1673 5884 At
1740 5845 1974 5898 quorum

2093 3233 2188 3286 τοῦ
2231 3233 2473 3303 καθαροῦ
2516 3235 2591 3305 μὴ
2628 3236 2686 3287 ού
2731 3235 2955 3305 θεμιτὸν
2994 3235 3104 3304 εἴη.
3146 3235 3220 3286 Ού
3265 3237 3387 3304 μὴν
3424 3235 3553 3288 ἀλλά
3585 3232 3668 3285 καὶ

2096 3327 2236 3378 κατὰ
2277 3327 2426 3380 τόνδε
2466 3327 2557 3379 τὸν
2597 3329 2801 3396 τρόπον
2835 3327 2999 3398 δῆλον
3034 3327 3100 3380 ἂν
3138 3327 3222 3396 εἴη
3263 3329 3340 3382 τδ
3380 3327 3665 3398 εἰρημένον.

2106 3417 2164 3471 '0
2211 3415 2342 3485 γοῦν
2389 3416 2600 3486 ἐχθρῶς
2644 3417 2993 3487 διακείμενος
3033 3417 3113 3488 τῷ
3157 3434 3264 3471 τινι
3324 3418 3668 3489 διαφερόντως

2095 3508 2407 3580 φιλουμένῳ
2436 3511 2532 3562 καὶ
2561 3509 2637 3581 τῷ
2670 3509 2915 3580 φιλοῦντι
2950 3510 3171 3573 πάντως
3200 3510 3268 3564 ἂν
3307 3513 3396 3581 εἴη
3423 3528 3439 3542 ο
3470 3512 3559 3564 καὶ
3583 3509 3668 3575 δῆ-

2093 3599 2183 3652 λον
2211 3601 2275 3653 ἐκ
2302 3599 2396 3652 τοῦ
2426 3602 2694 3655 ἐναντίου.
2731 3601 2792 3654 Ὀ
2823 3601 2931 3672 γὰρ
2964 3600 3140 3670 φιλῶν
3170 3619 3253 3656 σοι
3278 3605 3386 3656 τὸν
3414 3583 3561 3672 φίλον
3587 3599 3668 3653 καὶ

2095 3693 2242 3763 αὐτῷ
2275 3710 2357 3747 σοι
2389 3695 2541 3762 φίλος
2573 3694 2751 3764 σαφὴς
2781 3695 2954 3765 δήπου
2987 3695 3218 3761 γίνεται.
3253 3697 3376 3750 Καὶ
3404 3697 3544 3751 οῦτοι
3569 3694 3668 3748 τοί-

2094 3805 2189 3840 νυν
2223 3788 2509 3857 μισοῦντες
2534 3787 2633 3857 τὴν
2662 3787 2889 3857 ἀρετὴν,
2921 3789 3085 3858 φίλην
3111 3785 3278 3843 οὖσαν
3321 3789 3398 3859 τῷ
3425 3789 3556 3856 Θεῷ,
3583 3785 3666 3840 καὶ

2093 3879 2170 3949 τῷ
2209 3879 2365 3951 κακῷ
2406 3880 2956 3952 προσδεδραμηκότες
2999 3881 3256 3945 ἑκόντες,
3298 3883 3490 3937 οὐκέτι
3533 3879 3663 3950 φίλοι

2093 3975 2170 4045 τῷ
2194 3975 2339 4045 Θεῷ,
2364 3975 2501 4028 ἀλλά
2530 3975 2716 4044 σαφῶς
2742 3974 2929 4046 ἐχθροί
2949 3991 2964 4007 ο
2992 3975 3092 4045 οὐχ
3121 3976 3316 4044 ὑγιῶς,
3341 3971 3658 4048 ὧβέλτιστε,

2095 4068 2491 4137 συνεπέρανας.
2520 4069 2585 4120 Ai
2616 4066 2726 4139 γάρ
2753 4067 3054 4136 προτάσεις
3079 4068 3304 4138 ἀληθεῖς
3325 4085 3341 4100 ·
3370 4069 3432 4123 τὸ
3455 4069 3511 4122 δὲ
3539 4082 3659 4134 συμ-

2092 4157 2352 4228 πέρασμα
2376 4160 2496 4222 ταῖς
2525 4161 2858 4230 προτάσεσιν
2883 4158 2974 4212 ἐπὶ
2999 4159 3109 4212 τῶν
3132 4158 3223 4211 τοῦ
3253 4159 3392 4213 Θεοῦ
3422 4155 3661 4227 πραγμά·

2091 4267 2202 4305 των
2235 4253 2296 4305 ού
2338 4253 2567 4321 συνᾷδον
2600 4251 2982 4323 εὑρεθήσεται.
3024 4252 3116 4310 Et:
3164 4253 3265 4322 μὲν
3301 4252 3413 4324 γὰρ
3445 4254 3512 4305 τά
3549 4246 3662 4302 καθ’

2091 4342 2238 4412 ἡμᾶς
2273 4335 2789 4411 πράγματα’όρθῶς
2820 4341 2886 4395 ἂν
2916 4342 3029 4412 ἔχοι
3059 4342 3286 4395 τοιαῦτα
3322 4344 3499 4412 λέγειν
3524 4357 3537 4372 ·
3567 4341 3660 4391 ὅσα

2091 4433 2148 4485 δὲ
2180 4434 2257 4495 είς
2290 4435 2382 4486 τὸν
2412 4433 2547 4486 Θεὸν
2575 4434 2724 4504 ἥκει,
2761 4435 2927 4499 ἀξίως
2958 4435 3233 4502 δήπουθεν
3263 4435 3430 4489 αὐτοῦ
3462 4436 3552 4488 καὶ
3582 4434 3662 4484 λε·

2091 4523 2250 4575 κτέον
2280 4525 2410 4594 ἡμῖν
2441 4523 2506 4576 ἂν
2535 4523 2622 4594 εἴη
2646 4565 2659 4587 ,
2692 4525 2787 4578 καὶ
2817 4526 3066 4590 νοητέον,
3094 4523 3245 4589 ἀξιον
3272 4525 3318 4578 δ’
3343 4526 3410 4578 ἂν
3438 4528 3522 4592 εῖη
3551 4521 3661 4590 Θεῷ

2089 4615 2151 4668 τὸ
2179 4614 2455 4683 μηδέποτε
2486 4619 2686 4685 μισεῖν,
2710 4615 2770 4668 δν
2794 4618 2915 4668 κατ’
2935 4618 3121 4669 εἰκόνα
3148 4617 3341 4670 ἑαυτοῦ
3368 4620 3488 4679 ταῖς
3515 4616 3662 4688 ἰδίαις

2088 4708 2276 4778 χερσὶν
2305 4707 2562 4763 ἔπλασεν.
2595 4710 2669 4762 Οὐ
2702 4711 2810 4777 γὰρ
2839 4709 2903 4779 δὴ
2934 4709 3256 4779 μεταϐαλὼν
3283 4712 3384 4778 τὴν
3416 4709 3663 4776 προαίρε-

2089 4818 2197 4865 σιν,
2225 4801 2323 4856 καλ⁷
2349 4802 2482 4854 αὐτὸ
2505 4801 2567 4854 τὸ
2595 4798 2737 4854 εἶναι
2769 4801 3089 4870 μετέϐαλεν,
3118 4801 3192 4862 ὡς
3225 4802 3463 4869 μάλιστα
3491 4803 3660 4869 ἡμαρ-

2086 4895 2292 4962 τηκὼς.
2321 4895 2396 4948 Ού
2434 4894 2541 4966 μὴν
2567 4895 2702 4948 ἀλλά
2734 4895 2828 4948 καὶ
2857 4895 2907 4946 οἱ
2941 4894 3300 4963 μισοπόνηροι
3324 4895 3436 4946 τῶν
3459 4888 3657 4960 ἀνθρώ-

2086 5007 2207 5043 πων
2233 4987 2379 5043 οῦτω
2413 5005 2507 5059 μοι
2535 4986 2754 5041 δοκοῦσι
2790 4989 2986 5041 ποιεῖν.
3015 4988 3169 5038 Ὅσοι
3201 4987 3258 5039 δέ
3288 4985 3387 5056 τὴν
3420 4983 3656 5038 ἐναντίαν

2087 5082 2275 5151 ἔχουσι
2311 5080 2574 5149 γνώμην,
2609 5079 2704 5131 καὶ
2731 5078 2832 5146 τὴν
2863 5076 3063 5129 κακίαν
3096 5076 3195 5142 μὲν
3224 5074 3508 5142 οὐδαμῶς,
3536 5070 3656 5130 τοὺς

2083 5175 2128 5228 δ’
2152 5175 2257 5227 ὑπὸ
2287 5172 2492 5242 ταύτης
2529 5169 2979 5240 κεκρατημένους
3013 5167 3219 5236 σφόδρα
3257 5165 3512 5236 μισοῦσι,
3545 5163 3655 5215 δέον

2084 5264 2148 5336 γε
2198 5267 2397 5330 αὐτοὺς
2445 5267 2616 5320 ἐλεεῖν
2668 5264 2809 5334 ὑπὲρ
2850 5262 2982 5323 τοὺς
3025 5260 3213 5324 ἄλλους
3267 5260 3533 5318 ἅπαντας,
3583 5250 3652 5321 μὴ

2087 5361 2288 5432 μᾶλλον
2321 5357 2597 5430 μισεῖσθαι
2629 5357 2856 5420 δίκαιοι,
2889 5354 2922 5425 ἢ
2955 5352 3048 5415 οὓς
3083 5351 3284 5410 ἀδίκως
3313 5349 3424 5421 οζδε
3467 5344 3651 5415 μισοῦ-

2085 5473 2200 5521 σιν;
2230 5455 2378 5505 Ἀντῖ
2417 5450 2528 5521 γάρ
2571 5448 2664 5502 τοῦ
2713 5447 2814 5515 τὴν
2857 5444 3032 5498 αἰτίαν
3077 5445 3254 5511 μισεῖν
3296 5443 3394 5509 τῆς
3436 5438 3650 5491 ἐκείνων

2083 5546 2389 5616 ἐκτροπῆς,
2423 5543 2516 5596 καὶ
2548 5540 2732 5609 ζητεῖν
2763 5534 3041 5607 ἐπιμελῶς
3063 5573 3078 5597 ,
3111 5533 3212 5603 τὴν
3249 5531 3347 5600 μὲν
3381 5529 3646 5598 πρόφασιν

2082 5641 2190 5693 τῶν
2232 5635 2419 5692 κακῶν
2464 5635 2696 5699 ἀνελεῖν,
2740 5631 2838 5701 τὴν
2883 5628 2939 5682 δὲ
2990 5626 3147 5698 ῥίζαν
3191 5624 3500 5680 άνασπᾶσαι
3542 5618 3642 5671 τῶν

2083 5730 2343 5786 τοιούτων
2373 5727 2715 5798 παθημάτων
2733 5766 2747 5788 ,
2781 5723 2876 5778 καὶ
2904 5719 2997 5776 τοῦ
3029 5719 3309 5779 νοσοῦντος
3339 5711 3640 5783 φείδεσθαι,

2083 5824 2443 5895 ὁπωσδήποτε
2479 5820 2771 5890 νενόσηκεν
2793 5859 2806 5884 ,
2838 5817 2885 5870 oi
2915 5814 2972 5870 δὲ
3003 5811 3140 5884 πρὸς
3172 5806 3424 5865 τάναντία
3450 5803 3521 5866 ὡς
3550 5818 3638 5865 τοι·
