3958 6462
315 437 420 501 509

1729 423 2014 484 ORATIO
2048 424 2128 486 γι

3479 414 3589 480 5ίὺ

315 550 488 608 πολλὰ
513 547 760 620 ῥέπουσι.
782 542 1002 598 Τούτων
1031 541 1128 611 μὲν
1150 539 1258 614 ¹γᾶιρ
1285 535 1477 592 οὐδένα
1500 536 1679 606 λόγον,
1705 537 1737 606 ἢ
1766 553 1882 607 σμι.

1996 536 2212 590 diversa
2247 532 2514 588 sententia
2543 539 2648 596 est,
2680 530 2884 600 quique
2911 540 3017 581 non
3068 523 3285 587 vitium,
3343 523 3437 577 sed
3493 524 3582 577 in-

318 645 452 714 κρὸν
483 641 613 700 ῐσως
649 635 962 690 ποιοῦνται·
998 633 1092 686 καὶ⁸
1123 631 1272 701 δηλοῖ
1299 630 1366 683 τὰ
1394 628 1670 681 τουτοισὶν
1699 627 1894 697 εἰργα-

315 734 493 804 σμένα
517 747 531 763 ·
558 731 649 782 τὸν
672 729 728 782 δὲ
750 729 871 790 ταῖς
898 724 1090 794 ὕϐρεσι
1117 722 1402 782 πλύνουσι,
1429 719 1516 772 καὶ
1542 716 1889 786 κωμῳδοῦσι,

311 821 435 883 πῶς
477 821 615 882 eiet;
651 818 731 870 διὸ
773 819 865 868 καῖ
911 814 1156 883 σχέτλιοι
1190 810 1429 880 γίνονται
1474 809 1522 861 οἱ
1564 807 1788 869 τούτους
1829 822 1893 874 γε

315 915 498 982 μισεῖν
545 912 829 981 κρίναντες
873 908 944 961 δι’
973 905 1224 975 ἡντινοῦν
1268 903 1451 957 αἰτίαν
1502 901 1535 971 ἢ
1589 900 1889 971 πρύιρασιν.

309 1004 580 1058 Τοσοῦτον
615 1003 725 1071 γὰρ
766 995 921 1068 οἶμαι
964 999 1136 1052 ἐνδεῖν
1173 998 1242 1050 τὰ
1287 994 1440 1063 παρὰ
1486 993 1579 1045 σοῦ
1623 989 1887 1061 εἰρημένα

307 1099 536 1156 τούτους
570 1095 847 1162 ἀποφῆναι.
878 1090 1120 1152 δικαίους
1157 1086 1464 1156 μισεῖσθαι,
1500 1084 1623 1136 ὅσον
1656 1083 1750 1136 καὶ
1783 1082 1890 1135 δει-

309 1190 496 1243 κνύειν
538 1187 723 1255 σαφῶς
765 1183 858 1238 τοῦ
904 1183 1170 1238 ἐλεεῖσθαι
1218 1180 1401 1244 ἀξίους
1443 1177 1623 1239 ὂντας.
1666 1173 1729 1226 Et
1779 1177 1887 1243 γὰρ

312 1282 552 1344 ἑκόντες,
578 1281 652 1341 ὡς
683 1280 746 1330 σύ
774 1277 902 1348 φῂς,
927 1276 1023 1346 τὴν
1047 1273 1156 1328 ἀπὸ
1178 1272 1278 1340 τῆς
1305 1269 1508 1341 ἀρετῆς
1536 1268 1886 1335 εὐδαιμονίαν

307 1373 637 1433 διέπτυσαν,
671 1370 765 1423 καὶ
794 1371 904 1432 τοῖς
938 1365 1362 1436 πεπυρωμένοις
1391 1360 1486 1414 τοῦ
1523 1359 1762 1429 πονηροῦ
1799 1357 1886 1428 βέ-

307 1465 454 1516 λεσιν
472 1463 695 1523 ἐαυτοὺι,
715 1459 1091 1528 περιέπειραν,
1118 1456 1188 1508 δι’
1207 1449 1282 1509 ὧν
1311 1456 1339 1508 ὁ
1369 1453 1470 1522 τῆς
1486 1451 1664 1522 ψυχῆς
1694 1452 1886 1502 ἐπεισ-

309 1559 526 1628 έρχεται
550 1555 798 1616 θάνατος,
834 1552 951 1612 πῶς
969 1551 1030 1604 οὐ
1051 1550 1230 1602 πάντα
1250 1547 1468 1600 πάντων
1507 1544 1881 1612 ἐλεεινότεροι,

309 1649 565 1716 καθάπερ
595 1646 691 1699 καὶ
716 1645 824 1696 τῶν
852 1642 1026 1704 ἄλλως
1059 1639 1429 1716 φονευθέντων
1454 1638 1502 1688 οἱ
1533 1635 1884 1705 αὐτόχειρες

309 1741 404 1791 καὶ
448 1709 652 1791 τούτων
693 1735 870 1799 αὖθις,
910 1734 960 1785 oi
1005 1732 1168 1802 δῆθεν
1209 1709 1519 1798 σώφρονεςς
1561 1728 1635 1782 Τὸ
1681 1727 1780 1796 μὲν
1819 1727 1884 1793 δὴ

309 1829 535 1882 τοιαῦτα
585 1828 816 1896 πάσχειν
867 1824 1051 1894 ἄκρως
1103 1823 1387 1892 δυστυχεῖν
1438 1822 1596 1872 ἐστι·
1649 1819 1774 1880 τοὺς
1827 1817 1884 1870 δὲ

309 1920 586 1982 τοιούτους
636 1917 967 1986 δακρύομεν.
1001 1914 1163 1980 Ἀξιὰ
1209 1931 1275 1981 γε
1325 1911 1393 1967 τὰ
1442 1913 1648 1966 τούτων
1696 1911 1878 1975 κακὰ,

309 2016 438 2068 ὄντα
475 2010 770 2080 δυστυχίας
817 2008 1011 2080 μεστὰ,
1055 2009 1117 2061 οὐ
1167 2009 1327 2078 μόνον
1371 2023 1435 2073 γε
1477 2005 1541 2059 οὐ
1590 2003 1882 2074 μισητέους

309 2107 507 2167 αὐτοὺς
567 2103 882 2167 δεικνύναι,
937 2100 1076 2154 ἀλλὰ
1132 2101 1222 2154 καὶ
1281 2099 1686 2171 προγένεστερα
1750 2097 1880 2166 μίση

308 2197 481 2260 λύειν,
508 2195 556 2248 εί
584 2195 648 2266 δὴ
682 2193 777 2248 καὶ
810 2192 982 2246 πολλά
1005 2209 1131 2245 τινα
1162 2190 1300 2260 πρὸς
1328 2191 1526 2252 αύτούς
1556 2205 1686 2242 ποτε
1713 2187 1882 2241 ταῦτα

305 2284 395 2358 ἢν.
447 2289 508 2341 Ei
559 2287 614 2339 δὲ
644 2286 739 2339 καὶ
768 2285 872 2338 ὑπὸ
901 2284 1057 2339 ἐνίων
1089 2283 1330 2350 μισοῖντο
1360 2283 1408 2335 oi
1437 2281 1528 2333 τὸν
1557 2280 1669 2351 βίον
1699 2279 1882 2332 ἀναλί-

308 2395 534 2440 σκοντες
568 2381 624 2430 ἐν
654 2379 752 2431 οὐκ
784 2376 1008 2444 ἀγαθοῖς
1043 2375 1226 2445 ἔργοις
1257 2370 1416 2444 (εἶδον
1446 2371 1554 2442 γὰρ
1587 2371 1700 2439 ἐγώ
1728 2387 1882 2433 τινας

307 2469 404 2523 καὶ
447 2468 666 2536 γονεῦσι
714 2467 1101 2536 μισουμένους,
1143 2467 1220 2529 ὡς
1269 2463 1506 2534 φαύλους
1549 2462 1754 2528 ὄντας),
1804 2460 1880 2530 μὴ

306 2559 395 2613 διὰ
425 2560 583 2614 τοῦτο
617 2559 804 2622 κακῶς
835 2558 1097 2630 νομίσῃς,
1131 2557 1206 2619 ὠς
1238 2557 1348 2626 ἄρα
1378 2556 1460 2610 δεῖ
1494 2556 1587 2608 καὶ
1620 2554 1711 2606 τὸν
1745 2554 1882 2607 Θεὸν

308 2651 490 2722 πολλῷ
529 2667 595 2718 γε
641 2651 841 2720 μᾶλλον
880 2651 1080 2712 αὐτοὺς
1128 2651 1325 2718 μισεῖν,
1367 2648 1464 2703 ἅτε
1511 2647 1880 2717 μισοπόνηρον

306 2742 453 2796 ὅντα.
495 2743 553 2795 Ὀ
584 2744 690 2813 γὰρ
719 2742 854 2804 Θεὸς
879 2742 978 2812 τὴν
1006 2740 1272 2811 πονηρίαν
1305 2740 1511 2809 μισῶν,
1543 2741 1754 2810 εὕρεμα
1785 2737 1879 2792 οῦ-

309 2853 407 2888 σαν
433 2837 525 2889 τοῦ
564 2836 804 2906 πονηροῦ
825 2877 839 2902 ,
872 2837 919 2888 εί
955 2836 1012 2890 δὲ
1049 2835 1264 2906 βούλει,
1298 2835 1718 2904 βδελυττόμενος
1742 2874 1755 2896 ,
1787 2831 1881 2887 καὶ

305 2928 404 2998 τὴν
429 2929 628 2997 ἀρετὴν
658 2927 827 2996 φιλῶν
846 2968 859 2990 ,
890 2929 1101 2982 οίκείαν
1133 2923 1302 2980 οὖσαν
1329 2925 1478 2996 αὐτῷ
1496 2967 1512 2988 ,
1543 2925 1603 2978 τὸ
1631 2927 1732 2994 μὲν
1759 2925 1882 2981 ἐνά-

307 3036 462 3090 ρετον
495 3019 673 3088 φιλεῖ,
708 3019 800 3071 τὸν
832 3017 889 3072 δὲ
927 3019 1065 3088 πρὸς
1100 3017 1262 3072 αὐτὸν
1295 3018 1625 3070 πεπτωκότα
1655 3010 1747 3069 τὸν
1780 3015 1880 3086 τῆς

303 3111 502 3175 κακίας
533 3111 693 3181 βυθὸν
725 3111 784 3164 οὐ
820 3114 992 3182 μισεῖ,
1026 3111 1140 3165 ἀλλ’
1163 3110 1333 3163 ἐλεεῖ·
1361 3110 1464 3164 καῖ
1483 3111 1584 3164 οὐκ
1616 3111 1880 3180 ἀποστρέ-

304 3221 498 3271 φεται,
547 3204 683 3258 ἀλλὰ
725 3205 826 3273 τὴν
874 3203 1051 3258 αὐτοῦ
1094 3205 1554 3274 πραγματεύεται
1605 3205 1882 3275 σωτηρίαν

1989 3218 2041 3264 et
2077 3207 2248 3262 multa
2282 3207 2525 3277 quidem,
2587 3207 2717 3261 olim
2777 3207 2829 3260 in
2879 3220 2974 3260 eos
3029 3211 3304 3270 suscepta,
3364 3208 3575 3269 queunt
3666 3223 3677 3232 -

304 3295 475 3348 ἆπασι
507 3295 750 3366 τρόποις.
781 3295 1036 3365 Τοσούτῳ
1065 3295 1111 3348 δ’
1132 3296 1194 3349 οὐ
1227 3298 1478 3366 προσῆκε
1507 3295 1773 3364 νομίζειν,
1803 3296 1879 3360 ὡς

304 3389 397 3441 καὶ
439 3389 516 3458 τῷ
561 3389 678 3458 Θεῷ
727 3390 948 3460 μισητοὶ
995 3389 1343 3449 καθεστᾶσιν,
1389 3389 1507 3442 ὅσοι
1549 3387 1639 3441 διὰ
1683 3385 1779 3452 τὴν
1822 3389 1880 3439 ἐν

307 3482 458 3551 σφίσι
501 3482 732 3547 κακίαν,
769 3483 828 3535 ἐν
865 3482 1177 3552 ἀνθρώποις
1217 3481 1400 3552 έχουσι
1439 3483 1628 3553 μῖσος,
1666 3481 1880 3550 ὅσῳπερ

304 3576 396 3628 καὶ
428 3564 736 3628 τούναντίον
767 3572 991 3641 εὔλογον
1020 3570 1161 3627 εἶναι
1189 3590 1202 3604 ·
1233 3574 1380 3640 λέγω
1408 3573 1470 3643 δὴ
1502 3573 1563 3625 τὸ
1592 3573 1879 3641 τυγχάνειν
1924 3636 1928 3640 ι

305 3669 505 3729 αὐτοὺς
536 3667 738 3731 ἐλέους.
771 3669 843 3721 Τὸ
875 3669 984 3736 γὰρ
1018 3666 1080 3726 δὴ
1117 3667 1318 3738 σφόδρα
1347 3667 1571 3726 τούτους
1609 3664 1876 3736 μισεῖσθαι

304 3759 437 3829 παρ’
463 3753 537 3811 ὧν
567 3759 746 3828 ἥκιστ’
771 3760 960 3829 ἐχρῆν,
994 3758 1141 3812 τοῦτ’
1169 3759 1284 3812 ἐστι
1317 3758 1381 3811 τὸ
1411 3759 1502 3810 τὸν
1535 3757 1667 3810 Θεὸν
1700 3775 1878 3826 παρα-

306 3847 571 3915 σκευάζον
606 3851 742 3921 πρὸς
785 3851 985 3914 αὐτοὺς
1023 3851 1416 3922 εὐμενέστερον
1453 3849 1690 3918 βλέπειν.
1723 3847 1880 3902 ’Ὢσθ’

303 3943 338 4012 ἡ
374 3941 481 3995 τῶν
513 3942 754 4012 γνησίων
790 3943 1112 4014 ἀποστροφὴ
1153 3942 1338 4006 ἐλέους
1372 3942 1584 4004 τούτοις
1622 3939 1881 4009 πρόξενος

304 4036 515 4103 γίνεται
543 4035 634 4088 τοῦ
671 4035 820 4104 παρὰ
856 4035 1012 4100 Θεοῦ,
1047 4033 1196 4105 αὐτῷ
1222 4051 1285 4103 γε
1325 4033 1522 4104 τούτῳ,
1561 4031 1641 4102 τῷ
1677 4033 1754 4103 μὴ
1783 4033 1870 4085 δο-

305 4128 422 4179 κεῖν
449 4125 679 4190 δικαίοις
721 4111 913 4179 τούτου
945 4127 1155 4196 τυχεῖν.
1196 4125 1255 4178 '0
1306 4125 1415 4195 γὰρ
1447 4123 1706 4177 τοσοῦτον
1738 4124 1878 4191 ἀφε-

307 4216 522 4286 στηκὼς
578 4217 686 4270 τῶν
742 4217 892 4289 αὐτῷ
964 4217 1373 4288 προσηκόντων,
1422 4218 1450 4270 ὀ
1502 4216 1736 4280 ἐλεεινὸς
1787 4219 1880 4270 καὶ

309 4305 575 4376 μηδαμῶς
627 4306 971 4378 ἐλεούμενος,
1009 4307 1148 4358 ἀλλὰ
1198 4306 1513 4359 τούναντίον
1548 4307 1880 4376 μισούμενὸς

303 4415 364 4449 τε
421 4400 515 4450 καὶ
568 4399 1104 4467 ἀπογινωσκόμενος,
1153 4397 1227 4460 ὡς
1276 4397 1410 4468 μηδὲ
1464 4399 1564 4467 τῆς
1614 4400 1879 4452 ἀνωτάτω

306 4490 717 4561 φιλανθρωπίας
766 4490 916 4555 ἄξιος
973 4491 1260 4558 κρίνεσθαι
1311 4490 1445 4559 παρ’
1504 4491 1704 4556 αὐτῶν,
1761 4493 1876 4556 πῶς

303 4583 404 4636 οὐκ
434 4582 546 4636 ἐστι
579 4582 791 4646 δίκαιος
842 4581 1028 4643 ἐλέους
1088 4585 1276 4650 τυχεῖν
1320 4583 1470 4653 παρὰ
1518 4581 1637 4652 Θεῷ
1677 4587 1876 4654 κριτῇ;

303 4674 376 4738 ὥς
413 4687 576 4744 φησιν
609 4679 636 4729 ὁ
683 4675 816 4732 Θεὸς
869 4675 959 4729 διὰ
1011 4675 1235 4728 Ἡσαΐου
1283 4674 1381 4728 τοῦ
1424 4677 1708 4746 προφήτου
1742 4680 1880 4746 πρὸς

313 4767 670 4839 Ἰερουσαλήμ
695 4782 710 4796 ο
743 4769 870 4820 Ὀτι
902 4767 1000 4821 διὰ
1039 4767 1104 4820 τὸ
1132 4763 1288 4820 εἶναί
1311 4783 1384 4820 σε
1418 4766 1885 4838 ἐγκαταλελειμ-

291 4862 512 4932 μένην,
547 4863 647 4915 καὶ
672 4861 1114 4930 μεμισημένην,
1146 4861 1243 4916 καὶ
1286 4864 1396 4916 οὐκ
1444 4861 1524 4930 ἦν
1570 4865 1604 4914 ὁ
1637 4861 1887 4931 ,βοηθῶν

300 4971 422 5008 σοι.
458 4954 521 5006 Εἰ
555 4954 611 5007 δὲ
646 4952 712 5024 δὴ
741 4954 837 5007 καὶ
865 4955 1025 5023 δίκην
1056 4953 1255 5018 αὐτοὺς
1291 4953 1651 5008 ἀποτιννύναι
1701 4971 1877 5024 προσ-

299 5046 423 5116 ῆκε,
471 5047 616 5114 μάλα
672 5062 735 5113 γε
794 5046 995 5116 πολλὴν
1058 5047 1167 5099 οἵδε
1224 5047 1408 5099 ἔτισαν
1461 5048 1702 5100 τουτοισὶ
1766 5049 1882 5110 τοῖς

301 5136 574 5206 ἐπαχθέσι
621 5143 861 5208 κριταῖς.
897 5138 1008 5192 Καὶ
1057 5137 1117 5191 τὸ
1171 5138 1360 5192 ποιοῦν
1407 5139 1508 5208 τὴν
1544 5127 1878 5209 ὐπερσολὴν,

299 5229 381 5284 ὅτι
436 5232 527 5284 καὶ
585 5231 632 5284 oi
693 5229 825 5299 παρ’
873 5231 1057 5284 αὐτῶν
1083 5233 1458 5300 λαμϐάνοντες
1506 5232 1712 5302 ταύτην
1762 5232 1880 5284 ἀδιο

299 5323 525 5387 κοῦντες
557 5325 952 5395 λαμϐάνουσιν,
971 5326 1273 5398 οὐδαμόθεν
1298 5325 1358 5380 ὃν
1385 5325 1569 5389 αὐτοῖς
1596 5327 1880 5397 προσῆκον

300 5417 501 5480 αὐτοὺς
559 5417 927 5488 κατακρίνειν.
994 5417 1130 5471 Θεοῦ
1197 5417 1306 5488 γὰρ
1358 5418 1520 5487 μόνον
1571 5417 1735 5470 τοῦτὸ
1791 5433 1876 5485 γε.

300 5509 518 5563 Μᾶλλον
560 5510 605 5563 δ’
651 5513 707 5564 εῖ
748 5529 832 5574 τις
867 5511 1113 5581 ἀκριϐῶς
1143 5510 1318 5564 ἐθέλει
1357 5512 1602 5576 σκοπεῖν,
1641 5512 1672 5579 ἡ
1728 5509 1878 5578 σφῶν

301 5587 488 5653 αὐτῶν
514 5602 816 5672 συνείδησις
851 5606 944 5657 καὶ
982 5604 1102 5656 τότε
1151 5605 1291 5671 σφᾶς
1325 5619 1389 5671 γε
1421 5603 1620 5672 κρινεῖ.
1651 5603 1726 5655 Οὐ
1767 5602 1878 5672 μήν

200 5699 210 5707 '
301 5711 365 5761 γε
402 5693 506 5747 ὑπὸ
561 5694 778 5749 πάντων
832 5696 960 5766 ἑξῆς
994 5695 1096 5765 μία
1142 5682 1354 5758 τούτοις
1390 5694 1739 5764 ἐξενήνεκται
1766 5693 1876 5762 ψῆ-

303 5803 422 5854 φος.
450 5786 512 5839 Οί
543 5786 652 5855 γὰρ
682 5787 782 5856 τὴν
820 5787 988 5859 ὀρθὴν
1042 5787 1352 5858 βαδίζοντες
1392 5785 1529 5855 πρὸς
1571 5786 1665 5859 τὸν
1695 5786 1878 5839 εὐδαί-

305 5894 444 5950 μονα
473 5879 588 5950 βίον
623 5879 844 5945 τούτους
875 5881 938 5952 δὴ
969 5881 1093 5945 τούς
1126 5881 1274 5950 παρὰ
1307 5881 1411 5934 τῶν
1445 5879 1654 5934 πολλῶν
1688 5895 1876 5948 μισου-

2006 626 2178 680 fectus
2214 624 2346 680 vitio
2371 624 2725 678 vehementer
2756 622 2946 678 odere,
2981 633 3106 671 cum
3148 631 3339 669 eorum
3408 630 3573 683 supra

1996 727 2227 772 αιτιοι-οε
2252 731 2444 771 omnes
2477 713 2720 770 misereri
2753 713 3030 775 deberent,
3056 726 3123 764 an
3157 725 3264 765 non
3293 708 3468 778 magis
3520 710 3572 760 h-i

1998 811 2143 881 digni
2178 819 2304 866 sunt
2329 808 2456 863 odio
2489 822 2654 876 quam
2698 820 2834 875 quos
2893 804 3094 873 injuste
3147 802 3250 873 ipsi
3295 800 3578 855 oderunt?

1997 919 2122 957 nam
2153 917 2249 970 pro
2281 916 2348 955 eo
2426 902 2569 970 quod
2624 913 2844 952 causam
2883 894 3304 950 exorbitationis
3359 893 3572 947 illorum

1992 999 2171 1054 odisse
2199 996 2485 1057 debebant.
2514 1006 2569 1050 et
2599 994 2892 1061 diligenter
2923 974 3142 1058 operam
3201 988 3355 1048 dare,
3409 988 3577 1040 malo-

1994 1106 2112 1145 rum
2148 1099 2206 1144 ut
2238 1089 2582 1144 occasionem
2619 1087 2892 1147 tollerent,
2930 1093 2984 1138 et
3025 1079 3341 1136 morborum
3389 1079 3580 1147 hujus-

1994 1185 2138 1239 modi
2170 1184 2412 1239 radicem
2442 1182 2761 1246 evellerent,
2826 1179 3210 1246 laborantique
3266 1180 3573 1243 parcerent,

1990 1277 2302 1346 quicunque
2334 1275 2551 1328 tandem
2586 1273 2808 1326 morbus
2831 1281 2996 1336 esset,
3053 1285 3106 1323 tu
3143 1265 3480 1322 contrarium
3520 1263 3572 1316 hi

1989 1371 2314 1439 plerumque
2341 1367 2589 1421 tendunt.
2647 1365 2781 1420 Nam
2842 1363 3044 1418 nullam
3097 1360 3317 1430 quidem
3382 1358 3572 1410 horum

1989 1462 2260 1515 rationem
2297 1459 2382 1513 vel
2426 1459 2676 1527 exiguam
2706 1456 2957 1513 fortassis
2983 1454 3206 1516 habent,
3247 1450 3392 1520 quod
3421 1449 3565 1516 ipso-

1985 1569 2106 1609 rum
2141 1567 2270 1607 sane
2291 1552 2434 1606 facta
2456 1552 2778 1608 declarant:
2809 1562 2863 1604 at
2891 1547 3165 1603 hominem
3219 1545 3394 1613 ipsum
3452 1539 3575 1610 qui-

1969 1648 2106 1712 .bus,
2143 1648 2391 1711 obsecro,
2417 1646 2760 1702 contumeliis
2812 1643 3055 1698 alliciunt
3084 1649 3137 1695 et
3187 1633 3575 1693 insectantur?

1982 1739 2322 1809 Quapropter
2345 1738 2528 1808 etipsi
2567 1737 2866 1807 culpabiles
2901 1735 3035 1789 fiunt
3077 1732 3169 1802 qui
3244 1740 3573 1797 quacunque

1919 1859 1960 1913 Β
1989 1833 2058 1887 de
2087 1847 2253 1886 causa
2287 1831 2370 1886 vel
2396 1839 2683 1913 praztextu,
2711 1830 2832 1885 illos
2863 1829 2990 1883 odio
3017 1827 3119 1881 sibi
3169 1820 3575 1893 persequendos

1991 1926 2305 1982 statuerint.
2341 1912 2576 1981 Tantum
2616 1923 2760 1979 enim
2793 1923 2987 1978 abesse
3021 1928 3171 1989 puto,
3197 1925 3254 1969 ut
3309 1930 3428 1983 quae
3479 1915 3575 1966 abs

1991 2030 2044 2075 te
2066 2019 2278 2090 prolata
2305 2027 2456 2082 sunt,
2499 2018 2600 2071 hos
2661 2017 2788 2071 odio
2839 2015 3031 2083 dignos
3057 2025 3180 2066 esse
3235 2010 3577 2062 demonstra-

1991 2109 2121 2174 rint,
2149 2112 2397 2163 utetiam
2431 2107 2715 2176 perspicue
2761 2106 3017 2173 probent,
3069 2116 3164 2157 eos
3220 2097 3576 2152 commisera-

1991 2202 2193 2257 tionem
2219 2200 2441 2255 mereri.
2478 2198 2612 2252 Nam
2666 2197 2711 2253 si
2753 2197 3020 2256 volentes,
3047 2202 3106 2247 ut
3138 2201 3192 2246 tu
3216 2190 3431 2260 quidem
3469 2187 3571 2249 ais,

1992 2293 2401 2364 provenfentem
2471 2306 2540 2346 ex
2581 2293 2787 2344 virtute
2856 2287 3172 2343 felicitatem
3225 2289 3570 2349 respuernnt,

1989 2402 2056 2441 ac
2086 2394 2258 2442 semet
2288 2383 2478 2454 ignitis
2511 2382 2656 2437 illius
2708 2381 2930 2450 maligni
2981 2379 3103 2434 telis
3161 2374 3571 2434 transtixerunt,

1993 2493 2092 2548 per
2125 2492 2247 2547 quae
2300 2476 2468 2530 animi
2523 2489 2671 2530 mors
2721 2472 3044 2542 ingreditur,
3098 2483 3205 2538 quo
3261 2473 3417 2537 pacto
3466 2479 3571 2518 non

1988 2569 2212 2624 omnino
2244 2566 2557 2622 miseriores
2583 2573 2711 2619 sunt
2743 2562 3016 2624 omnibus,
3041 2560 3186 2616 sicut
3209 2569 3264 2612 et
3307 2558 3415 2610 alio
3439 2569 3573 2625 quo-

2000 2657 2126 2712 dam
2153 2657 2317 2711 modo
2350 2657 2555 2709 necatis
2595 2654 2629 2709 ii
2659 2653 2747 2722 qui
2777 2667 2966 2707 manus
2992 2651 3092 2720 ipsi
3139 2650 3243 2705 sibi
3301 2645 3572 2701 afferunt?

1989 2757 2045 2803 et
2077 2762 2264 2802 rursus
2295 2747 2380 2803 his
2406 2746 2497 2816 qui
2522 2755 2701 2800 meme
2723 2746 2839 2800 sani
2866 2745 2946 2800 sic
3005 2750 3232 2813 pereunt
3256 2740 3280 2793 Τ
3305 2738 3568 2793 Nimirum

1989 2837 2118 2894 t‘alia
2153 2839 2285 2908 pati,
2340 2848 2586 2894 extrema
2642 2837 2931 2892 infelicitas
2977 2843 3081 2899 est,
3139 2844 3197 2890 et
3243 2828 3563 2901 huiusmodi

1988 2947 2120 2988 sane
2144 2931 2400 3003 lacrymis
2431 2928 2708 2986 deﬂemus.
2746 2930 2883 2987 Nam
2919 2929 3062 2984 mala
3107 2929 3374 2998 ipsorum,
3405 2924 3566 2993 plena

1987 3022 2242 3089 miseriae,
2280 3038 2387 3079 non
2424 3023 2582 3078 modo
2621 3022 2834 3077 efﬁcere
2865 3028 3112 3091 possunt,
3148 3019 3310 3074 nullis
3347 3027 3405 3071 ut
3427 3014 3574 3070 odiis

1987 3115 2355 3186 persequendi
2378 3124 2730 3178 censeantur,
2764 3128 2952 3168 verum
2997 3112 3161 3167 etiam
3187 3110 3308 3164 odia
3365 3108 3569 3178 priora,

1982 3302 2350 3370 exstinguere.
2397 3300 2549 3367 Quod
2572 3302 2616 3355 si
2661 3299 2898 3353 maxime
2952 3297 3276 3368 quihusdam
3301 3293 3428 3348 odio
3447 3300 3573 3348 sunt

1983 3394 2075 3462 qui
2104 3393 2270 3446 vitam
2298 3392 2352 3446 in
2384 3392 2640 3461 operibus
2671 3405 2780 3444 non
2820 3389 2976 3444 bonis
3014 3391 3242 3455 exigunt
3279 3387 3429 3455 (nam
3460 3384 3570 3438 vidi

1984 3486 2249 3554 quosdam
2282 3500 2404 3554 ego,
2439 3500 2578 3555 quos
2610 3484 2712 3554 ipsi
2750 3495 3006 3554 parentes
3031 3484 3568 3549 o:lisseat,tanquam

1984 3575 2180 3644 malos)
2249 3591 2353 3630 neu
2409 3585 2696 3647 propterea
2761 3589 2949 3643 parum
3023 3584 3175 3628 recte
3267 3571 3570 3642 putaveris,

1990 3666 2165 3720 multo
2210 3668 2382 3734 magis
2415 3681 2536 3720 esse
2570 3680 2820 3729 necesse,
2882 3665 3024 3718 Deus
3061 3671 3120 3716 ut
3177 3663 3322 3731 ipsos
3365 3660 3567 3724 oderit,

1984 3761 2076 3828 qui
2110 3761 2432 3827 pravitatem
2465 3761 2599 3812 odit.
2625 3759 2837 3828 Quippe
2868 3756 3009 3811 Deus
3068 3757 3196 3810 dum
3242 3754 3570 3824 pravitatem

1988 3851 2125 3916 odit,
2165 3866 2286 3920 quae
2321 3850 2540 3920 maligni
2574 3849 2720 3903 illius
2779 3849 3062 3907 inventum
3101 3856 3202 3910 εει,
3247 3844 3332 3898 vel
3390 3844 3574 3913 potius

1982 3947 2349 4012 abominatur,
2381 3952 2436 3998 et
2485 3943 2739 3998 virtutem
2765 3943 2963 4008 diligit,
2995 3955 3115 4010 qua:
3149 3939 3248 4010 ipsi
3279 3929 3574 4008 peculiaris

1983 4045 2109 4093 est:
2144 4038 2343 4092 virtute
2376 4036 2598 4107 quidem
2634 4036 2919 4106 praeditum
2969 4042 3140 4100 amat,
3188 4033 3288 4088 sed
3351 4031 3569 4086 interim

1984 4143 2108 4186 eum
2159 4130 2250 4200 qui
2282 4130 2350 4184 ad
2418 4129 2588 4183 imum
2637 4127 2954 4183 vitiositatis
3021 4125 3292 4196 gurgitem
3346 4123 3573 4186 decidit,

1984 4239 2090 4279 non
2109 4224 2244 4288 odit,
2269 4222 2362 4278 sed
2383 4223 2809 4285 miseratur,non
2852 4222 3201 4284 adversatur,
3251 4219 3344 4272 sed
3376 4217 3428 4270 in
3451 4217 3573 4282 ejus

1984 4315 2166 4371 salute
2189 4313 2529 4383 procuranda
2547 4313 2723 4368 modis
2765 4312 3016 4366 omnibus
3041 4319 3368 4379 occupatur.
3392 4307 3574 4376 Usque

1986 4406 2122 4462 adeo
2140 4420 2271 4459 vero
2290 4407 2587 4475 putandum
2609 4419 2713 4459 non
2733 4412 2838 4472 est,
2880 4403 2988 4460 Deo
3029 4419 3247 4474 quoque
3293 4403 3417 4459 illos
3450 4402 3576 4456 odio

1987 4514 2133 4566 esse,
2148 4499 2459 4569 quicunque
2482 4509 2704 4570 prepter
2723 4499 3077 4552 vitiositatem
3095 4512 3249 4553 suam
3289 4496 3572 4551 hominum

1985 4594 2109 4649 odia
2141 4593 2523 4660 experiuntur,
2557 4603 2614 4647 ut
2643 4593 2808 4647 etiam
2838 4592 3198 4651 contrarium
3236 4591 3436 4644 rationi
3503 4590 3576 4644 sit

1979 4699 2430 4753 consentaneum,
2474 4687 2907 4742 misericordiam
2937 4685 3192 4740 videlicet
3242 4699 3339 4739 eos
3399 4687 3574 4753 impe-

1984 4788 2173 4836 trare:
2215 4794 2337 4833 nam
2362 4779 2489 4848 quia
2521 4781 2870 4833 vehementer
2903 4777 3058 4833 exosi
3126 4785 3256 4832 sunt
3312 4777 3381 4830 iis
3445 4776 3571 4844 qni-

1987 4872 2093 4927 bus
2156 4872 2386 4926 minime
2449 4872 2748 4938 debebant;
2840 4873 2944 4926 hoc
2976 4871 3180 4940 ‘ipsum
3241 4879 3347 4932 est,
3421 4871 3570 4937 quod

1995 4963 2165 5019 Deum
2256 4974 2550 5034 provocat,
2643 4975 2705 5019 ut
2786 4964 3118 5019 clementius
3199 4979 3296 5019 cos
3397 4964 3572 5032 respie

1993 5055 2124 5109 ciat.
2228 5055 2572 5126 Qttapl'Oplel‘
2645 5067 2998 5126 cognatorum
3085 5057 3269 5111 odium
3369 5065 3422 5110 et
3510 5071 3573 5110 a-

1994 5147 2235 5200 versatio
2285 5146 2376 5201 Dei
2419 5149 2856 5204 misericordiam
2911 5149 3044 5219 ipsis
3075 5149 3352 5214 conciliat,
3403 5156 3458 5203 et
3507 5164 3575 5203 eo

1990 5238 2210 5306 quidem
2244 5239 2362 5308 ipso
2390 5241 2534 5308 quod
2571 5240 2776 5310 indigni
2821 5242 3108 5297 vidcantur
3135 5245 3225 5312 qui
3256 5259 3374 5296 eam
3405 5243 3576 5312 impc-

1984 5338 2150 5383 trcnt.
2185 5329 2317 5383 Nam
2354 5333 2443 5400 qui
2476 5331 2546 5385 ab
2583 5332 2761 5387 oﬂicio
2810 5345 3093 5404 tantopere
3144 5336 3418 5400 discessit,
3476 5337 3578 5390 tui—

1987 5435 2078 5475 ser
2105 5419 2311 5488 pariter
2339 5436 2404 5476 ac
2436 5422 2568 5476 nulli
2608 5424 2959 5489 miserabilis,
2995 5425 3088 5481 sed
3118 5441 3150 5480 e
3175 5427 3451 5481 contrario
3476 5443 3572 5496 po-

1989 5511 2094 5565 tius
2127 5527 2325 5568 exosus
2357 5524 2412 5568 ct
2440 5528 2537 5582 pro
2560 5514 2850 5586 deplorato
2883 5518 3121 5583 habitus,
3151 5531 3209 5574 ut
3231 5536 3300 5575 ne
3319 5534 3570 5588 suprema

1953 5633 1960 5640 -
1988 5605 2206 5674 quidem
2243 5607 2333 5659 illa
2363 5607 2646 5663 clementia
2674 5611 2870 5680 dignus
2901 5613 2968 5666 ab
3001 5614 3080 5668 eis
3116 5614 3411 5683 indicetne,
3447 5630 3571 5667 eum

1986 5713 2095 5767 quo
2127 5709 2286 5766 pacto
2318 5715 2424 5755 non
2460 5718 2676 5772 aquam
2720 5713 2803 5760 est
2834 5707 2974 5776 apud
3011 5706 3176 5766 Deum
3201 5706 3441 5773 judicent
3476 5705 3574 5756 mi-

1985 5790 2340 5844 sericordiam
2367 5795 2670 5864 consequi?
2699 5797 3152 5864 quemadmodum
3180 5795 3316 5851 Dens
3337 5797 3449 5861 ipse
3477 5810 3572 5864 per

1987 5881 2179 5936 isaiatn
2213 5893 2392 5941 vatem
2439 5884 2862 5958 Hierosolymam
2899 5887 3196 5957 alloquitur
3216 5865 3571 5956 ‘z‘i‘rup'erea
