3958 6420
484 313 586 376 511
1677 341 2017 402 ΜΑΝΙΙΕΜ

2119 345 2202 405 PA
2217 347 2565 410 LJEOLOGI
3591 367 3676 442 διε

474 431 620 497 quod
644 429 858 484 deserta
889 433 961 486 sis
991 443 1043 488 et
1061 450 1247 506 exosa,
1283 455 1382 497 nec
1413 443 1611 501 habeas
1646 450 1737 514 qui
1767 451 1864 504 tibi
1886 456 2017 520 opitt

476 519 620 545 Ιιιι....
668 520 820 545 Λ..-)
847 525 886 545 ,ξ
927 527 990 545 -.9
1478 537 1490 545 .

2119 457 2359 524 [μένους
2398 459 2486 512 διὰ
2519 461 2619 528 τὴν
2665 461 2766 514 οὐκ
2818 462 3032 536 ἀγαθὴν
3082 466 3354 524 πολιτείαν
3399 429 3677 545 ἱλεοῦσίτε,

474 519 639 576 lm“"-
668 520 820 587 QUOd
842 525 887 580 Si
918 527 1082 582 Ciiam
1108 545 1326 610 poenam
1357 551 1452 591 eos
1478 537 1626 594 luere
1652 556 1748 608 par
1769 555 1906 608 erat,
1928 561 2017 600 san

484 624 642 638 κη...
698 617 922 638 μω---
985 636 1058 638 _,,
1114 624 1145 638 ..
1288 627 1338 638 ..
1494 631 1505 638 .
1571 633 1603 638 -_
1645 633 1675 638 -_
1816 636 1827 638 μ

2167 519 2178 524 ν
2345 519 2349 520 ν
2573 519 2586 528 .
2865 519 2878 531 .
2986 519 2998 536 .
3178 519 3182 520 ν
3400 519 3583 531 -..ν-η-.
3618 519 3677 545 η,

2162 545 2282 608 πῶς
2331 548 2473 612 οἴειῖ
2516 553 2612 604 καὶ
2646 553 2913 622 μεγίστης
2957 556 3170 620 ἀξιοῦσι
3213 561 3538 632 κηδεμονίας,
3565 570 3680 638 πρδς

483 624 649 678 quam
697 617 928 685 amplam
976 624 1234 690 gravibus
1286 627 1436 682 hisce
1485 631 1761 697 judicibus
1816 636 2017 692 luerunl

483 702 874 728 n..-_._._-ug,__.
937 727 958 728 η
1142 727 1148 728 ,
1658 726 1667 728 -

2159 638 2259 708 τὴν
2295 639 2476 693 αὐτῶν
2524 617 2810 712 διόρθωσιν
2857 617 3286 715 ἀποϐλέποντες,
3329 617 3682 728 ﬁderit-sportis

469 702 730 774 Quodque
745 710 968 764 nimium
987 727 1248 782 quantum
1269 734 1379 774 rem
1393 726 1668 799 augehqui
1687 742 1876 796 poenas
1893 729 1959 783 ab
1975 730 2017 784 ei

2157 702 2274 796 ἄμα
2306 730 2400 782 καὶ
2430 702 2763 804 ὑψηλότερον
2796 737 2931 792 πολὺ
2981 739 3090 793 τῶν
3329 702 3680 818 διανοούΓμενοις

465 797 711 865 exigunt,
730 814 826 865 per
856 801 1113 871 injuriam
1133 808 1375 876 exigunt,
1398 797 1521 867 cum
1557 831 1892 886 nequaquam
1922 821 2017 889 ipsi

2158 823 2312 875 Ὠσθ⁹
2343 797 2486 894 ὅπερ
2514 797 2682 895 έφην,
2702 828 2842 894 ἄξιοι
2881 831 3100 899 φειδοῦς
3146 838 3326 904 τυχεῖν

462 891 752 944 conveniat
789 903 844 946 ut
873 909 968 950 eos
989 899 1376 966 condemnem,
1409 921 1533 957 nam
1557 906 1608 960 id
1629 908 1726 961 soli
1749 909 1860 964 Deo
1899 926 2014 964 com

462 980 588 1004 ηηιῗι
624 979 715 1004 ‘chl
744 985 917 1004 ...ιςηΔ
998 989 1008 1000 ι
1115 991 1125 1002 ι
1972 1002 1997 1004 η

2452 891 2461 894 -
2555 891 2562 892 ,
2604 891 2614 895 _
2753 891 2766 894 -
2893 891 2906 899 .
3081 891 3094 895 -
3215 891 3246 904 η
3476 891 3653 913 φρομ-

2152 916 2272 978 νίας
2301 918 2452 985 παρὰ
2485 919 2603 987 Θεῷ
2631 922 2871 991 κρίνοντι
2897 924 2959 977 οὐ
2997 926 3162 994 μόνον
3202 945 3264 994 γε
3298 930 3382 983 διὰ
3413 935 3528 997 τοὺς
3552 936 3682 1004 ὠμο-

462 979 716 1044 petit.Vcl
741 985 942 1052 potius,
965 989 1009 1042 si
1037 991 1158 1058 quis
1187 1003 1440 1050 accurate
1479 1012 1592 1050 rem
1621 1011 1865 1066 spectare
1899 1002 2017 1056 velit

2149 1008 2345 1078 τέρους
2374 979 2635 1074 ἐκείνους,
2664 979 2790 1075 τοὺς
2821 1014 2922 1068 οὐκ
2950 979 3009 1077 ἐν
3037 1018 3158 1088 δίκῃ
3211 979 3537 1090 δικάζοντας,
3567 979 3684 1080 ἀλλὰ

460 1071 700 1140 ipsorum
724 1079 1000 1137 hominum
1023 1088 1356 1145 conscientia
1387 1091 1578 1160 judicii
1602 1110 1816 1165 quoque
1841 1107 2017 1168 tempo

2148 1071 2244 1151 καὶ
2292 1100 2380 1154 διὰ
2433 1071 2673 1174 τοὺς
2729 1071 3474 1183 φίλανθρωπίᾳκχρωμένους
3495 1071 3610 1180 ἶἰῦς
3632 1119 3683 1171 οὐ

461 1179 518 1217 re
538 1167 600 1219 de
627 1168 757 1235 ipsis
787 1177 1112 1230 sententiam
1139 1179 1298 1236 fet-et.
1324 1181 1510 1252 Neque
1530 1202 1659 1242 vero
1694 1191 1761 1244 ab
1791 1167 2014 1248 omnibu

2148 1195 2426 1263 προσῆκον
2479 1167 2779 1265 παρελθείν
2827 1167 2943 1271 τὴν·
2975 1167 3685 1281 αὑτίῖιν“χρηστότητα,γῖιην

461 1269 564 1308 una
601 1272 826 1324 prorsus
857 1265 911 1318 in
944 1267 1041 1322 hos
1070 1274 1347 1327 sententia
1381 1276 1489 1330 lata
1522 1279 1628 1333 dici
1661 1291 1838 1350 potest
1865 1299 1880 1338 :
1917 1301 2017 1340 nan

462 1348 681 1368 ,ηειμ
844 1355 856 1368 .
915 1358 927 1368 .
1352 1367 1361 1368 κ

2144 1285 2399 1342 ἐπέκεινα
2436 1291 2636 1354 παντὸς
2668 1265 2919 1361 πέρατος.
2955 1296 3066 1348 Καὶ
3091 1265 3412 1366 πρρζτοῦτό
3441 1265 3499 1368 ys
3528 1265 3683 1364 έιδεὶξ

457 1350 546 1413 qui
564 1348 776 1406 beatam
792 1355 858 1409 ad
879 1358 1041 1413 vitam
1068 1373 1212 1416 recta
1233 1367 1559 1434 gradiuntur
1576 1348 1682 1437 via,
1706 1373 1782 1428 illi
1799 1391 1924 1444 erga
1943 1381 2017 1434 ho:

2143 1380 2382 1450 ἀντερεῖ.
2414 1383 2476 1436 Ε·ί
2511 1348 2631 1453 γὰρ⁷
2652 1384 2702 1436 οῑ
2734 1348 3008 1454 θέλτινστοι
3040 1348 3482 1462 τῶντάἶνθρὼπων
3525 1348 3682 1449 πάντα

457 1443 637 1496 multis
673 1461 871 1502 exosus
915 1464 1137 1522 propter
1185 1463 1452 1517 rationem
1486 1465 1610 1520 vita:
1652 1482 1758 1524 non
1810 1469 2008 1525 bonam

2141 1470 2207 1524 ἂν
2243 1443 2442 1542 ῥαδίως
2474 1443 2768 1530 ὑποσταῖεν
2794 1478 2861 1532 τὰ
2887 1477 3055 1547 δεινὰ,
3091 1481 3144 1534 εί
3183 1499 3248 1550 γε
3286 1443 3445 1553 δὲξῆν-
3463 1443 3685 1550 existi—vom,-

454 1539 507 1582 et
558 1535 751 1604 insigni
785 1540 1132 1599 miseratione
1165 1558 1484 1624 tanguntur,
1531 1565 1584 1610 et
1633 1558 1922 1613 maximam
1957 1561 2017 1614 ei:

2138 1535 2654 1634 ἐπανορθώσασθαι·
2694 1570 2726 1639 ή
2775 1570 3004 1636 ἄπειρος
3041 1535 3442 1645 ’χρηστότηςιτε
3468 1535 3574 1631 ’καὶ
3613 1535 3688 1647 qn:

454 1638 637 1677 curam
675 1627 1013 1701 impendunt,
1071 1636 1200 1692 dum
1253 1656 1443 1698 eorum
1480 1645 1546 1700 ad
1599 1650 2017 1704 emendationen

2134 1627 2457 1726 λανθρωπία
2488 1657 2540 1710 τί
2585 1677 2668 1714 σοι
2697 1627 2845 1716 δοκεῖ
2881 1627 3010 1735 περὶ
3042 1627 3274 1722 ζὲυὲῴνι
3316 1627 3600 1739 διαγνῶναί
3619 1627 3686 1726 Ϊτε

454 1719 775 1786 Γυερίεὶυιιί.
822 1734 874 1778 et
908 1727 1071 1785 altius
1102 1732 1504 1806 sublimiusque
1535 1737 1694 1807 longe
1743 1755 1905 1808 quam
1939 1741 2012 1796 ali

455 1826 565 1844 run“
602 1816 945 1844 ΛηηοῖΛΛ-..μι
1008 1823 1181 1844 Ιὶ--,μ,
1245 1841 1290 1844 ,,
1384 1830 1414 1844 μ
1458 1838 1468 1844 ,
1737 1833 1750 1844 ι
1777 1834 1787 1844 ι
1904 1835 1936 1844 ..

2140 1746 2235 1798 καὶ
2263 1719 2525 1815 θελῆσαις
2557 1745 2632 1804 Ἦ
2664 1752 2768 1806 πού
2809 1770 2872 1822 γε
2911 1719 3214 1830 δικαθαρός
3233 1719 3303 1814 *τε
3326 1719 3434 1816 Et.
3459 1765 3688 1834 ἀναμάρ-

453 1826 565 1864 rem
601 1816 972 1875 considerant.
1007 1823 1208 1891 Quare,
1236 1841 1333 1883 ceu
1364 1830 1566 1885 dictum
1602 1847 1632 1885 a
1664 1833 1841 1899 nobis,
1885 1835 2017 1906 dign:

2138 1855 2323 1908 τητος,
2355 1841 2476 1894 οὐδὲ
2521 1843 2652 1910 γοῦν
2685 1846 2744 1899 ἐν
2780 1816 2880 1917 ἴσῳ
2909 1848 3020 1902 τῶν
3063 1816 3287 1920 ἀχαθῶν
3336 1816 3541 1924 ἀνδρῶν
3565 1816 3687 1909 ’διαο

450 1915 580 1958 sunt
606 1909 694 1975 qui
721 1908 962 1968 favorem
990 1925 1152 1984 atque
1170 1934 1355 1975 curam
1385 1920 1693 1992 Deijudicis
1719 1924 2029 1994 impetrent,

449 2011 558 2050 non
587 2001 745 2056 modo
761 2016 992 2074 propter
1010 2010 1130 2064 illos
1153 2011 1510 2070 immaniores
1529 2015 1621 2085 qui
1647 2031 1755 2070 non
1775 2016 1924 2086 juste
1941 2018 2032 2089 ju-

449 2088 658 2156 dicant,
690 2107 875 2149 verum
905 2099 1069 2154 etiam
1095 2112 1323 2171 propter
1340 2119 1435 2160 eos
1453 2106 1545 2175 qui
1566 2107 1667 2163 hac
1687 2088 2029 2167 humanitate

446 2189 606 2248 atque
631 2184 917 2244 clementia
951 2201 1182 2249 utuntur
1212 2213 1227 2261 ;
1255 2199 1477 2266 quando
1521 2215 1626 2253 non
1668 2215 1771 2270 par
1805 2211 1912 2266 est,
1960 2202 2028 2257 ab

444 2271 686 2340 ipsorum
717 2277 964 2336 bonitate
992 2286 1241 2352 superari
1265 2287 1495 2356 positam
1523 2289 1668 2344 illam
1689 2302 1843 2346 extra
1866 2291 2026 2346 finem

443 2378 659 2420 omnem
695 2369 1037 2442 bonitatem;
1071 2385 1232 2446 atque
1274 2379 1398 2434 huic
1437 2381 1631 2436 rationi
1687 2383 2030 2438 contradicet

443 2473 623 2514 nemo.
667 2460 879 2534 Qu'ppe
909 2467 958 2521 si
1005 2469 1197 2538 optimi
1232 2472 1480 2526 homines
1509 2475 1692 2529 omnia
1722 2477 1906 2544 gravia
1943 2477 2024 2530 fa-

440 2553 545 2609 cile
597 2556 899 2625 perferunt,
955 2563 1115 2616 modo
1154 2563 1286 2618 istos
1327 2566 1618 2622 emendare
1663 2568 1838 2635 liceat,
1893 2569 2024 2639 quid

440 2643 588 2698 illam
623 2647 886 2703 infinitam
920 2651 1214 2707 bonitatem
1250 2656 1799 2724 atque'clementiam
1840 2662 1906 2715 de
1938 2662 2023 2717 his

438 2747 682 2796 statuere
725 2755 788 2795 ac
823 2743 960 2796 velle
995 2747 1196 2812 putas?
1255 2747 1336 2800 An
1380 2750 1542 2803 homo
1591 2767 1758 2820 purus
1787 2761 1844 2808 et
1880 2754 2022 2811 labis

437 2843 662 2900 expers,
717 2847 910 2888 eamne
935 2837 1094 2890 bonis
1123 2838 1339 2907 quidem
1365 2842 1496 2896 viris
1516 2843 1667 2912 paria
1691 2845 1868 2901 facere
1890 2861 2021 2901 con-

435 2921 627 2976 cedis?
658 2922 928 2980 Nimirum
962 2928 1044 2984 vis
1072 2945 1191 2984 eam
1232 2929 1501 2998 fortassis,
1547 2935 1848 2992 imitantem
1886 2953 2022 3009 quo-

438 3019 686 3072 rumdam
717 3021 1038 3088 pravitatem
1074 3025 1202 3094 (non
1229 3025 1376 3080 enim
1405 3037 1552 3082 tuam
1581 3029 1749 3100 dico),
1782 3032 2018 3086 crudeli-

2135 1931 2449 2001 πράξασθαι
2479 1936 2684 2005 ταύτην
2715 1938 2908 2005 δίδωςς
2947 1941 3107 2006 Ἰσως
3137 1963 3201 2012 γε
3232 1945 3440 2017 ταύτην
3469 1947 3681 2011 ἐθέλεις,

2131 2023 2234 2092 τὴν
2260 2025 2424 2078 τινῶν
2451 2032 2850 2100 μιμησαμένην
2886 2035 3201 2104 φαυλότητα
3235 2037 3380 2105 (οὐδὲ
3421 2039 3526 2106 γὰρ
3554 2037 3684 2104 λέγω

2131 2117 2231 2186 τὴν
2264 2119 2412 2190 σὴν).
2446 2119 2693 2195 ὠμότητί
2739 2141 2846 2180 τινι
2892 2129 3240 2198 χρήσασθαι·
3277 2131 3370 2184 καὶ
3399 2130 3689 2184 τούναντίον

2130 2207 2163 2277 ἢ
2210 2209 2493 2280 κέκληται,
2539 2215 2696 2286 παρὰ
2742 2217 2802 2270 τὸ
2850 2219 2999 2283 εἰκὸς
3041 2222 3179 2291 αὐτῇ
3233 2225 3518 2292 πράττειν.
3564 2221 3690 2275 Ἀλλ’

2129 2299 2248 2362 οὐκ,
2273 2300 2458 2373 ἐκείνη
2503 2321 2587 2373 γε,
2629 2306 2768 2360 ἀλλὰ
2809 2309 3164 2380 πολλαχόθεν,
3195 2312 3255 2366 εὖ
3302 2313 3443 2381 teet,"
3463 2317 3553 2367 καὶ
3582 2313 3692 2384 βυηι

2130 2387 2285 2460 θήσει
2315 2391 2575 2462 τούτοισι,
2630 2398 2725 2451 καὶ
2759 2399 2987 2470 παρέξει
3037 2403 3348 2474 συνδρομὴν
3386 2406 3612 2471 ἅπασαν,
3637 2405 3690 2458 τό

2127 2495 2191 2548 γε
2221 2481 2301 2544 εις
2330 2484 2547 2557 ἐκείνην
2587 2483 2719 2558 ἧκον
2748 2490 3162 2563 ἀποκληροῦσα.
3203 2497 3324 2550 Κᾶν
3369 2497 3686 2568 ἐπιμένωσιν

2125 2572 2328 2630 ἐκείνοι
2359 2581 2472 2640 τοῖς
2501 2584 2713 2647 κακοῖς,
2751 2585 2929 2655 πολλῷ
2963 2604 3023 2655 γε
3059 2588 3265 2656 μᾶλλον
3309 2593 3338 2644 ὁ
3379 2590 3510 2654 Θεὸς
3540 2591 3597 2642 ὲν
3622 2606 3690 2659 τῳ

2125 2665 2362 2732 χρηστὸς
2413 2664 2576 2723 εἶναι.
2619 2671 2990 2743 Ἀρνήσασθαι
3046 2679 3151 2748 γὰρ
3187 2681 3397 2749 ,ἑαυτὸν
3429 2682 3490 2734 οὐ
3537 2680 3684 2734 δύνα-

2127 2769 2240 2808 ται.
2289 2757 2348 2810 ’0
2402 2759 2534 2826 γοῦν
2587 2763 2805 2834 ἀληθῶς
2848 2767 3105 2840 κηδεμών
3148 2789 3209 2824 τε
3275 2773 3370 2828 καὶ
3410 2773 3606 2840 ἀγαθὸς
3637 2772 3689 2824 οὐ

2123 2846 2262 2915 πρὸς
2310 2849 2436 2912 τοὺς
2480 2852 2603 2920 μὲν,
2639 2857 2734 2908 καὶ
2781 2859 2934 2924 ποτὲ,
2963 2861 3103 2931 πρὸς
3148 2862 3208 2916 δὲ
3263 2867 3393 2929 τοὺς
3425 2866 3687 2932 οὐδέποτε,

2121 2937 2237 2991 ἀλλ’
2269 2941 2378 3005 ἀεὶ,
2408 2943 2506 2997 καὶ
2557 2946 2695 3015 πρὸς
2737 2949 2865 3012 τοὺς
2913 2953 3144 3020 πάντας,
3182 2955 3255 3010 τὰ
3313 2958 3477 3012 αὐτοῦ
3529 2958 3692 3011 διατε-

2125 3027 2278 3082 λέσει
2311 3031 2481 3086 ποιῶν
2505 3049 2521 3066 ⁸
2556 3036 2648 3089 καὶ
2694 3036 2847 3094 ἔσται
2878 3040 2965 3096 διὰ
3021 3043 3243 3098 πάντων
3301 3046 3429 3116 ἑξῆς
3473 3045 3601 3100 αὑτό
3633 3061 3688 3112 γε

435 3119 547 3165 tate
595 3113 826 3180 quadam
887 3116 990 3180 uti,
1045 3126 1099 3173 et
1130 3127 1321 3172 contra
1370 3135 1532 3188 quam
1581 3122 1905 3191 appellatur,
1962 3123 2016 3178 id

2119 3120 2268 3175 τοῦθ’
2297 3123 2326 3176 ὃ
2366 3126 2612 3196 πέφυκεν
2638 3125 2801 3196 εἶναι,
2833 3133 3034 3200 ἀγαθὸς
3088 3138 3182 3190 καὶ
3213 3113 3471 3210 κηδεμὼν
3508 3140 3686 3193 ἆπασι.

431 3221 596 3272 agere
626 3209 768 3273 quod
788 3207 835 3260 ei
860 3209 1084 3264 minime
1103 3211 1378 3266 convenit.
1404 3213 1620 3268 Atenim
1642 3215 1742 3269 hoc
1772 3215 1824 3268 in
1845 3216 2018 3284 ipsam

434 3314 541 3352 non
571 3301 738 3365 cadit,
800 3302 898 3356 sed
950 3303 1101 3359 noris
1151 3318 1268 3358 eam
1316 3305 1400 3359 his
1446 3320 1604 3374 opem
1658 3310 2019 3378 undecunque

430 3393 686 3458 laturam,
735 3409 1003 3464 omneque
1047 3399 1411 3465 praestituram
1469 3401 1870 3468 adiumentum,
1919 3405 2020 3457 im—

432 3483 666 3552 plentem
699 3483 751 3539 id
791 3487 934 3555 quod
981 3490 1046 3541 ad
1089 3489 1265 3558 ipsam
1299 3503 1530 3560 speetat.
1563 3492 1716 3559 Quod
1749 3495 1794 3549 si
1837 3510 2020 3562 perse-

431 3578 701 3631 verabunt
725 3579 826 3647 ipsi
855 3579 907 3632 in
932 3579 1110 3646 malis,
1138 3583 1307 3638 multo
1340 3585 1510 3654 magis
1534 3585 1673 3640 Deus
1697 3587 1748 3640 in
1775 3587 2018 3640 bonitate

428 3670 937 3742 clementiaquesua
959 3676 1234 3742 persistet;
1265 3676 1496 3732 inliciari
1517 3693 1752 3749 namque
1768 3679 2007 3747 seipsum

431 3778 535 3815 non
570 3775 770 3832 potest.
823 3766 1165 3836 Quapropter
1194 3769 1241 3822 is
1281 3769 1374 3837 qui
1409 3783 1535 3822 vere
1590 3783 1781 3823 curam
1840 3771 2016 3824 nostri

427 3857 588 3925 gerit,
620 3867 674 3911 et
705 3873 829 3913 vere
854 3862 1026 3915 bonus
1042 3869 1144 3928 est,
1175 3877 1282 3916 non
1307 3878 1434 3931 erga
1468 3863 1588 3928 hos,
1618 3872 1673 3917 et
1701 3863 2012 3933 aliquando,

426 3965 552 4019 erga
606 3951 728 4005 illos
784 3967 935 4015 vero,
987 3969 1311 4024 nunquam:
1350 3957 1444 4010 sed
1483 3969 1722 4024 semper,
1778 3966 1832 4011 et
1881 3972 2014 4026 erga

427 4057 638 4104 mones.
668 4047 810 4111 quod
858 4059 1015 4099 suum
1063 4056 1148 4102 est
1183 4046 1363 4102 facere
1394 4062 1501 4102 non
1539 4048 1768 4115 desinet,
1802 4048 2015 4118 eritque

426 4149 522 4203 per
571 4137 752 4189 omnia
790 4151 1015 4206 prorsus
1058 4139 1161 4193 hoc
1206 4140 1382 4208 ipsum
1427 4141 1570 4209 quod
1605 4155 1636 4194 a
1667 4151 1858 4195 natura
1909 4149 2013 4208 est,

423 4227 603 4282 bonus
627 4235 680 4282 et
701 4241 886 4282 curam
906 4244 1104 4297 gerens
1124 4232 1393 4285 omnium.
1423 4231 1619 4287 Servat
1639 4248 1848 4298 omnes,
1869 4234 2011 4302 quod

427 4321 483 4374 in
525 4319 642 4389 ipso
670 4329 774 4387 est,
805 4335 870 4375 eo
914 4322 1218 4392 perducens
1246 4324 1502 4379 omnibus
1545 4324 1745 4388 modis,
1778 4332 1836 4377 ut
1877 4323 2015 4377 resi-

425 4412 643 4482 piscant
704 4424 758 4468 et
818 4426 1155 4484 serventur,
1212 4417 1418 4486 absque
1501 4415 1759 4470 violentia
1831 4425 2010 4469 tamen

424 4513 480 4560 et
509 4506 810 4574 coactione,
836 4509 979 4577 quod
1003 4519 1057 4564 et
1085 4524 1247 4578 supra
1267 4511 1474 4565 dictum
1503 4518 1605 4564 est.
1636 4509 1843 4578 Quippe
1869 4523 2011 4563 nunc

424 4599 644 4669 quidem
665 4603 832 4667 venit,
857 4619 964 4658 non
987 4612 1044 4656 ut
1069 4602 1302 4671 judicet,
1318 4603 1418 4658 sed
1441 4611 1499 4658 ut
1529 4612 1705 4658 servet
1723 4602 2008 4656 mundum.

424 4692 578 4758 Quod
612 4693 659 4747 si
691 4709 796 4748 non
825 4695 937 4764 jam
973 4695 1088 4764 ipse
1136 4695 1369 4764 judicat,
1419 4695 1517 4750 sed
1569 4693 1763 4763 judicii
1804 4704 2012 4762 tempus
2063 4721 2066 4723 λ

423 4795 727 4855 exspectat,
761 4802 886 4841 eum
922 4789 1103 4842 omnia
1135 4799 1319 4842 nostra
1350 4789 1522 4858 magis
1565 4802 1726 4857 quam
1761 4803 1858 4842 nos
1884 4787 2008 4854 ipsi,

401 4932 406 4938 .
429 4881 594 4939 norit.
621 4890 697 4946 tu,
721 4881 814 4950 qui
839 4889 895 4936 et
926 4890 1137 4951 tempus
1159 4881 1450 4951 anti-cipas,
1481 4889 1534 4935 et
1555 4879 1789 4935 oﬂicium
1808 4879 2013 4949 judieis

428 4987 687 5044 usurpas,
711 4987 836 5028 cum
869 4989 968 5030 nec
990 4983 1080 5030 tua
1107 4983 1255 5029 recte
1281 4987 1548 5044 agnoscas
1572 4972 1734 5040 mala,
1763 4987 1864 5027 nec
1891 4972 2009 5030 illo-

431 5077 552 5116 rum
586 5077 724 5131 quos
751 5063 1007 5130 damnas,
1058 5077 1166 5132 quo
1209 5073 1370 5133 pacto
1395 5079 1502 5118 non
1536 5063 1746 5120 facinus
1774 5066 2006 5120 invisum

434 5149 542 5204 Deo
577 5151 1102 5218 perticis?Quorum
1133 5161 1191 5206 te
1217 5154 1339 5223 quis
1367 5154 1421 5208 in
1447 5170 1736 5212 numerum
1767 5155 2010 5212 referet?

427 5255 539 5295 non
573 5243 798 5297 omnino
828 5243 1192 5298 stolidarum?
1221 5244 1420 5315 quippe
1449 5247 1496 5302 si
1521 5245 1798 5316 judicandi
1832 5243 2007 5302 facul-

428 5343 595 5387 tatem
617 5342 808 5388 nactus
822 5349 850 5387 a
868 5334 996 5398 Deo,
1009 5335 1335 5405 judicaudos
1354 5337 1467 5408 ipse
1479 5352 1911 5410 oppugnaresme
1928 5325 2008 5394 sic

427 5421 649 5488 quidem
678 5437 740 5476 ea
780 5422 989 5480 faceres
1021 5427 1089 5480 ob
1120 5441 1241 5496 qua:
1267 5428 1608 5485 admirationi
1631 5444 1784 5487 esses
1807 5428 1881 5484 illi
1911 5429 2006 5501 qui

421 5513 702 5581 judicandi
721 5523 1044 5582 potestatem
1059 5519 1294 5576 fecisset.
1310 5519 1361 5577 Is
1375 5523 1519 5578 enim
1537 5524 1801 5596 benignus
1817 5531 2009 5594 ειιπο-

429 5602 600 5670 pitius
619 5613 844 5676 csterga
879 5607 1120 5680 ingratos
1137 5621 1192 5667 et
1225 5613 1414 5670 malos.
1434 5616 1505 5668 At
1527 5631 1650 5672 cum
1685 5616 1782 5672 abs
1816 5623 1868 5670 te
1889 5617 2006 5686 ipso

431 5702 752 5758 potestatem
778 5698 916 5755 hanc
929 5703 1250 5772 sumpseris,
1272 5705 1535 5775 siquidem
1556 5708 1605 5764 ei
1630 5707 1874 5764 nonnihil
1906 5708 2003 5763 ad-

2125 3215 2238 3266 Καὶ
2281 3216 2341 3280 τὸ
2391 3219 2602 3275 ἐκείνου
2653 3224 2822 3292 μέρος
2857 3225 3105 3292 ἅπαντας
3139 3231 3333 3298 σώζει,
3367 3232 3455 3286 διὰ
3489 3232 3687 3285 πάντων

2123 3306 2321 3370 αὐτοὺς
2365 3310 2578 3378 ἐνὰγων
2603 3315 2695 3366 ἐπὶ
2723 3316 2785 3369 τὸ
2815 3319 3154 3389 μετανοῆσαι
3195 3339 3261 3375 τε
3310 3326 3406 3378 καὶ
3439 3323 3687 3392 σωθῆναι,

2123 3398 2252 3452 ἄνευ
2287 3403 2475 3470 μέντοι
2524 3403 2617 3458 τοῦ
2668 3405 2981 3476 βιάζεσθαι,
3017 3412 3044 3466 ὃ
3077 3431 3171 3483 μοι
3209 3418 3311 3470 καὶ
3337 3416 3599 3488 πρότερον
3621 3413 3691 3466 εί-

2126 3505 2307 3557 ρηταιο
2354 3491 2438 3555 Ὡς
2475 3493 2573 3546 νῦν
2618 3513 2682 3563 γε
2728 3492 2888 3569 ἧκεν,
2937 3503 3034 3574 οὐχ
3084 3505 3170 3558 ἵνα
3217 3510 3416 3581 κρίνῃ,
3455 3506 3568 3560 ἀλλ’
3611 3503 3689 3557 ἵνα

2124 3580 2274 3655 σώσῃ
2309 3584 2399 3636 τὸν
2432 3587 2656 3656 κόσμον.
2693 3591 2754 3645 Εἰ
2788 3593 2846 3647 δὲ
2878 3597 3085 3662 ἐκεῖνος
3120 3600 3314 3656 οὐκέτι
3347 3580 3544 3674 κρίνει,
3561 3598 3688 3656 ἀλλὰ

2119 3671 2208 3724 τὸν
2260 3676 2452 3744 καιρὸν
2497 3680 2784 3750 ἀναμένει,
2843 3688 3022 3742 πάντα
3063 3693 3134 3747 τὰ
3179 3671 3437 3768 ἡμέτερα
3496 3694 3689 3767 μᾶλλον

2119 3763 2275 3832 ὴμῶν
2306 3768 2670 3858 ἐπιστάμενος
2692 3789 2706 3803 ⁸
2737 3775 2800 3828 σὺ
2830 3777 2923 3830 καὶ
2953 3779 3044 3833 τὸν
3070 3784 3266 3852 καιρὸν
3299 3763 3687 3858 προαρπάζων,

2119 3855 2210 3906 καὶ
2269 3857 2362 3910 τοῦ
2406 3861 2593 3930 κριτοῦ
2658 3869 3119 3939 σφετεριζόμενος
3177 3855 3394 3947 σχῆμα,
3448 3855 3582 3946 μήτε
3628 3873 3688 3926 τὰ

2118 3946 2316 3999 σαυτοῦ
2364 3949 2546 4014 καλῶς
2583 3953 2969 4022 ἐπιγινώσκων
3004 3965 3172 4026 κακὰ,
3205 3946 3353 4034 μήτε
3405 3965 3684 4027 τάκείνων,

2116 4035 2208 4099 οὒς
2246 4042 2625 4109 κατακρίνεις,
2667 4045 2786 4110 πῶς
2837 4049 2938 4103 οὐκ
2989 4051 3150 4122 ἔργον
3198 4053 3687 4126 θεομισὲςὲκπλη-

2117 4130 2269 4200 ροῖς;
2306 4133 2464 4196 Τίνος
2514 4136 2572 4188 δὲ
2622 4141 2719 4191 καὶ
2755 4141 2908 4210 θήσει
2959 4143 3019 4197 σέ
3058 4162 3142 4203 τις
3182 4149 3451 4218 μερίδος;
3489 4151 3549 4203 οὐ
3580 4147 3680 4202 τῶν

2115 4223 2462 4279 παντάπασιν
2489 4227 2770 4298 ἀνοήτωνς
2822 4233 2885 4285 Ei
2932 4235 3040 4306 γὰρ
3098 4237 3194 4291 καὶ
3239 4243 3398 4313 παρά
3445 4241 3580 4296 Θεοῦ
3630 4241 3687 4294 τὸ

2115 4315 2330 4384 κρίνειν
2376 4318 2639 4389 εἰληφὼς,
2671 4325 2838 4386 αὐτὸς
2872 4327 3039 4396 ὁμόσε
3080 4329 3317 4400 ἐχώρεις
3351 4336 3470 4396 τοῖς
3515 4350 3688 4403 κρινο-

2119 4407 2330 4475 μένοις,
2371 4410 2482 4462 οὐδ’
2521 4413 2664 4466 οὕτω
2714 4417 2932 4482 πάντως
2977 4418 3255 4489 ἔπραττες
3286 4425 3377 4491 ἂν,
3413 4425 3484 4478 δι’
3523 4418 3596 4479 ὦν
3625 4424 3688 4477 ἂν

2116 4494 2262 4570 εἶχες
2316 4501 2700 4572 θαυμάζεσθαι
2752 4513 2908 4580 παρὰ
2959 4511 3054 4564 τοῦ
3110 4513 3297 4580 δόντος
3347 4519 3411 4569 τὸ
3461 4519 3682 4587 κρίνειν,

2115 4593 2322 4659 ἐκεῖνος
2384 4598 2496 4668 γὰρ
2544 4601 2782 4670 χρηστός
2836 4605 2989 4656 ἐστιν
3032 4605 3127 4659 ἐπὶ
3178 4607 3308 4672 τοὺς
3360 4608 3686 4680 ἀχαρίστους

2115 4689 2211 4741 καὶ
2271 4693 2566 4762 πονηρούς.
2615 4695 2772 4748 Ἐπεὶ
2820 4695 2879 4748 δὲ
2936 4699 3032 4750 καὶ.
3081 4699 3232 4770 παρὰ
3286 4702 3491 4762 σαυτοῦ
3539 4697 3685 4753 τοῦτο

2115 4781 2366 4850 εἴληφας,
2399 4784 2448 4836 εί
2489 4783 2590 4854 μὲν
2636 4785 2861 4855 ὲκίρνας
2900 4788 3080 4858 τούτῳ
3134 4791 3574 4863 φιλανθρωπίαν,
3621 4784 3684 4861 ἦν

2117 4875 2217 4942 μὲν
2246 4875 2356 4929 οὐδ’
2383 4875 2558 4939 οὕτως
2594 4879 2764 4948 ὅσιον,
2790 4879 2901 4933 οὐδ’
2931 4881 3137 4950 ἀγαθόν
3180 4901 3264 4938 σοι
3297 4886 3362 4938 τὺ
3387 4886 3642 4955 τόλμημα
3667 4896 3680 4911 ·

2112 4967 2313 5036 πόθεν;
2353 4968 2550 5024 πολλοῦ
2590 4989 2652 5041 γε
2685 4975 2780 5026 καὶ
2810 4973 2891 5027 δεῖ
2920 4989 2934 5003 ·
2963 4975 3024 5028 οὗ
3055 4977 3163 5047 γὰρ
3187 4977 3270 5031 δεῖ
3302 4976 3590 5047 ληῖςεσθαι
3620 4974 3683 5028 τὰ

2110 5061 2204 5115 τοῦ
2256 5061 2392 5116 Θεοῦ
2443 5063 2570 5127 τοὺς
2613 5065 2940 5136 ἀνθρώπους
2989 5068 3079 5122 ἐπ’
3126 5070 3359 5142 οὐδεμιᾷ
3411 5069 3681 5142 προφάσει

2112 5153 2525 5224 φιλανθρωπίας
2552 5171 2567 5188 ο
2612 5154 2760 5228 εἶχες
2803 5159 2848 5213 δ’
2876 5157 2970 5214 οὖν
3006 5178 3062 5214 τι
3108 5163 3504 5231 παραιτεῖσθαι
3551 5158 3682 5228 πρὸς

2109 5248 2202 5301 τὸν
2234 5248 2567 5319 οἰκτίρμονα
2629 5250 2724 5304 καὶ
2774 5251 3188 5324 φιλάνθρωπον.
3241 5256 3338 5308 ἅτε
3393 5253 3460 5324 δὴ
3517 5251 3681 5305 ποιῶν

2109 5341 2313 5407 ἐκεῖνα,
2342 5338 2423 5405 οἷς
2451 5341 2613 5405 αὐτὸς
2641 5343 2804 5397 εἴωθε
2831 5344 3223 5415 χαίρειν.Νυνὶ
3253 5347 3306 5400 δὲ
3333 5347 3409 5417 μή
3443 5362 3502 5399 τε
3535 5343 3681 5412 παρὰ

2110 5432 2247 5486 Θεοῦ
2299 5432 2362 5486 τὸ
2413 5434 2626 5503 κρίνειν
2685 5433 2887 5502 λαϐὼν,
2934 5437 3030 5490 καὶ
3077 5437 3246 5507 ὁμόσε
3294 5436 3510 5508 χωρῶν,
3555 5429 3673 5490 κατ’

2110 5525 2279 5594 ἄμφω
2307 5524 2568 5578 τάναντία
2601 5526 2771 5598 φαίνῃ
2815 5527 3008 5582 ποιῶν.
3045 5524 3179 5581 Εἶτα
3222 5527 3285 5581 σὺ
3324 5529 3426 5596 μὲν
3453 5527 3552 5598 τῆς
3586 5522 3671 5577 οὖ-

2112 5619 2231 5679 σίας
2271 5616 2762 5688 διαρπαγείσης,ῆ
2804 5618 2898 5672 καὶ
2943 5618 3236 5673 πολλοστοῦ
3291 5634 3438 5680 τινος
3481 5615 3674 5683 ταύτης

2114 5711 2339 5780 μέρους,
2371 5709 2514 5764 ἔστω
2543 5709 2602 5763 δὲ
2635 5711 2728 5764 καὶ
2769 5711 2874 5762 ὑπὸ
2908 5711 3018 5764 τῶν
3048 5713 3324 5781 φιλτάτων
3357 5709 3556 5770 αὐτῶν,
3579 5705 3672 5759 οὐκ

399 5789 406 5794 ·
431 5782 691 5843 misceres
714 5787 1070 5850 humanitatis
1093 5807 1254 5868 atque
1273 5797 1594 5866 clementis,
1617 5809 1798 5856 tamen
1816 5812 1915 5855 nec
1942 5798 2017 5855 ita

2128 5805 2194 5861 ἂν
2230 5803 2501 5872 ἐνέγκαις,
2544 5805 2659 5860 ἀλλ’
2703 5802 2936 5874 ἐϐόησας
2968 5803 3148 5872 εὐθὺς,
3187 5805 3288 5861 Τὸν
3320 5796 3665 5871 πατραλοίαν,
