3958 6422
251 404 354 471 511i

1666 395 1958 455 ORATIO
1992 396 2090 456 Vl.

3406 400 3516 464 5M

245 519 333 569 τὸν
366 515 576 568 ἄσωτον
599 527 614 543 ο
650 512 745 566 ἐπὶ⁸
769 512 827 565 δέ
855 510 966 565 τῶν
1002 470 1257 564 τοῦᾸΘεοῦ
1286 505 1409 561 οὐδὲ
1444 505 1575 574 γοῦν
1609 506 1677 559 τὰ
1717 506 1810 558 ἴσα
1837 545 1847 567 ε

1954 503 2131 558 icinus
2161 501 2382 571 aliquod
2402 502 2548 570 pium
2578 515 2670 559 aut
2698 504 2896 558 bonum
2940 505 3172 562 faceres.
3214 507 3334 573 Qno
3363 509 3513 564 enim

248 604 431 670 δίδως,
463 602 600 657 ἀλλὰ
629 601 815 664 κακῶς
850 599 1197 671 διακείμενος
1227 599 1322 652 καὶ
1361 599 1431 651 τὰ
1463 597 1600 667 πρὸς
1631 595 1818 660 αὑτὸν,

249 698 345 749 καὶ
362 696 431 748 τὰ
456 693 592 765 πρὸς
612 693 711 748 ἀνθ
721 692 1093 762 ρώπους,τίνα
1115 691 1346 761 ἂνέλοιο
1359 691 1542 760 ψῆφον
1564 689 1713 759 παρὰ
1729 688 1823 742 τοῦ

245 787 382 840 Θεοῦ
406 784 685 852 δέξασθαι,
703 783 737 854 ἢ
758 783 852 836 καλ⁸
872 782 1025 855 παρὰ
1046 782 1158 836 τῶν
1179 781 1486 852 ἀνθρώπων
1513 779 1692 832 αὐτῶν
1715 777 1825 845 ;ού

243 880 342 948 τὴν
364 873 632 946 συμπαθῆ
656 892 670 938 ς
695 875 754 926 ού
779 873 880 945 τὴν
896 874 1109 945 ἥμερον
1133 891 1150 941 ;
1173 872 1234 926 ού
1254 873 1354 944 τὴν
1377 871 1591 926 πολλῶν
1615 871 1827 941 οἰκτιρ-

249 969 368 1040 μῶν
421 968 743 1038 γέμουσαν;
798 964 961 1019 ’Δλλὰ
1011 968 1076 1020 σὺ
1127 966 1229 1036 μὲν
1291 966 1422 1028 ἴσως
1458 964 1556 1019 καὶ
1600 963 1828 1017 σεαυτὸν

249 1061 505 1130 μισήσεις
531 1071 546 1087 ·
580 1056 734 1128 παρὰ
765 1057 822 1111 δέ
842 1056 951 1110 τοῦ·
967 1056 1359 1127 φιλανθρώπου
1383 1056 1522 1110 Θεοῦ
1546 1055 1647 1110 οὐκ
1670 1055 1748 1108 Evr
1767 1071 1828 1107 σε

248 1151 647 1206 τοῦτοπαθσῖνο
682 1148 880 1203 οὔκουν
911 1149 1034 1203 ούδέ
1063 1150 1214 1220 παρὰ
1243 1147 1351 1202 τῶν
1397 1148 1830 1216 ἐπιεικεστέρων

247 1243 570 1316 ἀνθρώπων.
594 1243 778 1297 Δεινδν
799 1244 906 1314 γὰρ
928 1233 1324 1307 όντως,δεινδν,
1344 1243 1392 1296 εί
1415 1242 1451 1296 ἆ
1474 1259 1558 1295 σοι
1579 1240 1677 1295 νῦν
1696 1257 1832 1312 προ-

249 1338 510 1406 φέρουσιν
547 1335 751 1406 ἐτεροι,
777 1334 1033 1404 πανταχῆ
1061 1334 1123 1388 τὸ
1162 1333 1436 1403 αὐστηρὸν
1478 1334 1828 1402 ἐπαινοῦντι,

248 1429 389 1484 αύτά
423 1445 484 1496 γε
515 1427 694 1482 ταῦτα
714 1427 944 1480 πάθοιεν
975 1427 1174 1480 ἐκεῖνοι
1200 1466 1215 1494 ,
1249 1427 1343 1480 ἐπὶ
1373 1425 1433 1478 τὺ
1462 1426 1546 1480 σοὶ
1585 1425 1832 1490 δικάζειν

249 1525 514 1586 ἐλθόντες.
534 1523 593 1576 Ὀ
615 1523 794 1575 τοίνυν
814 1523 870 1574 ἐν
901 1519 1217 1592 ἀνθρώποις
1248 1520 1392 1592 ὁρῶν
1417 1518 1834 1590 φιλανθρωπίας

251 1613 397 1682 ἴχνος
459 1611 555 1664 καὶ
590 1610 650 1664 τὸ
687 1610 1030 1681 βραχύτατον
1076 1611 1137 1665 ού
1200 1611 1269 1665 τὰ
1322 1612 1513 1664 εἰκότα
1569 1612 1836 1682 φρονήσει

250 1705 381 1772 περὶ
408 1703 506 1772 τῆς
541 1702 972 1774 ἁνεξερευνήτου
1005 1705 1446 1773 μεγαλειότητος,
1470 1705 1518 1757 εί
1554 1703 1630 1776 μὴ
1653 1722 1834 1775 παρα·

252 1795 396 1866 πλήξ
424 1812 507 1860 τις
536 1797 644 1864 εἴη,
665 1798 763 1851 καὶ
791 1797 904 1851 τῶν
960 1797 1060 1856 τὰς
1107 1798 1312 1867 φρένας
1369 1796 1838 1864 ἀπολωλεκότωνς

1926 599 2128 669 pacto?
2159 599 2386 655 multum
2419 600 2638 669 quidem
2671 601 2846 658 abest.
2873 598 2990 654 Non
3019 602 3161 655 enim
3206 588 3518 658 hominibus

1925 707 1988 748 ca
2010 709 2205 762 rapere
2239 693 2437 759 fasest,
2457 708 2578 764 quae
2591 693 2683 748 Dei
2699 693 2970 756 sunt,nilo
2985 703 3097 747 tttm
3119 705 3382 762 praetextu
3403 695 3516 749 cle-

1927 785 2164 841 mentiaa.
2200 785 2573 841 Nihilominus
2642 787 2845 854 aliquid
2913 800 3040 856 erga
3094 789 3507 844 misericordem

1928 879 2080 934 illum
2109 886 2165 934 et
2214 879 2540 935 clementem
2597 879 2762 935 Deum
2821 879 3193 934 excusationis
3258 882 3515 947 haberes,

1930 970 2076 1026 velut
2108 984 2170 1024 ca
2203 970 2410 1025 iaciens
2475 970 2676 1040 quibus
2704 971 2822 1040 ipse
2877 970 3140 1025 delectari
3207 976 3514 1028 consuevit.

1928 1063 2088 1119 Nunc
2104 1078 2224 1118 cum
2246 1077 2346 1117 nec
2372 1077 2401 1116 a
2428 1062 2537 1118 Deo
2565 1063 2832 1132 judicium
2861 1064 3162 1132 acceperis,
3189 1074 3245 1118 et
3269 1065 3406 1118 alios
3423 1081 3521 1132 οιιο

1931 1172 2138 1227 pugnes
2169 1163 2530 1224 utrorumque
2586 1157 2822 1220 ratione,
2877 1159 3161 1212 contraria
3221 1167 3274 1212 te
3338 1158 3520 1214 facere

1933 1247 2199 1303 declaras.
2239 1245 2443 1300 Deinde
2473 1255 2527 1298 tu
2565 1246 2815 1314 quidem,
2876 1245 3106 1311 direptis
3165 1245 3520 1300 facultatibus

1935 1339 2067 1402 tuis,
2105 1349 2198 1392 aut
2240 1354 2428 1393 earum
2456 1338 2654 1404 exigua
2717 1346 2895 1406 parte,
2939 1348 3105 1406 atque
3150 1341 3287 1391 adeo
3312 1337 3396 1391 vel
3451 1338 3521 1390 ah

1934 1430 2294 1485 amicissimis
2317 1429 2414 1484 tibi
2443 1443 2787 1497 nequaquam
2818 1427 2874 1482 id
2935 1429 3148 1492 tuleris,
3180 1429 3276 1483 sed
3329 1428 3522 1484 confe-

1934 1523 2060 1580 stim
2093 1521 2428 1592 parricidant
2457 1531 2511 1577 et
2534 1522 2807 1590 perditum
2843 1507 3117 1576 hominem
3161 1522 3368 1576 clamas
3398 1539 3412 1574 :
3465 1529 3522 1575 at

1964 1632 1997 1670 ιι
2023 1616 2112 1682 iis,
2145 1616 2212 1670 ad
2248 1615 2423 1670 Deum
2473 1630 2594 1684 qua:
2646 1614 2942 1681 pertinent,
2975 1628 3041 1668 ne
3085 1615 3236 1681 paria
3297 1614 3520 1681 quidem

1939 1709 2217 1772 cancetlis,
2253 1708 2349 1764 sed
2379 1709 2520 1762 male
2559 1719 2665 1760 tam
2694 1721 2827 1776 erga
2861 1707 3038 1775 ipsum
3070 1722 3238 1775 quam
3273 1707 3524 1759 homines

1942 1807 2106 1854 temet
2143 1814 2360 1869 gerens,
2395 1813 2690 1868 quamnam
2717 1799 2968 1862 obsecro,
2997 1798 3140 1850 ferre
3197 1798 3524 1851 sententiam

251 1903 280 1943 a
314 1890 423 1943 Deo
453 1889 537 1944 vel
571 1889 706 1960 ipsis
761 1890 1074 1946 hominibus
1121 1891 1300 1946 velis?
1338 1889 1456 1945 Non
1489 1891 1809 1957 humanam,
1845 1907 1952 1948 non
1985 1893 2196 1958 mitem,
2240 1907 2346 1947 non
2408 1891 2801 1946 misericordite
2831 1893 3082 1960 plenam?
3113 1891 3268 1944 Enim
3308 1907 3432 1943 vero
3465 1900 3521 1943 ιιι

251 1981 472 2052 quidem
501 1981 752 2037 fortassis
781 1983 884 2052 ipsi
913 1983 1008 2038 tibi
1045 1984 1156 2038 eris
1177 1984 1322 2050 odio,
1353 1998 1541 2038 verum
1573 1999 1602 2038 a
1633 1983 1872 2052 benigno
1901 1992 1956 2038 et
1984 1981 2235 2038 clementi
2270 1981 2381 2035 Deo
2427 1980 2618 2050 nequit
2647 1979 2750 2034 hoc
2798 1980 2894 2034 tibi
2953 1980 3296 2048 contingere,
3357 1989 3522 2047 atque

251 2074 386 2127 adeo
421 2087 524 2127 nec
558 2073 624 2127 ab
651 2073 964 2128 hominibus
999 2073 1164 2143 paulo
1191 2074 1640 2130 tnodestiori-bus.
1673 2072 1960 2128 Nefarium
1994 2087 2249 2142 namque,
2288 2070 2558 2125 nefarium
2590 2083 2782 2138 reapse
2810 2069 2971 2134 foret,
2994 2071 3036 2124 si
3074 2085 3197 2138 quae
3247 2071 3348 2123 tibi
3378 2083 3523 2124 nunc

253 2164 519 2234 objiciunt
566 2165 681 2230 alii,
731 2166 1085 2221 severitatem
1162 2166 1216 2221 in
1249 2167 1503 2222 omnitus
1534 2165 1798 2229 laudanti,
1827 2181 1892 2221 ea
1923 2165 2164 2221 vicissim
2189 2175 2244 2220 et
2287 2163 2423 2232 ipsis
2460 2162 2784 2218 acciderent
2841 2172 3019 2216 tecum
3077 2162 3525 2229 disceptantihus.

253 2256 352 2322 Qui
382 2270 513 2324 ergo
539 2256 620 2310 vel
653 2256 1074 2312 minutissimum
1126 2257 1434 2312 clementia:
1463 2256 1756 2326 vestigium
1788 2256 1843 2310 in
1878 2255 2196 2312 hominibus
2245 2255 2543 2326 perspicit,
2592 2270 2660 2308 an
2722 2268 2830 2307 non
2889 2265 3253 2309 consentanea
3309 2255 3528 2308 ratione

251 2353 320 2408 de
375 2351 466 2405 illa
528 2352 868 2406 inscrntabili
926 2351 1214 2420 majestate
1258 2352 1477 2417 sentiet,
1512 2352 1616 2406 nisi
1643 2365 1878 2407 vesanus
1910 2353 2002 2416 sit,
2027 2361 2295 2407 eteorum
2328 2365 2358 2404 e
2391 2365 2617 2404 numero
2643 2349 2735 2420 qui
2788 2359 3024 2404 mentem
3065 2350 3404 2405 amiserunt?

338 2445 483 2500 Ἀλλ’
516 2446 702 2515 ⁴ῄμεῖς,
731 2439 774 2498 ὦ
805 2445 1050 2515 φίλτατε,
1083 2446 1217 2498 πᾶσι
1265 2447 1380 2509 τοῖς
1407 2446 1671 2509 τοιούτοις
1704 2443 1832 2516 χαί-

2033 2445 2290 2501 Sedenim
2326 2423 2446 2508 nos,
2481 2459 2513 2499 ο
2549 2443 2898 2506 charissime,
2933 2445 3186 2497 omnibus
3220 2444 3526 2511 ltttjusmodi

261 2556 378 2611 ρειν
412 2537 681 2600 εἰπόντες.
711 2537 802 2592 τὸν
830 2538 1194 2608 προκείμενον
1221 2538 1354 2608 ἡμῖν
1399 2535 1834 2607 ἐξεργαζώμεθα

1954 2538 2336 2608 valerejussis,
2373 2535 2675 2592 orationem
2703 2537 3005 2591 institutam
3031 2536 3398 2605 perficiamus.
3426 2537 3530 2590 Ne~

258 2631 438 2699 λόγον.
473 2629 660 2694 Οὐδεὶς
692 2629 999 2701 ἀπόϐλητος
1046 2629 1126 2700 τῷ
1157 2628 1479 2700 δημιουργῷ
1503 2646 1520 2662 ·
1566 2629 1746 2694 οὐδεὶς
1777 2630 1838 2682 ἐν

261 2722 402 2795 λήθῃ
428 2723 523 2776 τοῦ
557 2722 914 2792 προνοοῦντος
947 2724 1169 2778 πάντων
1193 2723 1324 2796 ἐξῆς
1345 2740 1358 2756 ·
1389 2725 1568 2790 οὐδεὶς
1598 2727 1656 2777 ἐν
1686 2727 1837 2795 μίσει

260 2815 357 2868 τοῦ
411 2814 676 2878 ἀπαθοῦς,
707 2815 809 2867 οὐκ
863 2815 921 2866 ἐν
969 2814 1202 2885 ἀμελείᾳ
1245 2815 1378 2881 τινὶ,
1408 2817 1509 2868 οῦκ
1567 2817 1623 2868 ἐν
1661 2816 1840 2869 οὐδενὶ

261 2905 374 2958 τῶν
402 2905 683 2959 τοιούτων.
717 2907 831 2969 Πᾶς
863 2908 920 2960 ἐν
952 2907 1194 2977 φροντίδι
1230 2907 1327 2960 τοῦ
1351 2907 1655 2977 κηδεμόνος
1675 2923 1689 2938 ο
1728 2907 1842 2968 πᾶς

264 2996 331 3047 ἐν,
352 2997 536 3067 ἀγάπῃ
564 2996 660 3049 τοῦ
689 2996 832 3050 τοῦτ’
859 2998 992 3051 αὐτὸ
1019 2996 1362 3068 καλουμένου
1385 3015 1401 3032 ο
1434 2998 1842 3068 εὐπρόσδεκτος

265 3087 377 3148 πᾶς
401 3087 671 3149 ὁστισοῦν,
711 3087 1114 3158 μεταμεληθείς
1151 3104 1290 3141 ποτε
1320 3087 1430 3140 τῶν
1454 3087 1664 3142 κακῶν.
1683 3087 1756 3155 ,Εί
1786 3088 1842 3142 δὲ

265 3180 361 3232 καὶ
388 3180 530 3242 τοὺς.
563 3178 774 3244 πάντας
805 3181 1127 3250 παρήνεγκε
1156 3196 1242 3244 τις
1272 3180 1364 3233 ἐπὶ
1397 3181 1613 3242 κακοῖς,
1637 3182 1739 3233 τὸν
1773 3179 1841 3251 δὴ

265 3271 507 3325 τοιοῦτον
561 3273 786 3336 είκότως
844 3254 1128 3343 χρησίμην
1164 3272 1296 3344 ὕλην
1343 3275 1490 3326 εἴποι
1538 3290 1624 3335 τις
1651 3271 1718 3326 ἂν
1745 3288 1844 3340 γε·

265 3364 536 3434 γενῆσθαι
563 3367 631 3436 τῇ
662 3363 758 3416 τοῦ
787 3364 924 3418 Θεοῦ
963 3365 1297 3434 χρηστότητι
1336 3367 1430 3418 καὶ
1462 3364 1846 3436 φιλανθρωπίᾳ

266 3455 404 3524 πρὸς
459 3456 657 3526 ἑαυτῆς
715 3455 998 3521 ἐπίδειξιν.
1046 3455 1203 3510 Οῦτω
1249 3457 1344 3510 καὶ
1389 3457 1580 3520 παῖδες
1620 3457 1843 3526 ἰατρῶν,

267 3549 364 3599 καὶ
413 3531 616 3606 πάντες
644 3543 725 3607 οἷς
757 3548 1058 3618 ἐπιστήμη,
1087 3548 1318 3616 δυνάμει
1357 3550 1456 3618 μὲν
1501 3547 1698 3617 ἀγαθοί
1728 3567 1744 3581 ·
1779 3550 1848 3620 ἢν

268 3639 327 3692 δὲ
358 3637 454 3690 καὶ
485 3639 518 3708 ἡ
545 3636 645 3707 ὕλη
689 3641 863 3709 παρῇ,
895 3639 1018 3692 τότε
1073 3639 1262 3691 λοιπὸν
1315 3641 1410 3706 καὶ
1465 3638 1717 3710 ἐνεργείᾳ.
1747 3639 1850 3710 τὴν

1947 2632 2147 2686 minem
2182 2645 2362 2684 rerum
2387 2629 2566 2699 opifex
2606 2629 2695 2683 ille
2730 2629 2924 2698 rejicit,
2961 2629 3197 2682 neminis
3245 2629 3526 2683 oblivisci-

1952 2732 2038 2776 tur
2072 2723 2164 2792 qui
2198 2722 2454 2776 omnihus
2488 2720 2752 2790 prospicit
2781 2737 2795 2784 ;
2824 2735 2984 2775 nemo
3027 2735 3228 2774 exosus
3252 2731 3334 2774 est
3361 2723 3528 2774 animi

1948 2815 2426 2885 perturbationum
2464 2815 2700 2882 experti,
2735 2828 2838 2868 nec
2869 2815 2935 2867 ab
2967 2828 3031 2868 eo
3079 2815 3394 2884 negligitur,
3428 2831 3531 2869 nec
3561 2830 3575 2839 ‘

1949 2907 2094 2962 aliud
2129 2906 2257 2976 quid
2294 2904 2558 2975 ejusmodi
2583 2905 2898 2976 experitur:
2935 2921 3095 2960 nemo
3121 2923 3226 2961 non
3252 2907 3371 2976 ejus
3402 2922 3533 2960 cura

1951 3002 2283 3067 continetur,
2317 3000 2406 3069 qui
2437 3016 2622 3055 curam
2676 3000 2926 3055 omnium
2985 3001 3150 3070 get-it,
3209 3016 3368 3056 nemo
3427 3018 3562 3056 non.

1952 3095 2071 3164 ejus
2102 3093 2392 3147 dilectione
2424 3092 2760 3155 continetur,
2793 3093 2881 3160 qui
2933 3093 3036 3147 hoc
3091 3093 3266 3161 ipsum
3331 3109 3528 3148 nomen

1953 3185 2139 3239 habet.
2183 3181 2552 3253 Acceptahilis
2605 3180 2683 3236 illi
2737 3165 2939 3252 quivis,
2973 3167 3011 3237 δ’
3032 3183 3179 3238 vitiis
3236 3183 3536 3251 aliquando

1952 3275 2045 3347 qui
2076 3275 2392 3346 resipuerit.
2421 3273 2574 3339 Quod
2605 3273 2652 3328 si
2685 3273 2810 3342 quis
2843 3287 3037 3328 omnes
3067 3274 3230 3329 etiam
3264 3277 3411 3330 vitiis
3443 3292 3536 3331 su-

1953 3368 2182 3440 perarit,
2209 3381 2331 3423 eum
2361 3380 2466 3420 non
2491 3368 2558 3420 ab
2592 3379 2650 3419 re
2673 3363 2874 3419 factum
2909 3365 3032 3436 quis
3061 3367 3263 3421 dixerit
3287 3367 3535 3424 idoneam

1956 3459 2240 3516 materiam
2275 3457 2503 3514 bonitati
2541 3457 2956 3526 clementireqne
2991 3457 3218 3517 divinae.
3247 3468 3304 3514 tit
3342 3462 3392 3516 in
3463 3477 3536 3516 eo

1956 3566 2076 3607 sese
2113 3551 2373 3606 declaret.
2411 3549 2502 3604 Sic
2536 3549 2702 3604 etiam
2741 3551 2963 3616 medici,
2991 3560 3046 3606 et
3078 3567 3270 3606 omnes
3303 3553 3534 3608 scicntia

1957 3642 2190 3713 praediti,
2223 3641 2349 3696 boni
2385 3640 2604 3711 quidem
2629 3655 2748 3696 esse
2767 3651 3018 3711 possunt,
3049 3656 3237 3696 verum
3269 3643 3314 3697 si
3347 3653 3401 3698 et
3427 3659 3542 3696 nia-

270 3730 589 3800 ἐπιστήμην
644 3731 988 3796 δεικνύντες,
1036 3730 1184 3784 τοῦθ’
1235 3731 1372 3801 ὅπερ
1418 3733 1580 3795 εἰσὶν,
1649 3730 1847 3800 ἀγαθοὶ

1961 3735 2126 3788 teries
2153 3733 2316 3798 adsit,
2351 3743 2474 3787 actu
2499 3746 2716 3801 quoque
2743 3732 3032 3787 scientiam
3091 3735 3410 3800 probantes,
3486 3736 3538 3788 id

269 3821 408 3872 πᾶσι
433 3819 761 3886 φαίνονται·
794 3820 890 3872 καὶ
914 3820 948 3890 ἡ
979 3818 1258 3890 ὑπερϐολὴ
1291 3800 1384 3871 τοῦ
1418 3819 1698 3889 θαύματος
1720 3819 1847 3890 παρ’

1959 3823 2101 3894 quod
2133 3830 2278 3888 sunt,
2319 3823 2576 3878 omnibus
2607 3800 2732 3877 esse
2767 3823 2891 3876 boni
2918 3824 3194 3884 videntur.
3226 3823 3290 3878 Et
3351 3825 3541 3878 admi-

269 3913 480 3977 αὐτοῖς,
519 3911 570 3964 οἳ
599 3910 942 3981 διορθοῦνται
970 3911 1030 3964 τὺ
1056 3911 1466 3981 χαλεπώτερον.
1496 3909 1658 3964 Τοῦτ’
1693 3911 1784 3981 ἄρ’
1819 3912 1853 3981 ἡ

276 4001 488 4072 μείζων
516 3995 780 4068 ἐπίδειξις
806 4002 909 4071 τῆς
937 4002 1260 4057 ἁνεικάστου
1309 4002 1759 4072 φιλανθρωπίας,
1792 4003 1855 4054 τὸ

270 4095 370 4147 τὸν
414 4091 608 4157 σκεῦος
653 4094 1072 4165 χρηματίσαντα
1119 4094 1219 4164 τῆς
1263 4093 1360 4148 τοῦ
1415 4095 1553 4148 Θεοῦ
1605 4097 1852 4166 χάριτος,

273 4183 400 4240 εἶτα
452 4187 643 4250 σκεῦος
688 4187 953 4256 γεγονότα
1002 4188 1101 4258 τῆς
1149 4188 1438 4258 ἐνεργείας
1469 4187 1565 4240 τοῦ
1612 4187 1858 4259 πονηροῦ

272 4279 368 4334 διὰ.
409 4280 678 4349 κακίστην
718 4279 1063 4350 προαίρεσιν,
1096 4280 1267 4347 ἄγγος
1322 4278 1532 4349 πλῆρες
1579 4279 1860 4342 ἀναδεῖξαι

275 4370 379 4436 τῆς
408 4369 820 4440 φιλανθρωπίας
846 4371 1088 4440 ἐκείνης,
1113 4365 1182 4434 ἦς
1215 4371 1248 4440 ἡ
1281 4369 1420 4440 πρὸς
1446 4369 1661 4434 πάντας
1691 4369 1860 4439 ἔκχυ-

279 4478 392 4524 σις,
420 4461 520 4530 τὴν
575 4461 820 4514 ὠκεανοῦ
857 4462 1235 4531 τιτοιρατρέχει,¹
1279 4462 1406 4516 ὅσον
1455 4463 1554 4532 οὐχ
1599 4461 1697 4534 ἥδε
1748 4478 1864 4532 χει-

281 4553 554 4622 μάρρους.
580 4548 890 4622 Τολμήσειε
935 4551 978 4604 δ’
1017 4551 1085 4605 ἄν
1125 4569 1230 4615 τις,
1254 4547 1432 4620 οἶμαι,
1459 4551 1652 4604 τοῦτον
1687 4552 1864 4605 είπεῐν

275 4645 378 4698 καὶ
407 4646 636 4716 ἐκλογῆς
668 4640 806 4699 εἶναι
837 4644 1051 4709 σκεῦος,
1087 4644 1272 4708 καλῶς
1299 4661 1361 4713 γε
1391 4643 1725 4698 ’διαστέλλων
1755 4644 1864 4700 ἀπὺ

279 4737 381 4792 τοῦ
430 4737 668 4791 Παύλου.
711 4737 955 4799 Ἐκεῖνος
1005 4737 1106 4806 μὲν
1154 4736 1266 4805 γὰρ
1323 4735 1483 4788 τοῦτο
1530 4735 1760 4807 ἐκλήθη.
1797 4735 1866 4790 δι’

278 4830 352 4900 ἢν
389 4828 602 4893 ἐδέξατο
629 4828 962 4898 χάριν-ὑπὲρ
996 4826 1094 4880 τοῦ
1139 4831 1239 4900 τῆς
1286 4826 1524 4890 πίστεως
1563 4828 1868 4899 κηρύγμα-

280 4937 418 4984 τος*
478 4921 588 4975 Τοῦ
642 4921 752 4989 γὰρ
798 4917 1135 4985 βαστάσαι,
1174 4920 1330 4988 φησὶ,
1367 4920 1434 4972 τὸ
1498 4919 1688 4990 ὄνομα
1741 4937 1864 4989 μου

281 5011 539 5068 ἐνώπιον
582 5010 793 5077 ἐθνῶν,
827 5012 924 5064 καὶ
945 5011 1284 5076 βασιλέων,
1311 5009 1458 5065 υἱῶν
1483 5026 1558 5064 τε
1601 5010 1868 5079 ἸσραήαΡ

1962 3917 2230 3971 rationem
2265 3914 2340 3969 illi
2374 3914 2531 3983 longe
2563 3915 2862 3968 maximam
2896 3925 3202 3980 merentur,
3269 3917 3360 3987 qui
3397 3917 3543 3972 ditii-

1961 4009 2122 4064 cilius
2156 4006 2363 4077 aliquid
2396 4005 2612 4076 egregie
2639 4005 2950 4074 perficiunt.
3013 4009 3191 4077 Atque
3238 4009 3353 4064 haec
3409 4025 3544 4066 sane

1964 4099 2200 4152 maxima
2252 4095 2550 4151 declaratio
2607 4097 3009 4153 inaestimabilis
3064 4111 3152 4154 est
3201 4109 3258 4155 et
3316 4103 3546 4157 infinitae

1963 4187 2110 4244 illius
2133 4187 2459 4252 clementiae,
2493 4187 2635 4257 quod
2661 4201 2809 4254 eum,
2837 4191 2931 4258 qui
2970 4189 3168 4246 divinae
3200 4193 3540 4248 instrumen-

1967 4289 2079 4334 tum
2108 4293 2231 4334 esse
2266 4267 2736 4346 debebat'gratiae,
2779 4289 3078 4350 posteaque
3116 4273 3547 4341 instrumentum

1965 4373 2304 4430 eiiicacitatis
2336 4372 2560 4444 maligni
2601 4373 2748 4428 illius
2784 4374 3038 4432 instituto
3063 4380 3306 4446 pessimo
3373 4381 3552 4438 factus

1965 4477 2071 4533 est,
2095 4482 2193 4522 vas
2220 4465 2434 4537 plenum
2461 4466 2580 4537 ejus
2615 4467 2921 4523 clementia:
2960 4469 3224 4536 declarat,
3287 4475 3444 4544 cujus
3497 4477 3550 4528 in

1967 4571 2158 4612 omnes
2199 4554 2391 4610 effusio
2419 4555 2624 4622 majore
2656 4557 2826 4612 vincit
2861 4561 3018 4628 copia
3091 4563 3294 4616 ﬂttxmn
3350 4568 3545 4622 oeeani

1969 4661 2132 4716 quam
2173 4645 2334 4713 l‘ujus
2373 4645 2534 4700 undae
2566 4654 2840 4702 torrentes
2888 4661 3172 4716 superant.
3235 4652 3300 4705 Et
3329 4655 3547 4722 quidem

1970 4736 2282 4808 bujusmodi
2306 4735 2580 4790 hominem
2610 4746 2758 4792 recte
2778 4739 2924 4806 quis,
2949 4739 3165 4806 opinor,
3197 4743 3344 4795 ausit
3373 4747 3555 4800 dicere

1972 4843 2067 4882 vas
2096 4829 2261 4882 etiam
2305 4828 2594 4884 electionis
2623 4845 2772 4894 esse,
2829 4831 2875 4886 si
2934 4847 3058 4887 eum
3095 4849 3126 4888 a
3177 4832 3352 4891 Paulo
3407 4848 3556 4894 recte

1971 4919 2301 4990 distinguat.
2337 4917 2539 4975 Paulus
2563 4921 2707 4976 enim
2760 4923 2862 4977 hoc
2925 4925 3148 4981 nomine
3193 4938 3419 4983 vocatus
3471 4943 3551 4987 est

1973 5014 2045 5069 ob
2077 5027 2194 5067 eam
2228 5013 2458 5080 gratiam
2481 5029 2643 5082 quam
2673 5015 3031 5083 praedicanda
3057 5032 3220 5073 causa
3253 5021 3375 5075 ﬁdei
3397 5039 3557 5079 acce-

283 5095 446 5164 οὗτος
475 5102 531 5154 δέ
563 5101 663 5173 τὴν
709 5102 905 5169 κλῆσιν
949 5100 1157 5172 ταύτην
1188 5101 1394 5165 δίκαιος
1431 5100 1500 5155 ἂν
1543 5101 1632 5171 εἴη
1664 5099 1847 5171 κληθῆ·

1976 5113 2149 5174 perat.
2183 5101 2247 5159 Ut
2283 5113 2476 5173 gestes,
2521 5105 2699 5174 inquit
2745 5106 2906 5170 Deus,
2954 5123 3140 5162 nomen
3171 5127 3345 5164 meum
3376 5131 3556 5169 coram

285 5211 403 5257 ναι,
432 5193 511 5256 ὡς
566 5194 796 5264 μηδενὸς
843 5194 994 5257 ὄντος
1041 5193 1230 5264 ἐτέρου
1282 5193 1725 5263 ἐπιτηδειοτέρου
1777 5192 1847 5245 τὸε

1975 5198 2242 5266 gentibus,
2269 5207 2318 5250 et
2348 5197 2580 5265 regibus,
2603 5191 2657 5251 ~et
2684 5198 2814 5266 ﬁliis
2866 5197 3112 5256 Israelis.
3153 5201 3255 5259 llic
3323 5222 3444 5262 vero
3466 5225 3561 5276 ap-

288 5284 441 5338 ἐλεον
470 5285 726 5350 δέξασθαι
754 5284 848 5338 τοῦ
873 5285 1032 5338 Θεοῦ.
1058 5286 1270 5339 Πολλὰ
1293 5284 1413 5355 μὲν
1436 5284 1548 5356 γὰρ
1572 5285 1642 5340 τὰ
1675 5286 1869 5353 σκεύη

288 5374 476 5444 ἐν’τῇ
508 5375 743 5445 μεγάλῃ
784 5377 964 5443 οἰκίῃ,
1004 5375 1139 5446 φησὶ
1166 5376 1226 5428 τὸ
1256 5375 1582 5446 σκεῦοςιτῆς
1607 5376 1867 5446 ἐκλογῆς,

290 5469 368 5523 οὐ
413 5467 613 5522 πάντα
659 5467 729 5520 δὲ
782 5469 935 5536 πρὸς
986 5468 1102 5536 τὴν
1131 5465 1350 5534 αὐτὴν,
1401 5465 1542 5522 ἀλλ’
1585 5468 1760 5537 ἕτερά
1804 5486 1871 5539 τε

294 5563 448 5631 πρὸς
503 5563 698 5630 ἄλλας
753 5565 959 5632 χρείας
1017 5551 1354 5632 ἦτοίμαστό
1399 5578 1474 5615 τε
1538 5563 1639 5616 καὶ
1691 5580 1869 5618 κατε-

293 5655 624 5708 σκεύαστο.
657 5655 766 5708 Kal.
807 5658 942 5725 πρὸς
985 5655 1084 5724 μὲν
1118 5655 1292 5726 μύρου
1341 5653 1506 5726 δοχὴν
1549 5654 1872 5726 ἀλάϐαστρά

293 5762 352 5801 τε
379 5748 474 5800 καὶ
501 5741 581 5800 τόί
614 5748 861 5812 τοιαῦτα,
895 5748 986 5801 καὶ
1017 5748 1080 5801 ἐκ
1127 5748 1359 5801 τουτωνὶ
1406 5747 1514 5800 τῶν
1561 5749 1870 5819 περιμαχή.

369 5864 388 5897 ⁸
414 5863 461 5920 ιι
491 5862 634 5919 Tim.
669 5879 729 5934 tt,
752 5865 844 5952 εο.

1975 5289 2317 5357 pellationem
2337 5289 2472 5341 hanc
2501 5290 2684 5343 merito
2705 5293 3044 5361 consequitur
3067 5334 3082 5360 ,
3106 5311 3226 5350 cum
3281 5315 3433 5353 nemo
3493 5301 3562 5354 sit

1981 5382 2119 5436 alius
2151 5382 2321 5452 magis
2358 5380 2574 5435 idoneus
2608 5382 2677 5434 ad
2705 5384 3069 5452 excipiendam
3125 5387 3224 5442 Dei
3256 5391 3563 5445 misericor-

1980 5475 2147 5529 diam.
2180 5479 2322 5526 Nam
2347 5489 2474 5527 vasa
2499 5475 2708 5543 quidem
2748 5477 2916 5530 multa
2951 5489 3074 5534 sunt
3095 5482 3148 5535 in
3177 5485 3356 5552 ampla
3381 5486 3560 5546 domo,

1982 5567 2159 5635 inquit
2175 5578 2270 5618 vas
2292 5563 2424 5618 illud
2441 5565 2751 5630 electionis,
2767 5584 2869 5622 non
2889 5573 3066 5626 omnia
3082 5589 3199 5628 vero
3219 5576 3290 5628 ad
3303 5575 3564 5640 eumdem,

1980 5661 2072 5716 sed
2100 5659 2170 5713 ad
2199 5657 2332 5712 alios
2364 5674 2492 5710 usus
2527 5659 2639 5714 alia
2695 5672 2889 5730 parata
2924 5675 3050 5718 sunt
3076 5675 3234 5737 atque
3271 5667 3562 5735 confecta'.

1982 5751 2250 5824 Unguenti
2284 5764 2384 5823 pro
2413 5754 2784 5825 receptaculo,
2821 5757 3127 5842 alabastra,
3163 5769 3218 5816 et
3244 5759 3410 5830 hujus
3463 5773 3558 5830 ge-
