3958 6420
354 409 362 417 .
455 355 565 420 515

1618 349 2017 412 MANUl'LlS
2056 349 2506 410 PAL/EOLOGI
3569 359 3655 423 ιιδ

455 475 600 528 neris
623 474 747 536 alia,
774 473 952 534 deque
984 469 1218 524 metallis
1248 467 1470 522 eximiis
1522 466 1629 521 alia
1661 465 1802 519 facta
1850 482 1864 518 :
1905 481 2028 518 rur-

2136 484 2246 520 των
2279 465 2560 535 μετάλλων
2586 465 2778 537 ἕτερΓ
2817 469 2950 538 πρὸς
2995 470 3050 523 ἑὲ
3098 470 3197 531 τὰς
3231 469 3410 538 χρείας
3452 476 3544 534 τὰς
3582 493 3664 524 κα-

453 581 548 621 sus
583 568 646 618 ad
690 580 822 619 usus
846 562 1160 626 inferiores,
1187 575 1312 614 vasa
1348 560 1455 632 illis
1478 560 1613 628 ipsis
1643 557 2025 627 congruentia.

453 659 589 711 Sunt
618 666 799 709 autem
827 664 880 710 et
914 654 1018 707 alia
1063 668 1188 709 rasa
1221 653 1470 723 quaedam
1528 649 1594 704 ad
1655 649 2031 717 ignominiam,

453 749 623 804 nihilo
650 748 882 802 materie
940 745 1196 814 inferiora
1257 743 1598 814 dignioribus
1668 741 1800 796 illis.
1859 742 2034 810 Atque

451 839 567 892 haec
596 839 781 892 onmia
815 837 952 892 fiunt
984 837 1130 891 illius
1160 836 1308 905 justo
1341 835 1572 906 judicio,
1623 836 1714 903 qui
1754 849 1883 888 vasa
1913 845 2036 898 pos-

453 927 710 1015 sidenlllt
740 929 812 982 sit
846 942 980 982 sane
1010 928 1091 979 vir
1119 927 1314 989 bonus,
1369 925 1573 980 electus
1599 940 1628 978 a
1684 923 1814 989 Deo,
1874 920 2031 994 quasi

453 1021 755 1090 pretiosum
785 1019 1057 1088 quoddam
1101 1033 1220 1082 vas,
1275 1019 1342 1072 ad
1400 1017 1781 1086 excipiendam
1855 1018 2030 1087 ipsius

453 1115 710 1182 gratiam.
745 1111 850 1178 Qui
877 1127 1006 1165 vero
1037 1112 1212 1164 malus
1237 1109 1412 1166 factus
1445 1117 1552 1174 est,
1586 1125 1648 1165 ac
1678 1109 1876 1163 deinde
1937 1123 2035 1176 per

452 1205 887 1273 resipisccntiam
917 1204 982 1257 ἕο
1010 1217 1262 1258 reversus
1296 1218 1404 1272 quo
1437 1201 1705 1268 debebat,
1743 1201 1866 1255 aliis
1912 1214 2032 1252 om-

452 1297 614 1350 nibus
636 1305 720 1350 est
743 1297 1000 1363 capacior
1029 1295 1173 1348 illius
1236 1294 1648 1358 misericordiae,
1704 1306 1823 1362 qua:
1855 1305 1884 1343 a
1925 1293 2033 1343 cle-

455 1387 652 1441 mentia
682 1387 948 1456 provenit.
982 1385 1350 1456 lgnominiosa
1382 1386 1615 1454 denique
1643 1399 1771 1439 vasa
1804 1383 2030 1448 fuerint,

452 1481 667 1546 opinor,
705 1479 782 1534 illi
815 1479 906 1548 qui
961 1488 1017 1533 et
1071 1478 1239 1532 vitam
1273 1479 1326 1532 in
1389 1473 1714 1532 infidelitate
1765 1477 2032 1544 malisque

453 1569 799 1638 dogmatibus
822 1579 1140 1637 exegerunt,
1173 1577 1227 1622 et
1262 1567 1469 1636 quibus
1504 1583 1668 1621 unum
1705 1568 1808 1621 hoc
1842 1581 2034 1634 perpe-

454 1669 546 1712 tuo
577 1659 730 1713 cordi
762 1669 900 1716 erat.
925 1668 980 1710 ut
1033 1657 1229 1712 vitiose
1268 1658 1529 1722 viverent,
1591 1672 1698 1714 non
1733 1657 1923 1720 etiam,
1971 1664 2030 1709 ut

451 1749 862 1816 resipiscerent,
897 1749 1115 1816 quando
1144 1747 1238 1815 qui
1274 1747 1510 1817 pessima
1546 1756 1902 1816 peregerunt,
1965 1761 2030 1802 ac

2137 562 2365 627 τωτέρω
2409 562 2480 615 τὰ
2523 562 2782 616 ταυταισὶ
2833 563 3148 630 maon
3190 579 3247 616 τε
3291 565 3380 616 καὶ
3426 563 3667 634 συμϐησό-

2139 669 2296 722 μενα.
2338 654 2494 707 Ἔστι
2533 655 2590 708 δὲ
2623 657 2718 709 καὶ
2746 655 2880 709 ἄλλα
2919 654 3090 724 σκεύη
3120 653 3258 723 πρδς
3287 655 3516 724 ἀτιμίαν,
3539 656 3671 710 οὐδὲν

2136 744 2278 798 κατὰ
2317 743 2419 814 τὴν
2471 745 2608 812 ὓλην
2658 746 2866 801 ἐλάττω
2917 747 3025 799 τῶν
3069 745 3407 816 τιμιωτέρων
3454 747 3672 802 ἐκείνων.

2136 835 2249 889 Καὶ
2278 837 2451 890 ταῦτα
2484 835 2693 904 γίνεται
2727 836 2927 898 πάντα.
2960 836 3134 905 κρίσει
3159 836 3342 907 δικαίᾳ
3381 835 3470 891 τοῦ
3500 853 3675 904 κεκτή-

2139 927 2302 994 μένου
2328 926 2398 979 τά
2431 925 2625 996 σκεύη.
2666 927 2765 994 Εἶη
2798 927 2842 980 δ’
2869 926 2935 981 ἂν
2959 929 2988 980 6
3026 927 3126 996 μὲν
3152 928 3350 994 ἀγαθὸς
3383 927 3514 994 ἀνὴρ
3539 927 3675 980 ὲκλευ

2135 1016 2400 1086 λεγμένος
2448 1017 2527 1089 τῷ
2556 1019 2696 1087 Θεῷ,
2733 1019 2926 1089 ὥσπερ
2957 1036 3009 1072 τι
3042 1019 3237 1082 σκεῦος
3269 1019 3444 1088 τίμιον
3472 1019 3598 1088 πρὸς
3625 1019 3679 1072 τὸ

2135 1111 2234 1179 τὴν
2262 1111 2426 1164 αὑτοῦ
2463 1111 2624 1180 χάριν
2674 1111 2968 1178 δέξασθαι·
3001 1114 3030 1164 6
3063 1111 3122 1164 δὲ
3177 1104 3347 1174 κακὸς
3388 1111 3678 1179 γενόμενος,

2136 1195 2238 1255 εἴτ’
2294 1201 2610 1255 ἐπανελθὼν
2660 1202 2750 1254 διὰ
2810 1203 3096 1271 μετανοίας
3145 1204 3230 1268 ἐφ’
3259 1204 3393 1271 ὅπερ
3439 1202 3559 1264 ἔδει,
3589 1201 3683 1253 τῶν

2135 1293 2309 1347 ἄλλων
2331 1294 2552 1346 πάντων
2577 1294 3034 1365 χωρητικώτερος
3056 1294 3150 1348 τοῦ
3174 1296 3272 1362 τῆς
3296 1294 3683 1364 φιλανθρωπίας

2140 1386 2346 1449 ἐλέους.
2406 1385 2490 1438 Τὰ
2541 1386 2597 1439 δὲ
2641 1387 2944 1457 ἀτιμότερα
3005 1390 3174 1456 σκεύη
3235 1381 3345 1440 εἷεν
3393 1386 3477 1450 ἂν,
3526 1379 3682 1451 οἶμαι,

2135 1477 2359 1544 ἐκεῖνοι,
2397 1479 2450 1530 οῖ
2499 1495 2557 1532 τε
2604 1478 2696 1531 τδν
2744 1480 2857 1549 βίον
2912 1478 3175 1548 διήνυσαν
3227 1481 3287 1532 ὲν
3341 1478 3559 1547 ἀπιστίᾳ
3605 1476 3686 1528 καὶ

2133 1569 2404 1640 δόγμασιν
2448 1570 2509 1622 οὐ
2567 1569 2777 1634 καλοῖς,
2810 1571 2904 1622 καὶ
2933 1567 3015 1633 οἷς
3059 1571 3121 1623 τὸ
3155 1569 3255 1639 ζῇν
3290 1573 3346 1623 ἒν
3379 1572 3487 1632 τοῖς
3515 1570 3686 1631 κακοῖς

2133 1663 2297 1731 ἔργον
2327 1659 2396 1732 ἦν
2445 1663 2724 1732 διηνεκὲς,
2771 1663 2834 1716 τὸ
2866 1663 2924 1716 δὲ
2957 1662 3402 1732 μεταμεληθῆναι
3456 1663 3549 1715 οὑκ
3578 1661 3686 1712 ἔτιο

2133 1759 2208 1821 ὡς
2256 1761 2305 1811 οί
2350 1747 2708 1827 ταχείριστα
2745 1757 2846 1827 μὲν
2882 1757 3343 1826 διαπραξάμενοι,
3374 1751 3490 1808 εἷτα
3534 1771 3686 1824 μεταο

454 1839 652 1893 deinde
669 1854 790 1893 cum
812 1839 1130 1908 ptenitentia
1149 1841 1214 1893 de
1233 1841 1333 1894 hac
1353 1839 1462 1893 vita
1491 1840 1814 1909 migrarunt,
1836 1852 1942 1892 non
1973 1838 2026 1891 in

2134 1850 2252 1920 νοίᾳ
2282 1848 2731 1913 συναπελθόντες,
2759 1849 2859 1902 οὐκ
2899 1851 2957 1901 ὲν
2988 1848 3186 1919 ἀτιμίᾳ
3219 1847 3369 1919 παρὰ
3403 1846 3538 1915 Θεῷ,
3566 1845 3687 1899 ἀλλὰ

452 1930 746 1999 ignominia
763 1940 890 1986 sunt
904 1931 1044 1998 apud
1067 1929 1253 1996 Deum,
1272 1931 1365 1984 sed
1389 1929 1625 1984 maximo
1645 1929 1812 1984 etiam
1830 1928 2028 1997 pretio,

450 2031 506 2075 ut
529 2024 892 2088 appareat,ait
933 2024 1151 2086 Paulus,
1180 2021 1563 2089 principatibus
1601 2031 1760 2090 atque
1793 2029 2030 2090 potesta-

452 2114 591 2170 tibus
624 2116 988 2184 multipliciter
1014 2115 1162 2168 varia
1203 2113 1296 2168 Dei
1331 2116 1656 2182 sapientia'.
1701 2113 1765 2167 Et
1803 2113 2024 2180 adjecis.

449 2217 530 2264 set
548 2208 770 2262 omnino
787 2209 1130 2262 clementiam
1150 2222 1388 2277 quoque,
1404 2209 1448 2262 si
1463 2223 1597 2276 opus
1611 2209 1661 2260 id
1679 2205 1823 2260 facto
1837 2205 2030 2261 fuisset

520 2299 695 2369 Atque
741 2299 856 2352 lizec
904 2298 1122 2367 quidem
1188 2298 1242 2351 in
1299 2298 1443 2352 hunc
1499 2299 1718 2351 modum
1778 2297 2028 2366 exposita

447 2404 631 2446 sumo.
660 2390 829 2444 Nobis
856 2402 1036 2445 autem
1069 2405 1202 2446 sane
1229 2403 1477 2460 prteStat,
1537 2391 1764 2446 alterius
1821 2389 2027 2444 lustra-

451 2485 615 2538 tionis
670 2500 773 2536 non
827 2496 1010 2551 egere.
1060 2482 1154 2537 sed
1205 2484 1346 2536 intra
1401 2481 1636 2551 primam
1694 2481 2030 2536 consistere.

449 2574 918 2640 Quemadmodum
947 2574 1248 2641 Gregorius
1275 2573 1362 2627 ille
1395 2571 1705 2643 Tlieologus
1737 2573 1836 2636 ait,
1857 2586 2029 2642 quan-

448 2669 517 2720 do
550 2674 604 2720 et
635 2668 896 2733 perpetuo
925 2678 1090 2718 sanos
1121 2677 1341 2717 manere
1370 2673 1614 2730 prtestat,
1637 2678 1802 2733 quam
1836 2659 2030 2718 morbo

449 2769 728 2826 correptos
759 2756 968 2810 sanari.
1006 2755 1136 2808 Nam
1165 2763 1219 2810 et
1255 2755 1357 2809 hoc
1391 2755 1546 2808 Valde
1573 2755 1772 2808 malum
1803 2764 1912 2820 est,
1970 2765 2029 2809 ut

453 2851 594 2905 idem
636 2849 724 2903 ille
763 2847 1164 2918 pronuntiavit,
1197 2861 1296 2916 pro
1325 2855 1549 2914 peccato
1584 2845 2028 2901 emendationem

451 2939 717 2994 remetiri.
752 2938 1046 2993 Enimvero
1108 2936 1338 2992 fervidis
1373 2952 1511 3006 Opus
1537 2945 1620 2991 est
1665 2936 1944 3007 laerymis,
1975 2943 2031 2991 et

453 3033 580 3087 totis
621 3031 939 3086 enitendum
994 3029 1228 3093 viribus,
1301 3040 1360 3084 ut
1409 3029 1633 3084 morbus
1708 3029 2029 3084 vitiositatis

447 3134 680 3179 exuatur
713 3140 730 3178 :
765 3137 886 3176 cum
918 3123 1190 3176 incertum
1213 3122 1438 3177 omnino
1462 3122 1532 3176 sit
1569 3138 1637 3176 an
1680 3120 1804 3177 ﬁnis
1831 3135 2024 3176 emen-

2134 1943 2227 1996 καὶ
2258 1943 2317 1994 ἐν
2364 1941 2526 2014 χρείᾳ
2575 1942 2810 2012 μεγίστῃ
2837 1958 2853 1973 ο
2904 1941 3029 1995 Ἵνα
3079 1939 3266 2010 φανῇ,
3299 1938 3432 2009 φησι
3473 1936 3688 1998 Παῦλος,

2133 2032 2262 2098 ταῖς
2286 2032 2501 2102 ἀρχαῖς
2547 2032 2648 2086 καὶ
2693 2032 2822 2096 ταῖς
2848 2032 3161 2098 ἐξουσίαις
3183 2032 3222 2100 ἠ
3269 2027 3691 2090 πολυποίκιλος

2132 2126 2320 2194 σοφία
2357 2125 2464 2179 τοῦ
2501 2124 2669 2179 Θεοῦ.
2695 2121 2830 2178 Eius
2873 2125 2918 2179 δ’
2947 2123 3013 2179 ἂν
3048 2125 3289 2188 πάντως,
3322 2123 3416 2176 καὶ
3447 2123 3480 2190 ή
3516 2121 3688 2188 φιλαν·

2134 2218 2372 2288 ορωπία,
2408 2217 2610 2286 δεῆσαν
2638 2217 2834 2270 εἰπεῖν.

2204 2311 2314 2364 Καὶ
2369 2309 2544 2364 ταῦτα
2595 2310 2696 2380 μὲν
2743 2309 2909 2378 τῇδε’
2944 2309 3075 2380 ἡμῖν
3118 2307 3174 2361 δὲ
3216 2309 3328 2377 ἄρα
3373 2307 3574 2378 βέλτιον
3631 2302 3699 2374 μὴ

2133 2402 2398 2473 δευτέρας
2440 2401 2698 2472 δεηθῆναι
2735 2400 3082 2470 καθάρσεως,
3115 2399 3256 2453 ἀλλὰ
3313 2401 3504 2468 στῆναι
3549 2395 3696 2465 μέχρι

2131 2495 2232 2563 τῆς
2265 2494 2516 2564 πρώτης,
2549 2494 2692 2547 κατὰ
2740 2492 2840 2564 τήν
2869 2490 2963 2545 τοῦ
2995 2492 3266 2559 Θεολόγου
3301 2493 3508 2561 φωνήν.
3542 2489 3599 2541 Εἰ
3641 2484 3698 2555 δὴ

2133 2589 2358 2642 κάκεῖνο
2403 2586 2637 2658 βέλτιον,
2668 2585 2859 2655 μένειν
2885 2586 2944 2639 ιν
2980 2585 3140 2655 ὑγεία
3167 2584 3464 2653 διηνεκῶς.
3494 2583 3527 2652 ἢ
3559 2580 3699 2647 ίαθῆ-

2131 2695 2222 2732 ναι
2265 2679 2625 2750 νοσήσαντας.
2662 2677 2772 2729 Καὶ
2804 2677 2916 2748 γὰρ
2967 2676 3194 2730 κάκεῖνο
3229 2677 3380 2748 πάνυ
3412 2674 3600 2739 δεινὸν,
3633 2672 3700 2734 ὡς

2129 2773 2159 2824 6
2188 2771 2352 2833 αὐτὸς
2379 2770 2722 2840 ἀπεφήνατο,
2741 2769 3096 2840 ἀντιμετρεῖν
3126 2769 3380 2840 ἁμαρτίᾳ
3406 2766 3699 2835 διόρθωσιν.

2131 2864 2224 2916 Δεῖ
2254 2863 2354 2932 μὲν
2386 2859 2482 2916 οὖν
2504 2839 2786 2932 δακρύειν
2819 2839 3060 2932 θερμῶς,
3093 2864 3188 2914 καὶ
3233 2839 3339 2932 τήν
3390 2863 3489 2930 τῆς
3520 2857 3701 2917 κακίας

2131 2954 2496 3027 ἀγωνίζεσθαι
2527 2954 2705 3019 νόσον,
2754 2954 2856 3023 ὅση
2887 2950 3143 3020 δύναμις,
3173 2951 3595 3007 ἀποδύσασθαιο
3635 2946 3702 3008 ὡς

2129 3045 2190 3098 όν
2239 3061 2302 3112 γε
2353 3047 2573 3108 πάντως
2597 3045 2816 3114 ἄδηλον,
2850 3045 2898 3096 εί
2952 3046 3107 3114 μενεῖ
3157 3043 3261 3114 τὴν
3312 3043 3608 3114 θεραπείαν
3647 3037 3702 3091 τὸ

2102 3137 2307 3201 “τέλος.
2343 3139 2489 3208 Πλὴν
2521 3141 2579 3190 ὲν
2622 3137 2857 3206 ἀγαθαῖς
2888 3135 3069 3188 ὲλπίσι
3122 3136 3219 3188 καὶ
3269 3137 3321 3189 οἱ
3353 3135 3525 3188 δεινόν
3550 3150 3599 3186 τι
3629 3148 3703 3183 νο-

449 3219 720 3272 dationem
757 3220 829 3269 sit
858 3215 1090 3268 laturus.
1127 3214 1274 3269 Bona
1312 3224 1489 3269 tamen
1523 3214 1576 3268 in
1599 3229 1695 3283 spe
1721 3215 2028 3280 sint,etiam

2139 3231 2384 3298 σοῦντες,
2432 3232 2634 3284 ὁπόσον
2694 3230 2898 3300 βούλει,
2956 3227 3075 3298 Θεῷ
3131 3221 3208 3296 τῷ
3275 3229 3498 3283 πάντων
3551 3223 3704 3300 ίατρῷ

447 3310 539 3379 qui
601 3309 953 3377 quantumvis
999 3309 1154 3377 gravi
1218 3310 1451 3376 quodam
1518 3309 1710 3361 morbo
1752 3308 2025 3376 laborant,

449 3400 641 3467 seipsis
669 3399 721 3451 in
752 3395 940 3462 Deum,
972 3397 1064 3465 qui
1091 3397 1336 3451 omnium
1370 3397 1614 3452 medicus
1642 3407 1750 3463 est,
1785 3397 2024 3467 rejectis,

447 3501 502 3546 et
537 3490 697 3542 allata
732 3489 1037 3542 sanationis
1091 3489 1413 3556 cupiditate.
1462 3487 1642 3555 Atque
1696 3489 1810 3542 hinc
1859 3487 2031 3541 contio

448 3583 640 3636 denter
675 3581 781 3643 aio,
847 3571 1148 3647 respiciens
1192 3578 1262 3632 ad
1320 3579 1818 3647 inexsuperabilem
1879 3579 2026 3632 illam

449 3673 768 3735 bonitatem,
814 3671 881 3725 ad
910 3672 1026 3740 ejus
1056 3686 1186 3740 erga
1226 3685 1327 3726 nos
1359 3671 1734 3732 dilectionem.
1787 3685 1908 3738 qua).
1935 3685 2026 3724 su-

445 3777 545 3828 pra
580 3766 798 3816 modum
837 3775 894 3816 et
947 3775 1205 3826 mentem,
1234 3774 1286 3816 et
1346 3765 1638 3826 rationem,
1691 3771 1747 3815 et
1801 3776 2020 3816 onmem

445 3855 832 3923 cogitationem
859 3863 1084 3922 stupore
1131 3851 1394 3921 complet,
1422 3855 1488 3907 ad
1545 3853 1744 3908 divina:
1790 3853 2029 3922 denique

445 3929 750 3998 voluntatis
801 3955 966 4012 atque
1042 3953 1253 3997 natur-te
1302 3942 1828 3997 innnntabilitatem.
1888 3943 2024 3998 Nam

447 4035 562 4090 ﬁeri
600 4035 784 4103 nequit
817 4042 872 4086 ut
901 4049 966 4087 ex
1013 4034 1118 4088 hoc
1152 4033 1206 4087 in
1271 4033 1402 4087 illud
1460 4035 1755 4090 immobilis
1817 4044 2028 4092 natura:

446 4135 687 4180 mutetur
713 4141 887 4192 amor,
915 4137 1079 4194 utque
1124 4127 1242 4180 dua:
1276 4143 1363 4181 res
1403 4129 1652 4183 accidant
1680 4131 1811 4196 Deo,
1838 4131 2028 4198 paeni-

447 4218 616 4270 tentia
643 4228 698 4271 et
734 4229 952 4282 motus;
987 4205 1189 4286 quippe
1223 4217 1628 4275 divinumillud
1664 4235 1864 4275 numen
1923 4219 2028 4276 im-

2134 3323 2273 3390 σφᾶς
2304 3337 2368 3390 γε
2398 3321 2598 3384 αὐτοὺς
2634 3318 3050 3391 ὲπιῤῥίψαντες,
3084 3319 3181 3372 καὶ
3209 3318 3278 3372 τὸ
3314 3315 3704 3388 προθυμεῖσθαι

2133 3411 2543 3481 θεραπευθῆναι
2579 3413 3009 3478 είσενεγκόντες.
3045 3412 3155 3465 Καὶ
3197 3411 3386 3467 ταῦτα
3419 3411 3558 3480 λέγω
3586 3409 3706 3478 θαρ-

2133 3504 2392 3577 ῥούντως,
2432 3507 2513 3566 είς
2561 3503 2659 3572 τὴν
2705 3503 3121 3574 ἀνυπέρϐλητον
3170 3505 3322 3573 ὀρῶν
3382 3504 3708 3573 ἀγαθότητα,

2132 3598 2216 3661 είς
2265 3597 2364 3667 τήν
2395 3598 2532 3667 πρὸς
2583 3597 2732 3666 ἡμᾶς
2765 3596 2984 3667 ἐκείνης
3037 3597 3267 3667 ἀγάπην
3288 3639 3304 3663 ,
3335 3595 3709 3668 ὑπερεκπλήτο

2131 3705 2336 3743 τουσαν
2373 3689 2468 3741 καὶ
2501 3687 2627 3742 νοῦν
2658 3689 2752 3744 καὶ
2789 3689 2972 3758 λόγον,
3005 3691 3102 3743 καὶ
3150 3691 3338 3746 πᾶσαν
3385 3691 3614 3754 ἔννοιαν,
3639 3690 3711 3748 εἰς

2130 3780 2193 3832 τὸ
2223 3780 2322 3848 τῆς
2350 3778 2504 3842 θείας
2537 3779 2738 3850 βουλῆς
2769 3779 2863 3832 καὶ
2892 3779 3111 3848 φύσεως
3157 3782 3605 3853 ἀμετάτρεπτον.
3643 3778 3708 3830 Οὐ

2132 3869 2242 3940 γὰρ
2281 3873 2344 3924 ἐκ
2376 3870 2570 3924 τούτου
2616 3871 2753 3938 πρὸς
2789 3873 2971 3925 ἐκεῖνο
2998 3874 3026 3924 6
3055 3869 3153 3940 τῆς
3200 3872 3475 3943 ἀκινήτου
3509 3874 3713 3942 φύσεως

2131 3961 2272 4030 ἔρως
2320 3963 2774 4031 μετατεθήσεται,
2833 3963 2929 4016 καὶ
2983 3962 3145 4016 πάθοι
3189 3961 3288 4016 δύο
3345 3965 3511 4018 ταυτὶ
3568 3962 3707 4024 Θεὸς,

2134 4054 2444 4127 μετάμελόν
2477 4072 2537 4107 τε
2588 4056 2684 4109 καὶ
2717 4053 2957 4124 κίνησιν.
2993 4056 3070 4108 Τὸ
3099 4055 3258 4110 Θεῐον
3293 4057 3408 4128 γὰρ
3439 4058 3708 4127 ἀκίνητον,

2132 4147 2225 4198 καὶ
2273 4146 2342 4201 τὰ
2373 4146 2602 4200 αὐτόθεν
2647 4137 3066 4216 ἀμεταμέλητα.
3101 4147 3176 4200 Οὐ
3211 4145 3401 4204 τοίνυν
3527 4151 3709 4202 abroa-

2130 4237 2370 4308 γαθότης
2409 4254 2471 4290 τε
2541 4240 2637 4292 καὶ
2685 4238 3090 4308 φιλανθρωπία,
3122 4242 3216 4293 καὶ
3239 4241 3598 4311 αὐτοαγάπη,
3630 4257 3712 4309 μι-

448 4309 649 4363 mobile
671 4318 776 4372 est,
811 4317 1005 4377 etquae
1038 4311 1106 4363 ab
1133 4324 1198 4364 eo
1229 4309 1394 4373 fiunt,
1423 4311 1602 4365 omnis
1622 4314 1868 4382 expertia
1898 4323 2028 4368 sunt

2134 4330 2291 4400 σήσει
2325 4328 2388 4399 γέ
2433 4345 2568 4382 ποτε
2617 4329 2713 4382 καὶ
2763 4332 3261 4402 ἀποστραφήσεται
3310 4333 3405 4387 τὸν
3449 4335 3588 4403 αὐτῇ
3625 4347 3708 4383 το-

449 4400 800 4470 ptnnitentiae.
823 4399 938 4455 Non
957 4400 1120 4472 igitur
1137 4402 1254 4473 ipsa
1277 4402 1368 4456 illa
1392 4403 1694 4468 bonitas,et
1715 4404 2026 4474 clementia,

2135 4399 2324 4474 σοῦτον
2353 4420 2752 4492 πεφιλημένον,
2780 4422 2905 4477 ὅσον
2933 4399 3045 4476 οὐδζ
3077 4399 3468 4496 ἐνθυμηθῆναι
3497 4399 3606 4479 οἷό-ν
3635 4441 3709 4493 τε,

447 4493 633 4561 etipsa
660 4492 923 4555 Charitas,
964 4494 1088 4548 odio
1117 4503 1481 4563 prosequetur
1547 4511 1811 4565 unquam,
1860 4506 1915 4552 et
1959 4514 2022 4553 a-

2133 4511 2208 4564 Οὐ
2242 4510 2639 4580 πειραθήσεταί
2699 4529 2848 4575 τινος
2892 4513 3102 4576 πάθους
3148 4516 3177 4566 6
3213 4492 3475 4586 ditandi",
3513 4513 3642 4584 παρ’

449 4586 758 4638 versabitur
787 4586 892 4639 sibi
930 4593 1081 4639 tanto
1112 4586 1371 4641 dilectum
1401 4602 1586 4655 opere,
1619 4598 1885 4657 quantmn
1953 4605 2024 4646 ne

2133 4601 2230 4655 οὐκ
2277 4602 2355 4655 ενι
2394 4603 2745 4674 παραλλαγὴ,
2796 4603 2828 4675 ἦ
2880 4606 3090 4675 τροπῆς
3143 4605 3537 4677 ἀποσκίασμα,
3581 4605 3716 4659 κατὰ

445 4676 671 4743 ςοδίιιιτί
698 4677 913 4744 quidem
948 4684 1149 4744 potest.
1192 4673 1311 4729 Non
1377 4674 1723 4731 affectionem
1785 4679 2023 4749 aliquam

445 4765 779 4833 experietur,
824 4763 917 4832 qui
971 4761 1281 4818 affectionis
1332 4764 1513 4818 omnis
1571 4777 1770 4832 expers
1821 4775 1926 4828 est,
1970 4775 2028 4820 et

447 4855 586 4924 apud
616 4870 776 4924 quem
811 4853 958 4907 nulla
993 4853 1224 4907 mutatio
1253 4853 1335 4907 vel
1365 4854 1686 4908 mutationis
1735 4858 2027 4910 adumbra-

451 4950 526 5000 tio
556 4958 658 5010 est,
693 4948 768 4999 uti
803 4948 957 4999 divus
982 4944 1071 4998 ilie
1093 4945 1330 4998 Jacobus
1359 4943 1624 5010 loquitur,
1660 4946 1812 5016 cujus
1856 4958 1910 5002 et
1935 4949 2026 5004 illa

450 5053 550 5090 vox
586 5047 668 5091 est
702 5054 716 5090 :
749 5037 883 5089 Deus
923 5035 1188 5088 malorum
1217 5049 1399 5100 expers
1459 5046 1560 5099 est,
1619 5048 1665 5090 et
1702 5037 1812 5106 ipse
1862 5041 2029 5092 nemi-

448 5144 562 5180 nem
598 5139 762 5181 tentat
795 5130 838 5182 '.
863 5126 1172 5179 llninanum
1225 5126 1324 5179 hoc
1367 5125 1562 5179 malum
1592 5138 1692 5194 est,
1751 5129 2026 5185 immutari

446 5223 659 5276 scilicet
707 5233 762 5276 et
794 5221 975 5274 odisse
1008 5221 1161 5287 prius
1215 5219 1465 5273 dilectos.
1507 5220 1720 5274 Etenim
1779 5221 2026 5292 plerique

450 5319 695 5371 homines
719 5329 879 5379 testa,
914 5315 1057 5384 quod
1092 5314 1267 5378 aiunt,
1318 5315 1556 5382 inversa,
1593 5317 1884 5372 confestim
1911 5335 2025 5372 ιιιο-

449 5425 656 5474 vemur,
693 5419 745 5460 et
777 5424 1011 5476 quorum
1047 5423 1212 5462 causa
1249 5407 1407 5463 facile
1461 5411 1546 5464 vel
1579 5422 1808 5466 mortem
1857 5429 2026 5483 oppe-

451 5501 753 5563 tiissemus,
784 5514 882 5567 pro
909 5499 974 5554 iis
999 5509 1259 5568 poscente
1288 5502 1620 5559 necessitate
1668 5519 1769 5559 nec
1799 5504 2020 5560 ObOllllll

449 5589 891 5644 solvimns.l\'am
944 5593 1102 5646 mitto
1153 5593 1358 5661 dicere,
1420 5595 1682 5666 quosdam
1731 5611 1874 5663 esse,
1932 5598 2024 5666 qui

448 5680 531 5732 vel
567 5681 883 5750 sanguinem
913 5699 1108 5739 eorum
1171 5685 1421 5742 lubenter
1479 5687 1786 5743 haurirent.
1841 5687 2022 5744 Causa

523 5790 540 5878 ξ
579 5791 803 5864 Ενιιρέη
833 5813 910 5866 ιιι,
942 5797 1030 5856 l0.
1109 5797 1266 5856 'Jac.
1302 5817 1341 5870 ι,
1380 5800 1467 5856 l5.

2126 4697 2217 4748 τὸν
2263 4695 2410 4748 θεῖον
2457 4696 2746 4761 Ἰάκωϐον,
2784 4696 2842 4757 ὃς
2901 4697 3074 4768 δήπου
3127 4701 3221 4754 καὶ
3278 4701 3442 4754 τοῦτό
3509 4711 3710 4768 φησιν’

2135 4787 2190 4841 '0
2226 4788 2371 4854 Θεὸς
2393 4789 2763 4856 ἀπείραστός
2789 4790 2922 4843 ἐστι
2959 4790 3182 4854 κακῶν,⁵
3217 4791 3490 4858 Πειράζει
3515 4790 3583 4844 δὲ
3610 4790 3709 4842 αὐ-

2125 4875 2227 4942 τὸς
2253 4875 2498 4932 οὐδένα.
2541 4877 2914 4947 Ἀνθρώπινον
2953 4880 3106 4931 τουτὶ
3155 4879 3217 4930 τὸ
3261 4883 3442 4933 κακδν
3480 4877 3706 4949 μεταϐε·

2125 4967 2361 5039 ϐλῆσθαί
2394 4987 2453 5022 τε
2487 4969 2582 5022 καὶ
2615 4972 2797 5038 μισεῖν
2829 4970 2958 5034 τοὺς
2987 4970 3091 5042 πρὸ
3131 4969 3226 5024 τοῦ
3270 4972 3706 5042 πεφιλημένους.

2135 5063 2199 5114 Ol
2250 5062 2358 5131 γὰρ
2415 5061 2603 5114 πολλοὶ
2663 5061 2773 5116 τῶν
2831 5062 3157 5133 ἀνθρώπων,
3208 5065 3488 5134 ὀστράκου
3538 5061 3706 5131 (φασὶ)

2137 5153 2566 5221 μεταπεσόντος,
2595 5154 2758 5217 εὐθὺς
2813 5155 3116 5225 κινούμεθα
3137 5173 3150 5187 ο
3182 5157 3276 5210 καὶ
3303 5157 3375 5209 δι’
3395 5156 3491 5218 οὓς
3523 5155 3712 5228 ῥᾳδίως

2133 5244 2200 5297 ἂν
2245 5246 2656 5315 ἐτεθνήκειμεν,
2710 5247 2823 5300 οὐδ’
2872 5247 3058 5300 ὀϐολὸν
3111 5247 3252 5318 ὑπὲρ
3301 5249 3488 5302 αὐτῶν
3532 5245 3712 5316 χρείας

2132 5338 2410 5406 καλούσης
2445 5339 2921 5410 καταϐαλλόμεθα.
2967 5341 3074 5394 Ἐὦ
3115 5341 3226 5412 γὰρ
3255 5339 3448 5409 λέγειν
3476 5340 3712 5399 κάκεῖνο,

2131 5429 2205 5491 ὡς
2229 5432 2321 5481 καὶ
2345 5429 2442 5482 τοῦ
2472 5432 2702 5500 αἵματος
2731 5433 2910 5486 αὐτῶν
2938 5433 3107 5503 ἡδέως
3127 5435 3190 5486 ἄν
3215 5449 3364 5494 τινες
3392 5433 3585 5485 πίοιεν.
3611 5430 3714 5482 Καὶ

2133 5517 2192 5570 τὸ
2229 5518 2407 5571 αἴτιον
2445 5520 2585 5573 πάνυ
2623 5522 2818 5590 σαφές.
2850 5525 2930 5576 Οὐ
2957 5521 3065 5594 γὰρ
3109 5524 3175 5577 δι’
3207 5521 3413 5584 αὐτοὺς
3453 5521 3711 5581 ἐκείνους,

2133 5604 2226 5668 οὓς
2255 5622 2320 5673 γε
2356 5608 2641 5680 φιλοῦμεν,
2669 5611 2789 5664 οὐδὲ
2826 5611 2915 5664 διὰ
2963 5614 3054 5666 τὸν
3083 5611 3322 5684 Χριστὸν
3360 5610 3461 5665 καὶ
3497 5610 3594 5670 τὰς
3625 5608 3711 5657 ὲν·

2134 5697 2295 5759 στολὰς
2331 5700 2521 5769 αὐτοῦ,
2551 5702 2646 5755 καὶ
2674 5701 2733 5756 τὸ
2765 5702 2969 5772 ἀγαθὸν
3000 5703 3154 5771 αὐτὸ,
3179 5699 3294 5755 ἀλλ’
3327 5702 3408 5764 είς
3434 5700 3494 5752 τὸ
3527 5693 3711 5753 δοκοῦν
