3958 6428
268 416 369 480 517
1696 418 1831 476 ῡιιΑ

1959 419 2103 482 )νῙ.
3417 411 3522 475 {iis

264 533 538 596 λυσιτελὲς
565 533 899 604 ἀφορῶντες,
918 536 1013 589 καὶ
1036 535 1096 589 τδ
1120 535 1243 605 ἡδὺ,
1278 536 1459 588 πάντα
1495 522 1827 604 πράττομεν.

1962 535 2159 603 pridem
2219 536 2333 604 ipsa
2376 536 2529 592 valde
2556 537 2839 606 perspicua
2873 544 2978 591 est.
3022 534 3140 589 Non
3205 532 3353 589 enim
3397 546 3525 601 pro-

262 624 426 678 Ὅθεν
454 624 518 695 δή
548 625 643 678 καὶ
672 625 776 693 τῆς
801 627 1043 695 ἀγάπης,
1078 626 1155 690 ὡς
1179 626 1379 689 ἔοικεν,
1408 628 1506 679 οὐκ
1534 625 1825 696 ἀληθευοῦ·

1939 626 2210 698 pter-illos
2241 629 2389 698 ipsos
2408 643 2546 699 quos
2587 628 2891 700 diligimus,
2928 636 3105 697 neque
3131 623 3495 695 propterChri

263 732 385 786 σης,
423 716 473 769 εί
506 716 600 770 καί
628 734 680 770 τι
717 716 984 785 λήψονται
1016 719 1148 790 παρ’
1176 719 1338 789 ἡμῶν
1360 719 1408 771 oi
1440 719 1689 787 δεόμενοι
1726 717 1826 771 τῶν

1959 728 2085 773 stum
2119 728 2181 774 et
2207 720 2327 791 ejus
2363 723 2638 784 mandatu,
2690 734 2866 789 neque
2920 719 3090 790 ipsius
3152 717 3281 773 boni
3331 731 3522 787 causa,

260 808 453 877 φίλων,
493 807 526 877 ἢ
560 808 845 878 προτέρων
879 808 1045 863 ἕνεκα
1086 808 1310 879 δωρεῶν
1337 808 1501 862 τοῦτο
1531 808 1767 877 γίνεται,
1801 809 1823 861 Ἰ

1959 812 2039 868 sed
2070 812 2123 868 id
2147 809 2292 882 quod
2311 815 2570 884 expedire
2602 815 2840 878 videtur,
2866 822 2920 868 et
2952 813 3284 881 voluptatem
3308 812 3522 867 intuen-

260 899 640 967 ἐλπιζομένων
672 900 900 970 ἐτέρων.
931 900 1117 954 Ταῦτα
1135 901 1201 968 δὴ
1229 901 1298 955 τὰ
1325 900 1426 972 τὴν
1456 900 1646 970 φιλίαν
1677 902 1823 973 ἡμῶι

1960 919 2059 969 οε,
2082 904 2267 960 omnia
2300 904 2555 961 facitntls.
2581 904 2929 974 Quapropter
2987 915 3043 958 et
3073 904 3192 973 ipsa
3250 903 3523 969 cbaritas,

262 992 622 1059 ωνιστῶντα,
660 992 716 1046 εῖ
756 1009 819 1062 γε
871 994 970 1048 καὶ⁵
1014 995 1205 1064 φυλίαν
1242 995 1446 1066 ταύτην
1490 995 1677 1049 καλεῖν
1708 995 1825 1067 χρὴ,

1963 997 2019 1050 ni
2051 996 2285 1060 videtur,
2319 1011 2441 1051 cum
2475 1010 2600 1051 vera
2639 1006 2746 1053 non
2773 999 2866 1059 sit,
2891 992 3110 1050 etiamsi
3168 997 3297 1065 quid
3336 1009 3367 1049 a
3425 1010 3526 1049 no-

260 1083 396 1137 άλλά
449 1083 524 1153 μὴ
573 1085 845 1156 καπήλοις
890 1087 1005 1139 τισὶ
1052 1087 1372 1154 πρέπουσαν
1427 1090 1723 1158 ἐμπορίαν.
1757 1087 1823 1141 Τί

1963 1088 2028 1143 iis
2048 1096 2270 1158 egentes
2293 1090 2457 1144 amici
2482 1091 2784 1159 accipiant,
2817 1078 2999 1144 tamen
3068 1089 3172 1142 hoc
3192 1088 3278 1140 vel
3327 1101 3526 1157 praee-

261 1176 391 1243 γοῦν
428 1174 554 1229 καθ’
585 1177 756 1248 ἡμᾶς,
792 1178 889 1230 καὶ
939 1178 1475 1249 ἡμᾶτερα,’τοιαῦτα
1526 1183 1624 1234 καὶ
1658 1179 1824 1243 οὕτως

1959 1181 2188 1236 ientium
2221 1181 2304 1237 vel
2346 1183 2651 1252 positorum
2676 1184 2729 1239 in
2765 1199 2861 1252 spe
2891 1188 3183 1237 munerum
3241 1197 3408 1237 causa
3444 1180 3522 1235 fit.

260 1270 480 1338 ἔχοντα.
519 1268 582 1321 '0
620 1269 677 1322 δέ
710 1286 775 1338 γε
812 1269 1027 1334 πλάσας
1074 1273 1225 1343 ἡμᾶς
1254 1273 1388 1337 Θεὸς
1417 1266 1603 1344 χαίρει
1647 1272 1726 1343 τῷ
1761 1273 1823 1327 δι⁴

1953 1271 2073 1327 llaec
2105 1277 2235 1354 sunt
2256 1272 2346 1327 illa
2370 1262 2581 1330 scilicet
2608 1274 2907 1329 amicitiam
2935 1289 3057 1342 qua:
3093 1285 3338 1339 noetram
3404 1285 3516 1327 sta-

259 1360 408 1413 δὸναι
459 1361 682 1429 μᾶλλον,
716 1361 749 1431 ἢ
785 1364 946 1434 ἡμεῖς
989 1362 1386 1435 λαμϐάνοντες.
1419 1356 1529 1421 Καὶ
1571 1367 1696 1420 οὐδὲ
1740 1366 1822 1440 λήι

1962 1365 2169 1430 siliunt,
2207 1364 2254 1419 si
2285 1366 2505 1433 quidem
2537 1365 2854 1436 appellanda
2885 1374 2968 1421 est
2997 1364 3115 1420 haec
3133 1366 3398 1431 amicitia,
3461 1380 3525 1421 ac

259 1451 423 1522 ψεταί
451 1470 582 1508 ποτε
618 1455 779 1525 κόρον
805 1457 1139 1527 εὐεργετῶν,
1157 1459 1456 1529 ἀγαθότητι
1487 1457 1817 1530 κινούμενος

1961 1472 2052 1512 ton
2089 1458 2271 1528 potius
2306 1460 2504 1514 decens
2535 1473 2811 1527 caupones
2838 1463 3098 1526 qtitesttts.
3134 1458 3189 1512 ln
3228 1459 3372 1514 hunc
3407 1473 3524 1513 mo-

262 1545 338 1599 Οὐ
368 1545 501 1617 γάρ,
533 1546 603 1600 ἵν’
630 1548 826 1620 ἐκείνῳ
868 1549 1247 1619 προσγένηταί
1291 1567 1344 1603 τι
1388 1552 1498 1605 ἀπὸ
1536 1551 1645 1605 τῶν
1671 1551 1825 1606 αὐτοῐ

1958 1551 2073 1603 lum
2105 1564 2195 1605 res
2224 1559 2422 1605 nostra:
2446 1559 2778 1622 comparatae
2808 1559 2959 1605 sunt.
3001 1551 3069 1605 At
3093 1552 3232 1620 ipse,
3268 1551 3364 1620 qui
3417 1566 3521 1605 nos

261 1639 796 1711 δημιουργημάτων,
859 1642 982 1697 οὐδὲ
1041 1643 1119 1707 ὡς
1184 1644 1551 1715 ὑπαρξάντων
1617 1645 1824 1699 ὲκείνωε

1962 1643 2127 1708 inxit,
2167 1643 2332 1707 Deus,
2368 1642 2649 1713 largiendo
2686 1645 2864 1713 magis
2893 1644 3194 1700 delectatur
3230 1657 3393 1714 quam
3427 1660 3525 1700 nos

260 1730 583 1798 ἡστινοσοῦν
630 1733 858 1802 χάριτος
880 1748 898 1766 ο
933 1735 1056 1799 πῶς
1090 1735 1201 1806 γάρ
1226 1753 1244 1800 ;
1274 1736 1366 1790 διὰ
1413 1739 1477 1807 δὴ
1507 1737 1688 1792 ταῦτα
1718 1739 1823 1793 οὖδὲ

1957 1733 2292 1803 accipiendo.
2313 1733 2424 1789 Nec
2460 1751 2702 1806 unquam
2726 1736 3105 1793 benefaciendi
3137 1736 3364 1792 satietas
3397 1751 3520 1791 eum

262 1819 363 1888 τῆν
394 1821 616 1889 ἀγάπην
662 1824 873 1878 ἐκείνου
925 1825 1025 1894 τὴν
1072 1826 1208 1896 πρὸς
1234 1830 1385 1898 ἡμᾶς
1415 1829 1525 1882 τῶν
1556 1830 1825 1899 ὲνδεχομὲε

1961 1826 2142 1895 :apiet,
2176 1826 2366 1895 quLad
2393 1828 2495 1882 hoc
2522 1829 2769 1886 bonitate
2794 1845 2893 1886 sua
2913 1829 3232 1909 impellitur.
3247 1826 3362 1883 Non
3382 1829 3524 1884 enim

263 1927 372 1963 νων
410 1914 526 1966 ἐστι
561 1914 874 1984 κινηθῆναι.
921 1916 1138 1988 Ἐπειδὴ
1186 1918 1296 1988 γὰρ
1322 1918 1402 1982 είς
1440 1919 1500 1973 τὸ
1528 1919 1753 1989 ἀγαπᾷν
1783 1939 1826 1975 τι

1951 1917 2051 1972 hoc
2077 1918 2198 1973 ideo
2219 1920 2370 1983 facit,
2399 1928 2456 1975 ut
2486 1923 2535 1975 ei
2560 1922 2676 1977 suis
2700 1938 2730 1976 a
2773 1922 2976 1978 creatis
3025 1922 3233 1991 aliquid
3261 1923 3514 1988 accedat,

263 2007 361 2061 καὶ
384 2001 442 2057 εὖ
473 2007 645 2057 ποιεῖν
672 2006 733 2058 τὸ
765 2007 954 2061 κινοῦν
976 2009 1133 2062 οὐδέν
1167 2010 1320 2064 ἐστιν
1342 2011 1533 2080 ἕτερον
1557 2011 1590 2081 ἢ
1623 2016 1659 2082 ἡ
1688 2011 1826 2066 ἄπει

1979 2024 2048 2065 cc
2076 2010 2228 2078 quod
2266 2012 2354 2066 illa
2387 2015 2539 2083 prius
2567 2014 2788 2085 aliquod
2820 2015 2874 2069 in
2905 2029 3028 2069 eum
3050 2014 3370 2070 beneﬁcium
3400 2030 3542 2070 con-.

244 2110 359 2164 ’ρος
394 2097 609 2150 ἐκείνου
659 2100 972 2170 χρηστότης
996 2118 1056 2153 τε
1088 2101 1186 2155 καὶ
1227 2100 1563 2173 ἀγαθωσύνη
1591 2119 1605 2133 ο
1634 2105 1807 2173 ταύτη

1958 2104 2171 2157 tulerint
2203 2119 2219 2157 :
2251 2119 2360 2173 quo
2382 2105 2527 2159 enim
2556 2106 2611 2161 id
2644 2107 2843 2174 pacto?
2863 2107 3061 2175 quibus
3081 2120 3210 2161 sane
3238 2109 3304 2160 de
3321 2108 3521 2172 causis,

259 2190 319 2243 δὲ
376 2191 525 2243 πᾶσα
578 2189 796 2260 ἀνάγκη
848 2191 1117 2255 ὡσαύτως
1169 2193 1336 2263 ἔχειν.
1379 2195 1475 2248 καὶ
1527 2195 1628 2264 τὴν
1672 2196 1822 2266 αὑτὴ·

1963 2209 2045 2247 nec
2082 2194 2252 2263 ipsius
2289 2209 2415 2264 erga
2482 2210 2583 2250 nos
2625 2209 2780 2250 amor
2813 2203 2872 2249 ut
2922 2195 3045 2252 loco
3097 2205 3379 2251 moveatur
3430 2207 3526 2251 aut

260 2276 444 2335 εἶναι’
487 2281 725 2351 φανερὸν
774 2281 948 2345 ἅπασι
986 2285 1260 2352 γίγνεται,
1312 2284 1388 2347 ὡς
1431 2286 1586 2339 ἔσται
1637 2287 1734 2339 καὶ
1774 2289 1823 2339 τέ

1957 2296 2208 2352 mutetur,
2236 2286 2460 2341 confieri
2493 2296 2691 2354 potest.
2719 2286 2853 2342 Nam
2881 2291 3005 2342 cum
3062 2287 3210 2342 nulla
3269 2304 3357 2344 res
3416 2290 3520 2344 alia

260 2376 401 2446 πρὸς
449 2377 599 2446 ἡμᾶς
653 2372 711 2439 ἐξ
769 2375 1005 2437 ἐκείνου,
1035 2378 1223 2430 ὁποῖόν
1271 2378 1325 2431 τί
1369 2379 1483 2433 ἐστι
1528 2380 1751 2433 κάκεῖνο
1781 2380 1823 2431 τε

1955 2380 2015 2433 sit
2048 2395 2167 2448 qua:
2198 2379 2376 2449 ipsum
2403 2380 2470 2435 ad
2502 2381 2793 2435 amandum
2837 2389 2892 2436 et
2921 2380 3374 2436 benefaciendum
3415 2382 3518 2435 im-

264 2466 468 2519 κινοῦν.
500 2465 608 2518 Καὶ
634 2462 794 2517 τοῦτο
824 2465 991 2520 παντί
1017 2483 1118 2518 που
1150 2465 1338 2536 δῆλον.
1380 2462 1489 2522 Ἐιί
1518 2469 1827 2537 περιουσίας

1955 2470 2107 2538 pellat
2128 2487 2296 2539 quam
2325 2462 2538 2527 inﬁnita
2566 2472 2870 2543 benignitas
2893 2472 3014 2543 ejus
3061 2482 3228 2543 atque
3259 2474 3518 2539 bonitas,

260 2555 318 2610 δὶ
352 2557 449 2611 νῦν
481 2557 612 2627 ἐρῶ.
643 2556 812 2612 Ὅταν
837 2558 945 2629 γὰρ
973 2558 1044 2611 τά
1067 2559 1166 2629 τὴν
1203 2560 1428 2629 ἀγάπην
1457 2563 1591 2632 ημῖν
1626 2563 1823 2615 κινοῦν·

1960 2574 2062 2615 tam
2094 2575 2224 2616 vero
2256 2559 2420 2630 plane
2452 2575 2675 2615 necesse
2706 2561 2783 2616 sit
2838 2562 3033 2616 eodem
3072 2560 3321 2616 affectam
3361 2564 3523 2616 modo

261 2666 351 2717 τα,
386 2640 513 2720 μηδ’
534 2650 846 2704 ὁπωστιοῦν
878 2650 1100 2723 κινηθῇ,
1135 2651 1254 2704 τότε
1290 2651 1382 2706 καὶ
1413 2654 1573 2723 ἡμεῖς
1594 2652 1816 2723 δηλονότ

2066 2652 2267 2707 tmdem
2306 2666 2430 2709 esse
2474 2670 2490 2708 :
2531 2651 2827 2709 manifesto
2860 2661 3009 2720 patet
3038 2654 3312 2721 omnibus,
3331 2663 3388 2708 et
3433 2655 3522 2709 illa
3620 2686 3629 2698 -

261 2741 580 2799 παντάπασι
613 2743 827 2811 παγίως
859 2742 1132 2811 ίστάμεθα
1166 2743 1224 2795 ὲν
1250 2742 1328 2812 τῷ
1362 2744 1606 2816 ἀγαπᾷν.
1648 2746 1757 2800 Καὶ
1790 2764 1815 2799 ε

1961 2756 2061 2813 tua:
2081 2742 2133 2796 in
2161 2758 2260 2798 nos
2287 2742 2355 2797 ab
2390 2744 2509 2813 ipso
2549 2741 2996 2811 proﬁciscuntur,
3036 2743 3167 2797 talia
3195 2743 3331 2808 fere,
3358 2746 3524 2812 quale

261 2832 349 2902 ἐφ’
397 2833 558 2902 ήμῶν
603 2832 764 2887 τοῦτο
814 2835 1064 2902 γίγνεται
1130 2835 1315 2907 πολλῷ
1370 2853 1435 2905 γε
1492 2839 1697 2907 μᾶλλον
1746 2841 1824 2893 ἐπ’

1962 2833 2292 2906 ptiddatnest
2322 2833 2373 2890 id
2392 2834 2536 2906 quod
2553 2851 2676 2890 eum
2708 2835 2975 2906 impellit,
3011 2843 3174 2905 atque
3190 2834 3294 2890 boc
3317 2837 3525 2907 perspio

260 2925 419 2980 Θεοῦ.
463 2927 618 2980 Ἐπεὶ
655 2927 711 2980 δὲ
741 2927 775 2998 ἠ
811 2926 908 2981 τοῦ
953 2927 1091 2982 Θεοῦ
1129 2928 1267 2998 πρὸς
1308 2931 1455 3000 ἡμᾶς
1493 2930 1684 3002 ἀγάπη
1739 2933 1823 2985 οὖν

1958 2940 2102 2981 :uum
2139 2925 2315 2981 cuivis
2345 2934 2447 2981 est.
2484 2924 2674 2981 Dicam
2708 2940 2888 2981 auzem
2920 2926 3129 2993 aliquid
3150 2941 3217 2981 ex
3258 2941 3521 2998 superia-

259 3018 462 3084 ἐξωθὲν
501 3018 666 3073 ποθέν
702 3020 821 3074 ἐστι
851 3020 1092 3087 πάντως,
1131 3020 1247 3074 ἀλλ’
1283 3021 1376 3091 ὑφ’
1414 3022 1618 3093 ἑαυτῆς
1665 3027 1822 3079 κινεῖ·

1960 3030 2066 3072 :uo.
2095 3016 2306 3088 Quippe
2337 3032 2464 3073 cum
2490 3031 2556 3072 ea
2585 3032 2710 3088 quae
2733 3032 2976 3073 amorem
3002 3018 3055 3072 in
3085 3017 3246 3073 nobis
3277 3020 3523 3075 excitant

258 3122 348 3165 ται
372 3123 390 3143 ⁸
422 3111 633 3183 ἀνάγκη
668 3112 874 3183 ταύτην
902 3113 1166 3177 ὡσαύτως
1190 3115 1335 3184 ἔχειν
1366 3116 1458 3169 τὸν
1488 3117 1672 3172 πάντα
1707 3119 1821 3188 χρό-

1958 3107 2100 3164 ilane
2132 3124 2240 3164 non
2258 3109 2496 3181 amplius
2524 3109 2752 3180 impulsa
2786 3119 3043 3180 motaque
3108 3110 3339 3177 fuerint,
3389 3120 3521 3167 tunc

255 3222 371 3265 νον.
397 3206 494 3259 καὶ
540 3205 610 3258 τὰ
660 3198 797 3275 πρὸς
833 3208 983 3275 ἡμᾶς
1013 3205 1075 3272 ἐξ
1104 3208 1322 3278 ἐκείνης
1355 3208 1435 3276 τῷ
1471 3209 1677 3274 ταύτης
1711 3209 1813 3281 ὕψε

1961 3198 2114 3255 etiam
2150 3215 2250 3256 nos
2281 3202 2491 3257 scilicet
2523 3202 2576 3256 in
2611 3216 2798 3257 amore
2831 3202 2977 3257 velut
3000 3201 3207 3255 immoti
3264 3202 3524 3258 subsidi-

261 3296 470 3368 μᾶλλον
512 3298 833 3367 συμϐαίνειν
881 3297 914 3368 ἢ
965 3300 1031 3368 τῇ
1086 3299 1333 3371 ἡμετέρᾳ
1370 3301 1697 3373 φαυλότητι.
1736 3303 1824 3358 Διό

1960 3306 2092 3348 mus.
2116 3293 2269 3359 Quod
2289 3294 2506 3364 quidem
2536 3294 2593 3349 in
2620 3295 2777 3350 nobis
2803 3295 2849 3351 si
2879 3294 3154 3359 usuvenit,
3183 3295 3357 3351 multo
3407 3311 3523 3365 ma-

263 3386 421 3443 αιῦτο
469 3388 566 3441 καὶ
619 3389 895 3458 προτείνει
925 3391 1092 3443 πᾶσιν
1141 3388 1270 3459 ἑξῆς
1321 3391 1459 3461 πρὸς
1496 3394 1608 3456 τοῖς
1654 3392 1826 3458 ἄλλοις

1963 3386 2027 3456 gis
2058 3386 2111 3440 in
2140 3384 2272 3443 Deo.
2312 3385 2509 3443 Verum
2538 3388 2796 3458 quoniam
2824 3387 2917 3442 Dei
2941 3403 3070 3457 erga
3092 3403 3194 3445 nos
3216 3404 3371 3443 amor
3412 3406 3526 3447 non.

254 3479 487 3546 ἀγαθοῖς
521 3483 548 3534 ό
592 3482 787 3553 Σωτὴρ
827 3483 1081 3536 κάκεῖνον
1120 3484 1375 3553 ἀφθόνως
1418 3484 1511 3538 τὸν
1539 3480 1815 3556 θησαυρῖν

1954 3480 2288 3534 extrinsecus
2323 3479 2574 3536 alicunde
2603 3481 2993 3550 proficiscitur,
3023 3480 3116 3536 sed
3151 3483 3378 3552 aseipso
3400 3500 3517 3537 mo-

254 3571 318 3625 ὃν
347 3573 554 3635 ἐκεῖνος
605 3574 802 3641 ἀφῖκτο
851 3574 1039 3643 φέρων
1085 3574 1145 3640 ἐξ
1196 3575 1451 3645 οὐρανοῦ.
1481 3579 1594 3632 Καὶ
1648 3578 1708 3632 τὸ
1757 3580 1817 3631 εί.

1958 3582 2121 3633 tetur,
2143 3585 2366 3628 necesse
2394 3584 2475 3628 est
2498 3562 2619 3626 eum
2650 3586 2865 3642 semper
2903 3573 3090 3626 eodem
3119 3572 3372 3628 atl‘ectum
3396 3590 3521 3630 esse

255 3667 467 3720 ἐκεῖνον
504 3658 659 3736 ἧκον.
693 3668 868 3731 οὐδείς
903 3684 992 3721 πω
1033 3666 1144 3721 τῶν
1185 3668 1492 3739 ἀνθρώπων
1544 3672 1813 3740 ἑστὲρητα

1956 3669 2128 3728 nodo,
2167 3672 2360 3734 etquae
2390 3664 2446 3719 in
2479 3680 2576 3717 nos
2632 3667 2700 3719 ab
2730 3680 2796 3719 eo
2854 3663 3296 3734 proficiscuntur,
3348 3669 3519 3736 magis

252 3757 358 3826 τῆς
381 3755 718 3826 τηλικαύτης
742 3759 1068 3827 εὐεργεσίας
1088 3775 1104 3790 ⁸
1131 3756 1270 3814 ἀλλά
1295 3762 1381 3833 ῥεῖ
1405 3762 1466 3815 τὸ
1495 3761 1725 3831 ἀγαθὸν,
1743 3768 1815 3814 κα

2069 3772 2114 3810 ιε
2152 3759 2450 3812 convenire
2483 3757 2804 3810 sublimitati
2831 3771 2992 3826 quam
3054 3758 3249 3812 vilitati
3296 3771 3517 3813 nostrae.
3627 3831 3632 3836 Δ

256 3850 501 3917 ἐκχεῖται
562 3851 839 3919 πανταχοῦ
897 3850 1001 3921 τῆς
1051 3851 1380 3922 οίκουμένης
1435 3852 1681 3923 ἀπάσης,
1742 3854 1819 3906 κα

1958 3849 2172 3917 deoque
2193 3847 2442 3902 Salvator
2468 3847 2556 3901 ille
2588 3855 2796 3913 noster,
2834 3855 3032 3914 praeter
3061 3846 3169 3900 alia
3195 3848 3360 3912 bona,
3385 3862 3521 3903 cun-

254 3938 439 4007 ἔξεστι
483 3943 609 4003 τοὺς
662 3942 869 4007 πάντας
917 3946 1122 4014 προῖκα
1171 3944 1448 4007 πλουτεῖν,
1484 3946 1578 3999 καὶ
1619 3946 1817 3999 ἀκονιτ

1958 3939 2046 3993 :tis
2069 3950 2121 3993 et
2155 3939 2306 3993 illum
2346 3940 2661 3993 thesaurum
2685 3939 2890 4008 jugiter
2918 3939 3078 3993 offert
3113 3953 3272 4009 quem
3309 3941 3425 4008 ipse
3455 3942 3521 3996 de

252 4034 369 4086 τῶν
408 4033 631 4102 ἀγαθῶν
660 4030 1052 4105 ἐμφορεῖσθαι·
1084 4036 1252 4091 ἔδωκε
1287 4037 1398 4106 γὰρ
1424 4038 1812 4109 αὕτοῖς,φησ⁸ιν

1953 4024 2441 4080 uelo-descendens
2471 4040 2661 4080 secum
2720 4025 2925 4079 attulit.
2967 4027 3031 4082 Et
3085 4028 3306 4096 quidem
3371 4029 3516 4098 quod

253 4124 509 4189 ἐξουσίαν
552 4125 718 4176 τέκνα
768 4123 907 4178 Θεοῦ
941 4124 1226 4194 γενέσθαι.
1263 4126 1329 4181 Εἰ
1364 4125 1417 4180 δὲ
1467 4126 1707 4194 τάγαθόν
1751 4144 1816 4179 τι‹

1965 4135 2117 4188 psum
2149 4121 2363 4183 attinet,
2390 4117 2520 4172 nulli
2561 4119 2839 4173 hominum
2895 4134 3136 4189 unquam
3165 4128 3373 4175 tantum
3430 4124 3521 4202 be-

252 4211 408 4284 ὁρῴη
443 4213 528 4266 ἐπ’
572 4213 735 4266 αὐτὸν
768 4213 963 4285 ὥσπερ
1006 4214 1370 4285 αὐτομολοῦν,
1420 4210 1540 4269 εἷτα
1585 4215 1810 4270 διαπτύε

1956 4211 2191 4265 'tclicium
2227 4200 2548 4282 denegatum
2582 4209 2704 4275 fuit,
2730 4211 2823 4265 sed
2862 4211 2982 4265 linit
3038 4214 3139 4267 huc
3171 4214 3397 4280 bonum,
3441 4200 3519 4269 et

253 4304 417 4358 τοῦτο
446 4306 539 4358 καὶ
568 4306 999 4376 ἀποστρέφεται,
1019 4307 1079 4359 οὐ
1101 4306 1385 4374 λογιστέον
1415 4306 1650 4379 τοῦγκλη
1660 4326 1735 4378 μα
1757 4310 1816 4380 τι]

1954 4304 2142 4374 ibique
2174 4314 2443 4358 terrarum
2479 4301 2800 4369 eﬂ'unditur,
2827 4304 3189 4375 omnibusque
3219 4308 3389 4374 gratis
3427 4306 3517 4360 di-

254 4415 323 4465 γε
374 4397 574 4450 διδόντι
609 4399 715 4468 τὴν
761 4399 949 4469 χάριν,
976 4398 1115 4454 ἀλλά
1167 4402 1281 4463 τοῖς
1329 4401 1468 4473 μηδὲ
1521 4401 1622 4472 τὴν
1660 4403 1817 4474 άρχὴε

1959 4409 2154 4452 .escere
2185 4396 2313 4451 licet
2346 4411 2408 4450 ac
2435 4396 2644 4465 absque
2683 4396 2872 4452 labore
2903 4398 3064 4453 bonis
3095 4399 3310 4454 satiari.
3360 4398 3522 4454 Dedit

250 4488 599 4557 δεξαμένοις,
631 4489 665 4559 ἢ
700 4490 797 4544 καὶ
831 4490 972 4560 μετά
1021 4491 1083 4544 τὸ
1124 4490 1314 4546 λαδεῖν
1370 4494 1682 4563 ἀτιμάσασι
1739 4475 1811 4550 κα

1954 4489 2088 4544 enim
2111 4491 2211 4553 eis,
2248 4489 2443 4557 inquit,
2481 4496 2809 4558 potestatem
2842 4490 3107 4545 evadendi
3156 4492 3209 4544 in
3244 4492 3381 4546 Illios
3401 4490 3517 4546 Dei.

256 4539 708 4652 πξρζηαμέςξοίς,
740 4539 886 4635 ebrio
925 4582 1023 4654 μὲν
1046 4582 1107 4637 ὃν
1139 4580 1369 4652 ἀγαθὸν,
1401 4539 1546 4639 οῦῖω
1578 4586 1637 4640 δὲ
1667 4588 1812 4657 μέγα

1958 4585 2062 4640 lam
2088 4585 2132 4638 si
2164 4583 2289 4653 quis
2332 4585 2535 4636 bonum
2603 4582 2784 4649 ipsum
2842 4595 3074 4636 cernens
3118 4582 3185 4635 ad
3225 4597 3283 4635 se
3327 4593 3521 4651 sponte

253 4676 352 4727 καὶ
403 4677 630 4742 προσέτι
673 4678 924 4747 μόνιμον,
959 4678 1057 4731 καὶ
1099 4678 1302 4749 ῥᾳδίως
1336 4678 1633 4747 ὲπιδιδοῦν,
1666 4679 1725 4734 εί
1750 4697 1816 4742 τις

1952 4677 2099 4749 quasi
2136 4692 2231 4730 sua
2260 4675 2468 4733 venire,
2503 4689 2624 4727 mox
2680 4674 2810 4727 illttd
2848 4684 3066 4740 respuat
3124 4682 3179 4727 et
3213 4686 3515 4753 aversetur.

249 4769 419 4820 τοῦτο
451 4766 712 4836 βούλοιτο.

1952 4787 2055 4827 non
2085 4769 2397 4838 imputanda
2426 4768 2503 4822 illi
2532 4769 2712 4834 culpa,
2747 4766 2836 4836 qui
2867 4766 3187 4845 beneficium
3229 4768 3395 4832 dedit,
3423 4783 3515 4822 seu

252 4864 319 4920 iis
355 4865 451 4934 qui
496 4880 717 4935 prorsus
749 4866 801 4921 id
826 4882 932 4921 non
970 4868 1342 4937 'acCeperunt,
1400 4877 1493 4921 aut
1542 4878 1831 4938 postquam
1862 4869 2227 4936 accepissent,
2284 4880 2406 4920 cum
2460 4864 2752 4933 ignominia
2810 4862 3149 4927 repulerunt,
3218 4874 3331 4913 rem
3383 4861 3519 4918 adeo

252 4961 481 5025 bonam,
514 4960 648 5016 adeo
680 4978 956 5035 magnam,
1008 4976 1061 5018 et
1120 4974 1380 5035 praeterea
1426 4965 1728 5020 durabilem
1789 4976 1841 5021 et
1878 4972 2261 5036 augescentem
2293 4962 2479 5024 facile,
2507 4961 2550 5013 si
2584 4961 2706 5029 quis
2742 4958 2843 5012 hoc
2876 4956 3021 5010 velit.

331 5056 443 5110 Καὶ
471 5053 658 5105 τοίνυν
693 5056 721 5107 ό
747 5055 994 5120 τοιοῦτος
1027 5057 1330 5127 Δεσπότης,
1354 5059 1449 5110 καὶ
1481 5057 1572 5110 τὸν
1602 5058 1700 5127 τὴν
1734 5074 1832 5126 με-

2017 5056 2164 5111 Talis
2238 5070 2368 5123 ergo
2462 5053 2720 5106 Dominus
2767 5066 2863 5104 nec
2946 5040 3090 5103 illum
3147 5064 3339 5122 magna
3396 5067 3515 5106 cum

249 5149 429 5219 γάλην
465 5147 619 5201 δοκὸν
656 5150 883 5213 ἐκεῖνον,
937 5151 1033 5203 καὶ
1062 5149 1123 5203 τὸ
1155 5152 1371 5218 κάρφος
1413 5150 1612 5221 ἔχοντα
1659 5149 1719 5201 τὺ
1751 5167 1810 5220 ut

1950 5151 2118 5213 trabe,
2159 5165 2258 5202 nec
2293 5147 2522 5200 alterum
2568 5143 2693 5196 exili
2725 5156 2848 5195 cum
2907 5140 3115 5195 festuca
3169 5141 3322 5212 (εει)οι
3370 5143 3513 5199 enim

249 5242 385 5311 κῴν
445 5240 576 5307 (τῶν
627 5243 737 5310 γὰρ
793 5239 1032 5311 ὲξαρχῆς
1088 5240 1485 5312 μνησθήσομαι
1514 5240 1714 5310 λόγων)
1772 5258 1812 5293 οι

1952 5253 2073 5296 ante
2133 5242 2274 5294 dicta
2334 5237 2602 5306 repetere)
2673 5235 3053 5304 aspernabitur
3088 5252 3349 5306 unquam.
3422 5239 3515 5293 sed

249 5332 583 5403 περιόψεταί
615 5350 768 5395 ποτε,
814 5335 950 5387 ἀλλά
987 5335 1166 5390 πάντα
1203 5335 1405 5403 πράξει
1441 5334 1537 5387 καὶ
1572 5351 1812 5405 πραγμα

1951 5331 2126 5386 nnnia
2166 5345 2263 5400 pio
2323 5331 2560 5397 ipsorum
2607 5325 2781 5377 salute
2827 5321 2996 5379 faciet
3050 5334 3211 5393 atque
3245 5327 3514 5384 ntolietnr.

247 5430 509 5480 τεύσεται
541 5425 681 5493 ὑπὲρ
706 5428 803 5496 τῆς
833 5426 1015 5479 αὐτῶν
1073 5428 1372 5496 σωτηρίας.
1425 5428 1680 5496 Γίγνεται
1727 5429 1810 5498 γάΙ

1950 5420 2127 5477 Variis
2162 5421 2310 5475 enim
2346 5418 2521 5472 modis
2555 5431 2620 5471 ac
2645 5415 2952 5471 rationibus
2996 5416 3154 5471 nobis
3193 5418 3513 5486 opitulatur,

249 5516 602 5579 παντοδαπὸς
653 5519 947 5589 ἐπίκουρος
998 5521 1156 5589 ἡμῖν,
1188 5521 1282 5574 καὶ⁵
1310 5520 1405 5574 νῦν
1442 5519 1540 5590 μὲν
1587 5519 1749 5572 τοῦτο
1778 5538 1812 5573 τ

1953 5531 2005 5570 ac
2044 5516 2207 5567 modo’
2246 5512 2467 5580 quidem
2493 5509 2595 5563 hoc
2656 5508 3138 5575 medicamentum,
3179 5513 3341 5564 modo
3388 5509 3516 5564 illud

250 5611 574 5680 φάρμακον,
631 5609 725 5662 νῦν
759 5609 1028 5663 δὲ’ὲκεῖνο
1086 5612 1380 5679 προσάγει.
1435 5612 1544 5664 Καὶ
1577 5613 1690 5674 τοῖς
1740 5611 1838 5680 μὲν
1942 5604 2190 5659 adhibet.
2240 5602 2298 5656 Si
2332 5616 2450 5670 qua!
2483 5599 2711 5659 Vulnera
2769 5598 3128 5669 ειιρρυτειιιὶει
3172 5609 3403 5662 lumen"
3453 5614 3514 5651 (³³⁵

255 5700 660 5771 φλεγμαίνουσι
706 5700 814 5754 τῶν
864 5703 1202 5772 τραυμάτων
1242 5703 1312 5756 τά
1345 5703 1441 5773 τῆς
1477 5702 1818 5774 παραμυθίαι

1955 5699 2194 5767 mitigat:
2231 5694 2548 5765 putredines
2570 5693 2866 5756 etsi-indit,
2910 5702 2966 5746 ut
2989 5706 3099 5761 quo
3129 5692 3309 5745 minus
3339 5693 3390 5743 in
3426 5705 3518 5757 pe-

259 5794 539 5861 προσάγει
562 5808 576 5822 '
612 5792 711 5855 τὰς
739 5792 796 5846 δὲ
843 5795 1144 5862 σηπεδόνας
1176 5794 1464 5860 ἐκκόπτει,
1501 5794 1600 5865 τὴν
1649 5795 1743 5848 ἐπὶ
1772 5795 1822 5847 τὲ

1954 5794 2026 5845 'us
2057 5799 2298 5858 serpant,
2334 5787 2615 5856 impediat.
2652 5786 2791 5853 Quin
2831 5785 2997 5840 etiam
3029 5784 3228 5854 saepius
3261 5784 3517 5853 objurga-

259 5886 428 5956 χείρω
459 5884 632 5955 νομὴν
663 5886 990 5944 συστέλλων.
1012 5887 1088 5941 υὺ
1122 5889 1230 5960 μὴν
1261 5887 1399 5944 ἀλλά
1430 5887 1525 5942 καὶ
1556 5887 1815 5959 μὲμψετα

1938 5884 2016 5939 bit
2046 5890 2299 5953 aegrotos,
2362 5888 2416 5935 ct
2453 5879 2834 5950 castigatione,
2890 5876 2938 5933 si
2973 5875 3043 5932 sit
3079 5889 3242 5947 opus,
3298 5889 3481 5930 coerc.
