3958 6418
326 317 330 325 Ι
431 371 535 436 519

1561 365 1962 435 MANUELIS
2001 378 2008 435 J

2115 373 2443 434 LIEOLOGI
3539 379 3625 443 520

416 491 515 546 bit.
546 487 946 556 Nonnunquam
980 496 1034 548 et
1062 488 1426 543 severioribus
1473 491 1730 546 remediis
1782 498 1981 554 utetur,

2115 507 2151 542 ἐ
2177 489 2438 551 πολλάκις
2464 491 2576 553 τοῖς
2608 489 2978 560 ἀρρωστοῦσι,
2999 489 3093 544 καὶ
3124 491 3402 562 ἐπιπλήξει
3431 495 3627 563 τούτους

415 595 537 637 cum
577 582 822 636 bonitate
867 581 1403 648 clementiaque'sibi
1436 582 1713 639 fatniliari.
1749 582 1866 639 Non
1892 599 1985 639 vo-

416 673 490 728 let
520 673 628 728 illis
656 687 780 729 esse
810 679 972 734 male,
1010 687 1150 741 quos
1175 673 1243 728 de
1271 672 1440 728 nihilo
1484 673 1753 737 condidit,
1809 674 1987 728 mani-

415 767 630 834 busque
663 765 903 836 propriis
925 766 1207 829 formavit,
1241 766 1332 820 sed
1370 767 1450 820 eis
1471 775 1730 835 perpetuo
1762 764 1985 830 benefa-

427 863 560 927 εἰει,
585 875 649 914 ac
695 875 792 928 per
819 859 1031 922 omnia,
1071 858 1266 918 dextra
1304 860 1522 927 inquam
1549 866 1604 920 et
1627 853 1872 925 sinistra,
1931 865 1991 912 ut

417 956 573 1010 divus
593 951 683 1008 ille
702 950 1001 1020 Apostolus
1032 950 1298 1020 loquitur,
1325 949 1440 1004 sive
1472 957 1619 1003 recte
1641 949 1852 1013 vivant,
1872 947 1990 1004 sive

417 1058 598 1099 secus.
633 1041 1116 1107 Quemadmodum
1138 1041 1350 1095 scilicet
1388 1049 1442 1094 et
1469 1039 1710 1107 pluviam
1741 1046 1795 1092 et
1819 1037 1988 1096 solem

419 1136 500 1189 eis
559 1133 889 1202 suppeditat,
941 1147 1131 1188 rursus
1181 1131 1348 1188 etiam
1409 1132 1650 1200 ipsorum
1699 1128 1989 1183 utilitatem

418 1237 696 1296 spectans,
757 1226 838 1278 ad'
863 1235 1072 1292 tempus
1112 1223 1332 1291 aliquod
1390 1221 1579 1278 eadem
1633 1221 1866 1276 inhibet.
1908 1219 1989 1274 Ad

420 1331 713 1384 summam,
742 1331 845 1372 non
881 1329 990 1370 una
1017 1316 1127 1382 via,
1151 1315 1245 1369 sed
1272 1313 1461 1369 multis
1497 1327 1561 1368 ac
1590 1313 1842 1380 diversis,
1869 1319 1995 1382 pcr-

420 1423 648 1482 queres
706 1406 1014 1470 contrarias
1075 1420 1489 1476 nonnunquam,
1538 1404 1608 1459 ad
1670 1419 1834 1459 unum
1895 1417 1994 1458 nos

424 1504 584 1556 tinem
612 1499 884 1568 perducit,
909 1507 968 1552 ut
1001 1507 1150 1552 recte
1199 1498 1380 1558 vivere
1441 1497 1736 1566 possimus.
1771 1495 1833 1550 Et
1886 1510 1994 1562 quo

419 1605 580 1665 pacto
609 1601 1040 1648 consentaneum
1087 1597 1255 1654 esset,
1315 1588 1471 1648 aliter
1500 1604 1625 1644 eum
1675 1602 1856 1660 agere,
1902 1588 1994 1657 qui

423 1702 519 1756 pro
557 1683 828 1737 universis
885 1691 969 1736 est
1019 1689 1288 1744 tuortuus,
1333 1694 1552 1734 crucem
1622 1680 1885 1734 sustinuit
1933 1694 1996 1733 ac

424 1778 892 1838 nuditatem,rem
945 1774 1207 1832 maleﬁcis
1257 1774 1604 1838 destinatam,
1647 1772 1850 1842 quique
1902 1772 1995 1826 de-

2094 580 2314 648 δεῆσαν.
2341 579 2450 633 Καί
2483 596 2585 632 που
2629 580 2726 636 καὶ
2752 581 2865 644 τοῖς
2893 580 3314 651 αὐστηροτέροις
3347 584 3628 656 βοηθήμασι

2095 672 2359 742 χρήσεται
2387 671 2527 741 μετὰ
2559 672 2658 741 τῆς
2692 671 2955 743 συνήθους
2990 674 3138 742 αύτῷ
3166 677 3519 748 χρηστότητος
3547 683 3632 732 καὶ

2097 759 2534 831 φιλανθρωπίας.
2574 761 2650 814 Οὐ
2681 761 2746 832 δὴ
2778 761 2992 832 θελήσει
3049 765 3233 828 κακῶς
3280 766 3437 835 ἔχειν,
3470 768 3554 830 οὒς
3583 772 3632 837 ἐξ

2097 850 2196 903 οὐκ
2226 849 2398 904 ὄντων
2427 851 2740 920 παρήγαγε,
2777 855 2873 904 καὶ
2901 855 3021 918 ταῖς
3043 853 3243 914 ἑαυτοῦ
3274 857 3455 925 χερσὶν
3485 857 3635 910 ἐπλα-

2100 959 2190 995 σεν
2211 957 2225 971 ⁸
2262 942 2382 996 ἀλλ’
2413 941 2474 996 εὖ
2510 944 2729 1016 ποιήσει
2761 945 2984 1007 τούτους
3010 945 3272 1015 διηνεκῶς
3308 948 3393 1000 διὰ
3419 949 3635 1014 πάντων,

2099 1034 2204 1087 τῶν
2250 1049 2309 1087 τε
2341 1033 2531 1099 δεξιῶν
2564 1051 2706 1104 φημι
2739 1037 2833 1090 καὶ
2868 1037 3198 1108 ἀριστερῶν,
3230 1039 3370 1093 κατὰ
3401 1039 3487 1092 τὸν
3514 1041 3642 1094 θεῖον

2111 1126 2454 1190 Ἀπόστολον,
2488 1127 2662 1196 ὀρθῶς
2688 1127 2936 1196 βιοῦντας
2973 1131 3066 1182 καὶ
3092 1131 3166 1201 μή
3194 1147 3208 1160 ·
3241 1131 3428 1201 ῶσπερ
3471 1135 3643 1202 ἀμέλει

2101 1221 2194 1274 καὶ
2223 1221 2381 1275 ὑετὸν
2440 1223 2534 1274 καὶ
2575 1221 2729 1292 ήλιον
2758 1224 2969 1286 τούτοις
2995 1224 3249 1295 παρέχει.
3285 1227 3392 1278 Καὶ
3421 1223 3563 1290 αὖθίς
3592 1246 3648 1294 γε

2103 1313 2240 1382 πρὸς
2291 1313 2355 1365 τὸ
2391 1314 2672 1382 συμφέρον
2731 1314 2910 1368 αὐτῶν
2951 1316 3114 1384 ὁρῶν,
3165 1317 3260 1370 ἐπὶ
3314 1319 3502 1386 καιρόν
3543 1338 3650 1376 τινα

2102 1405 2274 1460 ταῦτα
2305 1394 2512 1475 ἐπέχει.
2548 1408 2658 1462 Καὶ
2674 1407 2811 1470 ὅλως
2833 1409 2894 1462 ού
2928 1408 3018 1460 διά
3052 1411 3180 1477 μιᾶς
3205 1409 3345 1470 ὁδοῦ,
3384 1409 3516 1464 ἀλλὰ
3543 1409 3655 1462 πολε

2101 1494 2210 1546 λῶν
2242 1511 2299 1546 τε
2330 1496 2424 1548 καὶ
2452 1495 2750 1564 διαφόρων,
2769 1499 2862 1552 κοιλ⁵
2891 1499 3231 1567 πραγμάτων
3249 1500 3500 1552 ἐναντίων
3523 1501 3668 1572 ἔστιν·

2101 1587 2186 1653 οὗ,
2220 1588 2356 1657 πρὸς
2388 1589 2446 1642 ἐν
2499 1607 2550 1643 τι
2598 1591 2751 1654 τέλος
2803 1594 2950 1661 ἡμᾶς
2988 1595 3192 1660 ἐνάγει,
3235 1595 3298 1648 τὸ
3349 1595 3447 1665 ζῇν
3497 1571 3656 1664 ὀρθῶς

2103 1679 2420 1750 δυνηθῆναι.
2458 1683 2569 1737 Καὶ
2604 1683 2720 1746 πῶς
2768 1682 2834 1736 ἂν
2873 1684 3050 1748 άλλως
3088 1687 3236 1750 εἰκὸς
3281 1683 3350 1758 ἦν
3395 1688 3655 1758 πράττειν,

2106 1772 2162 1837 ὃς
2197 1773 2336 1843 ὑπὲρ
2364 1773 2586 1827 πάντων
2631 1774 2902 1841 ἀπέθανε,
2938 1779 3172 1846 σταυρὸν
3231 1780 3332 1849 μὲν
3381 1780 3660 1850 ὑπομείνας

425 1871 591 1925 decus
632 1879 687 1922 ct
713 1867 1069 1937 ignominiam
1115 1866 1337 1921 omnino
1389 1880 1494 1918 non
1542 1865 1779 1929 curavit,
1816 1862 1997 1916 inlini-

2115 1866 2196 1920 καὶ
2244 1866 2550 1935 γύμνωσιν,
2609 1869 2846 1939 πρᾶγμα
2898 1871 3238 1941 κακούργοις
3295 1875 3662 1944 διωρισμένον.

427 1971 590 2027 taque
621 1956 908 2020 sustinuit,
935 1956 998 2009 ad
1025 1955 1294 2012 inﬁnitam
1323 1953 1544 2009 inventa
1578 1953 1994 2016 contumeliam,

427 2050 534 2106 illis
557 2049 688 2104 solis
714 2056 1131 2118 competentem,
1172 2047 1260 2116 qui
1289 2061 1351 2101 ea
1411 2047 1586 2115 ipsqu
1642 2045 1943 2102 affecerunt
1976 2045 1998 2096 ?

428 2144 556 2198 llaec
594 2157 723 2211 ergo
754 2157 876 2195 cum
931 2153 1347 2210 cognoscamus.
1396 2138 1696 2203 auditores,
1733 2144 2002 2206 quotquot

428 2237 657 2298 adestis,
721 2233 870 2286 illum
909 2233 1155 2285 omnium
1192 2229 1613 2284 stolidissimum
1669 2228 2000 2296 iudicemus,

431 2331 521 2400 qui
564 2327 722 2382 facile
757 2325 1106 2385 condemnat,
1144 2320 1349 2376 oblitus
1405 2335 1676 2388 suprema:
1711 2320 1860 2376 illius
1891 2320 2004 2372 cle-

431 2424 674 2486 mentiaa,
713 2419 973 2474 bonitatis
1001 2415 1473 2487 incqmparabilis,
1537 2413 2004 2486 inexsuperabilis

432 2514 808 2585 benignitatis.
837 2521 892 2565 et
921 2510 1058 2578 ejus,
1095 2509 1184 2578 qui
1209 2516 1493 2578 peccatum
1542 2522 1708 2560 omne
1767 2508 2006 2575 sustulit,

429 2625 485 2668 et
514 2611 707 2667 mortis
731 2609 799 2664 ab
823 2623 888 2661 eo
911 2622 1006 2676 pro
1029 2605 1186 2660 nobis
1242 2603 1424 2665 obitas,
1474 2603 1796 2671 probrorum
1828 2639 1844 2668 ,
1876 2617 2002 2656 cru.

428 2702 699 2766 ciatuum,
732 2697 1080 2765 iniuriarum,
1115 2703 1170 2748 ct
1192 2707 1533 2762 quaecunque
1575 2702 1701 2747 tunc
1747 2693 2008 2764 comitata

431 2801 564 2847 sunt
591 2789 884 2846 absurdam
927 2783 1270 2840 iracundiam
1302 2783 1716 2847 sceleratorum,
1776 2797 1840 2837 ex
1877 2783 2014 2836 invi-

432 2887 520 2938 dia
575 2883 774 2938 caedem
828 2879 1000 2948 ipsius
1054 2876 1381 2939 sitientium,
1439 2883 1498 2927 ut
1541 2875 1744 2942 cavilli,
1795 2887 2010 2930 atroces

432 2975 665 3045 injuriae,
700 2970 1017 3033 maledicta,
1051 2977 1231 3036 sputa,
1299 2966 1489 3034 alapae,
1531 2967 1677 3022 nulla
1731 2982 1837 3022 non
1890 2968 2014 3022 illo.

441 3071 656 3125 sionum
697 3063 932 3134 species,
982 3071 1151 3129 atque
1202 3059 1367 3116 etiam
1414 3073 1614 3122 corona
1645 3061 2013 3128 contumeliae,

2101 1957 2364 2027 αἰσχύνης
2395 1957 2452 2011 δέ
2484 1959 2834 2014 παντάπασιν
2866 1961 3164 2031 ἀλογήσας,
3215 1965 3312 2017 καὶ
3343 1965 3510 2034 μυρία
3537 1965 3665 2033 πρά-

2103 2065 2285 2118 γματα
2311 2049 2550 2111 ὑποστάς
2578 2049 2712 2119 πρὸς
2755 2049 2912 2122 ὓϐριν
2947 2053 3148 2123 μυρίαν
3186 2054 3547 2125 ἐξευρημένα,
3581 2055 3667 2122 μό-

2105 2157 2213 2202 νοις
2246 2139 2472 2202 ἐκείνοις
2505 2140 2783 2210 πρέποντα
2815 2143 2929 2206 τοῖς
2965 2143 3325 2212 ἐξυϐρίσασιν
3360 2146 3441 2208 είς
3475 2143 3664 2208 αύτόνς

2105 2229 2400 2294 Ταῦτ’,οῠν
2432 2231 2820 2299 γινώσκοντες,
2853 2226 2897 2285 ὦ
2956 2233 3248 2303 παρόντες,
3282 2235 3504 2290 πάντων
3545 2236 3665 2304 εὑη-

2108 2323 2362 2392 θέστερον
2379 2322 2569 2376 τοῦτον
2601 2323 2904 2391 κρίνωμεν,
2924 2309 3019 2377 ’τὸν
3049 2325 3294 2396 εὐχερῶς
3324 2327 3667 2398 κατακρίνον-

2108 2423 2197 2478 τα,
2243 2414 2740 2484 ἐπιλανθανόμενον
2775 2415 2873 2485 τῆς
2906 2417 3170 2470 ἀνωτάτω
3223 2420 3667 2491 φιλανθρωπίας,

2108 2504 2208 2574 τῆς
2235 2507 2561 2558 ἁνεικάστου
2584 2505 2967 2572 ἀγαθωσύνης,
2993 2509 3093 2576 τῆς
3122 2510 3528 2582 ἀνυπερϐλήτου
3553 2526 3673 2581 χρηο

2113 2596 2396 2664 στότητος,
2428 2597 2523 2648 τοῦ
2557 2613 2615 2648 τε
2641 2598 2932 2668 ἁναιρέτου
2978 2599 3078 2667 τῆς
3127 2601 3410 2670 ἁμαρτίας
3446 2603 3670 2669 ἁπάσης,

2112 2687 2209 2740 καὶ
2243 2688 2335 2739 τοῦ
2366 2685 2433 2740 δι’
2460 2689 2612 2757 ἡμᾶς
2642 2689 2854 2741 ἐκείνου
2885 2689 3140 2756 θανάτου,
3175 2694 3286 2746 τῶν
3325 2694 3673 2777 ὀνειδιῖςιπῶν

2115 2779 2477 2848 παθημάτων,
2507 2779 2616 2832 τῶν
2651 2779 2864 2845 ὕϐρεων
2885 2819 2901 2844 ,
2937 2783 3031 2838 καὶ
3063 2784 3162 2836 ὅσα
3191 2786 3318 2838 τότε
3350 2787 3673 2857 παρηκολούο

2115 2869 2248 2939 θησε
2270 2869 2347 2939 τῷ
2373 2871 2670 2940 παραλόγῳ
2703 2869 2860 2942 θυμῷ
2894 2873 3004 2925 τῶν
3036 2872 3328 2940 φονώντων
3353 2879 3414 2928 ἐκ
3442 2878 3530 2930 τοῦ
3561 2875 3678 2947 φθό-

2115 2977 2207 3012 νου
2236 2961 2630 3034 καθαρμάτων,
2667 2962 2997 3033 σκώμματα,
3025 2965 3500 3037 προπηλακισμοί,
3529 2969 3677 3038 βλασ-

2117 3055 2336 3127 φημίαι,
2414 3057 2748 3125 ἐμπτυσμοὶ,
2782 3057 3127 3128 ῥαπίσματα,
3175 3059 3329 3118 ἆπαν
3359 3061 3677 3132 ἐμπαιγμῶν

431 3168 711 3230 caputque
731 3155 935 3210 feriens
967 3153 1234 3212 Calamus.
1268 3149 1534 3212 Nimirum
1563 3151 2008 3214 destillabattuuc

2117 3144 2295 3211 εἷδοςο
2348 3146 2442 3200 καὶ
2470 3149 2534 3218 δὴ
2563 3150 2658 3212 καὶ
2710 3150 2977 3218 στέφανος
3031 3149 3261 3223 ὕϐρεως.
3321 3158 3417 3212 καὶ
3455 3157 3678 3226 κάλαμος

431 3271 466 3309 e
493 3249 819 3319 beauit-acie
843 3247 1010 3302 divini
1050 3245 1270 3313 capitis,
1303 3245 1600 3312 vulnerati,
1638 3259 1760 3300 mea
1789 3244 2007 3314 quidem

434 3338 734 3402 sententia,
759 3345 868 3390 tam
907 3352 938 3391 a
969 3336 1186 3394 calamo
1229 3349 1396 3404 quam
1427 3347 1457 3386 a
1490 3334 1682 3402 spinis,
1711 3333 1781 3390 de
1809 3333 2010 3403 quibus

436 3431 695 3488 salutaris
729 3427 822 3482 illa
869 3425 1025 3480 nobis
1063 3439 1264 3480 corona
1310 3422 1558 3478 manibus
1613 3423 2009 3476 homicidarum

436 3531 696 3582 contexta
748 3519 872 3576 fuit.
936 3519 1116 3584 Babae,
1155 3526 1362 3587 quanta
1389 3515 1552 3571 fecit!
1604 3523 1807 3586 quanta
1849 3517 2014 3569 susti-

436 3616 589 3672 nuit!
647 3620 706 3667 et
757 3611 973 3680 quidem
1034 3623 1132 3678 pro
1175 3607 1434 3674 inimicis,
1489 3620 1587 3676 pro
1637 3605 2014 3660 condemnatis

437 3703 799 3762 hominibus:
836 3702 1063 3772 propter
1098 3716 1234 3769 quos
1298 3709 1353 3754 et
1411 3699 1575 3752 homo
1618 3697 1794 3752 factus
1825 3705 1927 3761 est,
1984 3713 2016 3752 e

437 3799 672 3854 muliere
705 3805 890 3860 natus,
918 3802 972 3847 et
1001 3807 1225 3848 carnem
1258 3807 1320 3845 ac
1349 3799 1724 3860 paupertatem
1770 3799 2014 3844 nostram

410 3890 701 3958 'suscepit,
733 3902 839 3956 quo
859 3887 978 3954 .pati
1005 3893 1188 3953 posset
1230 3901 1244 3940 :
1278 3893 1337 3936 ut
1387 3897 1487 3940 nos
1516 3881 1778 3944 liberaret
1809 3897 1836 3934 a
1886 3895 2017 3934 cru-

439 3982 585 4036 ciatu
649 3989 703 4034 et
736 3979 892 4031 malis
925 3976 1144 4031 aeternis
1179 3973 1346 4028 animi
1391 3973 1595 4043 pariter
1622 3982 1787 4041 atque
1819 3985 2017 4040 corpo-

439 4075 540 4137 ris,
599 4073 799 4142 qu’bus
851 4071 1171 4126 universum
1219 4081 1391 4138 genus
1443 4066 1722 4120 hominum
1768 4062 2013 4126 obnoxii,

439 4165 738 4222 multorum
769 4173 1199 4230 magnorumque
1227 4172 1392 4212 causa
1421 4158 1747 4212 delictorum
1772 4168 2016 4209 eramus.

441 4257 567 4312 llaec
620 4265 800 4309 autem
862 4251 1046 4306 omnia
1099 4250 1474 4306 demonstrant
1530 4247 1700 4324 ipsius
1740 4260 1869 4313 erga
1920 4258 2019 4299 nos

441 4362 685 4410 amorem
734 4346 1036 4415 quemdam
1097 4327 1451 4402 ineffabilem,
1509 4346 1563 4392 et
1601 4351 1766 4406 supra
1823 4336 2020 4389 mentis

444 4440 856 4509 intelligentiam
900 4437 1158 4504 positum.
1195 4432 1420 4487 Poterat
1449 4429 1592 4484 enim
1627 4429 1826 4483 caelum
1861 4428 2018 4482 inco-

2113 3239 2255 3294 κατά
2286 3242 2528 3310 κορυφῆς
2565 3239 2763 3294 παίων.
2806 3236 2884 3293 Ἦ
2911 3259 3015 3294 που
3052 3245 3365 3308 κατέσταξε
3391 3246 3482 3302 τοῦ
3514 3264 3678 3318 μακα-

2116 3331 2233 3400 ρίου
2268 3331 2390 3384 τὸτε
2432 3333 2729 3400 προσώπου
2759 3332 2820 3386 τὸ
2863 3333 2964 3400 τῆς
3016 3329 3206 3405 θεῗκῆς
3251 3339 3506 3410 κεφαλῆς
3533 3334 3679 3407 αἷμα,

2113 3417 2621 3492 τρωθείσηςρίμαι,
2650 3423 2836 3493 καὶτῷ
2867 3424 3236 3496 καλάμῳ,,κα“ι
3263 3432 3388 3494 ταῖς
3410 3429 3679 3491 ἀκάνθαις,

2117 3507 2204 3576 αἶς
2227 3515 2254 3565 ὁ
2278 3513 2542 3583 σωτήριος
2577 3515 2708 3584 ήμῖν
2755 3517 2914 3585 χερσὶ
2960 3515 3070 3570 τῶν
3122 3518 3452 3591 ἀλαστόρων
3483 3521 3679 3588 ἐπλάκη

2117 3603 2398 3671 στέφανος.
2435 3604 2606 3658 Βαϐαὶ
2629 3643 2643 3668 ,
2698 3606 2781 3659 ὅτ’
2811 3606 3050 3676 ἔπραξεν
3069 3607 3088 3670 ι
3145 3609 3225 3661 ὅσ’
3253 3610 3513 3682 ύπέστηί
3558 3611 3682 3679 ὑπὲρ

2118 3695 2352 3765 ἐχθρῶν,
2389 3695 2530 3764 ὑπὲρ
2589 3699 2939 3767 κατακρίτων
2969 3697 3317 3768 ἀνθρώπων*
3357 3701 3425 3755 δι’
3479 3701 3569 3764 οὓς
3601 3699 3685 3752 καὶ

2119 3785 2347 3854 γέγονεν
2399 3786 2714 3855 ἄνθρωπος,
2770 3789 2834 3841 ἐκ
2865 3791 3127 3856 γυναικὸς
3173 3793 3486 3862 γεννηθεὶς,
3521 3794 3684 3860 σάρκα

2120 3878 2215 3930 καὶ
2245 3877 2437 3930 πενίαν
2462 3878 2560 3947 τὴν
2604 3879 2886 3950 ήμετέραν
2918 3879 3386 3951 καταδεξάμενος,
3425 3884 3562 3952 ὑπὲρ
3601 3880 3684 3934 τοῦ

2121 3968 2315 4022 παθεῖν
2334 3969 2630 4040 δυνηθῆναι
2649 3984 2666 4000 ο
2700 3969 2770 4023 ἶν’
2793 3973 2942 4041 ἡμᾶς
2965 3972 3316 4044 ἐλευθερώσῃ
3351 3976 3574 4038 πάθους,
3602 3976 3686 4025 καὶ

2118 4051 2312 4113 δεινῶν
2344 4060 2628 4114 ἀθανάτων
2670 4061 2807 4130 ὁμοῦ
2841 4062 3023 4133 ψυχῆς
3054 4079 3113 4115 τε
3149 4064 3244 4116 καὶ
3291 4065 3572 4133 σώματος,
3621 4055 3688 4114 ὧν

2122 4151 2184 4204 τὸ
2214 4151 2368 4220 γένος
2403 4153 2547 4206 ἆπαν
2595 4152 2852 4224 ὑπόχρεῳ
2883 4148 3046 4223 ἦμεν,
3079 4155 3201 4207 ἀντὶ
3231 4156 3449 4210 πολλῶν
3479 4155 3570 4209 καὶ
3601 4169 3688 4223 με·

2123 4243 2305 4311 γάλων
2335 4245 2777 4314 ἁμαρτημάτων.
2820 4244 3005 4298 Ταῦτα
3037 4246 3094 4308 δὲ
3122 4246 3300 4300 πάντα
3337 4249 3578 4302 δείκνυσι
3602 4245 3690 4315 τὴν

2125 4337 2204 4398 εἰς
2233 4335 2381 4405 ἡμᾶς
2411 4335 2632 4406 ἀγάπην
2655 4335 2844 4400 αὐτοῦ,
2869 4337 3108 4408 άρῤητόν
3130 4356 3250 4390 τινα
3275 4341 3375 4393 καὶ
3399 4337 3689 4405 ἀκατανόη·

2125 4443 2214 4480 τον
2247 4425 2431 4481 οὖσαν.
2458 4427 2715 4482 Ἐδύνατο
2743 4429 2844 4498 μὲν
2867 4430 2996 4501 γὰρ,
3023 4430 3116 4493 τὸν
3156 4432 3395 4499 οὐρανόν
3425 4449 3480 4484 τε
3512 4429 3688 4491 οἰκῶν,

440 4539 578 4602 lens,
624 4548 966 4601 nequaquam
1010 4539 1288 4598 assumpta
1353 4534 1549 4580 natura
1603 4534 1815 4588 nostra,
1851 4522 2008 4578 verba

2127 4519 2221 4571 καὶ
2269 4518 2535 4588 μηδαμῶς
2586 4520 2994 4590 ἀναλαϐόμενος
3023 4521 3082 4574 τὸ
3117 4523 3408 4592 ἡμέτερον,
3442 4522 3532 4576 καὶ
3556 4521 3690 4588 λόγῳ

441 4631 710 4684 duntaxat
747 4641 811 4678 ac
849 4633 980 4679 nutu
1023 4621 1256 4676 liberare
1280 4633 1449 4689 genus
1477 4624 1724 4671 nostrum
1763 4630 1793 4670 e
1821 4615 2019 4669 diaboli

444 4718 679 4772 vinculis
719 4732 782 4769 ac
827 4715 1134 4786 tyrannide,
1167 4725 1375 4780 nosque
1411 4723 1504 4777 per
1531 4707 1714 4762 omnia
1740 4707 2018 4761 beneﬁciis

445 4811 684 4866 allicere.
719 4810 906 4862 Itidem
933 4807 1042 4876 pati
1076 4819 1184 4859 non
1211 4806 1502 4872 potuisset,
1533 4814 1637 4854 non
1679 4798 1859 4854 lactus
1876 4799 2022 4869 ejus-

447 4909 568 4957 dem
633 4899 916 4954 nobiseum
988 4895 1310 4950 substantia:
1363 4891 1654 4960 particeps.
1706 4887 1907 4943 Verum
1966 4897 2024 4941 ut

448 5008 688 5048 amorem
724 5007 850 5060 erga
889 5006 1010 5052 nos,
1043 4987 1174 5056 proh
1207 4985 1492 5054 quantum!
1539 4983 1880 5048 ostenderet,
1916 4998 2022 5037 non

445 5099 736 5150 contentus
755 5102 882 5150 uno,
919 5084 1173 5137 nimirum
1203 5089 1260 5134 ut
1291 5079 1448 5133 nabis
1475 5079 1838 5142 benefaceret,
1859 5077 2022 5132 etiam

451 5183 682 5237 alterum
719 5177 941 5248 adjecit,
1000 5174 1279 5230 cruciatus
1338 5170 1589 5226 videlicet
1654 5181 1878 5240 propter
1925 5185 2026 5224 nos

450 5291 604 5339 suos,
633 5282 964 5342 quoscarne
989 5281 1193 5342 passus
1223 5274 1326 5320 est.
1364 5263 1494 5318 Nam
1535 5263 1642 5317 tale
1665 5263 1925 5332 quiddam
1943 5270 2027 5316 est

453 5381 615 5420 verus
649 5375 846 5418 amor:
883 5358 1015 5413 facit
1047 5367 1106 5412 ut
1137 5373 1326 5412 antans
1351 5358 1632 5413 continere
1659 5371 1718 5411 se
1748 5371 1853 5409 non
1887 5369 2023 5424 pos-

456 5461 551 5524 sit,
575 5456 705 5526 quin
731 5459 953 5522 propter
976 5449 1234 5505 dilectum
1270 5450 1531 5520 patiatur.
1564 5451 1739 5516 Atque
1771 5448 1873 5501 hoc
1893 5444 2024 5498 mihi

451 5562 613 5622 caput
645 5547 994 5605 demissiouis
1019 5554 1072 5604 et.
1108 5543 1391 5600 societatis
1419 5557 1546 5618 erga
1579 5556 1680 5595 nos
1719 5539 2027 5594 Salvatoris

448 5645 618 5700 ttosu‘i
650 5642 862 5696 videtur
910 5653 1046 5693 esse.
1080 5635 1213 5691 Nam
1245 5637 1289 5690 si
1330 5639 1472 5690 hunc
1528 5649 1769 5688 amorem
1841 5633 1891 5685 in
1931 5631 2036 5683 ho-‘

457 5734 694 5789 minibus
745 5733 908 5788 etiam
941 5731 1188 5787 invenire
1246 5731 1396 5794 licet,
1433 5742 1608 5796 neque
1669 5726 1761 5778 Dei
1819 5733 2026 5778 tantum

446 5839 636 5889 causa.
658 5829 761 5888 sed
787 5827 1070 5892 hominum
1091 5815 1333 5896 quoque,
1371 5830 1620 5882 mortuos
1667 5819 1874 5875 scimus
1927 5815 2026 5871 ali-

2131 4610 2297 4679 μὸνῳ,
2335 4613 2429 4664 κα¹ι
2458 4611 2714 4684 νεύματι,
2751 4614 2861 4666 τῶν
2894 4611 2988 4666 τοῦ
3031 4613 3280 4676 διαϐόλου
3313 4615 3532 4685 δεσμῶν
3559 4653 3572 4678 ,
3605 4611 3692 4664 καὶ

2126 4704 2224 4772 τῆς
2253 4704 2568 4773 τυραννίδος
2593 4746 2606 4767 ,
2663 4705 2932 4758 λύσασθαι
2983 4705 3042 4758 τὸ
3079 4707 3236 4774 γένος
3281 4709 3436 4777 ήμῖν,
3488 4706 3582 4759 κοιλ⁸
3611 4705 3689 4756 διὰ

2129 4798 2347 4851 πάντων
2375 4797 2688 4868 εὐεργετεῖν
2709 4815 2722 4829 ο
2759 4798 2954 4858 παθεῖν
2992 4799 3049 4851 δέ
3078 4799 3178 4852 οὐκ
3211 4798 3278 4851 ἂν
3306 4797 3441 4869 εἶχε,
3484 4800 3560 4870 μή
3598 4795 3692 4862 τῆς

2127 4889 2297 4958 αὐτῆς
2329 4890 2460 4960 ήμϊν
2493 4891 2836 4958 κοινωνήσας
2879 4889 3090 4953 οὐσίας.
3120 4891 3193 4942 Τὸ
3237 4891 3282 4943 δ’
3305 4891 3402 4944 οὖν
3447 4891 3526 4953 είς
3553 4888 3693 4959 ἡμᾶς

2129 4984 2578 5053 ἐπιδεικνύμενος
2644 4983 2866 5051 φίλτρον
2927 4984 3092 5046 ὃσονς
3168 4983 3284 5037 Οὐκ
3334 4982 3578 5054 ἠρκέσθη
3632 4993 3691 5048 γε

2128 5076 2367 5146 θατέρῳ,
2401 5075 2547 5140 λέγω
2605 5073 2676 5143 δή
2723 5073 2802 5144 τῷ
2855 5068 2914 5128 εὖ
2971 5075 3174 5137 ποιεῖν,
3223 5074 3362 5128 ἀλλὰ
3391 5075 3486 5128 καὶ
3546 5071 3692 5124 θάτε-

2131 5185 2225 5239 ρον
2271 5167 2608 5238 προσέθηκε,
2663 5164 2734 5217 τά
2801 5165 2869 5219 δι’
2929 5167 3076 5236 ἡμᾶς
3136 5167 3344 5219 ἐκείνου
3402 5167 3689 5234 παθήματα

2127 5259 2216 5315 διὰ
2246 5262 2345 5330 τῆς
2378 5259 2599 5327 σαρκός.
2632 5257 2890 5338 Τοιοῦτον
2937 5257 3046 5328 γάρ
3087 5260 3113 5310 ὀ
3156 5257 3360 5327 ἀληθὴς
3391 5256 3551 5328 ἔρως.
3583 5254 3691 5306 Οὐκ

2130 5351 2419 5420 ἀνέχεσθαι
2455 5351 2602 5404 ποιεῖ
2624 5350 2716 5402 τὸν
2741 5347 2974 5419 ἐρῶντα,
3009 5348 3059 5400 εί
3087 5348 3163 5418 μὴ
3192 5349 3279 5401 διὰ
3304 5347 3395 5399 τὸν
3426 5347 3690 5414 ἐρώμενον

2133 5443 2314 5496 πάθοι.
2353 5442 2460 5495 Καὶ
2495 5439 2652 5492 τοῦτό
2694 5457 2784 5509 μοι
2815 5439 2962 5492 δοκεῖ
3002 5439 3062 5492 τὸ
3093 5438 3386 5508 κεφάλαιον
3432 5432 3570 5489 εῖναι
3600 5435 3691 5500 τῆς

2135 5533 2270 5602 πρὸς
2301 5533 2448 5600 ἡμᾶς
2481 5531 2575 5584 τοῦ
2612 5531 2865 5601 Σωτῆρος
2893 5528 3353 5598 συγκαταὸάσεὼς
3384 5545 3443 5582 τε
3468 5527 3555 5580 καὶ
3583 5539 3690 5577 κοι-

2131 5629 2350 5688 νωνίας.
2386 5626 2449 5678 El
2500 5625 2608 5693 γάρ
2659 5625 2718 5676 ἐν
2752 5623 3065 5695 ἀνθρώποις
3105 5622 3253 5676 ἐστιν
3281 5622 3463 5692 εὑρεῖν
3494 5611 3690 5672 τουτονὶ

2130 5718 2222 5770 τὸν
2246 5718 2444 5789 ἔρωτα,
2479 5717 2574 5768 καὶ
2605 5715 2703 5784 οὐχ
2732 5714 2871 5784 ὑπὲρ
2897 5713 2990 5767 τοῦ
3047 5713 3180 5767 Θεοῦ
3231 5714 3409 5784 μόνον,
3441 5707 3572 5765 ἀλλὰ
3602 5703 3689 5758 καὶ

2136 5812 2277 5879 ὑπὲρ
2309 5808 2616 5876 ἀνθρώπων
2642 5806 2924 5873 χαίροντές
2957 5821 3103 5866 τινες
3133 5805 3350 5862 τεθνᾶσι
3396 5799 3562 5857 πολλά
3589 5813 3686 5850 πα·
