  <div class='ocr_page' id='page_1' title='image "/cluster/home/n/w/nwhite01/storage/ocr_20150623/156/coo.31924054870617/268.png"; bbox 0 0 3958 6434; ppageno 0'>
   <div class='ocr_carea' id='block_1_1' title="bbox 744 357 1453 381">
    <p class='ocr_par' dir='ltr' id='par_1_1' title="bbox 744 357 1453 381">
     <span class='ocr_line' id='line_1_1' title="bbox 744 357 1453 381; baseline 0.006 -6"><span class='ocrx_word' id='word_1_1' title='bbox 744 368 749 371; x_wconf 51' lang='grc' dir='ltr'><strong>μ</strong></span> <span class='ocrx_word' id='word_1_2' title='bbox 776 364 945 381; x_wconf 23' lang='grc' dir='ltr'><strong>ἤμην-’ν’</strong></span> <span class='ocrx_word' id='word_1_3' title='bbox 964 357 1029 365; x_wconf 72' lang='grc'><em>”’“““”</em></span> <span class='ocrx_word' id='word_1_4' title='bbox 1222 364 1251 368; x_wconf 40' lang='grc' dir='ltr'>ὴ</span> <span class='ocrx_word' id='word_1_5' title='bbox 1286 369 1395 375; x_wconf 47' lang='grc' dir='ltr'><strong>ντ-ιτονκ</strong></span> <span class='ocrx_word' id='word_1_6' title='bbox 1417 372 1453 379; x_wconf 46' lang='grc' dir='ltr'><strong>-η</strong></span> 
     </span>
    </p>
   </div>
   <div class='ocr_carea' id='block_1_2' title="bbox 246 418 346 490">
    <p class='ocr_par' dir='ltr' id='par_1_2' title="bbox 246 418 346 490">
     <span class='ocr_line' id='line_1_2' title="bbox 246 418 346 490; baseline 0.06 -5"><span class='ocrx_word' id='word_1_7' title='bbox 246 418 346 490; x_wconf 79' lang='lat'><strong>521</strong></span> 
     </span>
    </p>
   </div>
   <div class='ocr_carea' id='block_1_3' title="bbox 1651 417 2085 483">
    <p class='ocr_par' dir='ltr' id='par_1_3' title="bbox 1651 417 2085 483">
     <span class='ocr_line' id='line_1_3' title="bbox 1651 417 2085 483; baseline 0.007 -6"><span class='ocrx_word' id='word_1_8' title='bbox 1651 417 1944 479; x_wconf 82' lang='lat' dir='ltr'><strong>ORATIO</strong></span> <span class='ocrx_word' id='word_1_9' title='bbox 1987 419 2085 483; x_wconf 83' lang='lat' dir='ltr'><strong>Vi.</strong></span> 
     </span>
    </p>
   </div>
   <div class='ocr_carea' id='block_1_4' title="bbox 3405 415 3512 480">
    <p class='ocr_par' dir='ltr' id='par_1_4' title="bbox 3405 415 3512 480">
     <span class='ocr_line' id='line_1_4' title="bbox 3405 415 3512 480; baseline -0.009 -2"><span class='ocrx_word' id='word_1_10' title='bbox 3405 415 3512 480; x_wconf 67' lang='lat'><strong>522</strong></span> 
     </span>
    </p>
   </div>
   <div class='ocr_carea' id='block_1_5' title="bbox 248 531 1851 606">
    <p class='ocr_par' dir='ltr' id='par_1_5' title="bbox 248 533 1834 606">
     <span class='ocr_line' id='line_1_5' title="bbox 248 533 1834 606; baseline -0.005 -9"><span class='ocrx_word' id='word_1_11' title='bbox 248 544 457 606; x_wconf 82' lang='grc' dir='ltr'>θόντες,</span> <span class='ocrx_word' id='word_1_12' title='bbox 491 538 605 601; x_wconf 79' lang='grc' dir='ltr'><strong>πῶς</strong></span> <span class='ocrx_word' id='word_1_13' title='bbox 652 536 754 590; x_wconf 73' lang='grc' dir='ltr'><strong>οὐκ</strong></span> <span class='ocrx_word' id='word_1_14' title='bbox 789 533 855 590; x_wconf 71' lang='grc' dir='ltr'>ἂν</span> <span class='ocrx_word' id='word_1_15' title='bbox 887 533 1150 606; x_wconf 81' lang='grc' dir='ltr'><strong>ἁρμόσειε</strong></span> <span class='ocrx_word' id='word_1_16' title='bbox 1199 533 1359 588; x_wconf 85' lang='grc' dir='ltr'>τοῦτο</span> <span class='ocrx_word' id='word_1_17' title='bbox 1400 533 1480 603; x_wconf 81' lang='grc' dir='ltr'><strong>τῷ</strong></span> <span class='ocrx_word' id='word_1_18' title='bbox 1521 534 1618 604; x_wconf 78' lang='grc' dir='ltr'>τῆς</span> <span class='ocrx_word' id='word_1_19' title='bbox 1657 534 1834 606; x_wconf 80' lang='grc' dir='ltr'>ἄκρας</span> 
     </span>
    </p>
   </div>
   <div class='ocr_carea' id='block_1_6' title="bbox 1953 531 3513 606">
    <p class='ocr_par' dir='ltr' id='par_1_6' title="bbox 1953 531 3513 605">
     <span class='ocr_line' id='line_1_6' title="bbox 1953 531 3513 605; baseline -0.001 -16"><span class='ocrx_word' id='word_1_20' title='bbox 1953 550 2074 605; x_wconf 57' lang='lat' dir='ltr'><strong>tuos</strong></span> <span class='ocrx_word' id='word_1_21' title='bbox 2100 548 2221 590; x_wconf 89' lang='lat' dir='ltr'><strong>cum</strong></span> <span class='ocrx_word' id='word_1_22' title='bbox 2264 533 2561 603; x_wconf 71' lang='lat' dir='ltr'><strong>voluptate,</strong></span> <span class='ocrx_word' id='word_1_23' title='bbox 2607 531 2777 587; x_wconf 90' lang='lat' dir='ltr'><strong>multa</strong></span> <span class='ocrx_word' id='word_1_24' title='bbox 2834 532 2987 600; x_wconf 89' lang='lat' dir='ltr'><strong>prius</strong></span> <span class='ocrx_word' id='word_1_25' title='bbox 3040 544 3349 601; x_wconf 84' lang='lat' dir='ltr'><strong>perpessos,</strong></span> <span class='ocrx_word' id='word_1_26' title='bbox 3405 539 3513 601; x_wconf 88' lang='lat' dir='ltr'><strong>quo</strong></span> 
     </span>
    </p>
   </div>
   <div class='ocr_carea' id='block_1_7' title="bbox 246 626 1825 703">
    <p class='ocr_par' dir='ltr' id='par_1_7' title="bbox 246 626 1825 703">
     <span class='ocr_line' id='line_1_7' title="bbox 246 626 1825 703; baseline -0.004 -16"><span class='ocrx_word' id='word_1_27' title='bbox 246 632 582 703; x_wconf 77' lang='grc' dir='ltr'>ἁγαθότητος</span> <span class='ocrx_word' id='word_1_28' title='bbox 606 627 813 699; x_wconf 63' lang='grc' dir='ltr'>’ἐρωτις</span> <span class='ocrx_word' id='word_1_29' title='bbox 851 628 951 680; x_wconf 65' lang='grc' dir='ltr'><strong>Διὰ</strong></span> <span class='ocrx_word' id='word_1_30' title='bbox 987 626 1202 680; x_wconf 78' lang='grc' dir='ltr'><strong>πολλῶν</strong></span> <span class='ocrx_word' id='word_1_31' title='bbox 1258 627 1357 697; x_wconf 80' lang='grc' dir='ltr'>μὲν</span> <span class='ocrx_word' id='word_1_32' title='bbox 1387 626 1496 697; x_wconf 74' lang='grc' dir='ltr'>γὰρ</span> <span class='ocrx_word' id='word_1_33' title='bbox 1525 627 1621 679; x_wconf 72' lang='grc' dir='ltr'><strong>καὶ</strong></span> <span class='ocrx_word' id='word_1_34' title='bbox 1648 627 1825 680; x_wconf 76' lang='grc' dir='ltr'>ἄλλων</span> 
     </span>
    </p>
   </div>
   <div class='ocr_carea' id='block_1_8' title="bbox 245 720 1827 798">
    <p class='ocr_par' dir='ltr' id='par_1_8' title="bbox 245 720 1827 798">
     <span class='ocr_line' id='line_1_8' title="bbox 245 720 1827 798; baseline -0.006 -18"><span class='ocrx_word' id='word_1_35' title='bbox 245 727 484 798; x_wconf 76' lang='grc' dir='ltr'>ὴδύνατο</span> <span class='ocrx_word' id='word_1_36' title='bbox 513 723 731 794; x_wconf 83' lang='grc' dir='ltr'>τρόπων</span> <span class='ocrx_word' id='word_1_37' title='bbox 763 722 935 776; x_wconf 84' lang='grc' dir='ltr'>σῶσαι</span> <span class='ocrx_word' id='word_1_38' title='bbox 960 721 1052 774; x_wconf 72' lang='grc' dir='ltr'><strong>τὸν</strong></span> <span class='ocrx_word' id='word_1_39' title='bbox 1081 720 1370 791; x_wconf 80' lang='grc' dir='ltr'>ἄνθρωπον</span> <span class='ocrx_word' id='word_1_40' title='bbox 1398 720 1427 772; x_wconf 85' lang='grc' dir='ltr'>ὁ</span> <span class='ocrx_word' id='word_1_41' title='bbox 1445 720 1657 789; x_wconf 85' lang='grc' dir='ltr'>Σωτὴρ,</span> <span class='ocrx_word' id='word_1_42' title='bbox 1690 720 1827 772; x_wconf 74' lang='grc' dir='ltr'>ἔσω-</span> 
     </span>
    </p>
   </div>
   <div class='ocr_carea' id='block_1_9' title="bbox 247 806 1829 884">
    <p class='ocr_par' dir='ltr' id='par_1_9' title="bbox 247 806 1829 884">
     <span class='ocr_line' id='line_1_9' title="bbox 247 806 1829 884; baseline -0.009 -14"><span class='ocrx_word' id='word_1_43' title='bbox 247 832 312 870; x_wconf 76' lang='grc' dir='ltr'><strong>σε</strong></span> <span class='ocrx_word' id='word_1_44' title='bbox 343 815 389 868; x_wconf 75' lang='grc' dir='ltr'>δ’</span> <span class='ocrx_word' id='word_1_45' title='bbox 411 813 504 867; x_wconf 74' lang='grc' dir='ltr'><strong>οὖν</strong></span> <span class='ocrx_word' id='word_1_46' title='bbox 530 810 854 884; x_wconf 77' lang='grc' dir='ltr'>σαρκωθεὶς,</span> <span class='ocrx_word' id='word_1_47' title='bbox 890 808 1113 880; x_wconf 83' lang='grc' dir='ltr'>πρέπον.</span> <span class='ocrx_word' id='word_1_48' title='bbox 1131 807 1192 861; x_wconf 84' lang='grc' dir='ltr'>ὃν</span> <span class='ocrx_word' id='word_1_49' title='bbox 1213 806 1357 861; x_wconf 81' lang='grc' dir='ltr'>οὓτω</span> <span class='ocrx_word' id='word_1_50' title='bbox 1391 807 1668 877; x_wconf 80' lang='grc' dir='ltr'>γενέσθαι,</span> <span class='ocrx_word' id='word_1_51' title='bbox 1698 806 1829 858; x_wconf 82' lang='grc' dir='ltr'>πο).-</span> 
     </span>
    </p>
   </div>
   <div class='ocr_carea' id='block_1_10' title="bbox 245 884 1828 977">
    <p class='ocr_par' dir='ltr' id='par_1_10' title="bbox 245 884 1828 977">
     <span class='ocr_line' id='line_1_10' title="bbox 245 884 1828 977; baseline -0.009 -16"><span class='ocrx_word' id='word_1_52' title='bbox 245 906 357 961; x_wconf 88' lang='grc' dir='ltr'>λῶν</span> <span class='ocrx_word' id='word_1_53' title='bbox 388 904 486 977; x_wconf 80' lang='grc' dir='ltr'>μὲν</span> <span class='ocrx_word' id='word_1_54' title='bbox 519 904 684 958; x_wconf 76' lang='grc' dir='ltr'>ἕνεκα</span> <span class='ocrx_word' id='word_1_55' title='bbox 720 902 812 955; x_wconf 74' lang='grc' dir='ltr'><strong>καὶ</strong></span> <span class='ocrx_word' id='word_1_56' title='bbox 857 900 1132 971; x_wconf 81' lang='grc' dir='ltr'><strong>μεγάλων,</strong></span> <span class='ocrx_word' id='word_1_57' title='bbox 1190 899 1431 969; x_wconf 81' lang='grc' dir='ltr'>μάλιστα</span> <span class='ocrx_word' id='word_1_58' title='bbox 1480 884 1535 950; x_wconf 83' lang='grc' dir='ltr'>δὲ</span> <span class='ocrx_word' id='word_1_59' title='bbox 1560 898 1660 964; x_wconf 81' lang='grc' dir='ltr'>τῆς</span> <span class='ocrx_word' id='word_1_60' title='bbox 1692 897 1828 966; x_wconf 81' lang='grc' dir='ltr'>πρὸς</span> 
     </span>
    </p>
   </div>
   <div class='ocr_carea' id='block_1_11' title="bbox 245 987 1826 1072">
    <p class='ocr_par' dir='ltr' id='par_1_11' title="bbox 245 987 1826 1072">
     <span class='ocr_line' id='line_1_11' title="bbox 245 987 1826 1072; baseline -0.009 -19"><span class='ocrx_word' id='word_1_61' title='bbox 245 999 398 1072; x_wconf 80' lang='grc' dir='ltr'>ἡμᾶς</span> <span class='ocrx_word' id='word_1_62' title='bbox 429 996 651 1066; x_wconf 81' lang='grc' dir='ltr'>ἀγάπης</span> <span class='ocrx_word' id='word_1_63' title='bbox 692 994 880 1059; x_wconf 83' lang='grc' dir='ltr'>αὑτοῦ,</span> <span class='ocrx_word' id='word_1_64' title='bbox 937 993 1254 1063; x_wconf 76' lang='grc' dir='ltr'>ὑπερφυοῦς</span> <span class='ocrx_word' id='word_1_65' title='bbox 1294 989 1481 1060; x_wconf 78' lang='grc' dir='ltr'>οὔσης.</span> <span class='ocrx_word' id='word_1_66' title='bbox 1515 988 1627 1042; x_wconf 73' lang='grc' dir='ltr'>Καὶ</span> <span class='ocrx_word' id='word_1_67' title='bbox 1673 987 1826 1041; x_wconf 83' lang='grc' dir='ltr'>ταῦτ’</span> 
     </span>
    </p>
   </div>
   <div class='ocr_carea' id='block_1_12' title="bbox 246 1078 1829 1155">
    <p class='ocr_par' dir='ltr' id='par_1_12' title="bbox 246 1078 1829 1155">
     <span class='ocr_line' id='line_1_12' title="bbox 246 1078 1829 1155; baseline -0.01 -10"><span class='ocrx_word' id='word_1_68' title='bbox 246 1090 406 1153; x_wconf 79' lang='grc' dir='ltr'>εἰδὼς</span> <span class='ocrx_word' id='word_1_69' title='bbox 436 1090 541 1151; x_wconf 72' lang='grc' dir='ltr'><strong>πᾶς</strong></span> <span class='ocrx_word' id='word_1_70' title='bbox 563 1084 817 1140; x_wconf 77' lang='grc' dir='ltr'><strong>ὁστισοῦν</strong></span> <span class='ocrx_word' id='word_1_71' title='bbox 844 1083 954 1138; x_wconf 83' lang='grc' dir='ltr'><strong>τῶν</strong></span> <span class='ocrx_word' id='word_1_72' title='bbox 979 1083 1272 1155; x_wconf 77' lang='grc' dir='ltr'>προϐάτιον</span> <span class='ocrx_word' id='word_1_73' title='bbox 1294 1083 1546 1143; x_wconf 88' lang='grc' dir='ltr'>ἐκείνων,</span> <span class='ocrx_word' id='word_1_74' title='bbox 1569 1078 1604 1134; x_wconf 79' lang='grc' dir='ltr'>ἃ</span> <span class='ocrx_word' id='word_1_75' title='bbox 1637 1078 1702 1149; x_wconf 81' lang='grc' dir='ltr'>δὴ</span> <span class='ocrx_word' id='word_1_76' title='bbox 1730 1079 1829 1147; x_wconf 82' lang='grc' dir='ltr'><strong>τῆς</strong></span> 
     </span>
    </p>
   </div>
   <div class='ocr_carea' id='block_1_13' title="bbox 246 1171 1828 1251">
    <p class='ocr_par' dir='ltr' id='par_1_13' title="bbox 246 1171 1828 1251">
     <span class='ocr_line' id='line_1_13' title="bbox 246 1171 1828 1251; baseline -0.008 -16"><span class='ocrx_word' id='word_1_77' title='bbox 246 1182 418 1251; x_wconf 80' lang='grc' dir='ltr'>αὐλῆς</span> <span class='ocrx_word' id='word_1_78' title='bbox 467 1181 585 1233; x_wconf 84' lang='grc' dir='ltr'>ἐστι</span> <span class='ocrx_word' id='word_1_79' title='bbox 636 1178 737 1247; x_wconf 83' lang='grc' dir='ltr'>τῆς</span> <span class='ocrx_word' id='word_1_80' title='bbox 783 1176 1134 1245; x_wconf 80' lang='grc' dir='ltr'>δεσποτικῆς,</span> <span class='ocrx_word' id='word_1_81' title='bbox 1176 1172 1452 1243; x_wconf 85' lang='grc' dir='ltr'>σκιρτάτω</span> <span class='ocrx_word' id='word_1_82' title='bbox 1489 1172 1701 1243; x_wconf 79' lang='grc' dir='ltr'>χαίρων</span> <span class='ocrx_word' id='word_1_83' title='bbox 1733 1171 1828 1224; x_wconf 74' lang='grc' dir='ltr'><strong>καὶ</strong></span> 
     </span>
    </p>
   </div>
   <div class='ocr_carea' id='block_1_14' title="bbox 247 1261 1829 1346">
    <p class='ocr_par' dir='ltr' id='par_1_14' title="bbox 247 1261 1829 1346">
     <span class='ocr_line' id='line_1_14' title="bbox 247 1261 1829 1346; baseline -0.011 -15"><span class='ocrx_word' id='word_1_84' title='bbox 247 1274 699 1346; x_wconf 70' lang='grc' dir='ltr'>φαιδρυνόμενος.</span> <span class='ocrx_word' id='word_1_85' title='bbox 735 1268 826 1324; x_wconf 79' lang='grc' dir='ltr'>Ἂν</span> <span class='ocrx_word' id='word_1_86' title='bbox 883 1269 984 1339; x_wconf 84' lang='grc' dir='ltr'><strong>μὲν</strong></span> <span class='ocrx_word' id='word_1_87' title='bbox 1018 1261 1189 1346; x_wconf 65' lang='grc' dir='ltr'><strong>γᾷρῇ</strong></span> <span class='ocrx_word' id='word_1_88' title='bbox 1230 1269 1296 1336; x_wconf 84' lang='grc' dir='ltr'>τῇ</span> <span class='ocrx_word' id='word_1_89' title='bbox 1332 1263 1542 1336; x_wconf 64' lang='grc' dir='ltr'>μάνδρᾳ</span> <span class='ocrx_word' id='word_1_90' title='bbox 1588 1262 1829 1341; x_wconf 82' lang='grc' dir='ltr'>συνδιαι-</span> 
     </span>
    </p>
   </div>
   <div class='ocr_carea' id='block_1_15' title="bbox 246 1354 1832 1438">
    <p class='ocr_par' dir='ltr' id='par_1_15' title="bbox 246 1354 1832 1438">
     <span class='ocr_line' id='line_1_15' title="bbox 246 1354 1832 1438; baseline -0.009 -17"><span class='ocrx_word' id='word_1_91' title='bbox 246 1366 512 1438; x_wconf 62' lang='grc' dir='ltr'>τώμενος,</span> <span class='ocrx_word' id='word_1_92' title='bbox 538 1365 633 1417; x_wconf 56' lang='grc' dir='ltr'><strong>καὶ⁸</strong></span> <span class='ocrx_word' id='word_1_93' title='bbox 676 1362 905 1432; x_wconf 84' lang='grc' dir='ltr'>πληρῶν</span> <span class='ocrx_word' id='word_1_94' title='bbox 937 1359 1029 1413; x_wconf 78' lang='grc' dir='ltr'><strong>τὸν</strong></span> <span class='ocrx_word' id='word_1_95' title='bbox 1076 1356 1313 1428; x_wconf 73' lang='grc' dir='ltr'>ἀριθμὸν</span> <span class='ocrx_word' id='word_1_96' title='bbox 1350 1356 1453 1425; x_wconf 83' lang='grc' dir='ltr'>τῆς</span> <span class='ocrx_word' id='word_1_97' title='bbox 1489 1354 1832 1427; x_wconf 81' lang='grc' dir='ltr'>θρυλλουμέ·</span> 
     </span>
    </p>
   </div>
   <div class='ocr_carea' id='block_1_16' title="bbox 247 1438 1834 1532">
    <p class='ocr_par' dir='ltr' id='par_1_16' title="bbox 247 1438 1834 1532">
     <span class='ocr_line' id='line_1_16' title="bbox 247 1438 1834 1532; baseline -0.013 -15"><span class='ocrx_word' id='word_1_98' title='bbox 247 1479 349 1532; x_wconf 81' lang='grc' dir='ltr'><strong>νης</strong></span> <span class='ocrx_word' id='word_1_99' title='bbox 374 1455 728 1518; x_wconf 82' lang='grc' dir='ltr'>ἐκατοντάδος</span> <span class='ocrx_word' id='word_1_100' title='bbox 779 1452 866 1526; x_wconf 83' lang='grc' dir='ltr'><strong>(ιῦ</strong></span> <span class='ocrx_word' id='word_1_101' title='bbox 919 1454 1029 1523; x_wconf 85' lang='grc' dir='ltr'>γὰρ</span> <span class='ocrx_word' id='word_1_102' title='bbox 1063 1448 1234 1505; x_wconf 85' lang='grc' dir='ltr'>ποιῶν</span> <span class='ocrx_word' id='word_1_103' title='bbox 1267 1438 1295 1503; x_wconf 83' lang='grc' dir='ltr'><strong>ό</strong></span> <span class='ocrx_word' id='word_1_104' title='bbox 1328 1448 1483 1517; x_wconf 81' lang='grc' dir='ltr'>λόγος</span> <span class='ocrx_word' id='word_1_105' title='bbox 1515 1448 1666 1520; x_wconf 80' lang='grc' dir='ltr'>ἡμᾶς</span> <span class='ocrx_word' id='word_1_106' title='bbox 1705 1448 1834 1521; x_wconf 55' lang='grc' dir='ltr'>ἐνήτ</span> 
     </span>
    </p>
   </div>
   <div class='ocr_carea' id='block_1_17' title="bbox 246 1536 1828 1624">
    <p class='ocr_par' dir='ltr' id='par_1_17' title="bbox 246 1536 1828 1624">
     <span class='ocr_line' id='line_1_17' title="bbox 246 1536 1828 1624; baseline -0.008 -18"><span class='ocrx_word' id='word_1_107' title='bbox 246 1570 423 1624; x_wconf 81' lang='grc' dir='ltr'>γαγεν</span> <span class='ocrx_word' id='word_1_108' title='bbox 453 1550 543 1604; x_wconf 80' lang='grc' dir='ltr'><strong>ἐπὶ</strong></span> <span class='ocrx_word' id='word_1_109' title='bbox 596 1546 695 1618; x_wconf 82' lang='grc' dir='ltr'>τὴν</span> <span class='ocrx_word' id='word_1_110' title='bbox 727 1542 1049 1618; x_wconf 71' lang='grc' dir='ltr'>παραϐολήν</span> <span class='ocrx_word' id='word_1_111' title='bbox 1105 1544 1207 1615; x_wconf 78' lang='grc' dir='ltr'><strong>ήδη</strong></span> <span class='ocrx_word' id='word_1_112' title='bbox 1242 1543 1498 1614; x_wconf 80' lang='grc' dir='ltr'>ταύτην),</span> <span class='ocrx_word' id='word_1_113' title='bbox 1539 1540 1632 1595; x_wconf 74' lang='grc' dir='ltr'><strong>ὑπ’</strong></span> <span class='ocrx_word' id='word_1_114' title='bbox 1663 1536 1828 1594; x_wconf 80' lang='grc' dir='ltr'>αὑτοῦ</span> 
     </span>
    </p>
   </div>
   <div class='ocr_carea' id='block_1_18' title="bbox 248 1635 1830 1715">
    <p class='ocr_par' dir='ltr' id='par_1_18' title="bbox 248 1635 1830 1715">
     <span class='ocr_line' id='line_1_18' title="bbox 248 1635 1830 1715; baseline -0.005 -17"><span class='ocrx_word' id='word_1_115' title='bbox 248 1642 507 1715; x_wconf 81' lang='grc' dir='ltr'><strong>ποιμένος</strong></span> <span class='ocrx_word' id='word_1_116' title='bbox 538 1636 860 1711; x_wconf 79' lang='grc' dir='ltr'>ἀχθήσεται,</span> <span class='ocrx_word' id='word_1_117' title='bbox 902 1636 997 1691; x_wconf 89' lang='grc' dir='ltr'><strong>τοῦ</strong></span> <span class='ocrx_word' id='word_1_118' title='bbox 1031 1636 1198 1692; x_wconf 82' lang='grc' dir='ltr'>καλοῦ</span> <span class='ocrx_word' id='word_1_119' title='bbox 1232 1654 1315 1699; x_wconf 85' lang='grc' dir='ltr'><strong>τε,</strong></span> <span class='ocrx_word' id='word_1_120' title='bbox 1349 1637 1444 1690; x_wconf 67' lang='grc' dir='ltr'><strong>καὶ</strong></span> <span class='ocrx_word' id='word_1_121' title='bbox 1472 1635 1542 1690; x_wconf 74' lang='grc' dir='ltr'>τὰ</span> <span class='ocrx_word' id='word_1_122' title='bbox 1576 1636 1830 1706; x_wconf 76' lang='grc' dir='ltr'>πρόϐατα</span> 
     </span>
    </p>
   </div>
   <div class='ocr_carea' id='block_1_19' title="bbox 249 1726 1829 1808">
    <p class='ocr_par' dir='ltr' id='par_1_19' title="bbox 249 1726 1829 1808">
     <span class='ocr_line' id='line_1_19' title="bbox 249 1726 1829 1808; baseline -0.004 -16"><span class='ocrx_word' id='word_1_123' title='bbox 249 1736 600 1808; x_wconf 80' lang='grc' dir='ltr'><strong>κτησαμένου</strong></span> <span class='ocrx_word' id='word_1_124' title='bbox 635 1731 817 1803; x_wconf 87' lang='grc' dir='ltr'>πολλῷ</span> <span class='ocrx_word' id='word_1_125' title='bbox 864 1732 1161 1804; x_wconf 77' lang='grc' dir='ltr'><strong>τιμήματι.</strong></span> <span class='ocrx_word' id='word_1_126' title='bbox 1212 1726 1323 1786; x_wconf 74' lang='grc' dir='ltr'>Καὶ</span> <span class='ocrx_word' id='word_1_127' title='bbox 1351 1732 1460 1803; x_wconf 81' lang='grc' dir='ltr'>γὰρ</span> <span class='ocrx_word' id='word_1_128' title='bbox 1493 1733 1659 1796; x_wconf 84' lang='grc' dir='ltr'>αὐτὸς</span> <span class='ocrx_word' id='word_1_129' title='bbox 1687 1732 1829 1802; x_wconf 61' lang='grc' dir='ltr'>ὑπὲρ</span> 
     </span>
    </p>
   </div>
   <div class='ocr_carea' id='block_1_20' title="bbox 251 1821 1828 1899">
    <p class='ocr_par' dir='ltr' id='par_1_20' title="bbox 251 1821 1828 1899">
     <span class='ocr_line' id='line_1_20' title="bbox 251 1821 1828 1899; baseline -0.003 -14"><span class='ocrx_word' id='word_1_130' title='bbox 251 1830 435 1885; x_wconf 84' lang='grc' dir='ltr'>αὐτῶν</span> <span class='ocrx_word' id='word_1_131' title='bbox 455 1829 552 1899; x_wconf 81' lang='grc' dir='ltr'>τὴν</span> <span class='ocrx_word' id='word_1_132' title='bbox 574 1826 752 1898; x_wconf 78' lang='grc' dir='ltr'>ψυχὴν</span> <span class='ocrx_word' id='word_1_133' title='bbox 780 1825 1019 1889; x_wconf 82' lang='grc' dir='ltr'><strong>τέθεικε,</strong></span> <span class='ocrx_word' id='word_1_134' title='bbox 1052 1825 1149 1879; x_wconf 71' lang='grc' dir='ltr'>καὶ</span> <span class='ocrx_word' id='word_1_135' title='bbox 1172 1824 1232 1879; x_wconf 81' lang='grc' dir='ltr'>τὸ</span> <span class='ocrx_word' id='word_1_136' title='bbox 1260 1825 1394 1878; x_wconf 79' lang='grc' dir='ltr'>ἴδιον</span> <span class='ocrx_word' id='word_1_137' title='bbox 1424 1825 1643 1896; x_wconf 81' lang='grc' dir='ltr'>ἐξέχεεν</span> <span class='ocrx_word' id='word_1_138' title='bbox 1671 1821 1828 1897; x_wconf 77' lang='grc' dir='ltr'>αἷμα,</span> 
     </span>
    </p>
   </div>
   <div class='ocr_carea' id='block_1_21' title="bbox 251 1904 1834 1988">
    <p class='ocr_par' dir='ltr' id='par_1_21' title="bbox 251 1904 1834 1988">
     <span class='ocr_line' id='line_1_21' title="bbox 251 1904 1834 1988; baseline -0.004 -11"><span class='ocrx_word' id='word_1_139' title='bbox 251 1924 351 1977; x_wconf 78' lang='grc' dir='ltr'>καὶ</span> <span class='ocrx_word' id='word_1_140' title='bbox 396 1917 591 1975; x_wconf 76' lang='grc' dir='ltr'>ἑαυτοῦ</span> <span class='ocrx_word' id='word_1_141' title='bbox 620 1919 714 1972; x_wconf 78' lang='grc' dir='ltr'><strong>τὸν</strong></span> <span class='ocrx_word' id='word_1_142' title='bbox 758 1915 963 1988; x_wconf 82' lang='grc' dir='ltr'>τρόπον</span> <span class='ocrx_word' id='word_1_143' title='bbox 989 1918 1180 1971; x_wconf 81' lang='grc' dir='ltr'>τοῦτον</span> <span class='ocrx_word' id='word_1_144' title='bbox 1211 1917 1542 1984; x_wconf 85' lang='grc' dir='ltr'>πεποίηκεν,</span> <span class='ocrx_word' id='word_1_145' title='bbox 1576 1904 1834 1971; x_wconf 78' lang='grc' dir='ltr'>οὐδέποτε</span> 
     </span>
    </p>
   </div>
   <div class='ocr_carea' id='block_1_22' title="bbox 249 2011 1837 2091">
    <p class='ocr_par' dir='ltr' id='par_1_22' title="bbox 249 2011 1837 2091">
     <span class='ocr_line' id='line_1_22' title="bbox 249 2011 1837 2091; baseline -0.004 -19"><span class='ocrx_word' id='word_1_146' title='bbox 249 2016 348 2072; x_wconf 71' lang='grc' dir='ltr'><strong>καὶ</strong></span> <span class='ocrx_word' id='word_1_147' title='bbox 378 2017 507 2084; x_wconf 75' lang='grc' dir='ltr'>πρὶν</span> <span class='ocrx_word' id='word_1_148' title='bbox 523 2014 657 2068; x_wconf 76' lang='grc' dir='ltr'>ὄντα</span> <span class='ocrx_word' id='word_1_149' title='bbox 688 2012 839 2078; x_wconf 84' lang='grc' dir='ltr'>ξένα.</span> <span class='ocrx_word' id='word_1_150' title='bbox 875 2012 943 2065; x_wconf 90' lang='grc' dir='ltr'>Τί</span> <span class='ocrx_word' id='word_1_151' title='bbox 977 2011 1085 2081; x_wconf 84' lang='grc' dir='ltr'>γὰρ</span> <span class='ocrx_word' id='word_1_152' title='bbox 1116 2011 1210 2066; x_wconf 79' lang='grc' dir='ltr'>καὶ</span> <span class='ocrx_word' id='word_1_153' title='bbox 1256 2011 1837 2091; x_wconf 23' lang='grc' dir='ltr'>παραδραμείται-τὴν</span> 
     </span>
    </p>
   </div>
   <div class='ocr_carea' id='block_1_23' title="bbox 247 2088 1838 2176">
    <p class='ocr_par' dir='ltr' id='par_1_23' title="bbox 247 2090 1838 2176">
     <span class='ocr_line' id='line_1_23' title="bbox 247 2090 1838 2176; baseline -0.004 -11"><span class='ocrx_word' id='word_1_154' title='bbox 247 2107 417 2165; x_wconf 79' lang='grc' dir='ltr'>αὐτοῦ</span> <span class='ocrx_word' id='word_1_155' title='bbox 438 2106 761 2161; x_wconf 77' lang='grc' dir='ltr'>δεσποτείαν</span> <span class='ocrx_word' id='word_1_156' title='bbox 786 2123 800 2170; x_wconf 79' lang='grc' dir='ltr'><strong>ς</strong></span> <span class='ocrx_word' id='word_1_157' title='bbox 827 2104 1031 2176; x_wconf 87' lang='grc' dir='ltr'>τριπλῆ</span> <span class='ocrx_word' id='word_1_158' title='bbox 1062 2105 1173 2174; x_wconf 81' lang='grc' dir='ltr'>γὰρ</span> <span class='ocrx_word' id='word_1_159' title='bbox 1201 2090 1422 2159; x_wconf 81' lang='grc' dir='ltr'>πάντων</span> <span class='ocrx_word' id='word_1_160' title='bbox 1450 2106 1719 2175; x_wconf 78' lang='grc' dir='ltr'>δεσπότης</span> <span class='ocrx_word' id='word_1_161' title='bbox 1750 2097 1838 2158; x_wconf 76' lang='grc' dir='ltr'>οὗ·</span> 
     </span>
    </p>
   </div>
   <div class='ocr_carea' id='block_1_24' title="bbox 249 2194 1870 2269">
    <p class='ocr_par' dir='ltr' id='par_1_24' title="bbox 249 2194 1870 2269">
     <span class='ocr_line' id='line_1_24' title="bbox 249 2194 1870 2269; baseline -0.007 -14"><span class='ocrx_word' id='word_1_162' title='bbox 249 2201 345 2266; x_wconf 84' lang='grc' dir='ltr'><strong>τός</strong></span> <span class='ocrx_word' id='word_1_163' title='bbox 373 2202 491 2254; x_wconf 84' lang='grc' dir='ltr'>ἐστι</span> <span class='ocrx_word' id='word_1_164' title='bbox 510 2213 526 2229; x_wconf 82' lang='lat'><strong>&#39;</strong></span> <span class='ocrx_word' id='word_1_165' title='bbox 549 2197 628 2269; x_wconf 82' lang='grc' dir='ltr'>τῷ</span> <span class='ocrx_word' id='word_1_166' title='bbox 658 2198 1003 2266; x_wconf 81' lang='grc' dir='ltr'>παραγαγεῖν</span> <span class='ocrx_word' id='word_1_167' title='bbox 1033 2197 1129 2248; x_wconf 74' lang='grc' dir='ltr'><strong>καὶ</strong></span> <span class='ocrx_word' id='word_1_168' title='bbox 1149 2194 1582 2267; x_wconf 80' lang='grc' dir='ltr'>δημιουργῆσαι,</span> <span class='ocrx_word' id='word_1_169' title='bbox 1600 2194 1678 2266; x_wconf 82' lang='grc' dir='ltr'>τῷ</span> <span class='ocrx_word' id='word_1_170' title='bbox 1708 2202 1870 2265; x_wconf 82' lang='grc' dir='ltr'>προ-’</span> 
     </span>
    </p>
   </div>
   <div class='ocr_carea' id='block_1_25' title="bbox 248 2286 1839 2359">
    <p class='ocr_par' dir='ltr' id='par_1_25' title="bbox 248 2286 1839 2359">
     <span class='ocr_line' id='line_1_25' title="bbox 248 2286 1839 2359; baseline -0.004 -12"><span class='ocrx_word' id='word_1_171' title='bbox 248 2294 392 2349; x_wconf 77' lang='grc' dir='ltr'>νοεῖν</span> <span class='ocrx_word' id='word_1_172' title='bbox 419 2311 477 2347; x_wconf 88' lang='grc' dir='ltr'><strong>τε</strong></span> <span class='ocrx_word' id='word_1_173' title='bbox 511 2292 606 2346; x_wconf 69' lang='grc' dir='ltr'>καὶ</span> <span class='ocrx_word' id='word_1_174' title='bbox 633 2286 693 2344; x_wconf 85' lang='grc' dir='ltr'><strong>εῦ</strong></span> <span class='ocrx_word' id='word_1_175' title='bbox 726 2292 921 2354; x_wconf 81' lang='grc' dir='ltr'>ποιεῖν,</span> <span class='ocrx_word' id='word_1_176' title='bbox 947 2289 1024 2359; x_wconf 81' lang='grc' dir='ltr'>τῷ</span> <span class='ocrx_word' id='word_1_177' title='bbox 1047 2287 1310 2343; x_wconf 82' lang='grc' dir='ltr'>δύνασθαι</span> <span class='ocrx_word' id='word_1_178' title='bbox 1334 2289 1428 2341; x_wconf 77' lang='grc' dir='ltr'><strong>καὶ</strong></span> <span class='ocrx_word' id='word_1_179' title='bbox 1458 2289 1691 2357; x_wconf 86' lang='grc' dir='ltr'>νεύματι</span> <span class='ocrx_word' id='word_1_180' title='bbox 1719 2288 1839 2341; x_wconf 82' lang='grc' dir='ltr'>δια-</span> 
     </span>
    </p>
   </div>
   <div class='ocr_carea' id='block_1_26' title="bbox 255 2373 1838 2455">
    <p class='ocr_par' dir='ltr' id='par_1_26' title="bbox 255 2373 1838 2455">
     <span class='ocr_line' id='line_1_26' title="bbox 255 2373 1838 2455; baseline -0.003 -19"><span class='ocrx_word' id='word_1_181' title='bbox 255 2385 495 2455; x_wconf 77' lang='grc' dir='ltr'>φθεῖραι.</span> <span class='ocrx_word' id='word_1_182' title='bbox 536 2384 610 2437; x_wconf 85' lang='grc' dir='ltr'>Τὸ</span> <span class='ocrx_word' id='word_1_183' title='bbox 634 2383 691 2436; x_wconf 80' lang='grc' dir='ltr'><strong>δέ</strong></span> <span class='ocrx_word' id='word_1_184' title='bbox 723 2382 1025 2454; x_wconf 85' lang='grc' dir='ltr'>μυστήριον</span> <span class='ocrx_word' id='word_1_185' title='bbox 1074 2381 1268 2450; x_wconf 82' lang='grc' dir='ltr'>γέγονε</span> <span class='ocrx_word' id='word_1_186' title='bbox 1299 2380 1362 2434; x_wconf 81' lang='grc' dir='ltr'><strong>τὸ</strong></span> <span class='ocrx_word' id='word_1_187' title='bbox 1413 2379 1669 2451; x_wconf 80' lang='grc' dir='ltr'>φρικτὸν,</span> <span class='ocrx_word' id='word_1_188' title='bbox 1707 2379 1775 2431; x_wconf 77' lang='grc' dir='ltr'><strong>ἵν’</strong></span> <span class='ocrx_word' id='word_1_189' title='bbox 1804 2373 1838 2453; x_wconf 84' lang='grc' dir='ltr'>ᾖ</span> 
     </span>
    </p>
   </div>
   <div class='ocr_carea' id='block_1_27' title="bbox 249 2456 1838 2547">
    <p class='ocr_par' dir='ltr' id='par_1_27' title="bbox 249 2456 1838 2547">
     <span class='ocr_line' id='line_1_27' title="bbox 249 2456 1838 2547; baseline -0.004 -16"><span class='ocrx_word' id='word_1_190' title='bbox 249 2478 312 2531; x_wconf 76' lang='grc' dir='ltr'><strong>τὸ</strong></span> <span class='ocrx_word' id='word_1_191' title='bbox 341 2475 502 2546; x_wconf 80' lang='grc' dir='ltr'>φύσει</span> <span class='ocrx_word' id='word_1_192' title='bbox 552 2475 756 2547; x_wconf 80' lang='grc' dir='ltr'>προσὸν</span> <span class='ocrx_word' id='word_1_193' title='bbox 799 2473 951 2545; x_wconf 81' lang='grc' dir='ltr'>αὑτῷ</span> <span class='ocrx_word' id='word_1_194' title='bbox 984 2473 1079 2528; x_wconf 71' lang='grc' dir='ltr'><strong>καὶ</strong></span> <span class='ocrx_word' id='word_1_195' title='bbox 1135 2472 1335 2544; x_wconf 83' lang='grc' dir='ltr'>γνώμῃ</span> <span class='ocrx_word' id='word_1_196' title='bbox 1392 2456 1838 2543; x_wconf 83' lang='grc' dir='ltr'>βασιλευόμενον.</span> 
     </span>
    </p>
   </div>
   <div class='ocr_carea' id='block_1_28' title="bbox 252 2554 1845 2637">
    <p class='ocr_par' dir='ltr' id='par_1_28' title="bbox 252 2554 1845 2637">
     <span class='ocr_line' id='line_1_28' title="bbox 252 2554 1845 2637; baseline -0.006 -14"><span class='ocrx_word' id='word_1_197' title='bbox 252 2569 349 2633; x_wconf 76' lang='lat' dir='ltr'><strong>Et;</strong></span> <span class='ocrx_word' id='word_1_198' title='bbox 387 2569 548 2622; x_wconf 84' lang='grc' dir='ltr'>τοῦτο</span> <span class='ocrx_word' id='word_1_199' title='bbox 576 2566 686 2637; x_wconf 76' lang='grc' dir='ltr'>γὰρ</span> <span class='ocrx_word' id='word_1_200' title='bbox 713 2564 869 2636; x_wconf 72' lang='grc' dir='ltr'>οἶμαι</span> <span class='ocrx_word' id='word_1_201' title='bbox 919 2565 1110 2634; x_wconf 82' lang='grc' dir='ltr'>φέρειν</span> <span class='ocrx_word' id='word_1_202' title='bbox 1163 2564 1247 2632; x_wconf 74' lang='grc' dir='ltr'>τὸ,</span> <span class='ocrx_word' id='word_1_203' title='bbox 1285 2564 1350 2617; x_wconf 88' lang='lat'><strong>&#39;0</strong></span> <span class='ocrx_word' id='word_1_204' title='bbox 1388 2563 1607 2634; x_wconf 81' lang='grc' dir='ltr'>Κύριος</span> <span class='ocrx_word' id='word_1_205' title='bbox 1639 2554 1845 2617; x_wconf 78' lang='grc' dir='ltr'>ἐϐασί-</span> 
     </span>
    </p>
   </div>
   <div class='ocr_carea' id='block_1_29' title="bbox 251 2644 1843 2730">
    <p class='ocr_par' dir='ltr' id='par_1_29' title="bbox 251 2644 1843 2730">
     <span class='ocr_line' id='line_1_29' title="bbox 251 2644 1843 2730; baseline -0.006 -13"><span class='ocrx_word' id='word_1_206' title='bbox 251 2667 464 2717; x_wconf 71' lang='grc' dir='ltr'>λευσε.</span> <span class='ocrx_word' id='word_1_207' title='bbox 498 2659 574 2714; x_wconf 83' lang='grc' dir='ltr'><strong>Τὸ</strong></span> <span class='ocrx_word' id='word_1_208' title='bbox 621 2660 730 2730; x_wconf 83' lang='grc' dir='ltr'>γὰρ</span> <span class='ocrx_word' id='word_1_209' title='bbox 779 2657 1204 2729; x_wconf 75' lang='grc' dir='ltr'>βασιλευόμενον</span> <span class='ocrx_word' id='word_1_210' title='bbox 1261 2655 1397 2726; x_wconf 75' lang='grc' dir='ltr'>μὲν,</span> <span class='ocrx_word' id='word_1_211' title='bbox 1459 2644 1593 2709; x_wconf 83' lang='grc' dir='ltr'>ἆκον</span> <span class='ocrx_word' id='word_1_212' title='bbox 1643 2654 1721 2720; x_wconf 78' lang='grc' dir='ltr'>δὲ,</span> <span class='ocrx_word' id='word_1_213' title='bbox 1770 2653 1843 2708; x_wconf 87' lang='grc' dir='ltr'>δι’</span> 
     </span>
    </p>
   </div>
   <div class='ocr_carea' id='block_1_30' title="bbox 253 2744 1844 2825">
    <p class='ocr_par' dir='ltr' id='par_1_30' title="bbox 253 2744 1844 2825">
     <span class='ocr_line' id='line_1_30' title="bbox 253 2744 1844 2825; baseline -0.007 -16"><span class='ocrx_word' id='word_1_214' title='bbox 253 2754 480 2825; x_wconf 76' lang='grc' dir='ltr'>ἄγνοιαν</span> <span class='ocrx_word' id='word_1_215' title='bbox 519 2751 614 2805; x_wconf 87' lang='grc' dir='ltr'><strong>τοῦ</strong></span> <span class='ocrx_word' id='word_1_216' title='bbox 646 2749 1007 2822; x_wconf 75' lang='grc' dir='ltr'>δημιουργοῦ,</span> <span class='ocrx_word' id='word_1_217' title='bbox 1040 2748 1160 2802; x_wconf 73' lang='grc' dir='ltr'>νυνὶ</span> <span class='ocrx_word' id='word_1_218' title='bbox 1210 2751 1311 2820; x_wconf 79' lang='grc' dir='ltr'><strong>τῆς</strong></span> <span class='ocrx_word' id='word_1_219' title='bbox 1338 2744 1687 2816; x_wconf 79' lang='grc' dir='ltr'>ἐπιγνώσεως</span> <span class='ocrx_word' id='word_1_220' title='bbox 1721 2746 1844 2799; x_wconf 85' lang='grc' dir='ltr'>ἐπι-</span> 
     </span>
    </p>
   </div>
   <div class='ocr_carea' id='block_1_31' title="bbox 255 2834 1875 2915">
    <p class='ocr_par' dir='ltr' id='par_1_31' title="bbox 255 2834 1875 2915">
     <span class='ocr_line' id='line_1_31' title="bbox 255 2834 1875 2915; baseline -0.007 -16"><span class='ocrx_word' id='word_1_221' title='bbox 255 2836 555 2915; x_wconf 70' lang='grc' dir='ltr'>λαμψάσης</span> <span class='ocrx_word' id='word_1_222' title='bbox 582 2904 585 2907; x_wconf 96' lang='lat'><em>_</em></span> <span class='ocrx_word' id='word_1_223' title='bbox 609 2838 686 2912; x_wconf 79' lang='grc' dir='ltr'>τῷ</span> <span class='ocrx_word' id='word_1_224' title='bbox 739 2839 957 2911; x_wconf 86' lang='grc' dir='ltr'>κόσμῳ,</span> <span class='ocrx_word' id='word_1_225' title='bbox 1017 2837 1313 2909; x_wconf 78' lang='grc' dir='ltr'>αὐτομολεῖ</span> <span class='ocrx_word' id='word_1_226' title='bbox 1355 2834 1438 2901; x_wconf 79' lang='grc' dir='ltr'><strong>τε,</strong></span> <span class='ocrx_word' id='word_1_227' title='bbox 1476 2837 1571 2890; x_wconf 70' lang='grc' dir='ltr'><strong>καὶ</strong></span> <span class='ocrx_word' id='word_1_228' title='bbox 1601 2834 1759 2911; x_wconf 79' lang='grc' dir='ltr'>ζητεῖ</span> <span class='ocrx_word' id='word_1_229' title='bbox 1786 2835 1875 2909; x_wconf 49' lang='grc' dir='ltr'>τδῄ</span> 
     </span>
    </p>
   </div>
   <div class='ocr_carea' id='block_1_32' title="bbox 259 2920 1845 3007">
    <p class='ocr_par' dir='ltr' id='par_1_32' title="bbox 259 2920 1845 3007">
     <span class='ocr_line' id='line_1_32' title="bbox 259 2920 1845 3007; baseline -0.007 -19"><span class='ocrx_word' id='word_1_230' title='bbox 259 2928 645 3007; x_wconf 79' lang='grc' dir='ltr'>βασιλεύεσθαι</span> <span class='ocrx_word' id='word_1_231' title='bbox 693 2929 831 3002; x_wconf 82' lang='grc' dir='ltr'>παρ’</span> <span class='ocrx_word' id='word_1_232' title='bbox 873 2927 1062 2982; x_wconf 81' lang='grc' dir='ltr'>αὑτοῦ.</span> <span class='ocrx_word' id='word_1_233' title='bbox 1094 2927 1288 2991; x_wconf 85' lang='grc' dir='ltr'>Ὅστις</span> <span class='ocrx_word' id='word_1_234' title='bbox 1325 2927 1425 2999; x_wconf 80' lang='grc' dir='ltr'><strong>μὲν</strong></span> <span class='ocrx_word' id='word_1_235' title='bbox 1472 2920 1566 2980; x_wconf 86' lang='grc' dir='ltr'><strong>οῦν</strong></span> <span class='ocrx_word' id='word_1_236' title='bbox 1596 2924 1697 2995; x_wconf 72' lang='grc' dir='ltr'>τὴν</span> <span class='ocrx_word' id='word_1_237' title='bbox 1745 2921 1845 2978; x_wconf 88' lang='grc' dir='ltr'><strong>τοῦ</strong></span> 
     </span>
    </p>
   </div>
   <div class='ocr_carea' id='block_1_33' title="bbox 258 3017 1847 3099">
    <p class='ocr_par' dir='ltr' id='par_1_33' title="bbox 258 3017 1847 3099">
     <span class='ocr_line' id='line_1_33' title="bbox 258 3017 1847 3099; baseline -0.008 -17"><span class='ocrx_word' id='word_1_238' title='bbox 258 3029 522 3099; x_wconf 80' lang='grc' dir='ltr'>ποιμένος</span> <span class='ocrx_word' id='word_1_239' title='bbox 555 3023 738 3094; x_wconf 77' lang='grc' dir='ltr'>φωνὴν</span> <span class='ocrx_word' id='word_1_240' title='bbox 768 3017 900 3087; x_wconf 72' lang='grc' dir='ltr'>οἶδε,</span> <span class='ocrx_word' id='word_1_241' title='bbox 951 3021 1048 3076; x_wconf 76' lang='grc' dir='ltr'><strong>καὶ</strong></span> <span class='ocrx_word' id='word_1_242' title='bbox 1084 3019 1377 3074; x_wconf 81' lang='grc' dir='ltr'>ἀκολουθεῖ</span> <span class='ocrx_word' id='word_1_243' title='bbox 1421 3017 1540 3073; x_wconf 82' lang='grc' dir='ltr'>κατ’</span> <span class='ocrx_word' id='word_1_244' title='bbox 1568 3018 1716 3088; x_wconf 83' lang='grc' dir='ltr'>ίχνος</span> <span class='ocrx_word' id='word_1_245' title='bbox 1746 3034 1847 3070; x_wconf 72' lang='grc' dir='ltr'>ποι</span> 
     </span>
    </p>
   </div>
   <div class='ocr_carea' id='block_1_34' title="bbox 263 3111 1852 3195">
    <p class='ocr_par' dir='ltr' id='par_1_34' title="bbox 263 3111 1852 3195">
     <span class='ocr_line' id='line_1_34' title="bbox 263 3111 1852 3195; baseline -0.008 -19"><span class='ocrx_word' id='word_1_246' title='bbox 263 3120 564 3195; x_wconf 81' lang='grc' dir='ltr'>ρευομένῳ,</span> <span class='ocrx_word' id='word_1_247' title='bbox 588 3121 646 3172; x_wconf 88' lang='grc' dir='ltr'><strong>ἐν</strong></span> <span class='ocrx_word' id='word_1_248' title='bbox 676 3117 877 3188; x_wconf 82' lang='grc' dir='ltr'>χλοερᾷ</span> <span class='ocrx_word' id='word_1_249' title='bbox 913 3116 981 3188; x_wconf 77' lang='grc' dir='ltr'>τῇ</span> <span class='ocrx_word' id='word_1_250' title='bbox 1018 3115 1128 3187; x_wconf 83' lang='grc' dir='ltr'>πόᾳ</span> <span class='ocrx_word' id='word_1_251' title='bbox 1158 3112 1600 3184; x_wconf 84' lang='grc' dir='ltr'>κατασκηνώσει,</span> <span class='ocrx_word' id='word_1_252' title='bbox 1633 3111 1730 3166; x_wconf 77' lang='grc' dir='ltr'>καὶ</span> <span class='ocrx_word' id='word_1_253' title='bbox 1754 3111 1852 3166; x_wconf 72' lang='grc' dir='ltr'>ἐπὶ</span> 
     </span>
    </p>
   </div>
   <div class='ocr_carea' id='block_1_35' title="bbox 1932 623 3511 698">
    <p class='ocr_par' dir='ltr' id='par_1_35' title="bbox 1932 623 3511 698">
     <span class='ocr_line' id='line_1_35' title="bbox 1932 623 3511 698; baseline -0.002 -16"><span class='ocrx_word' id='word_1_254' title='bbox 1932 635 2093 698; x_wconf 87' lang='lat' dir='ltr'><strong>pacto</strong></span> <span class='ocrx_word' id='word_1_255' title='bbox 2123 626 2231 682; x_wconf 82' lang='lat' dir='ltr'><strong>non</strong></span> <span class='ocrx_word' id='word_1_256' title='bbox 2272 625 2415 698; x_wconf 88' lang='lat' dir='ltr'><strong>idem</strong></span> <span class='ocrx_word' id='word_1_257' title='bbox 2449 627 2552 680; x_wconf 90' lang='lat' dir='ltr'><strong>hoc</strong></span> <span class='ocrx_word' id='word_1_258' title='bbox 2584 623 2729 679; x_wconf 88' lang='lat' dir='ltr'><strong>illius</strong></span> <span class='ocrx_word' id='word_1_259' title='bbox 2757 638 3025 692; x_wconf 68' lang='lat' dir='ltr'><strong>suprema:</strong></span> <span class='ocrx_word' id='word_1_260' title='bbox 3057 623 3318 678; x_wconf 89' lang='lat' dir='ltr'><strong>bonitatis</strong></span> <span class='ocrx_word' id='word_1_261' title='bbox 3335 626 3511 679; x_wconf 88' lang='lat' dir='ltr'><strong>amori</strong></span> 
     </span>
    </p>
   </div>
   <div class='ocr_carea' id='block_1_36' title="bbox 1934 696 3514 790">
    <p class='ocr_par' dir='ltr' id='par_1_36' title="bbox 1934 696 3514 790">
     <span class='ocr_line' id='line_1_36' title="bbox 1934 696 3514 790; baseline -0.001 -18"><span class='ocrx_word' id='word_1_262' title='bbox 1934 696 2317 790; x_wconf 71' lang='lat' dir='ltr'><strong>competieriti</strong></span> <span class='ocrx_word' id='word_1_263' title='bbox 2348 696 2561 787; x_wconf 75' lang='lat' dir='ltr'><strong>Quippe</strong></span> <span class='ocrx_word' id='word_1_264' title='bbox 2591 716 2781 770; x_wconf 91' lang='lat' dir='ltr'><strong>multis</strong></span> <span class='ocrx_word' id='word_1_265' title='bbox 2830 715 2952 770; x_wconf 90' lang='lat' dir='ltr'><strong>aliis</strong></span> <span class='ocrx_word' id='word_1_266' title='bbox 2984 715 3146 769; x_wconf 92' lang='lat' dir='ltr'><strong>etiam</strong></span> <span class='ocrx_word' id='word_1_267' title='bbox 3203 715 3378 769; x_wconf 89' lang='lat' dir='ltr'><strong>modis</strong></span> <span class='ocrx_word' id='word_1_268' title='bbox 3410 715 3514 770; x_wconf 85' lang='lat' dir='ltr'><strong>bo-</strong></span> 
     </span>
    </p>
   </div>
   <div class='ocr_carea' id='block_1_37' title="bbox 1934 807 3509 877">
    <p class='ocr_par' dir='ltr' id='par_1_37' title="bbox 1934 807 3509 877">
     <span class='ocr_line' id='line_1_37' title="bbox 1934 807 3509 877; baseline -0.004 -11"><span class='ocrx_word' id='word_1_269' title='bbox 1934 811 2099 867; x_wconf 82' lang='lat' dir='ltr'><strong>minis</strong></span> <span class='ocrx_word' id='word_1_270' title='bbox 2133 810 2294 867; x_wconf 88' lang='lat' dir='ltr'><strong>saluti</strong></span> <span class='ocrx_word' id='word_1_271' title='bbox 2329 809 2618 865; x_wconf 85' lang='lat' dir='ltr'><strong>consulere</strong></span> <span class='ocrx_word' id='word_1_272' title='bbox 2654 807 2908 862; x_wconf 76' lang='lat' dir='ltr'><strong>Salvator</strong></span> <span class='ocrx_word' id='word_1_273' title='bbox 2946 815 3183 877; x_wconf 86' lang='lat' dir='ltr'><strong>poterat,</strong></span> <span class='ocrx_word' id='word_1_274' title='bbox 3221 816 3275 861; x_wconf 92' lang='lat' dir='ltr'><strong>et</strong></span> <span class='ocrx_word' id='word_1_275' title='bbox 3330 815 3509 861; x_wconf 88' lang='lat' dir='ltr'><strong>tamen</strong></span> 
     </span>
    </p>
   </div>
   <div class='ocr_carea' id='block_1_38' title="bbox 1932 900 3513 970">
    <p class='ocr_par' dir='ltr' id='par_1_38' title="bbox 1932 900 3513 970">
     <span class='ocr_line' id='line_1_38' title="bbox 1932 900 3513 970; baseline -0.004 -12"><span class='ocrx_word' id='word_1_276' title='bbox 1932 918 2056 959; x_wconf 88' lang='lat' dir='ltr'><strong>eum</strong></span> <span class='ocrx_word' id='word_1_277' title='bbox 2084 903 2343 968; x_wconf 83' lang='lat' dir='ltr'><strong>servavit,</strong></span> <span class='ocrx_word' id='word_1_278' title='bbox 2389 911 2668 965; x_wconf 86' lang='lat' dir='ltr'><strong>assumpta</strong></span> <span class='ocrx_word' id='word_1_279' title='bbox 2707 915 2895 967; x_wconf 75' lang='lat' dir='ltr'><strong>carne,</strong></span> <span class='ocrx_word' id='word_1_280' title='bbox 2924 900 3069 970; x_wconf 89' lang='lat' dir='ltr'><strong>quod</strong></span> <span class='ocrx_word' id='word_1_281' title='bbox 3114 900 3186 952; x_wconf 90' lang='lat' dir='ltr'><strong>ita</strong></span> <span class='ocrx_word' id='word_1_282' title='bbox 3229 915 3340 954; x_wconf 89' lang='lat' dir='ltr'><strong>rem</strong></span> <span class='ocrx_word' id='word_1_283' title='bbox 3376 914 3513 953; x_wconf 90' lang='lat' dir='ltr'><strong>con-</strong></span> 
     </span>
    </p>
   </div>
   <div class='ocr_carea' id='block_1_39' title="bbox 1933 993 3511 1062">
    <p class='ocr_par' dir='ltr' id='par_1_39' title="bbox 1933 993 3511 1062">
     <span class='ocr_line' id='line_1_39' title="bbox 1933 993 3511 1062; baseline -0.001 -13"><span class='ocrx_word' id='word_1_284' title='bbox 1933 994 2051 1050; x_wconf 82' lang='lat' dir='ltr'><strong>ﬁeri</strong></span> <span class='ocrx_word' id='word_1_285' title='bbox 2097 996 2335 1059; x_wconf 75' lang='lat' dir='ltr'><strong>deceret,</strong></span> <span class='ocrx_word' id='word_1_286' title='bbox 2381 1009 2506 1049; x_wconf 89' lang='lat' dir='ltr'><strong>cum</strong></span> <span class='ocrx_word' id='word_1_287' title='bbox 2568 993 2753 1062; x_wconf 85' lang='lat' dir='ltr'><strong>plures</strong></span> <span class='ocrx_word' id='word_1_288' title='bbox 2807 1003 2861 1048; x_wconf 88' lang='lat' dir='ltr'><strong>et</strong></span> <span class='ocrx_word' id='word_1_289' title='bbox 2919 1007 3140 1059; x_wconf 70' lang='lat' dir='ltr'><strong>magnas</strong></span> <span class='ocrx_word' id='word_1_290' title='bbox 3192 993 3260 1047; x_wconf 92' lang='lat' dir='ltr'><strong>ob</strong></span> <span class='ocrx_word' id='word_1_291' title='bbox 3294 1008 3511 1059; x_wconf 82' lang='lat' dir='ltr'><strong>causas,</strong></span> 
     </span>
    </p>
   </div>
   <div class='ocr_carea' id='block_1_40' title="bbox 1935 1086 3514 1161">
    <p class='ocr_par' dir='ltr' id='par_1_40' title="bbox 1935 1086 3514 1161">
     <span class='ocr_line' id='line_1_40' title="bbox 1935 1086 3514 1161; baseline 0.002 -21"><span class='ocrx_word' id='word_1_292' title='bbox 1935 1097 2048 1141; x_wconf 91' lang='lat' dir='ltr'><strong>tum</strong></span> <span class='ocrx_word' id='word_1_293' title='bbox 2084 1087 2352 1154; x_wconf 86' lang='lat' dir='ltr'><strong>imprimis</strong></span> <span class='ocrx_word' id='word_1_294' title='bbox 2376 1089 2445 1161; x_wconf 59' lang='lat' dir='ltr'><strong>Ol)</strong></span> <span class='ocrx_word' id='word_1_295' title='bbox 2467 1087 2637 1156; x_wconf 88' lang='lat' dir='ltr'><strong>ipsius</strong></span> <span class='ocrx_word' id='word_1_296' title='bbox 2666 1102 2793 1157; x_wconf 83' lang='lat' dir='ltr'><strong>erga</strong></span> <span class='ocrx_word' id='word_1_297' title='bbox 2826 1101 2925 1142; x_wconf 88' lang='lat' dir='ltr'><strong>nos</strong></span> <span class='ocrx_word' id='word_1_298' title='bbox 2958 1101 3204 1141; x_wconf 85' lang='lat' dir='ltr'><strong>amorem</strong></span> <span class='ocrx_word' id='word_1_299' title='bbox 3233 1086 3514 1143; x_wconf 76' lang='lat' dir='ltr'><strong>eximium.</strong></span> 
     </span>
    </p>
   </div>
   <div class='ocr_carea' id='block_1_41' title="bbox 1933 1174 3515 1250">
    <p class='ocr_par' dir='ltr' id='par_1_41' title="bbox 1933 1174 3515 1250">
     <span class='ocr_line' id='line_1_41' title="bbox 1933 1174 3515 1250; baseline 0 -16"><span class='ocrx_word' id='word_1_300' title='bbox 1933 1181 2112 1250; x_wconf 80' lang='lat' dir='ltr'><strong>Atque</strong></span> <span class='ocrx_word' id='word_1_301' title='bbox 2166 1180 2270 1235; x_wconf 89' lang='lat' dir='ltr'><strong>hoc</strong></span> <span class='ocrx_word' id='word_1_302' title='bbox 2331 1195 2455 1235; x_wconf 90' lang='lat' dir='ltr'><strong>cum</strong></span> <span class='ocrx_word' id='word_1_303' title='bbox 2508 1174 2653 1235; x_wconf 80' lang='lat' dir='ltr'><strong>norit</strong></span> <span class='ocrx_word' id='word_1_304' title='bbox 2694 1180 2925 1249; x_wconf 81' lang='lat' dir='ltr'><strong>quilibet</strong></span> <span class='ocrx_word' id='word_1_305' title='bbox 2979 1195 3166 1234; x_wconf 86' lang='lat' dir='ltr'><strong>earum</strong></span> <span class='ocrx_word' id='word_1_306' title='bbox 3225 1196 3291 1235; x_wconf 83' lang='lat' dir='ltr'><strong>ex</strong></span> <span class='ocrx_word' id='word_1_307' title='bbox 3332 1182 3515 1236; x_wconf 88' lang='lat' dir='ltr'><strong>ovium</strong></span> 
     </span>
    </p>
   </div>
   <div class='ocr_carea' id='block_1_42' title="bbox 1935 1271 3518 1341">
    <p class='ocr_par' dir='ltr' id='par_1_42' title="bbox 1935 1271 3518 1341">
     <span class='ocr_line' id='line_1_42' title="bbox 1935 1271 3518 1341; baseline 0.001 -16"><span class='ocrx_word' id='word_1_308' title='bbox 1935 1284 2162 1326; x_wconf 90' lang='lat' dir='ltr'><strong>numero</strong></span> <span class='ocrx_word' id='word_1_309' title='bbox 2185 1285 2303 1339; x_wconf 67' lang='lat' dir='ltr'><strong>quae</strong></span> <span class='ocrx_word' id='word_1_310' title='bbox 2334 1271 2495 1341; x_wconf 81' lang='lat' dir='ltr'><strong>hujus</strong></span> <span class='ocrx_word' id='word_1_311' title='bbox 2518 1273 2585 1327; x_wconf 92' lang='lat' dir='ltr'><strong>ad</strong></span> <span class='ocrx_word' id='word_1_312' title='bbox 2639 1272 2754 1327; x_wconf 91' lang='lat' dir='ltr'><strong>heri</strong></span> <span class='ocrx_word' id='word_1_313' title='bbox 2789 1272 3063 1327; x_wconf 85' lang='lat' dir='ltr'><strong>stabulum</strong></span> <span class='ocrx_word' id='word_1_314' title='bbox 3096 1273 3394 1341; x_wconf 81' lang='lat' dir='ltr'><strong>pertinent,</strong></span> <span class='ocrx_word' id='word_1_315' title='bbox 3424 1273 3518 1327; x_wconf 60' lang='lat' dir='ltr'><strong>huc</strong></span> 
     </span>
    </p>
   </div>
   <div class='ocr_carea' id='block_1_43' title="bbox 1934 1362 3517 1432">
    <p class='ocr_par' dir='ltr' id='par_1_43' title="bbox 1934 1362 3517 1432">
     <span class='ocr_line' id='line_1_43' title="bbox 1934 1362 3517 1432; baseline 0.001 -14"><span class='ocrx_word' id='word_1_316' title='bbox 1934 1373 2021 1418; x_wconf 91' lang='lat' dir='ltr'><strong>tus</strong></span> <span class='ocrx_word' id='word_1_317' title='bbox 2045 1371 2099 1416; x_wconf 90' lang='lat' dir='ltr'><strong>et</strong></span> <span class='ocrx_word' id='word_1_318' title='bbox 2124 1362 2313 1418; x_wconf 69' lang='lat' dir='ltr'><strong>hilaris</strong></span> <span class='ocrx_word' id='word_1_319' title='bbox 2344 1364 2602 1419; x_wconf 79' lang='lat' dir='ltr'><strong>exsultet.</strong></span> <span class='ocrx_word' id='word_1_320' title='bbox 2643 1363 2777 1418; x_wconf 88' lang='lat' dir='ltr'><strong>Nam</strong></span> <span class='ocrx_word' id='word_1_321' title='bbox 2835 1365 2881 1420; x_wconf 89' lang='lat' dir='ltr'><strong>si</strong></span> <span class='ocrx_word' id='word_1_322' title='bbox 2926 1365 3080 1418; x_wconf 86' lang='lat' dir='ltr'><strong>cauta</strong></span> <span class='ocrx_word' id='word_1_323' title='bbox 3139 1381 3246 1420; x_wconf 92' lang='lat' dir='ltr'><strong>non</strong></span> <span class='ocrx_word' id='word_1_324' title='bbox 3302 1366 3517 1432; x_wconf 87' lang='lat' dir='ltr'><strong>relicta,</strong></span> 
     </span>
    </p>
   </div>
   <div class='ocr_carea' id='block_1_44' title="bbox 1932 1448 3519 1524">
    <p class='ocr_par' dir='ltr' id='par_1_44' title="bbox 1932 1448 3519 1524">
     <span class='ocr_line' id='line_1_44' title="bbox 1932 1448 3519 1524; baseline 0.001 -15"><span class='ocrx_word' id='word_1_325' title='bbox 1932 1463 2120 1510; x_wconf 91' lang='lat' dir='ltr'><strong>notum</strong></span> <span class='ocrx_word' id='word_1_326' title='bbox 2184 1454 2334 1509; x_wconf 92' lang='lat' dir='ltr'><strong>illum</strong></span> <span class='ocrx_word' id='word_1_327' title='bbox 2360 1455 2741 1519; x_wconf 75' lang='lat' dir='ltr'><strong>centenarium</strong></span> <span class='ocrx_word' id='word_1_328' title='bbox 2785 1470 3075 1510; x_wconf 86' lang='lat' dir='ltr'><strong>numerum</strong></span> <span class='ocrx_word' id='word_1_329' title='bbox 3124 1448 3315 1524; x_wconf 78' lang='lat' dir='ltr'><strong>imple’t</strong></span> <span class='ocrx_word' id='word_1_330' title='bbox 3346 1457 3519 1522; x_wconf 85' lang='lat' dir='ltr'><strong>(recte</strong></span> 
     </span>
    </p>
   </div>
   <div class='ocr_carea' id='block_1_45' title="bbox 1927 1547 3524 1618">
    <p class='ocr_par' dir='ltr' id='par_1_45' title="bbox 1927 1547 3524 1618">
     <span class='ocr_line' id='line_1_45' title="bbox 1927 1547 3524 1618; baseline 0.002 -17"><span class='ocrx_word' id='word_1_331' title='bbox 1927 1547 2040 1618; x_wconf 87' lang='lat' dir='ltr'><strong>jam</strong></span> <span class='ocrx_word' id='word_1_332' title='bbox 2077 1548 2223 1600; x_wconf 90' lang='lat' dir='ltr'><strong>enim</strong></span> <span class='ocrx_word' id='word_1_333' title='bbox 2256 1547 2323 1602; x_wconf 88' lang='lat' dir='ltr'><strong>ad</strong></span> <span class='ocrx_word' id='word_1_334' title='bbox 2376 1561 2499 1601; x_wconf 86' lang='lat' dir='ltr'><strong>eam</strong></span> <span class='ocrx_word' id='word_1_335' title='bbox 2548 1547 2967 1603; x_wconf 76' lang='lat' dir='ltr'><strong>similitudinem</strong></span> <span class='ocrx_word' id='word_1_336' title='bbox 3019 1547 3140 1616; x_wconf 84' lang='lat' dir='ltr'><strong>ipsa</strong></span> <span class='ocrx_word' id='word_1_337' title='bbox 3190 1561 3286 1601; x_wconf 85' lang='lat' dir='ltr'><strong>nos</strong></span> <span class='ocrx_word' id='word_1_338' title='bbox 3325 1547 3524 1604; x_wconf 79' lang='lat' dir='ltr'><strong>invitat</strong></span> 
     </span>
    </p>
   </div>
   <div class='ocr_carea' id='block_1_46' title="bbox 1933 1638 3522 1710">
    <p class='ocr_par' dir='ltr' id='par_1_46' title="bbox 1933 1638 3522 1710">
     <span class='ocr_line' id='line_1_46' title="bbox 1933 1638 3522 1710; baseline -0.001 -16"><span class='ocrx_word' id='word_1_339' title='bbox 1933 1638 2154 1708; x_wconf 87' lang='lat' dir='ltr'><strong>oratio),</strong></span> <span class='ocrx_word' id='word_1_340' title='bbox 2180 1638 2250 1693; x_wconf 88' lang='lat' dir='ltr'><strong>ab</strong></span> <span class='ocrx_word' id='word_1_341' title='bbox 2278 1639 2399 1710; x_wconf 89' lang='lat' dir='ltr'><strong>ipso</strong></span> <span class='ocrx_word' id='word_1_342' title='bbox 2435 1647 2657 1709; x_wconf 82' lang='lat' dir='ltr'><strong>pastore</strong></span> <span class='ocrx_word' id='word_1_343' title='bbox 2686 1642 2939 1706; x_wconf 90' lang='lat' dir='ltr'><strong>ducetur,</strong></span> <span class='ocrx_word' id='word_1_344' title='bbox 2995 1639 3108 1705; x_wconf 92' lang='lat' dir='ltr'><strong>illo,</strong></span> <span class='ocrx_word' id='word_1_345' title='bbox 3142 1639 3391 1710; x_wconf 84' lang='lat' dir='ltr'><strong>inquam,</strong></span> <span class='ocrx_word' id='word_1_346' title='bbox 3427 1657 3522 1709; x_wconf 81' lang='lat' dir='ltr'><strong>pa-</strong></span> 
     </span>
    </p>
   </div>
   <div class='ocr_carea' id='block_1_47' title="bbox 1936 1733 3526 1804">
    <p class='ocr_par' dir='ltr' id='par_1_47' title="bbox 1936 1733 3526 1804">
     <span class='ocr_line' id='line_1_47' title="bbox 1936 1733 3526 1804; baseline -0.001 -14"><span class='ocrx_word' id='word_1_347' title='bbox 1936 1743 2085 1790; x_wconf 80' lang='lat' dir='ltr'><strong>smre</strong></span> <span class='ocrx_word' id='word_1_348' title='bbox 2122 1735 2287 1797; x_wconf 88' lang='lat' dir='ltr'><strong>bono,</strong></span> <span class='ocrx_word' id='word_1_349' title='bbox 2312 1733 2516 1803; x_wconf 89' lang='lat' dir='ltr'><strong>quique</strong></span> <span class='ocrx_word' id='word_1_350' title='bbox 2551 1748 2744 1803; x_wconf 77' lang='lat' dir='ltr'><strong>magno</strong></span> <span class='ocrx_word' id='word_1_351' title='bbox 2782 1748 2911 1790; x_wconf 88' lang='lat' dir='ltr'><strong>suas</strong></span> <span class='ocrx_word' id='word_1_352' title='bbox 2963 1747 3095 1789; x_wconf 82' lang='lat' dir='ltr'><strong>oves</strong></span> <span class='ocrx_word' id='word_1_353' title='bbox 3145 1734 3321 1804; x_wconf 89' lang='lat' dir='ltr'><strong>pretio</strong></span> <span class='ocrx_word' id='word_1_354' title='bbox 3373 1750 3526 1789; x_wconf 86' lang='lat' dir='ltr'><strong>com-</strong></span> 
     </span>
    </p>
   </div>
   <div class='ocr_carea' id='block_1_48' title="bbox 1936 1824 3522 1896">
    <p class='ocr_par' dir='ltr' id='par_1_48' title="bbox 1936 1824 3522 1896">
     <span class='ocr_line' id='line_1_48' title="bbox 1936 1824 3522 1896; baseline 0.001 -18"><span class='ocrx_word' id='word_1_355' title='bbox 1936 1824 2167 1895; x_wconf 84' lang='lat' dir='ltr'><strong>paravit.</strong></span> <span class='ocrx_word' id='word_1_356' title='bbox 2200 1824 2416 1879; x_wconf 82' lang='lat' dir='ltr'><strong>Etenim</strong></span> <span class='ocrx_word' id='word_1_357' title='bbox 2455 1825 2571 1895; x_wconf 90' lang='lat' dir='ltr'><strong>ipse</strong></span> <span class='ocrx_word' id='word_1_358' title='bbox 2598 1840 2698 1894; x_wconf 90' lang='lat' dir='ltr'><strong>pro</strong></span> <span class='ocrx_word' id='word_1_359' title='bbox 2724 1825 2807 1881; x_wconf 86' lang='lat' dir='ltr'><strong>eis</strong></span> <span class='ocrx_word' id='word_1_360' title='bbox 2853 1825 3095 1880; x_wconf 83' lang='lat' dir='ltr'><strong>animam</strong></span> <span class='ocrx_word' id='word_1_361' title='bbox 3127 1841 3284 1881; x_wconf 86' lang='lat' dir='ltr'><strong>suam</strong></span> <span class='ocrx_word' id='word_1_362' title='bbox 3316 1827 3522 1896; x_wconf 81' lang='lat' dir='ltr'><strong>posuit,</strong></span> 
     </span>
    </p>
   </div>
   <div class='ocr_carea' id='block_1_49' title="bbox 1937 1904 3526 1990">
    <p class='ocr_par' dir='ltr' id='par_1_49' title="bbox 1937 1904 3526 1990">
     <span class='ocr_line' id='line_1_49' title="bbox 1937 1904 3526 1990; baseline -0.001 -14"><span class='ocrx_word' id='word_1_363' title='bbox 1937 1930 1992 1976; x_wconf 88' lang='lat' dir='ltr'><strong>et</strong></span> <span class='ocrx_word' id='word_1_364' title='bbox 2049 1919 2328 1990; x_wconf 88' lang='lat' dir='ltr'><strong>proprium</strong></span> <span class='ocrx_word' id='word_1_365' title='bbox 2388 1904 2711 1989; x_wconf 77' lang='lat' dir='ltr'><strong>sanguinem</strong></span> <span class='ocrx_word' id='word_1_366' title='bbox 2765 1917 2972 1986; x_wconf 80' lang='lat' dir='ltr'><strong>eﬂ‘udit,</strong></span> <span class='ocrx_word' id='word_1_367' title='bbox 3025 1928 3188 1989; x_wconf 86' lang='lat' dir='ltr'><strong>atque</strong></span> <span class='ocrx_word' id='word_1_368' title='bbox 3225 1922 3329 1975; x_wconf 91' lang='lat' dir='ltr'><strong>hoc</strong></span> <span class='ocrx_word' id='word_1_369' title='bbox 3364 1921 3526 1975; x_wconf 86' lang='lat' dir='ltr'><strong>modo</strong></span> 
     </span>
    </p>
   </div>
   <div class='ocr_carea' id='block_1_50' title="bbox 1939 2013 3529 2081">
    <p class='ocr_par' dir='ltr' id='par_1_50' title="bbox 1939 2013 3529 2081">
     <span class='ocr_line' id='line_1_50' title="bbox 1939 2013 3529 2081; baseline -0.001 -13"><span class='ocrx_word' id='word_1_370' title='bbox 1939 2029 2069 2069; x_wconf 86' lang='lat' dir='ltr'><strong>suas</strong></span> <span class='ocrx_word' id='word_1_371' title='bbox 2122 2014 2270 2077; x_wconf 78' lang='lat' dir='ltr'><strong>fecit,</strong></span> <span class='ocrx_word' id='word_1_372' title='bbox 2303 2028 2424 2081; x_wconf 75' lang='lat' dir='ltr'><strong>quae</strong></span> <span class='ocrx_word' id='word_1_373' title='bbox 2490 2028 2555 2066; x_wconf 90' lang='lat' dir='ltr'><strong>ne</strong></span> <span class='ocrx_word' id='word_1_374' title='bbox 2592 2013 2745 2081; x_wconf 90' lang='lat' dir='ltr'><strong>prius</strong></span> <span class='ocrx_word' id='word_1_375' title='bbox 2797 2013 3016 2080; x_wconf 80' lang='lat' dir='ltr'><strong>quidem</strong></span> <span class='ocrx_word' id='word_1_376' title='bbox 3076 2028 3314 2080; x_wconf 84' lang='lat' dir='ltr'><strong>unquam</strong></span> <span class='ocrx_word' id='word_1_377' title='bbox 3366 2023 3529 2077; x_wconf 88' lang='lat' dir='ltr'><strong>erant</strong></span> 
     </span>
    </p>
   </div>
   <div class='ocr_carea' id='block_1_51' title="bbox 1941 2105 3529 2176">
    <p class='ocr_par' dir='ltr' id='par_1_51' title="bbox 1941 2105 3529 2176">
     <span class='ocr_line' id='line_1_51' title="bbox 1941 2105 3529 2176; baseline -0.001 -11"><span class='ocrx_word' id='word_1_378' title='bbox 1941 2108 2156 2165; x_wconf 66' lang='lat' dir='ltr'><strong>alienae.</strong></span> <span class='ocrx_word' id='word_1_379' title='bbox 2188 2106 2327 2172; x_wconf 85' lang='lat' dir='ltr'><strong>Quid</strong></span> <span class='ocrx_word' id='word_1_380' title='bbox 2356 2106 2501 2161; x_wconf 90' lang='lat' dir='ltr'><strong>enim</strong></span> <span class='ocrx_word' id='word_1_381' title='bbox 2540 2106 2711 2176; x_wconf 82' lang='lat' dir='ltr'><strong>ipsius</strong></span> <span class='ocrx_word' id='word_1_382' title='bbox 2735 2106 2975 2176; x_wconf 76' lang='lat' dir='ltr'><strong>eﬂ‘ugere</strong></span> <span class='ocrx_word' id='word_1_383' title='bbox 3007 2106 3307 2159; x_wconf 84' lang='lat' dir='ltr'><strong>dominium</strong></span> <span class='ocrx_word' id='word_1_384' title='bbox 3332 2105 3529 2171; x_wconf 77' lang='lat' dir='ltr'><strong>possit!</strong></span> 
     </span>
    </p>
   </div>
   <div class='ocr_carea' id='block_1_52' title="bbox 1942 2198 3524 2269">
    <p class='ocr_par' dir='ltr' id='par_1_52' title="bbox 1942 2198 3524 2269">
     <span class='ocr_line' id='line_1_52' title="bbox 1942 2198 3524 2269; baseline -0.002 -15"><span class='ocrx_word' id='word_1_385' title='bbox 1942 2198 2165 2269; x_wconf 90' lang='lat' dir='ltr'><strong>Triplici</strong></span> <span class='ocrx_word' id='word_1_386' title='bbox 2186 2214 2421 2268; x_wconf 81' lang='lat' dir='ltr'><strong>namque</strong></span> <span class='ocrx_word' id='word_1_387' title='bbox 2448 2198 2660 2253; x_wconf 86' lang='lat' dir='ltr'><strong>ratione</strong></span> <span class='ocrx_word' id='word_1_388' title='bbox 2684 2198 2947 2254; x_wconf 88' lang='lat' dir='ltr'><strong>Dominus</strong></span> <span class='ocrx_word' id='word_1_389' title='bbox 2971 2208 3059 2254; x_wconf 91' lang='lat' dir='ltr'><strong>est</strong></span> <span class='ocrx_word' id='word_1_390' title='bbox 3076 2200 3317 2254; x_wconf 90' lang='lat' dir='ltr'><strong>omnium</strong></span> <span class='ocrx_word' id='word_1_391' title='bbox 3342 2200 3524 2268; x_wconf 84' lang='lat' dir='ltr'><strong>:quod</strong></span> 
     </span>
    </p>
   </div>
   <div class='ocr_carea' id='block_1_53' title="bbox 1910 2290 3528 2365">
    <p class='ocr_par' dir='ltr' id='par_1_53' title="bbox 1910 2290 3528 2365">
     <span class='ocr_line' id='line_1_53' title="bbox 1910 2290 3528 2365; baseline -0.002 -16"><span class='ocrx_word' id='word_1_392' title='bbox 1910 2294 2000 2348; x_wconf 71' lang='lat' dir='ltr'><strong>‘in</strong></span> <span class='ocrx_word' id='word_1_393' title='bbox 2039 2301 2223 2365; x_wconf 88' lang='lat' dir='ltr'><strong>ortum</strong></span> <span class='ocrx_word' id='word_1_394' title='bbox 2283 2291 2606 2362; x_wconf 87' lang='lat' dir='ltr'><strong>produxerit</strong></span> <span class='ocrx_word' id='word_1_395' title='bbox 2650 2300 2707 2346; x_wconf 89' lang='lat' dir='ltr'><strong>et</strong></span> <span class='ocrx_word' id='word_1_396' title='bbox 2762 2292 3116 2357; x_wconf 87' lang='lat' dir='ltr'><strong>condiderit,,</strong></span> <span class='ocrx_word' id='word_1_397' title='bbox 3146 2290 3290 2362; x_wconf 88' lang='lat' dir='ltr'><strong>quod</strong></span> <span class='ocrx_word' id='word_1_398' title='bbox 3335 2306 3528 2346; x_wconf 78' lang='lat' dir='ltr'><strong>curam</strong></span> 
     </span>
    </p>
   </div>
   <div class='ocr_carea' id='block_1_54' title="bbox 1943 2383 3531 2461">
    <p class='ocr_par' dir='ltr' id='par_1_54' title="bbox 1943 2383 3531 2461">
     <span class='ocr_line' id='line_1_54' title="bbox 1943 2383 3531 2461; baseline -0.001 -21"><span class='ocrx_word' id='word_1_399' title='bbox 1943 2393 2099 2455; x_wconf 75' lang='lat' dir='ltr'><strong>gerat</strong></span> <span class='ocrx_word' id='word_1_400' title='bbox 2133 2396 2184 2440; x_wconf 86' lang='lat' dir='ltr'><strong>et</strong></span> <span class='ocrx_word' id='word_1_401' title='bbox 2210 2384 2539 2447; x_wconf 80' lang='lat' dir='ltr'><strong>benefaciat,</strong></span> <span class='ocrx_word' id='word_1_402' title='bbox 2570 2384 2713 2453; x_wconf 91' lang='lat' dir='ltr'><strong>quod</strong></span> <span class='ocrx_word' id='word_1_403' title='bbox 2749 2383 2913 2437; x_wconf 87' lang='lat' dir='ltr'><strong>etiam</strong></span> <span class='ocrx_word' id='word_1_404' title='bbox 2956 2393 3093 2438; x_wconf 90' lang='lat' dir='ltr'><strong>nutu</strong></span> <span class='ocrx_word' id='word_1_405' title='bbox 3132 2385 3362 2461; x_wconf 77' lang='lat' dir='ltr'><strong>perdere</strong></span> <span class='ocrx_word' id='word_1_406' title='bbox 3403 2398 3531 2451; x_wconf 89' lang='lat' dir='ltr'><strong>pos-</strong></span> 
     </span>
    </p>
   </div>
   <div class='ocr_carea' id='block_1_55' title="bbox 1943 2460 3526 2548">
    <p class='ocr_par' dir='ltr' id='par_1_55' title="bbox 1943 2460 3526 2548">
     <span class='ocr_line' id='line_1_55' title="bbox 1943 2460 3526 2548; baseline -0.004 -13"><span class='ocrx_word' id='word_1_407' title='bbox 1943 2480 2036 2535; x_wconf 87' lang='lat' dir='ltr'><strong>sit.</strong></span> <span class='ocrx_word' id='word_1_408' title='bbox 2060 2476 2464 2534; x_wconf 84' lang='lat' dir='ltr'><strong>lncarnationis</strong></span> <span class='ocrx_word' id='word_1_409' title='bbox 2493 2491 2624 2532; x_wconf 81' lang='lat' dir='ltr'><strong>vero</strong></span> <span class='ocrx_word' id='word_1_410' title='bbox 2656 2479 3000 2531; x_wconf 88' lang='lat' dir='ltr'><strong>tremendum</strong></span> <span class='ocrx_word' id='word_1_411' title='bbox 3050 2460 3366 2548; x_wconf 77' lang='lat' dir='ltr'><strong>mysterium</strong></span> <span class='ocrx_word' id='word_1_412' title='bbox 3394 2492 3526 2531; x_wconf 89' lang='lat' dir='ltr'><strong>con-</strong></span> 
     </span>
    </p>
   </div>
   <div class='ocr_carea' id='block_1_56' title="bbox 1947 2567 3531 2642">
    <p class='ocr_par' dir='ltr' id='par_1_56' title="bbox 1947 2567 3531 2642">
     <span class='ocr_line' id='line_1_56' title="bbox 1947 2567 3531 2642; baseline -0.001 -19"><span class='ocrx_word' id='word_1_413' title='bbox 1947 2569 2086 2642; x_wconf 72' lang='lat' dir='ltr'><strong>tigit,</strong></span> <span class='ocrx_word' id='word_1_414' title='bbox 2119 2575 2179 2623; x_wconf 89' lang='lat' dir='ltr'><strong>ut</strong></span> <span class='ocrx_word' id='word_1_415' title='bbox 2230 2568 2376 2637; x_wconf 91' lang='lat' dir='ltr'><strong>quod</strong></span> <span class='ocrx_word' id='word_1_416' title='bbox 2408 2574 2604 2621; x_wconf 87' lang='lat' dir='ltr'><strong>natura</strong></span> <span class='ocrx_word' id='word_1_417' title='bbox 2639 2567 2813 2637; x_wconf 90' lang='lat' dir='ltr'><strong>ipsius</strong></span> <span class='ocrx_word' id='word_1_418' title='bbox 2848 2575 2988 2631; x_wconf 88' lang='lat' dir='ltr'><strong>erat,</strong></span> <span class='ocrx_word' id='word_1_419' title='bbox 3018 2577 3211 2637; x_wconf 80' lang='lat' dir='ltr'><strong>sponte</strong></span> <span class='ocrx_word' id='word_1_420' title='bbox 3242 2582 3303 2621; x_wconf 88' lang='lat' dir='ltr'><strong>se</strong></span> <span class='ocrx_word' id='word_1_421' title='bbox 3364 2582 3531 2637; x_wconf 78' lang='lat' dir='ltr'><strong>regno</strong></span> 
     </span>
    </p>
   </div>
   <div class='ocr_carea' id='block_1_57' title="bbox 1944 2648 3533 2734">
    <p class='ocr_par' dir='ltr' id='par_1_57' title="bbox 1944 2648 3533 2734">
     <span class='ocr_line' id='line_1_57' title="bbox 1944 2648 3533 2734; baseline -0.002 -15"><span class='ocrx_word' id='word_1_422' title='bbox 1944 2662 2186 2734; x_wconf 88' lang='lat' dir='ltr'><strong>ejusdem</strong></span> <span class='ocrx_word' id='word_1_423' title='bbox 2217 2648 2525 2729; x_wconf 80' lang='lat' dir='ltr'><strong>subiiceret.</strong></span> <span class='ocrx_word' id='word_1_424' title='bbox 2557 2662 2677 2716; x_wconf 81' lang='lat' dir='ltr'><strong>Huc</strong></span> <span class='ocrx_word' id='word_1_425' title='bbox 2727 2661 2870 2716; x_wconf 89' lang='lat' dir='ltr'><strong>enim</strong></span> <span class='ocrx_word' id='word_1_426' title='bbox 2916 2662 3003 2716; x_wconf 91' lang='lat' dir='ltr'><strong>illa</strong></span> <span class='ocrx_word' id='word_1_427' title='bbox 3073 2672 3320 2731; x_wconf 88' lang='lat' dir='ltr'><strong>spectare</strong></span> <span class='ocrx_word' id='word_1_428' title='bbox 3367 2662 3533 2717; x_wconf 86' lang='lat' dir='ltr'><strong>verba</strong></span> 
     </span>
    </p>
   </div>
   <div class='ocr_carea' id='block_1_58' title="bbox 1947 2752 3530 2826">
    <p class='ocr_par' dir='ltr' id='par_1_58' title="bbox 1947 2752 3530 2826">
     <span class='ocr_line' id='line_1_58' title="bbox 1947 2752 3530 2826; baseline -0.001 -17"><span class='ocrx_word' id='word_1_429' title='bbox 1947 2763 2077 2826; x_wconf 88' lang='lat' dir='ltr'><strong>puto</strong></span> <span class='ocrx_word' id='word_1_430' title='bbox 2116 2771 2130 2808; x_wconf 89' lang='lat'>:</span> <span class='ocrx_word' id='word_1_431' title='bbox 2158 2753 2418 2808; x_wconf 77' lang='lat' dir='ltr'><strong>Dominus</strong></span> <span class='ocrx_word' id='word_1_432' title='bbox 2446 2755 2705 2823; x_wconf 74' lang='lat' dir='ltr'><strong>regnavit.</strong></span> <span class='ocrx_word' id='word_1_433' title='bbox 2734 2752 2869 2808; x_wconf 84' lang='lat' dir='ltr'><strong>Nam</strong></span> <span class='ocrx_word' id='word_1_434' title='bbox 2893 2753 3037 2825; x_wconf 85' lang='lat' dir='ltr'><strong>quod</strong></span> <span class='ocrx_word' id='word_1_435' title='bbox 3060 2765 3208 2810; x_wconf 88' lang='lat' dir='ltr'><strong>recto</strong></span> <span class='ocrx_word' id='word_1_436' title='bbox 3224 2755 3530 2825; x_wconf 85' lang='lat' dir='ltr'><strong>subjectum</strong></span> 
     </span>
    </p>
   </div>
   <div class='ocr_carea' id='block_1_59' title="bbox 1948 2847 3538 2919">
    <p class='ocr_par' dir='ltr' id='par_1_59' title="bbox 1948 2847 3538 2919">
     <span class='ocr_line' id='line_1_59' title="bbox 1948 2847 3538 2919; baseline -0.001 -15"><span class='ocrx_word' id='word_1_437' title='bbox 1948 2856 2090 2911; x_wconf 88' lang='lat' dir='ltr'><strong>erat,</strong></span> <span class='ocrx_word' id='word_1_438' title='bbox 2140 2847 2313 2903; x_wconf 83' lang='lat' dir='ltr'><strong>invite</strong></span> <span class='ocrx_word' id='word_1_439' title='bbox 2382 2855 2585 2915; x_wconf 83' lang='lat' dir='ltr'><strong>tamen,</strong></span> <span class='ocrx_word' id='word_1_440' title='bbox 2653 2857 2875 2918; x_wconf 88' lang='lat' dir='ltr'><strong>propter</strong></span> <span class='ocrx_word' id='word_1_441' title='bbox 2927 2848 3321 2919; x_wconf 79' lang='lat' dir='ltr'><strong>ignorationem</strong></span> <span class='ocrx_word' id='word_1_442' title='bbox 3367 2849 3538 2919; x_wconf 82' lang='lat' dir='ltr'><strong>ipsius</strong></span> 
     </span>
    </p>
   </div>
   <div class='ocr_carea' id='block_1_60' title="bbox 1949 2939 3536 3010">
    <p class='ocr_par' dir='ltr' id='par_1_60' title="bbox 1949 2939 3536 3010">
     <span class='ocr_line' id='line_1_60' title="bbox 1949 2939 3536 3010; baseline 0.001 -15"><span class='ocrx_word' id='word_1_443' title='bbox 1949 2939 2192 3008; x_wconf 84' lang='lat' dir='ltr'><strong>Opilicis,</strong></span> <span class='ocrx_word' id='word_1_444' title='bbox 2227 2954 2372 2993; x_wconf 89' lang='lat' dir='ltr'><strong>nunc</strong></span> <span class='ocrx_word' id='word_1_445' title='bbox 2405 2948 2697 3010; x_wconf 85' lang='lat' dir='ltr'><strong>postquam</strong></span> <span class='ocrx_word' id='word_1_446' title='bbox 2749 2939 2867 3010; x_wconf 85' lang='lat' dir='ltr'><strong>ejus</strong></span> <span class='ocrx_word' id='word_1_447' title='bbox 2919 2942 3125 3010; x_wconf 78' lang='lat' dir='ltr'><strong>agnitio</strong></span> <span class='ocrx_word' id='word_1_448' title='bbox 3183 2942 3283 2995; x_wconf 92' lang='lat' dir='ltr'><strong>toti</strong></span> <span class='ocrx_word' id='word_1_449' title='bbox 3328 2941 3536 2997; x_wconf 89' lang='lat' dir='ltr'><strong>mundo</strong></span> 
     </span>
    </p>
   </div>
   <div class='ocr_carea' id='block_1_61' title="bbox 1950 3028 3537 3114">
    <p class='ocr_par' dir='ltr' id='par_1_61' title="bbox 1950 3028 3537 3114">
     <span class='ocr_line' id='line_1_61' title="bbox 1950 3028 3537 3114; baseline 0.003 -27"><span class='ocrx_word' id='word_1_450' title='bbox 1950 3028 2150 3096; x_wconf 79' lang='lat' dir='ltr'><strong>illuxit,</strong></span> <span class='ocrx_word' id='word_1_451' title='bbox 2191 3048 2287 3089; x_wconf 86' lang='lat' dir='ltr'><strong>sua</strong></span> <span class='ocrx_word' id='word_1_452' title='bbox 2318 3043 2513 3103; x_wconf 87' lang='lat' dir='ltr'><strong>sponte</strong></span> <span class='ocrx_word' id='word_1_453' title='bbox 2547 3034 2760 3088; x_wconf 87' lang='lat' dir='ltr'><strong>accedit</strong></span> <span class='ocrx_word' id='word_1_454' title='bbox 2790 3042 2845 3087; x_wconf 91' lang='lat' dir='ltr'><strong>et</strong></span> <span class='ocrx_word' id='word_1_455' title='bbox 2893 3048 3064 3103; x_wconf 80' lang='lat' dir='ltr'><strong>regno</strong></span> <span class='ocrx_word' id='word_1_456' title='bbox 3113 3035 3232 3114; x_wconf 81' lang='lat' dir='ltr'><strong>ejus</strong></span> <span class='ocrx_word' id='word_1_457' title='bbox 3259 3036 3537 3091; x_wconf 88' lang='lat' dir='ltr'><strong>contineri</strong></span> 
     </span>
    </p>
   </div>
   <div class='ocr_carea' id='block_1_62' title="bbox 1953 3123 3538 3195">
    <p class='ocr_par' dir='ltr' id='par_1_62' title="bbox 1953 3123 3538 3195">
     <span class='ocr_line' id='line_1_62' title="bbox 1953 3123 3538 3195; baseline 0.001 -15"><span class='ocrx_word' id='word_1_458' title='bbox 1953 3124 2125 3193; x_wconf 90' lang='lat' dir='ltr'><strong>cupit.</strong></span> <span class='ocrx_word' id='word_1_459' title='bbox 2158 3123 2420 3194; x_wconf 86' lang='lat' dir='ltr'><strong>Quisquis</strong></span> <span class='ocrx_word' id='word_1_460' title='bbox 2443 3140 2574 3194; x_wconf 80' lang='lat' dir='ltr'><strong>ergo</strong></span> <span class='ocrx_word' id='word_1_461' title='bbox 2608 3140 2794 3180; x_wconf 78' lang='lat' dir='ltr'><strong>vocem</strong></span> <span class='ocrx_word' id='word_1_462' title='bbox 2824 3127 3055 3195; x_wconf 78' lang='lat' dir='ltr'><strong>paswris</strong></span> <span class='ocrx_word' id='word_1_463' title='bbox 3080 3127 3251 3193; x_wconf 90' lang='lat' dir='ltr'><strong>novit,</strong></span> <span class='ocrx_word' id='word_1_464' title='bbox 3280 3136 3337 3183; x_wconf 88' lang='lat' dir='ltr'><strong>et</strong></span> <span class='ocrx_word' id='word_1_465' title='bbox 3365 3128 3538 3181; x_wconf 83' lang='lat' dir='ltr'><strong>vesti-</strong></span> 
     </span>
    </p>
   </div>
   <div class='ocr_carea' id='block_1_63' title="bbox 261 3204 1851 3309">
    <p class='ocr_par' dir='ltr' id='par_1_63' title="bbox 261 3204 1851 3279">
     <span class='ocr_line' id='line_1_63' title="bbox 261 3204 1851 3279; baseline -0.008 -11"><span class='ocrx_word' id='word_1_466' title='bbox 261 3213 456 3276; x_wconf 76' lang='grc' dir='ltr'>ὕδατος</span> <span class='ocrx_word' id='word_1_467' title='bbox 486 3209 847 3272; x_wconf 70' lang='grc' dir='ltr'>ἀναπαύσεως</span> <span class='ocrx_word' id='word_1_468' title='bbox 880 3207 1296 3279; x_wconf 81' lang='grc' dir='ltr'>ἐκτραφήσεται</span> <span class='ocrx_word' id='word_1_469' title='bbox 1317 3222 1331 3238; x_wconf 80' lang='grc' dir='ltr'><strong>ο</strong></span> <span class='ocrx_word' id='word_1_470' title='bbox 1373 3206 1468 3259; x_wconf 78' lang='grc' dir='ltr'>καὶ</span> <span class='ocrx_word' id='word_1_471' title='bbox 1510 3205 1571 3259; x_wconf 77' lang='grc' dir='ltr'>οὗ</span> <span class='ocrx_word' id='word_1_472' title='bbox 1606 3204 1851 3277; x_wconf 78' lang='grc' dir='ltr'>φοϐηθή-</span> 
     </span>
    </p>
   </div>
   <div class='ocr_carea' id='block_1_64' title="bbox 1953 3204 3539 3309">
    <p class='ocr_par' dir='ltr' id='par_1_64' title="bbox 1956 3208 3539 3289">
     <span class='ocr_line' id='line_1_64' title="bbox 1956 3208 3539 3289; baseline 0.003 -18"><span class='ocrx_word' id='word_1_473' title='bbox 1956 3216 2055 3289; x_wconf 73' lang='lat' dir='ltr'><strong>giis</strong></span> <span class='ocrx_word' id='word_1_474' title='bbox 2076 3216 2371 3286; x_wconf 86' lang='lat' dir='ltr'><strong>praeeuntis</strong></span> <span class='ocrx_word' id='word_1_475' title='bbox 2421 3216 2650 3282; x_wconf 89' lang='lat' dir='ltr'><strong>insistit,</strong></span> <span class='ocrx_word' id='word_1_476' title='bbox 2680 3217 2732 3272; x_wconf 88' lang='lat' dir='ltr'><strong>in</strong></span> <span class='ocrx_word' id='word_1_477' title='bbox 2767 3217 2927 3272; x_wconf 75' lang='lat' dir='ltr'><strong>viridi</strong></span> <span class='ocrx_word' id='word_1_478' title='bbox 2988 3208 3235 3287; x_wconf 79' lang='lat' dir='ltr'><strong>gramine</strong></span> <span class='ocrx_word' id='word_1_479' title='bbox 3287 3235 3539 3275; x_wconf 89' lang='lat' dir='ltr'><strong>commo-</strong></span> 
     </span>
    </p>
   </div>
   <div class='ocr_carea' id='block_1_65' title="bbox 264 3298 1854 3374">
    <p class='ocr_par' dir='ltr' id='par_1_65' title="bbox 264 3298 1854 3374">
     <span class='ocr_line' id='line_1_65' title="bbox 264 3298 1854 3374; baseline -0.006 -14"><span class='ocrx_word' id='word_1_480' title='bbox 264 3324 418 3360; x_wconf 89' lang='grc' dir='ltr'>σεται</span> <span class='ocrx_word' id='word_1_481' title='bbox 445 3305 614 3371; x_wconf 78' lang='grc' dir='ltr'>κακὰ,</span> <span class='ocrx_word' id='word_1_482' title='bbox 641 3302 751 3357; x_wconf 75' lang='grc' dir='ltr'>οὐδ’</span> <span class='ocrx_word' id='word_1_483' title='bbox 777 3303 844 3357; x_wconf 81' lang='grc' dir='ltr'>ἂν</span> <span class='ocrx_word' id='word_1_484' title='bbox 864 3300 1004 3374; x_wconf 79' lang='grc' dir='ltr'>τύχῃ</span> <span class='ocrx_word' id='word_1_485' title='bbox 1027 3301 1397 3373; x_wconf 82' lang='grc' dir='ltr'>πορευόμενος</span> <span class='ocrx_word' id='word_1_486' title='bbox 1425 3299 1489 3353; x_wconf 83' lang='grc' dir='ltr'>ἐν’</span> <span class='ocrx_word' id='word_1_487' title='bbox 1510 3298 1662 3370; x_wconf 83' lang='grc' dir='ltr'>μέσῳ</span> <span class='ocrx_word' id='word_1_488' title='bbox 1694 3299 1854 3361; x_wconf 78' lang='grc' dir='ltr'>σκιᾶς</span> 
     </span>
    </p>
   </div>
   <div class='ocr_carea' id='block_1_66' title="bbox 264 3380 1857 3464">
    <p class='ocr_par' dir='ltr' id='par_1_66' title="bbox 264 3380 1857 3464">
     <span class='ocr_line' id='line_1_66' title="bbox 264 3380 1857 3464; baseline -0.006 -12"><span class='ocrx_word' id='word_1_489' title='bbox 264 3397 540 3452; x_wconf 79' lang='grc' dir='ltr'>θανάτου.’</span> <span class='ocrx_word' id='word_1_490' title='bbox 578 3395 704 3450; x_wconf 82' lang='grc' dir='ltr'><strong>Ἐὰν</strong></span> <span class='ocrx_word' id='word_1_491' title='bbox 749 3395 807 3450; x_wconf 75' lang='grc' dir='ltr'>δὲ</span> <span class='ocrx_word' id='word_1_492' title='bbox 856 3393 1069 3464; x_wconf 83' lang='grc' dir='ltr'>πλάνης</span> <span class='ocrx_word' id='word_1_493' title='bbox 1114 3380 1376 3463; x_wconf 63' lang='grc' dir='ltr'>πειρᾶθῇ,</span> <span class='ocrx_word' id='word_1_494' title='bbox 1431 3392 1527 3445; x_wconf 76' lang='grc' dir='ltr'>καὶ</span> <span class='ocrx_word' id='word_1_495' title='bbox 1574 3390 1857 3455; x_wconf 78' lang='grc' dir='ltr'>ἀπολωλός</span> 
     </span>
    </p>
   </div>
   <div class='ocr_carea' id='block_1_67' title="bbox 265 3482 1859 3560">
    <p class='ocr_par' dir='ltr' id='par_1_67' title="bbox 265 3482 1859 3560">
     <span class='ocr_line' id='line_1_67' title="bbox 265 3482 1859 3560; baseline -0.003 -17"><span class='ocrx_word' id='word_1_496' title='bbox 265 3506 403 3543; x_wconf 85' lang='grc' dir='ltr'>ποτε</span> <span class='ocrx_word' id='word_1_497' title='bbox 431 3488 661 3560; x_wconf 76' lang='grc' dir='ltr'>γένηται</span> <span class='ocrx_word' id='word_1_498' title='bbox 695 3482 1015 3560; x_wconf 78' lang='grc' dir='ltr'>(ἀνθέξομαι</span> <span class='ocrx_word' id='word_1_499' title='bbox 1060 3484 1170 3555; x_wconf 74' lang='grc' dir='ltr'>γὰρ</span> <span class='ocrx_word' id='word_1_500' title='bbox 1215 3485 1317 3553; x_wconf 82' lang='grc' dir='ltr'><strong>τῆς</strong></span> <span class='ocrx_word' id='word_1_501' title='bbox 1347 3482 1714 3555; x_wconf 80' lang='grc' dir='ltr'>παραϐολῆς),</span> <span class='ocrx_word' id='word_1_502' title='bbox 1746 3483 1859 3538; x_wconf 78' lang='grc' dir='ltr'>οὐδ’</span> 
     </span>
    </p>
   </div>
   <div class='ocr_carea' id='block_1_68' title="bbox 268 3574 1856 3651">
    <p class='ocr_par' dir='ltr' id='par_1_68' title="bbox 268 3574 1856 3651">
     <span class='ocr_line' id='line_1_68' title="bbox 268 3574 1856 3651; baseline -0.006 -15"><span class='ocrx_word' id='word_1_503' title='bbox 268 3581 419 3636; x_wconf 80' lang='grc' dir='ltr'>οῦτω</span> <span class='ocrx_word' id='word_1_504' title='bbox 447 3581 587 3644; x_wconf 83' lang='grc' dir='ltr'>τέως</span> <span class='ocrx_word' id='word_1_505' title='bbox 613 3578 1024 3651; x_wconf 83' lang='grc' dir='ltr'>ἀμεληθήσεται</span> <span class='ocrx_word' id='word_1_506' title='bbox 1044 3590 1060 3606; x_wconf 80' lang='grc'><strong>⁸</strong></span> <span class='ocrx_word' id='word_1_507' title='bbox 1082 3576 1220 3632; x_wconf 82' lang='grc' dir='ltr'>ἀλλὰ</span> <span class='ocrx_word' id='word_1_508' title='bbox 1242 3576 1447 3649; x_wconf 83' lang='grc' dir='ltr'>σπουδῇ</span> <span class='ocrx_word' id='word_1_509' title='bbox 1465 3574 1856 3647; x_wconf 77' lang='grc' dir='ltr'>ζητηθήσεται,</span> 
     </span>
    </p>
   </div>
   <div class='ocr_carea' id='block_1_69' title="bbox 267 3668 1861 3744">
    <p class='ocr_par' dir='ltr' id='par_1_69' title="bbox 267 3668 1861 3744">
     <span class='ocr_line' id='line_1_69' title="bbox 267 3668 1861 3744; baseline -0.003 -16"><span class='ocrx_word' id='word_1_510' title='bbox 267 3673 367 3729; x_wconf 70' lang='grc' dir='ltr'><strong>καὶ</strong></span> <span class='ocrx_word' id='word_1_511' title='bbox 401 3672 622 3744; x_wconf 81' lang='grc' dir='ltr'>εὑρεθὲν</span> <span class='ocrx_word' id='word_1_512' title='bbox 664 3669 889 3725; x_wconf 75' lang='grc' dir='ltr'>ἐπὶτῶν</span> <span class='ocrx_word' id='word_1_513' title='bbox 933 3670 1101 3740; x_wconf 82' lang='grc' dir='ltr'>ὤμων</span> <span class='ocrx_word' id='word_1_514' title='bbox 1135 3668 1605 3739; x_wconf 68' lang='grc' dir='ltr'>ἀχθήσεταινκαὶ</span> <span class='ocrx_word' id='word_1_515' title='bbox 1640 3669 1752 3731; x_wconf 83' lang='grc' dir='ltr'>τοῖς</span> <span class='ocrx_word' id='word_1_516' title='bbox 1785 3668 1861 3739; x_wconf 74' lang='grc' dir='ltr'>μὴ</span> 
     </span>
    </p>
   </div>
   <div class='ocr_carea' id='block_1_70' title="bbox 268 3748 1861 3835">
    <p class='ocr_par' dir='ltr' id='par_1_70' title="bbox 268 3748 1861 3835">
     <span class='ocr_line' id='line_1_70' title="bbox 268 3748 1861 3835; baseline -0.004 -15"><span class='ocrx_word' id='word_1_517' title='bbox 268 3752 714 3835; x_wconf 63' lang='grc' dir='ltr'>πεπλανημένοις</span> <span class='ocrx_word' id='word_1_518' title='bbox 739 3748 1012 3831; x_wconf 81' lang='grc' dir='ltr'>ὁμοταγές</span> <span class='ocrx_word' id='word_1_519' title='bbox 1039 3760 1218 3816; x_wconf 74' lang='grc' dir='ltr'>ἔσται.</span> <span class='ocrx_word' id='word_1_520' title='bbox 1251 3760 1450 3815; x_wconf 80' lang='grc' dir='ltr'>Καίτοι</span> <span class='ocrx_word' id='word_1_521' title='bbox 1476 3759 1861 3830; x_wconf 54' lang='grc' dir='ltr'>καὶλμειζόνως</span> 
     </span>
    </p>
   </div>
   <div class='ocr_carea' id='block_1_71' title="bbox 266 3851 1860 3931">
    <p class='ocr_par' dir='ltr' id='par_1_71' title="bbox 266 3851 1860 3931">
     <span class='ocr_line' id='line_1_71' title="bbox 266 3851 1860 3931; baseline -0.005 -18"><span class='ocrx_word' id='word_1_522' title='bbox 266 3860 453 3931; x_wconf 84' lang='grc' dir='ltr'>χαίρει</span> <span class='ocrx_word' id='word_1_523' title='bbox 484 3858 561 3929; x_wconf 85' lang='grc' dir='ltr'>τῷ</span> <span class='ocrx_word' id='word_1_524' title='bbox 594 3858 676 3912; x_wconf 79' lang='grc' dir='ltr'><strong>ἑνὶ</strong></span> <span class='ocrx_word' id='word_1_525' title='bbox 708 3856 884 3928; x_wconf 76' lang='grc' dir='ltr'>τούτῳ</span> <span class='ocrx_word' id='word_1_526' title='bbox 913 3855 946 3927; x_wconf 76' lang='grc' dir='ltr'>ἢ</span> <span class='ocrx_word' id='word_1_527' title='bbox 980 3857 1094 3919; x_wconf 80' lang='grc' dir='ltr'>τοῖς</span> <span class='ocrx_word' id='word_1_528' title='bbox 1126 3854 1347 3918; x_wconf 82' lang='grc' dir='ltr'>πολλοῖς</span> <span class='ocrx_word' id='word_1_529' title='bbox 1375 3851 1628 3917; x_wconf 81' lang='grc' dir='ltr'>ἐκείνοις,</span> <span class='ocrx_word' id='word_1_530' title='bbox 1665 3855 1778 3916; x_wconf 79' lang='grc' dir='ltr'>τοῖς</span> <span class='ocrx_word' id='word_1_531' title='bbox 1801 3855 1860 3905; x_wconf 84' lang='grc' dir='ltr'><strong>ἐν</strong></span> 
     </span>
    </p>
   </div>
   <div class='ocr_carea' id='block_1_72' title="bbox 266 3938 1862 4026">
    <p class='ocr_par' dir='ltr' id='par_1_72' title="bbox 266 3938 1862 4026">
     <span class='ocr_line' id='line_1_72' title="bbox 266 3938 1862 4026; baseline -0.009 -18"><span class='ocrx_word' id='word_1_532' title='bbox 266 3957 340 4026; x_wconf 76' lang='grc' dir='ltr'>τῇ</span> <span class='ocrx_word' id='word_1_533' title='bbox 375 3950 609 4023; x_wconf 78' lang='grc' dir='ltr'>μάνδρᾳ,</span> <span class='ocrx_word' id='word_1_534' title='bbox 645 3951 758 4014; x_wconf 86' lang='grc' dir='ltr'>τοῖς</span> <span class='ocrx_word' id='word_1_535' title='bbox 791 3949 881 4003; x_wconf 76' lang='grc' dir='ltr'>ἀεὶ</span> <span class='ocrx_word' id='word_1_536' title='bbox 905 3946 1001 4001; x_wconf 73' lang='grc' dir='ltr'><strong>σὺν</strong></span> <span class='ocrx_word' id='word_1_537' title='bbox 1030 3938 1191 4016; x_wconf 72' lang='grc' dir='ltr'>αὐτῷ’</span> <span class='ocrx_word' id='word_1_538' title='bbox 1221 3944 1501 4016; x_wconf 82' lang='grc' dir='ltr'>μένουσιν.</span> <span class='ocrx_word' id='word_1_539' title='bbox 1533 3942 1712 4006; x_wconf 82' lang='grc' dir='ltr'>Αὐτὸς</span> <span class='ocrx_word' id='word_1_540' title='bbox 1738 3942 1862 3995; x_wconf 84' lang='grc' dir='ltr'>τοῦ-</span> 
     </span>
    </p>
   </div>
   <div class='ocr_carea' id='block_1_73' title="bbox 269 4033 1862 4117">
    <p class='ocr_par' dir='ltr' id='par_1_73' title="bbox 269 4033 1862 4117">
     <span class='ocr_line' id='line_1_73' title="bbox 269 4033 1862 4117; baseline -0.009 -18"><span class='ocrx_word' id='word_1_541' title='bbox 269 4062 331 4098; x_wconf 89' lang='grc' dir='ltr'><strong>το</strong></span> <span class='ocrx_word' id='word_1_542' title='bbox 360 4043 579 4115; x_wconf 74' lang='grc' dir='ltr'>εἴρηκε.</span> <span class='ocrx_word' id='word_1_543' title='bbox 617 4041 909 4111; x_wconf 83' lang='grc' dir='ltr'>Συνίστησι</span> <span class='ocrx_word' id='word_1_544' title='bbox 934 4037 993 4091; x_wconf 82' lang='grc' dir='ltr'>δὲ</span> <span class='ocrx_word' id='word_1_545' title='bbox 1027 4037 1119 4090; x_wconf 83' lang='grc' dir='ltr'><strong>τδν</strong></span> <span class='ocrx_word' id='word_1_546' title='bbox 1148 4036 1309 4117; x_wconf 82' lang='grc' dir='ltr'>λόγον</span> <span class='ocrx_word' id='word_1_547' title='bbox 1340 4036 1437 4088; x_wconf 78' lang='grc' dir='ltr'><strong>καὶ</strong></span> <span class='ocrx_word' id='word_1_548' title='bbox 1465 4033 1651 4095; x_wconf 82' lang='grc' dir='ltr'>αὐτοῖς</span> <span class='ocrx_word' id='word_1_549' title='bbox 1682 4034 1862 4105; x_wconf 85' lang='grc' dir='ltr'>πράγ-</span> 
     </span>
    </p>
   </div>
   <div class='ocr_carea' id='block_1_74' title="bbox 277 4125 1862 4212">
    <p class='ocr_par' dir='ltr' id='par_1_74' title="bbox 277 4125 1862 4212">
     <span class='ocr_line' id='line_1_74' title="bbox 277 4125 1862 4212; baseline -0.01 -20"><span class='ocrx_word' id='word_1_550' title='bbox 277 4155 438 4212; x_wconf 81' lang='grc' dir='ltr'>μασι.</span> <span class='ocrx_word' id='word_1_551' title='bbox 492 4132 757 4189; x_wconf 81' lang='grc' dir='ltr'>Τοσοῦτον</span> <span class='ocrx_word' id='word_1_552' title='bbox 830 4133 940 4201; x_wconf 81' lang='grc' dir='ltr'>γὰρ</span> <span class='ocrx_word' id='word_1_553' title='bbox 991 4127 1308 4193; x_wconf 75' lang='grc' dir='ltr'>ἐπεδείξατο</span> <span class='ocrx_word' id='word_1_554' title='bbox 1358 4126 1584 4197; x_wconf 73' lang='grc' dir='ltr'>φίλτρον</span> <span class='ocrx_word' id='word_1_555' title='bbox 1633 4125 1772 4196; x_wconf 71' lang='grc' dir='ltr'>πρὸς</span> <span class='ocrx_word' id='word_1_556' title='bbox 1802 4125 1862 4177; x_wconf 80' lang='grc' dir='ltr'><strong>τδ</strong></span> 
     </span>
    </p>
   </div>
   <div class='ocr_carea' id='block_1_75' title="bbox 274 4215 1864 4294">
    <p class='ocr_par' dir='ltr' id='par_1_75' title="bbox 274 4215 1864 4294">
     <span class='ocr_line' id='line_1_75' title="bbox 274 4215 1864 4294; baseline -0.009 -13"><span class='ocrx_word' id='word_1_557' title='bbox 274 4223 653 4294; x_wconf 82' lang='grc' dir='ltr'>πλανώμενον,</span> <span class='ocrx_word' id='word_1_558' title='bbox 704 4223 781 4285; x_wconf 84' lang='grc' dir='ltr'>ὡς</span> <span class='ocrx_word' id='word_1_559' title='bbox 830 4220 1052 4291; x_wconf 79' lang='grc' dir='ltr'>ἀφεῖναι</span> <span class='ocrx_word' id='word_1_560' title='bbox 1089 4218 1190 4291; x_wconf 75' lang='grc' dir='ltr'><strong>μὲν</strong></span> <span class='ocrx_word' id='word_1_561' title='bbox 1220 4219 1408 4273; x_wconf 83' lang='grc' dir='ltr'>ἐκεῖνα</span> <span class='ocrx_word' id='word_1_562' title='bbox 1439 4217 1507 4271; x_wconf 76' lang='grc' dir='ltr'><strong>τὰ</strong></span> <span class='ocrx_word' id='word_1_563' title='bbox 1542 4215 1736 4283; x_wconf 80' lang='grc' dir='ltr'>πολλὰ,</span> <span class='ocrx_word' id='word_1_564' title='bbox 1768 4215 1864 4268; x_wconf 70' lang='grc' dir='ltr'><strong>ἐπὶ</strong></span> 
     </span>
    </p>
   </div>
   <div class='ocr_carea' id='block_1_76' title="bbox 271 4307 1863 4388">
    <p class='ocr_par' dir='ltr' id='par_1_76' title="bbox 271 4307 1863 4388">
     <span class='ocr_line' id='line_1_76' title="bbox 271 4307 1863 4388; baseline -0.008 -15"><span class='ocrx_word' id='word_1_565' title='bbox 271 4320 335 4374; x_wconf 79' lang='grc' dir='ltr'>δὲ</span> <span class='ocrx_word' id='word_1_566' title='bbox 364 4321 464 4388; x_wconf 84' lang='grc' dir='ltr'><strong>τὴν</strong></span> <span class='ocrx_word' id='word_1_567' title='bbox 497 4315 590 4370; x_wconf 86' lang='grc' dir='ltr'><strong>τοῦ</strong></span> <span class='ocrx_word' id='word_1_568' title='bbox 623 4316 742 4380; x_wconf 76' lang='grc' dir='ltr'>ἐνὸς</span> <span class='ocrx_word' id='word_1_569' title='bbox 792 4313 1025 4385; x_wconf 80' lang='grc' dir='ltr'>ζήτησιν</span> <span class='ocrx_word' id='word_1_570' title='bbox 1062 4308 1302 4378; x_wconf 75' lang='grc' dir='ltr'>ἐξελθεῖν</span> <span class='ocrx_word' id='word_1_571' title='bbox 1328 4326 1341 4341; x_wconf 78' lang='grc'><em>’</em></span> <span class='ocrx_word' id='word_1_572' title='bbox 1392 4309 1536 4363; x_wconf 78' lang='grc' dir='ltr'>οὕτω</span> <span class='ocrx_word' id='word_1_573' title='bbox 1568 4307 1667 4379; x_wconf 83' lang='grc' dir='ltr'>τὴν</span> <span class='ocrx_word' id='word_1_574' title='bbox 1695 4307 1863 4361; x_wconf 84' lang='grc' dir='ltr'>αὐτοῦ</span> 
     </span>
    </p>
   </div>
   <div class='ocr_carea' id='block_1_77' title="bbox 277 4396 1867 4485">
    <p class='ocr_par' dir='ltr' id='par_1_77' title="bbox 277 4396 1867 4485">
     <span class='ocr_line' id='line_1_77' title="bbox 277 4396 1867 4485; baseline -0.009 -18"><span class='ocrx_word' id='word_1_575' title='bbox 277 4410 563 4485; x_wconf 71' lang='grc' dir='ltr'>σωτηρίαν</span> <span class='ocrx_word' id='word_1_576' title='bbox 579 4406 672 4464; x_wconf 85' lang='grc' dir='ltr'><strong>τοῦ</strong></span> <span class='ocrx_word' id='word_1_577' title='bbox 707 4407 907 4470; x_wconf 76' lang='grc' dir='ltr'>παντὸς</span> <span class='ocrx_word' id='word_1_578' title='bbox 944 4406 1160 4476; x_wconf 80' lang='grc' dir='ltr'>ἡγεῖται</span> <span class='ocrx_word' id='word_1_579' title='bbox 1190 4402 1351 4472; x_wconf 86' lang='grc' dir='ltr'>ἀξίαν</span> <span class='ocrx_word' id='word_1_580' title='bbox 1386 4396 1548 4458; x_wconf 82' lang='grc' dir='ltr'>εἶναι.</span> <span class='ocrx_word' id='word_1_581' title='bbox 1582 4403 1689 4457; x_wconf 71' lang='grc' dir='ltr'>Καὶ</span> <span class='ocrx_word' id='word_1_582' title='bbox 1714 4399 1867 4473; x_wconf 85' lang='grc' dir='ltr'>δηλοί</span> 
     </span>
    </p>
   </div>
   <div class='ocr_carea' id='block_1_78' title="bbox 274 4491 1865 4568">
    <p class='ocr_par' dir='ltr' id='par_1_78' title="bbox 274 4491 1865 4568">
     <span class='ocr_line' id='line_1_78' title="bbox 274 4491 1865 4568; baseline -0.006 -16"><span class='ocrx_word' id='word_1_583' title='bbox 274 4499 339 4552; x_wconf 73' lang='grc' dir='ltr'>τὸ</span> <span class='ocrx_word' id='word_1_584' title='bbox 372 4497 562 4568; x_wconf 73' lang='grc' dir='ltr'>μηδενὶ</span> <span class='ocrx_word' id='word_1_585' title='bbox 585 4495 645 4549; x_wconf 82' lang='grc' dir='ltr'><strong>τδ</strong></span> <span class='ocrx_word' id='word_1_586' title='bbox 662 4496 906 4566; x_wconf 82' lang='grc' dir='ltr'>πρᾶγμα</span> <span class='ocrx_word' id='word_1_587' title='bbox 947 4493 1107 4546; x_wconf 85' lang='grc' dir='ltr'>τοῦτο</span> <span class='ocrx_word' id='word_1_588' title='bbox 1136 4492 1452 4546; x_wconf 77' lang='grc' dir='ltr'>πιστεῦσαι.</span> <span class='ocrx_word' id='word_1_589' title='bbox 1490 4492 1563 4546; x_wconf 89' lang='grc' dir='ltr'><strong>Οὐ</strong></span> <span class='ocrx_word' id='word_1_590' title='bbox 1597 4491 1706 4561; x_wconf 83' lang='grc' dir='ltr'><strong>γὰρ</strong></span> <span class='ocrx_word' id='word_1_591' title='bbox 1735 4491 1865 4544; x_wconf 83' lang='grc' dir='ltr'>πολ·-</span> 
     </span>
    </p>
   </div>
   <div class='ocr_carea' id='block_1_79' title="bbox 1960 3309 3541 3381">
    <p class='ocr_par' dir='ltr' id='par_1_79' title="bbox 1960 3309 3541 3381">
     <span class='ocr_line' id='line_1_79' title="bbox 1960 3309 3541 3381; baseline 0.005 -19"><span class='ocrx_word' id='word_1_592' title='bbox 1960 3309 2176 3363; x_wconf 87' lang='lat' dir='ltr'><strong>rabitur</strong></span> <span class='ocrx_word' id='word_1_593' title='bbox 2195 3318 2249 3364; x_wconf 91' lang='lat' dir='ltr'><strong>et</strong></span> <span class='ocrx_word' id='word_1_594' title='bbox 2277 3309 2345 3365; x_wconf 86' lang='lat' dir='ltr'><strong>ad</strong></span> <span class='ocrx_word' id='word_1_595' title='bbox 2398 3310 2661 3379; x_wconf 82' lang='lat' dir='ltr'><strong>requietis</strong></span> <span class='ocrx_word' id='word_1_596' title='bbox 2712 3325 2908 3381; x_wconf 85' lang='lat' dir='ltr'><strong>aquam</strong></span> <span class='ocrx_word' id='word_1_597' title='bbox 2944 3320 3204 3379; x_wconf 81' lang='lat' dir='ltr'><strong>pascetur</strong></span> <span class='ocrx_word' id='word_1_598' title='bbox 3236 3327 3253 3366; x_wconf 88' lang='lat'><strong>:</strong></span> <span class='ocrx_word' id='word_1_599' title='bbox 3288 3313 3459 3369; x_wconf 86' lang='lat' dir='ltr'><strong>nullis</strong></span> <span class='ocrx_word' id='word_1_600' title='bbox 3509 3331 3541 3369; x_wconf 87' lang='lat' dir='ltr'><strong>a</strong></span> 
     </span>
    </p>
   </div>
   <div class='ocr_carea' id='block_1_80' title="bbox 1962 3400 3546 3472">
    <p class='ocr_par' dir='ltr' id='par_1_80' title="bbox 1962 3400 3546 3472">
     <span class='ocr_line' id='line_1_80' title="bbox 1962 3400 3546 3472; baseline 0.004 -15"><span class='ocrx_word' id='word_1_601' title='bbox 1962 3400 2118 3457; x_wconf 89' lang='lat' dir='ltr'><strong>malis</strong></span> <span class='ocrx_word' id='word_1_602' title='bbox 2154 3400 2256 3457; x_wconf 83' lang='lat' dir='ltr'><strong>sibi</strong></span> <span class='ocrx_word' id='word_1_603' title='bbox 2292 3410 2520 3468; x_wconf 89' lang='lat' dir='ltr'><strong>metuet,</strong></span> <span class='ocrx_word' id='word_1_604' title='bbox 2558 3416 2626 3457; x_wconf 90' lang='lat' dir='ltr'><strong>ne</strong></span> <span class='ocrx_word' id='word_1_605' title='bbox 2655 3401 2873 3472; x_wconf 85' lang='lat' dir='ltr'><strong>quidem</strong></span> <span class='ocrx_word' id='word_1_606' title='bbox 2905 3403 2952 3457; x_wconf 90' lang='lat' dir='ltr'><strong>si</strong></span> <span class='ocrx_word' id='word_1_607' title='bbox 2988 3419 3112 3458; x_wconf 89' lang='lat' dir='ltr'><strong>eum</strong></span> <span class='ocrx_word' id='word_1_608' title='bbox 3153 3405 3204 3459; x_wconf 93' lang='lat' dir='ltr'><strong>in</strong></span> <span class='ocrx_word' id='word_1_609' title='bbox 3237 3406 3417 3462; x_wconf 90' lang='lat' dir='ltr'><strong>medio</strong></span> <span class='ocrx_word' id='word_1_610' title='bbox 3465 3407 3546 3462; x_wconf 66' lang='lat' dir='ltr'><strong>leo</strong></span> 
     </span>
    </p>
   </div>
   <div class='ocr_carea' id='block_1_81' title="bbox 1963 3480 3563 3567">
    <p class='ocr_par' dir='ltr' id='par_1_81' title="bbox 1963 3480 3563 3567">
     <span class='ocr_line' id='line_1_81' title="bbox 1963 3480 3563 3567; baseline 0.003 -16"><span class='ocrx_word' id='word_1_611' title='bbox 1963 3496 2085 3552; x_wconf 87' lang='lat' dir='ltr'><strong>talis</strong></span> <span class='ocrx_word' id='word_1_612' title='bbox 2120 3497 2327 3552; x_wconf 63' lang='lat' dir='ltr'><strong>umbra:</strong></span> <span class='ocrx_word' id='word_1_613' title='bbox 2357 3497 2643 3567; x_wconf 75' lang='lat' dir='ltr'><strong>contingat</strong></span> <span class='ocrx_word' id='word_1_614' title='bbox 2674 3498 2778 3553; x_wconf 87' lang='lat' dir='ltr'><strong>iter</strong></span> <span class='ocrx_word' id='word_1_615' title='bbox 2826 3496 3028 3554; x_wconf 80' lang='lat' dir='ltr'><strong>facere.</strong></span> <span class='ocrx_word' id='word_1_616' title='bbox 3070 3498 3228 3566; x_wconf 85' lang='lat' dir='ltr'><strong>Quod</strong></span> <span class='ocrx_word' id='word_1_617' title='bbox 3278 3500 3327 3554; x_wconf 88' lang='lat' dir='ltr'><strong>si</strong></span> <span class='ocrx_word' id='word_1_618' title='bbox 3379 3480 3563 3556; x_wconf 32' lang='lat' dir='ltr'><strong>alter--</strong></span> 
     </span>
    </p>
   </div>
   <div class='ocr_carea' id='block_1_82' title="bbox 1962 3589 3548 3664">
    <p class='ocr_par' dir='ltr' id='par_1_82' title="bbox 1962 3589 3548 3664">
     <span class='ocr_line' id='line_1_82' title="bbox 1962 3589 3548 3664; baseline 0 -18"><span class='ocrx_word' id='word_1_619' title='bbox 1962 3590 2134 3647; x_wconf 88' lang='lat' dir='ltr'><strong>rando</strong></span> <span class='ocrx_word' id='word_1_620' title='bbox 2186 3589 2499 3654; x_wconf 81' lang='lat' dir='ltr'><strong>deﬂexerit,</strong></span> <span class='ocrx_word' id='word_1_621' title='bbox 2525 3590 2756 3660; x_wconf 87' lang='lat' dir='ltr'><strong>ovisque</strong></span> <span class='ocrx_word' id='word_1_622' title='bbox 2781 3590 2998 3659; x_wconf 86' lang='lat' dir='ltr'><strong>perdita</strong></span> <span class='ocrx_word' id='word_1_623' title='bbox 3032 3590 3209 3648; x_wconf 77' lang='lat' dir='ltr'><strong>factus</strong></span> <span class='ocrx_word' id='word_1_624' title='bbox 3254 3592 3414 3647; x_wconf 81' lang='lat' dir='ltr'><strong>fuerit</strong></span> <span class='ocrx_word' id='word_1_625' title='bbox 3436 3592 3548 3664; x_wconf 84' lang='lat' dir='ltr'><strong>(in-</strong></span> 
     </span>
    </p>
   </div>
   <div class='ocr_carea' id='block_1_83' title="bbox 1962 3681 3545 3755">
    <p class='ocr_par' dir='ltr' id='par_1_83' title="bbox 1962 3681 3545 3755">
     <span class='ocr_line' id='line_1_83' title="bbox 1962 3681 3545 3755; baseline 0.001 -16"><span class='ocrx_word' id='word_1_626' title='bbox 1962 3681 2180 3739; x_wconf 76' lang='lat' dir='ltr'><strong>haerebo</strong></span> <span class='ocrx_word' id='word_1_627' title='bbox 2219 3698 2455 3754; x_wconf 90' lang='lat' dir='ltr'><strong>namque</strong></span> <span class='ocrx_word' id='word_1_628' title='bbox 2509 3683 2856 3738; x_wconf 87' lang='lat' dir='ltr'><strong>similitudini</strong></span> <span class='ocrx_word' id='word_1_629' title='bbox 2918 3685 3256 3755; x_wconf 67' lang='lat' dir='ltr'><strong>propositae),</strong></span> <span class='ocrx_word' id='word_1_630' title='bbox 3330 3701 3399 3741; x_wconf 89' lang='lat' dir='ltr'><strong>ne</strong></span> <span class='ocrx_word' id='word_1_631' title='bbox 3461 3687 3545 3741; x_wconf 87' lang='lat' dir='ltr'><strong>sic</strong></span> 
     </span>
    </p>
   </div>
   <div class='ocr_carea' id='block_1_84' title="bbox 1962 3775 3591 3847">
    <p class='ocr_par' dir='ltr' id='par_1_84' title="bbox 1962 3775 3591 3847">
     <span class='ocr_line' id='line_1_84' title="bbox 1962 3775 3591 3847; baseline 0.001 -17"><span class='ocrx_word' id='word_1_632' title='bbox 1962 3775 2182 3844; x_wconf 82' lang='lat' dir='ltr'><strong>quidem</strong></span> <span class='ocrx_word' id='word_1_633' title='bbox 2245 3776 2571 3847; x_wconf 80' lang='lat' dir='ltr'><strong>negligetur,</strong></span> <span class='ocrx_word' id='word_1_634' title='bbox 2632 3775 2728 3830; x_wconf 88' lang='lat' dir='ltr'><strong>sed</strong></span> <span class='ocrx_word' id='word_1_635' title='bbox 2762 3776 3010 3832; x_wconf 85' lang='lat' dir='ltr'><strong>studiose</strong></span> <span class='ocrx_word' id='word_1_636' title='bbox 3064 3776 3436 3845; x_wconf 82' lang='lat' dir='ltr'><strong>perquiretur,</strong></span> <span class='ocrx_word' id='word_1_637' title='bbox 3490 3780 3591 3831; x_wconf 80' lang='lat' dir='ltr'><strong>et’</strong></span> 
     </span>
    </p>
   </div>
   <div class='ocr_carea' id='block_1_85' title="bbox 1962 3850 3546 3939">
    <p class='ocr_par' dir='ltr' id='par_1_85' title="bbox 1962 3850 3546 3939">
     <span class='ocr_line' id='line_1_85' title="bbox 1962 3850 3546 3939; baseline 0.001 -16"><span class='ocrx_word' id='word_1_638' title='bbox 1962 3866 2207 3923; x_wconf 83' lang='lat' dir='ltr'><strong>humeris</strong></span> <span class='ocrx_word' id='word_1_639' title='bbox 2255 3865 2508 3936; x_wconf 90' lang='lat' dir='ltr'><strong>imposita</strong></span> <span class='ocrx_word' id='word_1_640' title='bbox 2539 3850 2868 3936; x_wconf 79' lang='lat' dir='ltr'><strong>perferetur,</strong></span> <span class='ocrx_word' id='word_1_641' title='bbox 2895 3882 2959 3923; x_wconf 89' lang='lat' dir='ltr'><strong>ac</strong></span> <span class='ocrx_word' id='word_1_642' title='bbox 3007 3868 3242 3935; x_wconf 75' lang='lat' dir='ltr'><strong>caeteris,</strong></span> <span class='ocrx_word' id='word_1_643' title='bbox 3273 3885 3396 3939; x_wconf 73' lang='lat' dir='ltr'><strong>qua:</strong></span> <span class='ocrx_word' id='word_1_644' title='bbox 3436 3885 3546 3925; x_wconf 90' lang='lat' dir='ltr'><strong>non</strong></span> 
     </span>
    </p>
   </div>
   <div class='ocr_carea' id='block_1_86' title="bbox 1965 3957 3551 4030">
    <p class='ocr_par' dir='ltr' id='par_1_86' title="bbox 1965 3957 3551 4030">
     <span class='ocr_line' id='line_1_86' title="bbox 1965 3957 3551 4030; baseline 0.001 -15"><span class='ocrx_word' id='word_1_645' title='bbox 1965 3958 2369 4021; x_wconf 83' lang='lat' dir='ltr'><strong>aberraverint,</strong></span> <span class='ocrx_word' id='word_1_646' title='bbox 2403 3957 2814 4030; x_wconf 74' lang='lat' dir='ltr'><strong>aggregabitur.</strong></span> <span class='ocrx_word' id='word_1_647' title='bbox 2858 3958 2972 4014; x_wconf 89' lang='lat' dir='ltr'><strong>lmo</strong></span> <span class='ocrx_word' id='word_1_648' title='bbox 3021 3959 3277 4030; x_wconf 80' lang='lat' dir='ltr'><strong>majorem</strong></span> <span class='ocrx_word' id='word_1_649' title='bbox 3318 3975 3383 4016; x_wconf 79' lang='lat' dir='ltr'><strong>ex</strong></span> <span class='ocrx_word' id='word_1_650' title='bbox 3443 3961 3551 4021; x_wconf 78' lang='lat' dir='ltr'><strong>hac</strong></span> 
     </span>
    </p>
   </div>
   <div class='ocr_carea' id='block_1_87' title="bbox 1966 4049 3550 4123">
    <p class='ocr_par' dir='ltr' id='par_1_87' title="bbox 1966 4049 3550 4123">
     <span class='ocr_line' id='line_1_87' title="bbox 1966 4049 3550 4123; baseline 0.005 -21"><span class='ocrx_word' id='word_1_651' title='bbox 1966 4063 2075 4103; x_wconf 90' lang='lat' dir='ltr'><strong>una</strong></span> <span class='ocrx_word' id='word_1_652' title='bbox 2118 4049 2456 4120; x_wconf 80' lang='lat' dir='ltr'><strong>voluptatem</strong></span> <span class='ocrx_word' id='word_1_653' title='bbox 2487 4058 2676 4121; x_wconf 88' lang='lat' dir='ltr'><strong>pastor</strong></span> <span class='ocrx_word' id='word_1_654' title='bbox 2732 4049 2965 4120; x_wconf 84' lang='lat' dir='ltr'><strong>percipit</strong></span> <span class='ocrx_word' id='word_1_655' title='bbox 3001 4065 3166 4120; x_wconf 85' lang='lat' dir='ltr'><strong>quam</strong></span> <span class='ocrx_word' id='word_1_656' title='bbox 3211 4052 3278 4108; x_wconf 90' lang='lat' dir='ltr'><strong>de</strong></span> <span class='ocrx_word' id='word_1_657' title='bbox 3300 4052 3550 4123; x_wconf 69' lang='lat' dir='ltr'><strong>pluribus</strong></span> 
     </span>
    </p>
   </div>
   <div class='ocr_carea' id='block_1_88' title="bbox 1968 4142 3548 4214">
    <p class='ocr_par' dir='ltr' id='par_1_88' title="bbox 1968 4142 3548 4214">
     <span class='ocr_line' id='line_1_88' title="bbox 1968 4142 3548 4214; baseline 0.003 -18"><span class='ocrx_word' id='word_1_658' title='bbox 1968 4142 2075 4198; x_wconf 88' lang='lat' dir='ltr'><strong>illis</strong></span> <span class='ocrx_word' id='word_1_659' title='bbox 2101 4142 2153 4197; x_wconf 93' lang='lat' dir='ltr'><strong>in</strong></span> <span class='ocrx_word' id='word_1_660' title='bbox 2182 4142 2335 4196; x_wconf 84' lang='lat' dir='ltr'><strong>caula</strong></span> <span class='ocrx_word' id='word_1_661' title='bbox 2366 4143 2840 4198; x_wconf 88' lang='lat' dir='ltr'><strong>commorantibus</strong></span> <span class='ocrx_word' id='word_1_662' title='bbox 2888 4153 2943 4199; x_wconf 89' lang='lat' dir='ltr'><strong>et</strong></span> <span class='ocrx_word' id='word_1_663' title='bbox 2974 4158 3191 4214; x_wconf 88' lang='lat' dir='ltr'><strong>semper</strong></span> <span class='ocrx_word' id='word_1_664' title='bbox 3224 4144 3368 4214; x_wconf 89' lang='lat' dir='ltr'><strong>apud</strong></span> <span class='ocrx_word' id='word_1_665' title='bbox 3424 4160 3548 4201; x_wconf 89' lang='lat' dir='ltr'><strong>eum</strong></span> 
     </span>
    </p>
   </div>
   <div class='ocr_carea' id='block_1_89' title="bbox 1971 4231 3552 4305">
    <p class='ocr_par' dir='ltr' id='par_1_89' title="bbox 1971 4231 3552 4305">
     <span class='ocr_line' id='line_1_89' title="bbox 1971 4231 3552 4305; baseline 0.003 -17"><span class='ocrx_word' id='word_1_666' title='bbox 1971 4233 2339 4305; x_wconf 84' lang='lat' dir='ltr'><strong>manentibus.</strong></span> <span class='ocrx_word' id='word_1_667' title='bbox 2377 4231 2492 4289; x_wconf 88' lang='lat' dir='ltr'><strong>Hoc</strong></span> <span class='ocrx_word' id='word_1_668' title='bbox 2517 4234 2751 4304; x_wconf 88' lang='lat' dir='ltr'><strong>ipsemet</strong></span> <span class='ocrx_word' id='word_1_669' title='bbox 2779 4232 2919 4288; x_wconf 76' lang='lat' dir='ltr'><strong>dixit</strong></span> <span class='ocrx_word' id='word_1_670' title='bbox 2963 4243 3019 4290; x_wconf 86' lang='lat' dir='ltr'><strong>et</strong></span> <span class='ocrx_word' id='word_1_671' title='bbox 3055 4235 3365 4292; x_wconf 87' lang='lat' dir='ltr'><strong>orationem</strong></span> <span class='ocrx_word' id='word_1_672' title='bbox 3394 4253 3552 4293; x_wconf 87' lang='lat' dir='ltr'><strong>suam</strong></span> 
     </span>
    </p>
   </div>
   <div class='ocr_carea' id='block_1_90' title="bbox 1969 4327 3554 4401">
    <p class='ocr_par' dir='ltr' id='par_1_90' title="bbox 1969 4327 3554 4401">
     <span class='ocr_line' id='line_1_90' title="bbox 1969 4327 3554 4401; baseline 0.003 -18"><span class='ocrx_word' id='word_1_673' title='bbox 1969 4328 2130 4384; x_wconf 77' lang='lat' dir='ltr'><strong>factis</strong></span> <span class='ocrx_word' id='word_1_674' title='bbox 2151 4327 2490 4400; x_wconf 89' lang='lat' dir='ltr'><strong>comprobat.</strong></span> <span class='ocrx_word' id='word_1_675' title='bbox 2518 4329 2752 4384; x_wconf 89' lang='lat' dir='ltr'><strong>Tantum</strong></span> <span class='ocrx_word' id='word_1_676' title='bbox 2771 4330 2917 4386; x_wconf 90' lang='lat' dir='ltr'><strong>enim</strong></span> <span class='ocrx_word' id='word_1_677' title='bbox 2944 4344 3189 4385; x_wconf 88' lang='lat' dir='ltr'><strong>amorem</strong></span> <span class='ocrx_word' id='word_1_678' title='bbox 3217 4345 3344 4401; x_wconf 77' lang='lat' dir='ltr'><strong>erga</strong></span> <span class='ocrx_word' id='word_1_679' title='bbox 3368 4347 3554 4397; x_wconf 79' lang='lat' dir='ltr'><strong>orem,</strong></span> 
     </span>
    </p>
   </div>
   <div class='ocr_carea' id='block_1_91' title="bbox 1970 4420 3558 4494">
    <p class='ocr_par' dir='ltr' id='par_1_91' title="bbox 1970 4420 3558 4494">
     <span class='ocr_line' id='line_1_91' title="bbox 1970 4420 3558 4494; baseline 0.004 -19"><span class='ocrx_word' id='word_1_680' title='bbox 1970 4435 2092 4493; x_wconf 59' lang='lat' dir='ltr'><strong>qua</strong></span> <span class='ocrx_word' id='word_1_681' title='bbox 2124 4430 2244 4477; x_wconf 89' lang='lat' dir='ltr'><strong>erat</strong></span> <span class='ocrx_word' id='word_1_682' title='bbox 2301 4420 2549 4490; x_wconf 88' lang='lat' dir='ltr'><strong>perdita,</strong></span> <span class='ocrx_word' id='word_1_683' title='bbox 2583 4420 3005 4489; x_wconf 77' lang='lat' dir='ltr'><strong>demonstravit,</strong></span> <span class='ocrx_word' id='word_1_684' title='bbox 3055 4432 3115 4477; x_wconf 90' lang='lat' dir='ltr'><strong>ut</strong></span> <span class='ocrx_word' id='word_1_685' title='bbox 3146 4423 3256 4478; x_wconf 89' lang='lat' dir='ltr'><strong>illis</strong></span> <span class='ocrx_word' id='word_1_686' title='bbox 3306 4424 3558 4494; x_wconf 87' lang='lat' dir='ltr'><strong>pluribus</strong></span> 
     </span>
    </p>
   </div>
   <div class='ocr_carea' id='block_1_92' title="bbox 1973 4511 3561 4582">
    <p class='ocr_par' dir='ltr' id='par_1_92' title="bbox 1973 4511 3561 4582">
     <span class='ocr_line' id='line_1_92' title="bbox 1973 4511 3561 4582; baseline 0.004 -16"><span class='ocrx_word' id='word_1_687' title='bbox 1973 4511 2217 4578; x_wconf 79' lang='lat' dir='ltr'><strong>amissis,</strong></span> <span class='ocrx_word' id='word_1_688' title='bbox 2253 4511 2320 4566; x_wconf 86' lang='lat' dir='ltr'><strong>ad</strong></span> <span class='ocrx_word' id='word_1_689' title='bbox 2357 4511 2502 4567; x_wconf 86' lang='lat' dir='ltr'><strong>hanc</strong></span> <span class='ocrx_word' id='word_1_690' title='bbox 2535 4527 2703 4567; x_wconf 87' lang='lat' dir='ltr'><strong>unam</strong></span> <span class='ocrx_word' id='word_1_691' title='bbox 2749 4513 3132 4581; x_wconf 89' lang='lat' dir='ltr'><strong>inquirendam</strong></span> <span class='ocrx_word' id='word_1_692' title='bbox 3165 4515 3361 4582; x_wconf 76' lang='lat' dir='ltr'><strong>exiret,</strong></span> <span class='ocrx_word' id='word_1_693' title='bbox 3425 4517 3561 4572; x_wconf 83' lang='lat' dir='ltr'><strong>adeo</strong></span> 
     </span>
    </p>
   </div>
   <div class='ocr_carea' id='block_1_93' title="bbox 274 4583 1851 4676">
    <p class='ocr_par' dir='ltr' id='par_1_93' title="bbox 274 4583 1851 4659">
     <span class='ocr_line' id='line_1_93' title="bbox 274 4583 1851 4659; baseline -0.006 -14"><span class='ocrx_word' id='word_1_694' title='bbox 274 4590 410 4655; x_wconf 71' lang='grc' dir='ltr'><strong>λοῦς</strong></span> <span class='ocrx_word' id='word_1_695' title='bbox 440 4588 857 4659; x_wconf 80' lang='grc' dir='ltr'>μισθωσάμενος</span> <span class='ocrx_word' id='word_1_696' title='bbox 887 4584 1155 4656; x_wconf 78' lang='grc' dir='ltr'>ἐπεμψεν,</span> <span class='ocrx_word' id='word_1_697' title='bbox 1190 4584 1315 4639; x_wconf 84' lang='grc' dir='ltr'>οὐδὲ</span> <span class='ocrx_word' id='word_1_698' title='bbox 1363 4583 1601 4655; x_wconf 81' lang='grc' dir='ltr'>ἀνέθηκέ</span> <span class='ocrx_word' id='word_1_699' title='bbox 1629 4601 1742 4637; x_wconf 87' lang='grc' dir='ltr'>τισι</span> <span class='ocrx_word' id='word_1_700' title='bbox 1764 4583 1851 4654; x_wconf 66' lang='lat' dir='ltr'><strong>rip</strong></span> 
     </span>
    </p>
   </div>
   <div class='ocr_carea' id='block_1_94' title="bbox 1953 4583 3562 4676">
    <p class='ocr_par' dir='ltr' id='par_1_94' title="bbox 1973 4603 3562 4676">
     <span class='ocr_line' id='line_1_94' title="bbox 1973 4603 3562 4676; baseline 0.003 -15"><span class='ocrx_word' id='word_1_701' title='bbox 1973 4604 2204 4661; x_wconf 77' lang='lat' dir='ltr'><strong>Salutem</strong></span> <span class='ocrx_word' id='word_1_702' title='bbox 2245 4603 2410 4674; x_wconf 82' lang='lat' dir='ltr'><strong>huius</strong></span> <span class='ocrx_word' id='word_1_703' title='bbox 2453 4604 2614 4675; x_wconf 90' lang='lat' dir='ltr'><strong>pretii</strong></span> <span class='ocrx_word' id='word_1_704' title='bbox 2662 4605 2940 4673; x_wconf 82' lang='lat' dir='ltr'><strong>quantivis</strong></span> <span class='ocrx_word' id='word_1_705' title='bbox 2986 4603 3178 4672; x_wconf 85' lang='lat' dir='ltr'><strong>ducit;</strong></span> <span class='ocrx_word' id='word_1_706' title='bbox 3228 4614 3422 4676; x_wconf 89' lang='lat' dir='ltr'><strong>estque</strong></span> <span class='ocrx_word' id='word_1_707' title='bbox 3457 4609 3562 4666; x_wconf 81' lang='lat' dir='ltr'><strong>hoc</strong></span> 
     </span>
    </p>
   </div>
   <div class='ocr_carea' id='block_1_95' title="bbox 276 4674 1851 4769">
    <p class='ocr_par' dir='ltr' id='par_1_95' title="bbox 276 4674 1851 4761">
     <span class='ocr_line' id='line_1_95' title="bbox 276 4674 1851 4761; baseline -0.008 -21"><span class='ocrx_word' id='word_1_708' title='bbox 276 4685 374 4740; x_wconf 87' lang='grc' dir='ltr'><strong>τοῦ</strong></span> <span class='ocrx_word' id='word_1_709' title='bbox 402 4682 567 4753; x_wconf 79' lang='grc' dir='ltr'>ἔργου</span> <span class='ocrx_word' id='word_1_710' title='bbox 600 4679 939 4761; x_wconf 83' lang='grc' dir='ltr'>ἐπιμέλειαν.</span> <span class='ocrx_word' id='word_1_711' title='bbox 971 4679 1032 4732; x_wconf 81' lang='grc' dir='ltr'><strong>οὐ</strong></span> <span class='ocrx_word' id='word_1_712' title='bbox 1080 4676 1308 4742; x_wconf 85' lang='grc' dir='ltr'>δούλοις,</span> <span class='ocrx_word' id='word_1_713' title='bbox 1345 4676 1408 4729; x_wconf 79' lang='grc' dir='ltr'><strong>οὑ</strong></span> <span class='ocrx_word' id='word_1_714' title='bbox 1438 4676 1638 4753; x_wconf 71' lang='grc' dir='ltr'>φίλοις,</span> <span class='ocrx_word' id='word_1_715' title='bbox 1660 4674 1722 4728; x_wconf 84' lang='grc' dir='ltr'><strong>οὐ</strong></span> <span class='ocrx_word' id='word_1_716' title='bbox 1754 4676 1851 4738; x_wconf 69' lang='grc' dir='ltr'>τοῖς</span> 
     </span>
    </p>
   </div>
   <div class='ocr_carea' id='block_1_96' title="bbox 1953 4674 3558 4769">
    <p class='ocr_par' dir='ltr' id='par_1_96' title="bbox 1976 4696 3558 4769">
     <span class='ocr_line' id='line_1_96' title="bbox 1976 4696 3558 4769; baseline 0.002 -15"><span class='ocrx_word' id='word_1_717' title='bbox 1976 4700 2154 4769; x_wconf 87' lang='lat' dir='ltr'><strong>ipsum</strong></span> <span class='ocrx_word' id='word_1_718' title='bbox 2186 4697 2393 4755; x_wconf 88' lang='lat' dir='ltr'><strong>indicio</strong></span> <span class='ocrx_word' id='word_1_719' title='bbox 2427 4698 2573 4766; x_wconf 87' lang='lat' dir='ltr'><strong>quod</strong></span> <span class='ocrx_word' id='word_1_720' title='bbox 2608 4698 2814 4752; x_wconf 89' lang='lat' dir='ltr'><strong>nemini</strong></span> <span class='ocrx_word' id='word_1_721' title='bbox 2850 4711 2961 4752; x_wconf 90' lang='lat' dir='ltr'><strong>rem</strong></span> <span class='ocrx_word' id='word_1_722' title='bbox 3011 4696 3152 4753; x_wconf 89' lang='lat' dir='ltr'><strong>hanc</strong></span> <span class='ocrx_word' id='word_1_723' title='bbox 3195 4700 3558 4757; x_wconf 87' lang='lat' dir='ltr'><strong>commiserit.</strong></span> 
     </span>
    </p>
   </div>
   <div class='ocr_carea' id='block_1_97' title="bbox 279 4760 1874 4846">
    <p class='ocr_par' dir='ltr' id='par_1_97' title="bbox 279 4760 1874 4846">
     <span class='ocr_line' id='line_1_97' title="bbox 279 4760 1874 4846; baseline -0.006 -15"><span class='ocrx_word' id='word_1_724' title='bbox 279 4775 539 4846; x_wconf 78' lang='grc' dir='ltr'>ἀγγέλοις</span> <span class='ocrx_word' id='word_1_725' title='bbox 565 4760 772 4837; x_wconf 80' lang='grc' dir='ltr'>αὐτοῖς,</span> <span class='ocrx_word' id='word_1_726' title='bbox 800 4771 917 4826; x_wconf 87' lang='grc' dir='ltr'>ἀλλ’</span> <span class='ocrx_word' id='word_1_727' title='bbox 940 4768 1117 4843; x_wconf 83' lang='grc' dir='ltr'>ἐαυτῷ</span> <span class='ocrx_word' id='word_1_728' title='bbox 1146 4766 1208 4840; x_wconf 86' lang='grc' dir='ltr'><strong>γε</strong></span> <span class='ocrx_word' id='word_1_729' title='bbox 1242 4770 1391 4841; x_wconf 84' lang='grc' dir='ltr'>μόνῳ</span> <span class='ocrx_word' id='word_1_730' title='bbox 1414 4769 1475 4824; x_wconf 80' lang='grc' dir='ltr'><strong>τὸ</strong></span> <span class='ocrx_word' id='word_1_731' title='bbox 1501 4772 1609 4823; x_wconf 82' lang='grc' dir='ltr'>πᾶν</span> <span class='ocrx_word' id='word_1_732' title='bbox 1633 4760 1874 4841; x_wconf 72' lang='grc' dir='ltr'>ἐθάρρη-</span> 
     </span>
    </p>
   </div>
   <div class='ocr_carea' id='block_1_98' title="bbox 286 4860 1870 4937">
    <p class='ocr_par' dir='ltr' id='par_1_98' title="bbox 286 4860 1870 4937">
     <span class='ocr_line' id='line_1_98' title="bbox 286 4860 1870 4937; baseline 0.008 -16"><span class='ocrx_word' id='word_1_733' title='bbox 286 4886 379 4923; x_wconf 78' lang='grc' dir='ltr'>σεο</span> <span class='ocrx_word' id='word_1_734' title='bbox 413 4865 685 4922; x_wconf 77' lang='grc' dir='ltr'>παιδεύων</span> <span class='ocrx_word' id='word_1_735' title='bbox 715 4867 885 4937; x_wconf 80' lang='grc' dir='ltr'>ἡμᾶς,</span> <span class='ocrx_word' id='word_1_736' title='bbox 911 4860 1088 4937; x_wconf 75' lang='grc' dir='ltr'>οἶμαι,</span> <span class='ocrx_word' id='word_1_737' title='bbox 1113 4866 1175 4918; x_wconf 72' lang='grc' dir='ltr'>οὗ</span> <span class='ocrx_word' id='word_1_738' title='bbox 1201 4860 1363 4935; x_wconf 79' lang='grc' dir='ltr'>μόνον</span> <span class='ocrx_word' id='word_1_739' title='bbox 1386 4863 1650 4934; x_wconf 75' lang='grc' dir='ltr'><strong>πράττειν</strong></span> <span class='ocrx_word' id='word_1_740' title='bbox 1672 4862 1708 4917; x_wconf 67' lang='grc' dir='ltr'>ἃ</span> <span class='ocrx_word' id='word_1_741' title='bbox 1741 4862 1870 4933; x_wconf 60' lang='grc' dir='ltr'><strong>Χρὴ*</strong></span> 
     </span>
    </p>
   </div>
   <div class='ocr_carea' id='block_1_99' title="bbox 284 4942 1873 5031">
    <p class='ocr_par' dir='ltr' id='par_1_99' title="bbox 284 4942 1873 5031">
     <span class='ocr_line' id='line_1_99' title="bbox 284 4942 1873 5031; baseline -0.007 -12"><span class='ocrx_word' id='word_1_742' title='bbox 284 4958 424 5019; x_wconf 72' lang='grc' dir='ltr'>ἀλλὰ</span> <span class='ocrx_word' id='word_1_743' title='bbox 451 4960 546 5015; x_wconf 67' lang='grc' dir='ltr'><strong>καὶ</strong></span> <span class='ocrx_word' id='word_1_744' title='bbox 576 4959 655 5031; x_wconf 83' lang='grc' dir='ltr'>τῷ</span> <span class='ocrx_word' id='word_1_745' title='bbox 691 4942 924 5029; x_wconf 85' lang='grc' dir='ltr'>βελτίονι</span> <span class='ocrx_word' id='word_1_746' title='bbox 971 4959 1157 5031; x_wconf 85' lang='grc' dir='ltr'>τρόπῳ</span> <span class='ocrx_word' id='word_1_747' title='bbox 1181 4975 1196 4990; x_wconf 77' lang='grc' dir='ltr'><strong>ο</strong></span> <span class='ocrx_word' id='word_1_748' title='bbox 1248 4959 1343 5013; x_wconf 73' lang='grc' dir='ltr'><strong>καὶ</strong></span> <span class='ocrx_word' id='word_1_749' title='bbox 1377 4948 1522 5029; x_wconf 87' lang='grc' dir='ltr'>μήτε</span> <span class='ocrx_word' id='word_1_750' title='bbox 1579 4955 1737 5023; x_wconf 70' lang='grc' dir='ltr'>δόξαν</span> <span class='ocrx_word' id='word_1_751' title='bbox 1773 4955 1873 5027; x_wconf 79' lang='grc' dir='ltr'>τὴν</span> 
     </span>
    </p>
   </div>
   <div class='ocr_carea' id='block_1_100' title="bbox 286 5048 1875 5124">
    <p class='ocr_par' dir='ltr' id='par_1_100' title="bbox 286 5048 1875 5124">
     <span class='ocr_line' id='line_1_100' title="bbox 286 5048 1875 5124; baseline -0.001 -18"><span class='ocrx_word' id='word_1_752' title='bbox 286 5052 677 5124; x_wconf 76' lang='grc' dir='ltr'>φθειρομένην,</span> <span class='ocrx_word' id='word_1_753' title='bbox 714 5055 853 5123; x_wconf 85' lang='grc' dir='ltr'>μήτε</span> <span class='ocrx_word' id='word_1_754' title='bbox 876 5050 1112 5123; x_wconf 80' lang='grc' dir='ltr'>τρυφὴν,</span> <span class='ocrx_word' id='word_1_755' title='bbox 1146 5050 1274 5121; x_wconf 85' lang='grc' dir='ltr'>μήτ’</span> <span class='ocrx_word' id='word_1_756' title='bbox 1296 5050 1621 5120; x_wconf 81' lang='grc' dir='ltr'>ἀσφάλειαν,</span> <span class='ocrx_word' id='word_1_757' title='bbox 1652 5048 1747 5102; x_wconf 85' lang='grc' dir='ltr'><strong>τοῦ</strong></span> <span class='ocrx_word' id='word_1_758' title='bbox 1777 5065 1875 5104; x_wconf 83' lang='grc' dir='ltr'>κα·-</span> 
     </span>
    </p>
   </div>
   <div class='ocr_carea' id='block_1_101' title="bbox 285 5134 1877 5215">
    <p class='ocr_par' dir='ltr' id='par_1_101' title="bbox 285 5134 1877 5215">
     <span class='ocr_line' id='line_1_101' title="bbox 285 5134 1877 5215; baseline -0.004 -16"><span class='ocrx_word' id='word_1_759' title='bbox 285 5144 381 5199; x_wconf 84' lang='grc' dir='ltr'><strong>λοῦ</strong></span> <span class='ocrx_word' id='word_1_760' title='bbox 406 5142 505 5200; x_wconf 63' lang='grc' dir='ltr'><strong>καῖ</strong></span> <span class='ocrx_word' id='word_1_761' title='bbox 534 5134 839 5215; x_wconf 78' lang='grc' dir='ltr'>πρέποντος</span> <span class='ocrx_word' id='word_1_762' title='bbox 868 5142 1210 5215; x_wconf 83' lang='grc' dir='ltr'>προτιθέναι.</span> <span class='ocrx_word' id='word_1_763' title='bbox 1243 5142 1320 5197; x_wconf 85' lang='grc' dir='ltr'>Οὐ</span> <span class='ocrx_word' id='word_1_764' title='bbox 1354 5141 1464 5215; x_wconf 78' lang='grc' dir='ltr'>μὴν</span> <span class='ocrx_word' id='word_1_765' title='bbox 1488 5142 1624 5197; x_wconf 78' lang='grc' dir='ltr'>ἀλλὰ</span> <span class='ocrx_word' id='word_1_766' title='bbox 1653 5142 1751 5196; x_wconf 71' lang='grc' dir='ltr'>καὶ</span> <span class='ocrx_word' id='word_1_767' title='bbox 1777 5140 1877 5212; x_wconf 78' lang='grc' dir='ltr'>τὴν</span> 
     </span>
    </p>
   </div>
   <div class='ocr_carea' id='block_1_102' title="bbox 288 5218 1878 5307">
    <p class='ocr_par' dir='ltr' id='par_1_102' title="bbox 288 5218 1878 5307">
     <span class='ocr_line' id='line_1_102' title="bbox 288 5218 1878 5307; baseline -0.003 -16"><span class='ocrx_word' id='word_1_768' title='bbox 288 5228 600 5307; x_wconf 65' lang='grc' dir='ltr'>ὗπρὸολήν</span> <span class='ocrx_word' id='word_1_769' title='bbox 629 5237 725 5306; x_wconf 79' lang='grc' dir='ltr'>τῆς</span> <span class='ocrx_word' id='word_1_770' title='bbox 746 5236 972 5307; x_wconf 79' lang='grc' dir='ltr'>ἀγάπης</span> <span class='ocrx_word' id='word_1_771' title='bbox 1004 5234 1179 5306; x_wconf 80' lang='grc' dir='ltr'>ταύτῃ</span> <span class='ocrx_word' id='word_1_772' title='bbox 1213 5235 1454 5300; x_wconf 76' lang='grc' dir='ltr'>δεικνὺς,</span> <span class='ocrx_word' id='word_1_773' title='bbox 1478 5218 1545 5305; x_wconf 74' lang='grc' dir='ltr'><strong>ήν</strong></span> <span class='ocrx_word' id='word_1_774' title='bbox 1582 5233 1718 5302; x_wconf 81' lang='grc' dir='ltr'>πρὸς</span> <span class='ocrx_word' id='word_1_775' title='bbox 1743 5234 1878 5287; x_wconf 79' lang='grc' dir='ltr'>ἐκα-</span> 
     </span>
    </p>
   </div>
   <div class='ocr_carea' id='block_1_103' title="bbox 293 5311 1881 5408">
    <p class='ocr_par' dir='ltr' id='par_1_103' title="bbox 293 5311 1881 5408">
     <span class='ocr_line' id='line_1_103' title="bbox 293 5311 1881 5408; baseline -0.003 -23"><span class='ocrx_word' id='word_1_776' title='bbox 293 5346 419 5385; x_wconf 83' lang='grc' dir='ltr'>στον</span> <span class='ocrx_word' id='word_1_777' title='bbox 451 5329 610 5401; x_wconf 85' lang='grc' dir='ltr'>ήμῶν</span> <span class='ocrx_word' id='word_1_778' title='bbox 641 5322 794 5392; x_wconf 77' lang='grc' dir='ltr'>οὗτος</span> <span class='ocrx_word' id='word_1_779' title='bbox 825 5326 961 5397; x_wconf 73' lang='grc' dir='ltr'>ἔχει,</span> <span class='ocrx_word' id='word_1_780' title='bbox 987 5312 1087 5398; x_wconf 70' lang='grc' dir='ltr'><strong>τὴν</strong></span> <span class='ocrx_word' id='word_1_781' title='bbox 1111 5329 1191 5389; x_wconf 83' lang='grc' dir='ltr'><strong>είς</strong></span> <span class='ocrx_word' id='word_1_782' title='bbox 1221 5311 1489 5398; x_wconf 83' lang='grc' dir='ltr'>ἀλλήλους</span> <span class='ocrx_word' id='word_1_783' title='bbox 1513 5326 1723 5398; x_wconf 80' lang='grc' dir='ltr'>σφόδρα</span> <span class='ocrx_word' id='word_1_784' title='bbox 1749 5326 1881 5408; x_wconf 63' lang='grc' dir='ltr'><strong>ἀνάε-</strong></span> 
     </span>
    </p>
   </div>
   <div class='ocr_carea' id='block_1_104' title="bbox 292 5416 1882 5489">
    <p class='ocr_par' dir='ltr' id='par_1_104' title="bbox 292 5416 1882 5489">
     <span class='ocr_line' id='line_1_104' title="bbox 292 5416 1882 5489; baseline -0.003 -14"><span class='ocrx_word' id='word_1_785' title='bbox 292 5438 445 5477; x_wconf 84' lang='grc' dir='ltr'>πτει.</span> <span class='ocrx_word' id='word_1_786' title='bbox 482 5419 759 5476; x_wconf 85' lang='grc' dir='ltr'>Τοσοῦτον</span> <span class='ocrx_word' id='word_1_787' title='bbox 812 5419 920 5489; x_wconf 83' lang='grc' dir='ltr'><strong>γὰρ</strong></span> <span class='ocrx_word' id='word_1_788' title='bbox 949 5417 1202 5489; x_wconf 69' lang='grc' dir='ltr'>ἢκμαζεν</span> <span class='ocrx_word' id='word_1_789' title='bbox 1233 5420 1292 5472; x_wconf 89' lang='grc' dir='ltr'><strong>ἐν</strong></span> <span class='ocrx_word' id='word_1_790' title='bbox 1332 5416 1480 5488; x_wconf 80' lang='grc' dir='ltr'><strong>αῦτῴ</strong></span> <span class='ocrx_word' id='word_1_791' title='bbox 1528 5417 1590 5471; x_wconf 83' lang='grc' dir='ltr'>τὸ</span> <span class='ocrx_word' id='word_1_792' title='bbox 1620 5417 1715 5472; x_wconf 87' lang='grc' dir='ltr'><strong>τοῦ</strong></span> <span class='ocrx_word' id='word_1_793' title='bbox 1763 5418 1882 5481; x_wconf 78' lang='grc' dir='ltr'>ἐνὸς</span> 
     </span>
    </p>
   </div>
   <div class='ocr_carea' id='block_1_105' title="bbox 296 5511 1883 5586">
    <p class='ocr_par' dir='ltr' id='par_1_105' title="bbox 296 5511 1883 5586">
     <span class='ocr_line' id='line_1_105' title="bbox 296 5511 1883 5586; baseline 0.001 -20"><span class='ocrx_word' id='word_1_794' title='bbox 296 5514 541 5586; x_wconf 72' lang='grc' dir='ltr'>φίλτρον,</span> <span class='ocrx_word' id='word_1_795' title='bbox 573 5512 649 5575; x_wconf 83' lang='grc' dir='ltr'>ὡς</span> <span class='ocrx_word' id='word_1_796' title='bbox 678 5512 824 5568; x_wconf 82' lang='grc' dir='ltr'>ἆπαν</span> <span class='ocrx_word' id='word_1_797' title='bbox 848 5512 997 5581; x_wconf 76' lang='grc' dir='ltr'>ὅρος,</span> <span class='ocrx_word' id='word_1_798' title='bbox 1028 5513 1139 5566; x_wconf 78' lang='grc' dir='ltr'>πᾶν</span> <span class='ocrx_word' id='word_1_799' title='bbox 1177 5511 1365 5575; x_wconf 77' lang='grc' dir='ltr'>ἄλσος,</span> <span class='ocrx_word' id='word_1_800' title='bbox 1390 5513 1501 5565; x_wconf 77' lang='grc' dir='ltr'>πᾶν</span> <span class='ocrx_word' id='word_1_801' title='bbox 1534 5511 1761 5578; x_wconf 77' lang='grc' dir='ltr'>ἄϐατον,</span> <span class='ocrx_word' id='word_1_802' title='bbox 1783 5512 1883 5582; x_wconf 83' lang='grc' dir='ltr'><strong>βά-</strong></span> 
     </span>
    </p>
   </div>
   <div class='ocr_carea' id='block_1_106' title="bbox 1975 4789 3563 4862">
    <p class='ocr_par' dir='ltr' id='par_1_106' title="bbox 1975 4789 3563 4862">
     <span class='ocr_line' id='line_1_106' title="bbox 1975 4789 3563 4862; baseline 0.003 -16"><span class='ocrx_word' id='word_1_803' title='bbox 1975 4791 2189 4862; x_wconf 86' lang='lat' dir='ltr'><strong>Quippe</strong></span> <span class='ocrx_word' id='word_1_804' title='bbox 2209 4806 2318 4847; x_wconf 91' lang='lat' dir='ltr'><strong>non</strong></span> <span class='ocrx_word' id='word_1_805' title='bbox 2355 4789 2545 4862; x_wconf 88' lang='lat' dir='ltr'><strong>plures</strong></span> <span class='ocrx_word' id='word_1_806' title='bbox 2574 4789 2752 4862; x_wconf 89' lang='lat' dir='ltr'><strong>pretio</strong></span> <span class='ocrx_word' id='word_1_807' title='bbox 2796 4790 3096 4847; x_wconf 88' lang='lat' dir='ltr'><strong>conductos</strong></span> <span class='ocrx_word' id='word_1_808' title='bbox 3131 4790 3430 4862; x_wconf 76' lang='lat' dir='ltr'><strong>ablegavit,</strong></span> <span class='ocrx_word' id='word_1_809' title='bbox 3462 4808 3563 4849; x_wconf 90' lang='lat' dir='ltr'><strong>nec</strong></span> 
     </span>
    </p>
   </div>
   <div class='ocr_carea' id='block_1_107' title="bbox 1977 4876 3566 4952">
    <p class='ocr_par' dir='ltr' id='par_1_107' title="bbox 1977 4876 3566 4952">
     <span class='ocr_line' id='line_1_107' title="bbox 1977 4876 3566 4952; baseline -0.001 -16"><span class='ocrx_word' id='word_1_810' title='bbox 1977 4896 2172 4937; x_wconf 90' lang='lat' dir='ltr'><strong>curam</strong></span> <span class='ocrx_word' id='word_1_811' title='bbox 2203 4881 2388 4952; x_wconf 87' lang='lat' dir='ltr'><strong>operis</strong></span> <span class='ocrx_word' id='word_1_812' title='bbox 2412 4880 2575 4948; x_wconf 76' lang='lat' dir='ltr'><strong>huluc</strong></span> <span class='ocrx_word' id='word_1_813' title='bbox 2611 4879 2888 4949; x_wconf 89' lang='lat' dir='ltr'><strong>aliquibus</strong></span> <span class='ocrx_word' id='word_1_814' title='bbox 2933 4876 3193 4948; x_wconf 86' lang='lat' dir='ltr'><strong>imposuit</strong></span> <span class='ocrx_word' id='word_1_815' title='bbox 3220 4894 3237 4933; x_wconf 85' lang='lat'><strong>:</strong></span> <span class='ocrx_word' id='word_1_816' title='bbox 3264 4894 3390 4947; x_wconf 80' lang='lat' dir='ltr'><strong>non</strong></span> <span class='ocrx_word' id='word_1_817' title='bbox 3447 4894 3566 4936; x_wconf 88' lang='lat' dir='ltr'><strong>ser-</strong></span> 
     </span>
    </p>
   </div>
   <div class='ocr_carea' id='block_1_108' title="bbox 1980 4954 3655 5038">
    <p class='ocr_par' dir='ltr' id='par_1_108' title="bbox 1980 4954 3655 5038">
     <span class='ocr_line' id='line_1_108' title="bbox 1980 4954 3655 5038; baseline 0 -11"><span class='ocrx_word' id='word_1_818' title='bbox 1980 4974 2085 5038; x_wconf 84' lang='lat' dir='ltr'><strong>vis,</strong></span> <span class='ocrx_word' id='word_1_819' title='bbox 2120 4988 2225 5027; x_wconf 90' lang='lat' dir='ltr'><strong>non</strong></span> <span class='ocrx_word' id='word_1_820' title='bbox 2256 4972 2473 5037; x_wconf 85' lang='lat' dir='ltr'><strong>amicis,</strong></span> <span class='ocrx_word' id='word_1_821' title='bbox 2503 4986 2607 5027; x_wconf 93' lang='lat' dir='ltr'><strong>non</strong></span> <span class='ocrx_word' id='word_1_822' title='bbox 2638 4971 2850 5038; x_wconf 72' lang='lat' dir='ltr'><strong>angelis</strong></span> <span class='ocrx_word' id='word_1_823' title='bbox 2878 4970 3014 5036; x_wconf 88' lang='lat' dir='ltr'><strong>suis,</strong></span> <span class='ocrx_word' id='word_1_824' title='bbox 3052 4971 3147 5025; x_wconf 88' lang='lat' dir='ltr'><strong>sed</strong></span> <span class='ocrx_word' id='word_1_825' title='bbox 3200 4970 3304 5025; x_wconf 87' lang='lat' dir='ltr'><strong>sibi</strong></span> <span class='ocrx_word' id='word_1_826' title='bbox 3349 4972 3450 5026; x_wconf 89' lang='lat' dir='ltr'><strong>soli</strong></span> <span class='ocrx_word' id='word_1_827' title='bbox 3488 4980 3569 5027; x_wconf 87' lang='lat' dir='ltr'><strong>to-</strong></span> <span class='ocrx_word' id='word_1_828' title='bbox 3642 4954 3655 4992; x_wconf 47' lang='grc' dir='ltr'>δ</span> 
     </span>
    </p>
   </div>
   <div class='ocr_carea' id='block_1_109' title="bbox 1978 5054 3570 5132">
    <p class='ocr_par' dir='ltr' id='par_1_109' title="bbox 1978 5054 3570 5132">
     <span class='ocr_line' id='line_1_109' title="bbox 1978 5054 3570 5132; baseline -0.001 -11"><span class='ocrx_word' id='word_1_829' title='bbox 1978 5075 2092 5121; x_wconf 82' lang='lat' dir='ltr'><strong>tam</strong></span> <span class='ocrx_word' id='word_1_830' title='bbox 2117 5079 2231 5119; x_wconf 83' lang='lat' dir='ltr'><strong>rem</strong></span> <span class='ocrx_word' id='word_1_831' title='bbox 2263 5054 2517 5129; x_wconf 84' lang='lat' dir='ltr'><strong>credidit,</strong></span> <span class='ocrx_word' id='word_1_832' title='bbox 2580 5078 2703 5129; x_wconf 90' lang='lat' dir='ltr'><strong>nos,</strong></span> <span class='ocrx_word' id='word_1_833' title='bbox 2764 5069 2824 5117; x_wconf 88' lang='lat' dir='ltr'><strong>ut</strong></span> <span class='ocrx_word' id='word_1_834' title='bbox 2865 5060 3113 5131; x_wconf 84' lang='lat' dir='ltr'><strong>equidem</strong></span> <span class='ocrx_word' id='word_1_835' title='bbox 3159 5063 3374 5132; x_wconf 90' lang='lat' dir='ltr'><strong>opinor,</strong></span> <span class='ocrx_word' id='word_1_836' title='bbox 3437 5079 3570 5120; x_wconf 89' lang='lat' dir='ltr'><strong>eru-</strong></span> 
     </span>
    </p>
   </div>
   <div class='ocr_carea' id='block_1_110' title="bbox 1982 5151 3570 5225">
    <p class='ocr_par' dir='ltr' id='par_1_110' title="bbox 1982 5151 3570 5225">
     <span class='ocr_line' id='line_1_110' title="bbox 1982 5151 3570 5225; baseline 0.001 -14"><span class='ocrx_word' id='word_1_837' title='bbox 1982 5158 2159 5224; x_wconf 86' lang='lat' dir='ltr'><strong>diens,</strong></span> <span class='ocrx_word' id='word_1_838' title='bbox 2192 5170 2299 5210; x_wconf 88' lang='lat' dir='ltr'><strong>non</strong></span> <span class='ocrx_word' id='word_1_839' title='bbox 2354 5163 2564 5210; x_wconf 90' lang='lat' dir='ltr'><strong>tantum</strong></span> <span class='ocrx_word' id='word_1_840' title='bbox 2621 5161 2684 5208; x_wconf 88' lang='lat' dir='ltr'><strong>ut</strong></span> <span class='ocrx_word' id='word_1_841' title='bbox 2720 5168 2782 5208; x_wconf 85' lang='lat' dir='ltr'><strong>ea</strong></span> <span class='ocrx_word' id='word_1_842' title='bbox 2829 5151 3101 5209; x_wconf 80' lang='lat' dir='ltr'><strong>faciamus</strong></span> <span class='ocrx_word' id='word_1_843' title='bbox 3151 5169 3273 5224; x_wconf 80' lang='lat' dir='ltr'><strong>quae</strong></span> <span class='ocrx_word' id='word_1_844' title='bbox 3331 5165 3570 5225; x_wconf 83' lang='lat' dir='ltr'><strong>oportet.</strong></span> 
     </span>
    </p>
   </div>
   <div class='ocr_carea' id='block_1_111' title="bbox 1983 5242 3575 5313">
    <p class='ocr_par' dir='ltr' id='par_1_111' title="bbox 1983 5242 3575 5313">
     <span class='ocr_line' id='line_1_111' title="bbox 1983 5242 3575 5313; baseline 0.002 -14"><span class='ocrx_word' id='word_1_845' title='bbox 1983 5244 2078 5299; x_wconf 87' lang='lat' dir='ltr'><strong>scd</strong></span> <span class='ocrx_word' id='word_1_846' title='bbox 2112 5244 2282 5298; x_wconf 87' lang='lat' dir='ltr'><strong>etiam</strong></span> <span class='ocrx_word' id='word_1_847' title='bbox 2313 5242 2596 5299; x_wconf 89' lang='lat' dir='ltr'><strong>meliorem</strong></span> <span class='ocrx_word' id='word_1_848' title='bbox 2624 5243 2678 5297; x_wconf 90' lang='lat' dir='ltr'><strong>in</strong></span> <span class='ocrx_word' id='word_1_849' title='bbox 2714 5242 2959 5308; x_wconf 86' lang='lat' dir='ltr'><strong>modum,</strong></span> <span class='ocrx_word' id='word_1_850' title='bbox 3001 5250 3169 5313; x_wconf 85' lang='lat' dir='ltr'><strong>utque</strong></span> <span class='ocrx_word' id='word_1_851' title='bbox 3219 5259 3320 5300; x_wconf 91' lang='lat' dir='ltr'><strong>nec</strong></span> <span class='ocrx_word' id='word_1_852' title='bbox 3374 5261 3575 5303; x_wconf 80' lang='lat' dir='ltr'><strong>evane-</strong></span> 
     </span>
    </p>
   </div>
   <div class='ocr_carea' id='block_1_112' title="bbox 1984 5332 3571 5405">
    <p class='ocr_par' dir='ltr' id='par_1_112' title="bbox 1984 5332 3571 5405">
     <span class='ocr_line' id='line_1_112' title="bbox 1984 5332 3571 5405; baseline 0.002 -16"><span class='ocrx_word' id='word_1_853' title='bbox 1984 5343 2224 5391; x_wconf 89' lang='lat' dir='ltr'><strong>scentem</strong></span> <span class='ocrx_word' id='word_1_854' title='bbox 2258 5332 2508 5404; x_wconf 79' lang='lat' dir='ltr'><strong>gloriam,</strong></span> <span class='ocrx_word' id='word_1_855' title='bbox 2547 5349 2647 5390; x_wconf 90' lang='lat' dir='ltr'><strong>nec</strong></span> <span class='ocrx_word' id='word_1_856' title='bbox 2670 5334 3027 5405; x_wconf 87' lang='lat' dir='ltr'><strong>voluptatem,</strong></span> <span class='ocrx_word' id='word_1_857' title='bbox 3056 5351 3161 5391; x_wconf 89' lang='lat' dir='ltr'><strong>nec</strong></span> <span class='ocrx_word' id='word_1_858' title='bbox 3193 5338 3571 5405; x_wconf 87' lang='lat' dir='ltr'><strong>securitatem,</strong></span> 
     </span>
    </p>
   </div>
   <div class='ocr_carea' id='block_1_113' title="bbox 1989 5409 3576 5498">
    <p class='ocr_par' dir='ltr' id='par_1_113' title="bbox 1989 5409 3576 5498">
     <span class='ocr_line' id='line_1_113' title="bbox 1989 5409 3576 5498; baseline 0.002 -16"><span class='ocrx_word' id='word_1_859' title='bbox 1989 5409 2223 5483; x_wconf 81' lang='lat' dir='ltr'><strong>honesio</strong></span> <span class='ocrx_word' id='word_1_860' title='bbox 2254 5437 2418 5497; x_wconf 86' lang='lat' dir='ltr'><strong>atque</strong></span> <span class='ocrx_word' id='word_1_861' title='bbox 2438 5430 2644 5484; x_wconf 89' lang='lat' dir='ltr'><strong>decoro</strong></span> <span class='ocrx_word' id='word_1_862' title='bbox 2671 5435 3099 5498; x_wconf 81' lang='lat' dir='ltr'><strong>anteponamus.</strong></span> <span class='ocrx_word' id='word_1_863' title='bbox 3129 5428 3423 5498; x_wconf 73' lang='lat' dir='ltr'><strong>Praeterea,</strong></span> <span class='ocrx_word' id='word_1_864' title='bbox 3449 5446 3576 5487; x_wconf 90' lang='lat' dir='ltr'><strong>cum</strong></span> 
     </span>
    </p>
   </div>
   <div class='ocr_carea' id='block_1_114' title="bbox 1988 5510 3577 5589">
    <p class='ocr_par' dir='ltr' id='par_1_114' title="bbox 1988 5510 3577 5589">
     <span class='ocr_line' id='line_1_114' title="bbox 1988 5510 3577 5589; baseline 0.001 -14"><span class='ocrx_word' id='word_1_865' title='bbox 1988 5519 2093 5575; x_wconf 89' lang='lat' dir='ltr'><strong>bac</strong></span> <span class='ocrx_word' id='word_1_866' title='bbox 2124 5519 2338 5575; x_wconf 81' lang='lat' dir='ltr'><strong>ratione</strong></span> <span class='ocrx_word' id='word_1_867' title='bbox 2363 5533 2524 5575; x_wconf 87' lang='lat' dir='ltr'><strong>suum</strong></span> <span class='ocrx_word' id='word_1_868' title='bbox 2557 5519 2611 5574; x_wconf 91' lang='lat' dir='ltr'><strong>in</strong></span> <span class='ocrx_word' id='word_1_869' title='bbox 2636 5534 2737 5576; x_wconf 89' lang='lat' dir='ltr'><strong>nos</strong></span> <span class='ocrx_word' id='word_1_870' title='bbox 2774 5510 3021 5589; x_wconf 77' lang='lat' dir='ltr'><strong>singulos</strong></span> <span class='ocrx_word' id='word_1_871' title='bbox 3046 5534 3314 5588; x_wconf 85' lang='lat' dir='ltr'><strong>amorem,</strong></span> <span class='ocrx_word' id='word_1_872' title='bbox 3351 5524 3577 5577; x_wconf 89' lang='lat' dir='ltr'><strong>nimium</strong></span> 
     </span>
    </p>
   </div>
   <div class='ocr_carea' id='block_1_115' title="bbox 304 5592 1851 5689">
    <p class='ocr_par' dir='ltr' id='par_1_115' title="bbox 304 5592 1851 5689">
     <span class='ocr_line' id='line_1_115' title="bbox 304 5592 1851 5689; baseline -0.001 -28"><span class='ocrx_word' id='word_1_873' title='bbox 304 5623 466 5679; x_wconf 83' lang='grc' dir='ltr'>σιμον</span> <span class='ocrx_word' id='word_1_874' title='bbox 512 5604 660 5676; x_wconf 86' lang='grc' dir='ltr'><strong>αὐτῷ</strong></span> <span class='ocrx_word' id='word_1_875' title='bbox 691 5605 1004 5689; x_wconf 71' lang='grc' dir='ltr'>φαίνεσθαι,</span> <span class='ocrx_word' id='word_1_876' title='bbox 1058 5603 1154 5659; x_wconf 80' lang='grc' dir='ltr'>καὶ</span> <span class='ocrx_word' id='word_1_877' title='bbox 1205 5592 1354 5677; x_wconf 81' lang='grc' dir='ltr'>μάλα</span> <span class='ocrx_word' id='word_1_878' title='bbox 1403 5604 1609 5674; x_wconf 77' lang='grc' dir='ltr'>κοῦφον</span> <span class='ocrx_word' id='word_1_879' title='bbox 1637 5604 1851 5676; x_wconf 78' lang='grc' dir='ltr'>νομίζει</span> 
     </span>
    </p>
   </div>
   <div class='ocr_carea' id='block_1_116' title="bbox 1953 5592 3578 5689">
    <p class='ocr_par' dir='ltr' id='par_1_116' title="bbox 1990 5612 3578 5684">
     <span class='ocr_line' id='line_1_116' title="bbox 1990 5612 3578 5684; baseline 0.003 -19"><span class='ocrx_word' id='word_1_880' title='bbox 1990 5619 2280 5682; x_wconf 86' lang='lat' dir='ltr'><strong>quantum,</strong></span> <span class='ocrx_word' id='word_1_881' title='bbox 2327 5612 2697 5676; x_wconf 87' lang='lat' dir='ltr'><strong>demonstrat,</strong></span> <span class='ocrx_word' id='word_1_882' title='bbox 2752 5612 3114 5668; x_wconf 86' lang='lat' dir='ltr'><strong>vehementer</strong></span> <span class='ocrx_word' id='word_1_883' title='bbox 3164 5628 3408 5670; x_wconf 86' lang='lat' dir='ltr'><strong>amorem</strong></span> <span class='ocrx_word' id='word_1_884' title='bbox 3444 5629 3578 5684; x_wconf 79' lang='lat' dir='ltr'><strong>erga</strong></span> 
     </span>
    </p>
   </div>
   <div class='ocr_carea' id='block_1_117' title="bbox 305 5696 1889 5777">
    <p class='ocr_par' dir='ltr' id='par_1_117' title="bbox 305 5696 1889 5777">
     <span class='ocr_line' id='line_1_117' title="bbox 305 5696 1889 5777; baseline -0.001 -23"><span class='ocrx_word' id='word_1_885' title='bbox 305 5698 657 5772; x_wconf 80' lang='grc' dir='ltr'>ἀχθοφορεῖν,</span> <span class='ocrx_word' id='word_1_886' title='bbox 683 5696 751 5750; x_wconf 85' lang='grc' dir='ltr'><strong>ἶν’</strong></span> <span class='ocrx_word' id='word_1_887' title='bbox 783 5698 917 5777; x_wconf 73' lang='grc' dir='ltr'>αὐτὸ</span> <span class='ocrx_word' id='word_1_888' title='bbox 956 5697 1018 5749; x_wconf 79' lang='grc' dir='ltr'><strong>τδ</strong></span> <span class='ocrx_word' id='word_1_889' title='bbox 1048 5696 1324 5769; x_wconf 81' lang='grc' dir='ltr'>πλανηθέν</span> <span class='ocrx_word' id='word_1_890' title='bbox 1361 5700 1475 5761; x_wconf 87' lang='grc' dir='ltr'>τοῖς</span> <span class='ocrx_word' id='word_1_891' title='bbox 1509 5697 1723 5752; x_wconf 78' lang='grc' dir='ltr'>πλείοσι</span> <span class='ocrx_word' id='word_1_892' title='bbox 1758 5714 1889 5753; x_wconf 90' lang='grc' dir='ltr'>συν-</span> 
     </span>
    </p>
   </div>
   <div class='ocr_carea' id='block_1_118' title="bbox 1994 5703 3581 5788">
    <p class='ocr_par' dir='ltr' id='par_1_118' title="bbox 1994 5703 3581 5788">
     <span class='ocr_line' id='line_1_118' title="bbox 1994 5703 3581 5788; baseline 0.003 -29"><span class='ocrx_word' id='word_1_893' title='bbox 1994 5719 2093 5775; x_wconf 77' lang='grc' dir='ltr'>ηρε</span> <span class='ocrx_word' id='word_1_894' title='bbox 2123 5712 2389 5785; x_wconf 82' lang='lat' dir='ltr'><strong>mutuum</strong></span> <span class='ocrx_word' id='word_1_895' title='bbox 2413 5704 2686 5788; x_wconf 66' lang='lat' dir='ltr'><strong>accendit.</strong></span> <span class='ocrx_word' id='word_1_896' title='bbox 2734 5703 2871 5769; x_wconf 86' lang='lat' dir='ltr'><strong>Nam</strong></span> <span class='ocrx_word' id='word_1_897' title='bbox 2906 5706 2958 5760; x_wconf 91' lang='lat' dir='ltr'><strong>in</strong></span> <span class='ocrx_word' id='word_1_898' title='bbox 3006 5705 3128 5775; x_wconf 89' lang='lat' dir='ltr'><strong>ipso</strong></span> <span class='ocrx_word' id='word_1_899' title='bbox 3171 5712 3358 5770; x_wconf 85' lang='lat' dir='ltr'><strong>tantus</strong></span> <span class='ocrx_word' id='word_1_900' title='bbox 3419 5708 3581 5763; x_wconf 87' lang='lat' dir='ltr'><strong>unius</strong></span> 
     </span>
    </p>
   </div>
   <div class='ocr_carea' id='block_1_119' title="bbox 302 5784 1851 5877">
    <p class='ocr_par' dir='ltr' id='par_1_119' title="bbox 302 5784 1851 5877">
     <span class='ocr_line' id='line_1_119' title="bbox 302 5784 1851 5877; baseline 0.002 -34"><span class='ocrx_word' id='word_1_901' title='bbox 302 5788 614 5877; x_wconf 77' lang='grc' dir='ltr'>αριθμηθῇ.</span> <span class='ocrx_word' id='word_1_902' title='bbox 669 5787 827 5841; x_wconf 79' lang='grc' dir='ltr'>Εἴποι</span> <span class='ocrx_word' id='word_1_903' title='bbox 856 5805 941 5851; x_wconf 86' lang='grc' dir='ltr'><strong>τις</strong></span> <span class='ocrx_word' id='word_1_904' title='bbox 973 5788 1062 5853; x_wconf 83' lang='grc' dir='ltr'><strong>ἂν,</strong></span> <span class='ocrx_word' id='word_1_905' title='bbox 1096 5784 1276 5859; x_wconf 77' lang='grc' dir='ltr'>οἶμαι,</span> <span class='ocrx_word' id='word_1_906' title='bbox 1303 5789 1781 5869; x_wconf 74' lang='grc' dir='ltr'>θαυμάσαςτοῦτο</span> <span class='ocrx_word' id='word_1_907' title='bbox 1830 5810 1851 5845; x_wconf 80' lang='grc' dir='ltr'><strong>τ</strong></span> 
     </span>
    </p>
   </div>
   <div class='ocr_carea' id='block_1_120' title="bbox 1953 5784 3580 5877">
    <p class='ocr_par' dir='ltr' id='par_1_120' title="bbox 1994 5784 3580 5863">
     <span class='ocr_line' id='line_1_120' title="bbox 1994 5784 3580 5863; baseline 0.003 -13"><span class='ocrx_word' id='word_1_908' title='bbox 1994 5804 2113 5850; x_wconf 88' lang='lat' dir='ltr'><strong>erat</strong></span> <span class='ocrx_word' id='word_1_909' title='bbox 2144 5784 2264 5853; x_wconf 86' lang='lat' dir='ltr'><strong>ovis</strong></span> <span class='ocrx_word' id='word_1_910' title='bbox 2295 5790 2471 5863; x_wconf 80' lang='lat' dir='ltr'><strong>amor,</strong></span> <span class='ocrx_word' id='word_1_911' title='bbox 2503 5784 2806 5852; x_wconf 78' lang='lat' dir='ltr'><strong>utoinuem</strong></span> <span class='ocrx_word' id='word_1_912' title='bbox 2839 5808 3098 5863; x_wconf 88' lang='lat' dir='ltr'><strong>montem,</strong></span> <span class='ocrx_word' id='word_1_913' title='bbox 3127 5798 3330 5852; x_wconf 88' lang='lat' dir='ltr'><strong>saltum</strong></span> <span class='ocrx_word' id='word_1_914' title='bbox 3363 5813 3580 5854; x_wconf 85' lang='lat' dir='ltr'><strong>omnem</strong></span> 
     </span>
    </p>
   </div>
   <div class='ocr_carea' id='block_1_121' title="bbox 190 5880 1851 5971">
    <p class='ocr_par' dir='ltr' id='par_1_121' title="bbox 190 5880 1851 5971">
     <span class='ocr_line' id='line_1_121' title="bbox 190 5880 1851 5971; baseline 0.002 -35"><span class='ocrx_word' id='word_1_915' title='bbox 190 5966 201 5971; x_wconf 24' lang='grc' dir='ltr'><strong><em>Ω</em></strong></span> <span class='ocrx_word' id='word_1_916' title='bbox 304 5883 488 5956; x_wconf 73' lang='grc' dir='ltr'>ἔργον,</span> <span class='ocrx_word' id='word_1_917' title='bbox 513 5881 589 5946; x_wconf 84' lang='grc' dir='ltr'>ὡς</span> <span class='ocrx_word' id='word_1_918' title='bbox 613 5880 648 5952; x_wconf 89' lang='grc' dir='ltr'><strong>ή</strong></span> <span class='ocrx_word' id='word_1_919' title='bbox 679 5881 776 5950; x_wconf 82' lang='grc' dir='ltr'>μὲν</span> <span class='ocrx_word' id='word_1_920' title='bbox 818 5881 1045 5953; x_wconf 80' lang='grc' dir='ltr'>ζήτησις</span> <span class='ocrx_word' id='word_1_921' title='bbox 1077 5883 1374 5953; x_wconf 76' lang='grc' dir='ltr'>ἀναγκαία,</span> <span class='ocrx_word' id='word_1_922' title='bbox 1410 5885 1507 5939; x_wconf 73' lang='grc' dir='ltr'><strong>καὶ</strong></span> <span class='ocrx_word' id='word_1_923' title='bbox 1533 5880 1605 5940; x_wconf 73' lang='grc' dir='ltr'>τὰ</span> <span class='ocrx_word' id='word_1_924' title='bbox 1644 5887 1701 5939; x_wconf 89' lang='grc' dir='ltr'>ὲν</span> <span class='ocrx_word' id='word_1_925' title='bbox 1750 5885 1851 5940; x_wconf 81' lang='grc' dir='ltr'><strong>αὐτ</strong></span> 
     </span>
    </p>
   </div>
   <div class='ocr_carea' id='block_1_122' title="bbox 1953 5880 3578 5971">
    <p class='ocr_par' dir='ltr' id='par_1_122' title="bbox 1998 5889 3578 5962">
     <span class='ocr_line' id='line_1_122' title="bbox 1998 5889 3578 5962; baseline 0.001 -16"><span class='ocrx_word' id='word_1_926' title='bbox 1998 5898 2053 5946; x_wconf 90' lang='lat' dir='ltr'><strong>et</strong></span> <span class='ocrx_word' id='word_1_927' title='bbox 2087 5889 2353 5962; x_wconf 86' lang='lat' dir='ltr'><strong>quidquid</strong></span> <span class='ocrx_word' id='word_1_928' title='bbox 2386 5891 2751 5957; x_wconf 86' lang='lat' dir='ltr'><strong>inaccessum,</strong></span> <span class='ocrx_word' id='word_1_929' title='bbox 2771 5904 2871 5962; x_wconf 88' lang='lat' dir='ltr'><strong>pro</strong></span> <span class='ocrx_word' id='word_1_930' title='bbox 2892 5890 3085 5961; x_wconf 81' lang='lat' dir='ltr'><strong>pervio</strong></span> <span class='ocrx_word' id='word_1_931' title='bbox 3115 5891 3362 5957; x_wconf 82' lang='lat' dir='ltr'><strong>duceret,</strong></span> <span class='ocrx_word' id='word_1_932' title='bbox 3384 5890 3578 5962; x_wconf 59' lang='lat' dir='ltr'><strong>ipsam-</strong></span> 
     </span>
    </p>
   </div>
   <div class='ocr_carea' id='block_1_123' title="bbox 629 5978 1295 6041">
    <p class='ocr_par' dir='ltr' id='par_1_123' title="bbox 629 5978 1295 6041">
     <span class='ocr_line' id='line_1_123' title="bbox 629 5978 1295 6041; baseline 0.002 -2"><span class='ocrx_word' id='word_1_933' title='bbox 629 5978 902 6040; x_wconf 77' lang='grc' dir='ltr'>ΡΔτιιοι.</span> <span class='ocrx_word' id='word_1_934' title='bbox 933 5980 1051 6041; x_wconf 75' lang='lat' dir='ltr'><strong>Gn.</strong></span> <span class='ocrx_word' id='word_1_935' title='bbox 1090 5979 1295 6041; x_wconf 71' lang='lat' dir='ltr'><strong>CLVI.</strong></span> 
     </span>
    </p>
   </div>
   <div class='ocr_carea' id='block_1_124' title="bbox 3154 5985 3227 6045">
    <p class='ocr_par' dir='ltr' id='par_1_124' title="bbox 3154 5985 3227 6045">
     <span class='ocr_line' id='line_1_124' title="bbox 3154 5985 3227 6045; baseline 0.027 -2"><span class='ocrx_word' id='word_1_936' title='bbox 3154 5985 3227 6045; x_wconf 76' lang='grc'>17</span> 
     </span>
    </p>
   </div>
  </div>
