3958 6422
478 333 590 401 533

1671 332 2066 394 MANUELIS
2103 332 2559 396 PALZEOLOGI

3601 344 3692 416 524

478 468 586 525 que
623 453 980 521 gesmtionem
1036 448 1223 503 oneris
1264 449 1488 505 minime
1551 464 1770 520 gravem
1811 462 2048 523 putaret,

2158 448 2374 522 χαλεπὰ
2427 448 2739 514 ἀκολούθως
2780 449 2981 520 ἔπεισι,
3022 457 3118 511 καὶ
3170 457 3251 513 δεῖ
3280 475 3390 524 πως
3416 458 3586 532 φέρειν
3616 466 3692 520 τόν

480 546 641 602 modo
676 543 959 613 deperdita
988 557 1086 613 per
1116 555 1359 596 errorem
1389 540 1510 596 ovis
1560 541 1626 596 ad
1656 552 1884 599 caeteras
1914 543 2058 598 redi-

478 649 581 694 ret.
616 637 881 694 Fortasse
942 634 1086 701 quis,
1148 634 1364 702 opinor,
1403 632 1623 698 direrit,
1691 632 1895 689 factum
1954 635 2059 689 hoc

482 729 809 790 admiratus,
842 740 1001 782 ovem
1027 725 1341 781 necessario
1371 726 1682 795 quaesitam,
1717 736 1768 782 ct
1802 726 1856 780 in
1911 742 2060 794 qure-

478 821 651 877 rendo
725 817 1005 874 molestias
1066 832 1173 873 non
1229 818 1327 873 abs
1355 832 1414 873 re
1445 818 1642 885 obitas,
1709 820 2058 890 quodamque

478 915 640 968 modo
670 912 983 968 tolerandas
1004 910 1270 980 quaerenti
1304 910 1495 965 fuisse.
1546 909 1744 964 Verum
1789 924 1910 979 quae
1969 924 2058 965 res

417 1058 424 1065 .
479 1006 617 1075 ursit
667 1004 970 1058 utlnventa
998 1002 1206 1058 oricula
1232 1017 1338 1056 non
1393 1018 1543 1058 more
1593 992 1800 1074 vulgari
1835 1003 2059 1058 ducere-

406 1106 415 1111 '
478 1109 592 1164 tur,
628 1097 722 1152 sed
747 1097 800 1151 in
828 1096 1070 1151 humeris
1100 1102 1428 1165 portaretur,
1460 1110 1778 1166 quanquam
1807 1095 1921 1151 sola
1952 1112 2055 1151 cae-

482 1191 803 1246 terasintcr
829 1204 959 1244 oves
1010 1188 1211 1258 negotii
1273 1197 1485 1243 tantum
1533 1188 1925 1244 exhibuisset?
1954 1188 2047 1243 Ni-

479 1283 681 1338 mirum
750 1283 852 1338 hoc
902 1280 1019 1352 ipso
1068 1280 1437 1337 demonstrari
1498 1279 1734 1345 videtur,
1777 1288 2052 1350 pastorem

480 1375 627 1429 hunc
677 1374 896 1441 plurimi
953 1373 1305 1427 securitatem
1354 1381 1596 1425 nostram
1653 1370 1854 1427 facere.
1910 1369 2053 1426 Prae-

478 1477 624 1521 terea
658 1465 786 1520 licet
811 1465 940 1520 hinc
974 1465 1136 1518 etiam
1194 1463 1325 1518 illud
1370 1463 1663 1531 aestimare,
1713 1463 1858 1533 quod
1907 1463 2054 1519 scili-

473 1567 559 1612 cet
587 1556 891 1612 errabunda
947 1555 1064 1611 ovis
1113 1556 1354 1621 iuventa,
1393 1555 1458 1611 de
1496 1556 1631 1626 ipsis
1675 1555 2054 1625 obvagationis

474 1650 837 1705 incommodis
869 1648 1071 1703 afﬂicta
1102 1648 1342 1715 graviter
1371 1647 1537 1703 fuerit
1570 1661 1627 1702 et
1660 1661 1781 1703 eum
1816 1647 1872 1701 in
1929 1663 2051 1704 mo-

472 1744 601 1797 dum
634 1740 846 1806 affecta,
875 1749 931 1793 ut
968 1756 1072 1795 non
1106 1739 1264 1796 facile
1292 1739 1490 1795 reverti
1520 1748 1723 1810 posset,
1748 1737 1843 1794 sed
1893 1740 2053 1796 auxi-

2163 557 2225 611 γε
2248 539 2519 614 ζητοῦντα
2543 560 2557 574 ’
2590 542 2641 596 τί
2674 543 2732 596 δὲ
2759 538 2828 615 ἦν
2852 545 2910 598 τὸ
2938 552 3288 617 κατεπεῖγον,
3328 552 3457 619 μετά
3479 551 3534 605 τὸ
3561 553 3695 622 εὑρε-

2163 635 2325 703 θῆναι
2355 634 2416 688 τὸ
2452 633 2729 703 πρόϐατον
2754 676 2769 702 ,
2829 637 2927 691 οὐκ
2973 640 3205 708 ἄγεσθαι
3247 642 3384 698 κατὰ
3410 643 3475 697 τὰ
3527 645 3693 709 πολλὰ.

2163 727 2281 781 ἀλλ’
2308 726 2402 781 ἐπὶ
2431 727 2539 782 τῶν
2562 728 2732 799 ὤμων
2769 731 3119 802 κομίζεσθαι,
3138 736 3338 808 καίπερ
3366 740 3580 793 τοσαῦτα
3607 759 3697 793 πι-

2166 818 2433 889 ρεσχηκδς
2482 821 2788 891 πράγματα
2840 825 3003 892 μόνον
3048 826 3158 879 τῶν
3194 826 3367 881 ἄλλων
3402 829 3698 900 προδάτωνς

2161 912 2274 965 Καὶ
2292 912 2445 966 δοκεῖ
2472 913 2631 967 τοῦτο
2661 913 2959 981 δεικνύναι,
2987 917 3117 973 ὅσον
3145 920 3271 990 περὶ
3292 906 3532 974 πλείστου
3560 926 3699 977 ποιεῖ-

2160 1021 2249 1057 ται
2288 1005 2386 1075 τὴν
2439 1005 2719 1075 ἡμετέραν
2768 1007 3094 1076 ἀσφάλειαν.
3132 1010 3362 1082 Προσὲτι
3408 1012 3461 1066 δὲ
3511 1015 3704 1068 κάκεῖνο

2165 1097 2357 1166 μαθεῖν
2392 1095 2604 1161 ἔξεστιν
2634 1098 2742 1150 ἀπὸ
2764 1098 2980 1165 τούτου,
3004 1102 3086 1154 ὄτι
3113 1101 3174 1155 τὸ
3207 1101 3544 1174 πλανώμενον
3568 1107 3704 1173 εὐρε-

2161 1187 2251 1240 θὲν
2277 1187 2412 1241 πολὺ
2439 1192 2844 1262 τετριχωμένον
2882 1193 3127 1265 ὑπῆρχεν
3155 1195 3220 1249 ἐκ
3244 1197 3352 1249 τῶν
3378 1197 3474 1267 τῆς
3501 1197 3706 1267 πλάνης,

2162 1277 2343 1353 οἶμαι,
2376 1286 2564 1338 κακῶν
2583 1301 2600 1319 ο
2633 1289 2729 1340 καὶ⁵
2759 1283 2827 1359 ἦν
2855 1283 2968 1344 οἷον
3000 1290 3076 1360 μὴ
3097 1291 3358 1348 δύνασθαι
3385 1294 3573 1365 ῥᾳδίως
3585 1297 3706 1349 ἔπα-

2159 1375 2473 1445 νέρχεσθαι,
2520 1377 2657 1433 ἀλλὰ
2684 1378 2783 1448 τῆς,
2810 1379 2907 1434 τοῦ
2934 1382 3141 1450 ἀγαθοῦ
3183 1385 3439 1454 ποιμένος
3481 1386 3706 1457 δεόμενον

2159 1467 2482 1539 ἐπικουρίας
2503 1469 2583 1533 είς
2613 1468 2794 1525 τοῦτο.
2823 1472 3130 1535 Ἷσως,ούδὲ
3157 1474 3435 1545 πρόθυμον
3455 1470 3519 1548 ἦν
3544 1476 3706 1530 τοσοῦ-

2157 1581 2249 1619 τον
2293 1565 2433 1637 πρὸς
2468 1565 2568 1637 τὴν
2595 1566 2830 1638 ἀρίστην
2875 1568 3137 1624 ἐπάνοδον
3163 1586 3176 1601 ·
3211 1568 3246 1643 ἦ
3287 1570 3394 1641 γὰρ
3428 1570 3491 1627 ἂν
3536 1571 3710 1645 εχρῆτο

2157 1656 2271 1719 τοῖς
2299 1658 2478 1722 ποσὶν,
2509 1657 2634 1712 ὅσον
2657 1654 2770 1713 οἷόν
2798 1674 2879 1713 τε.
2898 1658 3118 1732 Ἐπειδὴ
3134 1659 3190 1712 δὲ
3208 1660 3366 1715 τοῦτο
3399 1660 3710 1729 μανθάνομεν

2155 1745 2278 1800 οὐδὲ
2322 1745 2455 1817 γοῦν
2485 1749 2720 1819 σμικρόν
2746 1765 2797 1803 τι
2844 1749 3072 1821 βαδίσαν
3099 1793 3113 1807 .
3172 1751 3385 1818 δόξειαν
3419 1751 3483 1806 ἂν
3513 1751 3710 1815 εἰκότως

474 1836 550 1891 lio
588 1836 715 1890 boni
747 1834 984 1905 pastoris
1024 1833 1092 1888 ad
1127 1834 1232 1889 hoc
1284 1834 1571 1902 indigeret.
1631 1828 1888 1890 Fortasse
1949 1848 2048 1889 nec

2157 1836 2240 1892 ἔτι
2275 1813 2394 1904 πως
2420 1813 2546 1903 τοὺς
2596 1813 2895 1913 λογισμούς
2944 1842 3066 1913 δίχα
3099 1813 3437 1914 τεμνόμενον
3468 1836 3618 1899 εἶναι.
3652 1813 3708 1897 Ἦ

473 1928 697 1989 alacris,
730 1927 807 1981 uti
842 1927 1100 1992 debebat,
1133 1925 1390 1996 optimam
1424 1927 1488 1979 ad
1522 1926 1851 1980 reditionem
1905 1935 2048 1991 erat,

474 2036 597 2076 nam
628 2021 922 2091 caeteroqui
959 2019 1191 2089 pedibus
1217 2034 1313 2076 usa
1339 2034 1438 2089 pro
1468 2019 1614 2074 virili
1645 2018 1861 2075 fuisset.
1890 2019 2049 2076 Ideo-

2158 1930 2268 2001 γὰρ
2310 1930 2574 2003 συνήθεια
2603 1934 2663 1987 τὸ
2693 1935 2866 1989 κακὸν
2900 1936 3163 2000 πολλάκις
3189 1936 3293 2008 ἡδὺ
3322 1938 3489 2001 ποιεῖ,
3522 1937 3609 1990 καὶ
3635 1935 3709 1989 διὰ

2155 2021 2328 2077 ταῦτα
2368 2026 2396 2077 ό
2430 2024 2603 2079 θέλων
2632 2026 2790 2081 τοῦτο
2819 2026 3084 2099 σωθῆναι,
3114 2028 3208 2083 επὶ
3233 2028 3347 2084 τῶν
3374 2027 3539 2099 ὥμων
3569 2029 3706 2100 κομί-

470 2128 577 2185 que
602 2129 726 2168 cum
790 2128 1211 2184 cognoscamus,
1268 2126 1388 2167 eam
1446 2127 1511 2168 ne
1565 2113 1785 2182 paulum
1832 2111 2048 2183 quidem

2157 2113 2289 2181 ζων,
2303 2118 2420 2182 τοῖς
2440 2118 2599 2172 ποσὶν
2611 2118 2750 2191 ὑπὲρ
2766 2119 2977 2175 ἐκείνου
3001 2120 3305 2192 προθύμως
3322 2122 3598 2194 κέχρηται.
3618 2122 3710 2176 Καὶ

469 2219 835 2274 progressam,
871 2221 979 2259 non
1022 2203 1120 2259 abs
1155 2219 1214 2259 re
1249 2200 1419 2258 videri
1468 2203 1661 2273 possit,
1692 2205 2048 2274 cogitationes

2155 2207 2343 2275 ἁπλῶς
2367 2210 2503 2280 πρὸς
2534 2210 2771 2279 ἅπαντα,
2792 2212 2937 2283 ἅπερ
2956 2213 3126 2284 ἐχρῆν
3146 2214 3246 2283 μὲν
3272 2216 3473 2282 ἐκεῖνο,
3489 2209 3653 2285 οὐκῆν
3664 2213 3712 2266 δὲ

470 2297 589 2366 ejus
649 2297 826 2352 adhuc
871 2296 1032 2367 quasi
1103 2295 1354 2350 bifariam
1402 2296 1574 2352 fuisse
1637 2296 1864 2352 ditisas.
1910 2295 2045 2352 Nam

2154 2298 2388 2373 δύναμις
2412 2301 2590 2357 ταῦτα
2622 2303 2909 2374 πράττειν,
2935 2303 3149 2359 οἴκοθεν
3175 2307 3339 2370 αὐτὸς
3374 2294 3711 2377 συνεισφέρειζ

470 2394 1042 2460 consuetudomalum
1075 2407 1219 2464 saepe
1256 2392 1559 2463 jucundum
1590 2392 1793 2460 reddit,
1861 2408 1925 2448 ac
1959 2402 2250 2466 propterea
2319 2397 2414 2469 qui
2471 2398 2741 2455 oviculam
2795 2414 3018 2456 servare
3078 2401 3318 2467 volebat,
3373 2403 3427 2458 in
3496 2400 3714 2456 humeris

475 2490 619 2545 illam
652 2496 897 2559 portans,
939 2486 1166 2558 pedibus
1205 2485 1321 2555 ipse
1360 2486 1473 2541 suis
1508 2483 1762 2541 alacriter
1784 2498 1915 2540 usus
1950 2501 2049 2556 pro
2080 2501 2145 2543 ea
2206 2487 2308 2543 fuit
2340 2505 2357 2545 :
2390 2490 2458 2546 ad
2522 2492 2705 2548 omnia
2757 2493 2993 2563 denique
3053 2474 3403 2566 simpliciter,
3468 2510 3583 2568 qua:
3635 2493 3713 2551 illa

469 2582 690 2657 quidem
722 2590 987 2654 praestare
1005 2578 1258 2642 debebat,
1283 2579 1376 2634 sed
1416 2578 1637 2634 minime
1659 2587 1892 2649 poterat,
1917 2594 2137 2650 operam
2172 2581 2291 2655 ipse
2310 2598 2463 2640 suam
2505 2585 2751 2642 confert.

539 2677 780 2746 Quilibet
839 2690 972 2746 ergo
1033 2674 1414 2744 resipiscentia
1478 2672 1681 2738 frctus,
1710 2672 1889 2744 ampla
1920 2689 2047 2731 cum

2230 2679 2348 2743 Πᾶς
2378 2696 2465 2741 τις
2497 2678 2592 2735 οὖν
2638 2683 2705 2751 τῇ
2746 2681 3092 2752 μεταγνώσει
3127 2682 3439 2757 θαρρήσας,
3470 2685 3713 2758 προσιέτω

469 2785 566 2837 spe
590 2769 789 2823 bonum
812 2766 879 2819 ad
908 2768 1051 2820 hunc
1076 2773 1348 2835 pastorem
1378 2763 1624 2828 accedat,
1647 2762 1739 2833 qui
1772 2770 1826 2818 et
1854 2764 2048 2821 drach-

2162 2773 2304 2842 μετὰ
2334 2772 2609 2844 λαμπρῶν
2648 2772 2758 2828 τῶν
2786 2774 3024 2830 ἐλπίδων
3071 2777 3150 2846 τῷ
3202 2778 3365 2851 καλῷ
3395 2780 3567 2850 τούτῳ
3613 2796 3717 2833 ποιο

470 2875 616 2917 mam
687 2858 1157 2943 illam‘perditam
1203 2855 1474 2926 quaesivit,
1507 2855 1735 2925 ejusque
1764 2857 2048 2927 reperiun-

2163 2866 2307 2935 μένι,
2339 2863 2415 2936 τῷ
2454 2867 2550 2920 καὶ
2573 2865 2673 2938 τὴν
2705 2866 3096 2939 ἀπολλυμένην
3122 2869 3383 2944 δραχμὴν
3419 2871 3712 2942 ζητήσαντι,

467 2958 550 3012 dae
583 2967 744 3010 causa
780 2951 939 3009 valde
969 2949 1252 3017 laboravit,
1280 2956 1335 3004 et
1364 2962 1485 3005 cum
1511 2963 1629 3005 eam
1650 2959 2048 3018 recuperasset,

2158 2958 2255 3011 καὶ
2282 2958 2480 3030 κομιδῆ
2512 2960 2818 3030 μογήσαντι
2850 2960 2990 3029 πρὸς
3025 2961 3125 3032 τὴν
3152 2961 3381 3031 εὕρεσιν
3411 2963 3615 3034 ἐκείνης
3633 2962 3715 3016 καὶ

468 3047 604 3117 tanti
640 3044 788 3101 dedit
823 3041 1022 3099 iudicia
1059 3042 1263 3113 gaudii,
1305 3050 1568 3111 quantum
1625 3058 1696 3098 ne
1724 3042 1799 3098 illi
1828 3041 2046 3112 quidem

2156 3047 2332 3118 χαρὰν
2361 3048 2725 3121 ἐνδειξαμένῳ
2768 3051 3070 3122 τοσαύτην,
3108 3054 3272 3125 ἡνίκα
3310 3055 3513 3126 ταύτην
3542 3057 3717 3109 ίπανεο

466 3139 775 3212 percipiunt
797 3137 890 3208 qui
921 3137 1063 3191 bona
1088 3135 1323 3205 quadam
1337 3133 1559 3191 fortuna
1591 3138 1883 3194 thesauros
1908 3137 2048 3193 inter

2156 3140 2420 3209 κτήσατο,
2452 3141 2589 3211 ὅσην
2620 3141 2733 3196 οὐδ’
2767 3143 2817 3196 οί
2846 3142 3157 3215 θησαυροὺς
3186 3147 3244 3198 ὲν
3268 3146 3358 3217 τῷ
3383 3148 3621 3217 ὀρύττειν
3642 3143 3720 3198 εύ-

466 3231 782 3288 foilieudum
814 3228 1115 3316 reperiunt,
1153 3227 1277 3282 licet
1307 3228 1427 3283 auri
1464 3243 1658 3300 magna
1685 3230 1839 3298 copia
1875 3228 1967 3294 sit,
1996 3237 2048 3284 et

2155 3232 2434 3301 ρίσκοντες
2470 3233 2531 3298 ἐξ
2576 3234 2787 3306 ἀγαθῆς
2817 3251 2964 3297 τινος
3002 3234 3197 3307 τύχης,
3248 3238 3460 3294 ὁπόταν
3492 3236 3524 3316 ᾗ
3561 3238 3647 3293 καὶ
3665 3235 3717 3289 τὸ

463 3337 735 3394 pauperes
753 3321 807 3376 hi
834 3319 1077 3391 quidem,
1116 3328 1172 3374 at
1210 3320 1361 3389 gravi
1399 3320 1646 3376 avaritia:
1678 3322 1870 3376 morbo
1902 3319 2048 3374 labo-

2153 3325 2379 3394 χρυσίον
2406 3325 2591 3394 ἁδρὸν,
2642 3327 2739 3380 καὶ
2781 3326 2890 3380 οἵδε
2935 3327 3046 3381 τῶν
3074 3329 3340 3401 πενήτων
3366 3333 3488 3401 μὲν,
3523 3329 3717 3401 μακρὰν

464 3425 687 3482 ranter,
754 3413 1000 3479 accedat,
1051 3412 1294 3482 inquam,
1342 3412 1408 3467 ad
1458 3406 1582 3467 eum
1638 3412 1731 3482 qui
1777 3411 1918 3468 ferre
1941 3428 2048 3466 non

464 3509 660 3580 potuit,
676 3518 734 3563 ut
764 3507 902 3561 illius
919 3504 1019 3559 ille
1037 3503 1296 3574 prodigus
1323 3505 1542 3558 domum
1563 3504 1795 3569 veniret,
1824 3504 2049 3573 quando

467 3606 855 3660 adventantem
891 3608 1072 3654 autem
1118 3605 1430 3666 acceperat,
1470 3597 1563 3652 sed
1593 3596 1660 3652 ad
1691 3607 2046 3667 conspectum

462 3696 608 3750 illius
628 3704 684 3750 ct
722 3705 1009 3748 occursum
1063 3689 1288 3759 prodiit,
1322 3702 1564 3758 eumque
1594 3687 1768 3745 multo
1795 3704 1917 3744 cum
1953 3688 2052 3743 bo-

466 3802 601 3843 nore
633 3785 869 3854 excepit,
916 3792 972 3839 et
1008 3780 1285 3851 frequenti
1317 3780 1699 3850 complexuum
1757 3777 2050 3834 iteratione

463 3876 754 3949 quemdam
782 3873 1159 3931 admirabilem
1192 3872 1246 3928 in
1283 3871 1435 3931 illum
1468 3885 1709 3927 amorem
1744 3886 1810 3926 ac
1832 3871 2049 3927 deside-

462 3974 601 4028 rimn
653 3966 976 4032 declaravit,
1030 3977 1082 4022 et
1104 3965 1176 4022 ob
1210 3964 1328 4036 ejus
1353 3963 1612 4030 salutem,
1671 3962 2045 4020 celebritatem

463 4063 756 4133 quamdam
815 4074 1166 4118 communem
1222 4054 1490 4113 instituit:
1535 4058 1602 4113 ad
1645 4070 1768 4112 eum
1803 4055 2046 4121 accedat,

461 4155 556 4226 qui
585 4166 927 4225 nequaquam
946 4150 1294 4206 abominatus
1313 4158 1393 4206 est
1417 4158 1658 4205 scortum
1683 4148 1813 4203 illud
1845 4147 2047 4216 nobile,

462 4246 611 4317 quod
646 4248 821 4317 ipsum
860 4253 915 4298 et
944 4243 1244 4310 aspiciebat
1267 4251 1321 4296 et
1348 4241 1743 4309 contrectabat,
1772 4254 2049 4311 purosque

463 4339 631 4414 pedes
658 4337 775 4407 ejus
803 4335 1244 4402 exosculabatur,
1281 4344 1335 4391 et
1357 4335 1543 4391 multis
1573 4335 1796 4391 eosdem
1829 4333 2047 4405 rigabat

466 4430 746 4502 lacrymis,
777 4445 843 4486 ac
883 4429 1126 4485 vicissim
1166 4444 1363 4500 magno
1394 4429 1616 4509 pietatis
1642 4427 1826 4485 studio
1853 4428 2048 4498 capitis

2151 3412 2208 3467 δὲ
2239 3408 2380 3470 πάνυ
2425 3415 2796 3488 φιλαργυρίαν
2847 3419 3152 3475 νοσούντων
3175 3437 3191 3453 ⁸
3229 3422 3316 3492 τῷ
3366 3423 3493 3495 μηδ’
3517 3418 3718 3492 ἀναμεί-

2153 3523 2306 3561 ναντι
2357 3507 2448 3561 τὸν
2486 3510 2698 3563 ἄσωτον
2752 3510 3171 3580 οἴκαδ’ἑλθεῖν,
3222 3517 3533 3586 ἐπειδήπερ
3593 3514 3718 3583 ἔγνω

2152 3598 2342 3653 τοῦτον
2366 3600 2687 3671 ἐρχόμενον,
2717 3601 2853 3656 ἀλλὰ
2880 3604 2977 3658 καὶ
3003 3603 3140 3672 πρὸς
3165 3603 3264 3675 τὴν
3289 3606 3504 3661 ἐκείνου
3532 3606 3649 3660 θέαν
3665 3618 3717 3657 τε

2153 3689 2246 3742 καὶ
2282 3692 2606 3762 συνάντησιν
2640 3692 2935 3761 ἐξελθόντι,
2990 3698 3087 3749 καὶ
3121 3695 3519 3770 ὑποδεξαμένῳ
3546 3696 3718 3750 τοῦτον

2152 3779 2323 3852 πολλῇ
2376 3784 2535 3853 τιμῇ,
2581 3783 2682 3836 καὶ
2711 3786 2833 3847 ταῖς
2864 3789 3096 3856 συχναῖς
3129 3788 3500 3859 περιπλοκαῖς
3528 3789 3721 3859 θαυμα-

2153 3871 2277 3924 στὸν
2322 3872 2689 3945 ινδειξαμένῳ
2740 3874 2836 3928 τὸν
2882 3876 3022 3947 πρὸς
3055 3877 3266 3933 ἐκεῖνον
3318 3880 3503 3951 ἔρωτά
3549 3896 3604 3933 τε
3632 3877 3717 3930 καὶ

2152 3961 2337 4029 πόθον,
2368 3963 2461 4016 καὶ
2492 3964 2678 4032 κοινὴν
2712 3965 3024 4039 πανήγυριν
3071 3966 3171 4037 τὴν
3206 3968 3428 4025 ἐκείνου
3460 3967 3717 4039 σωτηρίαν

2152 4052 2511 4136 ποέισαμένῳ
2535 4069 2548 4085 °
2587 4054 2665 4124 τῷ
2693 4055 2960 4126 μηδαμῶς
2987 4056 3374 4131 βδελυξαμένῳ
3410 4061 3510 4131 τὴν
3543 4062 3720 4129 όνομα·

2153 4144 2286 4213 στὴν
2315 4145 2438 4198 τότε
2467 4144 2697 4215 πόρνην,
2728 4145 2945 4216 όρῶσάν
2973 4164 3032 4200 τε
3063 4148 3251 4214 αὑτὸν,
3279 4153 3381 4205 καὶ
3420 4149 3717 4222 ἁπτομένην

2150 4234 2338 4298 αὐτοῦ,
2383 4237 2476 4290 καὶ
2499 4237 2628 4300 τοὺς
2655 4237 2964 4309 ἁχρόιντους
2990 4240 3159 4304 πόδας
3180 4243 3610 4313 καταφιλοῦσαν,
3633 4241 3716 4295 καὶ

2152 4327 2346 4397 συχνὸν
2379 4316 2439 4379 τὺ
2493 4326 2732 4398 δάκρυον
2775 4329 2958 4384 αὐτῶν
2988 4333 3427 4401 καταχεύουσαν,
3471 4336 3567 4388 καὶ
3604 4335 3715 4395 ταῖς

2151 4415 2297 4486 θριξὶ
2320 4416 2421 4485 τῆς
2462 4418 2707 4488 κεφαλῆς
2736 4416 2795 4483 ἐξ
2817 4419 2997 4473 αὐτῶν
3024 4421 3412 4488 ὲκμάττουσαν
3438 4423 3594 4477 τοῦτο
3623 4411 3717 4476 ύπδ

464 4528 548 4583 sui
586 4496 799 4596 capillis
844 4539 937 4581 cas
995 4496 1471 4594 abstergebat.-Et
1528 4531 1708 4576 tamen
1758 4534 1856 4589 per
1894 4496 2045 4575 istaec

2156 4509 2352 4580 πολλῆς
2384 4508 2693 4575 εὐλαϐείας.
2729 4510 2923 4565 Καίτοι
2966 4510 3054 4566 διὰ
3090 4512 3315 4568 πάντων
3349 4516 3595 4583 ἐκείνων,
3643 4506 3716 4576 οἷς

463 4618 668 4683 omnia,
694 4615 893 4687 quibus
917 4623 1045 4670 tunc
1080 4623 1288 4668 castum
1314 4612 1466 4667 illum
1489 4611 1735 4668 amorem
1781 4617 1928 4665 recte
1952 4609 2045 4664 de-

464 4710 732 4775 clarabat,
755 4723 880 4763 cum
917 4707 1070 4777 prius
1112 4705 1338 4760 libidine
1370 4701 1649 4772 ﬂagraret,
1682 4702 1887 4758 multos
1916 4717 2042 4772 per-

464 4800 699 4865 diderat,
725 4808 777 4855 et
802 4799 1036 4853 fortasse
1068 4795 1163 4867 qui
1191 4794 1398 4863 aliquid
1429 4806 1552 4848 esse
1585 4793 1921 4848 viderentur.
1948 4791 2043 4847 Ni-

463 4892 767 4949 hilominus
813 4891 954 4943 hanc
997 4887 1115 4956 ipse
1139 4899 1244 4940 non
1279 4882 1474 4952 repulit
1498 4921 1514 4948 ,
1542 4898 1642 4939 nec
1676 4885 2040 4953 impudentem

467 4999 531 5038 ac
568 4993 854 5053 procacem
904 4971 1221 5046 appellavit,
1267 4974 1361 5028 sed
1394 4972 1470 5026 illi
1513 4987 1730 5043 quoque
1762 4972 2042 5029 Pharisaeo

463 5073 703 5143 praetulit
755 5070 847 5140 qui
891 5081 1089 5137 magna
1139 5066 1192 5119 in
1250 5064 1515 5135 Opinione
1561 5066 1778 5121 virtutis
1803 5077 1942 5136 erat,
1977 5082 2044 5122 ac

469 5168 659 5222 laudes
710 5162 953 5231 denique
980 5158 1250 5230 quasdam
1295 5156 1345 5212 ei
1377 5157 1588 5214 tribuit.
1620 5158 1763 5213 idem
1783 5169 1839 5214 et
1867 5160 2042 5228 publi-

465 5261 588 5317 cani
652 5257 1037 5316 humilitatem,
1085 5253 1129 5308 si
1183 5251 1518 5323 quidemrita
1552 5263 1671 5308 erat
1720 5254 2039 5324 appellanda

466 5350 817 5423 propriorum
847 5346 1118 5402 malorum
1138 5344 1367 5417 agnitio,
1382 5344 1632 5415 pluribus
1646 5346 1819 5416 ipsius
1835 5346 2045 5403 delictis

466 5454 765 5514 Opponeus,
789 5439 961 5504 magis
987 5452 1111 5494 eum
1136 5437 1498 5508 iustiﬁcatam
1517 5453 1548 5494 e
1573 5440 1771 5509 templo
1799 5441 2042 5507 deduxit,

467 5549 630 5605 quam
657 5531 913 5595 alterum,
960 5530 1054 5600 qui
1080 5538 1229 5585 recte
1251 5528 1466 5599 quidem
1512 5530 1744 5598 vixerat,
1785 5533 1880 5587 sed
1907 5543 2045 5586 actae

468 5625 726 5694 praeclare
759 5623 883 5677 vita:
912 5635 1073 5676 causa
1104 5623 1469 5693 superbiebat.
1504 5621 1747 5679 Ezechiae
1777 5623 2045 5695 lacrymas

468 5716 726 5781 admittit,
790 5722 848 5770 et
918 5713 1329 5770 conversionem
1410 5714 1506 5773 lilii
1568 5716 1712 5785 ejus,
1771 5715 2042 5773 consimili

464 5806 632 5861 modo
658 5803 1064 5873 factambveiut
1099 5804 1329 5864 aliorum
1366 5820 1533 5877 opera
1580 5806 1778 5863 eximia
1808 5807 2043 5864 libenter

2147 4600 2239 4655 τὸν
2268 4601 2525 4673 σώφρονα
2561 4604 2777 4658 ἐκεῖνον
2794 4600 2976 4675 ἔρωτξι
2999 4605 3180 4671 καλῶς
3201 4607 3580 4675 ἐπεδείκνυτο,
3603 4610 3720 4662 ἀκο-

2151 4694 2518 4750 λασταίνουσα
2549 4695 2770 4766 τοπρὶν,
2818 4697 2946 4760 τοὺς
2975 4697 3208 4762 πολλοὺς
3259 4700 3567 4767 ἀπώλεσεν,
3598 4700 3716 4760 ista;

2147 4787 2194 4841 δ’
2211 4787 2277 4841 ἂν
2296 4788 2389 4841 καὶ
2405 4788 2515 4842 τῶν
2538 4787 2842 4843 δοκούντων
2876 4784 3019 4843 εἷναί
3038 4806 3112 4844 τι.
3131 4789 3190 4843 ’0
3208 4789 3256 4842 δ’
3279 4791 3382 4845 οὐκ
3400 4791 3718 4846 ἀπεσείσατο

2150 4881 2380 4950 ταύτην,
2412 4879 2535 4934 οὐδὲ
2564 4880 2758 4946 ἀναιδῆ
2787 4881 3057 4950 προσεῖπε
3088 4880 3182 4935 καὶ
3213 4880 3411 4953 ίταμόν
3434 4898 3449 4915 ο
3473 4881 3608 4938 ἀλλὰ
3632 4880 3715 4933 καὶ

2146 4973 2241 5026 τοῦ
2269 4974 2568 5044 Φαρισαίου
2622 4973 2924 5043 προῦθηκε,
2964 4974 3059 5026 τοῦ
3111 4972 3311 5028 πολλοῦ
3369 4973 3715 5046 νομιζομένου

2148 5065 2245 5136 τὴν
2287 5064 2513 5136 ἀρετὴν,
2547 5065 2640 5116 καὶ
2667 5064 2788 5116 κατ’
2819 5063 2993 5134 αὐτῆς
3030 5063 3283 5135 ἐγκώμιά
3328 5082 3455 5120 τινα
3481 5066 3715 5134 εἴρηκεν.

2148 5156 2317 5221 Οὗτος
2342 5157 2398 5209 δὲ
2425 5156 2519 5209 καὶ
2542 5153 2639 5208 τοῦ
2661 5151 2897 5208 τελώνου
2924 5153 3026 5224 τὴν
3045 5155 3398 5219 ταπείνωσιν,
3426 5153 3529 5223 εἴγ’
3552 5151 3714 5224 ἐχρῆν

2144 5251 2289 5304 οὓτω
2323 5247 2510 5302 καλεῖν
2540 5245 2641 5315 τὴν
2664 5245 2771 5297 τῶν
2804 5245 2956 5299 ίδίων
3001 5244 3189 5298 κακῶν
3231 5245 3551 5313 ἐπίγνωσιν,
3576 5247 3712 5296 ἀντι-

2145 5338 2313 5401 τιθεὶς
2351 5338 2466 5401 τοῖς
2500 5336 2714 5399 πολλοῖς
2736 5336 2953 5391 ἐκείνου
2977 5338 3083 5406 πλη
3095 5334 3449 5407 μμελημασι,
3477 5335 3712 5404 κατήγα-

2145 5447 2243 5498 γεν
2273 5429 2435 5482 αὐτὸν
2458 5431 2522 5482 ὲκ
2550 5427 2645 5482 τοῦ
2679 5426 2828 5497 ίεροῦ
2860 5426 3282 5498 δεδικαιωμένον
3316 5426 3464 5498 ὑπὲρ
3494 5426 3581 5480 τὸν
3629 5438 3715 5475 κα-

2143 5524 2252 5587 λῶς
2281 5523 2380 5594 μὲν
2415 5522 2742 5593 βεϐιωκότα,
2807 5520 3024 5589 μεγάλα
3054 5519 3115 5574 δι
3142 5500 3493 5593 φρονήσαντα
3521 5517 3596 5587 τῷ
3621 5531 3713 5587 κα-

2146 5621 2254 5685 λῶς
2278 5621 2450 5690 βιοῦν.
2486 5621 2717 5689 Δέχεται
2745 5617 2840 5671 τοῦ
2874 5614 3123 5681 Ἐζεκίου
3145 5618 3214 5670 τὰ
3234 5617 3471 5688 δάκρυα,
3514 5609 3709 5669 καὶτοῦ

2148 5714 2339 5778 παιδὸς
2372 5711 2540 5766 αὐτοῦ
2575 5713 2673 5782 τὴν
2708 5711 3048 5782 ἐπιστροφὴν
3076 5711 3250 5781 ὁμοίῳ
3288 5710 3477 5780 τρόπῳ
3498 5717 3711 5776 γεγενη-

2150 5806 2321 5877 μένην
2362 5803 2438 5869 ὡς
2496 5803 2672 5860 ἄλλων
2728 5802 3010 5874 ἀριστείας
3058 5802 3414 5873 ἡομενίσιιτο.
3468 5799 3575 5871 Τὴν
3608 5796 3708 5865 γὰρ
