3958 6432
520 335 625 399 ίν27

509 545 708 601 deinde
737 544 1124 613 resipiscentes
1155 559 1219 597 ex
1268 541 1392 598 istis
1418 539 1775 605 facinoribus,
1809 540 1924 610 ipsa
1955 555 2082 611 pro-

508 641 769 710 pensione
800 642 867 693 ad
885 632 1082 693 bo’num
1100 638 1395 706 propitium
1428 632 1633 705 experti
1666 644 1791 690 sunt
1829 631 1997 690 Deum
2018 634 2086 690 ab

509 750 569 790 se
597 734 804 796 hcsum,
845 741 1161 800 tantumque
1226 729 1349 783 boui
1381 729 1449 784 ab
1474 742 1537 783 eo
1585 727 1882 793 consecuti,
1909 742 2087 797 quan-

510 835 623 877 tum
661 830 943 891 optaram,
968 835 1132 889 quem
1172 820 1554 888 impetrassent
1601 819 1885 885 honorem,
1921 820 2084 873 obse-

508 931 626 979 cro,
663 916 706 969 si
735 914 895 983 plane
923 913 1111 982 polluti
1144 927 1250 966 nun
1285 910 1551 967 fuissent?
1572 911 1727 978 Quod
1759 911 1804 967 si
1844 910 1956 966 fieri
1989 925 2086 980 po-

432 1074 437 1082 ,
511 1016 614 1062 test
645 1015 702 1060 ut
749 1006 802 1060 in
854 1005 1023 1060 altera
1055 1020 1269 1074 quoque
1288 1005 1397 1058 vita
1424 1018 1613 1059 eorum
1640 1003 1809 1058 animi
1842 994 2084 1058 dolorem

509 1100 678 1156 ullum
736 1098 961 1153 omnino
1016 1098 1276 1159 sentiant,
1307 1096 1411 1150 hoc
1440 1110 1535 1151 eos
1578 1111 1694 1150 mea
1724 1095 1940 1165 quidem
1969 1097 2087 1163 opi-

501 1194 671 1248 nione
696 1201 916 1263 punget,
963 1193 1109 1261 quod
1144 1190 1495 1246 vehementer
1522 1190 1725 1244 amanti
1777 1190 2081 1245 molestiam

506 1287 782 1358 peccando
816 1285 1057 1339 crearint
1088 1298 1257 1354 seque
1289 1283 1415 1338 vitis
1438 1282 1540 1352 ipsi
1591 1281 1907 1351 pollnerint.
1940 1282 2085 1349 Qua-

506 1387 730 1450 propter
772 1379 1058 1432 universos
1087 1376 1343 1445 equidem
1380 1376 1687 1430 monuerim
1710 1383 1766 1430 et
1803 1383 1931 1430 ante
1962 1389 2082 1429 om-

506 1489 605 1530 nes
639 1487 817 1528 meum
851 1470 1024 1541 ipsius
1049 1470 1317 1532 animum,
1352 1481 1422 1523 ne
1451 1469 1797 1523 committere
1833 1468 2081 1535 velimus,

507 1576 729 1638 propter
748 1580 869 1635 quze
893 1564 1094 1617 multas
1124 1561 1398 1631 profusuri
1426 1561 1596 1618 simus
1615 1562 1892 1633 laerymas
1916 1570 2083 1632 atque

505 1659 763 1729 gemitus,
800 1656 892 1711 ubi
939 1657 1079 1709 viam
1115 1656 1180 1709 ad
1216 1655 1479 1725 optimam
1535 1655 1738 1710 reversi
1793 1654 2080 1723 fuerimus,

506 1751 599 1807 sed
629 1749 810 1804 utillis
834 1748 1219 1808 inbuet-eamus,
1253 1743 1319 1801 de
1345 1747 1540 1816 quibus
1570 1762 1702 1816 pura
1763 1746 1964 1816 percipi
1991 1762 2085 1801 vo-

507 1843 691 1913 luptas
739 1843 932 1913 possit,
984 1855 1117 1909 pure
1142 1839 1396 1894 nimirum
1426 1839 1678 1906 vivendo,
1710 1841 2090 1911 sperandoque

506 1952 606 1991 nos
631 1936 902 2004 petituros
922 1933 1141 1988 aeternis
1158 1931 1262 1987 illis
1285 1932 1657 2002 voluptatibus
1683 1949 1698 1987 ε
1737 1948 1856 2002 quae
1880 1933 2090 1988 scilicet

505 2028 695 2084 oculus
729 2023 965 2081 neminis
1011 2022 1249 2093 aspexit,
1309 2038 1411 2078 nec
1475 2023 1623 2077 auris
1653 2024 1880 2087 audivit,
1926 2024 2091 2095 inque

504 2132 600 2173 eor
630 2114 868 2171 hominis
895 2128 1001 2169 non
1032 2120 1414 2184 penetrarunt,
1442 2121 1502 2168 ut
1525 2113 1682 2167 divus
1712 2114 1803 2169 ille
1842 2114 2084 2185 Aposto-

502 2213 588 2266 lus
614 2209 856 2281 loquitur
881 2211 923 2263 ⁸.
949 2200 1084 2263 Cum
1105 2217 1288 2262 autem
1325 2207 1417 2261 hic
1438 2207 1671 2262 orationi
1692 2217 1888 2263 nostrae
1925 2208 2086 2264 linem

504 2302 893 2376 imponendum
967 2316 1245 2365 censeam,
1288 2300 1465 2355 dicam
1522 2299 1726 2369 aliquid
1760 2302 1825 2356 de
1872 2316 2086 2356 summa

502 2399 596 2453 illa
647 2395 955 2460 clementia,
996 2396 1160 2450 breve
1211 2393 1428 2464 quidem
1457 2392 1589 2447 illud
1644 2394 1959 2459 admodum,
1992 2394 2087 2450 sed

502 2500 651 2546 recte
675 2499 851 2546 tamen
870 2504 1088 2543 onmem
1109 2487 1185 2543 rei
1208 2501 1593 2557 scopum,mea
1628 2502 1760 2544 sane
1792 2488 2085 2557 sententia,

500 2591 1080 2640 commonstraturum.

574 2679 679 2733 Aio
735 2674 831 2730 Dei
890 2686 1135 2731 nostrum
1185 2690 1314 2747 erga
1362 2690 1533 2745 genus
1583 2674 1909 2740 cletnentiae,
1967 2686 2089 2746 qua":

499 2784 729 2840 prorsus
747 2778 829 2825 est
860 2768 1095 2840 iuiiuita,
1123 2784 1229 2825 non
1255 2782 1412 2839 posse
1429 2768 1723 2837 quidquam
1754 2767 2084 2838 aequiparari

502 2862 589 2918 vel
644 2877 765 2916 eum
816 2876 877 2915 ca
912 2836 1241 2932 30mparari,
1298 2861 1497 2916 nedum
1547 2862 1734 2931 lapsus
1774 2862 2083 2925 hominum.

508 2955 609 3028 qui
655 2956 880 3012 omnino
915 2956 1053 3011 lines
1106 2971 1236 3011 suos
1266 2955 1491 3010 habent.
1535 2953 1688 3022 Quod
1726 2971 1851 3010 cum
1886 2956 1958 3010 ita
1992 2954 2083 3024 sit,

513 3064 858 3120 nequaquam
918 3048 1117 3103 divinte
1167 3047 1472 3103 clementiae
1527 3047 1827 3114 sull'ecerit,
1872 3049 1939 3101 ad
1995 3064 2086 3102 ac-

1716 332 2117 395 MANUELIS
2146 333 2610 397 PALIEOLOGI
2858 348 2865 352 '
2976 332 3017 341 ’”
3623 348 3708 414 2,28

506 458 618 510 hoc
651 470 755 509 non
815 451 1109 508 fecissent?
1145 448 1280 506 Nam
1317 449 1420 522 qui-
1455 464 1562 505 non
1592 449 1677 521 pie
1712 450 1992 513 vixerunt,
2022 463 2081 504 ac

2193 446 2426 515 ξαντες;
2456 447 2520 501 Οἶ
2556 448 2667 519 γὰρ
2714 448 2812 522 οὐχ
2862 449 3024 513 ὁσίως
3066 449 3411 521 βεϐιώκεσαν,
3446 456 3614 513 ἔπειτα
3654 467 3711 535 τῇ

2975 317 3017 341 κ

2192 540 2536 610 μεταγνώσει
2581 542 2693 596 τῶν
2723 543 2924 613 ἔργων,
2946 543 3043 597 καὶ
3065 545 3133 614 τῇ
3164 545 3297 615 πρὸς
3324 547 3385 600 τὸ
3400 549 3586 615 ἀγαθὸν
3611 554 3714 608 vcti-

2190 649 2295 696 σει,
2322 633 2451 687 ῐλεώ
2468 650 2528 687 τε
2552 635 2917 704 πεπείρανται
2944 635 3041 690 τοῦ
3068 637 3160 690 ὑπ’
3180 637 3359 715 αὐτῶν
3383 639 3711 713 ὑδρισθέντος,

2187 726 2283 780 καὶ
2329 725 2585 781 τοσοῦτον
2630 722 2693 781 εὖ
2728 728 3037 782 πεπόνθασι
3074 733 3203 800 παρ’
3236 731 3419 797 αὺτοῦ,
3449 734 3624 789 ὁπόσον
3662 739 3716 797 iv

2187 817 2458 886 εὔξαιντο,
2491 821 2668 890 πόσης
2701 821 2766 876 ἃν
2808 821 3041 892 ὴξίωντο
3072 824 3260 894 τιμῆς,
3294 824 3369 896 μὴ
3403 826 3718 893 μολυνθέντες

2186 911 2286 983 τὴν
2327 912 2591 982 πρώτηνς
2631 913 2692 967 El
2734 899 2780 966 δ’
2814 913 2992 968 ἔνεστι
3027 916 3191 969 κάκεῖ
3221 916 3540 979 τὰςετούτων
3565 919 3719 987 ψυχὰς

2187 1003 2367 1074 λύπην
2396 1003 2647 1073 ἡντινοῦν
2665 1005 2804 1068 ὅλως
2835 1005 3028 1075 ἴσχειν,
3061 1005 3209 1058 τοῦτ’
3237 1006 3302 1059 ἂν
3330 1000 3477 1075 οἶμαι
3503 1006 3561 1058 τὸ
3579 1009 3722 1076 πλῆτ-

2187 1106 2301 1160 τον,
2337 1095 2420 1148 ὅτι
2454 1095 2546 1148 τὸν
2581 1095 2786 1165 σφόδρα
2822 1097 3129 1166 φιλήσαντα
3154 1095 3385 1150 ἐλύπουν
3420 1097 3722 1166 ἁμαρτάνου-

2190 1202 2301 1255 σαι,
2341 1192 2436 1244 καὶ
2491 1192 2607 1253 τοῖς
2648 1193 2841 1250 κακοῖς
2883 1190 3219 1259 μολύνουσαι
3272 1191 3487 1253 ἑαυτάς.
3526 1192 3625 1244 Καὶ
3650 1192 3721 1244 διὰ

2186 1282 2359 1337 ταῦτα
2389 1285 2500 1347 τοῖς
2530 1283 2701 1338 πᾶσιν
2729 1282 2795 1337 ἂν
2813 1283 3243 1353 παραινέσαιμι,
3272 1283 3368 1338 καὶ
3398 1282 3503 1353 πρό
3530 1301 3589 1352 γε
3612 1286 3724 1337 πάν-

2187 1392 2297 1431 των
2344 1378 2413 1446 τῇ
2445 1374 2689 1444 ἐμαυτοῦ
2733 1374 2910 1448 ψυχῇ,
2946 1375 3020 1446 μὴ
3079 1377 3257 1430 ταῦτα
3307 1376 3563 1445 πράττειν
3602 1376 3726 1445 ἡμᾶς

2187 1467 2417 1530 ὲθέλειν,
2469 1464 2540 1521 δι’
2569 1467 2605 1522 ἃ.
2655 1467 2838 1539 δεήσει
2881 1466 3099 1522 πολλῶν
3128 1467 3383 1538 δακρύων
3415 1468 3505 1520 καὶ
3534 1481 3727 1534 crever-

2192 1561 2345 1630 μῶν,
2394 1561 2490 1613 ἐπὶ
2544 1560 2643 1631 τὴν
2694 1561 2931 1632 ἀρίστην
2982 1552 3105 1614 ὀδόν
3168 1559 3587 1632 ἐπιστρέψασινο
3632 1558 3731 1612 ἀλλ’

2189 1654 2414 1709 ἐκείνων
2459 1651 2701 1724 ἔχεσθαι,
2734 1647 2818 1718 οἷς
2867 1653 2935 1707 ἂν
2974 1653 3061 1723 εἰη
3100 1653 3361 1722 καθαρῶς
3397 1649 3631 1722 ἥδεσθαι,
3665 1650 3731 1717 τῷ

2188 1758 2248 1802 τε
2296 1746 2560 1818 καθαρῶς
2614 1744 2790 1817 βιοῦν,
2816 1745 2898 1818 τῷ
2936 1763 2997 1800 τε
3033 1740 3282 1811 ἐλπίζειν
3311 1740 3585 1810 τεύξεσθαι
3623 1744 3732 1794 aim-

2194 1843 2326 1897 νίων
2358 1841 2734 1906 ἀπολαύσεων,
2772 1837 2810 1894 d
2843 1839 3148 1910 ὀφθαλμὸς
3195 1838 3310 1894 οὐκ
3339 1833 3484 1899 οἶδε.
3513 1835 3606 1891 καὶ
3644 1826 3732 1896 οὕς

2193 1935 2307 1989 οὐκ
2337 1932 2595 2004 ἤκουσε,
2626 1932 2726 1985 καὶ
2759 1931 2860 1986 ἐπὶ
2889 1931 3145 2000 καρδίαν
3177 1929 3495 1999 ἀνθρώπου
3522 1927 3627 1980 οὐκ
3647 1923 3733 1979 ἀνά

2190 2026 2323 2095 ἐὸη,
2376 2027 2520 2081 κατὰ
2571 2025 2661 2080 τδν
2691 2026 2834 2080 θεῖον
2884 2025 3239 2080 Ἀπόστολον.
3295 2018 3552 2101 Ἑνταδθα
3580 2017 3631 2070 δέ
3661 2020 3731 2084 μοι

2191 2122 2284 2174 τὸν
2306 2120 2466 2188 λόγον
2494 2120 2732 2190 οἰομένῳ
2756 2119 2868 2172 δεῖν
2895 2116 3229 2179 καταλῦσαι,
3260 2108 3537 2187 εῑρήσεταί
3561 2125 3608 2161 τι
3631 2105 3731 2175 περὶ

2191 2212 2291 2283 τῆς
2324 2212 2588 2268 ἀνωτάτω
2621 2210 3039 2284 φιλανθρωπίας
3059 2251 3074 2276 ,
3111 2208 3294 2282 βραχὺ
3336 2207 3435 2276 μὲν
3477 2203 3628 2263 πάνυ,
3655 2216 3733 2251 κα-

2193 2305 2299 2368 λῶς
2331 2305 2377 2359 δ’
2398 2304 2491 2359 οὖν
2527 2307 2676 2375 ὅμως
2711 2305 2773 2358 τὸ
2803 2306 2912 2360 πᾶν
2936 2303 3205 2367 δεικνύον,
3275 2302 3351 2366 ὡς
3388 2298 3569 2371 ἔμοιγε
3600 2291 3734 2363 παρί-

2196 2415 2412 2467 σταται,
2445 2398 2539 2452 τοῦ
2581 2396 2810 2454 σκοποῦ.

2273 2674 2437 2744 Λέγω
2464 2676 2529 2747 δὴ
2561 2679 2629 2748 τῇ
2658 2674 2912 2758 τοῦρεοῦ
2934 2678 3062 2747 περὶ
3088 2678 3150 2731 τὺ
3180 2692 3344 2758 γενος
3374 2666 3733 2747 φιλανθρωπίᾳὶ

2191 2770 2404 2841 ἀπείρῳ
2440 2787 2504 2838 γε
2567 2756 2918 2825 παντάπασιν
2965 2769 3123 2844 οῠσῃ,
3158 2771 3235 2842 μὴ
3277 2756 3530 2824 δύνασθαί
3555 2782 3604 2817 τι
3647 2758 3735 2812 τῶν

2193 2861 2415 2918 πάντων
2464 2858 2883 2933 έξισωθῆναι,ῆ
2926 2859 3056 2929 γοῦν
3088 2857 3284 2932 ἐκείνῃ-ί
3328 2850 3736 2929 παραϐληθῆναι,

2195 2954 2359 3024 μήτοι
2385 2970 2449 3023 γε
2487 2953 2555 3007 τὰ
2580 2953 2902 3023 πταίσματα
2919 2952 3037 3004 τῶν
3063 2950 3394 3022 ἀνθρώπων,
3430 2942 3503 3001 ὦν
3532 2947 3638 2999 ἔστι
3661 2950 3739 2991 πεέ

2194 3046 2521 3117 περασμένα
2546 3045 2615 3098 τὰ
2638 3046 2836 3100 πάντα.
2872 3044 2985 3098 Καὶ
3010 3045 3113 3098 ὅτε
3133 3044 3287 3097 τοῦθ’
3322 3042 3493 3102 οὕτως
3515 3038 3638 3107 ἔχει,
3663 3028 3739 3084 οὗ·

499 3143 906 3198 curatissin:um
931 3142 1331 3212 suispeeimen,
1388 3140 1693 3196 abolevisse
1724 3141 1919 3195 delicta
1960 3140 2081 3196 unl-

2189 3139 2380 3209 δαμῶς
2416 3140 2705 3212 ἀρκέσειεν
2745 3138 2810 3192 ἂν
2842 3139 2979 3209 αὐτῇ
3015 3137 3154 3209 πρὸς
3182 3138 3286 3209 τὴν
3315 3135 3514 3205 ἑαυτῆς
3546 3124 3740 3199 ἀκριϐε-

499 3252 782 3292 versorum
828 3224 1262 3303 hominum,'qui
1316 3232 1569 3288 videlicet
1607 3232 1658 3286 in
1682 3231 1851 3286 Deum
1888 3247 2076 3288 revera

499 3340 649 3397 spem
670 3342 821 3381 suam
855 3326 1192 3380 collocarunt
1223 3341 1236 3378 :
1276 3324 1452 3391 nullo,
1479 3323 1721 3393 inquam,
1754 3323 1935 3389 modo,
1971 3339 2077 3378 non

501 3420 548 3474 si
595 3418 915 3487 contingere
958 3425 1164 3483 posset,
1200 3424 1257 3471 ut
1287 3416 1377 3470 illa
1412 3415 1615 3470 millies
1639 3414 1849 3483 majora
1883 3413 2080 3482 seipsis

500 3510 715 3568 tierent.
781 3509 900 3563 Non
954 3509 1210 3580 pertingit
1263 3508 1502 3564 hominis
1556 3522 1711 3562 mens
1759 3511 1825 3564 ad
1871 3506 2078 3577 aliquid

498 3617 712 3667 eorum,
758 3603 824 3658 de
856 3600 1115 3681 Dedquze
1144 3602 1588 3667 considerantur,
1626 3615 1728 3656 nec
1775 3600 2080 3671 propinquo

497 3694 568 3750 ab
602 3693 708 3749 illis
736 3693 1022 3749 intervallo
1047 3694 1221 3749 abest.
1252 3690 1526 3763 Quidquid
1550 3705 1681 3761 ergo
1711 3706 1967 3762 maguum
1997 3699 2080 3746 est

496 3798 553 3845 et
583 3798 893 3862 augustum,
930 3790 1045 3843 sive
1074 3800 1297 3852 nomen,
1329 3784 1446 3840 sive
1481 3798 1586 3847 res,
1611 3792 1705 3838 aut
1736 3783 2081 3853 quidcunque

498 3886 717 3939 tandem
744 3881 931 3946 fuerit,
958 3879 1103 3948 quod
1127 3877 1326 3934 mentis
1349 3887 1620 3948 potestate
1642 3888 1949 3948 naturaque
1969 3877 2083 3934 for-

498 3975 636 4031 mari
673 3984 728 4031 et
761 3973 968 4044 percipi
999 3974 1192 4044 possit,
1233 3971 1285 4027 id
1321 3980 1598 4028 ostensum
1631 3979 1717 4028 est
1750 3970 1891 4027 infra
1938 3988 2081 4044 per-

496 4068 815 4139 ceptionem
858 4076 1180 4122 accuratam
1236 4066 1542 4122 clementiae
1597 4063 1900 4122 Salvatoris
1954 4081 2080 4122 esse

496 4161 762 4229 positum.
788 4158 893 4230 Ipsi
927 4158 1119 4229 gloria,
1146 4173 1268 4213 cum
1293 4157 1455 4214 Patre
1495 4168 1802 4227 sanctoque
1850 4158 2080 4228 Spiritu,

499 4252 554 4305 in
584 4252 784 4305 saecula
809 4249 1097 4304 tribuatur.
1126 4250 1325 4306 Amen.

1080 4361 1337 4417 ORATIO
1378 4360 1490 4418 vn.
1536 4340 1542 4346 ’

2190 3233 2396 3305 στόιτην
2472 3231 2736 3297 ἐπίδειξιν
2794 3234 2853 3285 τὸ
2915 3235 3017 3303 τὴν
3077 3233 3365 3302 ἁμαρτίαν
3444 3219 3741 3298 ἀνῃρηκέναι

2188 3323 2443 3375 πάντωνά
2467 3324 2756 3392 νθρὼπων,
2774 3321 2978 3394 δηλαδὴ
3015 3323 3123 3375 τῶν
3154 3323 3236 3384 είς
3278 3322 3416 3376 Θεδν
3455 3319 3533 3380 ὡς’
3556 3307 3745 3381 ἀληθῶς

2188 3416 2502 3486 ἡλπικότων
2525 3430 2541 3447 ·
2591 3414 2855 3486 οὖμενουν
2893 3415 3171 3485 οὐδαμῶς,
3210 3416 3333 3470 οὐδ’
3371 3415 3422 3468 ei
3450 3405 3657 3467 δυνατδν
3687 3396 3744 3471 ἦν

2189 3509 2357 3579 αὐτὴν
2387 3510 2650 3581 μυριάκις
2672 3510 2874 3580 ἑαυτῆς
2909 3509 3081 3581 μείζω
3108 3510 3391 3578 γενέσθαι.
3412 3507 3484 3560 Οὐ
3513 3500 3628 3563 νοῦς
3663 3497 3745 3551 ἀν’

2188 3602 2461 3674 θρὼπινος
2491 3602 2796 3671 ἐφικνεῖται
2824 3602 2964 3674 πρός
2987 3619 3040 3655 τι
3063 3602 3177 3655 τῶν·
3212 3604 3349 3675 περὶ
3382 3600 3512 3655 Θεὸν
3548 3587 3745 3661 νοουμέ-

2188 3712 2317 3764 νων,
2347 3695 2456 3749 οὺδ’
2479 3695 2667 3765 ἐγγύς.
2706 3688 2816 3759 Πᾶς
2851 3694 2944 3749 οὖν
2977 3696 3005 3749 ὃ
3040 3697 3189 3764 μέγα·
3217 3714 3282 3750 τε
3314 3695 3407 3749 καῖ
3439 3690 3626 3763 σεμνὸν
3649 3683 3744 3738 εἴτε

2189 3789 2449 3859 πρᾶγμα,
2482 3787 2593 3842 εἴτε
2622 3788 2671 3842 τ’
2703 3789 2894 3859 ὄνομα.
2928 3788 2962 3861 ἢ
2990 3790 3023 3843 ὅ
3045 3808 3099 3843 τι
3136 3790 3258 3845 ποτ’
3289 3792 3357 3846 ἄν
3389 3788 3485 3844 καὶ
3518 3783 3616 3853 εἴη,
3666 3772 3745 3828 νοῧ

2189 3881 2286 3937 καὶ
2316 3881 2542 3955 ἐξουσίᾳ
2559 3881 2655 3935 καὶ
2672 3882 2944 3951 πεφυκότι
2971 3882 3291 3953 πλασθῆναί
3310 3881 3486 3936 τεκαὶ
3513 3870 3744 3943 νοηθῆναι

2188 3972 2512 4044 δυνάμενον,
2545 3973 2677 4026 εἵσω
2702 3974 2904 4029 πῖπτον
2946 3974 3225 4028 δείκνυται
3255 3976 3396 4048 πρὸς
3428 3965 3623 4037 ἀκριϐῆ
3662 3975 3746 4013 κα-

2188 4067 2423 4139 τάληψιν
2442 4068 2543 4138 τῆς
2563 4066 2659 4124 τοῦ
2684 4055 2939 4141 Σωτῆρος
2964 4063 3565 4141 φιλανθρωπίας.Αὐτῷ
3587 4061 3623 4130 ἠ·
3638 4052 3747 4120 δόξα

2189 4159 2309 4230 ἅμα
2337 4159 2635 4233 τῷπατρὶ,
2668 4162 2763 4215 καὶ
2782 4161 2922 4233 ἁγίῳ
2948 4162 3254 4234 Πνεῦματι,
3286 4163 3370 4227 είς
3393 4158 3517 4222 τοὺς
3547 4148 3744 4209 αἰῶνας.

2190 4254 2393 4325 ’Δμήν.

2806 4363 3030 4428 ΛΟΓΟΣ
3089 4371 3165 4430 Z'.

494 4457 575 4513 De
607 4455 906 4511 humilitate
926 4493 941 4522 ,
980 4463 1134 4526 atque
1167 4457 1326 4511 etiam
1360 4472 1425 4511 ea:
1456 4464 1641 4527 parte,
1678 4455 1744 4511 de
1775 4456 2077 4512 dilectione.

2193 4460 2332 4532 Περὶ
2368 4467 2971 4557 ταπεινοφροσύνέιςλ·
3030 4476 3098 4521 εκ
3135 4466 3364 4535 μέρους
3407 4465 3476 4521 δὲ
3509 4461 3605 4520 καὶ
3632 4450 3747 4524 περί

565 4619 909 4677 Postremum
937 4629 1102 4692 caput
1127 4634 1193 4676 ex
1222 4620 1290 4676 iis
1315 4634 1434 4688 qua:
1463 4619 1558 4676 tibi
1585 4635 1615 4675 a
1641 4619 1798 4675 nobis
1829 4619 1895 4676 ad
1923 4636 2083 4678 exco-

493 4713 712 4769 lendum
756 4727 936 4768 mores
977 4712 1279 4769 laudabiles
1319 4704 1519 4767 tradita
1558 4711 1825 4777 sunt,'de
1864 4714 2084 4769 humili-

494 4817 605 4862 tate
635 4806 958 4863 disserebat.
987 4805 1174 4877 Itaque
1201 4820 1310 4859 non
1341 4796 1438 4859 abs
1467 4820 1525 4858 re
1551 4815 1826 4875 postrema
1859 4822 2079 4877 quoque

491 4898 571 4953 sic
599 4913 626 4952 a
656 4898 812 4954 nobis
842 4898 1158 4953 instituatur
1183 4896 1383 4961 oratio,
1411 4905 1469 4950 ut
1500 4896 1554 4950 in
1585 4888 1828 4966 ejusdem
1858 4899 2077 4956 virtutis

490 4990 877 5059 prredicatione
904 5004 1026 5043 cum
1055 4987 1147 5043 illo
1174 4986 1499 5042 consentiat.
1529 4985 1673 5053 Quin
1703 4987 1868 5042 etiam
1899 4988 1986 5043 illa
2022 4989 2073 5043 in

489 5082 755 5145 oratione,
784 5062 900 5150 qua
940 5088 992 5133 te
1029 5081 1097 5135 ad
1136 5077 1460 5148 eloquentiae
1498 5077 1678 5133 studia
1721 5080 2070 5149 cohortabar,

488 5173 668 5226 obiter
699 5171 857 5239 quasi
893 5170 1147 5239 quiddam
1184 5168 1250 5222 de
1288 5156 1659 5223 moderatione
1690 5168 2027 5226 disserebam
2051 5213 2068 5240 ,

489 5262 609 5328 ipso
638 5277 741 5316 nos
770 5261 1032 5316 orationis
1063 5260 1266 5327 impetu
1297 5272 1481 5313 secum
1511 5260 1832 5329 abripiente.
1863 5259 2070 5315 Intelli-

487 5367 620 5420 gere
649 5368 779 5407 vero
810 5354 983 5422 potui,
1014 5351 1181 5406 fuisse
1212 5360 1339 5405 tunc
1364 5348 1604 5407 arrectas
1632 5353 1851 5409 illorum
1887 5360 2073 5421 aures,

488 5447 583 5514 qui
626 5448 880 5511 aderant,
916 5447 1064 5501 velut
1108 5446 1537 5500 existimantium
1581 5461 1641 5502 se
1680 5448 1775 5502 illo
1819 5450 1885 5503 de
1928 5450 2073 5505 bono

2843 4537 3107 4606 ἀγάπης.

2256 4628 2376 4685 Τῶν
2404 4626 2717 4701 κεφαλαίων
2740 4631 2800 4685 τὸ
2829 4629 3084 4699 ὕστατον,
3109 4633 3144 4687 ἆ
3178 4649 3262 4688 σοι
3297 4632 3427 4707 παρ’
3453 4628 3608 4703 ήμῶν
3631 4624 3746 4676 ἀπο-

2179 4720 2390 4777 δέδοται
2419 4725 2499 4786 εἰς
2525 4720 2674 4793 ἠθῶν
2701 4722 3011 4777 σπουδαίων
3032 4725 3385 4795 ἐπιμέλειαν,
3417 4722 3547 4792 περὶ
3579 4728 3749 4772 ταπειο

2181 4809 2523 4882 νοφροσύνης
2569 4810 2869 4881 διελέγετο.
2900 4812 3143 4878 Εἰκότως
3189 4814 3257 4869 ἂν
3294 4811 3389 4871 οὖν
3436 4815 3639 4884 γένοιτο
3665 4800 3748 4859 καὶ

2177 4902 2206 4954 ὁ
2245 4901 2561 4965 τελευταῖος
2609 4904 2743 4974 ἡμῖν
2776 4904 2935 4971 λόγος
2973 4904 3150 4975 οὗτος,
3193 4907 3387 4979 ἐκείνῳ
3420 4894 3746 4974 συμφθεγγό’

2186 5010 2369 5060 μενος.
2419 4994 2500 5064 τῷ
2538 4995 2640 5065 τὴν
2692 4995 2865 5067 αὐτὴν
2901 4997 3093 5069 ἐκείνῳ
3132 4998 3332 5073 ἀρετὴν
3380 4994 3644 5068 έξυμνεῖν.
3678 4986 3742 5040 οὐ

2185 5083 2291 5153 μὴν
2348 5084 2484 5138 ἀλλὰ
2550 5085 2644 5138 καὶ
2692 5087 2751 5138 έν
2796 5087 2875 5157 τῷ
2908 5088 3043 5158 πρὸς
3079 5089 3271 5159 λόγους
3310 5107 3372 5143 σε
3404 5083 3742 5163 προτρέποντθι

2178 5177 2323 5247 λόγῳ
2354 5171 2508 5231 εἶπόν
2534 5184 2588 5230 τί
2628 5177 2703 5241 ὡς
2736 5178 2794 5231 ἐν
2824 5180 3086 5252 ⁴παρέργῳ
3114 5183 3243 5252 περὶ
3277 5180 3639 5253 μετριότητος.
3663 5169 3742 5241 βίὲ

2173 5268 2268 5322 τοῦ
2301 5269 2462 5337 λόγου
2504 5268 2889 5340 παρενεχθείς.
2914 5271 3135 5343 Συνῆκα
3170 5273 3217 5327 δ’
3242 5270 3335 5327 οὖν
3370 5272 3597 5340 ποιήσας
3629 5276 3742 5334 μετ·

2174 5360 2347 5434 ἑωρον
2377 5360 2476 5431 τὴν
2493 5363 2664 5431 ἀκοὴν
2686 5364 2797 5417 τῶν
2819 5364 3124 5435 παρόντων,
3147 5367 3224 5430 ὡς
3249 5364 3574 5436 νομιζόντων
3595 5353 3741 5411 ἀκού-

2180 5452 2374 5506 σεσθαί
2409 5470 2463 5506 τι
2497 5456 2840 5528 μακρότερον
2871 5461 3001 5530 περὶ
3029 5460 3244 5513 τουτουῖ
3265 5460 3355 5515 τοῦ
3392 5456 3572 5512 καλοῦ.
3613 5442 3738 5515 ἐγὼ

488 5540 754 5606 prolixius
788 5539 992 5609 aliquid
1026 5539 1326 5594 audituros.
1357 5542 1425 5593 At
1455 5554 1555 5611 ego
1585 5533 1713 5596 tunc
1738 5542 1956 5612 quidem
1992 5544 2073 5597 eis

2188 5546 2228 5597 Ξὲ
2256 5546 2377 5598 τότε
2406 5548 2503 5617 μὲν
2535 5549 2722 5613 αὐτοῖς
2753 5551 2855 5605 οὐκ
2886 5553 3261 5625 ἐχαρισάμην,
3288 5555 3367 5617 ὠς.
3398 5552 3472 5621 μὴ
3501 5542 3736 5615 έκφεροί-

466 5636 592 5683 'non
627 5630 1001 5701 gratiiieabar,
1035 5644 1100 5685 ne
1137 5638 1339 5687 temere
1371 5636 1529 5702 quasi
1564 5641 1909 5691 transversus
1942 5648 2071 5705 age-

556 5812 573 5841 ⁴
606 5808 626 5863 1
662 5807 789 5863 Cor.
835 5824 899 5878 tt,
939 5809 994 5867 9.
1051 5842 1065 5867 ι

2176 5656 2284 5709 μην
2312 5640 2434 5693 ὅποι
2468 5641 2700 5714 ἂντὺχοι
2720 5658 2736 5675 ⁸
2771 5642 2887 5698 ἀλλ’
2924 5645 3187 5716 ἐχώρουν,
3223 5648 3307 5717 ἐφ’
3335 5648 3470 5716 ὅπερ
3501 5641 3621 5704 ἔδει,
3648 5626 3731 5685 τοῦ
