3958 6446
177 465 268 530 529

1539 466 1831 528 ORATIO
1863 467 1996 532 VII.

3335 467 3441 531 530

179 583 528 656 προκειμένου
552 581 714 653 μόνου
733 582 1012 653 ἐχόμενος,
1033 584 1124 638 καλ
1147 587 1579 658 ὑπισχνούμενος
1598 591 1744 658 ἐρεῖν

1854 602 1975 652 rer;
2007 586 2102 642 sed
2136 588 2449 657 pergebam,
2483 601 2590 656 quo
2621 601 2711 642 res
2743 587 2857 658 ipsa
2892 589 3142 652 vocabat,
3180 585 3438 643 instituto

182 681 306 752 μετά
329 677 426 733 τοῦ
452 679 672 749 καιροῦ.
714 679 824 732 Καὶ
855 678 920 750 δή
961 696 1053 750 μοι
1083 680 1435 745 τελεσθέντος
1471 680 1567 734 τοῦ
1610 683 1742 754 πρὶν

177 769 404 835 διαύλου,
434 768 552 840 ὥρα
581 769 862 833 κάκείνοις
910 770 1259 842 χαρίζεσθαι,
1287 773 1382 827 καὶ
1423 773 1507 827 σοὶ
1534 773 1595 826 τὸ
1624 774 1744 831 δέον

177 862 516 932 ἀποπληροῦν
543 880 556 893 ·
582 862 644 915 τὸ
688 861 742 915 δὲ
778 862 1012 916 ὕστατον
1043 864 1220 918 εἰπεῖν
1251 865 1382 934 περὶ
1427 865 1527 935 τῆς
1566 867 1744 920 πάντα

175 955 371 1022 ἀγαθῆς
412 955 916 1026 ταπεινοφροσύνης
961 955 1023 1008 οὗ
1073 956 1215 1010 κατά
1270 957 1442 1028 τύχην
1492 957 1741 1026 γέγονεν,

175 1046 285 1099 ἀλλ’
336 1044 478 1098 οἱτω
506 1041 666 1109 δόξαν
719 1043 1016 1097 ἀκόλουθον
1070 1041 1234 1099 εἶναι.
1282 1044 1503 1115 Ἐπειδὴ
1542 1047 1653 1116 γὰρ
1686 1049 1744 1112 ἐν

175 1141 274 1201 τοῖς
317 1137 636 1206 κεφαλαίοις
672 1138 924 1201 ἐκείνοις,
959 1137 1054 1190 καὶ
1095 1138 1152 1191 ἐν
1183 1139 1295 1201 τοῖς
1331 1139 1438 1208 πρὸ
1462 1137 1614 1192 τοῦδε
1652 1137 1745 1190 λό-

176 1249 283 1298 γοις
327 1230 592 1284 ἔπλαττον
622 1232 724 1299 μέν
759 1248 854 1284 σου
885 1230 987 1301 τὴν
1017 1231 1202 1300 φύσιν,
1241 1231 1316 1294 ὡς
1343 1231 1408 1286 ἀν
1446 1249 1530 1295 τις
1575 1231 1746 1296 εῖποι,

175 1323 461 1391 ἐπήλειφον
489 1321 546 1374 δὲ
590 1323 690 1392 τὴν
723 1323 954 1392 γνώμην
985 1322 1121 1390 πρὸς
1164 1321 1234 1375 τὰ
1283 1321 1500 1393 βελτίω,
1533 1321 1747 1375 καὶτὸν

174 1414 343 1484 ἔρωτα
381 1413 492 1466 τῶν
518 1413 742 1482 ἀγαθῶν
773 1413 952 1484 ἐργων
991 1415 1288 1468 ἐνετύπουν
1317 1414 1406 1467 διὰ
1438 1414 1659 1468 πάντων
1689 1415 1747 1466 ἐν

173 1510 284 1567 ταῖς
310 1507 405 1577 τῆς
432 1505 611 1575 ψυχῆς
648 1523 742 1559 σου
774 1506 1070 1575 δυνάμεσιν
1096 1523 1108 1536 ·
1141 1507 1168 1559 ὁ
1189 1507 1244 1560 δέ
1270 1506 1338 1560 τὰ
1365 1506 1505 1559 καλά
1538 1507 1749 1574 κτησὰ-

175 1614 328 1667 μενος
350 1599 527 1652 πάντα
545 1593 699 1651 οῦδὲν
730 1598 928 1651 ἐαυτὸν
956 1597 1188 1670 ὤνησεν,
1222 1600 1268 1651 εί
1307 1599 1382 1670 μὴ
1411 1599 1506 1652 καὶ
1535 1598 1635 1670 τὴν
1656 1615 1750 1654 τα-

170 1691 607 1761 πεινοφροσύνην
658 1691 1094 1760 προσεκτήσατο,
1121 1691 1198 1754 ὡς
1227 1687 1394 1746 οῦσάν
1427 1709 1490 1763 γε
1542 1691 1749 1762 ταύτην

168 1784 336 1856 μόνην
364 1783 598 1854 μάλιστα
621 1781 812 1838 πασῶν
840 1781 1053 1852 ἀρετῶν
1085 1783 1390 1856 λαμπτῆρά
1419 1801 1503 1851 τε,
1527 1785 1618 1838 καὶ
1643 1784 1746 1852 φύ-

163 1879 306 1931 λακα
334 1878 452 1930 τῶν
475 1876 697 1945 ἀγαθῶν
739 1875 980 1932 πάντων.
1012 1875 1146 1931 Ὅτε
1180 1877 1361 1930 τοίνυν
1391 1875 1544 1930 ταῦθ’
1572 1875 1745 1940 οὕτως

1848 689 2037 734 nostro
2073 679 2336 736 duntaxat
2370 680 2680 745 inhaerens,
2717 694 2782 734 ac
2817 681 3139 750 promittens
3174 694 3236 734 ea
3275 679 3341 733 de
3373 693 3434 733 re

1847 785 1948 826 suo
1995 788 2080 829 me
2127 780 2370 842 tempore
2411 773 2708 828 dicturum.
2761 771 2915 827 Nunc
2959 771 3207 826 absoluto
3251 771 3437 844 priore

1847 864 2144 931 curriculo,
2175 875 2386 933 tempus
2419 865 2598 937 ipsum
2648 863 2895 935 ﬂagitat,
2925 873 2976 920 et
3015 864 3121 920 illis
3152 864 3228 919 uti
3261 863 3432 932 grati-

1850 955 2000 1021 ﬁcer,
2044 965 2098 1010 et
2136 970 2202 1010 ex
2250 955 2425 1010 oliicio
2470 955 2567 1011 tibi
2617 970 2836 1026 quoque
2880 953 3235 1010 satisfaciam.
3277 953 3436 1018 Quod

1847 1054 2026 1099 autem
2064 1045 2131 1101 de
2166 1045 2492 1109 humilitate,
2535 1062 2595 1102 re
2629 1062 2856 1118 prorsus
2887 1047 3122 1118 optima,
3157 1054 3436 1116 postremo

1847 1139 1966 1194 loco
1997 1139 2260 1207 dicamus,
2290 1156 2394 1195 non
2431 1141 2656 1197 fortuito
2687 1143 2890 1198 factum
2922 1150 3028 1206 est,
3057 1141 3154 1196 sed
3183 1139 3326 1210 quod
3360 1140 3434 1194 ita

1847 1240 2271 1287 consentaneum
2304 1234 2460 1290 nobis
2485 1236 2662 1289 visu‘m
2692 1243 2856 1291 esset.
2886 1235 3020 1290 Cum
3049 1235 3192 1290 enim
3226 1234 3282 1288 in
3315 1232 3437 1288 istis

1848 1322 2142 1392 capitibus,
2189 1333 2244 1379 et
2291 1325 2343 1378 in
2393 1326 2732 1384 orationibus
2781 1327 2924 1382 hanc
2975 1325 3433 1397 praecedentibus,

1847 1423 2101 1469 naturam
2140 1424 2287 1471 tuam
2323 1416 2572 1473 ﬁnxerint
2597 1459 2611 1480 ,
2645 1427 2703 1472 ut
2735 1419 2808 1474 ita
2842 1418 3055 1488 loquar,
3090 1433 3154 1474 ac
3182 1419 3435 1474 volunta-

1853 1516 1955 1562 tem
1985 1507 2051 1561 ad
2085 1508 2310 1563 meliora
2341 1510 2489 1564 velut
2518 1511 2780 1566 athletam
2809 1525 3018 1578 ungeus
3044 1509 3431 1576 excitaverim,

1849 1599 2210 1668 omnibusque
2253 1600 2429 1654 modis
2469 1601 2523 1654 in
2565 1600 2730 1654 animi
2778 1600 2851 1654 tui
2897 1599 3242 1655 facultatibus
3282 1613 3435 1652 amo-

1850 1707 1964 1746 rem
2009 1691 2276 1746 bouorum
2323 1707 2551 1766 cperum
2597 1693 2996 1762 impresserim;
3041 1702 3096 1747 at
3141 1693 3232 1747 ille
3277 1692 3434 1746 bonis

1849 1785 2104 1842 omnibus
2130 1786 2449 1856 acquisitis,
2475 1800 2600 1842 cum
2631 1786 2768 1842 nihil
2797 1787 2899 1844 sibi
2932 1787 3136 1842 fructus
3161 1785 3433 1850 attulerit,

1849 1875 1894 1932 si
1928 1892 2036 1931 non
2069 1887 2124 1932 et
2152 1877 2512 1933 humilitatem
2544 1879 2904 1948 compararit,
2935 1877 3012 1934 uti
3042 1893 3162 1949 qua:
3192 1876 3307 1935 sola
3339 1891 3437 1947 po-

164 1973 298 2042 ἐχει,
330 1970 436 2024 ἔδει
466 1941 536 2039 με
564 1969 734 2042 δήπου
765 1968 894 2041 περὶ
925 1968 1036 2022 τῶν
1065 1969 1239 2024 ἀλλων
1269 1970 1511 2034 εἰπόντα,
1545 1963 1626 2034 οἶς
1665 1970 1733 2024 ἂν

1854 1970 2122 2025 tissimum
2170 1973 2242 2026 sit
2282 1971 2465 2026 lumen
2503 1971 2764 2030 virtutum
2813 1971 3220 2040 universarum,
3264 1970 3439 2026 bono-

165 2063 345 2133 γένοιο
385 2062 524 2132 ἀνήρ
554 2079 612 2114 τε
662 2063 755 2113 καὶ
795 2061 1054 2131 βασιλεὺς
1086 2061 1312 2136 ἀγαθδς,
1347 2060 1618 2120 τελευτῶν
1646 2061 1740 2114 καὶ

168 2156 297 2224 περὶ
343 2155 444 2224 τῆς
473 2153 766 2224 καλλίστης
811 2151 922 2205 τῶν
965 2152 1180 2223 ἀρετῶν
1227 2153 1456 2222 ταυτησὶ
1488 2151 1737 2206 διελθεῖν.

177 2246 328 2302 Ἐπεί
356 2262 440 2300 τοι
471 2244 565 2298 καὶ
599 2245 787 2315 σαφῶς
823 2245 941 2296 ἐστι
987 2243 1131 2297 κατά
1181 2243 1317 2295 πολὺ
1354 2243 1740 2313 χαλεπώτερον

169 2340 226 2390 τό
254 2357 313 2405 γε
345 2337 582 2406 φυλάξαι
610 2335 824 2404 τάγαθὰ
854 2341 948 2388 καὶ
974 2335 1348 2388 διασώσασθαι
1376 2335 1741 2406 μέχριτέλους

173 2429 259 2482 τοῦ
290 2431 384 2498 τὴν
432 2430 609 2500 ἀρχὴν
640 2428 812 2483 ταῦτα
861 2428 1200 2499 κτήσασθαι.
1232 2429 1337 2483 Καὶ
1384 2430 1591 2500 ταύτην
1641 2429 1740 2498 τὴν

162 2521 386 2591 γνιὶιμην
422 2519 540 2574 εἷπε
578 2522 676 2591 μέν
707 2539 791 2584 τις
829 2520 938 2574 τῶν
975 2521 1146 2575 πάλαι
1180 2521 1615 2590 θαυμαζομένων
1648 2522 1742 2577 ἐπὶ

159 2614 326 2686 σοφίᾳ
376 2613 748 2683 (Δημοσθένης
798 2605 954 2675 οὗτός
1001 2614 1171 2677 ἐστιν,
1213 2612 1273 2664 οὗ
1326 2613 1466 2686 μετὰ
1519 2613 1742 2684 μνήμης

155 2705 374 2775 ἀγαθῆς
415 2708 442 2757 ὀ
471 2705 558 2758 διὰ
603 2706 768 2774 μέσου
813 2705 922 2766 πᾶς
965 2705 1160 2775 χρόνος
1211 2705 1573 2775 διατετήρηκε
1619 2704 1742 2758 τοῦ·

155 2797 363 2869 νομα)·
409 2798 578 2865 ἐφάνη
622 2797 682 2848 δὲ
714 2800 775 2850 ἐκ
829 2797 936 2850 τῶν
973 2799 1318 2868 πραγμάτων
1371 2799 1739 2868 ἀληθεστάτη,
1780 2819 1794 2833 ο

154 2891 253 2943 καὶ
283 2890 396 2944 οὐδ’
434 2891 499 2942 ἂν
529 2884 608 2953 εἷς
637 2889 749 2960 ἔχοι
773 2891 907 2960 πρὸς
939 2891 1107 2958 αὐτὴν
1136 2893 1408 2960 ἀντερεῖν.
1446 2893 1520 2945 Οὐ
1551 2891 1656 2962 χρὴ
1685 2891 1742 2945 δὲ

151 2979 315 3050 οἶμαι
367 2981 686 3050 θαυμάζειν,
729 2983 777 3033 εἰ
815 2981 1036 3050 καθῆκα
1085 2981 1325 3050 ἐμαυτὸν
1358 2983 1436 3044 είς
1471 2980 1529 3033 δν
1575 2983 1742 3052 ἐχρῆν

153 3075 586 3146 ἀποδιδράσκειν
635 3075 846 3144 ἀγῶνα.
877 3075 952 3129 Οὐ
994 3075 1103 3146 γὰρ
1131 3073 1191 3139 ἐξ
1232 3076 1491 3138 ἀπονοίας
1521 3092 1743 3129 κατενε-

152 3169 384 3238 χθέντες
437 3169 530 3229 τάς
567 3167 769 3238 φρένας
817 3167 1225 3230 ἀπολωλεκότες
1275 3168 1461 3237 ἐσμὲν,
1512 3168 1589 3230 ὡς
1637 3167 1730 3221 καὶ

1843 2077 2074 2132 rumque
2115 2073 2302 2120 custos
2342 2064 2584 2124 omnium
2630 2082 2645 2120 :
2695 2066 2810 2120 haec
2847 2079 2978 2136 ergo
3020 2080 3142 2120 cum
3183 2065 3260 2120 ita
3301 2062 3433 2128 sint,

1843 2167 1977 2208 sane
2015 2169 2112 2225 par
2145 2164 2266 2212 erat
2303 2165 2361 2210 ut
2395 2157 2488 2227 qui
2521 2157 2586 2212 de
2623 2157 2834 2213 caeteris
2877 2156 3302 2221 disseruissem,
3337 2169 3436 2224 per

1845 2261 1966 2316 qua:
2008 2254 2116 2300 tam
2163 2249 2214 2302 in
2252 2249 2425 2303 virum
2466 2264 2629 2321 quam
2675 2263 2858 2320 regem
2902 2249 3106 2305 bonum
3149 2233 3430 2311 evadet-es,

1849 2347 2184 2407 postremum
2224 2340 2384 2394 etiam
2421 2339 2489 2394 de
2523 2339 2625 2396 hac
2661 2340 3030 2410 pulcherrima
3063 2338 3265 2392 virtute
3303 2352 3433 2408 per-

1850 2439 2165 2486 tractarem.
2193 2431 2406 2502 Quippe
2436 2433 2601 2486 dubio
2634 2435 2821 2502 procul
2853 2430 3123 2487 dillicilius
3148 2439 3232 2486 est
3257 2445 3434 2499 smpe—

1847 2535 2097 2586 numero,
2127 2521 2430 2576 custodisse
2463 2521 2604 2576 bona
2633 2531 2686 2575 et
2716 2520 2783 2574 ad
2814 2521 2971 2576 finem
3003 2533 3179 2590 usque
3209 2533 3435 2574 conser-

1854 2625 2011 2667 vasse
2058 2629 2220 2682 quam
2271 2613 2457 2668 eadem
2506 2613 2574 2668 ab
2624 2611 2782 2669 initio
2826 2611 3207 2682 acquisivisse.
3255 2608 3432 2676 Quam

1852 2719 1983 2759 sane
2014 2705 2342 2759 sententiam
2377 2703 2605 2774 protulit
2637 2705 2856 2775 quidam
2879 2745 2894 2771 ,
2929 2703 3019 2774 qui
3052 2704 3180 2758 olim
3214 2707 3434 2772 sapien-

1858 2787 2198 2852 tiaa-noriiitie
2232 2799 2286 2852 in
2323 2797 2682 2853 admiratione
2719 2797 3315 2868 erat(Demosthenes,
3349 2795 3438 2848 in-

1856 2906 2042 2960 quam,
2067 2890 2227 2959 cujus
2257 2905 2450 2945 nomen
2481 2892 2709 2946 honesta
2737 2906 2859 2946 cum
2891 2889 3273 2945 recordatione
3299 2902 3435 2943 con-

1857 2981 2091 3046 servavit
2114 2993 2322 3051 tempus
2342 2983 2394 3037 id
2413 2997 2575 3038 omne
2592 2984 2734 3052 quod
2755 2983 2894 3036 inter
2911 2982 3088 3052 ipsum
3108 2989 3436 3050 aetatemque

1861 3086 2105 3129 nostram
2149 3075 2528 3144 intercessit),
2561 3075 2737 3144 deque
2770 3074 2936 3130 rebus
2971 3072 3104 3144 ipsis
3144 3072 3432 3142 apparuit,

1848 3181 1968 3231 eam
1995 3181 2118 3222 esse
2144 3167 2511 3235 verissimam,
2539 3169 2626 3222 cui
2655 3182 2813 3223 nemo
2838 3168 3213 3223 contradicere
3238 3166 3432 3236 possit.

149 3263 272 3321 τοῖς
306 3260 590 3322 ἀδυνάτοις
634 3260 936 3330 ἐπιχειρεῖν
958 3300 972 3325 ,
1007 3261 1101 3313 καὶ
1139 3259 1351 3313 οἴεσθαί
1399 3277 1460 3328 γε
1491 3261 1742 3329 γλῶτταν

1854 3259 2033 3329 Neque
2059 3276 2187 3317 vero
2215 3263 2541 3328 mirandum,
2568 3261 2786 3331 opinor,
2814 3263 2867 3316 in
2895 3262 2946 3316 id
2971 3276 3055 3316 me
3081 3258 3434 3316 descendisse

152 3353 504 3424 χαμαίζηλον
550 3351 814 3404 δύνασθαί
843 3369 896 3405 τι
930 3352 1059 3422 περί
1109 3351 1325 3420 ἐκείνης
1367 3353 1645 3422 προσῆκον
1674 3353 1750 3405 εί-

149 3453 307 3511 πεῖν,
338 3451 436 3517 τῆς
469 3446 603 3514 ύῷοῦ
648 3447 746 3516 μὲν
788 3446 1113 3516 πετομένης,
1152 3447 1289 3516 ὑψοῦ
1319 3447 1376 3500 δὲ
1410 3448 1751 3518 ἐπαιρούσης

151 3547 430 3608 ἐκείνους,
461 3542 511 3594 οἳ
548 3540 783 3608 τάγαθὸν
817 3539 1201 3610 ἐργαζόμενοι,
1237 3541 1336 3592 οὐκ
1373 3539 1556 3594 ἴσασιν
1592 3541 1750 3594 ἐπαί-

153 3635 380 3706 ρεσθαι.
410 3634 483 3686 Οὐ
507 3632 733 3701 τοίνυνῆ
753 3632 812 3685 τὸ
847 3621 1200 3701 μέγεθοςτῆς
1230 3629 1324 3684 νῦν
1353 3632 1747 3702 ἐγχειρήσεως,

150 3729 186 3798 ἢ
258 3727 499 3797 ἐμαυτὸν
556 3726 806 3792 ἀγνοῶν,
865 3723 1103 3776 ἐνταῦθα
1166 3723 1372 3793 τόλμης
1429 3724 1745 3794 ἐξελήλυθα.

153 3821 300 3874 Οὐδὲ
364 3821 471 3889 γὰρ
531 3819 758 3887 Φαῖδρον
808 3817 1031 3885 ἀγνοῶ,
1092 3819 1139 3870 εί
1211 3818 1286 3888 μὴ
1352 3819 1445 3870 καὶ
1507 3817 1748 3888 ἐμαυτοῦ

154 3914 555 3984 ἐπιλέλησμαι,
612 3915 748 3968 κατά
811 3914 900 3967 τὸν
964 3912 1286 3980 Ἀρίστωνος
1332 3912 1613 3967 Πλάτωνα.
1677 3913 1750 3968 Σὺ

154 4006 215 4056 δέ
300 4020 394 4072 μοι
447 4004 686 4067 πάντως,
759 3996 804 4055 ὦ
877 4001 1132 4067 φίλτατε,
1205 4003 1298 4055 καὶ
1367 4002 1428 4056 τὸ
1482 4003 1611 4070 περὶ
1689 4005 1748 4056 σὲ

159 4099 316 4166 μέγα
351 4097 596 4167 φίλτρον,
635 4095 893 4158 ὑπόθεσίς
941 4113 1033 4166 μοι
1086 4094 1180 4148 τοῦ
1239 4097 1595 4165 τολμήματος
1649 4097 1750 4166 ἤδη

159 4205 290 4246 πως
324 4189 539 4256 γέγονε.
570 4188 636 4241 Σὲ
678 4189 778 4257 μὲν
806 4187 912 4257 γὰρ
939 4189 987 4239 εί
1021 4187 1096 4256 μὴ
1126 4186 1294 4256 ῖδοιμι
1329 4187 1507 4240 πάντα
1547 4189 1752 4256 ἀγαθὸν

159 4281 372 4350 ἄνδρα,
401 4279 549 4333 οὐδὲν
582 4279 688 4334 τῶν
717 4280 777 4332 ἐν
807 4278 888 4347 τῷ
920 4278 1019 4349 βίῳ
1050 4279 1302 4350 τερπνῶν
1339 4280 1660 4352 ἡγησαίμην
1687 4281 1754 4335 ἄν

161 4390 308 4428 ποτε
337 4371 452 4426 τῶν
473 4372 724 4442 τερπνῶν
757 4370 918 4427 εἶναι.
945 4370 1018 4426 Τὸ
1048 4373 1270 4443 φίλτρον
1300 4373 1357 4426 δέ
1383 4389 1444 4442 γε
1475 4375 1752 4442 τοσοῦτον,

156 4471 298 4522 ὅσον
371 4484 437 4535 με
497 4467 595 4520 καὶ
657 4467 1004 4539 παροτρῦναι
1066 4467 1364 4538 πράγμασι
1430 4468 1754 4524 παντάπασι

158 4560 421 4630 μείζοσιν
471 4560 504 4631 ἢ
559 4561 701 4614 κατά
743 4545 846 4632 τὴν
896 4560 1176 4631 ἡμετέραν
1227 4559 1388 4630 ἰσχὺν
1449 4563 1751 4632 ἐγχειρεῖν.

1852 3363 2126 3408 certamen
2172 3355 2318 3423 quod
2358 3352 2548 3425 fugere
2590 3355 2874 3410 debebam.
2925 3353 3132 3423 Quippe
3174 3368 3283 3406 non
3328 3351 3435 3408 im-

1852 3446 1993 3514 pulsi
2027 3447 2350 3514 tcmeritate,
2384 3455 2618 3502 mentem
2652 3447 2962 3512 amisimus,
2992 3457 3052 3500 ut
3080 3461 3142 3502 ea
3173 3458 3440 3500 conemur

1852 3553 1971 3607 qua:
1999 3539 2248 3605 praestari
2281 3549 2575 3610 nequeant,
2603 3539 2975 3609 humilemque
3003 3539 3241 3608 linguam
3276 3546 3436 3607 pute-

1854 3645 1976 3685 mus
2004 3633 2210 3703 aliquid
2241 3634 2324 3688 illa
2356 3636 2556 3689 virtute
2585 3635 2804 3704 dignum
2834 3634 3080 3704 proferre
3107 3646 3289 3700 posse,
3317 3648 3438 3700 quae

1854 3726 1907 3780 in
1944 3727 2160 3780 sublimi
2199 3728 2379 3794 volat,
2417 3736 2471 3782 et
2509 3729 2560 3783 in
2599 3728 2764 3781 altum
2802 3727 3002 3782 attollit
3035 3741 3129 3782 eos
3164 3726 3254 3793 qui
3291 3726 3436 3794 quod

1856 3828 2062 3871 rectum
2092 3827 2177 3873 est
2209 3833 2328 3873 cum
2360 3829 2644 3890 peragant,
2678 3819 2876 3873 animis
2909 3826 3090 3872 tamen
3123 3816 3302 3872 efferri
3339 3832 3437 3870 ne-

1854 3910 2056 3964 sciunt.
2085 3909 2228 3975 Non,
2256 3911 2502 3981 inquam,
2535 3912 2614 3964 vel
2648 3921 2880 3966 conatus
2908 3910 3078 3981 ipsius
3108 3909 3437 3978 magnitudi-

1857 4017 2002 4068 nem,
2036 4003 2117 4057 vel
2152 4002 2418 4072 meipsum
2453 4003 2735 4071 ignorans,
2770 4001 2876 4056 huc
2906 4000 3152 4055 audaciae
3183 4015 3437 4069 progres-

1858 4107 1952 4147 sus
1988 4107 2128 4147 sum.
2164 4092 2275 4148 Nec
2309 4094 2454 4148 enim
2493 4093 2682 4161 ignoro
2715 4091 3001 4147 thndrnm
3027 4133 3040 4157 ,
3075 4092 3177 4145 nisi
3215 4092 3439 4145 meimet

1858 4184 2028 4250 ipsius
2059 4184 2260 4238 oblitus
2296 4183 2431 4249 sim,
2467 4182 2768 4238 secundum
2804 4182 2970 4236 filium
3007 4182 3278 4236 Aristonis
3311 4179 3438 4234 Pla-

1859 4285 2061 4330 tonem.
2089 4275 2354 4329 Nimirum
2387 4285 2461 4339 tu,
2490 4275 2812 4330 charissime
2841 4274 2913 4327 illi
2932 4313 2947 4339 ,
2973 4284 3026 4328 et
3052 4273 3283 4328 eximias
3309 4287 3439 4342 erga

1859 4377 1911 4422 te
1955 4383 2105 4422 meus
2147 4382 2321 4430 amor,
2365 4367 2588 4422 audacis
2636 4364 2865 4434 hujusce
2909 4365 3172 4420 facinoris
3215 4379 3438 4419 causam

1859 4458 1989 4512 mihi
2027 4455 2278 4528 prmlmit.
2319 4455 2451 4510 Nam
2493 4455 2596 4511 nisi
2637 4465 2687 4510 te
2723 4469 2818 4524 per
2853 4454 3035 4508 omnia
3069 4453 3247 4508 virum
3282 4466 3444 4520 egre-

1858 4551 2004 4620 gium
2042 4551 2256 4605 videam
2281 4589 2295 4614 ,
2333 4549 2468 4603 nihil
2500 4551 2553 4603 in
2589 4549 2699 4602 vita
2735 4546 3040 4617 jucundum
3076 4545 3270 4614 volupe
3308 4544 3440 4598 mihi

153 4651 343 4705 Τοῦτό
376 4667 467 4720 μοι
497 4650 556 4702 τὸ
578 4643 803 4720 φίλτρὸν
839 4649 1140 4719 εἰργάσατο
1169 4649 1297 4714 τούς
1324 4668 1383 4702 τε
1413 4651 1604 4720 λόγους
1624 4670 1748 4706 του-

1863 4659 2100 4712 unquam
2149 4641 2335 4696 fuerit.
2372 4641 2538 4696 Amor
2573 4656 2702 4694 vero
2746 4649 2930 4693 tantus
2968 4646 3086 4702 est,
3122 4646 3182 4690 ut
3218 4634 3286 4687 ad
3323 4644 3442 4687 ten-

154 4742 324 4797 τουσὶ
356 4743 481 4805 τοὺς
504 4741 756 4806 πολλοὺς,
793 4743 888 4796 καὶ
929 4743 997 4796 τά
1040 4742 1180 4812 πρὸς
1230 4743 1288 4796 σέ
1335 4744 1615 4810 κεφάλαια
1656 4745 1753 4799 σὺν

159 4835 508 4897 ἐπιστολαῖς.
545 4833 718 4888 Τοῦτο
747 4834 870 4888 καθ’
901 4827 1232 4906 ὑπερϐολὴν,
1279 4835 1398 4904 μεθ’
1433 4836 1641 4906 ἑαυτῆς
1691 4838 1752 4890 τὸ

166 4927 398 4995 εῦῖογον
431 4927 683 4996 ἔχουσαν,
740 4925 1088 4998 βιαζόμενον,
1120 4927 1202 4990 είς
1236 4909 1410 4979 τοῦτό.
1455 4944 1522 4996 με
1567 4945 1748 4998 πραγο

165 5022 367 5088 μάτων
391 5020 711 5090 ἐξήνεγκεν,
733 5021 790 5072 ἐν
807 5022 1022 5090 καιροῖς
1053 5019 1114 5072 ού
1150 5021 1503 5090 συγχωροῦσι
1535 5022 1625 5074 τὸν
1658 5022 1752 5074 ἐπὶ

158 5117 279 5166 τῶν
310 5117 513 5170 οἰάκων
546 5116 878 5184 καθήμενον,
901 5115 1095 5177 ἄλλοσέ
1132 5133 1224 5168 ποι
1254 5117 1382 5179 τοῦς
1434 5115 1750 5184 ὀφθαλμοὺς

165 5208 398 5274 τρέπειν
429 5206 460 5276 ἢ
503 5206 636 5276 πρὸς
668 5205 834 5276 μόνας
873 5207 970 5268 τὰς
993 5206 1103 5258 τῶν
1141 5206 1406 5274 κυμάτων
1459 5207 1750 5274 ἐπιφοράς.

157 5493 232 5569 ’ῼ
274 5499 386 5568 γὰρ
437 5499 576 5551 ,λαοί
633 5501 680 5551 τ’
715 5499 1200 5569 ἐπιτετράφαται,
1255 5502 1352 5556 καὶ
1404 5505 1602 5556 τόσσα
1656 5503 1762 5572 μέο

1519 5579 1650 5639 ηλε,

1519 5593 1534 5625 1
1559 5579 1650 5639 λε,

159 5656 333 5712 εἶπεν
373 5659 442 5712 ἂν
471 5661 499 5711 ὁ
531 5658 783 5730 ποιητὴς,
812 5661 874 5713 οὐ
911 5659 1110 5733 ῥᾳδίως
1135 5661 1360 5716 δύναται
1396 5572 1511 5726 oili.“
1533 5592 1602 5717 ἀν
1636 5664 1758 5718 ἐθε-

151 5753 362 5823 λήσειε
392 5750 653 5822 χρῆσθαι.
686 5751 754 5804 Al
775 5752 886 5822 γὰρ
913 5754 1051 5823 ὑπὲρ
1100 5753 1210 5807 τῶν
1250 5753 1450 5807 κοινῶν
1480 5754 1754 5826 ἀσχολῖαι,

158 5845 315 5914 πρὸς
354 5844 558 5906 ἑαυτὰς
585 5842 679 5896 τὸν
717 5843 843 5897 νοῦν
871 5845 1333 5916 ἐπιστρέφουσαι,
1381 5845 1572 5916 ὥσπερ
1631 5848 1756 5901 τινὰ

157 5937 219 5989 δε
235 5935 470 6006 σμώτην
509 5933 768 5989 πεδοῦσαι
797 5934 1009 6002 τοῦτον,
1039 5935 1300 6007 ἀσφαλῶς
1346 5936 1754 6009 διακατέχουσι.

1859 4741 2080 4792 tandum
2119 4752 2205 4792 res
2242 4738 2463 4792 omnino
2497 4737 2705 4791 viribus
2742 4733 2944 4788 nostris
2979 4731 3214 4800 majores
3247 4729 3441 4796 impel-

1858 4832 1972 4885 lere
2004 4831 2265 4900 pomerit.
2296 4828 2395 4884 llic
2427 4843 2582 4882 amor
2609 4836 2663 4880 et
2693 4824 3004 4895 complures
3034 4823 3203 4877 hasce
3233 4821 3437 4874 oratioo

1860 4939 1976 4990 nes,
2012 4932 2065 4978 ct
2101 4923 2189 4976 illa
2227 4922 2356 4976 mihi
2391 4922 2592 4989 capita,
2623 4935 2747 4974 cum
2783 4915 3051 4987 epistolis,
3083 4911 3386 4967 elaboravit
3419 4927 3436 4964 :

1856 5017 1945 5071 hic
1980 5032 2064 5070 me
2099 5016 2263 5070 nimia
2296 5015 2344 5068 vi
2381 5015 2614 5085 quadam
2646 5027 2884 5080 urgens,
2918 5015 3039 5062 eum
3074 5022 3177 5076 qua
3211 5004 3437 5072 conjun-

1859 5119 1945 5162 cta
1976 5108 2272 5177 probabilis
2300 5117 2442 5161 esset
2474 5107 2644 5170 ratio,
2671 5101 2738 5157 ad
2766 5104 2863 5156 has
2892 5099 3125 5168 abripuit
3152 5111 3438 5151 commen-

1861 5203 2114 5265 tationes,
2164 5209 2218 5252 et
2263 5199 2367 5253 illis
2412 5199 2625 5266 quidem
2675 5193 3011 5262 temporibus
3053 5207 3172 5260 qua:
3217 5189 3478 5244 n‘ninime'

1862 5295 2184 5362 permittunt
2226 5303 2283 5345 nt
2325 5292 2416 5359 qui
2458 5291 2613 5344 sedet
2656 5289 2720 5341 ad
2762 5289 2973 5340 clavum
3014 5286 3121 5338 alio
3161 5291 3444 5338 convertat

1861 5389 2050 5441 oculos
2082 5403 2238 5454 quem
2268 5387 2414 5440 solos
2440 5385 2504 5436 ad
2534 5385 2766 5450 impetus
2794 5377 3179 5448 procellarum.
3211 5375 3340 5429 Nam
3372 5375 3440 5440 is,

1971 5499 2073 5554 Cui
2113 5498 2294 5566 populi
2318 5497 2612 5559 commissi,
2638 5505 2684 5547 et
2724 5494 2853 5550 talia
2887 5500 3141 5559 tantaque
3169 5505 3334 5555 cura‘,

1863 5656 2326 5727 quemadmodum
2359 5663 2516 5724 poeta
2549 5653 2886 5724 loqueretur,
2919 5666 3024 5703 non
3055 5647 3217 5703 facile
3241 5648 3442 5715 quibus

1868 5750 1981 5804 vult
2014 5750 2091 5804 uti
2127 5757 2324 5819 potest.
2356 5747 2570 5801 Etenim
2600 5745 2993 5814 occupationes
3033 5757 3131 5812 pro
3163 5739 3442 5808 republica

1869 5852 2106 5898 mentem
2137 5842 2254 5910 ejus
2287 5841 2353 5894 ad
2401 5853 2460 5893 se
2497 5837 2858 5901 retrahentes,
2895 5835 3160 5904 quasique
3200 5831 3444 5884 vinctum

1867 5935 2104 6005 aliquem
2149 5932 2357 6004 pedicis
2391 5931 2849 6000 constringentes,
2888 5933 3141 5982 accurate
3175 5925 3444 5990 detinent,
