3958 6422
345 387 367 423 ιτ

342 386 447 449 533
1714 396 2005 458 ORATIO
2043 397 2182 462 VII.

3513 407 3615 472 53%

337 514 454 551 οντι
487 517 499 530 ·
529 501 623 555 καὶ
649 500 680 572 ή
699 500 896 570 κτῆσίς
921 517 983 571 γε
1013 503 1185 573 αὐτῆς
1235 504 1502 576 χαρίεσσα
1549 522 1635 570 τις
1697 507 1923 575 γένηται

2036 509 2200 562 nibus
2235 508 2484 581 indiget),
2519 513 2613 567 sed
2647 522 2702 568 ttt
2751 515 2860 571 lilio
2907 518 3072 573 chara
3115 520 3225 585 tiat,
3259 521 3372 576 visa
3407 535 3455 575 et
3497 521 3614 589 pul-

339 592 439 643 καὶ
471 593 664 664 ἡδίστη
692 595 783 674 δια
808 597 909 668 τὴν
946 599 1088 666 μετὰ
1116 599 1360 668 σπουδῆς
1394 601 1632 672 ζήτησιν
1655 615 1666 626 ·
1699 603 1792 654 καὶ
1825 621 1930 674 φυο

338 682 514 755 λαχθῇ
545 671 848 754 φιλοπόνως
881 689 989 744 τῶν
1013 691 1324 761 εἰρημένων
1354 693 1518 745 ἓνεκα
1555 693 1794 748 πάντων.
1821 671 1928 747 Τοῦ

339 772 453 844 γὰρ
483 775 559 836 ὡς
606 775 799 848 ἔτυχεν
858 779 1178 850 εὑρεθέντος
1208 783 1330 836 οὐδὲ
1386 784 1522 838 πολύ
1562 802 1615 838 τι
1672 784 1926 855 δάκνονῆ

339 863 592 936 λυπηρὸν
620 869 652 935 ἠ
691 869 951 940 στέρησις
998 872 1347 941 καθίσταται,
1371 877 1420 930 εἰ
1466 878 1560 930 καὶ
1592 877 1729 946 ταχῦ
1765 895 1931 948 μετα-

345 957 530 1026 σταίη,
556 958 665 1025 ὅγε
701 960 799 1014 καὶ
831 963 1045 1032 συχνῶς
1075 964 1224 1031 φιλεῖ
1258 966 1566 1034 γίγνεσθαι.
1610 967 1730 1022 Κᾶν
1867 971 1929 1022 τὸ

342 1051 531 1121 κτῆμα
582 1057 984 1124 πνευματικὸν,
1016 1059 1225 1127 πτηνοῦ
1275 1077 1423 1124 τινος
1463 1061 1622 1130 δίκην
1666 1062 1930 1128 πολλάκις

342 1143 645 1213 ἀφίπταται
678 1147 775 1216 τῆς
799 1148 1003 1221 ψυχῆς,
1033 1153 1126 1206 κοιλ¹
1155 1153 1276 1207 οὐδὲ
1310 1155 1629 1210 αἰσθάνεται
1658 1159 1686 1210 6
1714 1159 1790 1229 μὴ
1830 1161 1928 1212 σὺν

342 1234 495 1305 πόθῳ
523 1239 892 1307 κτησάμενος,
921 1242 1100 1296 δεινόν
1129 1261 1182 1297 τι
1221 1245 1534 1308 πεπονθώς.
1589 1244 1689 1316 Είη
1732 1247 1789 1300 δέ
1846 1263 1928 1301 σοι

338 1326 421 1396 τῷ
451 1329 696 1401 φιλτάτῳ
718 1334 860 1385 κατὰ
885 1333 983 1397 τὰς
1006 1334 1235 1405 ἐλπίδας
1259 1336 1494 1405 ἐκϐῆναι
1519 1336 1587 1390 τὰ
1621 1339 1753 1409 παρ’
1769 1339 1928 1409 ἡμῶν

337 1421 633 1491 εἰρημένα.
667 1425 777 1477 Καὶ
807 1427 854 1479 εί
883 1427 1144 1497 δόξαιμεν
1169 1431 1334 1500 ἡμεῖς
1364 1431 1505 1501 μήτε
1535 1431 1602 1484 τὰ
1627 1430 1812 1483 δέοντα
1841 1432 1929 1483 εὐ-

339 1515 568 1584 ρηκέναι
607 1517 736 1588 περὶ
768 1520 1001 1588 ταυτησὶ
1024 1521 1127 1592 τῆς
1183 1521 1315 1593 ὕλης
1376 1524 1576 1584 εἰπεῖν,
1607 1523 1751 1592 ,μήτε
1819 1524 1926 1594 μὴν

335 1609 410 1662 τὰ
450 1611 745 1681 εὑρεθέντα
795 1603 981 1678 καλῶς
1031 1615 1273 1686 ἁρμόσαι
1323 1617 1460 1687 πρὸς
1508 1617 1736 1686 ἄλληλα,
1791 1619 1926 1688 μήτε

336 1705 622 1772 εἰρηκέναι
643 1707 816 1760 ταῦτα
854 1709 949 1763 σὺν
981 1711 1200 1780 κόσμῳ,
1242 1710 1385 1764 ὥστε
1416 1713 1748 1784 ἐρρωμένως
1780 1713 1926 1782 ἔχειν

336 1795 429 1862 ἐφ’
453 1789 533 1858 οἷς
555 1797 706 1849 πόλλ’
736 1799 1011 1869 ἐμόγησα,
1059 1801 1383 1872 Ὁμηρικῶς
1417 1807 1593 1858 εἰπεῖν
1625 1821 1638 1834 '
1666 1806 1728 1858 οὐ
1765 1808 1924 1876 μόνον

339 1889 537 1958 πράινις
567 1893 809 1962 οἴσομεν,
842 1894 979 1947 ἀλλὰ
1002 1895 1098 1949 καὶ
1131 1898 1293 1968 χάριν
1322 1899 1608 1967 ἀνοίσομεν
1631 1899 1708 1968 τῷ
1741 1901 1926 1954 τοιαύ-

336 1996 443 2048 την
476 1979 728 2036 δεδωκότι
762 2001 843 2038 σοι
905 1987 1090 2058 χάριν,
1146 1990 1222 2052 ὡς
1278 1990 1610 2059 ὡφελεῖσθαι
1661 1992 1924 2048 δύνασθαι

335 2075 700 2144 πανταχόθεν,
734 2079 829 2132 καὶ
867 2074 947 2144 οἷς
980 2081 1080 2135 οὐκ
1104 2081 1171 2136 ἂν
1200 2083 1408 2154 ἔτερος.
1430 2083 1592 2154 Ἡμῖν
1626 2085 1670 2138 δ’
1691 2085 1926 2139 ἐνταῦθα

335 2169 658 2238 γενομένοις
695 2173 788 2226 τοῦ
827 2173 989 2241 λόγου
1031 2176 1188 2240 ὄκνος
1231 2194 1314 2241 τις
1365 2179 1661 2251 ἐπέρχεται
1709 2181 1925 2252 θαυμα-

338 2261 489 2326 στὸς,
507 2265 619 2320 ,καὶ
645 2267 935 2339 ἀποπηδᾷ-ι
961 2273 1226 2339 παραινεῖ
1250 2273 1331 2334 εἰς
1375 2274 1476 2343 τὴν
1525 2274 1800 2346 ἡμετέραν
1827 2276 1924 2328 αύ-

341 2355 448 2410 τῶν
477 2357 704 2428 δύναμιν
730 2363 1000 2432 ἀφορῶσι,
1029 2367 1127 2418 καὶ
1153 2368 1214 2420 τὸ
1243 2367 1337 2420 τοῦ
1376 2369 1709 2439 πράγματος
1757 2370 1925 2440 μέγεο

337 2449 453 2514 θος.
523 2452 789 2508 Ἐνταῦθα
830 2458 938 2527 γὰρ
984 2458 1044 2512 τὸ
1111 2459 1376 2531 δυσχερὲς
1415 2462 1560 2516 οὕτω
1599 2463 1771 2518 νικῶν
1806 2467 1922 2518 ἐστι

339 2543 464 2612 μεθ’
493 2545 825 2616 ὑπερϐολῆς,
859 2549 936 2610 ὡς
963 2549 1120 2604 οὐδὲν
1149 2550 1364 2623 ἕτερον.
1397 2552 1528 2607 Λύει
1556 2571 1614 2608 τε
1639 2556 1746 2626 γὰρ
1771 2556 1922 2608 τόνον

333 2633 540 2707 ψυχῆς,
571 2639 664 2691 καὶ
686 2644 874 2709 χαυνοῖ
903 2643 1028 2705 τοὺς
1053 2643 1374 2713 λογισμοὺς,
1407 2647 1501 2701 καὶ
1529 2647 1627 2719 τὴν
1683 2649 1922 2705 διάνοιαν

334 2728 562 2783 εκλυτον
618 2732 934 2801 ἀποφαίνει.
979 2735 1075 2799 Τίς
1125 2736 1236 2808 γάρ
1298 2736 1444 2792 οὕτω
1505 2743 1636 2804 παῖς
1685 2741 1856 2808 ἐστιν,
1885 2745 1920 2817 ἢ

339 2820 532 2891 πόρρω
591 2842 694 2878 που
742 2825 834 2878 τοῦ
897 2827 1109 2890 δέοντος
1161 2831 1268 2882 ὑπὸ
1317 2830 1552 2900 θράσους
1607 2834 1919 2890 ἀκαθέκτου

337 2916 705 2984 παρασυρεῖς,
741 2915 1048 2980 ὠςοίεσθαι
1095 2918 1352 2987 γλῶτταν
1401 2923 1592 2990 γήϊνον
1646 2923 1728 2984 εἰς
1786 2922 1920 2989 ὕψος

333 3005 710 3075 ἀναϐήσεσθαι
733 3009 832 3076 τῆς
856 3009 1372 3082 ταπεινοφροσύνης
1402 3013 1505 3078 ;Ti
1534 3013 1590 3066 δὲ
1623 3014 1717 3067 καὶ
1747 3014 1920 3069 εἰπὼν

335 3102 466 3168 περὶ
497 3101 703 3171 ταύτης
738 3103 884 3156 οὕτω
913 3105 1371 3175 μεγαλοπρεποῦς
1401 3104 1592 3176 οὔσης,
1616 3107 1786 3176 ὲγγύς
1814 3125 1916 3162 που

2035 591 2310 656 cherrima
2340 620 2355 670 ;
2381 614 2434 659 et
2461 616 2754 675 quaeratur,
2791 611 3046 678 quoniam
3080 613 3243 667 chara
3281 612 3389 679 sit;
3418 621 3472 666 et
3498 627 3615 666 out-

2037 693 2166 748 uino
2197 695 2506 751 inveniatur
2537 698 2604 753 ab
2643 714 2731 766 eo,
2757 702 3004 758 studiose
3033 703 3173 758 hanc
3202 705 3493 776 indagante
3519 726 3533 772 ;
3561 719 3616 760 et

2035 785 2300 854 acquisilo
2328 788 2447 858 ejus
2473 798 2623 859 grata
2648 791 2718 846 sit
2748 802 2802 848 et
2829 792 3252 863 jucundissima,
3285 808 3505 867 prepter
3535 803 3614 853 iu-

2035 881 2389 951 dagationem
2439 886 2742 942 studiosam
2773 906 2786 953 ;
2834 899 2890 944 et
2923 887 3212 960 diligenter
3246 892 3610 959 custodiatur,

2033 986 2257 1043 propter
2288 977 2468 1032 omnia
2495 994 2638 1035 nunc
2662 981 2924 1036 indicata.
2947 979 3082 1036 Nam
3113 982 3230 1050 ejus
3254 985 3398 1046 quod
3423 986 3616 1040 inven-

2034 1076 2148 1121 tum
2196 1079 2282 1123 est
2337 1068 2588 1136 fortuito,
2643 1088 2751 1129 non
2793 1075 3086 1129 admodum
3129 1076 3354 1130 mordax
3393 1086 3480 1132 est
3520 1086 3616 1132 aut

2039 1158 2269 1214 molesta
2307 1162 2564 1229 privatio,
2606 1164 2823 1220 tametsi
2861 1165 3116 1222 celeriter
3149 1167 3435 1222 amittatur
3469 1169 3613 1235 quod

2033 1266 2167 1306 sane
2204 1251 2523 1318 frequenter
2573 1255 2691 1312 ﬁeri
2726 1257 2888 1312 solet.
2925 1260 3003 1314 Ac
3038 1258 3304 1328 siquidem
3337 1273 3425 1314 res
3449 1259 3614 1328 spiri-

2032 1343 2194 1397 tualis
2226 1342 2410 1411 fuerit,
2458 1347 2574 1402 avis
2605 1347 2778 1402 instar
2817 1364 2884 1405 ex
2935 1349 3122 1404 animo
3156 1351 3353 1418 saepius
3385 1350 3609 1414 avolat;

2030 1435 2231 1504 quique
2257 1451 2364 1490 non
2399 1451 2518 1492 eam
2547 1454 2668 1493 cum
2695 1439 2970 1496 desiderio
2999 1442 3357 1511 comparavit,
3390 1457 3457 1496 ne
3483 1457 3610 1496 sen-
3689 1449 3696 1462 "

2033 1527 2099 1579 tit
2122 1526 2339 1594 quidem
2367 1529 2570 1596 aliquid
2597 1547 2764 1600 grave
2794 1532 2895 1587 sibi
2930 1533 3219 1588 accidisse.
3251 1532 3391 1602 Opto
3426 1543 3610 1592 autem

2030 1626 2088 1669 ttt
2133 1617 2228 1673 tibi
2271 1619 2431 1688 longe
2463 1620 2596 1674 mihi
2634 1622 2980 1687 charissima,
3022 1639 3085 1676 ex
3120 1623 3287 1678 animi
3322 1634 3447 1679 voto
3481 1637 3609 1679 eve-

2029 1709 2183 1762 niant
2217 1725 2336 1779 qua:
2372 1727 2402 1766 a
2447 1714 2605 1767 nobis
2656 1712 2802 1768 dicta
2839 1724 2985 1770 sunt.
3032 1713 3142 1769 Nos
3184 1716 3402 1784 quidem
3433 1717 3475 1770 si
3507 1731 3613 1771 nec

2031 1801 2308 1857 invenisse
2355 1801 2664 1858 videbimur
2695 1819 2814 1875 qua:
2846 1807 2912 1860 de
2955 1806 3058 1862 hac
3095 1806 3326 1861 materia
3375 1807 3479 1861 dici
3512 1822 3613 1876 par

2027 1903 2170 1958 trat,
2207 1909 2308 1950 nec
2342 1895 2564 1951 inventa
2607 1907 2756 1953 recte
2787 1909 3232 1968 coagmentasse,
3262 1915 3361 1955 uec
3395 1915 3459 1956 ea
3485 1917 3609 1955 cum

2029 1986 2294 2054 dignitate
2324 1990 2808 2060 concinttitateque
2838 1993 3188 2061 exposuisse,
3224 1994 3394 2048 robur
3423 2003 3482 2048 ut
3514 1993 3611 2047 ali-

2028 2075 2158 2144 quid
2197 2077 2436 2134 habeant
2485 2081 2720 2146 scilicet,
2770 2083 2824 2137 in
2861 2084 3062 2152 quibus
3095 2085 3345 2154 equidem
3381 2085 3608 2140 tntillum

2027 2169 2294 2237 laboravi,
2339 2183 2400 2226 ut
2439 2172 2731 2231 llomerico
2763 2177 2930 2232 verbo
2978 2187 3196 2232 utamur
3232 2196 3247 2233 :
3287 2195 3393 2233 non
3430 2178 3609 2234 solum

2030 2263 2083 2318 id
2114 2266 2398 2320 commode
2433 2266 2698 2333 feremus,
2721 2284 2909 2324 verum
2940 2271 3104 2326 etiam
3138 2271 3213 2325 illi
3253 2273 3484 2342 gratiam
3515 2273 3612 2325 ita-

2029 2355 2304 2422 bebimus,
2337 2359 2428 2426 qui
2458 2359 2618 2415 talem
2659 2361 2756 2416 tibi
2787 2363 3066 2418 concessit
3095 2365 3347 2434 gratiam,
3374 2373 3434 2418 ut
3458 2377 3609 2419 emo-

2028 2449 2330 2505 lumentum
2373 2452 2538 2506 rebus
2583 2469 2646 2508 ex
2689 2455 2942 2509 omnibus
2973 2470 3173 2522 capere
3211 2456 3414 2523 possis,
3462 2454 3610 2511 etiis

2025 2543 2244 2612 quidem
2283 2545 2424 2602 unde
2453 2546 2586 2602 nihil
2615 2547 2705 2602 alii
2740 2547 2949 2604 fructus
2982 2551 3299 2606 accesserit.
3330 2549 3609 2606 Caeterum

2029 2638 2336 2706 progressis
2367 2639 2522 2694 nobis
2543 2640 2609 2694 ad
2643 2640 2783 2696 hanc
2812 2643 3080 2698 orationis
3108 2653 3340 2713 partem,
3376 2643 3610 2699 formido

2024 2733 2271 2801 qttzedam
2299 2732 2640 2790 admirabilis
2666 2750 2726 2792 se
2749 2735 2932 2802 odert,
2959 2736 3225 2806 quasique
3255 2735 3609 2792 resiliendum

2025 2825 2094 2880 ab
2116 2825 2370 2882 instituto
2403 2837 2613 2894 monet,
2647 2829 2918 2900 siquidem
2950 2839 3006 2884 et
3036 2831 3180 2884 vires
3212 2842 3427 2885 nostras
3451 2840 3505 2883 et
3529 2827 3612 2883 rei

2031 2921 2460 2989 magnitudinem
2498 2931 2748 2990 spectare
2773 2921 3028 2978 velimus.
3059 2922 3270 2992 Quippe
3301 2931 3450 2976 tanta
3475 2920 3614 2976 ditii-

2024 3010 2200 3064 cultas
2236 3008 2326 3064 hic
2358 3012 2660 3080 nimiopere
2693 3023 2888 3079 regnat
2927 3022 3133 3082 quanta
3158 3014 3244 3068 vix
3276 3011 3382 3067 alia
3419 3012 3608 3067 fuerit.

2022 3101 2159 3157 Nam
2198 3113 2254 3158 et
2299 3103 2468 3159 animi
2498 3108 2905 3161 contentionem
2941 3106 3106 3171 laxat,
3158 3115 3214 3161 et
3248 3104 3614 3174 cogitationes

333 3193 432 3246 τοῦ
463 3197 835 3267 προσήκοντος
864 3199 1154 3270 είρηκέναι
1175 3199 1360 3266 δόξεις
1418 3201 1584 3257 Οὐδὲν
1620 3203 1729 3274 γὰρ
1762 3199 1921 3274 οῐμαι

2032 3195 2257 3266 frangit,
2295 3206 2350 3252 et
2400 3207 2639 3254 tuentem
2689 3199 3000 3269 languidam
3053 3198 3258 3255 reddit.
3289 3199 3422 3265 Quis
3461 3201 3609 3253 enim

335 3293 561 3360 σεμνὸν,
595 3292 627 3362 ἢ
655 3294 822 3362 μέγα,
852 3295 886 3366 ἢ
923 3296 1199 3368 λαμπρὸν,
1240 3298 1360 3365 μεθ’
1389 3298 1522 3370 ὅσης
1571 3299 1798 3352 δύναταί
1839 3317 1924 3363 τις

334 3384 645 3454 ὑπερϐολῆς
685 3389 885 3453 εἰπεῖν,
909 3387 937 3441 δ
972 3389 1048 3460 μὴ
1069 3389 1136 3443 ἂν
1163 3391 1305 3460 πρὸς
1331 3391 1652 3445 τούναντίον
1687 3394 1921 3462 περιστῇ

331 3476 414 3549 τῷ
441 3478 754 3549 βουλομένῳ
768 3479 975 3550 ταύτην
995 3485 1248 3552 κοσμεῖν,
1277 3483 1375 3552 τὴν
1402 3484 1612 3554 ἀέριον,
1642 3483 1742 3552 τὴν
1771 3485 1924 3539 αἰθέ-

333 3589 478 3642 ριον,
513 3572 611 3640 τὴν
639 3572 917 3641 οὐράνιον,
950 3573 1051 3642 τὴν
1092 3575 1520 3646 ὑπερουράνιον,
1559 3577 1662 3645 τὴν
1703 3579 1762 3630 ἐν
1813 3580 1924 3642 τοῖς

330 3663 558 3726 κόλποις
598 3662 694 3716 τοῦ
738 3665 952 3734 [ἰατρὸς
979 3666 1076 3718 νῦν
1100 3666 1382 3732 οἰκοῦσαν,
1432 3668 1593 3738 εἴπερ
1651 3671 1678 3722 6
1732 3669 1924 3741 Σωτὴρ

331 3759 488 3826 ἡμῖν,
537 3759 564 3810 6
607 3757 880 3828 θησαυρὸς
937 3758 1156 3828 ἐκείνης
1217 3759 1460 3830 ἁπάσης,
1525 3761 1921 3832 ὑπερουράνιος

332 3849 577 3922 ἀληθῶς,
611 3852 707 3904 καὶ
732 3852 789 3904 ὲν
813 3853 926 3915 τοῖς
952 3854 1050 3906 τοῦ
1083 3855 1298 3924 Πατρός
1328 3855 1448 3906 ἐστι
1481 3853 1728 3915 κόλποις.
1765 3855 1924 3908 Ἐστι

333 3945 444 4016 γὰρ
486 3947 636 3998 πᾶσα
681 3945 920 4015 ἀνάγκη,
950 3947 1200 4018 ὅπουπερ
1231 3946 1296 4000 ἂν
1327 3948 1355 3999 6
1383 3947 1620 4016 Χριστὸς
1652 3948 1762 4018 εἴη,
1805 3949 1926 4002 ἐκεῖ

332 4039 431 4090 καὶ
453 4036 666 4107 ταύτην
689 4032 833 4091 εἶναι
861 4037 1154 4108 διηνεκῶς.
1192 4039 1301 4092 Καὶ
1324 4033 1393 4109 ἦν
1432 4038 1630 4108 ἀμέλει
1661 4040 1719 4091 ἐν
1772 4039 1923 4110 αὐτῷ

330 4135 360 4183 ὀ
390 4130 601 4200 ταύτης
626 4130 765 4200 ἔρως
813 4131 1113 4200 ὑπερφυῶς
1159 4131 1254 4184 καὶ
1298 4130 1404 4200 πρὸ
1452 4131 1550 4184 τοῦ
1601 4132 1726 4184 καθ’
1773 4133 1924 4202 ἡμᾶς

331 4226 544 4279 ἐκεῖνον
569 4223 848 4293 γενέσθαι.
888 4224 949 4277 Εἰ
976 4223 1052 4294 μὴ
1087 4223 1196 4292 γὰρ
1229 4221 1390 4276 τοῦτο
1440 4222 1660 4295 ἀληθὲς,
1709 4224 1808 4278 οὐκ
1857 4225 1924 4277 ἂν

332 4317 498 4380 αὐτὸς
524 4318 658 4388 ἡμῖν
689 4317 1004 4388 ἐπεδήμησε
1037 4318 1180 4386 μετὰ
1203 4317 1302 4386 τῆς
1328 4318 1553 4388 σαρκὸς,
1595 4317 1789 4380 κλίνας
1823 4318 1925 4388 μὲν

332 4406 462 4470 τοὺς
491 4405 964 4476 οὐρανοὺς-,κατὰ
1021 4406 1112 4459 τὸν
1171 4409 1484 4478 προφήτην,
1547 4409 1817 4479 μηδαμῶς
1865 4410 1924 4462 δὲ

2031 3291 2167 3344 adeo
2194 3305 2330 3359 puer
2347 3300 2453 3358 est,
2475 3293 2556 3348 vel
2577 3290 2765 3348 eil‘reni
2783 3295 3016 3363 quadam
3041 3292 3268 3348 audacia
3295 3303 3402 3347 tam
3425 3291 3616 3361 procul

2029 3393 2182 3439 extra
2219 3385 2407 3440 decori
2433 3386 2636 3442 limites
2667 3386 2946 3456 abreptus,
2979 3395 3039 3442 ut
3067 3387 3308 3458 linguam
3333 3394 3610 3441 terrenam

2028 3474 2096 3530 ad
2142 3476 2466 3532 humilitatis
2505 3477 2897 3534 sublimitatem
2932 3492 3365 3534 conscensuram
3401 3476 3611 3546 putet?

2028 3569 2286 3638 quidnam
2310 3569 2377 3626 de
2400 3570 2503 3626 hac
2525 3571 2577 3626 in
2605 3572 2846 3628 medium
2879 3573 3185 3641 proterens,
3203 3585 3324 3638 qua:
3344 3585 3476 3625 sane
3501 3580 3612 3627 tam

2030 3661 2316 3732 magniﬁca
2336 3672 2442 3728 est,
2456 3679 2521 3718 ex
2540 3664 2806 3734 dignitate
2823 3664 3030 3719 dixisse
3045 3664 3314 3718 videbitur
3333 3663 3504 3716 iNam
3530 3663 3616 3716 ni.

2029 3752 2126 3818 hil,
2155 3754 2369 3823 opinor,
2401 3756 2510 3809 tam
2544 3765 2856 3824 augusmm,
2894 3755 2975 3810 vel
3005 3771 3290 3827 magnum,
3322 3755 3408 3810 vel
3431 3754 3615 3824 splen~

2029 3847 2212 3902 didum
2258 3848 2356 3904 abs
2390 3864 2664 3918 quoquam
2701 3849 2808 3903 dici
2857 3859 3060 3918 potest,
3109 3848 3256 3917 quod
3295 3848 3346 3901 in
3382 3858 3613 3902 contra-

1971 3951 1974 3954 ί
2029 3938 2170 3993 rium
2205 3955 2312 3994 non
2363 3942 2521 3995 cadat
2551 3941 2600 3996 ei
2642 3942 2734 4010 qui
2767 3941 2910 3995 hanc
2960 3955 3160 3995 ornare
3192 3941 3346 4005 velit,
3381 3941 3612 4006 aeriam,

2029 4033 2338 4098 aetheriam,
2377 4033 2684 4100 caelestem,
2716 4034 2951 4089 ultracm
2973 4044 3169 4102 estem,
3197 4035 3249 4088 in
3278 4036 3404 4090 sinu
3433 4035 3615 4089 Patris

2033 4143 2177 4182 nunc
2204 4127 2542 4182 habitantem
2578 4147 2592 4183 :
2625 4127 2896 4198 siquidem
2923 4129 3105 4184 omnis
3138 4130 3465 4184 humilitatis
3497 4129 3616 4184 the—

2029 4221 2250 4284 saitrus,
2294 4220 2557 4276 Servator
2589 4221 2680 4276 ille
2727 4232 2936 4287 noster,
2987 4238 3176 4278 revera
3223 4222 3617 4291 ultractelestis

2028 4325 2138 4381 est,
2181 4325 2236 4370 et
2261 4315 2316 4370 itt
2354 4313 2688 4373 sitthatris
2716 4325 3114 4372 commoratur.
3151 4317 3362 4386 Quippe
3392 4331 3616 4372 necesse

2029 4418 2117 4464 est
2153 4409 2380 4464 omnino
2429 4417 2488 4462 ut
2523 4409 2838 4480 ubicunque
2874 4409 3130 4465 Christus
3163 4421 3267 4476 est,
3321 4404 3518 4465 ibidem
3560 4417 3618 4463 et

331 4499 632 4570 χωρισθεὶς
658 4500 767 4553 τῶν
795 4499 1083 4569 πατρικῶν
1114 4501 1336 4553 κόλπων
1371 4516 1382 4528 ·
1419 4501 1532 4554 οὐδ’
1582 4501 1648 4556 ἂν
1677 4499 1922 4572 ὑπήνεγο

2033 4489 2149 4554 ιιιεό
2178 4509 2441 4568 perpetuo
2475 4499 2566 4555 sit.
2598 4499 2664 4554 Et
2693 4511 2812 4556 erat
2850 4501 3016 4556 dubio
3045 4502 3235 4570 procul
3269 4502 3322 4555 in
3357 4502 3478 4572 ipso
3509 4505 3615 4555 ltu-

334 4609 432 4647 κεν
463 4593 605 4660 ὑπὲρ
634 4593 790 4662 ἡμῶν
819 4595 1060 4655 ἅπαντα,
1102 4592 1136 4646 ἃ
1165 4595 1259 4648 καὶ
1286 4596 1398 4657 τοῖς
1441 4593 1655 4657 δούλοις
1717 4594 1778 4646 ού
1829 4611 1924 4662 φο-

335 4687 498 4756 ρητά.
532 4687 690 4739 Ὠσθ’
715 4687 854 4756 ὅπερ
885 4682 1061 4750 εἶπον,
1098 4687 1502 4758 ὑπερουράνιον
1544 4688 1924 4742 ἀποδέδεικται

331 4782 394 4834 τὸ
422 4781 613 4850 χρῆμα
643 4782 741 4850 τῆς
768 4778 1305 4850 ταπεινοφροσύνης.
1331 4780 1502 4849 Δῆλον
1554 4781 1610 4834 δὲ
1659 4782 1756 4836 καὶ
1800 4783 1924 4836 κατ’

332 4877 541 4928 ἐκεῖνον
569 4878 661 4928 τὸν
689 4875 912 4945 τρόπον.
950 4875 1126 4945 ’Υπὲρ
1158 4875 1266 4946 γὰρ
1306 4876 1432 4939 τοὺς
1467 4875 1737 4945 οὐρανοὺς
1789 4881 1924 4932 ἀνα·

333 4968 628 5038 ϐεϐηκυῖα,
655 4967 747 5020 τὸν
786 4968 1206 5042 ύπερουρὰνιον¹
1245 4968 1320 5030 ὡς
1387 4969 1538 5039 ἡμᾶς
1589 4972 1874 5040 κατήγαγε
1905 4985 1919 5000 ·

337 5060 542 5130 μᾶλλον
569 5059 628 5114 δὲ
657 5060 808 5129 αὐτῷ
849 5059 1430 5131 συμπαρομαρτοῢσα,
1469 5061 1715 5132 ὅπουπερ
1768 5063 1920 5116 ἐκεῖ·

333 5166 442 5214 νος,
469 5148 720 5219 κάκείνη.
759 5149 926 5213 Εἶτις
976 5150 1076 5219 μὲν
1106 5145 1202 5202 οὖν
1248 5152 1576 5221 σκοπησειεν
1646 5152 1915 5223 ἀκριϐῶς,

332 5243 428 5297 καὶ
459 5243 568 5296 ἀπὸ
591 5244 700 5298 τῶν
732 5244 1040 5314 προοιμίων
1076 5244 1255 5297 αὐτῶν
1282 5245 1508 5314 εὑρήσει
1555 5244 1764 5314 ταύτην
1792 5247 1917 5315 ἥτις

331 5338 471 5399 ἐστὶ,
491 5339 588 5390 καὶ
621 5340 701 5400 εἰς
726 5339 850 5391 οἵαν
879 5339 941 5406 γέ
974 5356 1094 5392 τινα
1116 5338 1216 5408 τὴν
1241 5338 1521 5408 ὑπεροχὴν
1548 5339 1918 5408 ἀναϐέϐηκεν

331 5430 494 5499 ἡμεῖς
541 5429 597 5482 δὲ
639 5431 983 5501 μακρότερον
1007 5435 1140 5502 περὶ
1171 5431 1343 5501 αὐτῆς
1379 5431 1478 5501 ἤδη
1529 5431 1800 5502 λέγωμεν,
1836 5432 1922 5486 ἵνα

330 5521 428 5572 καὶ
456 5520 545 5574 διὰ
567 5521 838 5576 πλειόνων
859 5523 1031 5591 αὐτὴν
1053 5523 1458 5593 κοσμήσαιμεν.
1489 5523 1566 5576 Τὸ
1587 5527 1688 5594 γὰρ
1707 5524 1920 5578 πλείοσι

332 5612 502 5680 φανὲν
526 5614 726 5683 μᾶλλον
753 5615 1026 5683 φιλεῖσθαι
1050 5615 1264 5668 δίκαιον
1291 5613 1494 5684 μᾶλλον
1532 5617 1624 5668 καὶ
1653 5615 1871 5683 φιλεῖτα
1901 5656 1916 5671 .

2025 4591 2116 4662 jus
2160 4607 2317 4646 amor
2351 4592 2586 4646 eximius
2618 4593 2785 4648 etiam
2833 4593 3150 4661 priusquam
3203 4593 3378 4647 nostri
3413 4594 3614 4648 similis

2029 4685 2207 4742 ﬁeret.
2230 4685 2364 4740 Nam
2392 4688 2439 4740 si
2467 4687 2673 4756 absque
2697 4686 2800 4742 hoc
2832 4687 3046 4753 fuisset,
3070 4688 3136 4740 ad
3167 4702 3266 4742 nos
3294 4701 3419 4744 cum
3446 4702 3616 4741 carne

2029 4793 2137 4831 non
2176 4776 2440 4844 venisset,
2473 4777 2754 4833 inclinatis
2781 4778 2997 4846 quidem
3029 4777 3207 4842 caelis,
3241 4778 3318 4831 uti
3352 4787 3502 4833 vates
3530 4780 3610 4832 lo.

2027 4871 2236 4938 quitur,
2273 4880 2329 4925 at
2361 4870 2512 4925 nullo
2543 4871 2706 4927 modo
2738 4872 2910 4940 patris
2941 4887 2971 4925 a
3007 4877 3129 4926 sinu
3161 4873 3404 4936 avulsus,
3436 4888 3615 4942 neque

2031 4978 2128 5030 pro
2154 4963 2535 5025 nobis_omnia
2561 4965 2896 5032 pertulisset,
2926 4980 3022 5020 nec
3048 4963 3336 5034 mancipiis
3367 4965 3614 5020 toleran~

2030 5057 2119 5123 da,
2163 5056 2285 5122 Quo
2335 5057 2394 5112 lit
2431 5067 2490 5111 ut
2527 5057 2922 5123 humilitatem,
2971 5074 3071 5114 ceu
3109 5057 3317 5113 dictum
3355 5069 3456 5121 est,
3499 5073 3612 5112 rem

2029 5148 2313 5204 caelestem
2362 5164 2506 5216 esse,
2552 5152 2625 5206 sit
2672 5153 3324 5220 demonstratum;un
3373 5167 3505 5206 sane
3532 5154 3614 5205 vei

2033 5244 2134 5298 hoc
2164 5243 2329 5299 etiam
2371 5245 2534 5298 modo
2573 5245 2922 5314 perspicuum
2961 5259 3066 5302 est.
3098 5244 3233 5300 Nam
3266 5247 3433 5302 caelos
3471 5246 3616 5315 ipsos

2027 5351 2408 5406 supergressa,
2443 5337 2583 5391 ultra
2608 5338 2889 5393 caelestem
2925 5339 3076 5393 illum
3111 5339 3178 5393 ad
3223 5355 3324 5396 nos
3352 5339 3612 5404 deduxit,

2026 5431 2108 5482 vei
2147 5431 2328 5500 potius
2373 5432 2648 5485 comitans
2695 5446 2841 5498 eum,
2890 5432 3206 5501 ubicunque
3238 5433 3450 5489 scilicet
3499 5435 3614 5503 ipse

2022 5529 2127 5586 est,
2147 5521 2346 5575 ibidem
2369 5530 2422 5575 et
2445 5521 2585 5590 ipsa.
2606 5519 2758 5586 Quod
2780 5521 2824 5575 si
2851 5521 2974 5590 quis
2999 5531 3251 5576 accurate
3270 5537 3382 5575 rem
3401 5531 3614 5589 specta-

2032 5615 2195 5678 verit,
2235 5615 2304 5668 dc
2332 5615 2464 5685 ipsis
2493 5615 2752 5674 exordiis,
2778 5631 3028 5684 quamam
3070 5617 3185 5669 lucc
3214 5615 3308 5672 sit.
3345 5615 3611 5674 inveniet.

333 5716 389 5763 et
421 5707 639 5775 qualem
679 5707 747 5761 ad
794 5709 1148 5764 eminentiam
1185 5706 1516 5764 ascenderit.
1569 5707 1679 5763 Nos
1722 5719 1906 5761 autem
1951 5709 2216 5773 prolixius
2248 5712 2316 5764 de
2361 5725 2422 5762 ea
2458 5723 2603 5762 nunc
2649 5709 3010 5773 disseramus,
3041 5718 3099 5762 ιιι
3164 5708 3411 5776 pluribus
3484 5720 3605 5758 eam

333 5817 635 5868 ornemus;
673 5805 818 5873 quod
848 5805 994 5860 enim
1022 5805 1270 5876 pluribus
1298 5812 1526 5874 apparet
1561 5804 1756 5861 merito
1797 5806 2154 5874 diligendum,
2203 5805 2378 5870 magis
2413 5804 2581 5860 etiam
2607 5804 2878 5874 diligitur.

407 5896 483 5955 Τὸ
514 5898 658 5955 θεῖον
691 5899 872 5957 τοίνυν
905 5904 998 5956 καὶ
1026 5902 1613 5975 πολυύμνητονχρὴμα
1643 5903 1676 5973 η
1716 5919 1911 5956 canat-

2095 5901 2385 5958 llutuiiitas
2410 5917 2560 5972 ergo,
2591 5902 2835 5960 divinum
2867 5903 3121 5975 quiddam
3140 5901 3434 5971 multisque
3468 5899 3606 5957 celo-
