3958 6446
409 335 511 397 535

1618 335 1674 394 Μ
1682 332 2010 406 ANUELIS
2065 335 2205 404 PAL
2219 335 2469 400 .‘EOLOG
2484 337 2508 396 I

3541 338 3644 409 536

403 456 620 509 bratum
653 452 926 515 laudibus,
959 451 1102 506 nulla
1137 465 1242 504 non
1265 458 1418 521 parte
1449 460 1674 507 venusta
1703 453 1985 512 etiucom-

2108 451 2430 523 νοφροσύνη,
2461 451 2795 523 πολλαχόθεν
2825 452 2959 507 οὖσα
2983 453 3221 525 κοσμία,
3275 456 3362 508 καὶ
3401 455 3490 508 σὺν
3511 454 3640 526 ἀμη-

407 545 632 615 parahili
665 560 788 600 cum
823 543 1227 612 pulchritudine
1251 543 1602 606 circumiens,
1624 545 1894 598 omnesad
1925 557 1984 598 se

409 634 697 705 pertrahit,
723 635 856 689 etin
886 649 1128 690 amorem
1165 634 1247 689 sui
1279 633 1485 702 pellicit
1533 633 1803 704 prudente
1855 649 1986 703 qua-

409 729 532 783 dam
563 743 684 783 cum
719 727 954 792 insania,
987 727 1116 782 licet
1148 726 1248 781 ista
1277 727 1386 781 duo
1411 726 1698 792 vocabula,
1758 741 1986 794 prorsus

407 819 635 874 invicem
669 818 768 873 sibi
800 817 1104 881 contraria,
1136 817 1287 872 coire
1315 832 1421 872 non
1455 833 1614 887 posse
1645 819 1928 873 vidcantur
1968 836 1983 886 ;

404 911 550 981 quod
587 911 844 979 equidem
871 911 1070 979 opinor
1097 910 1320 964 minime
1346 910 1540 964 mirum
1566 911 1738 966 videri
1767 910 1988 974 debere,

409 1019 534 1059 nam
563 1004 788 1058 omnino
814 1003 1093 1071 complura
1130 1005 1180 1058 in
1213 1003 1335 1069 hac,
1362 1017 1480 1071 qua:
1531 1017 1830 1073 repugnare
1882 1001 1986 1057 sibi

407 1097 688 1162 videntur,
723 1106 944 1161 coeunt,
979 1096 1120 1150 sicut
1141 1105 1192 1148 ct
1216 1097 1268 1149 in
1300 1095 1392 1152 illo
1417 1096 1549 1150 vitio
1576 1096 1716 1164 quod
1740 1095 1868 1150 huic
1891 1095 1988 1147 ad-

409 1177 629 1242 versum
662 1198 768 1254 est,
804 1188 1058 1242 nimirum
1100 1189 1152 1242 in
1185 1186 1671 1256 elatione.Quippe
1724 1184 1990 1240 vocabulo

409 1284 629 1350 quidem
661 1291 817 1338 tenus
846 1283 960 1337 haec
983 1280 1230 1336 sublimis
1249 1290 1350 1347 est,
1384 1294 1504 1334 cum
1535 1277 1669 1333 nihil
1703 1292 1764 1333 ea
1797 1276 1993 1333 sithu-

412 1371 595 1426 utilius
622 1387 724 1426 nec
755 1372 926 1441 magis
982 1369 1200 1424 al‘fixum
1251 1373 1437 1432 humo,
1481 1368 1916 1439 quandoquidem
1937 1376 1992 1422 et

416 1461 632 1516 illorum
663 1463 862 1530 quibus
891 1463 1043 1517 adest
1075 1462 1289 1516 animos
1323 1460 1514 1525 deiicit
1539 1469 1590 1514 et
1617 1464 1681 1513 ad
1737 1460 1982 1514 infimum

411 1569 583 1624 usque
615 1555 932 1609 barathrum
956 1555 1190 1624 ablegat.
1221 1553 1435 1608 iudicio
1463 1565 1592 1608 sunt
1621 1567 1681 1606 ea
1711 1567 1830 1621 quae
1855 1551 1993 1606 Pha-

413 1648 633 1702 rismum
677 1645 826 1700 illum
870 1647 1252 1712 deturbavere,
1298 1661 1566 1716 perpauca
1617 1660 1746 1700 sane
1803 1645 1987 1708 verba,

413 1740 711 1808 gratiarum
737 1739 953 1810 quidem
981 1739 1250 1794 actionem
1287 1753 1413 1807 erga
1438 1737 1605 1793 Deum
1631 1737 1991 1801 continentia,

414 1839 636 1901 propter
667 1846 788 1886 eam
816 1831 1074 1887 virtutem
1109 1847 1213 1901 qua
1252 1831 1513 1901 praeditus
1554 1841 1720 1896 esset,
1753 1832 1846 1886 sed
1901 1831 1992 1885 iti-

413 1925 535 1979 dem
568 1933 622 1978 ει
653 1925 870 1993 superbi
899 1925 1177 1994 quidpiam
1210 1925 1648 1994 complectentia,
1680 1926 1822 1992 quod
1860 1924 1993 1978 laci.

415 2026 468 2070 te
497 2019 758 2089 mistum(
791 2021 869 2073 uti
907 2019 1028 2085 quis
1053 2019 1251 2074 dixerit
1279 2019 1300 2089 )
1334 2019 1633 2088 gratiarum
1673 2018 1782 2075 illis
1819 2019 1993 2073 actio-

415 2111 574 2166 nibus
605 2112 776 2180 acquis
815 2119 870 2167 et
913 2111 1076 2181 justis
1125 2121 1294 2167 esset.
1338 2109 1612 2166 Modestiae
1668 2126 1800 2166 vero
1851 2111 1998 2166 inest

414 2201 632 2267 qni-dem
663 2201 839 2270 ipsum
876 2216 1074 2256 nomen
1097 2201 1452 2267 humilitatis,
1489 2217 1596 2272 qua
1629 2201 1996 2271 appellatione

414 2293 544 2361 quid
572 2308 693 2349 csse
722 2294 1012 2350 demissius
1035 2295 1252 2364 potest?
1271 2294 1367 2350 sed
1394 2297 1447 2349 in
1466 2297 1686 2351 sublimi
1715 2296 1993 2361 habitans,

416 2386 646 2440 suscitat
671 2385 738 2440 de
773 2395 916 2440 terra
937 2386 1172 2455 inopem,
1203 2388 1379 2457 deque
1406 2397 1648 2445 stercore
1701 2402 1994 2458 pauperem

415 2476 597 2542 erigit.
622 2476 800 2545 Atque
825 2478 952 2532 huic
981 2478 1220 2532 orationi
1239 2494 1370 2534 mete
1393 2479 1702 2534 testimonio
1725 2487 1827 2546 est,
1849 2477 1995 2550 quod

416 2569 709 2634 publicano
737 2569 1006 2624 divinitus
1035 2571 1282 2641 contigit.
1343 2569 1525 2637 Quare
1575 2572 1658 2626 vel
1713 2570 1995 2626 insanissi-

419 2675 538 2714 tnus
567 2676 722 2716 amor
753 2663 806 2715 in
837 2663 939 2719 hac
966 2671 1023 2716 ut
1053 2677 1267 2717 summa
1305 2678 1428 2718 cum
1481 2663 1773 2733 prudentia
1817 2673 1996 2728 coeat,

421 2754 538 2810 ﬁeri
565 2761 759 2823 potest.
791 2752 926 2808 Nam
951 2771 1070 2822 qua
1099 2755 1150 2810 in
1184 2769 1246 2810 ea
1280 2763 1410 2810 sunt
1431 2756 1636 2820 omnia,
1667 2755 1820 2824 quasi
1857 2770 1996 2810 nova

420 2845 785 2901 ct‘ltominnm
812 2846 881 2902 ab
910 2846 1169 2916 Opinione
1191 2848 1540 2903 abhorrentia
1561 2848 1831 2903 videntur.
1852 2846 1996 2914 Quin
2035 2839 2042 2850 ’

421 2948 479 2993 ct—
504 2941 604 2994 hoc
631 2953 826 2994 novum
859 2940 1116 3008 quiddam
1142 2954 1262 2995 esse
1289 2941 1545 2995 arbitror.
1574 2941 1709 2995 Cum
1727 2941 2000 2996 euimhaec

422 3030 474 3082 in
513 3029 579 3081 iis
608 3029 804 3097 quibus
834 3029 999 3082 chara
1025 3037 1132 3095 est,
1171 3031 1213 3082 si
1247 3030 1466 3100 quidem
1500 3030 1692 3096 velint,
1719 3032 1997 3086 exsistere

2090 545 2238 615 χάνῳ
2298 545 2488 599 κάλλει
2547 546 2860 618 περιιοῦσα,
2919 547 3059 617 πρὸς
3126 546 3330 616 ἑαυτήν
3376 547 3638 614 ἐφέλκεται

2090 644 2323 708 πάντας,
2355 643 2452 695 καὶ
2476 644 2710 695 ποιεῖται
2744 641 2949 712 ἑαυτῆς
2975 641 3212 712 ἐραστὰς
3270 641 3407 709 μετὰ
3461 641 3641 708 μανίας

2091 723 2390 802 σώφρονος,
2424 735 2472 806 εί
2498 738 2589 787 καὶ
2618 733 2694 788 τὼ
2716 735 2951 806 ὁνόματε
3003 735 3198 794 τούτω,
3265 733 3385 786 ὅντε
3441 733 3644 786 ἐναντίω

2092 823 2368 890 καθάπαξ,
2399 825 2549 878 δοκεῖ
2581 825 2659 898 μὴ
2689 826 2954 882 δύνασθαι
2983 828 3286 882 συνελθεῖν.
3329 827 3440 880 Kal.
3477 826 3646 893 τοῦτο,

2093 913 2354 988 οίμαι,ού
2386 918 2492 988 χρὴ
2521 917 2849 989 θαυμάζειν.
2909 909 3092 974 Πολλά
3132 920 3242 989 γὰρ
3298 919 3513 981 πάντως
3573 919 3650 972 ἐπ’

2093 1011 2231 1082 αὐτῇ
2270 1010 2337 1065 τὰ
2391 1010 2734 1064 ἀντικεῖσθαι
2763 1011 3025 1079 δοκοῦντα
3058 1012 3378 1083 συνέρχεται
3409 1029 3422 1042 ·
3477 1008 3650 1078 ὥσπερ

2093 1104 2193 1156 καὶ
2218 1105 2284 1173 τῇ
2318 1102 2457 1173 πρὸς
2481 1104 2651 1173 αὐτὴν
2679 1103 2938 1166 ἐναντίως
2975 1103 3301 1173 διακειμένη
3342 1101 3524 1172 κακίᾳ,
3567 1101 3654 1169 τὴν

2091 1177 2327 1264 ἔπαρσιν
2364 1194 2527 1261 λέγω.
2554 1194 2688 1248 Ἥδε
2723 1195 2820 1266 μὲν
2851 1196 2958 1265 γὰρ
2985 1196 3050 1248 ὲκ
3081 1195 3180 1264 τῆς
3204 1194 3452 1264 κλήσεως
3474 1191 3658 1261 ὑψηλή,

2092 1284 2161 1359 ἧς
2191 1286 2343 1341 οὐδὲν
2375 1287 2439 1340 ἂν
2467 1288 2682 1356 γένοιτο
2706 1287 3266 1358 ταπεινότερον,ὀὺδέ
3297 1284 3660 1356 χαμερπέστε-

2098 1399 2212 1452 ρον,
2258 1382 2394 1434 ὅπου
2424 1383 2514 1434 καὶ
2547 1378 2627 1443 οἷς
2653 1397 2716 1450 γε
2742 1381 2979 1451 σύνεστι,
3019 1380 3354 1444 καταϐάλλει
3404 1377 3502 1441 τὰς
3554 1376 3663 1431 τού-

2095 1489 2204 1524 των
2269 1472 2474 1542 ψυχάς,
2515 1473 2610 1526 καὶ
2668 1473 3037 1543 παραπέμπει
3083 1471 3219 1541 πρὸς
3267 1471 3329 1524 τὸ
3367 1468 3663 1522 κατώτατον

2098 1559 2383 1634 βάραθρον
2417 1578 2430 1593 ·
2501 1563 2599 1616 καὶ
2633 1561 2876 1633 δηλοῖτὰ
2924 1562 3224 1633 Φαρισαῖον
3257 1560 3467 1612 ἐκεῖνον
3516 1572 3665 1610 κατε-

2098 1653 2362 1718 νεγκόντα
2405 1652 2614 1722 βραχέα
2637 1653 2880 1722 ῥήματα,
2914 1651 3276 1720 εὐχαριστίαν
3340 1649 3438 1719 μὲν
3488 1648 3664 1716 ἔχοντα

2100 1744 2238 1811 πρὸς
2275 1744 2409 1797 Θεὸν
2443 1743 2529 1797 διὰ
2557 1743 2655 1813 τὴν
2689 1743 2840 1814 αύτῷ
2899 1745 3161 1797 συνοῦσαν
3206 1743 3435 1815 ἀρετὴν,
3488 1742 3663 1812 ἔχοντα

2100 1835 2156 1888 δέ
2182 1853 2236 1888 τι
2276 1837 2371 1888 καὶ
2398 1834 2781 1904 ὑπερήφανον,
2815 1835 3160 1906 μεμιγμένον
3185 1836 3337 1888 εῐποι
3368 1851 3452 1896 τις
3499 1833 3561 1886 ἂν
3589 1833 3666 1886 λε-

2101 1929 2341 1999 ληθότως
2367 1927 2487 1989 ταῖς
2513 1928 2868 1997 γιγνομέναις
2915 1927 3294 1998 εὖχαριστίαις
3329 1945 3344 1958 ’
3395 1929 3460 1999 τῇ
3491 1926 3543 1980 δὲ
3577 1941 3664 1996 με-

2102 2020 2345 2091 τριότητι
2369 2019 2633 2089 πρόσεστι
2662 2019 2764 2088 μὲν
2795 2019 2857 2072 τὸ
2899 2021 2996 2088 τῆς
3046 2004 3434 2083 ταπεινώσεως
3490 2019 3664 2087 ὄνομα,

2103 2113 2201 2167 καὶ
2225 2112 2460 2182 ταυτησὶ
2485 2114 2584 2180 τῆς
2623 2112 2874 2181 κλήσεως
2905 2114 2957 2167 τί
2989 2114 3080 2167 καὶ
3126 2114 3194 2168 ἂν
3235 2114 3448 2183 γένοιτο
3504 2128 3666 2166 κατω-

2101 2205 2244 2277 τέρω
2280 2225 2292 2270 ;
2329 2204 2444 2259 ἀλλ’
2481 2204 2619 2274 ὑψοῦ
2647 2205 2751 2277 τὴν
2795 2205 3011 2277 οἴκησιν
3079 2206 3421 2277 κεκτημένη,
3477 2203 3666 2273 ἐγείρει

2108 2301 2207 2368 μὲν
2241 2299 2348 2351 ἀπὸ
2379 2297 2481 2366 γῆς
2514 2299 2603 2350 τὸν
2635 2299 2866 2368 πένητα,
2911 2298 3018 2351 άπὸ
3058 2298 3115 2351 δὲ
3151 2299 3393 2369 κοπρίας
3432 2297 3666 2365 ἀνίστησι

2101 2392 2196 2444 τὸν
2231 2389 2470 2460 πτωχόν.
2497 2392 2610 2444 Kal.
2644 2393 2915 2462 μαρτυρεῖ
2946 2408 3035 2462 μοι
3088 2391 3166 2458 τῷ
3209 2391 3358 2460 λόγῳ
3407 2375 3470 2443 τδ
3536 2387 3672 2456 παρὰ

2103 2482 2241 2535 Θεοῦ
2275 2483 2410 2551 πρὸς
2447 2482 2540 2535 τὸν
2557 2483 2800 2553 τελώνην
2831 2484 3224 2554 γεγενημένον.
3270 2484 3437 2535 Ὥστε
3475 2479 3670 2544 καὶτὸν

2108 2575 2489 2647 μανικώτατον
2540 2575 2720 2644 ἔρωτα
2761 2576 2901 2646 μετὰ
2963 2576 3332 2646 σωφροσύνης
3384 2570 3674 2643 ἀκροτάτης

2105 2673 2198 2725 ἐπὶ
2229 2672 2436 2742 ταύτης
2471 2671 2744 2726 συνελθεῖν
2774 2672 2874 2724 οὐκ
2901 2673 3185 2726 ἀδύνατον.
3226 2674 3399 2725 Δοκεῖ
3425 2671 3528 2742 γὰρ
3547 2664 3670 2721 εἶναι

2105 2765 2171 2818 τὰ
2207 2764 2379 2833 αὐτῆς
2411 2753 2675 2833 ⁸ὡσπερεὶ
2700 2763 2981 2835 παράδοξα
3012 2763 3215 2817 πάντα.
3292 2764 3404 2817 Kal
3451 2761 3551 2831 μὴν
3590 2755 3673 2810 καὶ

2105 2856 2263 2910 τοῦτό
2289 2872 2353 2924 γε
2388 2855 2578 2909 καινὸν
2629 2849 2810 2923 οἶμαι.
2861 2855 3080 2925 Ταύτης
3129 2855 3239 2925 γάρ
3318 2851 3668 2923 ὲπιδημούσης

2105 2951 2221 3008 τοῖς
2251 2945 2538 3018 φίλοις,ἂν
2572 2947 2851 3008 ἐθέλωσιν,
2895 2949 2927 3017 ἡ
2985 2945 3045 3010 ἐξ
3093 2947 3354 3010 ἐναντίας
3403 2945 3562 2999 κακία
3602 2939 3668 3010 μὴ

2110 3039 2460 3110 βουλομένοις
2493 3040 2607 3102 τοῖς
2631 3038 2839 3105 ταύτην
2873 3039 3087 3109 ἔχουσιν
3123 3040 3529 3108 ἐπεισέρχεται.
3579 3033 3669 3087 Το-

421 3121 615 3190 soleat,
643 3122 980 3177 contrarium
1003 3123 1076 3176 illi
1093 3123 1281 3177 vitium
1305 3123 1551 3178 nolentes
1569 3131 1821 3194 occupat,
1841 3130 2001 3192 quot-

2109 3130 2303 3185 σοΰτον
2336 3132 2444 3202 γὰρ
2467 3131 2746 3201 ἀπέχομεν
2777 3130 2985 3200 ταύτην
3038 3130 3240 3184 ἐθέλειν
3307 3131 3437 3199 ἡμῖν
3495 3124 3667 3194 παρεῖ-

423 3223 556 3282 quot
576 3228 642 3268 eo
674 3214 944 3268 laborant.
969 3213 1183 3285 Quippe
1213 3224 1424 3270 tantum
1460 3215 1615 3271 abest
1637 3226 1694 3269 ut
1743 3217 1795 3271 id
1845 3216 2002 3273 nobis

423 3307 604 3360 inesse
627 3305 874 3370 velimus,
904 3315 966 3361 ut
993 3308 1155 3360 etiam
1183 3316 1428 3361 extrema
1458 3322 1559 3362 nos
1583 3307 1722 3362 allici
1754 3317 2004 3377 putemus

425 3398 646 3468 injuria,
684 3399 726 3453 si
751 3399 874 3468 quis
902 3400 1171 3469 superbiae
1207 3414 1306 3455 nos
1343 3400 1558 3454 deditos
1606 3401 1772 3455 dicat.
1837 3401 2002 3456 Caete-

425 3485 546 3546 rum
591 3493 797 3546 volenti
837 3493 970 3546 mihi
1021 3494 1088 3548 de
1150 3493 1577 3563 proprietatibus
1637 3494 1800 3564 hujus
1839 3495 2004 3550 etiam

428 3587 696 3656 prolixius
724 3587 1021 3654 disserere,
1056 3589 1199 3658 quod
1233 3588 1373 3644 istuc
1421 3603 1639 3660 quoque
1707 3589 2006 3643 convenire

427 3677 625 3732 dicenti
657 3677 725 3731 de
752 3678 1058 3744 humilitate
1086 3680 1387 3745 videretur,
1423 3671 1642 3736 interim
1693 3681 1800 3735 alia
1861 3695 2007 3750 qua:-

426 3771 549 3824 dam
581 3768 650 3824 ad
673 3772 910 3825 animum
937 3771 1137 3826 accidit
1162 3772 1440 3841 cogitatio,
1511 3786 1632 3841 qute
1659 3773 1848 3842 potior'
1887 3786 2008 3827 esse

428 3862 540 3916 visa
572 3860 691 3917 fuit.
724 3860 934 3932 Quippe
963 3864 1290 3932 cogitabam,
1313 3876 1424 3920 non
1458 3865 1851 3920 instituendam
1873 3878 2000 3920 esse

427 3955 496 4008 de
520 3955 621 4009 hoc
648 3954 778 4008 vitio
804 3953 1104 4022 longiorem
1123 3955 1588 4021 orationem,cutn
1616 3956 1807 4025 paucis
1831 3956 2009 4012 cilicio

427 4044 740 4099 satisfacere
765 4043 944 4101 liceat.
975 4045 1189 4100 Etenim
1219 4047 1343 4101 dum
1375 4047 1741 4103 laudationem
1792 4049 2011 4103 humili-

430 4137 560 4190 tatis
587 4139 950 4204 conteximus,
984 4139 1240 4194 elationis
1277 4155 1498 4211 quoque
1551 4142 2009 4212 vituperationem

429 4230 762 4298 perlicimus.
809 4229 943 4284 Nam
980 4247 1102 4286 cum
1135 4233 1219 4286 hae
1257 4233 1359 4286 sibi
1411 4245 1710 4302 repugnent
1753 4235 2009 4302 invicem,

427 4322 592 4375 etiam
625 4325 978 4392 repugnantia
998 4333 1126 4377 sunt
1153 4325 1220 4378 de
1247 4324 1312 4378 iis
1353 4338 1472 4393 qua
1502 4314 1778 4379 dmttntttr.
1836 4324 2008 4382 Unam

427 4413 575 4469 enim
604 4428 818 4479 ornare,
855 4415 1065 4484 probris
1095 4425 1176 4471 est
1206 4418 1433 4472 alteram
1465 4415 1703 4471 allicere.
1746 4416 2013 4472 Similiter

2109 3242 2220 3288 ναι,
2250 3224 2375 3276 ὅσον
2406 3225 2503 3276 καὶ
2527 3224 2595 3276 τὰ
2649 3223 2856 3292 ἔσχατα
2899 3221 3425 3292 προπηλακίζεσθαι
3481 3213 3670 3286 νομίζο-

2112 3334 2232 3386 μεν,
2283 3317 2330 3369 εί
2359 3315 2712 3386 ὑπερηφανίᾳ
2749 3316 3196 3385 κεκρατημένους
3225 3316 3390 3386 ἡμᾶς
3420 3329 3499 3374 τις
3522 3308 3669 3360 εἴποι.

2109 3406 2432 3476 Βουλομένῳ
2468 3405 2524 3458 δέ
2558 3423 2647 3475 μοι
2681 3405 3023 3476 μακρότερον
3050 3406 3228 3474 λέγειν
3260 3405 3368 3459 καὶ
3417 3400 3538 3472 περὶ
3578 3396 3672 3451 τῶν

2109 3501 2314 3568 ταύτης
2337 3497 2648 3568 ίδιωμάτων
2677 3499 2875 3567 (ἐδόκει
2915 3498 3019 3570 γὰρ
3049 3499 3146 3552 καὶ
3180 3495 3354 3551 τοῦτο
3402 3495 3675 3564 προσήκειν

2108 3590 2189 3662 τῷ
2214 3590 2345 3660 περὶ
2393 3589 2914 3660 ταπεινοφροσύνης
2943 3589 3182 3660 λέγοντι)
3212 3591 3459 3658 ἐπῆλθεν
3507 3585 3675 3653 ἕτερος

2109 3681 2373 3752 λογισμὸς
2400 3681 2457 3732 ὲν
2488 3679 2566 3750 τῷ
2597 3680 2828 3750 μεταξὺ,
2864 3680 2959 3733 καὶ
3006 3679 3186 3744 ἔδοξεν
3223 3678 3674 3751 ὲπικρατέστερος

2111 3767 2276 3826 εἶναι.
2335 3771 2394 3824 '0
2415 3769 2471 3823 δὲ
2509 3769 2774 3839 λογισμὸς
2809 3770 2884 3842 μὴ
2933 3772 3046 3824 δεῖν
3095 3769 3513 3824 ἐπεκτείνεσθαι
3563 3762 3675 3832 περὶ

2110 3864 2329 3935 ἐκείνης
2367 3863 2649 3931 λέγοντας,
2694 3864 2874 3934 παρὸν
2903 3864 3366 3931 συνεσταλμένους
3422 3860 3671 3921 είπόντας,

2111 3961 2172 4013 τὸ
2201 3960 2322 4012 δέον
2361 3955 2792 4028 ἀποπληρῶσαι.
2830 3957 2908 4010 Δι’
2935 3951 3009 4010 ὧν
3037 3957 3146 4026 γὰρ
3177 3957 3359 4026 δήπου
3409 3955 3496 4009 τὸν
3543 3947 3668 4016 ὑπὲρ

2113 4053 2213 4123 τῆς
2240 4049 2750 4120 ταπεινοφροσύνης
2781 4049 3144 4119 ὲξυφαίνομεν
3172 4049 3417 4113 ἔπαινον,
3447 4044 3535 4098 καὶ
3585 4040 3670 4092 τὸν

2114 4145 2260 4201 κατά
2305 4144 2405 4213 τῆς
2436 4142 2736 4211 ὲπάρσεως
2782 4139 3200 4211 ἐξεργαζόμεθα
3232 4140 3424 4218 ψόγον.
3470 4129 3669 4198 Ἐπειδὴ

2115 4240 2224 4308 γὰρ
2249 4232 2408 4291 αὗται
2434 4235 2792 4299 άντίκεινται,
2824 4235 2920 4287 καὶ
2949 4234 3019 4287 τά
3050 4233 3177 4302 περὶ
3214 4233 3395 4285 αὐτῶν
3423 4228 3677 4296 λεγόμενα-

2113 4327 2376 4397 δηλονότι.
2410 4326 2482 4378 Τὸ
2514 4324 2621 4393 γὰρ
2647 4323 2746 4392 τὴν
2781 4322 2978 4392 ἑτέραν
3003 4323 3284 4392 κοσμῆσαι
3329 4313 3672 4385 καταισχῦναι

2115 4419 2214 4491 τὴν
2245 4417 2438 4486 ἑτέραν
2472 4417 2645 4471 ἐστίν.
2701 4415 2980 4478 Ὡσαύτως
3020 4415 3077 4467 δὲ
3107 4414 3199 4467 καὶ
3228 4413 3293 4465 τὸ
3326 4408 3574 4481 ἔμπαλιν.
3619 4398 3671 4452 ’0

429 4516 482 4560 et
518 4506 636 4560 vice
668 4521 846 4570 versa,
883 4508 1210 4579 vituperium
1241 4511 1400 4565 unius
1433 4518 1581 4563 certa
1603 4508 1721 4564 laus
1744 4519 1831 4564 est
1861 4511 2001 4567 alte-

2117 4513 2227 4581 γάρ
2250 4510 2349 4578 τῆς
2383 4507 2575 4577 ἐτέρας
2620 4506 2792 4578 ψόγος
2819 4509 2886 4577 τῇ
2919 4507 3083 4576 ἑτέρᾳ.
3121 4503 3301 4574 σαφὴς
3355 4503 3568 4559 ἔπαινος
3595 4491 3676 4561 γί-

430 4617 566 4654 ῐιιιε.

503 4694 795 4750 llumilitas
823 4712 974 4767 ergo,
1008 4713 1169 4766 quam
1209 4714 1408 4755 ornare
1462 4699 1830 4762 decrevimus,
1887 4701 2008 4752 ani-

430 4789 537 4843 mis
571 4789 738 4856 exigit
771 4790 924 4853 vitia,
958 4805 1200 4860 saneque
1234 4791 1504 4846 mirabilia
1552 4791 1800 4861 quaedam
1853 4791 2014 4846 eiiicit

429 4895 552 4933 cum
582 4879 836 4934 ﬁdelibus
869 4881 1046 4948 achI,
1084 4892 1139 4936 ct
1172 4883 1329 4937 mal-is
1357 4882 1529 4952 geniis
1559 4893 1618 4936 ιιι
1653 4883 1911 4948 exitialis,
1935 4883 2014 4937 sic

431 4973 748 5027 eorumdcm
774 4974 1051 5041 expultrix
1077 4986 1182 5029 est.
1213 4976 1414 5045 Copias
1438 4975 1559 5029 illas
1591 4978 1868 5042 caelestes,
1891 4992 2014 5046 qua:

432 5068 577 5121 circa
615 5065 781 5119 Deum
815 5077 963 5134 sunt,
990 5067 1041 5120 in
1073 5075 1216 5121 statu
1252 5084 1351 5124 suo
1376 5078 1708 5125 conservat:
1738 5085 1842 5124 non
1867 5071 2013 5124 enim

434 5161 490 5213 in
519 5161 619 5213 ista
650 5160 769 5214 luce
794 5161 1248 5230 permansissent,
1266 5163 1310 5217 si
1338 5163 1407 5218 ab
1430 5164 1507 5218 eis
1532 5163 1645 5232 ipsa
1667 5166 2013 5221 recessisset.

435 5250 774 5316 Argumento
804 5258 890 5305 est
921 5251 1063 5320 quod
1095 5251 1280 5321 lapsus
1307 5254 1378 5309 sit
1399 5252 1636 5319 Lucifer,
1672 5255 1740 5309 ob
1765 5255 2018 5326 splendo-

439 5355 552 5394 rem
575 5340 801 5394 nimium
829 5344 1012 5397 animo
1039 5358 1202 5414 supra
1223 5345 1504 5416 dignitatis
1521 5347 1886 5403 conditionem
1906 5347 2019 5401 ela-

439 5442 514 5488 to.
541 5431 654 5487 Hoc
686 5432 801 5500 ipse
826 5434 930 5489 telo
953 5435 1288 5504 vulneratus,
1318 5439 1456 5493 idem
1475 5439 1734 5495 adversus
1758 5455 1856 5496 nos
1881 5455 2018 5508 quo—

439 5539 544 5592 que
572 5526 833 5580 continuo
863 5536 1100 5596 torquet,
1129 5541 1319 5585 contra
1349 5531 1572 5601 quosvis
1604 5532 1656 5586 id
1688 5532 2017 5586 serviturum

444 5616 551 5669 sibi
608 5626 864 5686 putans:
924 5634 1085 5687 quant
1136 5622 1358 5692 quidem
1416 5625 1729 5693 opinionem
1781 5624 1899 5679 suis
1953 5638 2018 5678 ex

447 5708 604 5762 malis
637 5710 836 5766 haurit.
864 5711 1030 5770 Etcst
1054 5728 1186 5770 sane
1222 5717 1388 5773 telum
1417 5720 1519 5773 hoc
1552 5717 1658 5773 alio
1688 5718 1881 5788 quovis
1925 5732 2022 5771 no-

449 5800 682 5872 centius,
718 5803 824 5860 nisi
855 5806 1062 5876 objecta
1113 5809 1236 5868 huic
1279 5811 1564 5879 modestia,
1603 5811 1710 5865 vim
1743 5810 1860 5880 ejus
1888 5809 2018 5865 irri-

2118 4623 2293 4660 νεται.

2198 4701 2264 4754 Ἥ
2297 4701 2480 4754 τοίνυν
2527 4700 2661 4770 ἡμῖν
2716 4691 3058 4766 προκειμένη
3104 4687 3431 4757 κοσμεῖσθαι
3470 4682 3536 4736 τὰ
3585 4674 3686 4745 μὲν·

2121 4794 2271 4865 πάθη
2295 4795 2401 4848 τῶν
2432 4792 2622 4863 ψυχῶν
2666 4787 2975 4854 ἐξελαύνει.
3027 4781 3441 4853 θαυματουργεῖ
3494 4774 3546 4829 δὲ
3593 4784 3675 4874 κς·

2123 4887 2251 4958 μιδῆ
2283 4887 2497 4947 πιστοῖς
2532 4882 2762 4952 ἀνδράσι
2831 4876 3108 4931 συνοῦσαο
3162 4873 3258 4925 καὶ
3311 4872 3518 4939 γίνεται
3573 4872 3675 4958 τοῖς

2118 4947 2368 5049 δαίμοσιν
2394 4947 2649 5043 ὀλέθριός
2688 4989 2772 5035 τις
2827 4969 2924 5022 καὶ
2969 4966 3361 5036 ἁποτρόπαιος.
3404 4959 3512 5019 Τὰς
3558 4947 3673 5049 περὶ

2118 5043 2252 5125 Θεδν
2300 5069 2564 5138 δυνάμεις
2601 5067 2658 5120 ἐν
2691 5063 2770 5134 τῷ
2819 5061 3184 5130 καθεστηκότι
3239 5057 3416 5124 τηρεῖ.
3474 5049 3546 5103 θὺ
3574 5043 3674 5112 γὰρ

2121 5167 2188 5218 ἂν
2231 5164 2487 5233 διέμενον
2516 5163 2573 5212 ὲν
2598 5158 2674 5229 τῷ
2705 5155 2996 5227 φωτισμῷ,
3029 5152 3202 5220 αὐτῆς
3231 5150 3454 5202 ἐκείνων
3481 5143 3675 5233 διιστα-

2125 5231 2334 5329 μένης(
2370 5257 2482 5309 Καὶ
2514 5254 2759 5306 δείκνυσι
2794 5250 2854 5303 τὸ
2889 5246 3244 5302 πεπτωκέναι
3277 5244 3368 5296 τὸν
3417 5231 3674 5329 ἑωσφόρον

2121 5319 2231 5404 άπὸ
2251 5319 2354 5419 ’τῆς
2383 5347 2525 5414 ἄγαν
2555 5343 2965 5412 λαμπρότητος,
3003 5338 3146 5408 ὑπὲρ
3179 5336 3237 5389 τὸ
3275 5333 3459 5403 σχῆμα
3487 5319 3670 5424 φροντῖῖ

2125 5458 2319 5495 σαντα.
2360 5438 2552 5506 Τούτῳ
2582 5435 2659 5503 τῷ
2725 5433 2870 5503 βέλει
2913 5430 3144 5502 τρωθεὶς
3190 5427 3372 5486 αὐτὸς,
3429 5418 3518 5473 καὶ
3563 5407 3652 5465 καθ

2122 5535 2281 5606 ἡμῶν
2313 5496 2542 5601 ἀφίησιν
2573 5496 2736 5583 αύτὸ-
2756 5496 3022 5594 συνεχώς,
3078 5521 3312 5590 νομίζων
3368 5505 3576 5606 ἔσεσθαί
3624 5496 3670 5605 ξι

2125 5604 2264 5680 κατᾶ
2296 5625 2518 5686 παντὸς,
2555 5624 2619 5673 ὲκ
2649 5620 2756 5671 τών
2791 5617 2984 5672 ἑαυτοῦ
3023 5615 3210 5668 κακῶν
3255 5612 3350 5681 τὴν
3376 5604 3522 5668 δέξειν
3551 5604 3670 5648 τα⁰“’

2122 5737 2223 5788 της
2253 5717 2572 5786 λαμϐάνων.
2611 5715 2720 5768 Kal.
2754 5712 2941 5782 μέντοι
2994 5725 3058 5778 γε
3111 5707 3204 5760 καὶ
3245 5705 3472 5776 βλάπτον
3493 5686 3664 5788 fit,“

2257 5775 2410 5866 οὐδὲν
2460 5808 2670 5882 ἓτερον,
2701 5775 2796 5859 ὲέίν
2840 5803 2920 5874 μὴ
2967 5775 3028 5856 te
3093 5802 3314 5872 μέτριον
3378 5775 3666 5861 προϐληθὲν-
