  <div class='ocr_page' id='page_1' title='image "/cluster/home/n/w/nwhite01/storage/ocr_20150623/156/coo.31924054870617/276.png"; bbox 0 0 3958 6420; ppageno 0'>
   <div class='ocr_carea' id='block_1_1' title="bbox 320 358 424 423">
    <p class='ocr_par' dir='ltr' id='par_1_1' title="bbox 320 358 424 423">
     <span class='ocr_line' id='line_1_1' title="bbox 320 358 424 423; baseline 0.038 -5"><span class='ocrx_word' id='word_1_1' title='bbox 320 358 424 423; x_wconf 69' lang='grc' dir='ltr'><strong>ί37</strong></span> 
     </span>
    </p>
   </div>
   <div class='ocr_carea' id='block_1_2' title="bbox 1699 355 2170 423">
    <p class='ocr_par' dir='ltr' id='par_1_2' title="bbox 1699 355 2170 423">
     <span class='ocr_line' id='line_1_2' title="bbox 1699 355 2170 423; baseline 0.004 -4"><span class='ocrx_word' id='word_1_2' title='bbox 1699 355 1989 419; x_wconf 79' lang='lat' dir='ltr'><strong>ORATIO</strong></span> <span class='ocrx_word' id='word_1_3' title='bbox 2030 355 2170 423; x_wconf 82' lang='lat' dir='ltr'><strong>VII.</strong></span> 
     </span>
    </p>
   </div>
   <div class='ocr_carea' id='block_1_3' title="bbox 3414 354 3578 421">
    <p class='ocr_par' dir='ltr' id='par_1_3' title="bbox 3414 354 3578 421">
     <span class='ocr_line' id='line_1_3' title="bbox 3414 354 3578 421; baseline -0.012 0"><span class='ocrx_word' id='word_1_4' title='bbox 3414 362 3415 365; x_wconf 61' lang='grc'><em>“</em></span> <span class='ocrx_word' id='word_1_5' title='bbox 3467 354 3578 421; x_wconf 74' lang='lat'><strong>538</strong></span> 
     </span>
    </p>
   </div>
   <div class='ocr_carea' id='block_1_4' title="bbox 320 468 1892 548">
    <p class='ocr_par' dir='ltr' id='par_1_4' title="bbox 320 468 1892 548">
     <span class='ocr_line' id='line_1_4' title="bbox 320 468 1892 548; baseline -0.004 -17"><span class='ocrx_word' id='word_1_6' title='bbox 320 479 606 546; x_wconf 81' lang='grc' dir='ltr'>ἄπρακτον</span> <span class='ocrx_word' id='word_1_7' title='bbox 637 474 766 530; x_wconf 76' lang='grc' dir='ltr'>αὐτὸ</span> <span class='ocrx_word' id='word_1_8' title='bbox 796 474 971 548; x_wconf 74' lang='grc' dir='ltr'>δείξῃ.</span> <span class='ocrx_word' id='word_1_9' title='bbox 1005 472 1170 528; x_wconf 85' lang='grc' dir='ltr'>’Ὥστε</span> <span class='ocrx_word' id='word_1_10' title='bbox 1197 472 1232 544; x_wconf 77' lang='grc' dir='ltr'><strong>η</strong></span> <span class='ocrx_word' id='word_1_11' title='bbox 1262 469 1362 543; x_wconf 76' lang='grc' dir='ltr'><strong>μὲν</strong></span> <span class='ocrx_word' id='word_1_12' title='bbox 1396 468 1626 543; x_wconf 76' lang='grc' dir='ltr'><strong>ἔπαρσις</strong></span> <span class='ocrx_word' id='word_1_13' title='bbox 1653 474 1749 525; x_wconf 74' lang='grc' dir='ltr'>καὶ</span> <span class='ocrx_word' id='word_1_14' title='bbox 1771 472 1892 534; x_wconf 77' lang='grc' dir='ltr'>τοὺς</span> 
     </span>
    </p>
   </div>
   <div class='ocr_carea' id='block_1_5' title="bbox 1996 468 3582 548">
    <p class='ocr_par' dir='ltr' id='par_1_5' title="bbox 2005 469 3582 546">
     <span class='ocr_line' id='line_1_5' title="bbox 2005 469 3582 546; baseline 0.001 -19"><span class='ocrx_word' id='word_1_15' title='bbox 2005 480 2113 528; x_wconf 88' lang='lat' dir='ltr'><strong>tam</strong></span> <span class='ocrx_word' id='word_1_16' title='bbox 2147 470 2357 529; x_wconf 89' lang='lat' dir='ltr'><strong>reddat.</strong></span> <span class='ocrx_word' id='word_1_17' title='bbox 2387 469 2749 539; x_wconf 81' lang='lat' dir='ltr'><strong>Quamobrem</strong></span> <span class='ocrx_word' id='word_1_18' title='bbox 2796 470 2961 531; x_wconf 79' lang='lat' dir='ltr'><strong>elatio</strong></span> <span class='ocrx_word' id='word_1_19' title='bbox 3000 472 3147 546; x_wconf 85' lang='lat' dir='ltr'><strong>ipsos</strong></span> <span class='ocrx_word' id='word_1_20' title='bbox 3164 470 3329 529; x_wconf 85' lang='lat' dir='ltr'><strong>etiam</strong></span> <span class='ocrx_word' id='word_1_21' title='bbox 3356 470 3582 542; x_wconf 79' lang='lat' dir='ltr'><strong>angelos</strong></span> 
     </span>
    </p>
   </div>
   <div class='ocr_carea' id='block_1_6' title="bbox 318 564 1899 638">
    <p class='ocr_par' dir='ltr' id='par_1_6' title="bbox 318 564 1899 638">
     <span class='ocr_line' id='line_1_6' title="bbox 318 564 1899 638; baseline -0.003 -16"><span class='ocrx_word' id='word_1_22' title='bbox 318 569 586 638; x_wconf 79' lang='grc' dir='ltr'><strong>ἀγγέλους</strong></span> <span class='ocrx_word' id='word_1_23' title='bbox 616 569 881 623; x_wconf 85' lang='grc' dir='ltr'>ἀπόλλυσι</span> <span class='ocrx_word' id='word_1_24' title='bbox 922 584 938 599; x_wconf 89' lang='grc'><strong>·</strong></span> <span class='ocrx_word' id='word_1_25' title='bbox 968 568 1029 622; x_wconf 82' lang='grc' dir='ltr'>τὸ</span> <span class='ocrx_word' id='word_1_26' title='bbox 1048 568 1105 623; x_wconf 77' lang='grc' dir='ltr'>δὲ</span> <span class='ocrx_word' id='word_1_27' title='bbox 1135 567 1342 638; x_wconf 81' lang='grc' dir='ltr'><strong>ταύτης</strong></span> <span class='ocrx_word' id='word_1_28' title='bbox 1379 565 1627 621; x_wconf 77' lang='grc' dir='ltr'>ἐναντίον</span> <span class='ocrx_word' id='word_1_29' title='bbox 1688 567 1749 619; x_wconf 80' lang='grc' dir='ltr'>τὸ</span> <span class='ocrx_word' id='word_1_30' title='bbox 1802 564 1899 631; x_wconf 87' lang='grc' dir='ltr'>μέ-</span> 
     </span>
    </p>
   </div>
   <div class='ocr_carea' id='block_1_7' title="bbox 314 657 1899 730">
    <p class='ocr_par' dir='ltr' id='par_1_7' title="bbox 314 657 1899 730">
     <span class='ocr_line' id='line_1_7' title="bbox 314 657 1899 730; baseline 0.001 -20"><span class='ocrx_word' id='word_1_31' title='bbox 314 678 341 710; x_wconf 84' lang='grc' dir='ltr'><strong>τ</strong></span> <span class='ocrx_word' id='word_1_32' title='bbox 351 677 471 730; x_wconf 74' lang='grc' dir='ltr'>ριον</span> <span class='ocrx_word' id='word_1_33' title='bbox 500 661 817 728; x_wconf 76' lang='grc' dir='ltr'><strong>ἀναγκαίως</strong></span> <span class='ocrx_word' id='word_1_34' title='bbox 839 661 1103 714; x_wconf 89' lang='grc' dir='ltr'>τάναντία</span> <span class='ocrx_word' id='word_1_35' title='bbox 1126 657 1516 728; x_wconf 79' lang='grc' dir='ltr'>διαπράξεται,</span> <span class='ocrx_word' id='word_1_36' title='bbox 1564 658 1662 713; x_wconf 78' lang='grc' dir='ltr'>καὶ</span> <span class='ocrx_word' id='word_1_37' title='bbox 1689 658 1899 712; x_wconf 72' lang='grc' dir='ltr'>ἐπανα-</span> 
     </span>
    </p>
   </div>
   <div class='ocr_carea' id='block_1_8' title="bbox 319 745 1899 825">
    <p class='ocr_par' dir='ltr' id='par_1_8' title="bbox 319 745 1899 825">
     <span class='ocr_line' id='line_1_8' title="bbox 319 745 1899 825; baseline -0.003 -18"><span class='ocrx_word' id='word_1_38' title='bbox 319 755 484 807; x_wconf 79' lang='grc' dir='ltr'>σὼσει</span> <span class='ocrx_word' id='word_1_39' title='bbox 515 753 644 816; x_wconf 79' lang='grc' dir='ltr'>τοὺς</span> <span class='ocrx_word' id='word_1_40' title='bbox 675 751 1004 825; x_wconf 84' lang='grc' dir='ltr'><strong>ἀνθρώπους</strong></span> <span class='ocrx_word' id='word_1_41' title='bbox 1031 752 1110 822; x_wconf 85' lang='grc' dir='ltr'>τῷ</span> <span class='ocrx_word' id='word_1_42' title='bbox 1142 753 1433 814; x_wconf 78' lang='grc' dir='ltr'><strong>πλάσαντι,</strong></span> <span class='ocrx_word' id='word_1_43' title='bbox 1474 745 1552 807; x_wconf 82' lang='grc' dir='ltr'>ὧν</span> <span class='ocrx_word' id='word_1_44' title='bbox 1584 750 1714 815; x_wconf 80' lang='grc' dir='ltr'>τοὺς</span> <span class='ocrx_word' id='word_1_45' title='bbox 1761 765 1899 821; x_wconf 85' lang='grc' dir='ltr'>προ-</span> 
     </span>
    </p>
   </div>
   <div class='ocr_carea' id='block_1_9' title="bbox 315 839 1898 913">
    <p class='ocr_par' dir='ltr' id='par_1_9' title="bbox 315 839 1898 913">
     <span class='ocr_line' id='line_1_9' title="bbox 315 839 1898 913; baseline -0.003 -16"><span class='ocrx_word' id='word_1_46' title='bbox 315 847 513 911; x_wconf 79' lang='grc' dir='ltr'>γόνους</span> <span class='ocrx_word' id='word_1_47' title='bbox 542 843 831 899; x_wconf 85' lang='grc' dir='ltr'>ἀπὼλεσεν</span> <span class='ocrx_word' id='word_1_48' title='bbox 876 845 910 913; x_wconf 79' lang='grc' dir='ltr'>ἠ</span> <span class='ocrx_word' id='word_1_49' title='bbox 950 843 1265 908; x_wconf 79' lang='grc' dir='ltr'>ἐξεναντίας</span> <span class='ocrx_word' id='word_1_50' title='bbox 1300 844 1366 913; x_wconf 78' lang='grc' dir='ltr'><strong>τῇ</strong></span> <span class='ocrx_word' id='word_1_51' title='bbox 1414 839 1898 912; x_wconf 70' lang='grc' dir='ltr'>ταπεινοφροσύνῃ</span> 
     </span>
    </p>
   </div>
   <div class='ocr_carea' id='block_1_10' title="bbox 318 933 1898 1007">
    <p class='ocr_par' dir='ltr' id='par_1_10' title="bbox 318 933 1898 1007">
     <span class='ocr_line' id='line_1_10' title="bbox 318 933 1898 1007; baseline -0.002 -17"><span class='ocrx_word' id='word_1_52' title='bbox 318 940 509 993; x_wconf 83' lang='grc' dir='ltr'>κακία.</span> <span class='ocrx_word' id='word_1_53' title='bbox 565 936 828 991; x_wconf 78' lang='grc' dir='ltr'>ἰσοθεταν</span> <span class='ocrx_word' id='word_1_54' title='bbox 859 937 969 1007; x_wconf 82' lang='grc' dir='ltr'>γὰρ</span> <span class='ocrx_word' id='word_1_55' title='bbox 991 935 1416 1006; x_wconf 74' lang='grc' dir='ltr'>φαντασθέντες,</span> <span class='ocrx_word' id='word_1_56' title='bbox 1442 933 1770 990; x_wconf 69' lang='grc' dir='ltr'><strong>ἐκπίπτουσι</strong></span> <span class='ocrx_word' id='word_1_57' title='bbox 1797 934 1898 1005; x_wconf 74' lang='grc' dir='ltr'>μὲν</span> 
     </span>
    </p>
   </div>
   <div class='ocr_carea' id='block_1_11' title="bbox 316 1024 1897 1101">
    <p class='ocr_par' dir='ltr' id='par_1_11' title="bbox 316 1024 1897 1101">
     <span class='ocr_line' id='line_1_11' title="bbox 316 1024 1897 1101; baseline -0.001 -21"><span class='ocrx_word' id='word_1_58' title='bbox 316 1031 521 1083; x_wconf 73' lang='grc' dir='ltr'>ἐκεῖνοι</span> <span class='ocrx_word' id='word_1_59' title='bbox 553 1029 650 1083; x_wconf 83' lang='grc' dir='ltr'>τοῦ</span> <span class='ocrx_word' id='word_1_60' title='bbox 674 1028 1008 1101; x_wconf 80' lang='grc' dir='ltr'>παραδείσου</span> <span class='ocrx_word' id='word_1_61' title='bbox 1048 1031 1144 1083; x_wconf 81' lang='grc' dir='ltr'>καὶ</span> <span class='ocrx_word' id='word_1_62' title='bbox 1173 1026 1269 1082; x_wconf 82' lang='grc' dir='ltr'><strong>τοῦ</strong></span> <span class='ocrx_word' id='word_1_63' title='bbox 1306 1026 1466 1091; x_wconf 78' lang='grc' dir='ltr'>Θεοῦ,</span> <span class='ocrx_word' id='word_1_64' title='bbox 1496 1026 1558 1081; x_wconf 59' lang='lat' dir='ltr'><strong>es</strong></span> <span class='ocrx_word' id='word_1_65' title='bbox 1586 1026 1643 1081; x_wconf 81' lang='grc' dir='ltr'><strong>δέ</strong></span> <span class='ocrx_word' id='word_1_66' title='bbox 1674 1042 1738 1095; x_wconf 88' lang='grc' dir='ltr'><strong>γε</strong></span> <span class='ocrx_word' id='word_1_67' title='bbox 1764 1024 1897 1081; x_wconf 63' lang='grc' dir='ltr'>τούς</span> 
     </span>
    </p>
   </div>
   <div class='ocr_carea' id='block_1_12' title="bbox 314 1119 1900 1195">
    <p class='ocr_par' dir='ltr' id='par_1_12' title="bbox 314 1119 1900 1195">
     <span class='ocr_line' id='line_1_12' title="bbox 314 1119 1900 1195; baseline 0.001 -24"><span class='ocrx_word' id='word_1_68' title='bbox 314 1139 435 1184; x_wconf 85' lang='grc' dir='ltr'>τοις</span> <span class='ocrx_word' id='word_1_69' title='bbox 462 1123 680 1193; x_wconf 76' lang='grc' dir='ltr'>συμϐὰν</span> <span class='ocrx_word' id='word_1_70' title='bbox 705 1120 1024 1185; x_wconf 79' lang='grc' dir='ltr'>ἀκολούθως</span> <span class='ocrx_word' id='word_1_71' title='bbox 1055 1124 1152 1176; x_wconf 79' lang='grc' dir='ltr'>καὶ</span> <span class='ocrx_word' id='word_1_72' title='bbox 1206 1124 1322 1186; x_wconf 76' lang='grc' dir='ltr'>τοῖς</span> <span class='ocrx_word' id='word_1_73' title='bbox 1347 1121 1411 1186; x_wconf 72' lang='grc' dir='ltr'><strong>ἐξ</strong></span> <span class='ocrx_word' id='word_1_74' title='bbox 1431 1119 1617 1174; x_wconf 78' lang='grc' dir='ltr'>αὐτῶν</span> <span class='ocrx_word' id='word_1_75' title='bbox 1650 1120 1900 1195; x_wconf 80' lang='grc' dir='ltr'>ἐπισυμ-</span> 
     </span>
    </p>
   </div>
   <div class='ocr_carea' id='block_1_13' title="bbox 314 1207 1896 1271">
    <p class='ocr_par' dir='ltr' id='par_1_13' title="bbox 314 1207 1896 1271">
     <span class='ocr_line' id='line_1_13' title="bbox 314 1207 1896 1271; baseline -0.003 -1"><span class='ocrx_word' id='word_1_76' title='bbox 314 1216 496 1270; x_wconf 85' lang='grc' dir='ltr'>ϐαίνει</span> <span class='ocrx_word' id='word_1_77' title='bbox 522 1215 731 1270; x_wconf 89' lang='grc' dir='ltr'>παισίν.</span> <span class='ocrx_word' id='word_1_78' title='bbox 771 1214 916 1268; x_wconf 79' lang='grc' dir='ltr'>Ἀλλ’</span> <span class='ocrx_word' id='word_1_79' title='bbox 955 1216 1048 1271; x_wconf 75' lang='grc' dir='ltr'><strong>ἐπὶ</strong></span> <span class='ocrx_word' id='word_1_80' title='bbox 1078 1215 1280 1271; x_wconf 85' lang='grc' dir='ltr'>νύσσαν</span> <span class='ocrx_word' id='word_1_81' title='bbox 1303 1214 1397 1268; x_wconf 80' lang='grc' dir='ltr'>τὸν</span> <span class='ocrx_word' id='word_1_82' title='bbox 1418 1207 1628 1267; x_wconf 72' lang='grc' dir='ltr'>πῶλον.</span> <span class='ocrx_word' id='word_1_83' title='bbox 1686 1212 1753 1266; x_wconf 85' lang='grc' dir='ltr'><strong><em>Ἥ</em></strong></span> <span class='ocrx_word' id='word_1_84' title='bbox 1785 1210 1896 1266; x_wconf 87' lang='grc' dir='ltr'>τοί-</span> 
     </span>
    </p>
   </div>
   <div class='ocr_carea' id='block_1_14' title="bbox 313 1302 1898 1378">
    <p class='ocr_par' dir='ltr' id='par_1_14' title="bbox 313 1302 1898 1378">
     <span class='ocr_line' id='line_1_14' title="bbox 313 1302 1898 1378; baseline -0.002 -20"><span class='ocrx_word' id='word_1_85' title='bbox 313 1324 411 1359; x_wconf 83' lang='grc' dir='ltr'><strong>νυν</strong></span> <span class='ocrx_word' id='word_1_86' title='bbox 440 1308 918 1378; x_wconf 81' lang='grc' dir='ltr'>ταπεινοφροσύνη</span> <span class='ocrx_word' id='word_1_87' title='bbox 942 1309 1038 1360; x_wconf 80' lang='grc' dir='ltr'>καὶ</span> <span class='ocrx_word' id='word_1_88' title='bbox 1066 1305 1170 1375; x_wconf 84' lang='grc' dir='ltr'>τῆς</span> <span class='ocrx_word' id='word_1_89' title='bbox 1201 1305 1436 1369; x_wconf 73' lang='grc' dir='ltr'>Αἴαντος</span> <span class='ocrx_word' id='word_1_90' title='bbox 1468 1304 1702 1368; x_wconf 81' lang='grc' dir='ltr'>ἀσπίδος</span> <span class='ocrx_word' id='word_1_91' title='bbox 1735 1302 1898 1372; x_wconf 80' lang='grc' dir='ltr'>ἀμεί-</span> 
     </span>
    </p>
   </div>
   <div class='ocr_carea' id='block_1_15' title="bbox 313 1394 1894 1470">
    <p class='ocr_par' dir='ltr' id='par_1_15' title="bbox 313 1394 1894 1470">
     <span class='ocr_line' id='line_1_15' title="bbox 313 1394 1894 1470; baseline -0.001 -22"><span class='ocrx_word' id='word_1_92' title='bbox 313 1415 424 1449; x_wconf 85' lang='grc' dir='ltr'><strong>νων</strong></span> <span class='ocrx_word' id='word_1_93' title='bbox 449 1397 895 1468; x_wconf 82' lang='grc' dir='ltr'>προϐεϐλημένη.</span> <span class='ocrx_word' id='word_1_94' title='bbox 934 1394 1043 1458; x_wconf 77' lang='grc' dir='ltr'>Ἦν</span> <span class='ocrx_word' id='word_1_95' title='bbox 1092 1401 1191 1470; x_wconf 79' lang='grc' dir='ltr'>μὲν</span> <span class='ocrx_word' id='word_1_96' title='bbox 1229 1398 1339 1468; x_wconf 80' lang='grc' dir='ltr'>γὰρ</span> <span class='ocrx_word' id='word_1_97' title='bbox 1368 1395 1599 1468; x_wconf 81' lang='grc' dir='ltr'>κάκείνη</span> <span class='ocrx_word' id='word_1_98' title='bbox 1642 1394 1894 1465; x_wconf 75' lang='grc' dir='ltr'>τοιαύτη,</span> 
     </span>
    </p>
   </div>
   <div class='ocr_carea' id='block_1_16' title="bbox 314 1486 1899 1560">
    <p class='ocr_par' dir='ltr' id='par_1_16' title="bbox 314 1486 1899 1560">
     <span class='ocr_line' id='line_1_16' title="bbox 314 1486 1899 1560; baseline -0.001 -18"><span class='ocrx_word' id='word_1_99' title='bbox 314 1490 550 1560; x_wconf 82' lang='grc' dir='ltr'>βύρσαις</span> <span class='ocrx_word' id='word_1_100' title='bbox 582 1490 724 1543; x_wconf 80' lang='grc' dir='ltr'>ὲπτά</span> <span class='ocrx_word' id='word_1_101' title='bbox 754 1491 1268 1560; x_wconf 75' lang='grc' dir='ltr'><strong>κατεσκευασμένη,</strong></span> <span class='ocrx_word' id='word_1_102' title='bbox 1307 1488 1395 1543; x_wconf 77' lang='grc' dir='ltr'>οἵα</span> <span class='ocrx_word' id='word_1_103' title='bbox 1441 1488 1512 1542; x_wconf 79' lang='grc' dir='ltr'>τὰ</span> <span class='ocrx_word' id='word_1_104' title='bbox 1572 1486 1684 1542; x_wconf 87' lang='grc' dir='ltr'><strong>τῶν</strong></span> <span class='ocrx_word' id='word_1_105' title='bbox 1738 1486 1899 1541; x_wconf 78' lang='grc' dir='ltr'>πολεο</span> 
     </span>
    </p>
   </div>
   <div class='ocr_carea' id='block_1_17' title="bbox 317 1582 1898 1655">
    <p class='ocr_par' dir='ltr' id='par_1_17' title="bbox 317 1582 1898 1655">
     <span class='ocr_line' id='line_1_17' title="bbox 317 1582 1898 1655; baseline 0 -20"><span class='ocrx_word' id='word_1_106' title='bbox 317 1585 462 1653; x_wconf 76' lang='grc' dir='ltr'>μίων</span> <span class='ocrx_word' id='word_1_107' title='bbox 506 1584 635 1653; x_wconf 78' lang='grc' dir='ltr'>βέλη</span> <span class='ocrx_word' id='word_1_108' title='bbox 673 1584 842 1654; x_wconf 86' lang='grc' dir='ltr'>μηδὲν</span> <span class='ocrx_word' id='word_1_109' title='bbox 873 1585 1003 1638; x_wconf 79' lang='grc' dir='ltr'>ὄντα</span> <span class='ocrx_word' id='word_1_110' title='bbox 1021 1585 1215 1650; x_wconf 78' lang='grc' dir='ltr'>δεῖξαι.</span> <span class='ocrx_word' id='word_1_111' title='bbox 1257 1585 1332 1641; x_wconf 78' lang='grc' dir='ltr'><strong>Οὐ</strong></span> <span class='ocrx_word' id='word_1_112' title='bbox 1367 1582 1475 1655; x_wconf 82' lang='grc' dir='ltr'><strong>μὴν</strong></span> <span class='ocrx_word' id='word_1_113' title='bbox 1500 1584 1726 1637; x_wconf 81' lang='grc' dir='ltr'>κάκεῐνο</span> <span class='ocrx_word' id='word_1_114' title='bbox 1755 1598 1898 1652; x_wconf 84' lang='grc' dir='ltr'>παρ-</span> 
     </span>
    </p>
   </div>
   <div class='ocr_carea' id='block_1_18' title="bbox 313 1674 1899 1751">
    <p class='ocr_par' dir='ltr' id='par_1_18' title="bbox 313 1674 1899 1751">
     <span class='ocr_line' id='line_1_18' title="bbox 313 1674 1899 1751; baseline 0 -22"><span class='ocrx_word' id='word_1_115' title='bbox 313 1679 435 1748; x_wconf 82' lang='grc' dir='ltr'>εἶχε</span> <span class='ocrx_word' id='word_1_116' title='bbox 487 1678 734 1751; x_wconf 79' lang='grc' dir='ltr'>θαρρεἰν,</span> <span class='ocrx_word' id='word_1_117' title='bbox 790 1678 866 1742; x_wconf 84' lang='grc' dir='ltr'><strong>ὡς</strong></span> <span class='ocrx_word' id='word_1_118' title='bbox 912 1677 1003 1749; x_wconf 81' lang='grc' dir='ltr'><strong>ἄρ’</strong></span> <span class='ocrx_word' id='word_1_119' title='bbox 1056 1678 1213 1732; x_wconf 82' lang='grc' dir='ltr'>οὐδὲν</span> <span class='ocrx_word' id='word_1_120' title='bbox 1269 1677 1420 1732; x_wconf 79' lang='grc' dir='ltr'>ἔσται</span> <span class='ocrx_word' id='word_1_121' title='bbox 1476 1676 1802 1748; x_wconf 84' lang='grc' dir='ltr'>μηχάνημα,</span> <span class='ocrx_word' id='word_1_122' title='bbox 1836 1674 1899 1729; x_wconf 82' lang='grc' dir='ltr'><strong>τὸ</strong></span> 
     </span>
    </p>
   </div>
   <div class='ocr_carea' id='block_1_19' title="bbox 311 1768 1974 1872">
    <p class='ocr_par' dir='ltr' id='par_1_19' title="bbox 311 1768 1974 1872">
     <span class='ocr_line' id='line_1_19' title="bbox 311 1768 1974 1872; baseline -0.001 -50"><span class='ocrx_word' id='word_1_123' title='bbox 311 1769 683 1840; x_wconf 86' lang='grc' dir='ltr'>δυνησόμενόν</span> <span class='ocrx_word' id='word_1_124' title='bbox 717 1787 847 1824; x_wconf 87' lang='grc' dir='ltr'>ποτε</span> <span class='ocrx_word' id='word_1_125' title='bbox 873 1770 1079 1872; x_wconf 57' lang='grc' dir='ltr'>ταύτην</span> <span class='ocrx_word' id='word_1_126' title='bbox 1112 1768 1334 1841; x_wconf 75' lang='grc' dir='ltr'>βλάψαι.</span> <span class='ocrx_word' id='word_1_127' title='bbox 1353 1768 1418 1823; x_wconf 85' lang='grc' dir='ltr'><em>Ἢ</em></span> <span class='ocrx_word' id='word_1_128' title='bbox 1450 1768 1508 1823; x_wconf 83' lang='grc' dir='ltr'>δὲ</span> <span class='ocrx_word' id='word_1_129' title='bbox 1533 1784 1897 1839; x_wconf 85' lang='grc' dir='ltr'>ταπεινοφρο-</span> <span class='ocrx_word' id='word_1_130' title='bbox 1925 1812 1974 1872; x_wconf 80' lang='grc' dir='ltr'><strong>Β</strong></span> 
     </span>
    </p>
   </div>
   <div class='ocr_carea' id='block_1_20' title="bbox 316 1857 1900 1933">
    <p class='ocr_par' dir='ltr' id='par_1_20' title="bbox 316 1857 1900 1933">
     <span class='ocr_line' id='line_1_20' title="bbox 316 1857 1900 1933; baseline -0.001 -20"><span class='ocrx_word' id='word_1_131' title='bbox 316 1860 482 1930; x_wconf 89' lang='grc' dir='ltr'>σύνη,</span> <span class='ocrx_word' id='word_1_132' title='bbox 518 1860 800 1933; x_wconf 86' lang='grc' dir='ltr'>μονοειδής</span> <span class='ocrx_word' id='word_1_133' title='bbox 828 1879 911 1925; x_wconf 87' lang='grc' dir='ltr'><strong>τις</strong></span> <span class='ocrx_word' id='word_1_134' title='bbox 942 1857 1084 1916; x_wconf 84' lang='grc' dir='ltr'>οὖσα</span> <span class='ocrx_word' id='word_1_135' title='bbox 1114 1861 1209 1915; x_wconf 77' lang='grc' dir='ltr'>καὶ</span> <span class='ocrx_word' id='word_1_136' title='bbox 1249 1860 1400 1930; x_wconf 81' lang='grc' dir='ltr'>ἁπλῆ</span> <span class='ocrx_word' id='word_1_137' title='bbox 1441 1863 1506 1932; x_wconf 76' lang='grc' dir='ltr'>τῇ</span> <span class='ocrx_word' id='word_1_138' title='bbox 1540 1860 1687 1931; x_wconf 82' lang='grc' dir='ltr'>ψυχῇ</span> <span class='ocrx_word' id='word_1_139' title='bbox 1740 1857 1900 1912; x_wconf 84' lang='grc' dir='ltr'>δύνα-</span> 
     </span>
    </p>
   </div>
   <div class='ocr_carea' id='block_1_21' title="bbox 316 1947 1903 2023">
    <p class='ocr_par' dir='ltr' id='par_1_21' title="bbox 316 1947 1903 2023">
     <span class='ocr_line' id='line_1_21' title="bbox 316 1947 1903 2023; baseline -0.001 -18"><span class='ocrx_word' id='word_1_140' title='bbox 316 1970 440 2023; x_wconf 85' lang='grc' dir='ltr'>μις,</span> <span class='ocrx_word' id='word_1_141' title='bbox 469 1952 566 2006; x_wconf 71' lang='grc' dir='ltr'>εἶτ’</span> <span class='ocrx_word' id='word_1_142' title='bbox 615 1947 708 2009; x_wconf 78' lang='grc' dir='ltr'>οὖν</span> <span class='ocrx_word' id='word_1_143' title='bbox 751 1953 887 2020; x_wconf 79' lang='grc' dir='ltr'>ἕξις,</span> <span class='ocrx_word' id='word_1_144' title='bbox 919 1951 1181 2018; x_wconf 81' lang='grc' dir='ltr'>διασώζει</span> <span class='ocrx_word' id='word_1_145' title='bbox 1227 1952 1355 2016; x_wconf 80' lang='grc' dir='ltr'>τοὺς</span> <span class='ocrx_word' id='word_1_146' title='bbox 1403 1952 1576 2022; x_wconf 85' lang='grc' dir='ltr'>αὐτὴν</span> <span class='ocrx_word' id='word_1_147' title='bbox 1628 1950 1903 2020; x_wconf 81' lang='grc' dir='ltr'>κεκτημέ-</span> 
     </span>
    </p>
   </div>
   <div class='ocr_carea' id='block_1_22' title="bbox 311 2038 1897 2117">
    <p class='ocr_par' dir='ltr' id='par_1_22' title="bbox 311 2038 1897 2117">
     <span class='ocr_line' id='line_1_22' title="bbox 311 2038 1897 2117; baseline -0.001 -18"><span class='ocrx_word' id='word_1_148' title='bbox 311 2064 467 2112; x_wconf 87' lang='grc' dir='ltr'>νους,</span> <span class='ocrx_word' id='word_1_149' title='bbox 496 2046 589 2114; x_wconf 82' lang='grc' dir='ltr'><strong>ἀφ’</strong></span> <span class='ocrx_word' id='word_1_150' title='bbox 622 2048 766 2101; x_wconf 82' lang='grc' dir='ltr'>ὅσων</span> <span class='ocrx_word' id='word_1_151' title='bbox 820 2046 888 2101; x_wconf 82' lang='grc' dir='ltr'>ἂν</span> <span class='ocrx_word' id='word_1_152' title='bbox 932 2046 1186 2117; x_wconf 88' lang='grc' dir='ltr'>φοϐερῶν</span> <span class='ocrx_word' id='word_1_153' title='bbox 1244 2044 1625 2117; x_wconf 74' lang='grc' dir='ltr'>ἑνθυμηθῆναι</span> <span class='ocrx_word' id='word_1_154' title='bbox 1666 2038 1779 2096; x_wconf 82' lang='grc' dir='ltr'>οἶόν</span> <span class='ocrx_word' id='word_1_155' title='bbox 1813 2058 1897 2097; x_wconf 88' lang='grc' dir='ltr'><strong>τε.</strong></span> 
     </span>
    </p>
   </div>
   <div class='ocr_carea' id='block_1_23' title="bbox 312 2136 1898 2213">
    <p class='ocr_par' dir='ltr' id='par_1_23' title="bbox 312 2136 1898 2213">
     <span class='ocr_line' id='line_1_23' title="bbox 312 2136 1898 2213; baseline -0.001 -24"><span class='ocrx_word' id='word_1_156' title='bbox 312 2139 395 2189; x_wconf 70' lang='grc' dir='ltr'><strong>ιὶὺ</strong></span> <span class='ocrx_word' id='word_1_157' title='bbox 426 2139 586 2191; x_wconf 70' lang='grc' dir='ltr'>μόνον</span> <span class='ocrx_word' id='word_1_158' title='bbox 613 2140 671 2192; x_wconf 74' lang='grc' dir='ltr'>δὲ</span> <span class='ocrx_word' id='word_1_159' title='bbox 706 2141 820 2204; x_wconf 82' lang='grc' dir='ltr'>τοῖς</span> <span class='ocrx_word' id='word_1_160' title='bbox 866 2141 951 2203; x_wconf 87' lang='grc' dir='ltr'><strong>είς</strong></span> <span class='ocrx_word' id='word_1_161' title='bbox 995 2142 1171 2213; x_wconf 76' lang='grc' dir='ltr'>αὐτήν</span> <span class='ocrx_word' id='word_1_162' title='bbox 1222 2158 1285 2209; x_wconf 90' lang='grc' dir='ltr'><strong>γε</strong></span> <span class='ocrx_word' id='word_1_163' title='bbox 1317 2138 1688 2212; x_wconf 77' lang='grc' dir='ltr'>τεθαῤῥηκόσι</span> <span class='ocrx_word' id='word_1_164' title='bbox 1736 2136 1898 2190; x_wconf 76' lang='grc' dir='ltr'>πάντ’</span> 
     </span>
    </p>
   </div>
   <div class='ocr_carea' id='block_1_24' title="bbox 310 2228 1898 2304">
    <p class='ocr_par' dir='ltr' id='par_1_24' title="bbox 310 2228 1898 2304">
     <span class='ocr_line' id='line_1_24' title="bbox 310 2228 1898 2304; baseline -0.002 -20"><span class='ocrx_word' id='word_1_165' title='bbox 310 2230 387 2284; x_wconf 84' lang='grc' dir='ltr'>ἂν</span> <span class='ocrx_word' id='word_1_166' title='bbox 415 2230 634 2298; x_wconf 87' lang='grc' dir='ltr'>γένοιτο</span> <span class='ocrx_word' id='word_1_167' title='bbox 670 2232 741 2287; x_wconf 81' lang='grc' dir='ltr'>τὰ</span> <span class='ocrx_word' id='word_1_168' title='bbox 776 2232 1182 2304; x_wconf 82' lang='grc' dir='ltr'>προειρημένα,</span> <span class='ocrx_word' id='word_1_169' title='bbox 1222 2233 1359 2285; x_wconf 89' lang='grc' dir='ltr'><strong>ἀλλά</strong></span> <span class='ocrx_word' id='word_1_170' title='bbox 1387 2234 1482 2287; x_wconf 79' lang='grc' dir='ltr'>καὶ</span> <span class='ocrx_word' id='word_1_171' title='bbox 1512 2230 1715 2292; x_wconf 81' lang='grc' dir='ltr'>πάντες</span> <span class='ocrx_word' id='word_1_172' title='bbox 1769 2228 1898 2296; x_wconf 79' lang='grc' dir='ltr'><strong>ἑξῆς</strong></span> 
     </span>
    </p>
   </div>
   <div class='ocr_carea' id='block_1_25' title="bbox 311 2322 1898 2397">
    <p class='ocr_par' dir='ltr' id='par_1_25' title="bbox 311 2322 1898 2397">
     <span class='ocr_line' id='line_1_25' title="bbox 311 2322 1898 2397; baseline 0 -24"><span class='ocrx_word' id='word_1_173' title='bbox 311 2322 366 2373; x_wconf 70' lang='grc' dir='ltr'>οἱ</span> <span class='ocrx_word' id='word_1_174' title='bbox 392 2325 619 2393; x_wconf 76' lang='grc' dir='ltr'>καρποὶ,</span> <span class='ocrx_word' id='word_1_175' title='bbox 647 2322 741 2386; x_wconf 81' lang='grc' dir='ltr'>οὓς</span> <span class='ocrx_word' id='word_1_176' title='bbox 773 2326 824 2377; x_wconf 83' lang='lat' dir='ltr'><strong>oi</strong></span> <span class='ocrx_word' id='word_1_177' title='bbox 852 2325 953 2395; x_wconf 81' lang='grc' dir='ltr'>τῆς</span> <span class='ocrx_word' id='word_1_178' title='bbox 983 2326 1188 2397; x_wconf 81' lang='grc' dir='ltr'>ἀρετῆς</span> <span class='ocrx_word' id='word_1_179' title='bbox 1226 2325 1456 2396; x_wconf 81' lang='grc' dir='ltr'>φέρουσι</span> <span class='ocrx_word' id='word_1_180' title='bbox 1494 2326 1668 2387; x_wconf 81' lang='grc' dir='ltr'>πόνοι,</span> <span class='ocrx_word' id='word_1_181' title='bbox 1692 2323 1745 2375; x_wconf 83' lang='grc' dir='ltr'><strong>εί</strong></span> <span class='ocrx_word' id='word_1_182' title='bbox 1800 2323 1898 2375; x_wconf 80' lang='grc' dir='ltr'>σὺν</span> 
     </span>
    </p>
   </div>
   <div class='ocr_carea' id='block_1_26' title="bbox 315 2412 1898 2488">
    <p class='ocr_par' dir='ltr' id='par_1_26' title="bbox 315 2412 1898 2488">
     <span class='ocr_line' id='line_1_26' title="bbox 315 2412 1898 2488; baseline -0.002 -21"><span class='ocrx_word' id='word_1_183' title='bbox 315 2416 458 2486; x_wconf 76' lang='grc' dir='ltr'>αὐτῇ</span> <span class='ocrx_word' id='word_1_184' title='bbox 492 2416 589 2469; x_wconf 80' lang='grc' dir='ltr'>καὶ</span> <span class='ocrx_word' id='word_1_185' title='bbox 612 2417 787 2484; x_wconf 77' lang='grc' dir='ltr'>καλοὶ,</span> <span class='ocrx_word' id='word_1_186' title='bbox 811 2416 942 2471; x_wconf 79' lang='grc' dir='ltr'>ἀνευ</span> <span class='ocrx_word' id='word_1_187' title='bbox 973 2417 1029 2470; x_wconf 81' lang='grc' dir='ltr'>δὲ</span> <span class='ocrx_word' id='word_1_188' title='bbox 1059 2416 1267 2488; x_wconf 85' lang='grc' dir='ltr'>ταύτης</span> <span class='ocrx_word' id='word_1_189' title='bbox 1295 2417 1484 2471; x_wconf 83' lang='grc' dir='ltr'>οὐκέτι</span> <span class='ocrx_word' id='word_1_190' title='bbox 1511 2431 1528 2448; x_wconf 86' lang='grc'>⁶</span> <span class='ocrx_word' id='word_1_191' title='bbox 1560 2417 1651 2470; x_wconf 83' lang='grc' dir='ltr'>ὅτε</span> <span class='ocrx_word' id='word_1_192' title='bbox 1679 2414 1770 2468; x_wconf 76' lang='grc' dir='ltr'><strong>καί</strong></span> <span class='ocrx_word' id='word_1_193' title='bbox 1804 2412 1898 2465; x_wconf 91' lang='grc' dir='ltr'>λυ-</span> 
     </span>
    </p>
   </div>
   <div class='ocr_carea' id='block_1_27' title="bbox 311 2494 1897 2582">
    <p class='ocr_par' dir='ltr' id='par_1_27' title="bbox 311 2494 1897 2582">
     <span class='ocr_line' id='line_1_27' title="bbox 311 2494 1897 2582; baseline 0.008 -23"><span class='ocrx_word' id='word_1_194' title='bbox 311 2509 599 2579; x_wconf 61' lang='grc' dir='ltr'>μήνασθαι</span> <span class='ocrx_word' id='word_1_195' title='bbox 649 2509 911 2564; x_wconf 88' lang='grc' dir='ltr'>δύνανται</span> <span class='ocrx_word' id='word_1_196' title='bbox 935 2512 1053 2575; x_wconf 79' lang='grc' dir='ltr'>τοῖς</span> <span class='ocrx_word' id='word_1_197' title='bbox 1110 2511 1188 2582; x_wconf 84' lang='grc' dir='ltr'>μὴ</span> <span class='ocrx_word' id='word_1_198' title='bbox 1232 2510 1370 2581; x_wconf 83' lang='grc' dir='ltr'><strong>μετά</strong></span> <span class='ocrx_word' id='word_1_199' title='bbox 1417 2510 1520 2575; x_wconf 83' lang='grc' dir='ltr'>τῆς</span> <span class='ocrx_word' id='word_1_200' title='bbox 1550 2494 1897 2578; x_wconf 76' lang='grc' dir='ltr'>πρεπούσης</span> 
     </span>
    </p>
   </div>
   <div class='ocr_carea' id='block_1_28' title="bbox 311 2599 1894 2675">
    <p class='ocr_par' dir='ltr' id='par_1_28' title="bbox 311 2599 1894 2675">
     <span class='ocr_line' id='line_1_28' title="bbox 311 2599 1894 2675; baseline -0.002 -20"><span class='ocrx_word' id='word_1_201' title='bbox 311 2602 795 2674; x_wconf 84' lang='grc' dir='ltr'>μετριοφροσύνης</span> <span class='ocrx_word' id='word_1_202' title='bbox 865 2602 1067 2668; x_wconf 81' lang='grc' dir='ltr'>αὐτοὺς</span> <span class='ocrx_word' id='word_1_203' title='bbox 1114 2604 1419 2675; x_wconf 83' lang='grc' dir='ltr'>τρυγῶσιν.</span> <span class='ocrx_word' id='word_1_204' title='bbox 1491 2601 1570 2658; x_wconf 81' lang='grc' dir='ltr'><strong>Οὐ</strong></span> <span class='ocrx_word' id='word_1_205' title='bbox 1606 2602 1719 2672; x_wconf 80' lang='grc' dir='ltr'>μὴν</span> <span class='ocrx_word' id='word_1_206' title='bbox 1777 2599 1894 2673; x_wconf 65' lang='grc' dir='ltr'>ἀλλ’</span> 
     </span>
    </p>
   </div>
   <div class='ocr_carea' id='block_1_29' title="bbox 304 2693 1896 2765">
    <p class='ocr_par' dir='ltr' id='par_1_29' title="bbox 304 2693 1896 2765">
     <span class='ocr_line' id='line_1_29' title="bbox 304 2693 1896 2765; baseline 0.007 -21"><span class='ocrx_word' id='word_1_207' title='bbox 304 2694 437 2747; x_wconf 74' lang='grc' dir='ltr'>ἐστὶ</span> <span class='ocrx_word' id='word_1_208' title='bbox 471 2696 564 2747; x_wconf 78' lang='grc' dir='ltr'>καὶ</span> <span class='ocrx_word' id='word_1_209' title='bbox 597 2695 797 2765; x_wconf 85' lang='grc' dir='ltr'>μοχλὸς</span> <span class='ocrx_word' id='word_1_210' title='bbox 839 2695 1004 2765; x_wconf 79' lang='grc' dir='ltr'>αὕτη,</span> <span class='ocrx_word' id='word_1_211' title='bbox 1067 2697 1425 2751; x_wconf 78' lang='grc' dir='ltr'>παντάπασιν</span> <span class='ocrx_word' id='word_1_212' title='bbox 1475 2693 1896 2765; x_wconf 78' lang='grc' dir='ltr'>ἀνεπιχείρητος</span> 
     </span>
    </p>
   </div>
   <div class='ocr_carea' id='block_1_30' title="bbox 305 2785 1895 2855">
    <p class='ocr_par' dir='ltr' id='par_1_30' title="bbox 305 2785 1895 2855">
     <span class='ocr_line' id='line_1_30' title="bbox 305 2785 1895 2855; baseline -0.003 -15"><span class='ocrx_word' id='word_1_213' title='bbox 305 2787 600 2850; x_wconf 75' lang='grc' dir='ltr'>κλέπταις.</span> <span class='ocrx_word' id='word_1_214' title='bbox 658 2788 802 2852; x_wconf 82' lang='grc' dir='ltr'>Τοὺς</span> <span class='ocrx_word' id='word_1_215' title='bbox 853 2788 899 2840; x_wconf 76' lang='grc' dir='ltr'>δ’</span> <span class='ocrx_word' id='word_1_216' title='bbox 937 2788 1404 2851; x_wconf 72' lang='grc' dir='ltr'>ἐπιϐουλεύοντας</span> <span class='ocrx_word' id='word_1_217' title='bbox 1456 2787 1639 2842; x_wconf 86' lang='grc' dir='ltr'>πάντα</span> <span class='ocrx_word' id='word_1_218' title='bbox 1692 2785 1895 2855; x_wconf 86' lang='grc' dir='ltr'>τρόπον</span> 
     </span>
    </p>
   </div>
   <div class='ocr_carea' id='block_1_31' title="bbox 304 2878 1898 2952">
    <p class='ocr_par' dir='ltr' id='par_1_31' title="bbox 304 2878 1898 2952">
     <span class='ocr_line' id='line_1_31' title="bbox 304 2878 1898 2952; baseline -0.001 -19"><span class='ocrx_word' id='word_1_219' title='bbox 304 2881 617 2947; x_wconf 79' lang='grc' dir='ltr'>ἀναγκάζει</span> <span class='ocrx_word' id='word_1_220' title='bbox 643 2881 949 2952; x_wconf 77' lang='grc' dir='ltr'>σωφρονεῖν</span> <span class='ocrx_word' id='word_1_221' title='bbox 981 2882 1080 2935; x_wconf 75' lang='grc' dir='ltr'>καὶ</span> <span class='ocrx_word' id='word_1_222' title='bbox 1118 2883 1193 2952; x_wconf 75' lang='grc' dir='ltr'>μὴ</span> <span class='ocrx_word' id='word_1_223' title='bbox 1227 2881 1611 2950; x_wconf 80' lang='grc' dir='ltr'>βουλομένους,</span> <span class='ocrx_word' id='word_1_224' title='bbox 1641 2878 1898 2947; x_wconf 81' lang='grc' dir='ltr'>ἀπόγνω-</span> 
     </span>
    </p>
   </div>
   <div class='ocr_carea' id='block_1_32' title="bbox 307 2971 1892 3044">
    <p class='ocr_par' dir='ltr' id='par_1_32' title="bbox 307 2971 1892 3044">
     <span class='ocr_line' id='line_1_32' title="bbox 307 2971 1892 3044; baseline -0.001 -19"><span class='ocrx_word' id='word_1_225' title='bbox 307 2990 403 3026; x_wconf 91' lang='grc' dir='ltr'><strong>σιν</strong></span> <span class='ocrx_word' id='word_1_226' title='bbox 426 2971 609 3035; x_wconf 82' lang='grc' dir='ltr'>αύτοϊς</span> <span class='ocrx_word' id='word_1_227' title='bbox 633 2972 962 3041; x_wconf 72' lang='grc' dir='ltr'>ἐμποιοῦσα,</span> <span class='ocrx_word' id='word_1_228' title='bbox 991 2972 1234 3044; x_wconf 79' lang='grc' dir='ltr'>Ἀρπαξί</span> <span class='ocrx_word' id='word_1_229' title='bbox 1265 2989 1327 3027; x_wconf 89' lang='grc' dir='ltr'><strong>τε</strong></span> <span class='ocrx_word' id='word_1_230' title='bbox 1379 2975 1477 3026; x_wconf 82' lang='grc' dir='ltr'>καὶ</span> <span class='ocrx_word' id='word_1_231' title='bbox 1514 2971 1764 3042; x_wconf 77' lang='grc' dir='ltr'>λῃσταῖς,</span> <span class='ocrx_word' id='word_1_232' title='bbox 1795 2971 1892 3024; x_wconf 76' lang='grc' dir='ltr'>καὶ</span> 
     </span>
    </p>
   </div>
   <div class='ocr_carea' id='block_1_33' title="bbox 306 3060 1891 3132">
    <p class='ocr_par' dir='ltr' id='par_1_33' title="bbox 306 3060 1891 3132">
     <span class='ocr_line' id='line_1_33' title="bbox 306 3060 1891 3132; baseline 0.002 -20"><span class='ocrx_word' id='word_1_233' title='bbox 306 3061 452 3113; x_wconf 75' lang='grc' dir='ltr'>πᾶσι</span> <span class='ocrx_word' id='word_1_234' title='bbox 480 3061 593 3122; x_wconf 85' lang='grc' dir='ltr'>τοῖς</span> <span class='ocrx_word' id='word_1_235' title='bbox 619 3060 888 3123; x_wconf 88' lang='grc' dir='ltr'>τοιούτοις</span> <span class='ocrx_word' id='word_1_236' title='bbox 931 3060 1366 3130; x_wconf 69' lang='grc' dir='ltr'>ἀναιδεστάτοις,</span> <span class='ocrx_word' id='word_1_237' title='bbox 1419 3060 1540 3115; x_wconf 71' lang='grc' dir='ltr'>οὐδὲ</span> <span class='ocrx_word' id='word_1_238' title='bbox 1592 3060 1891 3132; x_wconf 78' lang='grc' dir='ltr'>πειρᾶσθαι</span> 
     </span>
    </p>
   </div>
   <div class='ocr_carea' id='block_1_34' title="bbox 2000 564 3580 645">
    <p class='ocr_par' dir='ltr' id='par_1_34' title="bbox 2000 564 3580 645">
     <span class='ocr_line' id='line_1_34' title="bbox 2000 564 3580 645; baseline -0.001 -25"><span class='ocrx_word' id='word_1_239' title='bbox 2000 566 2202 645; x_wconf 83' lang='lat' dir='ltr'><strong>perdit,</strong></span> <span class='ocrx_word' id='word_1_240' title='bbox 2221 566 2339 621; x_wconf 86' lang='lat' dir='ltr'><strong>atei</strong></span> <span class='ocrx_word' id='word_1_241' title='bbox 2358 565 2633 623; x_wconf 88' lang='lat' dir='ltr'><strong>contraria</strong></span> <span class='ocrx_word' id='word_1_242' title='bbox 2664 566 2927 622; x_wconf 76' lang='lat' dir='ltr'><strong>modestia</strong></span> <span class='ocrx_word' id='word_1_243' title='bbox 2962 568 3271 623; x_wconf 87' lang='lat' dir='ltr'><strong>necessario</strong></span> <span class='ocrx_word' id='word_1_244' title='bbox 3300 564 3580 621; x_wconf 90' lang='lat' dir='ltr'><strong>diversum</strong></span> 
     </span>
    </p>
   </div>
   <div class='ocr_carea' id='block_1_35' title="bbox 2000 658 3578 730">
    <p class='ocr_par' dir='ltr' id='par_1_35' title="bbox 2000 658 3578 730">
     <span class='ocr_line' id='line_1_35' title="bbox 2000 658 3578 730; baseline -0.002 -15"><span class='ocrx_word' id='word_1_245' title='bbox 2000 659 2216 726; x_wconf 81' lang='lat' dir='ltr'><strong>elﬁciet,</strong></span> <span class='ocrx_word' id='word_1_246' title='bbox 2275 658 2640 730; x_wconf 79' lang='lat' dir='ltr'><strong>hominesque</strong></span> <span class='ocrx_word' id='word_1_247' title='bbox 2684 659 2866 716; x_wconf 85' lang='lat' dir='ltr'><strong>salvos</strong></span> <span class='ocrx_word' id='word_1_248' title='bbox 2922 659 3105 729; x_wconf 85' lang='lat' dir='ltr'><strong>opilici</strong></span> <span class='ocrx_word' id='word_1_249' title='bbox 3168 672 3270 714; x_wconf 84' lang='lat' dir='ltr'><strong>suo</strong></span> <span class='ocrx_word' id='word_1_250' title='bbox 3299 658 3578 720; x_wconf 90' lang='lat' dir='ltr'><strong>restituet,</strong></span> 
     </span>
    </p>
   </div>
   <div class='ocr_carea' id='block_1_36' title="bbox 2000 751 3580 823">
    <p class='ocr_par' dir='ltr' id='par_1_36' title="bbox 2000 751 3580 823">
     <span class='ocr_line' id='line_1_36' title="bbox 2000 751 3580 823; baseline -0.002 -15"><span class='ocrx_word' id='word_1_251' title='bbox 2000 768 2230 821; x_wconf 88' lang='lat' dir='ltr'><strong>quorum</strong></span> <span class='ocrx_word' id='word_1_252' title='bbox 2264 753 2471 823; x_wconf 87' lang='lat' dir='ltr'><strong>primos</strong></span> <span class='ocrx_word' id='word_1_253' title='bbox 2527 762 2782 822; x_wconf 77' lang='lat' dir='ltr'><strong>parentes</strong></span> <span class='ocrx_word' id='word_1_254' title='bbox 2836 753 3143 822; x_wconf 89' lang='lat' dir='ltr'><strong>oppositum</strong></span> <span class='ocrx_word' id='word_1_255' title='bbox 3172 751 3469 808; x_wconf 74' lang='lat' dir='ltr'><strong>humilitati</strong></span> <span class='ocrx_word' id='word_1_256' title='bbox 3503 751 3580 806; x_wconf 80' lang='lat' dir='ltr'><strong>vi-</strong></span> 
     </span>
    </p>
   </div>
   <div class='ocr_carea' id='block_1_37' title="bbox 2002 845 3581 916">
    <p class='ocr_par' dir='ltr' id='par_1_37' title="bbox 2002 845 3581 916">
     <span class='ocr_line' id='line_1_37' title="bbox 2002 845 3581 916; baseline -0.004 -11"><span class='ocrx_word' id='word_1_257' title='bbox 2002 847 2133 905; x_wconf 86' lang='lat' dir='ltr'><strong>lium</strong></span> <span class='ocrx_word' id='word_1_258' title='bbox 2168 845 2439 916; x_wconf 78' lang='lat' dir='ltr'><strong>perdidit:</strong></span> <span class='ocrx_word' id='word_1_259' title='bbox 2467 846 2666 916; x_wconf 81' lang='lat' dir='ltr'><strong>quippe</strong></span> <span class='ocrx_word' id='word_1_260' title='bbox 2694 859 2817 899; x_wconf 79' lang='lat' dir='ltr'><strong>cum</strong></span> <span class='ocrx_word' id='word_1_261' title='bbox 2843 845 2983 913; x_wconf 87' lang='lat' dir='ltr'><strong>apud</strong></span> <span class='ocrx_word' id='word_1_262' title='bbox 2998 845 3209 900; x_wconf 83' lang='lat' dir='ltr'><strong>animos</strong></span> <span class='ocrx_word' id='word_1_263' title='bbox 3239 859 3367 902; x_wconf 87' lang='lat' dir='ltr'><strong>suos</strong></span> <span class='ocrx_word' id='word_1_264' title='bbox 3394 858 3581 913; x_wconf 68' lang='lat' dir='ltr'><strong>requa-</strong></span> 
     </span>
    </p>
   </div>
   <div class='ocr_carea' id='block_1_38' title="bbox 1998 935 3579 1006">
    <p class='ocr_par' dir='ltr' id='par_1_38' title="bbox 1998 935 3579 1006">
     <span class='ocr_line' id='line_1_38' title="bbox 1998 935 3579 1006; baseline -0.003 -13"><span class='ocrx_word' id='word_1_265' title='bbox 1998 939 2210 994; x_wconf 88' lang='lat' dir='ltr'><strong>litatem</strong></span> <span class='ocrx_word' id='word_1_266' title='bbox 2255 953 2378 993; x_wconf 92' lang='lat' dir='ltr'><strong>cum</strong></span> <span class='ocrx_word' id='word_1_267' title='bbox 2412 935 2522 993; x_wconf 91' lang='lat' dir='ltr'><strong>Deo</strong></span> <span class='ocrx_word' id='word_1_268' title='bbox 2562 938 2856 1006; x_wconf 84' lang='lat' dir='ltr'><strong>quamdam</strong></span> <span class='ocrx_word' id='word_1_269' title='bbox 2881 935 3162 1004; x_wconf 81' lang='lat' dir='ltr'><strong>imaginati</strong></span> <span class='ocrx_word' id='word_1_270' title='bbox 3190 935 3441 1001; x_wconf 77' lang='lat' dir='ltr'><strong>fuissent,</strong></span> <span class='ocrx_word' id='word_1_271' title='bbox 3474 935 3579 1004; x_wconf 86' lang='lat' dir='ltr'><strong>ipsi</strong></span> 
     </span>
    </p>
   </div>
   <div class='ocr_carea' id='block_1_39' title="bbox 1998 1025 3578 1100">
    <p class='ocr_par' dir='ltr' id='par_1_39' title="bbox 1998 1025 3578 1100">
     <span class='ocr_line' id='line_1_39' title="bbox 1998 1025 3578 1100; baseline -0.002 -16"><span class='ocrx_word' id='word_1_272' title='bbox 1998 1029 2217 1100; x_wconf 80' lang='lat' dir='ltr'><strong>quidem</strong></span> <span class='ocrx_word' id='word_1_273' title='bbox 2281 1027 2532 1083; x_wconf 82' lang='lat' dir='ltr'><strong>excidere</strong></span> <span class='ocrx_word' id='word_1_274' title='bbox 2587 1035 2694 1083; x_wconf 82' lang='lat' dir='ltr'><strong>tam</strong></span> <span class='ocrx_word' id='word_1_275' title='bbox 2748 1027 3003 1098; x_wconf 82' lang='lat' dir='ltr'><strong>paradiso</strong></span> <span class='ocrx_word' id='word_1_276' title='bbox 3053 1042 3214 1097; x_wconf 85' lang='lat' dir='ltr'><strong>quam</strong></span> <span class='ocrx_word' id='word_1_277' title='bbox 3260 1028 3393 1082; x_wconf 90' lang='lat' dir='ltr'><strong>Deo.</strong></span> <span class='ocrx_word' id='word_1_278' title='bbox 3421 1025 3578 1092; x_wconf 87' lang='lat' dir='ltr'><strong>Quod</strong></span> 
     </span>
    </p>
   </div>
   <div class='ocr_carea' id='block_1_40' title="bbox 2000 1118 3580 1192">
    <p class='ocr_par' dir='ltr' id='par_1_40' title="bbox 2000 1118 3580 1192">
     <span class='ocr_line' id='line_1_40' title="bbox 2000 1118 3580 1192; baseline -0.004 -11"><span class='ocrx_word' id='word_1_279' title='bbox 2000 1132 2179 1181; x_wconf 84' lang='lat' dir='ltr'><strong>autem</strong></span> <span class='ocrx_word' id='word_1_280' title='bbox 2237 1121 2317 1179; x_wconf 88' lang='lat' dir='ltr'><strong>eis</strong></span> <span class='ocrx_word' id='word_1_281' title='bbox 2366 1120 2582 1188; x_wconf 86' lang='lat' dir='ltr'><strong>accidit,</strong></span> <span class='ocrx_word' id='word_1_282' title='bbox 2624 1120 2768 1192; x_wconf 79' lang='lat' dir='ltr'><strong>idem</strong></span> <span class='ocrx_word' id='word_1_283' title='bbox 2810 1120 3082 1177; x_wconf 87' lang='lat' dir='ltr'><strong>consimili</strong></span> <span class='ocrx_word' id='word_1_284' title='bbox 3140 1119 3304 1179; x_wconf 86' lang='lat' dir='ltr'><strong>mo-lo</strong></span> <span class='ocrx_word' id='word_1_285' title='bbox 3343 1118 3580 1188; x_wconf 75' lang='lat' dir='ltr'><strong>posteris</strong></span> 
     </span>
    </p>
   </div>
   <div class='ocr_carea' id='block_1_41' title="bbox 1998 1209 3579 1291">
    <p class='ocr_par' dir='ltr' id='par_1_41' title="bbox 1998 1209 3579 1291">
     <span class='ocr_line' id='line_1_41' title="bbox 1998 1209 3579 1291; baseline -0.002 -24"><span class='ocrx_word' id='word_1_286' title='bbox 1998 1212 2161 1291; x_wconf 80' lang='lat' dir='ltr'><strong>etiam</strong></span> <span class='ocrx_word' id='word_1_287' title='bbox 2204 1212 2448 1280; x_wconf 89' lang='lat' dir='ltr'><strong>ipsorum</strong></span> <span class='ocrx_word' id='word_1_288' title='bbox 2508 1212 2783 1267; x_wconf 88' lang='lat' dir='ltr'><strong>usuvenit.</strong></span> <span class='ocrx_word' id='word_1_289' title='bbox 2841 1209 3046 1266; x_wconf 81' lang='lat' dir='ltr'><strong>Verum</strong></span> <span class='ocrx_word' id='word_1_290' title='bbox 3086 1214 3152 1267; x_wconf 90' lang='lat' dir='ltr'><strong>ad</strong></span> <span class='ocrx_word' id='word_1_291' title='bbox 3172 1221 3373 1268; x_wconf 86' lang='lat' dir='ltr'><strong>metam</strong></span> <span class='ocrx_word' id='word_1_292' title='bbox 3401 1222 3579 1278; x_wconf 90' lang='lat' dir='ltr'><strong>equus</strong></span> 
     </span>
    </p>
   </div>
   <div class='ocr_carea' id='block_1_42' title="bbox 2000 1302 3577 1376">
    <p class='ocr_par' dir='ltr' id='par_1_42' title="bbox 2000 1302 3577 1376">
     <span class='ocr_line' id='line_1_42' title="bbox 2000 1302 3577 1376; baseline -0.002 -18"><span class='ocrx_word' id='word_1_293' title='bbox 2000 1305 2194 1376; x_wconf 80' lang='lat' dir='ltr'><strong>agitor.</strong></span> <span class='ocrx_word' id='word_1_294' title='bbox 2225 1302 2512 1359; x_wconf 85' lang='lat' dir='ltr'><strong>Humilitas</strong></span> <span class='ocrx_word' id='word_1_295' title='bbox 2540 1317 2693 1375; x_wconf 80' lang='lat' dir='ltr'><strong>ergo,</strong></span> <span class='ocrx_word' id='word_1_296' title='bbox 2736 1303 2860 1359; x_wconf 84' lang='lat' dir='ltr'><strong>telis</strong></span> <span class='ocrx_word' id='word_1_297' title='bbox 2890 1304 3009 1360; x_wconf 83' lang='lat' dir='ltr'><strong>istis</strong></span> <span class='ocrx_word' id='word_1_298' title='bbox 3031 1304 3265 1372; x_wconf 84' lang='lat' dir='ltr'><strong>objecta,</strong></span> <span class='ocrx_word' id='word_1_299' title='bbox 3298 1302 3382 1358; x_wconf 91' lang='lat' dir='ltr'><strong>vel</strong></span> <span class='ocrx_word' id='word_1_300' title='bbox 3403 1304 3577 1371; x_wconf 89' lang='lat' dir='ltr'><strong>ipsum</strong></span> 
     </span>
    </p>
   </div>
   <div class='ocr_carea' id='block_1_43' title="bbox 1998 1395 3580 1471">
    <p class='ocr_par' dir='ltr' id='par_1_43' title="bbox 1998 1395 3580 1471">
     <span class='ocr_line' id='line_1_43' title="bbox 1998 1395 3580 1471; baseline -0.003 -17"><span class='ocrx_word' id='word_1_301' title='bbox 1998 1400 2183 1471; x_wconf 77' lang='lat' dir='ltr'><strong>Ajacis</strong></span> <span class='ocrx_word' id='word_1_302' title='bbox 2222 1399 2470 1471; x_wconf 82' lang='lat' dir='ltr'><strong>clypeum</strong></span> <span class='ocrx_word' id='word_1_303' title='bbox 2503 1406 2750 1462; x_wconf 85' lang='lat' dir='ltr'><strong>superat.</strong></span> <span class='ocrx_word' id='word_1_304' title='bbox 2800 1395 2936 1465; x_wconf 79' lang='lat' dir='ltr'><strong>Nam</strong></span> <span class='ocrx_word' id='word_1_305' title='bbox 2965 1406 3021 1453; x_wconf 91' lang='lat' dir='ltr'><strong>et</strong></span> <span class='ocrx_word' id='word_1_306' title='bbox 3054 1396 3145 1453; x_wconf 87' lang='lat' dir='ltr'><strong>ille</strong></span> <span class='ocrx_word' id='word_1_307' title='bbox 3166 1398 3232 1453; x_wconf 88' lang='lat' dir='ltr'><strong>de</strong></span> <span class='ocrx_word' id='word_1_308' title='bbox 3269 1396 3431 1452; x_wconf 86' lang='lat' dir='ltr'><strong>boum</strong></span> <span class='ocrx_word' id='word_1_309' title='bbox 3468 1405 3580 1451; x_wconf 90' lang='lat' dir='ltr'><strong>ter-</strong></span> 
     </span>
    </p>
   </div>
   <div class='ocr_carea' id='block_1_44' title="bbox 1999 1483 3578 1563">
    <p class='ocr_par' dir='ltr' id='par_1_44' title="bbox 1999 1483 3578 1563">
     <span class='ocr_line' id='line_1_44' title="bbox 1999 1483 3578 1563; baseline -0.004 -18"><span class='ocrx_word' id='word_1_310' title='bbox 1999 1490 2222 1563; x_wconf 73' lang='lat' dir='ltr'><strong>goribus</strong></span> <span class='ocrx_word' id='word_1_311' title='bbox 2288 1496 2496 1559; x_wconf 88' lang='lat' dir='ltr'><strong>septem</strong></span> <span class='ocrx_word' id='word_1_312' title='bbox 2519 1488 2597 1543; x_wconf 85' lang='lat' dir='ltr'><strong>ita</strong></span> <span class='ocrx_word' id='word_1_313' title='bbox 2629 1485 2914 1543; x_wconf 90' lang='lat' dir='ltr'><strong>confectus</strong></span> <span class='ocrx_word' id='word_1_314' title='bbox 2960 1495 3103 1550; x_wconf 85' lang='lat' dir='ltr'><strong>erat.</strong></span> <span class='ocrx_word' id='word_1_315' title='bbox 3127 1486 3448 1553; x_wconf 80' lang='lat' dir='ltr'><strong>uth05tium</strong></span> <span class='ocrx_word' id='word_1_316' title='bbox 3471 1483 3578 1539; x_wconf 87' lang='lat' dir='ltr'><strong>tela</strong></span> 
     </span>
    </p>
   </div>
   <div class='ocr_carea' id='block_1_45' title="bbox 1999 1577 3576 1648">
    <p class='ocr_par' dir='ltr' id='par_1_45' title="bbox 1999 1577 3576 1648">
     <span class='ocr_line' id='line_1_45' title="bbox 1999 1577 3576 1648; baseline -0.007 -9"><span class='ocrx_word' id='word_1_317' title='bbox 1999 1584 2201 1639; x_wconf 87' lang='lat' dir='ltr'><strong>nullius</strong></span> <span class='ocrx_word' id='word_1_318' title='bbox 2232 1598 2357 1640; x_wconf 90' lang='lat' dir='ltr'><strong>esse</strong></span> <span class='ocrx_word' id='word_1_319' title='bbox 2380 1579 2640 1641; x_wconf 88' lang='lat' dir='ltr'><strong>momenti</strong></span> <span class='ocrx_word' id='word_1_320' title='bbox 2672 1579 2996 1635; x_wconf 85' lang='lat' dir='ltr'><strong>declararet.</strong></span> <span class='ocrx_word' id='word_1_321' title='bbox 3029 1577 3217 1648; x_wconf 80' lang='lat' dir='ltr'><strong>Neque</strong></span> <span class='ocrx_word' id='word_1_322' title='bbox 3245 1588 3423 1632; x_wconf 89' lang='lat' dir='ltr'><strong>tamen</strong></span> <span class='ocrx_word' id='word_1_323' title='bbox 3454 1590 3576 1630; x_wconf 85' lang='lat' dir='ltr'><strong>eam</strong></span> 
     </span>
    </p>
   </div>
   <div class='ocr_carea' id='block_1_46' title="bbox 1998 1670 3575 1750">
    <p class='ocr_par' dir='ltr' id='par_1_46' title="bbox 1998 1670 3575 1750">
     <span class='ocr_line' id='line_1_46' title="bbox 1998 1670 3575 1750; baseline -0.007 -19"><span class='ocrx_word' id='word_1_324' title='bbox 1998 1679 2243 1750; x_wconf 63' lang='lat' dir='ltr'><strong>praebere</strong></span> <span class='ocrx_word' id='word_1_325' title='bbox 2274 1676 2530 1749; x_wconf 73' lang='lat' dir='ltr'><strong>fiduciam</strong></span> <span class='ocrx_word' id='word_1_326' title='bbox 2581 1683 2817 1747; x_wconf 87' lang='lat' dir='ltr'><strong>poterat,</strong></span> <span class='ocrx_word' id='word_1_327' title='bbox 2854 1683 2914 1729; x_wconf 94' lang='lat' dir='ltr'><strong>ut</strong></span> <span class='ocrx_word' id='word_1_328' title='bbox 2938 1671 3060 1742; x_wconf 88' lang='lat' dir='ltr'><strong>quis</strong></span> <span class='ocrx_word' id='word_1_329' title='bbox 3077 1671 3177 1728; x_wconf 84' lang='lat' dir='ltr'><strong>sibi</strong></span> <span class='ocrx_word' id='word_1_330' title='bbox 3203 1670 3575 1741; x_wconf 86' lang='lat' dir='ltr'><strong>polliceretur,</strong></span> 
     </span>
    </p>
   </div>
   <div class='ocr_carea' id='block_1_47' title="bbox 2001 1760 3578 1849">
    <p class='ocr_par' dir='ltr' id='par_1_47' title="bbox 2001 1760 3578 1849">
     <span class='ocr_line' id='line_1_47' title="bbox 2001 1760 3578 1849; baseline -0.011 -21"><span class='ocrx_word' id='word_1_331' title='bbox 2001 1787 2089 1849; x_wconf 42' lang='lat' dir='ltr'><strong>se,</strong></span> <span class='ocrx_word' id='word_1_332' title='bbox 2114 1770 2263 1826; x_wconf 90' lang='lat' dir='ltr'><strong>nullo</strong></span> <span class='ocrx_word' id='word_1_333' title='bbox 2306 1783 2542 1840; x_wconf 91' lang='lat' dir='ltr'><strong>unquam</strong></span> <span class='ocrx_word' id='word_1_334' title='bbox 2571 1776 2881 1824; x_wconf 88' lang='lat' dir='ltr'><strong>commento</strong></span> <span class='ocrx_word' id='word_1_335' title='bbox 2912 1764 3033 1820; x_wconf 85' lang='lat' dir='ltr'><strong>laedi</strong></span> <span class='ocrx_word' id='word_1_336' title='bbox 3059 1777 3238 1845; x_wconf 78' lang='lat' dir='ltr'><strong>posse.</strong></span> <span class='ocrx_word' id='word_1_337' title='bbox 3287 1760 3578 1818; x_wconf 84' lang='lat' dir='ltr'><strong>Humilitas</strong></span> 
     </span>
    </p>
   </div>
   <div class='ocr_carea' id='block_1_48' title="bbox 2004 1848 3579 1939">
    <p class='ocr_par' dir='ltr' id='par_1_48' title="bbox 2004 1848 3579 1939">
     <span class='ocr_line' id='line_1_48' title="bbox 2004 1848 3579 1939; baseline -0.01 -21"><span class='ocrx_word' id='word_1_338' title='bbox 2004 1877 2157 1939; x_wconf 70' lang='lat' dir='ltr'><strong>vero,</strong></span> <span class='ocrx_word' id='word_1_339' title='bbox 2174 1877 2295 1916; x_wconf 87' lang='lat' dir='ltr'><strong>cum</strong></span> <span class='ocrx_word' id='word_1_340' title='bbox 2324 1860 2616 1935; x_wconf 78' lang='lat' dir='ltr'><strong>uniformis</strong></span> <span class='ocrx_word' id='word_1_341' title='bbox 2639 1859 2710 1914; x_wconf 88' lang='lat' dir='ltr'><strong>sit</strong></span> <span class='ocrx_word' id='word_1_342' title='bbox 2731 1874 2795 1914; x_wconf 88' lang='lat' dir='ltr'><strong>ac</strong></span> <span class='ocrx_word' id='word_1_343' title='bbox 2821 1858 3050 1927; x_wconf 81' lang='lat' dir='ltr'><strong>simplex</strong></span> <span class='ocrx_word' id='word_1_344' title='bbox 3071 1853 3239 1927; x_wconf 81' lang='lat' dir='ltr'><strong>animi</strong></span> <span class='ocrx_word' id='word_1_345' title='bbox 3266 1853 3382 1908; x_wconf 83' lang='lat' dir='ltr'><strong>sive</strong></span> <span class='ocrx_word' id='word_1_346' title='bbox 3401 1848 3579 1909; x_wconf 86' lang='lat' dir='ltr'><strong>facul-</strong></span> 
     </span>
    </p>
   </div>
   <div class='ocr_carea' id='block_1_49' title="bbox 2004 1944 3580 2021">
    <p class='ocr_par' dir='ltr' id='par_1_49' title="bbox 2004 1944 3580 2021">
     <span class='ocr_line' id='line_1_49' title="bbox 2004 1944 3580 2021; baseline -0.009 -11"><span class='ocrx_word' id='word_1_347' title='bbox 2004 1966 2107 2021; x_wconf 76' lang='lat' dir='ltr'><strong>ius,</strong></span> <span class='ocrx_word' id='word_1_348' title='bbox 2138 1954 2252 2012; x_wconf 85' lang='lat' dir='ltr'><strong>sive</strong></span> <span class='ocrx_word' id='word_1_349' title='bbox 2281 1953 2509 2008; x_wconf 80' lang='lat' dir='ltr'><strong>habitus</strong></span> <span class='ocrx_word' id='word_1_350' title='bbox 2530 1993 2545 2017; x_wconf 88' lang='lat'><strong>,</strong></span> <span class='ocrx_word' id='word_1_351' title='bbox 2579 1968 2640 2010; x_wconf 89' lang='lat' dir='ltr'><strong>se</strong></span> <span class='ocrx_word' id='word_1_352' title='bbox 2667 1952 2922 2021; x_wconf 70' lang='lat' dir='ltr'><strong>praeditos</strong></span> <span class='ocrx_word' id='word_1_353' title='bbox 2948 1965 2978 2005; x_wconf 88' lang='lat' dir='ltr'><strong>a</strong></span> <span class='ocrx_word' id='word_1_354' title='bbox 3003 1947 3292 2020; x_wconf 85' lang='lat' dir='ltr'><strong>quibusvis</strong></span> <span class='ocrx_word' id='word_1_355' title='bbox 3315 1944 3580 2001; x_wconf 55' lang='lat' dir='ltr'><strong>formida.</strong></span> 
     </span>
    </p>
   </div>
   <div class='ocr_carea' id='block_1_50' title="bbox 2000 2030 3579 2115">
    <p class='ocr_par' dir='ltr' id='par_1_50' title="bbox 2000 2030 3579 2115">
     <span class='ocr_line' id='line_1_50' title="bbox 2000 2030 3579 2115; baseline -0.008 -12"><span class='ocrx_word' id='word_1_356' title='bbox 2000 2030 2221 2110; x_wconf 68' lang='lat' dir='ltr'><strong>bilibus,</strong></span> <span class='ocrx_word' id='word_1_357' title='bbox 2254 2057 2589 2114; x_wconf 66' lang='lat' dir='ltr'><strong>quaecunque</strong></span> <span class='ocrx_word' id='word_1_358' title='bbox 2628 2042 2824 2115; x_wconf 77' lang='lat' dir='ltr'><strong>mentis</strong></span> <span class='ocrx_word' id='word_1_359' title='bbox 2849 2042 3183 2115; x_wconf 79' lang='lat' dir='ltr'><strong>cogitatione</strong></span> <span class='ocrx_word' id='word_1_360' title='bbox 3211 2036 3421 2106; x_wconf 77' lang='lat' dir='ltr'><strong>concipi</strong></span> <span class='ocrx_word' id='word_1_361' title='bbox 3451 2049 3579 2104; x_wconf 87' lang='lat' dir='ltr'><strong>pos-</strong></span> 
     </span>
    </p>
   </div>
   <div class='ocr_carea' id='block_1_51' title="bbox 2000 2120 3581 2204">
    <p class='ocr_par' dir='ltr' id='par_1_51' title="bbox 2000 2120 3581 2204">
     <span class='ocr_line' id='line_1_51' title="bbox 2000 2120 3581 2204; baseline -0.008 -12"><span class='ocrx_word' id='word_1_362' title='bbox 2000 2147 2147 2204; x_wconf 91' lang='lat' dir='ltr'><strong>sunt,</strong></span> <span class='ocrx_word' id='word_1_363' title='bbox 2183 2145 2389 2191; x_wconf 89' lang='lat' dir='ltr'><strong>servat.</strong></span> <span class='ocrx_word' id='word_1_364' title='bbox 2415 2120 2606 2204; x_wconf 75' lang='lat' dir='ltr'><strong>Neque</strong></span> <span class='ocrx_word' id='word_1_365' title='bbox 2642 2144 2850 2189; x_wconf 88' lang='lat' dir='ltr'><strong>tantum</strong></span> <span class='ocrx_word' id='word_1_366' title='bbox 2877 2134 2979 2188; x_wconf 89' lang='lat' dir='ltr'><strong>bac</strong></span> <span class='ocrx_word' id='word_1_367' title='bbox 3007 2130 3169 2187; x_wconf 80' lang='lat' dir='ltr'><strong>fretis</strong></span> <span class='ocrx_word' id='word_1_368' title='bbox 3206 2132 3470 2185; x_wconf 73' lang='lat' dir='ltr'><strong>hactenus</strong></span> <span class='ocrx_word' id='word_1_369' title='bbox 3497 2127 3581 2181; x_wconf 76' lang='lat' dir='ltr'><strong>in-</strong></span> 
     </span>
    </p>
   </div>
   <div class='ocr_carea' id='block_1_52' title="bbox 1999 2218 3578 2299">
    <p class='ocr_par' dir='ltr' id='par_1_52' title="bbox 1999 2218 3578 2299">
     <span class='ocr_line' id='line_1_52' title="bbox 1999 2218 3578 2299; baseline -0.004 -17"><span class='ocrx_word' id='word_1_370' title='bbox 1999 2227 2174 2285; x_wconf 83' lang='lat' dir='ltr'><strong>dicata</strong></span> <span class='ocrx_word' id='word_1_371' title='bbox 2195 2225 2519 2296; x_wconf 80' lang='lat' dir='ltr'><strong>contingunt</strong></span> <span class='ocrx_word' id='word_1_372' title='bbox 2541 2225 2746 2293; x_wconf 84' lang='lat' dir='ltr'><strong>omnia,</strong></span> <span class='ocrx_word' id='word_1_373' title='bbox 2771 2226 2865 2281; x_wconf 88' lang='lat' dir='ltr'><strong>sed</strong></span> <span class='ocrx_word' id='word_1_374' title='bbox 2887 2237 3078 2299; x_wconf 82' lang='lat' dir='ltr'><strong>omnes</strong></span> <span class='ocrx_word' id='word_1_375' title='bbox 3101 2223 3321 2297; x_wconf 77' lang='lat' dir='ltr'><strong>omnino</strong></span> <span class='ocrx_word' id='word_1_376' title='bbox 3345 2218 3578 2275; x_wconf 83' lang='lat' dir='ltr'><strong>fructus.</strong></span> 
     </span>
    </p>
   </div>
   <div class='ocr_carea' id='block_1_53' title="bbox 1998 2310 3580 2389">
    <p class='ocr_par' dir='ltr' id='par_1_53' title="bbox 1998 2310 3580 2389">
     <span class='ocr_line' id='line_1_53' title="bbox 1998 2310 3580 2389; baseline -0.004 -17"><span class='ocrx_word' id='word_1_377' title='bbox 1998 2333 2137 2387; x_wconf 87' lang='lat' dir='ltr'><strong>quos</strong></span> <span class='ocrx_word' id='word_1_378' title='bbox 2194 2318 2457 2372; x_wconf 81' lang='lat' dir='ltr'><strong>exantlati</strong></span> <span class='ocrx_word' id='word_1_379' title='bbox 2513 2317 2733 2373; x_wconf 90' lang='lat' dir='ltr'><strong>virtutis</strong></span> <span class='ocrx_word' id='word_1_380' title='bbox 2784 2319 2997 2373; x_wconf 85' lang='lat' dir='ltr'><strong>labores</strong></span> <span class='ocrx_word' id='word_1_381' title='bbox 3047 2315 3248 2389; x_wconf 86' lang='lat' dir='ltr'><strong>ferunt,</strong></span> <span class='ocrx_word' id='word_1_382' title='bbox 3276 2312 3323 2369; x_wconf 89' lang='lat' dir='ltr'><strong>si</strong></span> <span class='ocrx_word' id='word_1_383' title='bbox 3354 2310 3580 2382; x_wconf 87' lang='lat' dir='ltr'><strong>quidem</strong></span> 
     </span>
    </p>
   </div>
   <div class='ocr_carea' id='block_1_54' title="bbox 1998 2394 3576 2479">
    <p class='ocr_par' dir='ltr' id='par_1_54' title="bbox 1998 2394 3576 2479">
     <span class='ocr_line' id='line_1_54' title="bbox 1998 2394 3576 2479; baseline -0.005 -14"><span class='ocrx_word' id='word_1_384' title='bbox 1998 2409 2272 2479; x_wconf 83' lang='lat' dir='ltr'><strong>conjuncti</strong></span> <span class='ocrx_word' id='word_1_385' title='bbox 2307 2425 2428 2464; x_wconf 92' lang='lat' dir='ltr'><strong>cum</strong></span> <span class='ocrx_word' id='word_1_386' title='bbox 2455 2409 2560 2462; x_wconf 85' lang='lat' dir='ltr'><strong>hac</strong></span> <span class='ocrx_word' id='word_1_387' title='bbox 2594 2408 2823 2473; x_wconf 87' lang='lat' dir='ltr'><strong>fuerint,</strong></span> <span class='ocrx_word' id='word_1_388' title='bbox 2855 2409 2980 2466; x_wconf 90' lang='lat' dir='ltr'><strong>boni</strong></span> <span class='ocrx_word' id='word_1_389' title='bbox 3014 2416 3176 2465; x_wconf 90' lang='lat' dir='ltr'><strong>erunt</strong></span> <span class='ocrx_word' id='word_1_390' title='bbox 3204 2424 3219 2460; x_wconf 91' lang='lat'><strong>:</strong></span> <span class='ocrx_word' id='word_1_391' title='bbox 3254 2406 3339 2460; x_wconf 90' lang='lat' dir='ltr'><strong>sin</strong></span> <span class='ocrx_word' id='word_1_392' title='bbox 3369 2394 3576 2463; x_wconf 80' lang='lat' dir='ltr'><strong>autent.</strong></span> 
     </span>
    </p>
   </div>
   <div class='ocr_carea' id='block_1_55' title="bbox 1998 2499 3581 2577">
    <p class='ocr_par' dir='ltr' id='par_1_55' title="bbox 1998 2499 3581 2577">
     <span class='ocr_line' id='line_1_55' title="bbox 1998 2499 3581 2577; baseline -0.007 -19"><span class='ocrx_word' id='word_1_393' title='bbox 1998 2518 2107 2560; x_wconf 90' lang='lat' dir='ltr'><strong>nou</strong></span> <span class='ocrx_word' id='word_1_394' title='bbox 2134 2502 2366 2573; x_wconf 89' lang='lat' dir='ltr'><strong>amplius</strong></span> <span class='ocrx_word' id='word_1_395' title='bbox 2398 2501 2566 2569; x_wconf 89' lang='lat' dir='ltr'><strong>boui;</strong></span> <span class='ocrx_word' id='word_1_396' title='bbox 2620 2501 3058 2577; x_wconf 80' lang='lat' dir='ltr'><strong>quandoquidem</strong></span> <span class='ocrx_word' id='word_1_397' title='bbox 3093 2507 3147 2554; x_wconf 86' lang='lat' dir='ltr'><strong>ct</strong></span> <span class='ocrx_word' id='word_1_398' title='bbox 3179 2499 3328 2553; x_wconf 82' lang='lat' dir='ltr'><strong>noxii</strong></span> <span class='ocrx_word' id='word_1_399' title='bbox 3350 2504 3581 2568; x_wconf 87' lang='lat' dir='ltr'><strong>possunt</strong></span> 
     </span>
    </p>
   </div>
   <div class='ocr_carea' id='block_1_56' title="bbox 1999 2595 3579 2671">
    <p class='ocr_par' dir='ltr' id='par_1_56' title="bbox 1999 2595 3579 2671">
     <span class='ocr_line' id='line_1_56' title="bbox 1999 2595 3579 2671; baseline -0.009 -13"><span class='ocrx_word' id='word_1_400' title='bbox 1999 2602 2105 2660; x_wconf 88' lang='lat' dir='ltr'><strong>illis</strong></span> <span class='ocrx_word' id='word_1_401' title='bbox 2164 2616 2307 2669; x_wconf 87' lang='lat' dir='ltr'><strong>esse,</strong></span> <span class='ocrx_word' id='word_1_402' title='bbox 2369 2607 2640 2671; x_wconf 89' lang='lat' dir='ltr'><strong>quotquot</strong></span> <span class='ocrx_word' id='word_1_403' title='bbox 2691 2614 2787 2655; x_wconf 90' lang='lat' dir='ltr'><strong>eos</strong></span> <span class='ocrx_word' id='word_1_404' title='bbox 2840 2613 2946 2654; x_wconf 90' lang='lat' dir='ltr'><strong>non</strong></span> <span class='ocrx_word' id='word_1_405' title='bbox 3014 2595 3378 2654; x_wconf 79' lang='lat' dir='ltr'><strong>conveniente</strong></span> <span class='ocrx_word' id='word_1_406' title='bbox 3456 2606 3579 2646; x_wconf 89' lang='lat' dir='ltr'><strong>cum</strong></span> 
     </span>
    </p>
   </div>
   <div class='ocr_carea' id='block_1_57' title="bbox 1998 2685 3578 2764">
    <p class='ocr_par' dir='ltr' id='par_1_57' title="bbox 1998 2685 3578 2764">
     <span class='ocr_line' id='line_1_57' title="bbox 1998 2685 3578 2764; baseline -0.009 -12"><span class='ocrx_word' id='word_1_407' title='bbox 1998 2696 2265 2753; x_wconf 72' lang='lat' dir='ltr'><strong>modestia</strong></span> <span class='ocrx_word' id='word_1_408' title='bbox 2365 2697 2688 2764; x_wconf 89' lang='lat' dir='ltr'><strong>decerpunt.</strong></span> <span class='ocrx_word' id='word_1_409' title='bbox 2798 2692 3003 2749; x_wconf 87' lang='lat' dir='ltr'><strong>Eadem</strong></span> <span class='ocrx_word' id='word_1_410' title='bbox 3100 2697 3155 2747; x_wconf 90' lang='lat' dir='ltr'><strong>et</strong></span> <span class='ocrx_word' id='word_1_411' title='bbox 3255 2685 3578 2759; x_wconf 78' lang='lat' dir='ltr'><strong>repagulum</strong></span> 
     </span>
    </p>
   </div>
   <div class='ocr_carea' id='block_1_58' title="bbox 1994 2766 3580 2858">
    <p class='ocr_par' dir='ltr' id='par_1_58' title="bbox 1994 2766 3580 2858">
     <span class='ocr_line' id='line_1_58' title="bbox 1994 2766 3580 2858; baseline -0.006 -18"><span class='ocrx_word' id='word_1_412' title='bbox 1994 2766 2271 2858; x_wconf 83' lang='lat' dir='ltr'><strong>quoddam</strong></span> <span class='ocrx_word' id='word_1_413' title='bbox 2313 2794 2397 2841; x_wconf 87' lang='lat' dir='ltr'><strong>est</strong></span> <span class='ocrx_word' id='word_1_414' title='bbox 2465 2784 2610 2854; x_wconf 90' lang='lat' dir='ltr'><strong>quod</strong></span> <span class='ocrx_word' id='word_1_415' title='bbox 2666 2783 2891 2841; x_wconf 89' lang='lat' dir='ltr'><strong>omnino</strong></span> <span class='ocrx_word' id='word_1_416' title='bbox 2950 2781 3101 2838; x_wconf 87' lang='lat' dir='ltr'><strong>fures</strong></span> <span class='ocrx_word' id='word_1_417' title='bbox 3163 2789 3437 2857; x_wconf 76' lang='lat' dir='ltr'><strong>attentare</strong></span> <span class='ocrx_word' id='word_1_418' title='bbox 3474 2792 3580 2832; x_wconf 87' lang='lat' dir='ltr'><strong>ne-</strong></span> 
     </span>
    </p>
   </div>
   <div class='ocr_carea' id='block_1_59' title="bbox 1996 2870 3577 2961">
    <p class='ocr_par' dir='ltr' id='par_1_59' title="bbox 1996 2870 3577 2961">
     <span class='ocr_line' id='line_1_59' title="bbox 1996 2870 3577 2961; baseline -0.004 -33"><span class='ocrx_word' id='word_1_419' title='bbox 1996 2887 2224 2961; x_wconf 81' lang='lat' dir='ltr'><strong>queunt.</strong></span> <span class='ocrx_word' id='word_1_420' title='bbox 2273 2876 2626 2933; x_wconf 87' lang='lat' dir='ltr'><strong>lnsidiatores</strong></span> <span class='ocrx_word' id='word_1_421' title='bbox 2672 2891 2801 2930; x_wconf 86' lang='lat' dir='ltr'><strong>vero</strong></span> <span class='ocrx_word' id='word_1_422' title='bbox 2860 2875 3033 2931; x_wconf 90' lang='lat' dir='ltr'><strong>modis</strong></span> <span class='ocrx_word' id='word_1_423' title='bbox 3087 2872 3348 2929; x_wconf 87' lang='lat' dir='ltr'><strong>omnibus</strong></span> <span class='ocrx_word' id='word_1_424' title='bbox 3409 2870 3577 2941; x_wconf 77' lang='lat' dir='ltr'><strong>cogit,</strong></span> 
     </span>
    </p>
   </div>
   <div class='ocr_carea' id='block_1_60' title="bbox 1995 2961 3583 3034">
    <p class='ocr_par' dir='ltr' id='par_1_60' title="bbox 1995 2961 3583 3034">
     <span class='ocr_line' id='line_1_60' title="bbox 1995 2961 3583 3034; baseline -0.005 -9"><span class='ocrx_word' id='word_1_425' title='bbox 1995 2970 2245 3025; x_wconf 88' lang='lat' dir='ltr'><strong>utetiam</strong></span> <span class='ocrx_word' id='word_1_426' title='bbox 2295 2968 2545 3024; x_wconf 91' lang='lat' dir='ltr'><strong>nolentes</strong></span> <span class='ocrx_word' id='word_1_427' title='bbox 2589 2967 2822 3029; x_wconf 78' lang='lat' dir='ltr'><strong>modesti</strong></span> <span class='ocrx_word' id='word_1_428' title='bbox 2878 2968 3018 3034; x_wconf 91' lang='lat' dir='ltr'><strong>sint,</strong></span> <span class='ocrx_word' id='word_1_429' title='bbox 3083 2966 3215 3020; x_wconf 91' lang='lat' dir='ltr'><strong>dum</strong></span> <span class='ocrx_word' id='word_1_430' title='bbox 3249 2965 3306 3021; x_wconf 90' lang='lat' dir='ltr'><strong>in</strong></span> <span class='ocrx_word' id='word_1_431' title='bbox 3350 2963 3432 3019; x_wconf 90' lang='lat' dir='ltr'><strong>eis</strong></span> <span class='ocrx_word' id='word_1_432' title='bbox 3486 2961 3583 3017; x_wconf 89' lang='lat' dir='ltr'><strong>de-</strong></span> 
     </span>
    </p>
   </div>
   <div class='ocr_carea' id='block_1_61' title="bbox 1994 3055 3580 3135">
    <p class='ocr_par' dir='ltr' id='par_1_61' title="bbox 1994 3055 3580 3135">
     <span class='ocr_line' id='line_1_61' title="bbox 1994 3055 3580 3135; baseline -0.007 -14"><span class='ocrx_word' id='word_1_433' title='bbox 1994 3065 2364 3135; x_wconf 88' lang='lat' dir='ltr'><strong>sperationem</strong></span> <span class='ocrx_word' id='word_1_434' title='bbox 2394 3062 2618 3117; x_wconf 80' lang='lat' dir='ltr'><strong>excitat.</strong></span> <span class='ocrx_word' id='word_1_435' title='bbox 2641 3059 2997 3131; x_wconf 79' lang='lat' dir='ltr'><strong>Raptoribus,</strong></span> <span class='ocrx_word' id='word_1_436' title='bbox 3023 3058 3352 3124; x_wconf 81' lang='lat' dir='ltr'><strong>latronibus,</strong></span> <span class='ocrx_word' id='word_1_437' title='bbox 3376 3065 3431 3133; x_wconf 82' lang='lat' dir='ltr'><strong>et</strong></span> <span class='ocrx_word' id='word_1_438' title='bbox 3453 3055 3580 3111; x_wconf 82' lang='lat' dir='ltr'><strong>uni-</strong></span> 
     </span>
    </p>
   </div>
   <div class='ocr_carea' id='block_1_62' title="bbox 307 3150 1892 3231">
    <p class='ocr_par' dir='ltr' id='par_1_62' title="bbox 307 3150 1892 3224">
     <span class='ocr_line' id='line_1_62' title="bbox 307 3150 1892 3224; baseline 0.002 -22"><span class='ocrx_word' id='word_1_439' title='bbox 307 3150 534 3203; x_wconf 80' lang='grc' dir='ltr'>δίδωσιν</span> <span class='ocrx_word' id='word_1_440' title='bbox 590 3151 888 3220; x_wconf 78' lang='grc' dir='ltr'>ἀφελέσθαι</span> <span class='ocrx_word' id='word_1_441' title='bbox 942 3152 1004 3207; x_wconf 85' lang='grc' dir='ltr'>τὸ</span> <span class='ocrx_word' id='word_1_442' title='bbox 1054 3153 1194 3224; x_wconf 86' lang='grc' dir='ltr'><strong>μετά</strong></span> <span class='ocrx_word' id='word_1_443' title='bbox 1259 3152 1735 3224; x_wconf 73' lang='grc' dir='ltr'>μετριοφροσύνης</span> <span class='ocrx_word' id='word_1_444' title='bbox 1786 3153 1892 3206; x_wconf 64' lang='grc' dir='ltr'>τινὶ</span> 
     </span>
    </p>
   </div>
   <div class='ocr_carea' id='block_1_63' title="bbox 1996 3150 3577 3231">
    <p class='ocr_par' dir='ltr' id='par_1_63' title="bbox 1999 3151 3577 3231">
     <span class='ocr_line' id='line_1_63' title="bbox 1999 3151 3577 3231; baseline -0.006 -19"><span class='ocrx_word' id='word_1_445' title='bbox 1999 3158 2173 3215; x_wconf 80' lang='lat' dir='ltr'><strong>versis</strong></span> <span class='ocrx_word' id='word_1_446' title='bbox 2200 3157 2416 3219; x_wconf 86' lang='lat' dir='ltr'><strong>talibus.</strong></span> <span class='ocrx_word' id='word_1_447' title='bbox 2439 3156 2599 3225; x_wconf 76' lang='lat' dir='ltr'><strong>longe</strong></span> <span class='ocrx_word' id='word_1_448' title='bbox 2622 3154 3139 3231; x_wconf 79' lang='lat' dir='ltr'><strong>impudentissimis,</strong></span> <span class='ocrx_word' id='word_1_449' title='bbox 3178 3170 3246 3209; x_wconf 91' lang='lat' dir='ltr'><strong>ne</strong></span> <span class='ocrx_word' id='word_1_450' title='bbox 3263 3152 3317 3208; x_wconf 90' lang='lat' dir='ltr'><strong>id</strong></span> <span class='ocrx_word' id='word_1_451' title='bbox 3357 3151 3577 3222; x_wconf 88' lang='lat' dir='ltr'><strong>quidem</strong></span> 
     </span>
    </p>
   </div>
   <div class='ocr_carea' id='block_1_64' title="bbox 308 3242 1892 3315">
    <p class='ocr_par' dir='ltr' id='par_1_64' title="bbox 308 3242 1892 3315">
     <span class='ocr_line' id='line_1_64' title="bbox 308 3242 1892 3315; baseline 0.002 -20"><span class='ocrx_word' id='word_1_452' title='bbox 308 3242 536 3312; x_wconf 77' lang='grc' dir='ltr'>κτηθέν.</span> <span class='ocrx_word' id='word_1_453' title='bbox 572 3243 750 3313; x_wconf 80' lang='grc' dir='ltr'>Λῆρον</span> <span class='ocrx_word' id='word_1_454' title='bbox 771 3243 1031 3314; x_wconf 82' lang='grc' dir='ltr'>ἄντικρυς</span> <span class='ocrx_word' id='word_1_455' title='bbox 1064 3245 1209 3315; x_wconf 78' lang='grc' dir='ltr'>σαφῆ</span> <span class='ocrx_word' id='word_1_456' title='bbox 1242 3245 1335 3299; x_wconf 78' lang='grc' dir='ltr'>καὶ</span> <span class='ocrx_word' id='word_1_457' title='bbox 1358 3245 1569 3314; x_wconf 81' lang='grc' dir='ltr'>γέλωτα</span> <span class='ocrx_word' id='word_1_458' title='bbox 1594 3243 1892 3312; x_wconf 72' lang='grc' dir='ltr'>ἀποφαίνει</span> 
     </span>
    </p>
   </div>
   <div class='ocr_carea' id='block_1_65' title="bbox 309 3333 1892 3408">
    <p class='ocr_par' dir='ltr' id='par_1_65' title="bbox 309 3333 1892 3408">
     <span class='ocr_line' id='line_1_65' title="bbox 309 3333 1892 3408; baseline 0.001 -21"><span class='ocrx_word' id='word_1_459' title='bbox 309 3336 500 3387; x_wconf 75' lang='grc' dir='ltr'>πᾶταν</span> <span class='ocrx_word' id='word_1_460' title='bbox 532 3333 779 3403; x_wconf 78' lang='grc' dir='ltr'>μηχανὴν</span> <span class='ocrx_word' id='word_1_461' title='bbox 811 3335 935 3388; x_wconf 87' lang='grc' dir='ltr'>κατ’</span> <span class='ocrx_word' id='word_1_462' title='bbox 966 3336 1137 3407; x_wconf 79' lang='grc' dir='ltr'>αὐτῆς</span> <span class='ocrx_word' id='word_1_463' title='bbox 1190 3335 1505 3408; x_wconf 81' lang='grc' dir='ltr'>εὑρημένην</span> <span class='ocrx_word' id='word_1_464' title='bbox 1567 3335 1661 3390; x_wconf 66' lang='grc' dir='ltr'><strong>τὸν</strong></span> <span class='ocrx_word' id='word_1_465' title='bbox 1714 3334 1892 3390; x_wconf 84' lang='grc' dir='ltr'>πάντα</span> 
     </span>
    </p>
   </div>
   <div class='ocr_carea' id='block_1_66' title="bbox 310 3426 1892 3500">
    <p class='ocr_par' dir='ltr' id='par_1_66' title="bbox 310 3426 1892 3500">
     <span class='ocr_line' id='line_1_66' title="bbox 310 3426 1892 3500; baseline 0.001 -23"><span class='ocrx_word' id='word_1_466' title='bbox 310 3426 530 3497; x_wconf 84' lang='grc' dir='ltr'>χρόνον.</span> <span class='ocrx_word' id='word_1_467' title='bbox 576 3427 905 3496; x_wconf 82' lang='grc' dir='ltr'>Σήμαντρον</span> <span class='ocrx_word' id='word_1_468' title='bbox 946 3426 1046 3497; x_wconf 84' lang='grc' dir='ltr'>μὲν</span> <span class='ocrx_word' id='word_1_469' title='bbox 1108 3428 1335 3498; x_wconf 85' lang='grc' dir='ltr'>ἀκριϐές</span> <span class='ocrx_word' id='word_1_470' title='bbox 1371 3430 1508 3493; x_wconf 76' lang='grc' dir='ltr'>ἐστι,</span> <span class='ocrx_word' id='word_1_471' title='bbox 1564 3427 1800 3500; x_wconf 72' lang='grc' dir='ltr'>σφραγὶς</span> <span class='ocrx_word' id='word_1_472' title='bbox 1834 3426 1892 3479; x_wconf 79' lang='grc' dir='ltr'>δὲ</span> 
     </span>
    </p>
   </div>
   <div class='ocr_carea' id='block_1_67' title="bbox 311 3501 1888 3592">
    <p class='ocr_par' dir='ltr' id='par_1_67' title="bbox 311 3501 1888 3592">
     <span class='ocr_line' id='line_1_67' title="bbox 311 3501 1888 3592; baseline 0.001 -18"><span class='ocrx_word' id='word_1_473' title='bbox 311 3520 459 3574; x_wconf 79' lang='grc' dir='ltr'>πάνυ</span> <span class='ocrx_word' id='word_1_474' title='bbox 492 3519 803 3592; x_wconf 77' lang='grc' dir='ltr'>θαυμαστὴ,</span> <span class='ocrx_word' id='word_1_475' title='bbox 826 3521 1286 3591; x_wconf 81' lang='grc' dir='ltr'>ὲγκεκολαμμένη</span> <span class='ocrx_word' id='word_1_476' title='bbox 1312 3521 1523 3584; x_wconf 80' lang='grc' dir='ltr'>’καλῶς</span> <span class='ocrx_word' id='word_1_477' title='bbox 1550 3501 1564 3516; x_wconf 49' lang='grc'><strong><em>⁸</em></strong></span> <span class='ocrx_word' id='word_1_478' title='bbox 1582 3522 1639 3584; x_wconf 76' lang='grc' dir='ltr'>ἐς</span> <span class='ocrx_word' id='word_1_479' title='bbox 1704 3517 1888 3589; x_wconf 80' lang='grc' dir='ltr'>βάθος.</span> 
     </span>
    </p>
   </div>
   <div class='ocr_carea' id='block_1_68' title="bbox 313 3600 1892 3693">
    <p class='ocr_par' dir='ltr' id='par_1_68' title="bbox 313 3600 1892 3693">
     <span class='ocr_line' id='line_1_68' title="bbox 313 3600 1892 3693; baseline -0.003 -25"><span class='ocrx_word' id='word_1_480' title='bbox 313 3615 497 3691; x_wconf 72' lang='grc' dir='ltr'>Ὀλως</span> <span class='ocrx_word' id='word_1_481' title='bbox 522 3613 582 3667; x_wconf 75' lang='grc' dir='ltr'>δὲ</span> <span class='ocrx_word' id='word_1_482' title='bbox 615 3614 725 3667; x_wconf 90' lang='grc' dir='ltr'><strong>τῶν</strong></span> <span class='ocrx_word' id='word_1_483' title='bbox 748 3615 1061 3685; x_wconf 80' lang='grc' dir='ltr'>εἰρημένων</span> <span class='ocrx_word' id='word_1_484' title='bbox 1097 3615 1355 3670; x_wconf 74' lang='grc' dir='ltr'>ἁπάντων</span> <span class='ocrx_word' id='word_1_485' title='bbox 1391 3600 1738 3693; x_wconf 60' lang='grc' dir='ltr'>διασώζουσα</span> <span class='ocrx_word' id='word_1_486' title='bbox 1798 3611 1892 3664; x_wconf 86' lang='grc' dir='ltr'>τύ-</span> 
     </span>
    </p>
   </div>
   <div class='ocr_carea' id='block_1_69' title="bbox 310 3702 1891 3775">
    <p class='ocr_par' dir='ltr' id='par_1_69' title="bbox 310 3702 1891 3775">
     <span class='ocr_line' id='line_1_69' title="bbox 310 3702 1891 3775; baseline -0.003 -16"><span class='ocrx_word' id='word_1_487' title='bbox 310 3724 435 3769; x_wconf 88' lang='grc' dir='ltr'>πον,</span> <span class='ocrx_word' id='word_1_488' title='bbox 468 3704 829 3773; x_wconf 82' lang='grc' dir='ltr'>ἀσφαλίζεται</span> <span class='ocrx_word' id='word_1_489' title='bbox 859 3710 985 3770; x_wconf 80' lang='grc' dir='ltr'>τοὺς</span> <span class='ocrx_word' id='word_1_490' title='bbox 1017 3706 1330 3775; x_wconf 76' lang='grc' dir='ltr'>θησαυροὺς</span> <span class='ocrx_word' id='word_1_491' title='bbox 1374 3707 1501 3769; x_wconf 81' lang='grc' dir='ltr'>τοὺς</span> <span class='ocrx_word' id='word_1_492' title='bbox 1555 3705 1615 3772; x_wconf 74' lang='grc' dir='ltr'><strong>ἐξ</strong></span> <span class='ocrx_word' id='word_1_493' title='bbox 1669 3702 1891 3772; x_wconf 82' lang='grc' dir='ltr'>ἀγαθῶν</span> 
     </span>
    </p>
   </div>
   <div class='ocr_carea' id='block_1_70' title="bbox 314 3798 1892 3868">
    <p class='ocr_par' dir='ltr' id='par_1_70' title="bbox 314 3798 1892 3868">
     <span class='ocr_line' id='line_1_70' title="bbox 314 3798 1892 3868; baseline 0 -18"><span class='ocrx_word' id='word_1_494' title='bbox 314 3798 675 3865; x_wconf 79' lang='grc' dir='ltr'>συλλεγέντας</span> <span class='ocrx_word' id='word_1_495' title='bbox 703 3798 904 3868; x_wconf 77' lang='grc' dir='ltr'>ἔργων,</span> <span class='ocrx_word' id='word_1_496' title='bbox 963 3798 1318 3853; x_wconf 83' lang='grc' dir='ltr'>ἀποσοϐοὖσα</span> <span class='ocrx_word' id='word_1_497' title='bbox 1372 3800 1500 3860; x_wconf 80' lang='grc' dir='ltr'>τοὺς</span> <span class='ocrx_word' id='word_1_498' title='bbox 1559 3798 1892 3867; x_wconf 79' lang='grc' dir='ltr'>κακουργεῖν</span> 
     </span>
    </p>
   </div>
   <div class='ocr_carea' id='block_1_71' title="bbox 311 3890 1891 3963">
    <p class='ocr_par' dir='ltr' id='par_1_71' title="bbox 311 3890 1891 3963">
     <span class='ocr_line' id='line_1_71' title="bbox 311 3890 1891 3963; baseline -0.002 -18"><span class='ocrx_word' id='word_1_499' title='bbox 311 3895 477 3963; x_wconf 71' lang='grc' dir='ltr'>ἔργον</span> <span class='ocrx_word' id='word_1_500' title='bbox 500 3892 723 3962; x_wconf 83' lang='grc' dir='ltr'>ἔχοντας</span> <span class='ocrx_word' id='word_1_501' title='bbox 753 3891 928 3946; x_wconf 76' lang='grc' dir='ltr'>ἅπασι</span> <span class='ocrx_word' id='word_1_502' title='bbox 960 3893 1205 3962; x_wconf 84' lang='grc' dir='ltr'>τρόποις.</span> <span class='ocrx_word' id='word_1_503' title='bbox 1244 3892 1357 3946; x_wconf 78' lang='grc' dir='ltr'><strong>Καὶ</strong></span> <span class='ocrx_word' id='word_1_504' title='bbox 1391 3892 1498 3962; x_wconf 81' lang='grc' dir='ltr'><strong>μὴν</strong></span> <span class='ocrx_word' id='word_1_505' title='bbox 1530 3890 1891 3954; x_wconf 58' lang='grc' dir='ltr'>κάκείνωςάν</span> 
     </span>
    </p>
   </div>
   <div class='ocr_carea' id='block_1_72' title="bbox 312 3978 1886 4056">
    <p class='ocr_par' dir='ltr' id='par_1_72' title="bbox 312 3978 1886 4056">
     <span class='ocr_line' id='line_1_72' title="bbox 312 3978 1886 4056; baseline -0.002 -17"><span class='ocrx_word' id='word_1_506' title='bbox 312 4002 399 4048; x_wconf 90' lang='grc' dir='ltr'><strong>τις</strong></span> <span class='ocrx_word' id='word_1_507' title='bbox 434 3985 548 4053; x_wconf 75' lang='grc' dir='ltr'>ἔχοι</span> <span class='ocrx_word' id='word_1_508' title='bbox 575 3983 876 4053; x_wconf 81' lang='grc' dir='ltr'>θαυμάσαι.</span> <span class='ocrx_word' id='word_1_509' title='bbox 911 3985 1069 4041; x_wconf 82' lang='grc' dir='ltr'>Ἔστι</span> <span class='ocrx_word' id='word_1_510' title='bbox 1105 3986 1214 4056; x_wconf 77' lang='grc' dir='ltr'>γὰρ</span> <span class='ocrx_word' id='word_1_511' title='bbox 1249 3985 1311 4038; x_wconf 76' lang='grc' dir='ltr'>οὐ</span> <span class='ocrx_word' id='word_1_512' title='bbox 1347 3984 1512 4053; x_wconf 86' lang='grc' dir='ltr'>μόνον</span> <span class='ocrx_word' id='word_1_513' title='bbox 1550 3983 1781 4050; x_wconf 87' lang='grc' dir='ltr'>τούτων,</span> <span class='ocrx_word' id='word_1_514' title='bbox 1803 3978 1886 4047; x_wconf 80' lang='grc' dir='ltr'>οἷς</span> 
     </span>
    </p>
   </div>
   <div class='ocr_carea' id='block_1_73' title="bbox 312 4076 1888 4145">
    <p class='ocr_par' dir='ltr' id='par_1_73' title="bbox 312 4076 1888 4145">
     <span class='ocr_line' id='line_1_73' title="bbox 312 4076 1888 4145; baseline -0.001 -15"><span class='ocrx_word' id='word_1_515' title='bbox 312 4077 730 4145; x_wconf 75' lang='grc' dir='ltr'>ὲξασφαλίσαιτ⁹</span> <span class='ocrx_word' id='word_1_516' title='bbox 758 4076 824 4131; x_wconf 76' lang='grc' dir='ltr'>ἄν</span> <span class='ocrx_word' id='word_1_517' title='bbox 854 4093 940 4138; x_wconf 85' lang='grc' dir='ltr'><strong>τις</strong></span> <span class='ocrx_word' id='word_1_518' title='bbox 976 4078 1143 4130; x_wconf 74' lang='grc' dir='ltr'>αὑτὸν</span> <span class='ocrx_word' id='word_1_519' title='bbox 1194 4078 1292 4132; x_wconf 74' lang='grc' dir='ltr'>καὶ</span> <span class='ocrx_word' id='word_1_520' title='bbox 1316 4076 1384 4138; x_wconf 74' lang='grc' dir='ltr'>τὰ</span> <span class='ocrx_word' id='word_1_521' title='bbox 1433 4076 1630 4130; x_wconf 79' lang='grc' dir='ltr'>ἑαυτοῦ</span> <span class='ocrx_word' id='word_1_522' title='bbox 1686 4076 1888 4143; x_wconf 82' lang='grc' dir='ltr'>πάντα,</span> 
     </span>
    </p>
   </div>
   <div class='ocr_carea' id='block_1_74' title="bbox 309 4169 1893 4244">
    <p class='ocr_par' dir='ltr' id='par_1_74' title="bbox 309 4169 1893 4244">
     <span class='ocr_line' id='line_1_74' title="bbox 309 4169 1893 4244; baseline 0.001 -22"><span class='ocrx_word' id='word_1_523' title='bbox 309 4169 480 4222; x_wconf 82' lang='grc' dir='ltr'>είκών</span> <span class='ocrx_word' id='word_1_524' title='bbox 511 4186 596 4232; x_wconf 87' lang='grc' dir='ltr'><strong>τις</strong></span> <span class='ocrx_word' id='word_1_525' title='bbox 627 4170 772 4238; x_wconf 86' lang='grc' dir='ltr'>μάλα</span> <span class='ocrx_word' id='word_1_526' title='bbox 806 4171 1217 4244; x_wconf 73' lang='grc' dir='ltr'>ἐμφερεστάτη,</span> <span class='ocrx_word' id='word_1_527' title='bbox 1245 4171 1385 4227; x_wconf 74' lang='grc' dir='ltr'>ἀλλὰ</span> <span class='ocrx_word' id='word_1_528' title='bbox 1415 4171 1480 4242; x_wconf 80' lang='grc' dir='ltr'>δὴ</span> <span class='ocrx_word' id='word_1_529' title='bbox 1522 4172 1619 4224; x_wconf 83' lang='grc' dir='ltr'>καὶ</span> <span class='ocrx_word' id='word_1_530' title='bbox 1650 4169 1762 4224; x_wconf 87' lang='grc' dir='ltr'><strong>τῶν</strong></span> <span class='ocrx_word' id='word_1_531' title='bbox 1800 4170 1893 4224; x_wconf 81' lang='grc' dir='ltr'>ἀν-</span> 
     </span>
    </p>
   </div>
   <div class='ocr_carea' id='block_1_75' title="bbox 312 4261 1890 4333">
    <p class='ocr_par' dir='ltr' id='par_1_75' title="bbox 312 4261 1890 4333">
     <span class='ocr_line' id='line_1_75' title="bbox 312 4261 1890 4333; baseline 0.003 -19"><span class='ocrx_word' id='word_1_532' title='bbox 312 4261 552 4331; x_wconf 84' lang='grc' dir='ltr'>θρώπων</span> <span class='ocrx_word' id='word_1_533' title='bbox 619 4262 887 4327; x_wconf 80' lang='grc' dir='ltr'>ἐκείνων,</span> <span class='ocrx_word' id='word_1_534' title='bbox 965 4263 1014 4321; x_wconf 84' lang='grc' dir='ltr'>οἳ</span> <span class='ocrx_word' id='word_1_535' title='bbox 1070 4265 1200 4333; x_wconf 74' lang='grc' dir='ltr'>περὶ</span> <span class='ocrx_word' id='word_1_536' title='bbox 1270 4263 1399 4326; x_wconf 75' lang='grc' dir='ltr'>τοὺς</span> <span class='ocrx_word' id='word_1_537' title='bbox 1459 4262 1890 4333; x_wconf 85' lang='grc' dir='ltr'>τυραννεύοντας</span> 
     </span>
    </p>
   </div>
   <div class='ocr_carea' id='block_1_76' title="bbox 310 4340 1890 4427">
    <p class='ocr_par' dir='ltr' id='par_1_76' title="bbox 310 4340 1890 4427">
     <span class='ocr_line' id='line_1_76' title="bbox 310 4340 1890 4427; baseline 0.001 -20"><span class='ocrx_word' id='word_1_538' title='bbox 310 4356 562 4407; x_wconf 69' lang='grc' dir='ltr'>ἵστανται</span> <span class='ocrx_word' id='word_1_539' title='bbox 592 4356 1142 4426; x_wconf 79' lang='grc' dir='ltr'>καταπεφραγμένοι,</span> <span class='ocrx_word' id='word_1_540' title='bbox 1185 4340 1359 4411; x_wconf 62' lang='grc' dir='ltr'><strong>ἀτταν⁸</strong></span> <span class='ocrx_word' id='word_1_541' title='bbox 1393 4357 1559 4415; x_wconf 82' lang='grc' dir='ltr'>ὅπλον</span> <span class='ocrx_word' id='word_1_542' title='bbox 1586 4355 1803 4427; x_wconf 76' lang='grc' dir='ltr'>ἔχοντες</span> <span class='ocrx_word' id='word_1_543' title='bbox 1833 4357 1890 4408; x_wconf 81' lang='grc' dir='ltr'>ὲν</span> 
     </span>
    </p>
   </div>
   <div class='ocr_carea' id='block_1_77' title="bbox 310 4446 1889 4529">
    <p class='ocr_par' dir='ltr' id='par_1_77' title="bbox 310 4446 1889 4529">
     <span class='ocr_line' id='line_1_77' title="bbox 310 4446 1889 4529; baseline -0.008 -17"><span class='ocrx_word' id='word_1_544' title='bbox 310 4449 519 4516; x_wconf 75' lang='grc' dir='ltr'>χεροῖν.</span> <span class='ocrx_word' id='word_1_545' title='bbox 548 4446 623 4509; x_wconf 83' lang='grc' dir='ltr'><strong>ὡς</strong></span> <span class='ocrx_word' id='word_1_546' title='bbox 656 4447 723 4499; x_wconf 84' lang='grc' dir='ltr'>ἂν</span> <span class='ocrx_word' id='word_1_547' title='bbox 739 4447 1007 4513; x_wconf 76' lang='grc' dir='ltr'>γενναίως</span> <span class='ocrx_word' id='word_1_548' title='bbox 1040 4448 1346 4517; x_wconf 88' lang='grc' dir='ltr'>ἀμύνεσθαι</span> <span class='ocrx_word' id='word_1_549' title='bbox 1371 4448 1641 4529; x_wconf 85' lang='grc' dir='ltr'>δύναιντο,</span> <span class='ocrx_word' id='word_1_550' title='bbox 1670 4448 1727 4504; x_wconf 83' lang='grc' dir='ltr'>εῐ</span> <span class='ocrx_word' id='word_1_551' title='bbox 1747 4447 1889 4511; x_wconf 87' lang='grc' dir='ltr'>τινές</span> 
     </span>
    </p>
   </div>
   <div class='ocr_carea' id='block_1_78' title="bbox 2000 3245 3577 3327">
    <p class='ocr_par' dir='ltr' id='par_1_78' title="bbox 2000 3245 3577 3327">
     <span class='ocr_line' id='line_1_78' title="bbox 2000 3245 3577 3327; baseline -0.004 -21"><span class='ocrx_word' id='word_1_552' title='bbox 2000 3250 2267 3317; x_wconf 88' lang='lat' dir='ltr'><strong>concedit,</strong></span> <span class='ocrx_word' id='word_1_553' title='bbox 2286 3257 2345 3304; x_wconf 91' lang='lat' dir='ltr'><strong>ut</strong></span> <span class='ocrx_word' id='word_1_554' title='bbox 2370 3247 2590 3304; x_wconf 86' lang='lat' dir='ltr'><strong>auferre</strong></span> <span class='ocrx_word' id='word_1_555' title='bbox 2618 3256 2851 3327; x_wconf 82' lang='lat' dir='ltr'><strong>tentent,</strong></span> <span class='ocrx_word' id='word_1_556' title='bbox 2871 3248 3017 3318; x_wconf 89' lang='lat' dir='ltr'><strong>quod</strong></span> <span class='ocrx_word' id='word_1_557' title='bbox 3041 3261 3166 3302; x_wconf 90' lang='lat' dir='ltr'><strong>cum</strong></span> <span class='ocrx_word' id='word_1_558' title='bbox 3197 3245 3577 3303; x_wconf 84' lang='lat' dir='ltr'><strong>moderatione</strong></span> 
     </span>
    </p>
   </div>
   <div class='ocr_carea' id='block_1_79' title="bbox 1999 3336 3580 3423">
    <p class='ocr_par' dir='ltr' id='par_1_79' title="bbox 1999 3336 3580 3423">
     <span class='ocr_line' id='line_1_79' title="bbox 1999 3336 3580 3423; baseline -0.006 -23"><span class='ocrx_word' id='word_1_559' title='bbox 1999 3343 2067 3415; x_wconf 85' lang='lat' dir='ltr'><strong>ab</strong></span> <span class='ocrx_word' id='word_1_560' title='bbox 2096 3342 2280 3411; x_wconf 88' lang='lat' dir='ltr'><strong>aliquo</strong></span> <span class='ocrx_word' id='word_1_561' title='bbox 2319 3351 2403 3398; x_wconf 93' lang='lat' dir='ltr'><strong>est</strong></span> <span class='ocrx_word' id='word_1_562' title='bbox 2434 3340 2788 3423; x_wconf 84' lang='lat' dir='ltr'><strong>acquisitum.</strong></span> <span class='ocrx_word' id='word_1_563' title='bbox 2817 3339 2899 3395; x_wconf 85' lang='lat' dir='ltr'><strong>Ad</strong></span> <span class='ocrx_word' id='word_1_564' title='bbox 2932 3353 3114 3395; x_wconf 89' lang='lat' dir='ltr'><strong>meras</strong></span> <span class='ocrx_word' id='word_1_565' title='bbox 3159 3336 3321 3408; x_wconf 88' lang='lat' dir='ltr'><strong>plane</strong></span> <span class='ocrx_word' id='word_1_566' title='bbox 3381 3348 3580 3409; x_wconf 73' lang='lat' dir='ltr'><strong>nugas,</strong></span> 
     </span>
    </p>
   </div>
   <div class='ocr_carea' id='block_1_80' title="bbox 2001 3430 3698 3505">
    <p class='ocr_par' dir='ltr' id='par_1_80' title="bbox 2001 3430 3698 3505">
     <span class='ocr_line' id='line_1_80' title="bbox 2001 3430 3698 3505; baseline -0.004 -17"><span class='ocrx_word' id='word_1_567' title='bbox 2001 3450 2322 3505; x_wconf 91' lang='lat' dir='ltr'><strong>merumque</strong></span> <span class='ocrx_word' id='word_1_568' title='bbox 2349 3435 2518 3490; x_wconf 90' lang='lat' dir='ltr'><strong>risum</strong></span> <span class='ocrx_word' id='word_1_569' title='bbox 2543 3433 2764 3505; x_wconf 79' lang='lat' dir='ltr'><strong>redigit,</strong></span> <span class='ocrx_word' id='word_1_570' title='bbox 2792 3430 3059 3504; x_wconf 84' lang='lat' dir='ltr'><strong>quidquid</strong></span> <span class='ocrx_word' id='word_1_571' title='bbox 3117 3430 3389 3486; x_wconf 85' lang='lat' dir='ltr'><strong>adversus</strong></span> <span class='ocrx_word' id='word_1_572' title='bbox 3449 3440 3574 3483; x_wconf 90' lang='lat' dir='ltr'><strong>eam</strong></span> <span class='ocrx_word' id='word_1_573' title='bbox 3674 3487 3698 3497; x_wconf 39' lang='grc' dir='ltr'><em>ι</em></span> 
     </span>
    </p>
   </div>
   <div class='ocr_carea' id='block_1_81' title="bbox 1997 3520 3583 3609">
    <p class='ocr_par' dir='ltr' id='par_1_81' title="bbox 1997 3520 3583 3609">
     <span class='ocr_line' id='line_1_81' title="bbox 1997 3520 3583 3609; baseline -0.006 -24"><span class='ocrx_word' id='word_1_574' title='bbox 1997 3530 2290 3585; x_wconf 87' lang='lat' dir='ltr'><strong>commenti</strong></span> <span class='ocrx_word' id='word_1_575' title='bbox 2310 3529 2503 3609; x_wconf 88' lang='lat' dir='ltr'><strong>quovis</strong></span> <span class='ocrx_word' id='word_1_576' title='bbox 2523 3537 2767 3598; x_wconf 86' lang='lat' dir='ltr'><strong>tempore</strong></span> <span class='ocrx_word' id='word_1_577' title='bbox 2811 3525 3179 3597; x_wconf 73' lang='lat' dir='ltr'><strong>excogitatur.</strong></span> <span class='ocrx_word' id='word_1_578' title='bbox 3224 3520 3583 3593; x_wconf 80' lang='lat' dir='ltr'><strong>Signaculum</strong></span> 
     </span>
    </p>
   </div>
   <div class='ocr_carea' id='block_1_82' title="bbox 1999 3614 3583 3687">
    <p class='ocr_par' dir='ltr' id='par_1_82' title="bbox 1999 3614 3583 3687">
     <span class='ocr_line' id='line_1_82' title="bbox 1999 3614 3583 3687; baseline -0.006 -12"><span class='ocrx_word' id='word_1_579' title='bbox 1999 3628 2312 3675; x_wconf 88' lang='lat' dir='ltr'><strong>accuratmn</strong></span> <span class='ocrx_word' id='word_1_580' title='bbox 2338 3626 2442 3683; x_wconf 88' lang='lat' dir='ltr'><strong>est,</strong></span> <span class='ocrx_word' id='word_1_581' title='bbox 2503 3617 2739 3687; x_wconf 78' lang='lat' dir='ltr'><strong>sigillum</strong></span> <span class='ocrx_word' id='word_1_582' title='bbox 2804 3614 3147 3677; x_wconf 88' lang='lat' dir='ltr'><strong>admirabile,</strong></span> <span class='ocrx_word' id='word_1_583' title='bbox 3212 3624 3361 3668; x_wconf 86' lang='lat' dir='ltr'><strong>recte</strong></span> <span class='ocrx_word' id='word_1_584' title='bbox 3412 3618 3583 3680; x_wconf 84' lang='lat' dir='ltr'><strong>atque</strong></span> 
     </span>
    </p>
   </div>
   <div class='ocr_carea' id='block_1_83' title="bbox 1998 3702 3575 3777">
    <p class='ocr_par' dir='ltr' id='par_1_83' title="bbox 1998 3702 3575 3777">
     <span class='ocr_line' id='line_1_83' title="bbox 1998 3702 3575 3777; baseline -0.006 -12"><span class='ocrx_word' id='word_1_585' title='bbox 1998 3711 2107 3766; x_wconf 88' lang='lat' dir='ltr'><strong>alte</strong></span> <span class='ocrx_word' id='word_1_586' title='bbox 2135 3710 2393 3766; x_wconf 90' lang='lat' dir='ltr'><strong>incisum.</strong></span> <span class='ocrx_word' id='word_1_587' title='bbox 2412 3708 2653 3777; x_wconf 89' lang='lat' dir='ltr'><strong>Denique</strong></span> <span class='ocrx_word' id='word_1_588' title='bbox 2686 3709 2920 3763; x_wconf 87' lang='lat' dir='ltr'><strong>formam</strong></span> <span class='ocrx_word' id='word_1_589' title='bbox 2939 3705 3306 3771; x_wconf 85' lang='lat' dir='ltr'><strong>iudicatorum</strong></span> <span class='ocrx_word' id='word_1_590' title='bbox 3328 3702 3575 3759; x_wconf 90' lang='lat' dir='ltr'><strong>omnium</strong></span> 
     </span>
    </p>
   </div>
   <div class='ocr_carea' id='block_1_84' title="bbox 1999 3797 3580 3873">
    <p class='ocr_par' dir='ltr' id='par_1_84' title="bbox 1999 3797 3580 3873">
     <span class='ocr_line' id='line_1_84' title="bbox 1999 3797 3580 3873; baseline -0.003 -15"><span class='ocrx_word' id='word_1_591' title='bbox 1999 3804 2245 3860; x_wconf 81' lang='lat' dir='ltr'><strong>retinens</strong></span> <span class='ocrx_word' id='word_1_592' title='bbox 2305 3814 2471 3873; x_wconf 88' lang='lat' dir='ltr'><strong>atque</strong></span> <span class='ocrx_word' id='word_1_593' title='bbox 2524 3816 2886 3868; x_wconf 87' lang='lat' dir='ltr'><strong>conservans,</strong></span> <span class='ocrx_word' id='word_1_594' title='bbox 2939 3799 3228 3871; x_wconf 82' lang='lat' dir='ltr'><strong>thesauros</strong></span> <span class='ocrx_word' id='word_1_595' title='bbox 3276 3812 3343 3854; x_wconf 88' lang='lat' dir='ltr'><strong>ex</strong></span> <span class='ocrx_word' id='word_1_596' title='bbox 3416 3797 3580 3853; x_wconf 89' lang='lat' dir='ltr'><strong>bonis</strong></span> 
     </span>
    </p>
   </div>
   <div class='ocr_carea' id='block_1_85' title="bbox 1998 3888 3575 3969">
    <p class='ocr_par' dir='ltr' id='par_1_85' title="bbox 1998 3888 3575 3969">
     <span class='ocr_line' id='line_1_85' title="bbox 1998 3888 3575 3969; baseline -0.006 -18"><span class='ocrx_word' id='word_1_597' title='bbox 1998 3897 2259 3952; x_wconf 91' lang='lat' dir='ltr'><strong>collectos</strong></span> <span class='ocrx_word' id='word_1_598' title='bbox 2298 3897 2556 3969; x_wconf 87' lang='lat' dir='ltr'><strong>operibus</strong></span> <span class='ocrx_word' id='word_1_599' title='bbox 2583 3894 2637 3949; x_wconf 94' lang='lat' dir='ltr'><strong>in</strong></span> <span class='ocrx_word' id='word_1_600' title='bbox 2665 3901 2783 3949; x_wconf 91' lang='lat' dir='ltr'><strong>tuto</strong></span> <span class='ocrx_word' id='word_1_601' title='bbox 2839 3891 3109 3957; x_wconf 87' lang='lat' dir='ltr'><strong>collocat;</strong></span> <span class='ocrx_word' id='word_1_602' title='bbox 3170 3904 3268 3946; x_wconf 89' lang='lat' dir='ltr'><strong>eos</strong></span> <span class='ocrx_word' id='word_1_603' title='bbox 3325 3888 3575 3958; x_wconf 77' lang='lat' dir='ltr'><strong>abigens,</strong></span> 
     </span>
    </p>
   </div>
   <div class='ocr_carea' id='block_1_86' title="bbox 1997 3979 3576 4057">
    <p class='ocr_par' dir='ltr' id='par_1_86' title="bbox 1997 3979 3576 4057">
     <span class='ocr_line' id='line_1_86' title="bbox 1997 3979 3576 4057; baseline -0.005 -16"><span class='ocrx_word' id='word_1_604' title='bbox 1997 3986 2090 4057; x_wconf 91' lang='lat' dir='ltr'><strong>qui</strong></span> <span class='ocrx_word' id='word_1_605' title='bbox 2116 3986 2291 4041; x_wconf 87' lang='lat' dir='ltr'><strong>modis</strong></span> <span class='ocrx_word' id='word_1_606' title='bbox 2318 3985 2573 4040; x_wconf 87' lang='lat' dir='ltr'><strong>omnibus</strong></span> <span class='ocrx_word' id='word_1_607' title='bbox 2604 3983 2708 4039; x_wconf 91' lang='lat' dir='ltr'><strong>boc</strong></span> <span class='ocrx_word' id='word_1_608' title='bbox 2738 3998 2909 4038; x_wconf 91' lang='lat' dir='ltr'><strong>unum</strong></span> <span class='ocrx_word' id='word_1_609' title='bbox 2944 3990 3136 4053; x_wconf 79' lang='lat' dir='ltr'><strong>agunt,</strong></span> <span class='ocrx_word' id='word_1_610' title='bbox 3170 3989 3231 4037; x_wconf 90' lang='lat' dir='ltr'><strong>ut</strong></span> <span class='ocrx_word' id='word_1_611' title='bbox 3261 3979 3576 4036; x_wconf 86' lang='lat' dir='ltr'><strong>stellionum</strong></span> 
     </span>
    </p>
   </div>
   <div class='ocr_carea' id='block_1_87' title="bbox 2000 4061 3580 4143">
    <p class='ocr_par' dir='ltr' id='par_1_87' title="bbox 2000 4061 3580 4143">
     <span class='ocr_line' id='line_1_87' title="bbox 2000 4061 3580 4143; baseline -0.004 -10"><span class='ocrx_word' id='word_1_612' title='bbox 2000 4061 2153 4133; x_wconf 90' lang='lat' dir='ltr'><strong>more</strong></span> <span class='ocrx_word' id='word_1_613' title='bbox 2183 4078 2437 4132; x_wconf 91' lang='lat' dir='ltr'><strong>damnum</strong></span> <span class='ocrx_word' id='word_1_614' title='bbox 2469 4076 2619 4131; x_wconf 89' lang='lat' dir='ltr'><strong>dent.</strong></span> <span class='ocrx_word' id='word_1_615' title='bbox 2655 4074 2795 4142; x_wconf 87' lang='lat' dir='ltr'><strong>Quin</strong></span> <span class='ocrx_word' id='word_1_616' title='bbox 2824 4075 2991 4132; x_wconf 88' lang='lat' dir='ltr'><strong>etiam</strong></span> <span class='ocrx_word' id='word_1_617' title='bbox 3027 4073 3129 4129; x_wconf 92' lang='lat' dir='ltr'><strong>hac</strong></span> <span class='ocrx_word' id='word_1_618' title='bbox 3184 4073 3401 4129; x_wconf 85' lang='lat' dir='ltr'><strong>ratione</strong></span> <span class='ocrx_word' id='word_1_619' title='bbox 3456 4074 3580 4143; x_wconf 88' lang='lat' dir='ltr'><strong>quis</strong></span> 
     </span>
    </p>
   </div>
   <div class='ocr_carea' id='block_1_88' title="bbox 1998 4158 3580 4239">
    <p class='ocr_par' dir='ltr' id='par_1_88' title="bbox 1998 4158 3580 4239">
     <span class='ocr_line' id='line_1_88' title="bbox 1998 4158 3580 4239; baseline -0.002 -14"><span class='ocrx_word' id='word_1_620' title='bbox 1998 4171 2147 4226; x_wconf 90' lang='lat' dir='ltr'><strong>illam</strong></span> <span class='ocrx_word' id='word_1_621' title='bbox 2183 4169 2502 4227; x_wconf 87' lang='lat' dir='ltr'><strong>admiretur.</strong></span> <span class='ocrx_word' id='word_1_622' title='bbox 2526 4169 2643 4223; x_wconf 89' lang='lat' dir='ltr'><strong>Non</strong></span> <span class='ocrx_word' id='word_1_623' title='bbox 2675 4158 2821 4224; x_wconf 79' lang='lat' dir='ltr'><strong>enim</strong></span> <span class='ocrx_word' id='word_1_624' title='bbox 2849 4169 3039 4223; x_wconf 88' lang='lat' dir='ltr'><strong>horum</strong></span> <span class='ocrx_word' id='word_1_625' title='bbox 3067 4168 3354 4233; x_wconf 81' lang='lat' dir='ltr'><strong>duntaxat,</strong></span> <span class='ocrx_word' id='word_1_626' title='bbox 3377 4166 3580 4239; x_wconf 85' lang='lat' dir='ltr'><strong>quibus</strong></span> 
     </span>
    </p>
   </div>
   <div class='ocr_carea' id='block_1_89' title="bbox 1998 4260 3581 4331">
    <p class='ocr_par' dir='ltr' id='par_1_89' title="bbox 1998 4260 3581 4331">
     <span class='ocr_line' id='line_1_89' title="bbox 1998 4260 3581 4331; baseline -0.004 -11"><span class='ocrx_word' id='word_1_627' title='bbox 1998 4264 2278 4320; x_wconf 88' lang='lat' dir='ltr'><strong>securitati</strong></span> <span class='ocrx_word' id='word_1_628' title='bbox 2322 4277 2453 4327; x_wconf 66' lang='lat' dir='ltr'><strong>suae,</strong></span> <span class='ocrx_word' id='word_1_629' title='bbox 2497 4277 2788 4331; x_wconf 90' lang='lat' dir='ltr'><strong>rerumque</strong></span> <span class='ocrx_word' id='word_1_630' title='bbox 2846 4277 3063 4319; x_wconf 89' lang='lat' dir='ltr'><strong>suarum</strong></span> <span class='ocrx_word' id='word_1_631' title='bbox 3112 4260 3375 4327; x_wconf 86' lang='lat' dir='ltr'><strong>omnium,</strong></span> <span class='ocrx_word' id='word_1_632' title='bbox 3450 4273 3581 4330; x_wconf 87' lang='lat' dir='ltr'><strong>pro-</strong></span> 
     </span>
    </p>
   </div>
   <div class='ocr_carea' id='block_1_90' title="bbox 1998 4354 3575 4426">
    <p class='ocr_par' dir='ltr' id='par_1_90' title="bbox 1998 4354 3575 4426">
     <span class='ocr_line' id='line_1_90' title="bbox 1998 4354 3575 4426; baseline -0.003 -15"><span class='ocrx_word' id='word_1_633' title='bbox 1998 4357 2209 4420; x_wconf 79' lang='lat' dir='ltr'><strong>spicere</strong></span> <span class='ocrx_word' id='word_1_634' title='bbox 2251 4355 2374 4425; x_wconf 89' lang='lat' dir='ltr'><strong>quis</strong></span> <span class='ocrx_word' id='word_1_635' title='bbox 2405 4355 2597 4424; x_wconf 90' lang='lat' dir='ltr'><strong>possit,</strong></span> <span class='ocrx_word' id='word_1_636' title='bbox 2630 4354 2918 4425; x_wconf 87' lang='lat' dir='ltr'><strong>aptissima</strong></span> <span class='ocrx_word' id='word_1_637' title='bbox 2953 4354 3202 4426; x_wconf 63' lang='lat' dir='ltr'><strong>quaedam</strong></span> <span class='ocrx_word' id='word_1_638' title='bbox 3246 4354 3425 4423; x_wconf 79' lang='lat' dir='ltr'><strong>imago</strong></span> <span class='ocrx_word' id='word_1_639' title='bbox 3452 4360 3575 4409; x_wconf 89' lang='lat' dir='ltr'><strong>est:</strong></span> 
     </span>
    </p>
   </div>
   <div class='ocr_carea' id='block_1_91' title="bbox 1998 4446 3578 4517">
    <p class='ocr_par' dir='ltr' id='par_1_91' title="bbox 1998 4446 3578 4517">
     <span class='ocr_line' id='line_1_91' title="bbox 1998 4446 3578 4517; baseline -0.003 -14"><span class='ocrx_word' id='word_1_640' title='bbox 1998 4449 2090 4503; x_wconf 85' lang='lat' dir='ltr'><strong>sed</strong></span> <span class='ocrx_word' id='word_1_641' title='bbox 2144 4449 2357 4505; x_wconf 89' lang='lat' dir='ltr'><strong>illorum</strong></span> <span class='ocrx_word' id='word_1_642' title='bbox 2410 4448 2573 4503; x_wconf 86' lang='lat' dir='ltr'><strong>etiam</strong></span> <span class='ocrx_word' id='word_1_643' title='bbox 2623 4447 2928 4514; x_wconf 83' lang='lat' dir='ltr'><strong>hominum,</strong></span> <span class='ocrx_word' id='word_1_644' title='bbox 2987 4448 3078 4517; x_wconf 92' lang='lat' dir='ltr'><strong>qui</strong></span> <span class='ocrx_word' id='word_1_645' title='bbox 3146 4446 3341 4501; x_wconf 88' lang='lat' dir='ltr'><strong>muniti</strong></span> <span class='ocrx_word' id='word_1_646' title='bbox 3396 4459 3578 4500; x_wconf 88' lang='lat' dir='ltr'><strong>rerum</strong></span> 
     </span>
    </p>
   </div>
   <div class='ocr_carea' id='block_1_92' title="bbox 309 4528 1892 4613">
    <p class='ocr_par' dir='ltr' id='par_1_92' title="bbox 309 4536 1888 4613">
     <span class='ocr_line' id='line_1_92' title="bbox 309 4536 1888 4613; baseline 0.002 -23"><span class='ocrx_word' id='word_1_647' title='bbox 309 4554 442 4591; x_wconf 85' lang='grc' dir='ltr'>ποτε</span> <span class='ocrx_word' id='word_1_648' title='bbox 476 4538 597 4591; x_wconf 80' lang='grc' dir='ltr'>κατ’</span> <span class='ocrx_word' id='word_1_649' title='bbox 632 4536 814 4592; x_wconf 81' lang='grc' dir='ltr'>αὐτῶν</span> <span class='ocrx_word' id='word_1_650' title='bbox 839 4538 1066 4595; x_wconf 78' lang='grc' dir='ltr'>ἔλθοιεν.</span> <span class='ocrx_word' id='word_1_651' title='bbox 1100 4541 1210 4603; x_wconf 80' lang='grc' dir='ltr'><strong>Καὶ</strong></span> <span class='ocrx_word' id='word_1_652' title='bbox 1244 4541 1341 4613; x_wconf 74' lang='grc' dir='ltr'>ἥδε</span> <span class='ocrx_word' id='word_1_653' title='bbox 1387 4542 1495 4611; x_wconf 85' lang='grc' dir='ltr'>γὰρ</span> <span class='ocrx_word' id='word_1_654' title='bbox 1527 4542 1641 4605; x_wconf 81' lang='grc' dir='ltr'>τοῖς</span> <span class='ocrx_word' id='word_1_655' title='bbox 1694 4540 1888 4611; x_wconf 76' lang='grc' dir='ltr'>δαίμο-</span> 
     </span>
    </p>
   </div>
   <div class='ocr_carea' id='block_1_93' title="bbox 1996 4528 3570 4613">
    <p class='ocr_par' dir='ltr' id='par_1_93' title="bbox 1996 4540 3570 4610">
     <span class='ocr_line' id='line_1_93' title="bbox 1996 4540 3570 4610; baseline -0.004 -13"><span class='ocrx_word' id='word_1_656' title='bbox 1996 4543 2260 4609; x_wconf 79' lang='lat' dir='ltr'><strong>potientes</strong></span> <span class='ocrx_word' id='word_1_657' title='bbox 2292 4541 2675 4606; x_wconf 87' lang='lat' dir='ltr'><strong>circumstant,</strong></span> <span class='ocrx_word' id='word_1_658' title='bbox 2707 4540 2916 4595; x_wconf 91' lang='lat' dir='ltr'><strong>nullum</strong></span> <span class='ocrx_word' id='word_1_659' title='bbox 2947 4554 3055 4595; x_wconf 93' lang='lat' dir='ltr'><strong>non</strong></span> <span class='ocrx_word' id='word_1_660' title='bbox 3083 4552 3260 4610; x_wconf 76' lang='lat' dir='ltr'><strong>genus</strong></span> <span class='ocrx_word' id='word_1_661' title='bbox 3288 4552 3570 4594; x_wconf 89' lang='lat' dir='ltr'><strong>armorum</strong></span> 
     </span>
    </p>
   </div>
   <div class='ocr_carea' id='block_1_94' title="bbox 314 4630 1889 4705">
    <p class='ocr_par' dir='ltr' id='par_1_94' title="bbox 314 4630 1889 4705">
     <span class='ocr_line' id='line_1_94' title="bbox 314 4630 1889 4705; baseline 0.004 -23"><span class='ocrx_word' id='word_1_662' title='bbox 314 4648 423 4696; x_wconf 90' lang='grc' dir='ltr'>σιν,</span> <span class='ocrx_word' id='word_1_663' title='bbox 451 4630 671 4683; x_wconf 75' lang='grc' dir='ltr'>ἐπειδὰν</span> <span class='ocrx_word' id='word_1_664' title='bbox 729 4632 997 4685; x_wconf 81' lang='grc' dir='ltr'>ὲπέλθωσι</span> <span class='ocrx_word' id='word_1_665' title='bbox 1036 4631 1160 4685; x_wconf 83' lang='grc' dir='ltr'>καθ’</span> <span class='ocrx_word' id='word_1_666' title='bbox 1203 4632 1380 4703; x_wconf 83' lang='grc' dir='ltr'>ἡμῶν,</span> <span class='ocrx_word' id='word_1_667' title='bbox 1422 4634 1889 4705; x_wconf 81' lang='grc' dir='ltr'>ἀντεπερχομένη,</span> 
     </span>
    </p>
   </div>
   <div class='ocr_carea' id='block_1_95' title="bbox 310 4708 1892 4796">
    <p class='ocr_par' dir='ltr' id='par_1_95' title="bbox 310 4708 1892 4796">
     <span class='ocr_line' id='line_1_95' title="bbox 310 4708 1892 4796; baseline 0.003 -21"><span class='ocrx_word' id='word_1_668' title='bbox 310 4723 411 4775; x_wconf 77' lang='grc' dir='ltr'>οὐκ</span> <span class='ocrx_word' id='word_1_669' title='bbox 443 4723 507 4793; x_wconf 78' lang='grc' dir='ltr'><strong>ἐᾷ</strong></span> <span class='ocrx_word' id='word_1_670' title='bbox 536 4723 759 4785; x_wconf 87' lang='grc' dir='ltr'>τούτους</span> <span class='ocrx_word' id='word_1_671' title='bbox 793 4722 1095 4793; x_wconf 81' lang='grc' dir='ltr'>ληῖσασθαι</span> <span class='ocrx_word' id='word_1_672' title='bbox 1128 4724 1196 4778; x_wconf 86' lang='grc' dir='ltr'>τὰ</span> <span class='ocrx_word' id='word_1_673' title='bbox 1228 4722 1290 4789; x_wconf 72' lang='grc' dir='ltr'><strong>ἐξ</strong></span> <span class='ocrx_word' id='word_1_674' title='bbox 1323 4708 1535 4796; x_wconf 81' lang='grc' dir='ltr'>ἀρετῆς</span> <span class='ocrx_word' id='word_1_675' title='bbox 1557 4727 1686 4796; x_wconf 70' lang='grc' dir='ltr'>ἡμῖν</span> <span class='ocrx_word' id='word_1_676' title='bbox 1736 4743 1892 4796; x_wconf 82' lang='grc' dir='ltr'>περι-</span> 
     </span>
    </p>
   </div>
   <div class='ocr_carea' id='block_1_96' title="bbox 306 4804 1889 4889">
    <p class='ocr_par' dir='ltr' id='par_1_96' title="bbox 306 4804 1889 4889">
     <span class='ocr_line' id='line_1_96' title="bbox 306 4804 1889 4889; baseline 0.003 -23"><span class='ocrx_word' id='word_1_677' title='bbox 306 4812 573 4881; x_wconf 87' lang='grc' dir='ltr'>γενόμενα</span> <span class='ocrx_word' id='word_1_678' title='bbox 612 4815 800 4884; x_wconf 87' lang='grc' dir='ltr'>κέρδη.</span> <span class='ocrx_word' id='word_1_679' title='bbox 833 4816 936 4868; x_wconf 84' lang='grc' dir='ltr'>Ἦν</span> <span class='ocrx_word' id='word_1_680' title='bbox 960 4816 1140 4878; x_wconf 78' lang='grc' dir='ltr'>καλῶς</span> <span class='ocrx_word' id='word_1_681' title='bbox 1168 4804 1366 4889; x_wconf 76' lang='grc' dir='ltr'>εὑρεθῇ</span> <span class='ocrx_word' id='word_1_682' title='bbox 1399 4819 1559 4871; x_wconf 70' lang='grc' dir='ltr'>ταυτὶ</span> <span class='ocrx_word' id='word_1_683' title='bbox 1601 4834 1889 4887; x_wconf 81' lang='grc' dir='ltr'>συμπεφο-</span> 
     </span>
    </p>
   </div>
   <div class='ocr_carea' id='block_1_97' title="bbox 314 4892 1889 4989">
    <p class='ocr_par' dir='ltr' id='par_1_97' title="bbox 314 4892 1889 4989">
     <span class='ocr_line' id='line_1_97' title="bbox 314 4892 1889 4989; baseline 0.004 -33"><span class='ocrx_word' id='word_1_684' title='bbox 314 4904 528 4989; x_wconf 69' lang='grc' dir='ltr'>ρημένα</span> <span class='ocrx_word' id='word_1_685' title='bbox 559 4906 615 4957; x_wconf 85' lang='grc' dir='ltr'>ὲν</span> <span class='ocrx_word' id='word_1_686' title='bbox 637 4907 753 4970; x_wconf 83' lang='grc' dir='ltr'>ταῖς</span> <span class='ocrx_word' id='word_1_687' title='bbox 782 4906 970 4965; x_wconf 81' lang='grc' dir='ltr'>καλαῖς</span> <span class='ocrx_word' id='word_1_688' title='bbox 1011 4907 1317 4976; x_wconf 72' lang='grc' dir='ltr'>ἀποθήκαις</span> <span class='ocrx_word' id='word_1_689' title='bbox 1360 4908 1461 4977; x_wconf 79' lang='grc' dir='ltr'>τῆς</span> <span class='ocrx_word' id='word_1_690' title='bbox 1516 4892 1889 4981; x_wconf 71' lang='grc' dir='ltr'>μετριότητος,</span> 
     </span>
    </p>
   </div>
   <div class='ocr_carea' id='block_1_98' title="bbox 308 4998 1888 5075">
    <p class='ocr_par' dir='ltr' id='par_1_98' title="bbox 308 4998 1888 5075">
     <span class='ocr_line' id='line_1_98' title="bbox 308 4998 1888 5075; baseline 0.006 -27"><span class='ocrx_word' id='word_1_691' title='bbox 308 4998 472 5067; x_wconf 78' lang='grc' dir='ltr'>λῆρος</span> <span class='ocrx_word' id='word_1_692' title='bbox 503 4998 559 5050; x_wconf 80' lang='lat' dir='ltr'><strong>ai</strong></span> <span class='ocrx_word' id='word_1_693' title='bbox 586 5000 810 5053; x_wconf 77' lang='grc' dir='ltr'>ἐκείνων</span> <span class='ocrx_word' id='word_1_694' title='bbox 846 5001 1143 5069; x_wconf 75' lang='grc' dir='ltr'>προσϐολαὶ</span> <span class='ocrx_word' id='word_1_695' title='bbox 1168 5001 1262 5055; x_wconf 84' lang='grc' dir='ltr'>καὶ</span> <span class='ocrx_word' id='word_1_696' title='bbox 1300 5001 1530 5075; x_wconf 87' lang='grc' dir='ltr'>μέθοδοι.</span> <span class='ocrx_word' id='word_1_697' title='bbox 1581 5002 1888 5074; x_wconf 82' lang='grc' dir='ltr'>Ἀπέκρυψε</span> 
     </span>
    </p>
   </div>
   <div class='ocr_carea' id='block_1_99' title="bbox 320 5079 1888 5167">
    <p class='ocr_par' dir='ltr' id='par_1_99' title="bbox 320 5079 1888 5167">
     <span class='ocr_line' id='line_1_99' title="bbox 320 5079 1888 5167; baseline 0.006 -28"><span class='ocrx_word' id='word_1_698' title='bbox 320 5088 412 5152; x_wconf 83' lang='grc' dir='ltr'>μὲν</span> <span class='ocrx_word' id='word_1_699' title='bbox 436 5090 849 5161; x_wconf 77' lang='grc' dir='ltr'>ὑπασπιστάςὴ</span> <span class='ocrx_word' id='word_1_700' title='bbox 900 5079 1401 5164; x_wconf 76' lang='grc' dir='ltr'>ταπεινοφροσύνη,</span> <span class='ocrx_word' id='word_1_701' title='bbox 1459 5094 1585 5158; x_wconf 76' lang='grc' dir='ltr'>τοὺς</span> <span class='ocrx_word' id='word_1_702' title='bbox 1643 5095 1888 5167; x_wconf 84' lang='grc' dir='ltr'>ἀκριϐῶς</span> 
     </span>
    </p>
   </div>
   <div class='ocr_carea' id='block_1_100' title="bbox 314 5170 1887 5259">
    <p class='ocr_par' dir='ltr' id='par_1_100' title="bbox 314 5170 1887 5259">
     <span class='ocr_line' id='line_1_100' title="bbox 314 5170 1887 5259; baseline 0.009 -32"><span class='ocrx_word' id='word_1_703' title='bbox 314 5179 408 5244; x_wconf 79' lang='grc' dir='ltr'>τὴν</span> <span class='ocrx_word' id='word_1_704' title='bbox 439 5179 593 5245; x_wconf 80' lang='grc' dir='ltr'>τάξιν</span> <span class='ocrx_word' id='word_1_705' title='bbox 615 5181 1073 5254; x_wconf 77' lang='grc' dir='ltr'>διατηρήσαντας,</span> <span class='ocrx_word' id='word_1_706' title='bbox 1096 5187 1153 5238; x_wconf 78' lang='grc' dir='ltr'>ὲν</span> <span class='ocrx_word' id='word_1_707' title='bbox 1182 5170 1397 5257; x_wconf 84' lang='grc' dir='ltr'>καιροῖς</span> <span class='ocrx_word' id='word_1_708' title='bbox 1419 5187 1480 5240; x_wconf 79' lang='grc' dir='ltr'>οὐ</span> <span class='ocrx_word' id='word_1_709' title='bbox 1510 5187 1887 5259; x_wconf 77' lang='grc' dir='ltr'>συγχωροῦτιν</span> 
     </span>
    </p>
   </div>
   <div class='ocr_carea' id='block_1_101' title="bbox 309 5266 1884 5350">
    <p class='ocr_par' dir='ltr' id='par_1_101' title="bbox 309 5266 1884 5350">
     <span class='ocr_line' id='line_1_101' title="bbox 309 5266 1884 5350; baseline 0.008 -29"><span class='ocrx_word' id='word_1_710' title='bbox 309 5270 553 5340; x_wconf 83' lang='grc' dir='ltr'>ἀτρέμας</span> <span class='ocrx_word' id='word_1_711' title='bbox 610 5273 861 5328; x_wconf 80' lang='grc' dir='ltr'>ἵστασθαι</span> <span class='ocrx_word' id='word_1_712' title='bbox 900 5292 915 5307; x_wconf 88' lang='grc'><strong>·</strong></span> <span class='ocrx_word' id='word_1_713' title='bbox 964 5277 1356 5349; x_wconf 84' lang='grc' dir='ltr'>ύπερηκόντισε</span> <span class='ocrx_word' id='word_1_714' title='bbox 1410 5266 1466 5330; x_wconf 77' lang='grc' dir='ltr'>δὲ</span> <span class='ocrx_word' id='word_1_715' title='bbox 1530 5279 1884 5350; x_wconf 84' lang='grc' dir='ltr'>δορυφόρους,</span> 
     </span>
    </p>
   </div>
   <div class='ocr_carea' id='block_1_102' title="bbox 308 5360 1881 5441">
    <p class='ocr_par' dir='ltr' id='par_1_102' title="bbox 308 5360 1881 5441">
     <span class='ocr_line' id='line_1_102' title="bbox 308 5360 1881 5441; baseline 0.009 -29"><span class='ocrx_word' id='word_1_716' title='bbox 308 5360 504 5417; x_wconf 69' lang='grc' dir='ltr'>οἷστισι</span> <span class='ocrx_word' id='word_1_717' title='bbox 544 5364 823 5435; x_wconf 78' lang='grc' dir='ltr'>φιλοτιμία</span> <span class='ocrx_word' id='word_1_718' title='bbox 848 5373 1202 5439; x_wconf 86' lang='grc' dir='ltr'>παρενεγκεῖν</span> <span class='ocrx_word' id='word_1_719' title='bbox 1237 5368 1529 5440; x_wconf 83' lang='grc' dir='ltr'>θερμότητί</span> <span class='ocrx_word' id='word_1_720' title='bbox 1580 5387 1638 5423; x_wconf 87' lang='grc' dir='ltr'><strong>τε</strong></span> <span class='ocrx_word' id='word_1_721' title='bbox 1681 5370 1881 5441; x_wconf 78' lang='grc' dir='ltr'>ψυχῆς,</span> 
     </span>
    </p>
   </div>
   <div class='ocr_carea' id='block_1_103' title="bbox 312 5455 1883 5532">
    <p class='ocr_par' dir='ltr' id='par_1_103' title="bbox 312 5455 1883 5532">
     <span class='ocr_line' id='line_1_103' title="bbox 312 5455 1883 5532; baseline 0.007 -30"><span class='ocrx_word' id='word_1_722' title='bbox 312 5455 403 5503; x_wconf 70' lang='grc' dir='ltr'>καὶ</span> <span class='ocrx_word' id='word_1_723' title='bbox 433 5458 600 5524; x_wconf 80' lang='grc' dir='ltr'>συχνῇ</span> <span class='ocrx_word' id='word_1_724' title='bbox 631 5456 793 5529; x_wconf 63' lang='grc' dir='ltr'>πείρᾳ</span> <span class='ocrx_word' id='word_1_725' title='bbox 813 5459 1072 5529; x_wconf 78' lang='grc' dir='ltr'>πολέμου,</span> <span class='ocrx_word' id='word_1_726' title='bbox 1096 5461 1272 5532; x_wconf 67' lang='grc' dir='ltr'>θερμὴν</span> <span class='ocrx_word' id='word_1_727' title='bbox 1310 5461 1542 5514; x_wconf 81' lang='grc' dir='ltr'>λεόντων</span> <span class='ocrx_word' id='word_1_728' title='bbox 1573 5466 1668 5515; x_wconf 79' lang='grc' dir='ltr'>καὶ</span> <span class='ocrx_word' id='word_1_729' title='bbox 1719 5462 1883 5515; x_wconf 89' lang='grc' dir='ltr'>δύνα-</span> 
     </span>
    </p>
   </div>
   <div class='ocr_carea' id='block_1_104' title="bbox 312 5534 1885 5623">
    <p class='ocr_par' dir='ltr' id='par_1_104' title="bbox 312 5534 1885 5623">
     <span class='ocr_line' id='line_1_104' title="bbox 312 5534 1885 5623; baseline 0.006 -28"><span class='ocrx_word' id='word_1_730' title='bbox 312 5560 425 5611; x_wconf 80' lang='grc' dir='ltr'>μιν.</span> <span class='ocrx_word' id='word_1_731' title='bbox 474 5546 677 5617; x_wconf 77' lang='grc' dir='ltr'>Ἀφῆκέ</span> <span class='ocrx_word' id='word_1_732' title='bbox 698 5566 755 5603; x_wconf 87' lang='grc' dir='ltr'><strong>τε</strong></span> <span class='ocrx_word' id='word_1_733' title='bbox 787 5551 1011 5605; x_wconf 86' lang='grc' dir='ltr'>κατόπιν</span> <span class='ocrx_word' id='word_1_734' title='bbox 1039 5552 1097 5605; x_wconf 84' lang='grc' dir='ltr'>τὸ</span> <span class='ocrx_word' id='word_1_735' title='bbox 1124 5554 1333 5623; x_wconf 69' lang='grc' dir='ltr'>τὰγμκ,</span> <span class='ocrx_word' id='word_1_736' title='bbox 1372 5534 1457 5611; x_wconf 72' lang='grc' dir='ltr'>οἷς</span> <span class='ocrx_word' id='word_1_737' title='bbox 1485 5570 1546 5620; x_wconf 88' lang='grc' dir='ltr'><strong>γε</strong></span> <span class='ocrx_word' id='word_1_738' title='bbox 1605 5554 1885 5607; x_wconf 73' lang='grc' dir='ltr'>καθεύδειν</span> 
     </span>
    </p>
   </div>
   <div class='ocr_carea' id='block_1_105' title="bbox 214 5628 1885 5712">
    <p class='ocr_par' dir='ltr' id='par_1_105' title="bbox 214 5628 1885 5712">
     <span class='ocr_line' id='line_1_105' title="bbox 214 5628 1885 5712; baseline 0.009 -28"><span class='ocrx_word' id='word_1_739' title='bbox 214 5688 223 5695; x_wconf 31' lang='grc'><em>1</em></span> <span class='ocrx_word' id='word_1_740' title='bbox 306 5635 406 5685; x_wconf 74' lang='grc' dir='ltr'><strong>οὐκ</strong></span> <span class='ocrx_word' id='word_1_741' title='bbox 435 5633 631 5703; x_wconf 71' lang='grc' dir='ltr'>ἕξεσιν,</span> <span class='ocrx_word' id='word_1_742' title='bbox 655 5637 834 5708; x_wconf 79' lang='grc' dir='ltr'>ἔχουσι</span> <span class='ocrx_word' id='word_1_743' title='bbox 862 5644 1050 5712; x_wconf 77' lang='grc' dir='ltr'>σχῆμα</span> <span class='ocrx_word' id='word_1_744' title='bbox 1080 5645 1355 5711; x_wconf 82' lang='grc' dir='ltr'>φυλάκων.</span> <span class='ocrx_word' id='word_1_745' title='bbox 1376 5628 1488 5697; x_wconf 56' lang='grc' dir='ltr'><strong>κει</strong></span> <span class='ocrx_word' id='word_1_746' title='bbox 1514 5645 1561 5696; x_wconf 83' lang='grc' dir='ltr'>εἰ</span> <span class='ocrx_word' id='word_1_747' title='bbox 1580 5645 1657 5698; x_wconf 85' lang='grc' dir='ltr'>δεῖ</span> <span class='ocrx_word' id='word_1_748' title='bbox 1686 5645 1747 5698; x_wconf 75' lang='grc' dir='ltr'>τὸ</span> <span class='ocrx_word' id='word_1_749' title='bbox 1776 5647 1885 5699; x_wconf 80' lang='grc' dir='ltr'>πᾶν</span> 
     </span>
    </p>
   </div>
   <div class='ocr_carea' id='block_1_106' title="bbox 308 5719 1880 5805">
    <p class='ocr_par' dir='ltr' id='par_1_106' title="bbox 308 5719 1880 5805">
     <span class='ocr_line' id='line_1_106' title="bbox 308 5719 1880 5805; baseline 0.01 -32"><span class='ocrx_word' id='word_1_750' title='bbox 308 5738 341 5773; x_wconf 78' lang='grc' dir='ltr'><strong>ο</strong></span> <span class='ocrx_word' id='word_1_751' title='bbox 357 5723 596 5779; x_wconf 71' lang='grc' dir='ltr'>ινελόντα.</span> <span class='ocrx_word' id='word_1_752' title='bbox 619 5729 812 5795; x_wconf 86' lang='grc' dir='ltr'>εἰπεῖν,</span> <span class='ocrx_word' id='word_1_753' title='bbox 835 5732 942 5802; x_wconf 79' lang='grc' dir='ltr'>ὅλῳ</span> <span class='ocrx_word' id='word_1_754' title='bbox 967 5719 1034 5786; x_wconf 61' lang='grc' dir='ltr'><strong>τε</strong></span> <span class='ocrx_word' id='word_1_755' title='bbox 1057 5735 1151 5787; x_wconf 70' lang='grc' dir='ltr'>καὶ</span> <span class='ocrx_word' id='word_1_756' title='bbox 1179 5732 1256 5804; x_wconf 84' lang='grc' dir='ltr'><strong>τῷ</strong></span> <span class='ocrx_word' id='word_1_757' title='bbox 1312 5733 1475 5787; x_wconf 81' lang='grc' dir='ltr'>παντὶ</span> <span class='ocrx_word' id='word_1_758' title='bbox 1520 5735 1880 5805; x_wconf 74' lang='grc' dir='ltr'>ὑπερήλασεν,</span> 
     </span>
    </p>
   </div>
   <div class='ocr_carea' id='block_1_107' title="bbox 306 5814 1879 5898">
    <p class='ocr_par' dir='ltr' id='par_1_107' title="bbox 306 5814 1879 5898">
     <span class='ocr_line' id='line_1_107' title="bbox 306 5814 1879 5898; baseline 0.01 -33"><span class='ocrx_word' id='word_1_759' title='bbox 306 5814 442 5868; x_wconf 58' lang='lat' dir='ltr'><strong>circa</strong></span> <span class='ocrx_word' id='word_1_760' title='bbox 511 5816 579 5873; x_wconf 77' lang='grc' dir='ltr'>ἂν</span> <span class='ocrx_word' id='word_1_761' title='bbox 662 5821 1096 5896; x_wconf 82' lang='grc' dir='ltr'>ύπερμαχήσειεν</span> <span class='ocrx_word' id='word_1_762' title='bbox 1162 5826 1471 5882; x_wconf 74' lang='grc' dir='ltr'>οὑτινοσοῦν</span> <span class='ocrx_word' id='word_1_763' title='bbox 1530 5828 1879 5898; x_wconf 77' lang='grc' dir='ltr'>πράγματος,</span> 
     </span>
    </p>
   </div>
   <div class='ocr_carea' id='block_1_108' title="bbox 1997 4630 3577 4701">
    <p class='ocr_par' dir='ltr' id='par_1_108' title="bbox 1997 4630 3577 4701">
     <span class='ocr_line' id='line_1_108' title="bbox 1997 4630 3577 4701; baseline -0.004 -11"><span class='ocrx_word' id='word_1_764' title='bbox 1997 4636 2247 4690; x_wconf 87' lang='lat' dir='ltr'><strong>manibus</strong></span> <span class='ocrx_word' id='word_1_765' title='bbox 2271 4644 2537 4697; x_wconf 85' lang='lat' dir='ltr'><strong>tenentes,</strong></span> <span class='ocrx_word' id='word_1_766' title='bbox 2559 4643 2616 4691; x_wconf 92' lang='lat' dir='ltr'><strong>ut</strong></span> <span class='ocrx_word' id='word_1_767' title='bbox 2635 4632 2847 4687; x_wconf 88' lang='lat' dir='ltr'><strong>fortiter</strong></span> <span class='ocrx_word' id='word_1_768' title='bbox 2866 4631 2972 4684; x_wconf 87' lang='lat' dir='ltr'><strong>vim</strong></span> <span class='ocrx_word' id='word_1_769' title='bbox 2995 4630 3316 4701; x_wconf 83' lang='lat' dir='ltr'><strong>propulsare</strong></span> <span class='ocrx_word' id='word_1_770' title='bbox 3345 4637 3577 4698; x_wconf 85' lang='lat' dir='ltr'><strong>queant,</strong></span> 
     </span>
    </p>
   </div>
   <div class='ocr_carea' id='block_1_109' title="bbox 1994 4718 3574 4795">
    <p class='ocr_par' dir='ltr' id='par_1_109' title="bbox 1994 4718 3574 4795">
     <span class='ocr_line' id='line_1_109' title="bbox 1994 4718 3574 4795; baseline -0.005 -15"><span class='ocrx_word' id='word_1_771' title='bbox 1994 4727 2040 4781; x_wconf 89' lang='lat' dir='ltr'><strong>si</strong></span> <span class='ocrx_word' id='word_1_772' title='bbox 2073 4725 2160 4795; x_wconf 86' lang='lat' dir='ltr'><strong>qui</strong></span> <span class='ocrx_word' id='word_1_773' title='bbox 2189 4724 2289 4780; x_wconf 84' lang='lat' dir='ltr'><strong>bos</strong></span> <span class='ocrx_word' id='word_1_774' title='bbox 2316 4722 2637 4779; x_wconf 88' lang='lat' dir='ltr'><strong>invaserint.</strong></span> <span class='ocrx_word' id='word_1_775' title='bbox 2670 4720 2809 4776; x_wconf 89' lang='lat' dir='ltr'><strong>Nam</strong></span> <span class='ocrx_word' id='word_1_776' title='bbox 2833 4723 2947 4776; x_wconf 67' lang='lat' dir='ltr'><strong>lucc</strong></span> <span class='ocrx_word' id='word_1_777' title='bbox 2969 4734 3185 4790; x_wconf 90' lang='lat' dir='ltr'><strong>quoque</strong></span> <span class='ocrx_word' id='word_1_778' title='bbox 3218 4718 3375 4773; x_wconf 87' lang='lat' dir='ltr'><strong>malis</strong></span> <span class='ocrx_word' id='word_1_779' title='bbox 3398 4719 3574 4787; x_wconf 84' lang='lat' dir='ltr'><strong>geniis</strong></span> 
     </span>
    </p>
   </div>
   <div class='ocr_carea' id='block_1_110' title="bbox 1993 4810 3579 4887">
    <p class='ocr_par' dir='ltr' id='par_1_110' title="bbox 1993 4810 3579 4887">
     <span class='ocr_line' id='line_1_110' title="bbox 1993 4810 3579 4887; baseline -0.005 -13"><span class='ocrx_word' id='word_1_780' title='bbox 1993 4833 2095 4874; x_wconf 91' lang='lat' dir='ltr'><strong>nos</strong></span> <span class='ocrx_word' id='word_1_781' title='bbox 2128 4816 2511 4872; x_wconf 84' lang='lat' dir='ltr'><strong>adorientibus</strong></span> <span class='ocrx_word' id='word_1_782' title='bbox 2550 4828 2871 4887; x_wconf 87' lang='lat' dir='ltr'><strong>occurrens,</strong></span> <span class='ocrx_word' id='word_1_783' title='bbox 2900 4827 3007 4866; x_wconf 91' lang='lat' dir='ltr'><strong>non</strong></span> <span class='ocrx_word' id='word_1_784' title='bbox 3040 4810 3197 4876; x_wconf 85' lang='lat' dir='ltr'><strong>sinit,</strong></span> <span class='ocrx_word' id='word_1_785' title='bbox 3231 4821 3288 4885; x_wconf 91' lang='lat' dir='ltr'><strong>ut</strong></span> <span class='ocrx_word' id='word_1_786' title='bbox 3316 4810 3391 4864; x_wconf 87' lang='lat' dir='ltr'><strong>illi</strong></span> <span class='ocrx_word' id='word_1_787' title='bbox 3419 4811 3579 4866; x_wconf 66' lang='lat' dir='ltr'><strong>nobis</strong></span> 
     </span>
    </p>
   </div>
   <div class='ocr_carea' id='block_1_111' title="bbox 1990 4900 3568 4979">
    <p class='ocr_par' dir='ltr' id='par_1_111' title="bbox 1990 4900 3568 4979">
     <span class='ocr_line' id='line_1_111' title="bbox 1990 4900 3568 4979; baseline -0.005 -16"><span class='ocrx_word' id='word_1_788' title='bbox 1990 4907 2224 4979; x_wconf 88' lang='lat' dir='ltr'><strong>eripiant</strong></span> <span class='ocrx_word' id='word_1_789' title='bbox 2247 4922 2308 4962; x_wconf 89' lang='lat' dir='ltr'><strong>ea</strong></span> <span class='ocrx_word' id='word_1_790' title='bbox 2343 4908 2513 4970; x_wconf 86' lang='lat' dir='ltr'><strong>lucra,</strong></span> <span class='ocrx_word' id='word_1_791' title='bbox 2544 4922 2665 4977; x_wconf 76' lang='lat' dir='ltr'><strong>qua:</strong></span> <span class='ocrx_word' id='word_1_792' title='bbox 2694 4921 2759 4961; x_wconf 84' lang='lat' dir='ltr'><strong>ex</strong></span> <span class='ocrx_word' id='word_1_793' title='bbox 2788 4906 2987 4959; x_wconf 89' lang='lat' dir='ltr'><strong>virtute</strong></span> <span class='ocrx_word' id='word_1_794' title='bbox 3038 4900 3568 4959; x_wconf 64' lang='lat' dir='ltr'><strong>consecuti‘sumns.</strong></span> 
     </span>
    </p>
   </div>
   <div class='ocr_carea' id='block_1_112' title="bbox 1992 4995 3580 5071">
    <p class='ocr_par' dir='ltr' id='par_1_112' title="bbox 1992 4995 3580 5071">
     <span class='ocr_line' id='line_1_112' title="bbox 1992 4995 3580 5071; baseline -0.002 -18"><span class='ocrx_word' id='word_1_795' title='bbox 1992 5000 2202 5070; x_wconf 80' lang='lat' dir='ltr'><strong>Quippe</strong></span> <span class='ocrx_word' id='word_1_796' title='bbox 2229 5002 2272 5055; x_wconf 88' lang='lat' dir='ltr'><strong>si</strong></span> <span class='ocrx_word' id='word_1_797' title='bbox 2308 5000 2425 5056; x_wconf 75' lang='lat' dir='ltr'><strong>hzec</strong></span> <span class='ocrx_word' id='word_1_798' title='bbox 2456 5010 2601 5055; x_wconf 91' lang='lat' dir='ltr'><strong>recte</strong></span> <span class='ocrx_word' id='word_1_799' title='bbox 2631 5009 2893 5071; x_wconf 80' lang='lat' dir='ltr'><strong>congesta</strong></span> <span class='ocrx_word' id='word_1_800' title='bbox 2961 4995 3168 5055; x_wconf 81' lang='lat' dir='ltr'><strong>fuerint</strong></span> <span class='ocrx_word' id='word_1_801' title='bbox 3223 4995 3279 5049; x_wconf 89' lang='lat' dir='ltr'><strong>in</strong></span> <span class='ocrx_word' id='word_1_802' title='bbox 3331 4995 3580 5067; x_wconf 76' lang='lat' dir='ltr'><strong>egregias</strong></span> 
     </span>
    </p>
   </div>
   <div class='ocr_carea' id='block_1_113' title="bbox 1994 5086 3581 5164">
    <p class='ocr_par' dir='ltr' id='par_1_113' title="bbox 1994 5086 3581 5164">
     <span class='ocr_line' id='line_1_113' title="bbox 1994 5086 3581 5164; baseline -0.004 -15"><span class='ocrx_word' id='word_1_803' title='bbox 1994 5092 2115 5149; x_wconf 87' lang='lat' dir='ltr'><strong>illas</strong></span> <span class='ocrx_word' id='word_1_804' title='bbox 2149 5093 2447 5164; x_wconf 89' lang='lat' dir='ltr'><strong>apothecas</strong></span> <span class='ocrx_word' id='word_1_805' title='bbox 2479 5102 2533 5150; x_wconf 87' lang='lat' dir='ltr'><strong>et</strong></span> <span class='ocrx_word' id='word_1_806' title='bbox 2565 5092 2764 5147; x_wconf 85' lang='lat' dir='ltr'><strong>horrea</strong></span> <span class='ocrx_word' id='word_1_807' title='bbox 2798 5090 3100 5155; x_wconf 76' lang='lat' dir='ltr'><strong>modeStiae,</strong></span> <span class='ocrx_word' id='word_1_808' title='bbox 3133 5088 3207 5144; x_wconf 92' lang='lat' dir='ltr'><strong>nil</strong></span> <span class='ocrx_word' id='word_1_809' title='bbox 3267 5086 3373 5142; x_wconf 90' lang='lat' dir='ltr'><strong>nisi</strong></span> <span class='ocrx_word' id='word_1_810' title='bbox 3417 5102 3581 5151; x_wconf 73' lang='lat' dir='ltr'><strong>nugae</strong></span> 
     </span>
    </p>
   </div>
   <div class='ocr_carea' id='block_1_114' title="bbox 1994 5181 3571 5256">
    <p class='ocr_par' dir='ltr' id='par_1_114' title="bbox 1994 5181 3571 5256">
     <span class='ocr_line' id='line_1_114' title="bbox 1994 5181 3571 5256; baseline -0.003 -15"><span class='ocrx_word' id='word_1_811' title='bbox 1994 5197 2118 5241; x_wconf 84' lang='lat' dir='ltr'><strong>sunt</strong></span> <span class='ocrx_word' id='word_1_812' title='bbox 2160 5186 2400 5256; x_wconf 88' lang='lat' dir='ltr'><strong>ipsorum</strong></span> <span class='ocrx_word' id='word_1_813' title='bbox 2429 5184 2811 5256; x_wconf 81' lang='lat' dir='ltr'><strong>aggressiones</strong></span> <span class='ocrx_word' id='word_1_814' title='bbox 2843 5194 2896 5238; x_wconf 82' lang='lat' dir='ltr'><strong>et</strong></span> <span class='ocrx_word' id='word_1_815' title='bbox 2928 5190 3097 5252; x_wconf 78' lang='lat' dir='ltr'><strong>artes.</strong></span> <span class='ocrx_word' id='word_1_816' title='bbox 3160 5181 3431 5237; x_wconf 85' lang='lat' dir='ltr'><strong>Obscurat</strong></span> <span class='ocrx_word' id='word_1_817' title='bbox 3485 5183 3571 5238; x_wconf 86' lang='lat' dir='ltr'><strong>vel</strong></span> 
     </span>
    </p>
   </div>
   <div class='ocr_carea' id='block_1_115' title="bbox 1991 5273 3580 5351">
    <p class='ocr_par' dir='ltr' id='par_1_115' title="bbox 1991 5273 3580 5351">
     <span class='ocr_line' id='line_1_115' title="bbox 1991 5273 3580 5351; baseline -0.003 -19"><span class='ocrx_word' id='word_1_818' title='bbox 1991 5277 2111 5332; x_wconf 91' lang='lat' dir='ltr'><strong>illos</strong></span> <span class='ocrx_word' id='word_1_819' title='bbox 2133 5273 2785 5347; x_wconf 87' lang='lat' dir='ltr'><strong>protectoreshumilitas,</strong></span> <span class='ocrx_word' id='word_1_820' title='bbox 2812 5273 2902 5343; x_wconf 92' lang='lat' dir='ltr'><strong>qui</strong></span> <span class='ocrx_word' id='word_1_821' title='bbox 2928 5274 3104 5351; x_wconf 81' lang='lat' dir='ltr'><strong>locum</strong></span> <span class='ocrx_word' id='word_1_822' title='bbox 3130 5288 3288 5329; x_wconf 89' lang='lat' dir='ltr'><strong>suum</strong></span> <span class='ocrx_word' id='word_1_823' title='bbox 3322 5284 3580 5328; x_wconf 88' lang='lat' dir='ltr'><strong>accurate</strong></span> 
     </span>
    </p>
   </div>
   <div class='ocr_carea' id='block_1_116' title="bbox 1991 5350 3581 5440">
    <p class='ocr_par' dir='ltr' id='par_1_116' title="bbox 1991 5350 3581 5440">
     <span class='ocr_line' id='line_1_116' title="bbox 1991 5350 3581 5440; baseline -0.001 -16"><span class='ocrx_word' id='word_1_824' title='bbox 1991 5381 2234 5433; x_wconf 86' lang='lat' dir='ltr'><strong>tuentur,</strong></span> <span class='ocrx_word' id='word_1_825' title='bbox 2263 5380 2317 5423; x_wconf 91' lang='lat' dir='ltr'><strong>et</strong></span> <span class='ocrx_word' id='word_1_826' title='bbox 2342 5369 2447 5424; x_wconf 71' lang='lat' dir='ltr'><strong>illis</strong></span> <span class='ocrx_word' id='word_1_827' title='bbox 2477 5367 2699 5439; x_wconf 79' lang='lat' dir='ltr'><strong>quidem</strong></span> <span class='ocrx_word' id='word_1_828' title='bbox 2753 5350 3111 5436; x_wconf 78' lang='lat' dir='ltr'><strong>temporibus,</strong></span> <span class='ocrx_word' id='word_1_829' title='bbox 3163 5367 3366 5440; x_wconf 83' lang='lat' dir='ltr'><strong>quibus</strong></span> <span class='ocrx_word' id='word_1_830' title='bbox 3400 5367 3581 5422; x_wconf 84' lang='lat' dir='ltr'><strong>intre-</strong></span> 
     </span>
    </p>
   </div>
   <div class='ocr_carea' id='block_1_117' title="bbox 1987 5461 3595 5535">
    <p class='ocr_par' dir='ltr' id='par_1_117' title="bbox 1987 5461 3595 5535">
     <span class='ocr_line' id='line_1_117' title="bbox 1987 5461 3595 5535; baseline 0.001 -21"><span class='ocrx_word' id='word_1_831' title='bbox 1987 5462 2111 5532; x_wconf 78' lang='lat' dir='ltr'><strong>pide</strong></span> <span class='ocrx_word' id='word_1_832' title='bbox 2137 5472 2281 5515; x_wconf 86' lang='lat' dir='ltr'><strong>stare</strong></span> <span class='ocrx_word' id='word_1_833' title='bbox 2317 5477 2422 5516; x_wconf 86' lang='lat' dir='ltr'><strong>non</strong></span> <span class='ocrx_word' id='word_1_834' title='bbox 2451 5461 2780 5531; x_wconf 83' lang='lat' dir='ltr'><strong>permittitur</strong></span> <span class='ocrx_word' id='word_1_835' title='bbox 2813 5478 2828 5513; x_wconf 84' lang='lat'><strong>:</strong></span> <span class='ocrx_word' id='word_1_836' title='bbox 2885 5462 3151 5518; x_wconf 81' lang='lat' dir='ltr'><strong>satellites</strong></span> <span class='ocrx_word' id='word_1_837' title='bbox 3185 5472 3430 5534; x_wconf 83' lang='lat' dir='ltr'><strong>superat,</strong></span> <span class='ocrx_word' id='word_1_838' title='bbox 3481 5462 3595 5535; x_wconf 71' lang='lat' dir='ltr'><strong>qui</strong></span> 
     </span>
    </p>
   </div>
   <div class='ocr_carea' id='block_1_118' title="bbox 1986 5553 3589 5621">
    <p class='ocr_par' dir='ltr' id='par_1_118' title="bbox 1986 5553 3589 5621">
     <span class='ocr_line' id='line_1_118' title="bbox 1986 5553 3589 5621; baseline 0 -13"><span class='ocrx_word' id='word_1_839' title='bbox 1986 5554 2150 5608; x_wconf 83' lang='lat' dir='ltr'><strong>animi</strong></span> <span class='ocrx_word' id='word_1_840' title='bbox 2169 5553 2348 5609; x_wconf 74' lang='lat' dir='ltr'><strong>calore</strong></span> <span class='ocrx_word' id='word_1_841' title='bbox 2366 5553 2713 5621; x_wconf 73' lang='lat' dir='ltr'><strong>bellandique</strong></span> <span class='ocrx_word' id='word_1_842' title='bbox 2736 5569 2832 5609; x_wconf 90' lang='lat' dir='ltr'><strong>usu</strong></span> <span class='ocrx_word' id='word_1_843' title='bbox 2872 5554 3098 5610; x_wconf 88' lang='lat' dir='ltr'><strong>assiduo</strong></span> <span class='ocrx_word' id='word_1_844' title='bbox 3121 5557 3337 5612; x_wconf 87' lang='lat' dir='ltr'><strong>vincere</strong></span> <span class='ocrx_word' id='word_1_845' title='bbox 3354 5556 3589 5613; x_wconf 77' lang='lat' dir='ltr'><strong>leonum</strong></span> 
     </span>
    </p>
   </div>
   <div class='ocr_carea' id='block_1_119' title="bbox 1990 5646 3591 5717">
    <p class='ocr_par' dir='ltr' id='par_1_119' title="bbox 1990 5646 3591 5717">
     <span class='ocr_line' id='line_1_119' title="bbox 1990 5646 3591 5717; baseline 0.002 -18"><span class='ocrx_word' id='word_1_846' title='bbox 1990 5646 2246 5714; x_wconf 75' lang='lat' dir='ltr'><strong>imprium</strong></span> <span class='ocrx_word' id='word_1_847' title='bbox 2274 5656 2438 5717; x_wconf 89' lang='lat' dir='ltr'><strong>atque</strong></span> <span class='ocrx_word' id='word_1_848' title='bbox 2500 5648 2646 5701; x_wconf 89' lang='lat' dir='ltr'><strong>vires</strong></span> <span class='ocrx_word' id='word_1_849' title='bbox 2675 5647 2898 5715; x_wconf 80' lang='lat' dir='ltr'><strong>student</strong></span> <span class='ocrx_word' id='word_1_850' title='bbox 2927 5663 2941 5702; x_wconf 73' lang='grc' dir='ltr'><strong>ι</strong></span> <span class='ocrx_word' id='word_1_851' title='bbox 2980 5648 3315 5717; x_wconf 72' lang='lat' dir='ltr'><strong>legionarios</strong></span> <span class='ocrx_word' id='word_1_852' title='bbox 3339 5666 3366 5700; x_wconf 76' lang='grc' dir='ltr'><strong>ιι</strong></span> <span class='ocrx_word' id='word_1_853' title='bbox 3420 5656 3591 5714; x_wconf 68' lang='grc' dir='ltr'>ιειεοθ</span> 
     </span>
    </p>
   </div>
   <div class='ocr_carea' id='block_1_120' title="bbox 1987 5718 3586 5809">
    <p class='ocr_par' dir='ltr' id='par_1_120' title="bbox 1987 5718 3586 5809">
     <span class='ocr_line' id='line_1_120' title="bbox 1987 5718 3586 5809; baseline 0.003 -17"><span class='ocrx_word' id='word_1_854' title='bbox 1987 5737 2265 5808; x_wconf 88' lang='lat' dir='ltr'><strong>relinquit,</strong></span> <span class='ocrx_word' id='word_1_855' title='bbox 2297 5739 2498 5809; x_wconf 88' lang='lat' dir='ltr'><strong>quibus</strong></span> <span class='ocrx_word' id='word_1_856' title='bbox 2536 5739 2773 5794; x_wconf 87' lang='lat' dir='ltr'><strong>dormire</strong></span> <span class='ocrx_word' id='word_1_857' title='bbox 2819 5718 2927 5794; x_wconf 70' lang='lat' dir='ltr'><strong>non</strong></span> <span class='ocrx_word' id='word_1_858' title='bbox 2968 5740 3120 5805; x_wconf 88' lang='lat' dir='ltr'><strong>licet,</strong></span> <span class='ocrx_word' id='word_1_859' title='bbox 3180 5738 3586 5796; x_wconf 69' lang='lat' dir='ltr'><strong>excubitorum</strong></span> 
     </span>
    </p>
   </div>
   <div class='ocr_carea' id='block_1_121' title="bbox 1987 5829 3709 5919">
    <p class='ocr_par' dir='ltr' id='par_1_121' title="bbox 1987 5829 3709 5919">
     <span class='ocr_line' id='line_1_121' title="bbox 1987 5829 3709 5919; baseline 0.004 -35"><span class='ocrx_word' id='word_1_860' title='bbox 1987 5830 2167 5887; x_wconf 74' lang='lat' dir='ltr'><strong>officio</strong></span> <span class='ocrx_word' id='word_1_861' title='bbox 2207 5830 2577 5907; x_wconf 77' lang='lat' dir='ltr'><strong>fungentibus.</strong></span> <span class='ocrx_word' id='word_1_862' title='bbox 2607 5829 2663 5888; x_wconf 85' lang='lat' dir='ltr'><strong>Si</strong></span> <span class='ocrx_word' id='word_1_863' title='bbox 2696 5832 2932 5905; x_wconf 88' lang='lat' dir='ltr'><strong>denique</strong></span> <span class='ocrx_word' id='word_1_864' title='bbox 2973 5840 3085 5919; x_wconf 73' lang='lat' dir='ltr'><strong>tota</strong></span> <span class='ocrx_word' id='word_1_865' title='bbox 3120 5848 3209 5890; x_wconf 90' lang='lat' dir='ltr'><strong>res</strong></span> <span class='ocrx_word' id='word_1_866' title='bbox 3246 5833 3591 5903; x_wconf 49' lang='lat' dir='ltr'><strong>explicandi</strong></span> <span class='ocrx_word' id='word_1_867' title='bbox 3696 5896 3709 5915; x_wconf 47' lang='grc' dir='ltr'><em>Ι</em></span> 
     </span>
    </p>
   </div>
  </div>
