4000 6490
401 457 501 527 541

1752 478 2071 576 .ORATIO
2111 481 2246 547 VII.

3591 485 3696 557 542

395 574 641 673 κρηπῖδα
661 576 753 631 καὶ
784 577 1037 673 θεμέλιον
1079 582 1322 653 ἀσφαλὲς
1383 587 1606 655 ειδέναι,
1663 574 1992 662 ἐρηρεισμέ-

2102 596 2486 658 beatamillam
2531 602 2880 660 dilectionem
2925 616 3047 660 esse
3093 602 3427 673 crepidinem
3469 612 3526 660 et
3565 615 3692 658 tun-

395 682 497 734 νην
524 668 732 738 ἑπὶτῆς
753 671 985 743 πέτρας.
1010 675 1174 731 αὐτοῦ
1232 679 1473 752 Χριστοῦ
1508 698 1527 715 ο
1573 681 1731 755 ῥίζαν
1769 702 1829 738 τε
1882 686 1994 741 τῶν

396 761 622 828 ἀγαθῶν
649 762 779 832 ἑξῆς
807 766 1087 836 ἀπάντων,
1119 772 1507 851 διικνουμένην
1532 778 1590 840 ξς
1631 778 1796 848 βάθος
1828 780 1993 852 μέγα,

396 855 496 908 καὶ
544 855 680 925 ὕψος
732 858 902 925 ὅντως
944 864 1386 940 ἀνεξερεύνητον,
1433 870 1594 942 εἴπερ
1639 872 1706 926 τά
1754 873 1857 943 μὲν
1899 873 1994 927 τοῦ

400 948 536 1002 Θεοῦ
571 951 798 1006 τοιαῦτα
828 970 842 986 ο
876 957 909 1027 ἠ
939 957 996 1010 δὲ
1020 961 1275 1016 τοσοῦτον
1322 963 1382 1017 ὲν
1423 964 1500 1035 τῷ
1531 965 1673 1036 Θεῷ,
1721 967 1846 1021 ὅσον
1899 966 1997 1021 καὶ

382 1041 760 1113 αὐτοαγάπην
791 1048 1001 1106 ἐκεῖνον
1027 1051 1305 1120 λέγεσθαι.
1364 1059 1474 1111 Καὶ
1504 1058 1553 1113 εἰ
1578 1058 1659 1113 δεῖ
1686 1061 1746 1114 τὸ
1774 1062 1884 1115 πᾶν
1913 1062 1994 1115 εί-

400 1138 542 1194 πετν,
574 1141 735 1210 σειρᾷ
761 1141 859 1210 μὲν
874 1141 1058 1198 ἔοικεν
1080 1145 1340 1218 ἄντικρυς
1362 1149 1423 1205 τδ
1450 1150 1558 1205 τῶν
1580 1154 1793 1222 ἀρετῶν
1812 1153 1998 1224 ἀθροι-

400 1244 534 1295 σμα,
561 1231 653 1283 καὶ
683 1232 928 1303 ἀλλήλων
961 1235 1175 1308 ἔχονται
1219 1240 1417 1306 πᾶσαι,
1451 1243 1684 1313 ταυτησὶ
1719 1245 1775 1299 δὲ
1829 1245 1997 1317 μόνης

399 1319 730 1392 ὲξήρτηνται
755 1326 853 1394 τῆς
874 1329 1114 1400 ἀγάπης.
1145 1332 1309 1387 Ὥστε
1334 1335 1517 1391 πάντα
1542 1335 1609 1392 ἂν
1630 1337 1894 1409 ἁρμόσειε
1925 1341 1996 1393 τὰ

407 1413 663 1482 μέγιστα,
691 1418 786 1471 καὶ
821 1418 1094 1491 βέλτιστα,
1123 1425 1218 1479 καὶ
1247 1427 1534 1496 κάλλιστα,
1558 1431 1651 1483 καὶ
1685 1431 1868 1503 τίμια,
1900 1435 1996 1489 καὶ

403 1508 599 1578 σεμνὰ,
636 1511 797 1576 εἴτις
820 1515 1057 1585 ἀγείρας
1085 1520 1181 1573 καὶ
1208 1521 1465 1588 συνελὼν,
1514 1522 1653 1594 αὐτῇ
1707 1541 1771 1590 γε
1823 1524 1997 1580 ταῦτα

401 1603 906 1671 προσοίσει.’οὐδὲν
938 1610 1049 1682 γὰρ
1083 1605 1263 1682 οῐμιῖι,
1297 1616 1452 1669 οὐδὲν
1470 1615 1581 1670 τῶν
1611 1616 1833 1687 ἀγαθῶν
1869 1617 1997 1688 ἑξῆς

402 1694 650 1761 πάντων,
679 1698 816 1771 ὅπερ
851 1701 917 1754 ἂν
948 1689 1158 1775 ἀπᾷδον
1190 1707 1278 1778 είη
1304 1707 1415 1762 τῶν
1444 1710 1629 1780 ἐκείνῃ
1672 1728 1737 1780 γε
1769 1710 2000 1783 προσόν-

402 1805 515 1842 των
539 1791 847 1859 ἰδιωμάτων
883 1810 898 1827 ο
930 1786 1120 1869 ὥσπερ
1145 1799 1257 1852 οὐδ’
1289 1798 1406 1855 ἔστι
1436 1802 1549 1856 τῶν
1578 1804 1855 1870 ἁπάντων,
1878 1806 1996 1874 εῑγε

404 1881 505 1951 τῆς
543 1885 761 1954 μερίδος
787 1886 898 1941 τῶν
937 1889 1158 1957 ἀγαθῶν
1191 1891 1359 1959 ἐστιν,
1390 1895 1528 1967 ὅπερ
1572 1896 1649 1967 μὴ
1679 1896 1823 1951 πάνυ
1854 1915 1996 1968 συμ-

408 1977 638 2045 ϐήσεται
672 1980 739 2048 τῇ
787 1979 887 2049 τῆς
918 1985 1428 2056 ταπεινοφροσύνης
1482 1988 1767 2060 ἀκρύτητι.
1810 1990 1994 2060 Οὔσης

404 2065 499 2125 οῦν
525 2071 739 2143 ἐκείνης
769 2075 797 2127 ὂ
829 2091 991 2148 τιπερ
1014 2077 1310 2147 κεφάλαιον
1342 2081 1451 2157 τῶν
1474 2081 1676 2150 καλῶν,
1709 2083 1860 2138 οὐδέν
1887 2101 1992 2139 που

405 2167 787 2236 ταπεινότερον
819 2166 968 2235 ὅμως
999 2169 1061 2223 rb
1085 2170 1185 2236 τῆς
1219 2175 1575 2244 μετριότητος
1628 2175 1857 2245 μέγεθος
1882 2176 1990 2232 -τοῦ

403 2254 507 2325 τῆς
529 2257 748 2326 ἀγάπης
779 2257 950 2329 ὕψους
983 2262 1078 2317 καὶ
1106 2260 1434 2335 ἀξιώματος.
1467 2266 1576 2319 Καὶ
1607 2266 1717 2338 γάρ
1756 2269 1872 2321 ἐστι
1898 2265 1995 2322 καὶ

403 2349 532 2404 καθ’
568 2351 738 2423 αὐτὴν
766 2352 1024 2424 ἀγαθδνή
1059 2358 1559 2429 ταπεινοφροσύνη,
1596 2360 1689 2413 καὶ
1719 2358 1994 2433 θησαυρὸς

404 2443 789 2500 ἀποδέδεικται
813 2446 923 2499 τῶν
956 2448 1390 2520 συνειλεγμένων
1420 2454 1554 2523 ἡμῖν
1588 2453 1774 2507 καλῶν
1797 2454 1862 2508 ἐκ
1890 2453 1992 2508 τοῦ

402 2538 505 2606 τῆς
526 2538 747 2610 ἀγάπης
780 2541 983 2594 εύθέων
1012 2543 1282 2615 πτόρθων.
1343 2545 1508 2599 Ὥστε
1542 2545 1602 2611 ἐξ
1634 2547 1837 2616 ἀμφοῖν
1870 2546 1996 2614 ἀρία

408 2645 530 2698 στη.
568 2631 691 2684 Εἴτε
719 2630 828 2699 γὰρ
855 2631 930 2695 ὡς
971 2633 1126 2698 τέλος
1175 2634 1348 2704 αὐτὴν
1400 2635 1804 2708 θεωρήσωμεν,
1842 2637 1994 2692 οὐδὲν

406 2719 576 2790 αὐτῆς
601 2720 828 2790 ἄμεινον
861 2736 877 2752 ⁸
904 2721 1008 2776 εἴθ’
1042 2725 1119 2788 ῶς
1161 2726 1298 2796 πρὸς
1325 2727 1386 2779 τὸ
1412 2726 1563 2791 τέλος
1593 2728 1732 2799 αὐτῇ
1763 2729 1995 2800 χρησαί-

406 2810 570 2878 μεθα,
602 2814 703 2866 οὒκ
735 2812 883 2866 ἐστιν
913 2815 1207 2886 ἀποτυχεῖν
1232 2816 1325 2871 τοῦ
1355 2817 1586 2873 σκοποῦ.
1626 2819 1832 2891 Ἀγαθὴ
1883 2819 1995 2888 γάρ

405 2908 523 2960 ἐστι
547 2906 673 2960 καθ’
698 2907 889 2976 αὐτὴν,
923 2907 1000 2972 ὡς
1020 2909 1269 2980 εἰρηνική
1299 2928 1358 2963 τε
1390 2909 1487 2965 καὶ
1511 2911 1817 2983 πραοτάτη,
1871 2911 1899 2965 ὃ
1927 2913 1992 2985 δὴ

402 2994 540 3049 Θεοῦ
568 2997 714 3049 ἐστιν
734 2995 890 3052 [διον.
927 2996 1134 3068 Ἀγαθὴ
1158 2998 1213 3051 δὲ
1235 2995 1303 3052 αὖ
1328 3001 1421 3053 καὶ
1445 3000 1620 3054 ἄλλων
1646 3001 1806 3055 ἕνεκα
1845 2998 1992 3054 πλεί.

404 3105 548 3142 στων
581 3105 596 3119 ·
628 3088 723 3141 καὶ
756 3088 844 3142 διὰ
892 3087 1052 3143 τοῦτο
1095 3089 1368 3161 θησαυρὸς
1432 3092 1650 3145 πάντων
1708 3090 1837 3161 ἑξῆς
1884 3089 1994 3145 τῶν

404 3180 589 3236 καλῶν
620 3186 713 3236 καὶ
747 3183 988 3254 εῐρηται,
1016 3184 1111 3239 καὶ
1141 3184 1290 3238 ἐστιν
1317 3202 1332 3218 ’
1366 3185 1559 3256 ἐπειδὴ
1586 3185 1790 3257 ταύτης
1822 3187 1993 3258 χωρὶς

2023 1943 2072 2004 Β

2102 686 2416 744 damentum
2449 698 2684 756 certum,
2736 691 2982 747 innixum
3036 699 3228 762 petrae,
3292 692 3549 747 nimirum
3592 690 3696 761 ipsi

2099 778 2341 849 Christo,
2404 783 2761 855 radicemque
2795 783 3062 841 bonorum
3098 784 3696 856 omnium,pertingen—

2099 884 2210 929 tem
2287 874 2354 930 ad
2406 891 2659 946 magnam
2720 877 3174 948 profunditatem,
3234 887 3288 934 et
3342 877 3688 933 altitudinem

2098 981 2292 1036 reapse
2327 981 2433 1021 non
2463 968 2943 1037 perscrutabilem,
2977 969 3253 1038 siquidem
3284 983 3406 1038 qua!
3438 967 3536 1023 Dei
3562 975 3695 1023 sunt

2101 1058 2228 1114 talia
2257 1068 2383 1115 sunt
2410 1078 2425 1127 ;
2454 1070 2511 1116 et
2536 1059 2653 1130 ipsa
2701 1076 2879 1131 usque
2909 1062 3044 1117 adeo
3072 1061 3128 1116 in
3180 1062 3288 1117 Deo
3309 1069 3413 1126 est,
3460 1060 3583 1115 utis
3613 1063 3697 1130 lp-

2098 1152 2316 1209 sissima
2348 1167 2566 1222 quoque
2605 1153 2827 1210 dilectio
2858 1164 3224 1225 nuncupetur.
3260 1154 3340 1210 Ad
3395 1168 3691 1218 summam,

2098 1255 2307 1300 catenae
2329 1246 2634 1301 consimilis
2664 1256 2745 1303 est
2775 1247 3043 1302 virtutum
3075 1258 3250 1305 cretus
3286 1265 3303 1314 ;
3336 1257 3390 1302 et
3414 1257 3473 1301 ut
3501 1260 3694 1301 omnes

2102 1338 2337 1394 invicem
2376 1340 2678 1406 cohaerent,
2738 1341 3016 1398 sicasola
3077 1342 3372 1398 dilectione
3432 1341 3698 1411 pendent.

2099 1432 2468 1500 Quamobrem
2497 1434 2620 1489 huic
2669 1435 2855 1489 omnia
2925 1434 3278 1506 congruerint
3331 1433 3595 1494 maxima,
3642 1440 3699 1487 et

2101 1527 2333 1597 optima,
2367 1535 2424 1584 et
2447 1526 2838 1598 pulcherrima.
2870 1536 2922 1582 et
2947 1527 3281 1592 veneranda,
3309 1533 3361 1580 et
3410 1533 3635 1594 augusta
3677 1540 3697 1590 ;

2105 1620 2150 1676 si
2185 1620 2313 1690 quis
2335 1634 2399 1677 ea
2431 1619 2685 1701 coilecta,
2718 1626 3112 1690 congestaque,
3173 1617 3304 1672 huic
3359 1616 3699 1675 attribuerit,

2100 1710 2321 1768 Nullum
2340 1712 2517 1779 enim,
2579 1714 2800 1782 opinor,
2850 1711 3061 1766 nullum
3095 1711 3320 1765 omnino
3353 1709 3554 1764 bonum
3590 1715 3697 1773 est,

2101 1806 2246 1877 quod
2271 1806 2341 1862 iis
2367 1821 2394 1859 a
2415 1803 2840 1874 proprietatibus
2854 1803 3145 1872 discrepet,
3161 1815 3282 1871 quas
3304 1799 3430 1855 huic
3454 1798 3694 1853 adsunt:

2102 1897 2263 1955 sicuti
2305 1911 2409 1952 nec
2427 1894 2654 1951 omnino
2688 1894 2983 1964 quidquam
3018 1901 3123 1957 est,
3169 1890 3332 1946 modo
3371 1888 3636 1946 bonorum
3665 1903 3698 1942 τι

2100 1991 2364 2048 societate
2388 2004 2496 2045 non
2532 1988 2864 2053 excluditur,
2891 1987 3036 2059 quod
3087 2000 3193 2040 non
3244 1983 3529 2054 insigniter
3588 1983 3699 2038 hu-

2102 2085 2352 2141 militatis
2373 2082 2688 2138 eminentia:
2713 2095 2981 2150 supremae
3006 2079 3323 2136 conveniat.
3346 2078 3484 2134 Cum
3520 2078 3698 2150 igitur

2100 2180 2221 2250 ipsa
2257 2185 2426 2248 caput
2460 2184 2514 2232 et
2547 2185 2738 2231 vertex
2791 2176 2948 2244 quasi
2998 2173 3219 2244 quidam
3277 2173 3548 2229 bonorum
3603 2172 3697 2237 sit,

2101 2284 2212 2325 non
2249 2277 2432 2323 tamen
2464 2266 2730 2323 humilior
2746 2274 2829 2322 est
2859 2265 3139 2321 modestia:
3161 2265 3498 2335 magnitudo,
3532 2278 3695 2332 quam

2101 2357 2729 2432 dilectioniseminentia
2761 2357 2830 2412 sit
2853 2367 3021 2427 atque
3044 2355 3306 2427 dignitas.
3336 2354 3434 2412 Est
3462 2354 3611 2410 ettim
3639 2361 3696 2410 et

2102 2469 2201 2524 per
2230 2468 2289 2509 se
2315 2452 2517 2508 bonum
2543 2450 2817 2521 quoddam
2845 2450 3148 2513 humilitas.
3175 2443 3231 2504 et
3265 2461 3552 2506 ostensum
3586 2454 3696 2513 est,

2102 2546 2246 2601 hanc
2303 2560 2427 2601 esse
2467 2544 2784 2600 thesaurum
2847 2544 3117 2598 bonorum
3149 2559 3177 2596 a
3227 2543 3383 2598 nobis
3411 2541 3478 2597 de
3536 2539 3701 2596 rectis

2102 2635 2415 2692 dilectionis
2453 2634 2622 2690 ramis
2647 2634 3034 2690 collectnrum.
3066 2633 3438 2701 Quamobrem
3465 2638 3701 2701 utraque

2101 2730 2313 2784 ratione
2344 2726 2801 2798 praestantissima
2833 2736 2939 2783 est.
2967 2726 3104 2782 Nam
3130 2727 3246 2782 sive
3276 2727 3424 2779 illam
3452 2732 3512 2780 ut
3537 2723 3697 2778 linem

2103 2819 2666 2887 consideraverimus,
2683 2817 2826 2872 nihil
2858 2833 2923 2873 ea
2952 2818 3186 2874 melius:
3211 2818 3326 2873 sive
3350 2826 3609 2886 tanquam
3630 2813 3699 2868 ad

2104 2913 2267 2969 linem
2297 2926 2360 2966 ea
2392 2911 2663 2967 fuerimus
2690 2909 2794 2976 usi,
2820 2909 3080 2966 aberrare
3102 2925 3131 2964 a
3158 2924 3326 2979 scopo
3360 2924 3469 2963 non
3503 2921 3701 2975 possu-

2102 3020 2251 3061 mus.
2286 3004 2382 3061 Est
2408 3003 2554 3060 enim
2583 3012 2637 3059 et
2665 3017 2764 3073 per
2793 3016 2855 3058 se
2873 3001 3038 3069 bona,
3075 3011 3332 3071 tanquam
3374 2998 3600 3070 paciﬁca
3646 3006 3703 3052 et

2101 3095 2419 3159 mitissima,
2442 3093 2589 3163 quod
2622 3107 2755 3148 sane
2803 3090 2914 3147 Deo
2967 3090 3247 3163 proprium
3282 3099 3411 3146 est:
3460 3098 3519 3145 et
3556 3087 3702 3145 bona

2104 3196 2316 3247 rursus,
2347 3179 2781 3251 alias‘plurimas
2804 3178 2877 3235 ob
2907 3193 3107 3236 causas
3140 3196 3155 3247 ;
3192 3179 3427 3250 ideoque
3477 3178 3702 3234 thesau-

403 3275 687 3340 παντελῶς
706 3275 967 3330 ἀδύνατον
996 3276 1029 3346 ἢ
1057 3275 1345 3348 διαρκέσαι
1370 3278 1609 3350 χρηστόν
1637 3296 1759 3364 cura.
1780 3279 1992 3350 ἀνθρω-

2103 3290 2199 3330 rus
2220 3276 2489 3329 bonorum
2523 3273 2771 3329 omnium
2799 3284 2855 3329 et
2875 3273 3205 3344 appellatur.
3227 3282 3384 3330 etest
3413 3275 3694 3343 :quando-

405 3385 511 3423 πον
541 3367 692 3432 ὄντα,
719 3366 752 3437 ἥ
787 3366 883 3421 καὶ
914 3365 1013 3436 τὴν
1053 3367 1231 3438 ἀρχὴν
1253 3366 1559 3437 γεγονέναι.
1595 3368 1784 3439 Ἰσμεν
1811 3366 1868 3422 δὲ
1901 3367 1998 3421 αύδ

403 3460 508 3531 τὴν
534 3460 631 3516 καὶ
673 3459 835 3514 τοῦτο
862 3459 1366 3549 χορηγοῦσανιήμῖν
1390 3460 1451 3515 τὸ
1478 3459 1662 3515 καλόν.
1697 3459 1839 3530 Πρὸς
1887 3460 1996 3530 γάρ

403 3553 500 3609 τδν
533 3552 954 3625 είρηνικώτατον
1000 3551 1095 3606 καὶ
1123 3546 1429 3624 πραότατον
1477 3546 1752 3624 κηδεμόνα
1799 3571 1859 3607 τε
1902 3553 1999 3606 καὶ

314 3658 337 3667 “
405 3647 676 3715 δεσπότην
704 3645 853 3717 ἡμᾶς
910 3643 1011 3716 τὴν
1052 3644 1316 3714 ταχίστην
1378 3642 1720 3710 ἀναϐιϐάζει.
1781 3644 1999 3716 Ταύτην

406 3742 517 3812 γὰρ
548 3743 755 3804 ἐκεῖνος
784 3739 1081 3809 ὑπερφυῶς
1109 3738 1390 3804 διανύσας,
1422 3739 1482 3805 ἐξ
1512 3739 1737 3809 ἀγάπης
1772 3739 1995 3811 ἀμηχά-

346 3860 351 3867 ε
406 3850 502 3888 νου
525 3832 788 3903 κινηθεὶς,
816 3832 966 3902 ἡμᾶς
995 3832 1059 3885 ὲκ
1080 3831 1173 3884 τοῦ
1200 3829 1478 3902 βαράθρου
1502 3831 1600 3901 τῆς
1640 3831 1741 3903 γῆς
1792 3831 1999 3902 ἀνήγα-

407 3946 506 3998 γεν
534 3930 614 3992 εἰς
638 3928 731 3981 silv
758 3926 1010 3997 ούρανὲν,
1039 3925 1342 3997 ἑπομένους
1377 3925 1527 3996 αὐτῷ
1550 3926 1670 3978 κατ’
1725 3926 1890 3996 ἴχνος.
1935 3925 1997 3977 Ei

408 4021 518 4093 γὰρ
548 4021 648 4090 τὴν
673 4018 845 4088 αὐτὴν
874 4017 1072 4087 ἐκείνῳ
1118 4018 1363 4089 χωρήσει
1408 4035 1493 4080 τις
1546 4016 1828 4086 ἀσφαλῶς,
1879 4016 1998 4080 πῶς

407 4116 469 4170 ού
511 4114 710 4188 ῥᾳδίως
740 4112 901 4167 αὐτὸν
928 4110 1305 4181 καταλήψεται
1340 4128 1354 4178 ;
1405 4104 1465 4164 οὗ
1496 4110 1550 4162 τί
1584 4108 1998 4181 μακαριώτερον

408 4209 605 4279 γένοιτ’
628 4206 692 4262 ἄν
720 4225 736 4274 ;
769 4207 866 4262 καὶ
890 4205 978 4260 διὰ
1005 4205 1199 4269 ταῦτα,
1233 4206 1329 4259 ἐὰν
1366 4205 1596 4274 παραδῶ
1633 4205 1731 4267 τὰς
1787 4206 2000 4275 σάρκας

392 4298 538 4373 ’μου,
578 4301 666 4354 ἴνα
735 4298 1155 4368 καυθὴσωμαι,·
1183 4298 1407 4367 ἀγάπην
1469 4297 1525 4351 δὲ
1551 4295 1624 4367 μὴ
1674 4296 1803 4366 ἔχω,
1845 4296 2000 4349 οὐδὲν

407 4393 745 4466 ὠφελοῦμαι.
787 4394 896 4448 Καὶ
928 4391 1218 4460 γινώσκειν
1253 4393 1406 4463 παρὰ
1432 4390 1526 4445 τοῦ
1559 4391 1812 4462 Σωτῆρος
1860 4389 2001 4444 δεδίσ-

406 4490 634 4558 δαγμαι,
673 4484 768 4540 τοῦ
792 4484 975 4557 ἔργοις
1018 4503 1086 4555 με
1131 4485 1191 4537 τὸ
1235 4484 1456 4556 μέτριον
1498 4482 1700 4555 μᾶλλον
1741 4483 2000 4561 ῆλόγοις

406 4578 738 4644 διδάξαντος,
775 4576 960 4630 δοῦλον
1007 4577 1226 4645 ἀχρεῖον
1297 4576 1557 4646 ἐμαυτὸν,
1607 4577 1736 4629 ὅταν
1790 4575 1998 4646 εὑρεθῶ

2100 3367 2322 3438 quidem
2347 3365 2555 3436 absque
2609 3366 2715 3422 hac
2760 3365 2877 3422 ﬁeri
2924 3366 3070 3422 nulla
3126 3365 3340 3422 ratione
3386 3373 3588 3436 potest,
3643 3374 3703 3421 ut

2100 3462 2266 3518 homo
2308 3459 2391 3516 vel
2415 3461 2593 3516 bonus
2619 3474 2745 3517 esse
2768 3466 3108 3530 perseveret,
3135 3458 3221 3513 vel
3270 3459 3443 3514 bonus
3478 3456 3704 3513 Omnino

2102 3555 2219 3610 liat.
2258 3553 2521 3609 Eamdem
2548 3553 2754 3609 scimus
2776 3552 2883 3610 hoc
2914 3565 3134 3622 quoque
3158 3550 3289 3607 boni
3324 3551 3486 3607 nobis
3504 3566 3704 3620 suppe-

2100 3646 2301 3702 ditare.
2355 3643 2488 3700 Nam
2533 3644 2603 3699 ad
2639 3658 2855 3700 summe
2908 3643 3201 3714 paciﬁcum
3241 3642 3703 3712 mitissimumque

2102 3747 2415 3794 curatorem
2457 3750 2524 3792 ac
2572 3737 2859 3790 dominum
2920 3744 3173 3791 nostrum
3205 3749 3370 3805 quam
3409 3733 3703 3791 celerrime

2102 3846 2203 3888 nos
2223 3828 2485 3886 sustullit.
2515 3827 2691 3899 Hujus
2714 3827 2861 3883 enim
2898 3827 2988 3883 ille
3015 3841 3241 3884 cursum
3314 3842 3440 3882 cum
3475 3825 3704 3881 miriﬁce

2100 3923 2454 3992 complesset,
2482 3934 2669 3983 amore
2698 3929 2878 3976 motus
2907 3919 3204 3985 immenso,
3237 3932 3340 3974 nos
3361 3932 3391 3972 e
3414 3926 3576 3974 terra:
3597 3918 3701 3974 ba-

2102 4015 2291 4070 rathro
2320 4013 2579 4069 subduxit
2603 4014 2669 4067 ad
2692 4013 2915 4079 caelum,
2937 4011 3178 4083 vestigiis
3200 4011 3318 4080 ejus
3344 4010 3699 4069 inhaerentes.

2100 4102 2235 4158 Nam
2260 4104 2303 4158 si
2335 4104 2455 4174 quis
2477 4105 2668 4159 eodem
2700 4118 2822 4157 cum
2887 4102 2981 4158 illo
3030 4117 3223 4158 secure
3254 4113 3445 4173 pergat
3479 4103 3699 4172 itinere,

2101 4213 2211 4268 quo
2239 4206 2399 4268 pacto
2432 4212 2541 4252 non
2575 4197 2642 4251 ad
2685 4212 2810 4253 eum
2853 4196 3016 4253 facile
3042 4198 3377 4268 perveniet?
3417 4213 3524 4268 quo
3567 4212 3702 4253 Sane

2102 4290 2234 4362 quid
2273 4274 2527 4346 accidere
2574 4289 2792 4346 beatius
2851 4290 3057 4346 homini
3094 4290 3312 4361 possit?
3366 4291 3595 4360 ideoque
3654 4291 3703 4347 si

2105 4382 2312 4455 tradam
2343 4397 2541 4438 carnes
2554 4383 2749 4448 '_meas,
2773 4390 2832 4437 ut
2852 4385 3175 4448 comburat,
3204 4382 3550 4439 dilectionem
3573 4397 3704 4438 vero

2102 4494 2210 4534 non
2244 4478 2473 4535 habeam
2507 4494 2525 4545 ;
2561 4477 2694 4554 nihil
2722 4476 2848 4533 inde
2872 4492 3180 4548 consequor
3209 4478 3590 4534 emolumenti.
3636 4476 3705 4532 Et

2103 4574 2332 4628 edoctus
2389 4587 2419 4627 a
2469 4570 2756 4627 Salvatore
2818 4587 2965 4638 sum,
3028 4572 3121 4642 qui
3184 4572 3503 4627 modestiam
3544 4570 3705 4627 factis

407 4672 638 4742 πληρῶν
678 4669 773 4723 καὶ
810 4668 986 4721 πάντα
1014 4668 1084 4720 τὰ
1113 4667 1319 4721 ἐκείνου
1388 4667 1810 4753 προστάγματα.
1874 4670 1995 4723 Ὀτι

2104 4665 2285 4734 potius
2343 4679 2509 4735 quam
2550 4663 2732 4720 verbis
2764 4678 2852 4718 me
2877 4665 3089 4729 docuit,
3126 4670 3184 4717 ut
3217 4663 3480 4734 meipsum
3531 4679 3704 4734 agno-

408 4764 508 4833 μὲν
542 4757 636 4817 οὖν
662 4760 835 4825 οὕτως
866 4758 977 4831 ἔχει
1008 4758 1076 4813 τὰ
1098 4759 1194 4825 τῆς
1224 4758 1448 4830 ἀγάπης
1484 4760 1580 4812 καὶ
1614 4761 1992 4830 μετριότητος,

401 4858 583 4930 δῆλον.

481 5126 546 5180 Εἰ
577 5126 634 5180 δὲ
666 5124 730 5196 δὴ
755 5126 850 5180 καὶ
888 5123 1049 5178 τοῦτο
1074 5122 1253 5195 χρεῶν
1293 5123 1430 5190 ἐστι,
1472 5121 1790 5186 συνελόντας
1845 5122 1996 5192 ἡμᾶς

404 5222 588 5274 εἰπεῖν
616 5218 859 5289 ὡσπερεὶ
883 5217 1442 5288 κεφαλαιωδέστερον,
1472 5216 1740 5287 ἑκατέρας
1766 5210 1857 5268 τοῦ
1868 5232 1996 5286 ργον

403 5314 500 5368 καὶ
527 5311 588 5365 τὸ
622 5310 754 5365 ἴδιον
780 5310 899 5364 ἔστι
933 5310 1035 5382 μὲν
1067 5310 1100 5381 ἡ
1134 5310 1352 5381 ἀγάπη.
1410 5309 1595 5380 μήτηρ
1621 5324 1680 5361 τε
1716 5306 1858 5373 ἅμα,
1902 5306 1997 5359 καὶ

402 5403 626 5473 τροφὸς,
659 5403 755 5457 καὶ
786 5403 935 5476 ῥίζα,
967 5403 1061 5456 καὶ
1093 5402 1303 5473 κρηπὶς
1323 5401 1587 5471 ἄντικρυς
1616 5399 1695 5471 τῷ
1727 5400 1837 5452 τῶν
1869 5401 1996 5469 ἀρεο

405 5497 518 5551 τῶν
546 5498 877 5568 συστήματι,
909 5497 1056 5568 ἀρχή
1087 5513 1146 5548 τε
1178 5496 1289 5560 τοῖς
1311 5492 1559 5548 ὁδεύουσι
1605 5493 1744 5565 πρὸς
1792 5492 1997 5562 ἀρετὴν

409 5589 607 5652 ἅπασι,
638 5588 734 5640 καὶ
762 5587 1034 5658 πλάστης,
1076 5588 1172 5640 καὶ
1193 5585 1479 5656 ἀλείπτης,
1506 5583 1580 5647 ὡς
1613 5583 1681 5638 ἄν
1715 5601 1797 5646 τις
1822 5582 1992 5647 εἴποι,

413 5677 514 5730 καὶ
547 5675 890 5741 ἁπαξαπλῶς
923 5677 1034 5730 πᾶν
1071 5676 1337 5741 τοιοῦτον,
1367 5668 1428 5729 οὗ
1464 5676 1633 5747 χωρὶς
1662 5675 1764 5728 οὐκ
1817 5673 1994 5728 ἔνεστι

405 5765 662 5833 γενέσθαι
692 5784 744 5820 τι
775 5767 886 5820 τῶν
922 5767 1178 5839 χρηστῶν
1225 5770 1346 5832 ταῖς
1404 5767 1705 5837 ἡμετέραις
1744 5764 1943 5837 ψυχαῖς
1976 5784 1992 5798 ο

406 5858 524 5913 εστι
547 5858 604 5912 δὲ
631 5858 663 5927 ἡ
698 5859 1171 5930 ταπεινοφροσύνῃ
1198 5858 1465 5921 οἱονείτις
1488 5857 1630 5925 ὁδὸς,
1675 5859 1768 5912 καὶ
1796 5859 1991 5929 πέρας.

407 5948 507 6004 καὶ
532 5948 559 6002 ὅ
583 5965 746 6021 τιπερ
770 5948 836 6004 ἂν
859 5948 1070 6022 γένοιτο
1101 5950 1134 6021 ἢ
1184 5952 1357 6006 νοοῖτο
1405 5948 1647 6023 ἔρεισμα
1690 5950 1785 6004 καὶ
1818 5951 1990 6022 gula-

2098 4769 2249 4811 scam
2283 4755 2532 4810 inutilem
2561 4768 2807 4817 servum,
2836 4753 3001 4807 etiam
3029 4768 3154 4808 cum
3211 4752 3466 4807 mandata
3524 4752 3701 4824 ipsius
3754 4741 3765 4748 ’

2096 4848 2282 4904 omnia
2366 4863 2454 4902 me
2515 4847 2774 4915 implesse
2834 4845 3165 4902 ccnsdterit.
3223 4844 3515 4900 Enimvero
3564 4847 3706 4900 hanc

2098 4950 2209 4993 tum
2229 4938 2566 5004 dilectionis,
2602 4948 2714 4992 tum
2743 4937 3027 4994 modestiae
3059 4936 3326 4991 rationem
3389 4949 3533 5002 esse,
3586 4950 3706 4989 ma-

2102 5033 2307 5090 nifesto
2344 5044 2524 5102 paret.
2868 5072 2895 5088 .

2168 5122 2323 5191 Quod
2341 5123 2594 5197 siautem
2616 5138 2644 5177 a
2668 5122 2822 5180 nobis
2841 5121 3019 5178 ethoc
3045 5121 3365 5193 requiritur,
3387 5131 3447 5177 ut
3464 5121 3725 5178 hrevitcr-

2098 5218 2372 5288 quasique
2425 5218 2740 5271 summatim
2782 5216 3068 5286 utriusque
3097 5224 3207 5271 tam
3238 5215 3328 5272 om
3342 5217 3508 5283 cium,
3532 5231 3701 5286 quam

2107 5308 2501 5380 proprietatem
2535 5322 2876 5379 exponamus
2912 5328 2929 5376 ;
2972 5310 3192 5366 dilectio
3248 5310 3471 5379 quidem
3528 5321 3704 5366 mater

2105 5413 2189 5458 est
2220 5402 2452 5472 pariter.
2482 5412 2534 5458 et
2559 5401 2766 5470 nutrix,
2823 5414 2878 5457 et
2934 5405 3112 5469 radix,
3147 5413 3202 5459 ct
3250 5405 3478 5470 crepido
3538 5405 3706 5459 totius

2105 5493 2374 5569 virtutum
2406 5494 2678 5559 corporis,
2750 5501 2917 5562 atque
2969 5494 3297 5564 principium
3348 5493 3700 5564 pergentibus

2103 5583 2171 5637 ad
2209 5582 2467 5637 virtutem
2492 5581 2788 5647 universis,
2812 5593 2866 5637 et
2898 5580 3212 5649 formatrix,
3245 5595 3301 5640 et
3331 5585 3570 5649 unctrix,
3618 5583 3701 5639 uti

2102 5677 2229 5747 quis
2256 5675 2482 5741 dixerit,
2514 5685 2569 5731 et
2595 5676 2919 5746 simpliciter
2951 5676 3086 5731 nihil
3115 5693 3223 5731 non
3249 5676 3545 5745 ejusmodi,
3566 5675 3699 5730 abs-

2103 5783 2212 5838 que
2243 5782 2352 5837 quo
2380 5762 2508 5823 boui
2535 5768 2815 5838 quidpiam
2854 5769 3058 5824 nostris
3086 5769 3140 5824 in
3179 5768 3379 5823 animis
3431 5767 3700 5823 exsistere

2104 5860 2314 5930 nequit.
2355 5858 2647 5913 Humilitas
2678 5874 2809 5915 vero
2840 5859 2998 5929 quasi
3045 5860 3134 5915 via
3193 5857 3444 5929 qumdam
3498 5869 3606 5925 εει,
3638 5865 3699 5914 et

2105 5953 2305 6010 liuisct
2347 5953 2710 6025 quodcunque
2767 5952 2852 6015 vel
2890 5967 3039 6019 esse,
3095 5952 3178 6008 vel
3239 5952 3467 6024 cogitari
3522 5958 3701 6023 possit
