4000 6510
293 390 405 507 ιιιὸι

1468 424 1881 513 ΜΑΝΠΕΙᾸΞΔ
1909 425 2355 489 ΡΑιᾸὶΟιΟΟΙ

3472 427 3619 496 δυ’

288 527 989 606 fulcrnm,accuratumque
1016 534 1331 608 praesidium
1387 520 1659 595 bonorum
1696 535 1905 598 omni»

2011 538 2208 611 ιτήριον
2230 539 2471 613 ’ἀκριϐὲς
2503 541 2727 600 πάντων
2765 542 3031 615 ἑξῆςτῶν
3067 542 3287 608 καλῶν,
3312 541 3476 613 λῆξις
3518 560 3582 596 τι

294 649 407 701 nm,
435 633 810 701 virtutumque
870 629 1160 695 terminus,
1223 636 1276 685 et
1307 629 1549 701 requies,
1588 639 1642 685 et
1685 639 1876 699 portus

2011 631 2087 697 ῶν
2112 631 2347 700 ἀρετῶν,
2378 634 2472 688 καὶ⁵
2519 634 2850 701 ἀνάπαυσις.
2898 636 2994 695 καὶ
3048 636 3330 706 σωτήριος
3383 634 3579 706 λιμὴν.

292 724 571 790 salutaris,
634 733 689 777 et
745 722 902 776 locus
962 722 1136 790 tutus,
1204 719 1345 776 ultra
1399 736 1560 789 quem
1619 718 1875 791 progredi

2011 723 2069 789 αἱ
2094 722 2292 794 χωρίον
2326 724 2589 795 ἀσφαλὲς,
2610 718 2674 782 οὗ
2697 743 2762 794 γε
2779 728 2862 782 δεῖ
2890 727 2965 797 μὴ
2996 727 3323 799 περαιτέρῳ
3352 729 3581 798 χωρεῖν,

291 817 506 886 longius
558 814 788 871 minime
811 814 895 869 fas
941 823 1048 880 est,
1108 813 1202 868 sed
1247 814 1486 869 victores
1529 812 1616 869 hic
1650 812 1881 873 ﬁrmiter

2011 814 2095 867 ,λλ’
2153 816 2403 887 ἑδραίους
2447 818 2772 888 ἱσταμένους
2822 819 3056 877 ἐνταῦθα
3115 822 3250 881 τοὺς
3310 816 3585 888 ἀριστέας

294 912 638 977 insistentes,
700 925 797 979 spe
864 909 1275 964 reconditorum
1351 907 1454 963 sibi
1533 907 1878 979 prmmiorum

1982 907 2372 978 εὐφραίνεσθαι
2404 910 2525 973 ταῖς
2555 909 2738 976 ἐλπίσι
2787 911 2896 964 τῶν
2944 910 3341 979 ἀποκειμένων
3395 910 3589 974 αὐτοῖς

293 1012 465 1058 semet
499 1001 794 1056 oblectent.
826 1000 965 1068 Quin
1004 1001 1167 1055 etiam
1218 1003 1320 1055 hac
1351 1000 1566 1054 ratione
1632 998 1778 1054 velut
1825 997 1879 1052 in

2011 999 2184 1071 ἐρῶν.
2218 1000 2329 1065 Καὶ
2363 1001 2473 1072 μὴν
2505 1001 2599 1055 καὶ
2629 1004 2772 1057 κατά
2819 1003 2940 1057 τόδε
2998 1003 3296 1075 ἰσόρροπός
3348 1003 3508 1059 ἐστιν
3551 1004 3586 1074 ἡ

293 1094 602 1161 :equilibrio
638 1107 738 1159 par
770 1093 915 1148 istud
951 1102 1057 1148 est.
1103 1092 1573 1159 Quemadmodum
1635 1092 1779 1146 enim
1837 1088 1882 1147 si

296 1185 518 1240 dilectio
546 1200 650 1239 non
695 1185 864 1251 adsit,
908 1185 1044 1239 nihil
1080 1185 1207 1239 boni
1274 1184 1395 1247 ﬁeri
1453 1191 1680 1253 potest:
1716 1182 1790 1236 ita
1833 1179 1882 1236 si

299 1279 443 1332 absit
481 1276 784 1343 humilitas,
823 1276 970 1347 nulla
991 1275 1296 1346 dilectionis
1341 1276 1482 1331 bona
1532 1273 1691 1337 nobis
1733 1272 1883 1328 salva

301 1368 620 1433 manebunt,
652 1370 745 1424 sed
795 1368 1082 1425 confestim
1138 1367 1300 1438 quasi
1346 1367 1554 1437 dilapsa
1605 1364 1883 1436 peribunt,

301 1459 477 1513 instar
521 1460 877 1515 hibernorum
935 1459 1158 1524 florum,
1208 1472 1450 1530 quorum
1503 1455 1757 1525 splendor
1790 1454 1886 1510 diu

302 1563 412 1601 non
451 1547 719 1615 durat,et
743 1549 1047 1623 fragrantia
1080 1547 1242 1603 exilis
1287 1556 1394 1612 est,
1450 1555 1505 1602 et
1550 1546 1762 1602 fructus
1810 1544 1890 1598 in-

305 1642 684 1710 tempestivus,
714 1641 759 1697 si
813 1641 1051 1697 maxime
1105 1638 1394 1711 proveniat
1421 1654 1487 1694 ac
1530 1644 1887 1711 maturescat,

303 1733 736 1804 perexiguusest
759 1747 825 1789 ac
875 1724 1143 1802 ingratus,
1182 1746 1363 1803 neque
1415 1732 1617 1803 durare
1677 1736 1885 1801 potest.

1986 1089 2216 1162 ξυνωρὶς
2237 1090 2399 1162 αὕτη.
2444 1092 2532 1157 Ὠς
2557 1094 2670 1163 γὰρ
2714 1093 2816 1163 τῆς
2843 1093 3070 1165 ἀγάπης
3098 1092 3386 1161 ἀπούσης,
3434 1093 3592 1147 οὐδὲν

1985 1183 2051 1253 ἂν
2072 1183 2249 1255 δήπου
2287 1182 2394 1237 τῶν
2432 1184 2653 1253 ἀγαθῶν
2676 1185 2909 1255 γένοιτο,
2942 1184 3087 1257 οὕτω
3118 1186 3213 1239 καὶ
3244 1185 3355 1255 τῆς
3393 1199 3594 1238 ταπει·

1986 1271 2325 1344 νοφροσύνης
2364 1272 2780 1344 ἀφεστηκυίας,
2846 1272 3001 1327 οὐδὲν
3067 1273 3200 1340 ἡμῖν
3262 1270 3597 1340 παραμενεῖ
3696 1318 3704 1324 .

1989 1367 2098 1419 τῶν
2149 1366 2253 1436 τῆς
2308 1363 2530 1435 ἀγάπης
2582 1363 2791 1431 καλῶν,
2840 1363 2976 1423 ἀλλά
3026 1362 3232 1420 αὐτίκα
3293 1361 3594 1432 οἰχήσεται

1992 1456 2374 1529 καταῤῥυέντα
2424 1457 2555 1529 περὶ
2588 1456 2748 1524 αὐτὰ,
2798 1456 2938 1519 κατὰ
2996 1455 3067 1507 τὰ
3123 1453 3436 1525 χειμερινά
3480 1451 3596 1507 τῶν

1988 1548 2217 1613 ἀνθέων,
2240 1541 2316 1605 ὧν
2345 1549 2446 1602 οὐκ
2504 1550 2586 1612 είς
2624 1546 2833 1620 μακρὸν
2876 1547 2907 1615 ἠ
2950 1544 3306 1616 λαμπρότης,
3367 1543 3470 1597 καὶ
3533 1543 3598 1596 me

1991 1642 2191 1706 εὐῶδες
2219 1641 2452 1715 ἀδρανές
2475 1658 2490 1672 ο
2518 1641 2611 1695 καὶ
2644 1641 2672 1694 ὁ
2702 1638 2780 1711 μὴ
2809 1639 2908 1692 σὺν
2962 1636 3082 1709 ῶρᾳ
3131 1632 3358 1707 καρπδς
3394 1634 3453 1688 εῑ
3491 1635 3597 1687 που

1991 1755 2056 1808 γε
2083 1736 2178 1801 καὶ
2224 1736 2455 1806 γένοιτο,
2484 1735 2579 1788 καὶ
2621 1731 3030 1802 τελεσφορήσει,
3081 1727 3343 1798 ὲξίτηλός
3376 1743 3466 1794 τις
3501 1723 3600 1782 καὶ

307 1824 458 1891 llaec,
526 1836 586 1879 ut
629 1825 880 1895 equidem
942 1828 1162 1895 opinor,
1217 1824 1648 1897 proprietatibus
1694 1824 1885 1878 barum

2011 1828 2189 1902 ἱιηδὴς,
2214 1826 2311 1887 καὶ
2347 1826 2593 1896 διαρκεῖν
2624 1823 2701 1896 μὴ
2723 1822 3039 1891 δυνάμενος.
3096 1818 3276 1873 Ταυτὶ
3345 1817 3454 1887 μὲν
3503 1816 3599 1871 οὖν

308 1916 683 1991 congruerint.
734 1917 874 1990 Quid
908 1928 1090 1991 autem
1128 1919 1208 1974 eis
1238 1931 1532 1972 commune
1563 1915 1655 1980 sit,
1684 1929 1889 1995 cogno-

2011 1897 2290 1992 ὶρμόσειεν
2317 1918 2384 1973 ἂν
2410 1915 2567 1991 οἴμαι
2586 1919 2706 1989 ταῖς
2736 1913 2962 1969 ἐκείνων
2989 1911 3255 1982 ἰδιότησιν
3287 1926 3304 1941 ’
3342 1910 3374 1964 ὃ
3399 1910 3459 1964 δὲ
3486 1926 3600 1963 κοι-

308 2018 463 2060 scere
487 2006 531 2061 si
561 2008 749 2074 cupias
780 2024 795 2063 :
828 2007 885 2063 id
930 2022 1048 2064 mea
1083 2023 1214 2065 sane
1262 2007 1532 2064 sententia
1570 2008 1674 2062 hoc
1715 2005 1891 2079 ipsum

302 2096 583 2181 imprimis
621 2097 808 2155 fuerit.

383 2278 519 2333 Esse
549 2277 678 2332 mihi
712 2276 972 2334 videntur
1004 2277 1102 2334 alae
1124 2276 1281 2336 illius
1336 2277 1568 2355 egregia:
1606 2276 1894 2343 columbis,

316 2370 574 2424 nimirum
612 2369 870 2441 Spiritus,
897 2384 1035 2443 quas
1058 2378 1113 2425 et
1139 2369 1375 2425 Davides
1397 2368 1630 2439 optavit,
1667 2378 1727 2423 ut
1748 2384 1893 2423 avo-

316 2463 456 2517 laret
499 2478 562 2518 ac
605 2464 997 2533 requiesceret.
1045 2462 1152 2518 Sed
1213 2462 1615 2533 reprehendent
1667 2460 1900 2519 fortasse

316 2571 416 2610 nos
446 2555 689 2625 quidam,
726 2565 787 2612 ut
813 2557 902 2625 qui
942 2565 1145 2612 metum
1196 2555 1475 2612 dilectioni
1534 2572 1640 2612 non
1676 2570 1894 2626 prrepo-

319 2647 613 2701 suerimus.
667 2646 839 2700 Aiunt
890 2646 1035 2700 enim
1096 2644 1265 2709 divini
1297 2646 1571 2712 doctores,
1606 2645 1722 2714 pios
1751 2645 1900 2700 viros

319 2738 641 2806 incipientes
671 2738 739 2792 ad
774 2738 1029 2792 virtutem
1086 2739 1330 2803 tendere,
1363 2751 1394 2792 a
1446 2748 1591 2791 metu
1625 2736 1898 2808 supplicii,

321 2837 579 2897 tanquam
612 2845 640 2883 a
685 2830 1022 2897 carceribus,
1066 2828 1350 2899 progredi;
1387 2829 1578 2885 deinde
1634 2841 1729 2900 per
1767 2828 1902 2884 alias

320 2921 601 2992 pergendo
636 2922 1017 2994 cogitationes,
1077 2922 1144 2978 ad
1185 2937 1427 2978 amorem
1478 2923 1773 2992 quemdam
1807 2921 1903 2977 ad-

322 3014 627 3069 mirabilem
654 3014 1059 3070 reconditarum
1089 3013 1411 3070 fruitionum
1455 3016 1740 3086 pervenire
1761 3053 1780 3082 ,
1812 3025 1902 3070 at-

322 3121 429 3174 que
460 3108 605 3161 hunc
636 3108 690 3161 in
718 3109 941 3162 modum
980 3107 1226 3176 deposito
1263 3117 1434 3172 metu,
1488 3122 1731 3163 amorem
1773 3122 1902 3180 erga

1996 2014 2086 2068 νόν
2117 2016 2264 2066 ἐστιν
2310 2010 2517 2077 αὐτοῖς,
2569 2009 2688 2078 εῖγε
2750 2006 2971 2078 ζητοίης
3017 2004 3239 2076 μαθεῖν,
3289 2004 3481 2058 έκεῖνο
3531 2003 3600 2057 ἂν

1996 2105 2080 2172 εἴη
2132 2103 2364 2175 μάλιστα
2397 2102 2649 2170 πάντων,
2707 2100 2782 2165 ὡς
2817 2100 3006 2173 ἔμοιγε
3048 2099 3404 2170 παρίσταται
3472 2095 3601 2167 περὶ

1996 2197 2189 2252 τῶνδε.

2069 2288 2298 2355 Δοκοῦσι
2355 2306 2445 2359 μοι
2494 2287 2769 2360 πτέρυγες
2826 2279 2966 2340 εἶναι
3020 2282 3230 2338 ἐκεῖναι
3259 2281 3369 2351 τῆς
3424 2279 3603 2351 καλῆς

1999 2382 2355 2454 περιστερᾶς,
2389 2380 2592 2453 δηλαδὴ
2617 2380 2710 2433 τοῦ
2745 2378 3084 2449 Πνεῦματος,
3113 2371 3188 2430 ὧν
3222 2378 3252 2429 ό
3281 2374 3459 2429 Δα6.δ
3503 2375 3604 2428 ἐπ-

2000 2473 2304 2545 εθύμησεν,
2343 2473 2419 2537 ὡς
2478 2471 2816 2541 πετασθῆναι
2870 2471 2961 2526 καὶ
3013 2468 3428 2542 καταποιῐῖισαι.⁵
3460 2465 3587 2518 Ἀλλ

2002 2565 2133 2628 ἴσως
2163 2564 2225 2633 γέ
2251 2582 2393 2627 τινες
2423 2564 2580 2635 ἡμῶν
2609 2562 2992 2634 ἐπιλήψονται,
3027 2560 3102 2629 ὡς
3132 2559 3206 2630 μὴ
3236 2558 3344 2628 τῆς
3375 2557 3601 2626 ἀγάπης

2003 2657 2432 2730 προτεθεικότων
2454 2657 2546 2710 τὸν
2574 2656 2758 2727 φόϐον.
2794 2653 3014 2723 Ἐπειδή
3043 2668 3206 2721 φασιν
3248 2653 3300 2704 oi
3336 2649 3478 2702 θεῖοι
3524 2647 3605 2701 δι-

2005 2751 2283 2816 δάσκαλοι,
2339 2748 2414 2813 ὡς
2480 2750 2530 2803 oi
2576 2748 2822 2811 εὖσεὸεῖς
2873 2747 3064 2817 ἄνδρες
3094 2744 3403 2816 ἀρχόμενοι
3465 2742 3603 2813 πρὸς

2007 2843 2210 2915 ἀρετὴν
2240 2842 2560 2912 ἀνάγεσθαι,
2607 2839 2717 2895 ἀπὸ
2767 2837 2864 2893 τοῦ
2917 2839 3017 2907 τῆς
3069 2837 3357 2899 κολάσεως
3406 2833 3600 2902 φόϐου,

2004 2937 2080 3002 ὡς
2110 2936 2219 2990 ἀπὸ
2245 2934 2511 3006 βαλϐῖδος,
2537 2933 2837 3005 ὁρμῶνται.
2870 2927 3005 2986 Εἶτα
3036 2928 3102 2983 δι’
3140 2927 3328 2983 ἀλλων
3385 2925 3600 2980 ὁδεύον-

2007 3044 2100 3090 τες
2141 3025 2441 3095 λογισμῶν,
2510 3022 2863 3081 καταντῶσιν
2935 3023 3014 3085 είς
3082 3020 3418 3089 θαυμαστόν
3479 3033 3601 3071 τινα

2009 3117 2188 3190 ἔρωτα
2210 3117 2319 3170 τῶν
2346 3117 2726 3186 ἀποκειμένων
2747 3112 3123 3168 ἀπολαύσεων.
3176 3112 3298 3165 Καὶ
3329 3109 3508 3182 ταύτῃ
3537 3124 3600 3177 γε

324 3197 491 3253 Deum
522 3200 952 3269 apprehendere.
978 3198 1193 3270 Quippe
1223 3208 1501 3272 nequeunt
1528 3205 1688 3255 ambo
1741 3202 1892 3271 pari-

2011 3210 2097 3263 τδν
2118 3209 2282 3277 φόϐον
2309 3209 2656 3280 ἀποθέμενοι,
2690 3208 2791 3279 τῆς
2832 3207 2972 3273 πρὸς
3032 3205 3124 3258 τὸν
3180 3204 3329 3258 Θεὸν
3376 3203 3599 3273 ἀγάπης

322 3302 407 3344 tcr
430 3292 638 3358 adesse,
680 3293 774 3347 sed
807 3309 873 3349 ex
912 3293 991 3349 eis
1018 3293 1254 3349 alterum
1285 3293 1406 3349 loco
1452 3292 1648 3349 cedere
1679 3307 1903 3348 necesse

324 3392 431 3448 est,
482 3384 756 3453 siquidem
790 3386 1023 3440 alterum
1081 3386 1272 3442 adesse
1325 3385 1543 3441 debeat.
1585 3386 1712 3441 limo
1744 3386 1907 3458 igitur

325 3476 425 3538 illi,
455 3476 524 3530 de
556 3476 708 3532 hisce
729 3476 940 3532 duobus
967 3478 1320 3543 disserentes,
1341 3476 1764 3548 adeoquelonge
1792 3477 1911 3547 plu-

326 3583 386 3622 ra
418 3569 838 3640 pulchrioraque
871 3572 1111 3627 tradunt.
1148 3571 1262 3642 Ego
1310 3586 1442 3645 vero
1485 3572 1911 3642 reprehensuros

328 3664 450 3718 illos
488 3665 789 3719 orationem
862 3665 1098 3721 fortasse
1186 3674 1461 3730 nostram,
1515 3665 1697 3720 verbis
1728 3664 1914 3733 hujus.

329 3754 473 3809 modi
502 3755 923 3825 compellavero.
982 3754 1128 3810 ﬂetis
1189 3765 1268 3821 tu,
1303 3757 1445 3828 bone
1494 3756 1595 3825 vir,
1627 3757 1729 3812 hoc
1746 3755 1910 3812 etiam

329 3847 782 3904 considerandum
813 3850 981 3905 venit.
1011 3849 1139 3905 Mihi
1172 3850 1511 3920 propositum
1543 3858 1662 3905 erat
1690 3851 1760 3905 ab
1811 3848 1916 3903 ini-

331 3943 429 4006 tio,
479 3942 547 3997 de
607 3942 922 4008 virtutibus.
956 3952 1012 3999 et
1046 3958 1234 4020 earum
1284 3944 1429 3999 inter
1487 3957 1547 3999 se
1583 3942 1914 4013 cognatione

330 4035 585 4105 quiddam
617 4037 770 4106 quasi
802 4036 1169 4108 perfunctorie
1196 4037 1485 4100 disserere.
1528 4051 1635 4091 non
1661 4035 1727 4091 de
1745 4033 1915 4091 aﬂ’ec-

332 4130 475 4184 tibus
495 4129 664 4200 loqui.
696 4128 903 4196 thuia
920 4139 1126 4185 metum
1146 4128 1259 4184 scio
1298 4142 1402 4183 non
1437 4128 1759 4184 laudabilem
1783 4126 1916 4183 alie-

331 4234 481 4275 ctum
512 4236 637 4277 esse
660 4237 757 4291 per
777 4236 859 4287 se,
887 4221 1017 4278 licet
1067 4224 1134 4276 ad
1161 4220 1368 4292 optima
1391 4234 1621 4292 quaeque
1652 4232 1915 4289 cooperc-

333 4324 442 4378 tur,
471 4314 516 4369 si
549 4316 846 4370 secundum
900 4312 1066 4370 Deum
1114 4314 1235 4380 sit;
1286 4313 1514 4368 minime
1564 4309 1912 4366 referendum

333 4406 476 4460 inter
500 4405 732 4460 virtutes
759 4407 973 4471 censui,
1014 4412 1352 4479 quapropter
1383 4419 1494 4458 non
1524 4402 1619 4458 abs
1653 4416 1715 4458 re
1745 4401 1918 4455 silen-

334 4500 408 4553 tio
443 4500 749 4569 praeteritus
777 4509 881 4555 est.
912 4498 1101 4569 itaque
1128 4499 1242 4554 Deo
1267 4507 1320 4553 te
1373 4496 1599 4564 iuvante
1656 4496 1707 4550 in
1739 4495 1918 4550 susci-

2009 3302 2492 3372 ἐπιλαμϐάνονται.
2519 3299 2597 3354 Οὐ
2636 3299 2747 3368 γάρ
2779 3296 2930 3351 ἐστιν
2957 3298 3126 3367 ἄμφω
3157 3296 3452 3365 παρεῖναι,
3486 3290 3599 3347 ἀλλ’

2009 3394 2307 3464 ἀναγκαῖον
2341 3392 2695 3463 ὑποχωρῆσαι
2727 3389 2787 3442 τὸ
2809 3389 3022 3460 ἕτερον,
3066 3389 3115 3441 εί
3182 3386 3378 3457 μέλλει
3426 3401 3600 3453 παρα-

2010 3486 2258 3557 γίνεσθαι
2291 3484 2538 3557 θάτερον.
2573 3482 2743 3535 Ταυτὶ
2791 3481 2892 3552 μὲν
2928 3478 3023 3535 οὖν
3070 3481 3301 3548 ἐκεῖνοι,
3349 3481 3419 3535 τά
3470 3478 3598 3549 περὶ

2010 3578 2184 3633 τοῖνδε
2223 3574 2670 3647 φιλοσοφοῦντες,
2699 3575 2795 3628 καὶ
2822 3575 2995 3629 πλείω
3030 3573 3127 3627 καὶ
3174 3573 3394 3628 καλλίω
3419 3568 3599 3639 πολλῷ

2011 3670 2090 3739 τῷ
2121 3670 2366 3738 περιόντι
2395 3669 2739 3725 διδάσκουσιν
2775 3684 2789 3701 ·
2825 3667 2937 3734 ἐγὼ
2985 3665 3030 3719 δ’
3065 3665 3132 3720 ἂν
3172 3666 3394 3735 εἴποιμι
3429 3661 3598 3717 ταῦτα

2015 3767 2152 3836 πρὸς
2179 3766 2303 3828 τοὺς
2341 3763 2774 3835 ἐπιληψομένους
2809 3762 2939 3825 ἴσως
2970 3760 3066 3814 τοῦ
3113 3760 3298 3830 λόγου.
3368 3758 3510 3814 Ἀλλ’
3554 3748 3597 3807 ὦ

2012 3862 2135 3922 τᾶν,
2163 3860 2386 3915 σκοπεῖν
2413 3857 2633 3910 κάκεῖνο
2661 3855 2790 3925 χρή.
2839 3854 2897 3908 ’0
2923 3854 3031 3924 γὰρ
3068 3852 3193 3923 ἐμοὶ
3242 3852 3453 3913 σκοπὸς
3509 3845 3597 3912 ἐξ·

2015 3951 2193 4021 αρχῆς
2226 3950 2358 4019 περὶ
2389 3946 2602 4017 ἀρετῶν
2629 3944 2843 4014 καὶτῆς
2878 3945 2960 4007 είς
2980 3942 3212 4014 ἀλλήλας
3235 3941 3599 4013 γνησιότητος

2015 4044 2190 4097 εἰπεῖν
2211 4057 2286 4109 τι,
2319 4042 2413 4096 καὶ
2435 4036 2850 4110 ἀφοσιώσασθαι
2881 4032 2972 4111 ἦν,
3008 4036 3070 4091 οὐ
3102 4035 3231 4110 περὶ
3285 4034 3481 4090 παθῶν
3516 4030 3599 4085 λέ-

2017 4153 2153 4205 γειν.
2188 4135 2298 4189 Καὶ
2327 4133 2629 4205 ἐπειδήπερ
2647 4132 2740 4185 τὸν
2768 4130 2934 4201 φόὸον
2971 4128 3144 4193 πάθος
3172 4127 3274 4182 οὐκ
3313 4123 3598 4180 ἐπαινετὸν

2016 4222 2137 4281 οἶδα
2157 4225 2217 4280 τὸ
2246 4225 2370 4280 καθ’
2389 4224 2572 4290 αὑτὸν,
2600 4224 2647 4276 εί
2671 4223 2766 4277 καὶ
2800 4222 3058 4293 συνεργεῖ
3085 4220 3222 4290 πρὸς
3252 4221 3324 4273 τὰ
3347 4219 3596 4289 βέλτιστα

2017 4320 2159 4375 κατά
2179 4318 2313 4373 Θεὸν
2334 4316 2642 4388 γινόμενος,
2678 4315 2780 4369 οὑκ
2815 4316 2872 4367 ὲν
2905 4313 2984 4386 τῷ
3012 4311 3161 4383 χορῷ
3218 4311 3332 4364 τῶν
3392 4305 3597 4379 ἀρετῶν

2018 4409 2211 4464 τοῦτον
2237 4408 2448 4478 ἠξίωσα
2505 4407 2688 4473 τάξαι.
2752 4398 2993 4469 Εἰκότως
3053 4400 3148 4458 οὖν
3181 4404 3466 4474 σεσίγηται
3516 4395 3598 4450 διὰ

2023 4500 2218 4556 ταῦτα.
2261 4498 2399 4553 Θεοῦ
2439 4516 2521 4553 σοι
2586 4500 2772 4553 τοίνυν
2832 4498 3230 4569 συναιρομένου
3289 4495 3429 4566 πρὸς
3475 4490 3597 4550 τοὺς

333 4592 544 4659 piendis
575 4607 671 4660 pro
700 4593 897 4648 virtute
944 4590 1345 4648 certaminibus
1376 4590 1686 4663 (namillum
1715 4588 1905 4643 venire

2015 4594 2159 4664 ὑπὲρ
2192 4592 2393 4662 ἀρετῆς
2422 4591 2621 4655 ἄθλους
2644 4589 2746 4662 (δεῖ
2766 4589 2876 4662 γὰρ
2905 4591 3114 4644 ἐκεῖνον
3172 4587 3407 4658 μερίτην
3459 4579 3595 4635 εἷναί

335 4696 512 4740 tecum
538 4686 589 4739 in
627 4696 832 4756 partem
865 4685 1111 4741 laborum
1139 4699 1364 4740 necesse
1388 4692 1494 4748 est,
1522 4684 1566 4737 si
1601 4682 1731 4753 quid
1760 4697 1917 4752 egre.

335 4779 421 4849 gie
476 4780 550 4834 sis
604 4777 980 4847 praestaturus)
1029 4777 1243 4831 caeteris
1273 4774 1533 4845 praeditus
1597 4772 1916 4838 virtutibus,

335 4881 388 4924 et
417 4887 648 4928 exorsus
691 4888 719 4925 a
770 4871 1063 4925 dilectione
1089 4871 1362 4924 mordicus
1411 4868 1676 4922 inhrcreto
1736 4869 1920 4922 mode-

335 4966 485 5033 stite;
519 4982 640 5035 qua:
669 4964 885 5034 quidem
918 4963 1022 5017 huc
1056 4962 1151 5017 tibi
1195 4962 1417 5020 tribuet.
1473 4969 1529 5012 ut
1564 4973 1689 5012 vere
1744 4958 1920 5014 bonus

336 5057 533 5122 factus,
579 5060 632 5113 in
664 5058 821 5113 bonis
860 5068 1212 5126 perseveres,
1244 5052 1481 5120 talisque
1511 5053 1586 5107 sis
1613 5067 1677 5106 ac
1722 5051 1918 5119 videa-

337 5151 431 5216 ris,
464 5151 554 5218 qui
580 5151 758 5218 capite
787 5164 883 5203 suo
939 5148 1183 5215 recipere
1222 5144 1416 5216 dignus
1470 5145 1540 5197 sit
1567 5156 1621 5207 et
1678 5159 1899 5198 servare

340 5258 574 5298 coronas
603 5242 763 5297 bonis
807 5240 940 5295 viris
967 5237 1262 5310 repositas,
1306 5246 1361 5294 et
1391 5236 1612 5305 quidem
1646 5247 1905 5307 expertes

339 5334 597 5388 interitus
625 5351 641 5400 ;
665 5347 897 5403 quarum
934 5331 1221 5385 materiem
1280 5330 1657 5385 laudatissima
1694 5329 1917 5384 dilectio

335 5424 670 5492 suppeditat,
699 5433 756 5477 et
787 5437 922 5490 Quas
953 5432 1168 5475 αξιοι-ιθ
1197 5422 1425 5476 virtutes
1446 5430 1769 5487 contexunt,
1807 5435 1923 5476 mo-

342 5514 626 5583 destiaque
689 5512 964 5583 capitibus
1021 5512 1155 5578 illis,
1189 5513 1394 5584 quibus
1442 5515 1923 5579 conveniunt,im-

338 5604 516 5671 ponit.
563 5604 679 5670 Quo
707 5602 792 5671 fit,
832 5612 891 5657 ut
925 5604 1095 5658 solam
1148 5604 1291 5661 inter
1322 5606 1546 5659 virtutes
1572 5622 1762 5662 Omnes
1813 5620 1930 5660 mo-

337 5696 573 5750 destiam
622 5685 1053 5751 demonstratum
1096 5696 1167 5751 sit
1207 5713 1323 5753 eam
1365 5712 1508 5762 esse,
1565 5714 1691 5768 qua:
1718 5714 1922 5753 corona

340 5802 445 5843 nos
476 5787 711 5841 redimit.
732 5786 1055 5846 Modestiam
1075 5806 1205 5847 vero
1228 5792 1457 5862 appello,
1480 5793 1532 5846 in
1555 5792 1788 5845 sublime
1810 5793 1930 5861 qui-

337 5880 469 5936 dem
495 5877 797 5937 attollentia
851 5883 1051 5951 facere,
1088 5886 1179 5942 sed
1218 5886 1437 5941 interim
1470 5884 1629 5939 valde
1678 5882 1924 5938 modeste

2021 4703 2103 4740 σοι
2158 4685 2325 4738 τῶνδε
2367 4684 2474 4739 τῶν
2501 4685 2704 4749 πόνων,
2756 4684 2806 4736 εί
2850 4681 3068 4753 μέλλεις
3099 4698 3153 4734 τι
3180 4670 3592 4750 κατορθώσειν),

2019 4775 2159 4844 ἔχων
2186 4775 2286 4837 τὰς
2312 4773 2480 4851 ἄλλας
2508 4774 2735 4843 ἀρετ-ἀς,
2765 4772 2829 4823 ὲκ
2850 4771 2962 4840 τῆς
2994 4771 3215 4840 ἀγάπης
3273 4767 3590 4840 ἀρχόμενος.

2019 4866 2191 4932 ἀπρὶξ
2226 4866 2352 4938 ἔχου
2381 4867 2478 4937 τῆς
2517 4866 2894 4938 μετριότητος,
2935 4863 3004 4917 δι’
3031 4864 3098 4933 ἢν
3161 4862 3226 4916 ἀν
3282 4860 3469 4932 σχοίης
3520 4854 3592 4915 ὼς

2020 4961 2238 5032 ἀληθῶς
2265 4959 2470 5029 ἀγαθὸς
2492 4961 2786 5029 γενόμενος
2814 4957 3170 5024 ὲναπομεῖναι
3198 4954 3311 5017 τοῖς
3353 4948 3589 5018 ἀγαθοῖς,

2020 5050 2160 5108 εἶναί
2195 5069 2254 5105 τε
2282 5050 2524 5113 τοιοῦτος
2547 5051 2639 5102 καὶ
2665 5049 2864 5115 δοκεῖν,
2892 5043 3004 5109 οἷος
3025 5048 3092 5105 ἂν
3125 5042 3378 5109 δέξασθαι
3406 5041 3470 5111 τῇ
3509 5052 3594 5090 κε-

2022 5146 2167 5216 φαλῇ
2203 5142 2299 5197 καὶ
2328 5141 2569 5213 τηρῆσαι
2593 5140 2719 5200 τοὺς
2747 5141 2861 5202 τοῖς
2892 5136 3120 5207 ἀγαθοῖς
3146 5134 3406 5205 ἀνδράσιν
3455 5131 3589 5182 ἀπο-

2023 5236 2303 5307 κειμένους
2337 5233 2659 5302 στεφάνους,
2684 5230 2999 5300 ἀφθάρτους
3021 5229 3182 5293 δντας
3205 5245 3220 5261 °
3246 5223 3321 5285 ὧν
3340 5227 3436 5300 τὴν
3463 5224 3587 5292 ὕλην

2026 5331 2124 5402 μὲν
2163 5329 2392 5399 παρέχει
2421 5325 2483 5378 τὸ
2516 5325 2612 5393 τῆς
2641 5322 2864 5392 ἀγάπης
2904 5320 3342 5392 πολυθρύλλητον
3382 5316 3586 5390 χρῆμα,

2022 5424 2081 5478 αῖ
2112 5423 2168 5476 δὲ
2190 5420 2349 5476 ἄλλαι
2381 5419 2573 5488 ἀρεταὶ
2602 5414 2827 5477 τούτους
2856 5413 3136 5480 πλέκουσι,
3188 5413 3249 5466 τὸ
3298 5411 3355 5479 δέ
3394 5426 3457 5479 γε
3500 5403 3588 5474 μέ-

2022 5509 2510 5584 τριονέπιτίθησιν
2540 5502 2627 5573 αἷς
2675 5507 2741 5561 ἀν
2794 5506 3055 5576 ἁρμόσειε
3103 5504 3383 5573 κεφαλαῖς.
3431 5500 3584 5553 Ὥστε

2027 5608 2122 5659 καὶ
2162 5602 2298 5673 μόνη
2343 5600 2461 5654 ,τῶν
2507 5598 2721 5670 ἀρετῶν
2763 5597 3093 5667 στεφοοέτης
3118 5596 3385 5650 δέδεικται
3429 5592 3460 5660 ἡ
3498 5601 3584 5656 με’

2025 5692 2423 5765 τριοφροσύνη.
2464 5690 2625 5754 Λέγω
2667 5688 2723 5742 δὲ
2775 5688 3247 5759 μετριοφροσύνην
3306 5686 3364 5740 τὸ
3420 5678 3583 5735 ποιεῖν

2033 5786 2132 5855 μὲν
2161 5787 2228 5837 τὰ
2260 5780 2522 5852 ὑψοῦντα,
2554 5780 2772 5851 φρονεῖν
2800 5778 2857 5832 δὲ
2894 5778 3038 5833 πάνυ
3068 5778 3261 5849 μέτρια
3297 5794 3311 5809 ·
3361 5772 3451 5828 καὶ
3492 5783 3579 5838 με·

2031 5878 2171 5948 γάλα
2206 5876 2536 5947 πράττοντα,
2564 5869 2829 5944 μηδαμῶς
2852 5868 3178 5942 ἐπαίρεσθαι
3221 5886 3234 5903 ·
3282 5870 3370 5925 καὶ
3398 5864 3485 5934 τὴν
3513 5857 3580 5917 εἰς
