4000 6428
344 370 458 436 545

1727 347 2021 430 ORATIO
2062 367 2197 429 vn.

3513 364 3619 433 £46

353 487 488 558 ὕψος
520 484 748 555 πορείαν
775 483 1118 553 ποιούμενον,
1167 483 1350 538 δοκεῖν
1386 479 1606 536 ἑστάναι
1661 481 1797 550 μετὰ
1829 481 1925 533 τῶι

2043 482 2109 535 de
2143 494 2201 535 se
2233 479 2467 547 sentire;
2509 492 2818 550 magnaque
2853 488 3226 551 praestantem,
3268 494 3615 551 nequaquam

348 582 529 636 κάτω·
554 578 615 630 ού
643 577 722 646 τῷ
749 577 916 646 μηδὲν
936 575 1114 644 ἑαυτῷ
1139 575 1436 628 συνειδέναι
1470 573 1652 636 καλῶς
1684 571 1926 626 ποιοῦντι

350 671 495 742 (πῶς
521 669 719 741 γάρς),
760 668 893 722 ἀλλὰ
949 669 1026 738 τῷ
1084 668 1265 730 καλῶς
1323 667 1523 720 εἰδέναι
1585 665 1927 734 ὑψηλοτέρας

347 763 516 825 ούσας
550 762 646 822 τὰς
679 761 881 831 ἀρετὰς
912 760 1023 813 τῶν
1058 759 1345 828 ἡμετέρων
1373 757 1567 828 ἔργων.
1614 755 1786 808 Τοῦτο
1816 755 1926 824 γὰρ

346 854 500 925 οἶμαι
531 855 996 923 ταπεινοφρόνων,
1031 854 1092 906 ού
1117 853 1178 905 τὸ
1224 851 1402 921 φαῦλα
1443 851 1780 918 πράττοντας
1831 865 1926 901 και

349 947 567 1000 πολλῶν
599 946 723 1009 ἄξια
748 946 985 1016 θρήνων,
1043 946 1194 998 κάτω
1248 959 1348 995 που
1415 941 1646 994 κύπτειν
1698 940 1924 1004 ἐθέλειν,

349 1043 444 1093 καὶ
471 1043 546 1108 μὴ
570 1038 668 1110 τὴν
707 1039 880 1109 ὀφρὺν
901 1039 1172 1106 ἀνασπᾷν.
1208 1036 1280 1088 Th
1304 1037 1408 1104 γὰρ
1443 1032 1508 1101 δὴ
1543 1031 1756 1102 μεγάλα
1795 1047 1927 1099 φρο-

347 1136 461 1186 νεῖν
489 1131 664 1193 οὕτως
688 1130 881 1200 ἔχοντα
910 1130 1032 1182 οὐδὲ
1065 1129 1157 1182 νού
1200 1127 1520 1198 μετέχοντος
1545 1127 1714 1189 ἐστιν,
1745 1121 1922 1193 οἶμαι.

361 1224 504 1278 Ἀλλ’
558 1224 679 1278 οὐδὲ
724 1225 899 1278 ἐκεῖνὸ
965 1241 1027 1290 γε
1081 1220 1304 1290 μέτριον
1336 1257 1352 1281 ,
1414 1219 1533 1270 οὐδὲ
1581 1216 1806 1283 ἀγαθὸν,
1867 1215 1928 1268 τδ

349 1319 522 1368 ποιεῖν
538 1316 598 1367 τὸ
614 1316 818 1383 ἀγαθὸν
835 1317 866 1384 ἢ
891 1314 1151 1383 μηδαμῶς
1171 1308 1601 1379 ἑπιστάμενον,ἢ
1622 1310 1696 1377 μὴ
1714 1307 1928 1376 καθαρᾷ

347 1407 688 1476 προαιρέσει.
751 1406 824 1458 Τὸ
858 1407 954 1475 μὲν
979 1407 1084 1474 γὰρ
1129 1404 1347 1464 πάντως
1381 1401 1575 1466 ἄγνοια
1612 1414 1627 1428 ⁸
1661 1399 1724 1450 τὸ
1757 1397 1812 1449 δέ
1846 1414 1930 1460 τις

2039 571 2219 626 eﬁ‘erri
2249 571 2429 626 animo
2471 584 2487 630 :
2518 571 2568 624 in
2600 573 2828 626 sublime
2860 574 3089 641 denique
3127 579 3457 642 pergentem,
3493 585 3616 626 cum

2037 662 2242 717 inﬁmis
2283 671 2434 718 stare
2474 663 2643 717 videri
2681 680 2696 719 ε
2733 680 2840 718 non
2872 665 3018 733 quod
3053 665 3250 718 nullius
3273 664 3454 733 operis
3487 665 3616 718 boni
3685 707 3690 720 ς

2036 757 2192 810 nobis
2223 757 2430 810 conscii
2465 758 2656 821 simus,
2711 771 2738 808 a
2773 757 2933 812 nobis
2967 757 3168 826 peracti
3223 753 3348 826 (quo
3381 757 3523 810 enim
3564 759 3615 812 id

2033 844 2226 913 pacto?
2253 845 2296 913 ),
2339 846 2432 898 sed
2475 847 2621 911 quod
2673 855 2820 899 recte
2856 846 3129 908 sciamus,
3175 848 3412 904 virtutes
3470 850 3617 917 ipsas

2033 939 2234 993 nostris
2268 937 2428 992 factis
2460 939 2808 992 sublimiorcs
2841 953 2982 992 esse.
3045 935 3158 994 Hoc
3201 941 3343 994 enim
3377 943 3617 996 arbitror

2033 1045 2156 1085 esse
2200 1031 2513 1094 humilium,
2556 1045 2660 1083 non
2717 1040 2773 1084 ut
2813 1032 2951 1084 mala
2995 1032 3308 1100 designans,
3346 1044 3394 1086 et
3433 1037 3616 1091 multis

2031 1123 2190 1192 (ligna
2231 1124 2510 1193 lacrymis,
2547 1123 2735 1178 oculos
2769 1125 3052 1194 dejiciant,
3103 1135 3158 1179 et
3187 1128 3474 1195 supercilia
3508 1143 3615 1181 non

2036 1217 2306 1270 attollant.
2344 1216 2476 1269 Nam
2507 1232 2654 1282 eunt,
2693 1218 2783 1286 qui
2807 1219 2888 1273 sic
2921 1219 3145 1276 aﬂ‘ectns
3199 1222 3290 1284 sit,
3335 1222 3618 1292 magniﬁce

2036 1307 2102 1360 de
2147 1320 2205 1360 se
2264 1306 2507 1370 sentire,
2567 1322 2634 1362 ne
2687 1318 2866 1362 mente
2915 1310 3131 1378 quidem
3185 1314 3392 1380 praediti
3425 1314 3613 1377 fuerit,

2035 1397 2250 1464 opinor.
2294 1397 2405 1451 Nec
2452 1397 2581 1451 item
2635 1398 2766 1453 illud
2802 1400 2886 1452 vel
2941 1403 3250 1457 modesnnn
3307 1406 3486 1469 fuerit,
3535 1405 3617 1458 vel

349 1500 442 1570 βία
463 1501 624 1552 ποιεῖ.
656 1497 878 1551 Τούτοιν
899 1499 956 1549 δὲ
983 1495 1264 1566 οὐδέτερόν
1291 1497 1440 1547 ἐστιν
1471 1491 1674 1559 ἀγαθόν
1695 1506 1708 1521 ⁸
1734 1489 1925 1552 οὐκοῦν

2039 1487 2263 1554 bonum,
2300 1487 2484 1544 facere
2530 1489 2738 1545 scilicet
2777 1491 2904 1546 boni
2945 1495 3227 1562 quidpiam
3262 1497 3343 1549 vel
3383 1512 3486 1550 non
3532 1497 3617 1549 in-

345 1589 468 1642 ούδὲ
505 1591 726 1660 μέτριον
749 1603 762 1618 ⁶
799 1589 919 1641 ἐπεὶ
943 1589 1003 1640 τὸ
1028 1588 1249 1657 μέτριον
1279 1583 1500 1651 ἀγαθόν.

1982 1621 1990 1625 -
2041 1581 2394 1651 telligeutem,
2441 1583 2528 1637 vel
2577 1583 2828 1639 instituto
2878 1587 3041 1640 animi
3104 1603 3212 1642 non
3275 1603 3433 1656 puro,
3494 1605 3615 1642 nam

347 1679 604 1752 alterum,
642 1686 709 1740 ab
737 1685 1113 1755 ignoratione,
1149 1681 1384 1736 alterum
1433 1695 1460 1734 a
1498 1678 1550 1732 vi
1586 1677 1820 1748 quadam
1864 1678 2254 1747 proﬁciscitur.
2289 1681 2497 1736 Horum
2537 1695 2666 1737 vero
2703 1691 2953 1739 neutrum
3002 1683 3202 1738 bonum
3249 1696 3354 1752 est,
3391 1685 3618 1755 ideoque

346 1796 451 1838 nec
488 1779 813 1847 modestum,
863 1776 990 1848 quia
1031 1775 1228 1831 bonum
1253 1785 1357 1843 est,
1395 1775 1537 1845 quod
1583 1772 1908 1829 modestum.

429 1945 566 2000 Ἀλλ’
594 1946 760 2016 ἐρεῖς,
794 1939 840 2000 ὦ
873 1946 1114 2016 φίλτατε,
1143 1947 1280 2018 πρὸς
1311 1947 1479 2018 ἡμᾶς,
1532 1947 1738 2001 δίκαιον
1784 1943 1916 2014 γὰρ,

348 2037 428 2102 ὡς
447 2037 544 2109 τὴν
574 2038 1070 2109 ταπεινοφροσύνην
1105 2038 1238 2092 πολὺ
1274 2037 1580 2108 θαυμάσας,
1615 2035 1644 2088 δ
1677 2037 1756 2090 δεῖ
1789 2034 1921 2088 θαυ-

352 2131 542 2201 μάζειν
564 2130 936 2200 τεθαύμακας.
982 2130 1233 2199 ’Υψώσας
1255 2131 1312 2183 δὲ
1344 2129 1548 2198 ταύτην
1602 2128 1916 2198 ὑπερφυῶς,

352 2224 519 2276 πολὺν
555 2224 646 2277 τὸν
681 2224 884 2293 ταύτης
909 2223 1083 2294 ἔρωτα
1129 2223 1222 2278 καὶ
1259 2224 1388 2294 πρὶν
1433 2224 1755 2294 ἐντετηκότα
1816 2240 1918 2290 μου

352 2319 416 2385 τῇ
448 2316 615 2384 ψυχῇ,
641 2313 818 2383 πολλῷ
847 2330 910 2381 γε
943 2314 1141 2383 μᾶλλον
1185 2313 1282 2367 νῦν
1329 2313 1594 2384 ηὕξησας.
1657 2315 1781 2375 Τοῖς
1811 2312 1919 2384 γὰρ

357 2407 413 2478 δὴ
462 2409 613 2476 παρὰ
654 2406 851 2459 σαυτοῦ
872 2407 1066 2476 ,λόγοις
1127 2408 1426 2476 ἐργάσομαι
1486 2405 1624 2476 (πῶς
1677 2406 1853 2468 δοκεῖς
1879 2408 1918 2473 ;)

349 2500 552 2569 ταύτης
589 2498 958 2570 μανικώτατον
993 2499 1249 2569 ἐραστήν.
1281 2499 1354 2551 Οὐ
1387 2499 1492 2568 μὴν
1521 2515 1582 2565 γε
1615 2497 1704 2548 διὰ
1749 2495 1923 2548 ταῦτὰ

357 2610 448 2661 μοι
478 2592 640 2662 φαίνῃ
667 2591 728 2645 τὸ
758 2591 874 2644 δέον
904 2591 1050 2645 ἆπαν
1100 2591 1231 2660 ἡμῖν
1280 2589 1584 2659 ἐκπλήσας.
1655 2586 1778 2659 Χρὴ
1815 2587 1922 2657 γὰρ

352 2687 698 2756 προστιθέναι
726 2687 855 2747 τοὺς
899 2685 1155 2751 τρόπους,
1212 2685 1282 2738 δι’
1321 2677 1395 2737 ὧν
1431 2685 1496 2736 ἂν
1535 2683 1742 2749 γένοιτο
1804 2682 1922 2741 σαῖς

355 2779 544 2848 εὐχαῖς
578 2779 670 2831 τὸν
703 2777 932 2832 πλοῦτον
962 2761 1147 2831 τοῦτον
1201 2778 1346 2847 ἡμᾶς
1380 2775 1704 2844 πλουτῆσαι.
1767 2774 1926 2826 Δοκεῖ

354 2869 466 2939 γάρ
535 2885 622 2937 μοι
651 2869 1005 2938 δυσπόριστος
1052 2866 1248 2939 κομιδῆ
1307 2868 1400 2918 καὶ
1452 2868 1563 2927 τοῖς
1628 2863 1765 2933 μετὰ
1799 2879 1926 2930 σφο-

354 2959 483 3029 δροῦ
519 2977 661 3023 τινος
703 2960 904 3030 ἔρωτος
962 2959 1150 3012 τοῦτον
1212 2959 1447 3028 θηρᾶσαι
1496 2955 1923 3028 περινοστοῦσιν.

353 3053 430 3105 Οὐ
461 3053 570 3123 γὰρ
613 3051 687 3121 τῷ
713 3053 842 3124 ὲρᾷν
892 3069 951 3104 τε
1001 3055 1094 3106 καὶ
1133 3049 1314 3120 ζητεῖν
1361 3049 1671 3116 ἀναγκαίως
1735 3048 1925 3100 ἕπεται

353 3146 450 3198 καὶ
481 3146 538 3197 τὸ
573 3145 858 3213 τυγχάνειν
884 3143 992 3196 τῶν
1044 3142 1336 3214 ἐρωμένων
1363 3158 1376 3172 ⁸
1428 3140 1564 3194 ἀλλὰ
1594 3139 1762 3193 πολλὰ
1828 3140 1925 3209 μὲν

2091 1939 2345 1996 Sedenim
2392 1941 2629 2000 fortasse
2657 1959 2778 2010 nos,
2809 1946 3134 2001 charissime
3189 1947 3287 2014 ﬁli,
3308 1949 3492 2004 verbis
3523 1950 3620 2004 bu-

2017 2026 2253 2098 jusmodi
2305 2037 2684 2105 compellabis,
2732 2050 2785 2094 et
2851 2041 3049 2094 merito
3101 2041 3361 2110 quidem:
3397 2055 3619 2111 magno-'-

2021 2142 2151 2197 pere
2171 2143 2278 2183 nos
2312 2129 2606 2186 admiratus
2659 2132 2867 2185 scilicet
2921 2133 3313 2197 humilitatem,
3360 2135 3410 2188 id
3437 2137 3614 2188 admi—

2025 2207 2174 2273 ratos
2209 2234 2351 2283 esse,
2383 2221 2524 2289 quod
2579 2222 2996 2276 admirationem
3023 2233 3316 2280 mereatur.
3354 2224 3610 2280 Eamdem

2025 2310 2223 2365 eximie
2263 2311 2390 2365 dum
2450 2312 2826 2378 extulerimus,
2897 2329 3149 2384 magnum
3202 2315 3318 2385 ejus
3367 2331 3612 2371 amorem

2023 2405 2174 2472 prius
2207 2403 2370 2456 etiam
2403 2404 2623 2459 insitum
2666 2405 2847 2458 animo
2899 2416 3009 2470 tuo,
3035 2423 3180 2461 nunc
3218 2408 3504 2478 insigniter
3522 2425 3614 2463 aus

2025 2496 2189 2548 xisse.
2222 2493 2543 2550 Rationibus
2571 2496 2716 2550 enim
2752 2497 2885 2551 meis
2936 2496 3210 2560 eﬂectuut,
3265 2507 3322 2552 ut
3351 2500 3492 2554 hanc
3529 2503 3613 2554 in-

2025 2582 2314 2638 sanissime
2348 2585 2580 2654 quodam
2629 2602 2814 2642 amore
2844 2589 3124 2657 depereis.
3166 2590 3282 2643 Non
3317 2600 3497 2645 tamen
3527 2592 3610 2645 id-

2025 2673 2172 2728 circo
2207 2690 2304 2729 nos
2341 2675 2438 2729 tibi
2469 2677 2638 2730 videri
2685 2679 2821 2732 satis
2878 2681 3101 2733 omnino
3137 2682 3354 2769 fecisse.
3405 2682 3614 2752 Quippe

2028 2767 2340 2822 necessario
2372 2769 2561 2824 modos
2599 2769 2761 2824 etiam
2805 2771 3163 2838 adjiciendos,
3196 2767 3409 2844 quibus
3437 2778 3614 2832 modis

2028 2861 2252 2918 conﬁeri
2289 2862 2461 2931 possit
2482 2877 2544 2917 ex
2604 2865 2768 2920 animi
2807 2867 2882 2922 tui
2941 2868 3101 2933 votis,
3139 2877 3195 2923 ut
3259 2883 3389 2937 opes
3453 2869 3616 2924 hasre

2028 2955 2398 3022 consequaris.
2431 2955 2564 3009 Nam
2599 2957 2767 3012 videri
2799 2960 2892 3013 tibi
2928 2960 3078 3014 valde
3115 2961 3386 3015 diﬁieilem
3420 2963 3609 3015 harum

2029 3045 2487 3114 adquirendarum
2522 3051 2809 3116 rationem,
2840 3051 3006 3105 etiam
3040 3052 3126 3118 iis,
3169 3053 3262 3119 qui
3297 3053 3612 3108 vehemente

2031 3152 2158 3191 cum
2215 3138 2488 3195 desiderio
2537 3141 2896 3208 circumeunt,
2943 3155 3003 3208 ut
3051 3159 3144 3198 eas
3178 3155 3601 3212 consequantur.

350 3239 464 3291 τῶν
497 3208 835 3308 πραγμάτων
865 3237 964 3290 οὐκ
991 3208 1228 3306 εὐχερώς
1250 3229 1560 3306 εὑρίσκεται
1583 3235 1696 3296 τοῖς
1733 3232 1924 3304 ζητοῦ-

2031 3227 2244 3296 Quippe
2295 3231 2620 3285 desiderium
2670 3241 2723 3286 et
2779 3233 3190 3302 inquisitionem
3255 3252 3359 3290 non
3424 3253 3610 3293 neces-

355 3348 442 3383 σιν
474 3346 488 3361 ·
517 3330 634 3383 ἔνια
665 3330 720 3382 δέ
749 3346 856 3382 τ.σι
884 3333 1268 3398 παραγίνεται,
1321 3327 1442 3396 μηδ’
1495 3323 1733 3378 ὁντινοῦν
1791 3325 1924 3376 ὑπο-

356 3425 513 3478 στᾶσι
543 3423 724 3478 πόνον.
769 3423 890 3474 Ἐπὶ
923 3421 978 3474 δὲ
1022 3419 1113 3473 τὸν
1163 3421 1256 3472 καὶ
1315 3416 1526 3488 μάλισθ’
1573 3411 1762 3490 ὃτανῇ
1813 3416 1923 3470 τῶν

289 3563 296 3568 .
353 3515 676 3578 καλλίστων,
727 3514 824 3584 οὺχ
855 3513 996 3565 οὕτω
1027 3511 1170 3580 φιλεῖ
1196 3509 1501 3578 γίγνεσθαι,
1524 3510 1636 3563 ἀλλ’
1681 3511 1790 3579 ὅσῳ
1823 3509 1920 3579 ζη-

351 3606 520 3676 τητέα
546 3605 710 3670 δοκεῖ,
740 3603 976 3674 τοσούτῳ
1022 3605 1116 3656 καὶ
1165 3603 1522 3671 δυσπόριστα.
1557 3601 1744 3674 Χρεὼν
1784 3599 1923 3655 εἶναι

354 3713 438 3750 σοι
463 3697 637 3748 τοίνυν
678 3693 1060 3762 ὑπολαμϐάνω,
1101 3693 1246 3756 ὅπως
1285 3693 1348 3745 ἂν
1370 3692 1680 3762 κτησαίμην
1697 3691 1920 3760 ταύτην,

354 3787 604 3858 φράζειν.
641 3787 800 3841 Ἀλλὰ
837 3786 920 3838 σοὶ
945 3785 1064 3854 μὲν,
1090 3779 1135 3838 ὧ
1171 3785 1332 3852 ’γαθὲ
1365 3782 1588 3837 τοιαῦτα
1620 3784 1830 3851 λέγοντι
1865 3783 1924 3836 τδ

351 3883 671 3952 γιγνόμενον
695 3882 974 3952 εἰρήσεται
1001 3895 1018 3912 ο
1046 3881 1140 3933 καὶ
1187 3880 1330 3949 ἆπερ
1364 3880 1428 3934 ἂν
1472 3879 1739 3950 εὐξαίμην
1793 3879 1923 3950 περὶ

353 3973 475 4039 σοῦ,
507 3972 680 4027 ταῦτα
711 3972 935 4044 πράξεις
967 3988 983 4002 ·
1013 3972 1165 4025 τουτὶ
1193 3970 1249 4024 δὲ
1296 3971 1358 4024 τὸ
1395 3971 1711 4041 γιγνόμενον
1768 3972 1937 4042 χαλε-“

359 4068 458 4120 πδν
489 4067 613 4137 ἐμοὶ
642 4067 840 4134 λέγειν.
883 4065 990 4118 Καὶ
1013 4060 1158 4134 εἶχόν
1180 4081 1242 4133 γε
1271 4063 1545 4118 δεικνύναι
1576 4063 1638 4116 τὺ
1667 4063 1924 4118 δύσκολον

352 4159 568 4221 πολλοῖς
593 4177 732 4212 τισιν
752 4154 906 4228 οἶμαι
937 4156 1180 4228 τρόποις.
1234 4157 1338 4210 Τὸν
1369 4155 1526 4227 κόρον
1572 4155 1630 4209 δὲ
1671 4155 1918 4226 βουλόμε·

351 4269 445 4315 νος
482 4249 724 4320 φεύγειν,
750 4250 860 4322 ἐρῶ
889 4249 1121 4311 τοσόνδε.
1149 4245 1284 4302 Εἷπέ
1313 4265 1396 4312 τις
1423 4236 1772 4319 μέγας-ἁνὴρ,
1817 4247 1929 4301 ἰω-

351 4345 519 4414 ἁννης
555 4342 788 4414 τοῦνομα
818 4339 906 4414 (ἦν
941 4341 1000 4396 δὲ
1029 4341 1138 4394 τῶν
1182 4331 1399 4406 ζώντων
1424 4341 1501 4412 τῷ
1527 4339 1667 4410 Θεῷ,
1696 4339 1790 4395 καὶ
1827 4340 1926 4412 οὐχ

352 4435 587 4506 ἑαυτοῖς)
621 4435 850 4507 τρισόλῳ
917 4433 1262 4504 ὲοικέναιτὴν
1296 4433 1693 4504 ὑπερηφανίαν.
1725 4433 1834 4486 Καὶ
1861 4432 1924 4504 δὴ

352 4525 804 4597 προσαγορεύσας
835 4523 1004 4586 αὐτὴν
1030 4521 1222 4595 ταύτῃ,
1245 4519 1365 4576 εἶτα
1398 4523 1492 4576 καὶ
1522 4523 1702 4585 καλῶς
1729 4521 1921 4587 εἰπὼν,
1958 4553 2001 4609 Β

328 4619 575 4684 .ἐδειξεν.
614 4619 755 4688 Ἔφη
779 4621 888 4686 γὰρ
942 4616 1075 4686 (ἐρῶ
1098 4615 1152 4668 δὲ
1183 4615 1273 4668 τὸν
1327 4615 1535 4668 ἐκείνου
1580 4615 1802 4679 σκοπὸν,
1861 4615 1922 4668 ού

349 4714 423 4764 τὰ
455 4711 721 4782 ῥήματα)·
745 4711 842 4761 "Av
875 4708 1070 4780 πράξω
1103 4725 1153 4761 τι
1198 4695 1308 4761 τῶν
1333 4707 1537 4771 καλῶν,
1570 4707 1755 4779 ἐκείνη
1786 4725 1925 4780 παρα

354 4804 584 4858 ελθοῦσα
641 4804 845 4874 κροτεῖ,
905 4801 998 4854 καὶ
1062 4801 1198 4871 μετὰ
1263 4800 1396 4871 βοῆς
1448 4800 1655 4870 ἐξαίρει
1694 4799 1924 4870 τοῦργον

352 4901 550 4952 ἐκεῖνο.
580 4897 681 4949 Ἦν
706 4896 763 4948 δὲ
800 4895 892 4948 καὶ
927 4893 1036 4946 τῶν
1075 4894 1135 4946 οὐ
1180 4893 1376 4962 ῥᾳδίως
1409 4891 1860 4961 κατορθουμένων

353 4991 415 5042 τὸ
449 4989 710 5060 πραχθὲν,
751 4987 890 5058 ὑπὲρ
942 4984 1260 5056 ἀνθρώπους
1311 5002 1378 5054 με
1422 4982 1628 5047 πάντας
1697 4985 1923 5055 τίθησι·

357 5083 458 5136 κᾶν
497 5082 844 5151 ἁποκρουσθῇ
873 5081 970 5148 τὴν
997 5077 1238 5150 πρώτην,
1298 5078 1398 5130 οὐκ
1438 5078 1728 5144 ἀφίσταται
1764 5094 1776 5109 ·
1835 5079 1926 5131 καὶ

357 5175 613 5237 πολλάκις
658 5173 984 5244 ήττηθεῖσα,
1045 5171 1405 5241 ἐπανέρχεται
1459 5171 1657 5241 χείρων
1703 5169 1924 5238 ἑαυτῆς,

354 5268 470 5331 πῶς
500 5268 640 5333 orat;
675 5266 824 5320 ἅπαν
863 5265 1065 5336 ὕφαλον
1105 5265 1220 5335 μεθ’
1277 5265 1473 5335 ἑαυτῆς
1522 5265 1738 5333 ἔχουσα.
1793 5264 1925 5326 Ταῖς

350 5359 461 5429 γὰρ
489 5358 692 5428 ψυχαῖς
713 5358 823 5412 τῶν
861 5357 920 5422 ἐξ
959 5357 1176 5426 ἀγαθῶν
1202 5355 1527 5426 ύψωθέντων
1562 5357 1762 5427 ἔργων,
1804 5351 1924 5409 εἶτα

353 5447 522 5516 μηδὲν
558 5445 757 5516 ὑψηλὸν
785 5445 934 5514 ὑπὲρ
963 5445 1142 5499 αὐτῶν
1173 5445 1605 5512 φαντασθέντων,
1643 5445 1779 5498 ἀλλὰ
1810 5464 1925 5515 μει-

351 5539 558 5591 νάντων
599 5538 682 5606 ἐφ’
709 5531 860 5608 ᾧπερ
893 5537 1022 5602 ἔδει,
1065 5537 1366 5607 λεληθότως
1394 5536 1798 5606 ὑπεισέρχεται,
1831 5537 1925 5590 καὶ

350 5630 571 5702 ἡσύχως
605 5629 663 5682 τὸ
690 5629 926 5694 ζιζὰνιον
948 5631 1291 5696 ὑποσπείρει,
1322 5631 1450 5692 ἴσως
1483 5647 1584 5682 που
1608 5632 1701 5682 καὶ
1725 5630 1925 5683 καθευ-

349 5722 572 5784 δούσαις
603 5723 790 5784 αὐταῖς
821 5723 884 5775 ἐκ
915 5721 1012 5790 τῆς
1045 5721 1247 5790 πολλῆς
1275 5722 1369 5774 καὶ
1400 5721 1648 5774 συντόνου
1682 5724 1919 5792 νήψεως.

351 5815 510 5882 Λέγω
532 5813 584 5865 δὲ
616 5813 851 5878 ζιζάνιον
887 5813 982 5868 νῦν
1011 5813 1069 5868 τὸ
1102 5813 1522 5882 ύπολογέσασθαι
1567 5815 1816 5885 τάληθὲς,
1849 5817 1923 5880 ώς

2025 3320 2174 3373 satio
2207 3323 2456 3376 comitari
2489 3339 2666 3378 rerum
2692 3337 3070 3395 exaptatarum
3098 3329 3440 3398 adeptionem
3470 3347 3484 3384 :
3518 3331 3612 3384 sed

2026 3428 2115 3467 res
2161 3413 2448 3483 plerasque
2509 3416 2856 3473 diﬁicultera
2914 3423 3282 3490 quaerentibus
3340 3423 3608 3488 inveniri,

2028 3507 2314 3564 nonnullas
2341 3509 2610 3575 aliquibus
2636 3513 2972 3580 contingere,
3021 3514 3229 3569 nul'um
3286 3516 3509 3571 omnino
3530 3517 3613 3572 la-

2027 3596 2215 3652 borem
2245 3599 2664 3668 perferentibus.
2696 3602 2752 3655 In
2790 3601 2897 3658 illis
2927 3614 3129 3668 autem,
3155 3621 3274 3672 qua:
3309 3608 3610 3676 praesertim

2026 3690 2404 3759 pulcherrimae
2461 3692 2592 3758 sint,
2645 3709 2748 3746 non
2806 3695 2888 3750 sic
2955 3696 3176 3750 evenire
3232 3698 3456 3753 solere:
3518 3701 3613 3757 sed

2026 3791 2230 3853 quanto
2269 3785 2440 3852 magis
2467 3785 2770 3854 quaerenda:
2799 3787 3112 3854 videantur,
3171 3797 3320 3843 tanto
3364 3805 3486 3844 esse
3518 3805 3614 3846 ac-

2027 3877 2228 3945 quisilu
2258 3875 2608 3932 diﬁlciliores.
2657 3877 3021 3942 Quamobrem
3077 3881 3249 3935 videri
3292 3882 3386 3938 tibi
3424 3897 3613 3940 neces-

2026 3967 2254 4034 sarium,
2283 3978 2341 4023 ut
2367 3985 2474 4039 quo
2501 3979 2659 4039 pacto
2685 3971 2822 4025 hanc
2849 3985 3164 4040 comparare
3217 3975 3418 4042 possis.
3447 3989 3617 4044 expo-

2029 4077 2173 4115 nam.
2209 4047 2542 4118 l'ndicabitur
2591 4063 2711 4131 tibi,
2766 4075 2986 4136 strenue
3011 4065 3108 4130 ﬁli,
3160 4067 3253 4136 qui
3304 4066 3612 4136 huiusmodi

2026 4151 2260 4226 profers,
2288 4155 2431 4224 quod
2469 4155 2696 4211 indicari
2737 4160 3043 4214 conveniet.
3071 4159 3148 4213 Tu
3175 4162 3318 4230 quod
3374 4164 3423 4216 in
3452 4165 3602 4234 votis

2026 4257 2110 4302 est
2149 4249 2278 4304 mihi
2310 4248 2378 4303 de
2415 4258 2499 4316 te,
2536 4237 2732 4318 facies;
2779 4251 2917 4306 mihi
2953 4254 3168 4322 quidem
3221 4265 3370 4312 certe
3399 4258 3616 4314 diﬂicile

2027 4339 2216 4408 dictu,
2272 4341 2415 4410 quod
2477 4340 2764 4396 dicendum
2823 4343 2990 4398 venit.
3057 4343 3123 4400 Et
3181 4357 3425 4416 poteram
3483 4365 3618 4406 sane

2029 4431 2398 4488 difﬁcultatem
2430 4433 2570 4488 hanc
2601 4434 2806 4502 multis,
2834 4438 3048 4505 opinor,
3076 4441 3250 4496 modis
3278 4444 3565 4498 ostendere
3589 4461 3604 4500 :

2028 4525 2123 4580 sed
2172 4525 2374 4579 vitandi
2412 4525 2556 4580 ttedii
2613 4525 2818 4593 studio,
2857 4538 3061 4584 tantum
3110 4513 3405 4600 proferam.
3469 4536 3616 4590 Dixit

2031 4616 2247 4684 quidam
2276 4617 2360 4670 vir
2389 4631 2637 4686 magnus,
2665 4618 2750 4673 cui
2779 4635 2977 4675 nomen
3003 4619 3244 4678 Joannes
3271 4625 3408 4695 (erat
3430 4637 3610 4681 autent

2027 4723 2211 4762 eorum
2242 4721 2272 4761 c
2307 4724 2550 4773 numero,
2581 4709 2673 4779 qui
2708 4709 2826 4763 Den
2854 4712 3061 4775 vivunt,
3093 4729 3199 4768 non
3229 4715 3378 4783 sibi),
3415 4718 3613 4772 tribulo

2028 4799 2262 4853 similem
2294 4814 2417 4854 esse
2463 4802 2804 4868 superbiam,
2835 4809 2890 4856 et
2918 4802 3134 4871 quidem
3163 4805 3265 4862 hac
3293 4808 3338 4861 ei
3372 4808 3608 4877 primum

2029 4891 2387 4960 appellatione
2422 4894 2612 4961 indita,
2651 4893 2846 4950 deinde
2881 4903 3024 4950 recte
3055 4897 3125 4950 ab
3160 4912 3218 4953 se
3255 4901 3478 4955 verbum
3511 4902 3614 4957 hoc

2029 4982 2300 5050 prolatum
2333 4987 2589 5040 ostendit.
2618 4986 2754 5041 Nam
2787 4988 2834 5042 si
2863 4989 3016 5058 quid,
3053 4990 3251 5059 inquit,
3276 4993 3402 5046 boni
3433 4994 3613 5050 fecero

2031 5072 2274 5143 (scopum
2307 5084 2481 5129 autem
2519 5077 2686 5144 ipsius
2717 5079 3121 5149 indicabo,|non
3143 5081 3351 5149 verba),
3377 5099 3498 5139 mox
3525 5085 3612 5140 illa

2029 5167 2287 5232 prodiens
2321 5169 2619 5238 applaudit,
2646 5180 2700 5225 et
2734 5187 2856 5225 cum
2886 5173 3124 5229 clamore
3155 5174 3356 5231 factum
3378 5179 3610 5235 extollit.

2028 5259 2182 5325 Quod
2215 5275 2346 5315 sane
2404 5262 2448 5316 si
2480 5263 2724 5331 prazstitu
2764 5265 2990 5320 difﬁcile
3033 5268 3231 5336 fuerit,
3291 5285 3482 5326 omnes
3529 5288 3616 5328 me

2028 5365 2190 5418 Supra
2226 5353 2486 5406 mortales
2537 5353 2786 5416 collocat.
2841 5355 2920 5412 Ac
2955 5359 3224 5428 siquidem
3259 5362 3413 5418 initio
3451 5362 3620 5418 inerit

2030 5441 2251 5510 reiecta,
2287 5459 2394 5497 non
2420 5444 2630 5501 desistit
2660 5463 2675 5502 :
2703 5457 2757 5503 et
2798 5450 2996 5519 sapius
3027 5467 3247 5524 quoque
3275 5455 3438 5521 victa,
3465 5457 3616 5524 pejor

2029 5538 2204 5605 seipsa
2240 5537 2420 5591 multis
2470 5540 2645 5594 modis
2692 5546 3009 5610 revertitur,
3053 5547 3184 5600 nihil
3238 5565 3346 5602 non
3403 5547 3618 5602 subdoli

2029 5643 2214 5682 secum
2266 5627 2520 5686 ali‘erens.
2557 5631 2689 5686 Nam
2729 5636 2940 5690 animos
2962 5638 3195 5702 illorum,
3225 5641 3314 5709 qui
3349 5641 3509 5706 bonis
3547 5656 3612 5693 ex

2027 5725 2282 5793 operibus
2309 5727 2611 5782 eminentes
2640 5727 2768 5783 facti
2805 5743 2951 5795 sunt,
2989 5748 3050 5787 ac
3081 5735 3272 5789 deinde
3321 5735 3452 5787 nihil
3483 5734 3587 5788 sub

2031 5817 2156 5872 linte
2189 5818 2254 5873 de
2297 5819 2496 5890 scipsis
2543 5822 2876 5892 concipiunt,
2913 5828 3004 5880 sed
3057 5826 3196 5880 intra
3251 5827 3447 5882 limites
3495 5843 3618 5886 sese
