4000 6420
440 314 548 381 54⁷7

1644 312 2052 377 MANUELIS
2095 314 2552 379 PAL/EOIDGI

3593 333 3680 398 διε

444 431 748 494 continent,
809 429 1113 484 clanculum
1185 426 1350 494 subit,
1414 426 1687 498 taciteque
1761 428 1946 483 lolium
1995 429 2041 482 in

2157 429 2244 500 ἄρ’
2278 431 2431 484 οὐδὲν
2469 433 2528 484 ὲν
2567 432 2758 498 αὑταῖς
2799 434 3167 505 ὑπερήφανον,
3205 441 3383 512 ἐπειδὴ
3431 445 3519 515 τὴν
3541 449 3685 522 ὑπερ.

447 524 528 578 eis
559 523 712 586 serit,
738 521 972 576 fortasse
996 521 1422 577 dormitantibus
1447 521 1516 576 ob
1543 521 1706 575 nimis
1758 521 2040 576 assiduam

448 616 800 688 vigilantiam.
845 615 1054 668 Lolinm
1089 625 1267 668 autem
1311 631 1454 670 nunc
1503 615 1740 684 appello,
1775 616 1918 684 quod
1951 630 2043 670 se-

445 725 568 764 cum
603 709 705 777 ipsi
756 719 1033 778 repulaut,
1073 709 1276 762 nullam
1323 708 1504 762 inesse
1539 707 1642 762 sibi
1690 708 2043 775 superbiam:

446 801 885 870 quandoquidem
949 800 1261 868 supetbium
1295 799 1612 867 repulcrint.
1676 797 1787 853 Hoc
1835 806 2044 864 autem,

446 892 530 948 vel
565 893 618 947 in
674 893 867 964 primis
931 895 1224 961 superbum
1277 892 1533 962 quiddam
1583 900 1705 946 est:
1769 906 2046 960 propeque

447 987 670 1057 gravius
703 986 964 1052 arbitror,
995 1002 1159 1056 quam
1194 996 1252 1040 ut
1290 987 1473 1042 sanari
1500 987 1690 1056 possit.
1723 986 1863 1052 Quid
1894 985 2040 1040 enim

446 1083 712 1147 deterius,
745 1097 904 1150 quam
954 1083 997 1136 si
1023 1081 1279 1136 humilem
1307 1096 1367 1137 se
1427 1091 1601 1152 putet,
1635 1081 1726 1151 qui
1775 1079 2045 1150 superbiat

446 1177 640 1232 morbo
677 1174 932 1229 laborat?
955 1176 1065 1229 Aut
1098 1192 1207 1246 quo
1237 1185 1399 1246 pacto
1441 1175 1776 1230 medicinam
1807 1181 2041 1242 quaeret,

443 1269 540 1338 qui
579 1268 704 1322 mali
741 1268 872 1321 nihil
905 1283 966 1322 se
1001 1269 1111 1336 pati
1147 1267 1499 1337 suspicatur?
1535 1266 1653 1334 Quo
1685 1265 1742 1319 fit
1769 1277 1826 1320 ut
1849 1273 2047 1318 tamet-

443 1364 490 1418 si
551 1363 654 1417 sim
710 1362 884 1417 factus
930 1363 1177 1427 humilis,
1245 1377 1460 1416 rursum
1527 1371 1707 1416 tamen
1773 1358 2041 1423 extollar;

443 1455 878 1524 quandoquidem
909 1471 993 1510 me
1032 1456 1289 1510 humilem
1340 1453 1546 1509 factum
1587 1453 1734 1507 novi.
1783 1452 2042 1520 Adeoque

442 1565 513 1604 ne
546 1550 725 1604 sentio
755 1550 974 1618 quidem
1000 1549 1140 1603 elato
1171 1564 1256 1605 Ine
1307 1548 1492 1601 animo
1544 1563 1685 1605 esse.
1717 1544 1870 1599 Licet
1927 1543 2042 1597 cla-

443 1643 646 1695 tionem
681 1642 868 1695 statim
891 1655 1458 1710 agnoscam,eamque
1485 1639 1639 1693 valde
1667 1653 1894 1707 perosus
1932 1637 2046 1690 abi-

443 1747 588 1800 gam,
628 1746 692 1786 ac
735 1733 1000 1802 mcipsum
1045 1740 1265 1800 propter
1299 1733 1438 1786 hanc
1490 1730 1927 1801 reprehendam:
1963 1737 2044 1783 ta-

2149 523 2391 592 ηφανίαν
2427 524 2860 592 ἀπεκρούσαντο.
2898 529 3060 582 Τουτὶ
3090 531 3147 585 δὲ
3201 533 3529 605 ὑπερήφανον
3556 543 3688 608 μάλι-

2146 617 2303 672 λιστά
2338 635 2398 685 γε
2435 619 2528 670 καὶ
2570 618 2770 689 μικρυῦ
2811 621 2922 673 δείν
2969 627 3218 693 κρεῖττον
3253 622 3417 696 οῐμαι,
3446 631 3476 700 ἢ
3505 633 3691 704 ἰαθῆναι

2147 707 2259 763 οἶόν
2317 728 2375 763 τε
2435 705 2594 765 εἶναι.
2632 713 2738 766 Τοῦ
2784 715 2894 783 γὰρ
2936 717 3324 772 ταπεινοῦσθαι
3369 724 3589 792 νομίζειν
3616 727 3692 780 τὸν

2149 803 2532 874 ὑπερηφανίαν
2565 804 2826 860 νοσοῦντα
2870 807 2922 860 τί
2950 811 3172 878 χεῖρον;
3205 812 3273 864 Ἢ
3331 813 3443 876 πῶς
3499 817 3694 887 ζητήσει

2148 895 2245 966 τὴν
2275 897 2417 949 ῐασιν
2442 898 2471 949 ὁ
2499 897 2638 968 μηδὲ
2673 899 2902 970 πάσχειν
2931 900 3333 971 ὑπολαμϐάνων
3360 924 3372 970 ;
3425 907 3574 960 Ὥστε
3608 910 3696 962 κᾶν

2147 989 2494 1058 ταπεινωθῶ,
2526 990 2688 1043 πάλιν
2709 991 2937 1062 αἴρομαι
2961 1010 2973 1023 ο
2999 994 3178 1058 εἰδὼς,
3202 995 3276 1056 ὼς
3291 1000 3666 1071 τεταπείνωμαι
3684 1019 3696 1034 ·

2149 1083 2242 1134 καὶ
2271 1083 2716 1154 ὑπερφρονήσας,
2751 1085 2869 1137 οὑδὲ
2909 1087 3273 1156 αίσθάνομαι·
3314 1091 3419 1144 κᾶν
3454 1092 3560 1158 γνῶ
3616 1095 3701 1163 τὴν

2149 1173 2532 1244 ὑπερηφανίαν
2559 1175 2744 1241 εὐθὺς,
2776 1179 2871 1231 καὶ
2905 1181 3241 1252 ἀποσοϐήσω
3303 1183 3446 1251 μάλα
3491 1186 3703 1256 μισήσας

2148 1266 2244 1318 καὶ¹
2268 1266 2370 1335 τῆς
2410 1266 2790 1338 ὑπερηφανίας
2824 1269 3062 1331 ἐμαυτὸν
3091 1271 3413 1343 μέμψωμαι,
3438 1275 3542 1328 οὔτ’
3567 1278 3704 1344 ἀγνο-

2149 1361 2265 1430 ήσω
2315 1357 2477 1411 πάλιν
2539 1361 2930 1427 ταπεινωθεὶς,
2997 1363 3091 1414 καὶ
3170 1366 3440 1421 ἐπαινέσω
3495 1371 3703 1436 ἐμαυτὸν

2149 1450 2540 1521 κατορθοῦντα.
2574 1454 2641 1504 Ἃ
2671 1452 2732 1521 δὴ
2764 1453 2976 1516 παθὼν,
3010 1455 3085 1517 ὡς
3120 1456 3193 1525 μὴ
3219 1457 3446 1526 ὤφελον,
3474 1460 3588 1514 ὅθεν
3619 1463 3705 1532 ἠρ-

2151 1545 2327 1615 ξάμην
2361 1544 2551 1615 ὥσπερ
2587 1547 2642 1598 ἐν
2674 1545 2859 1618 κύκλῳ
2903 1550 3238 1618 κατήντηκα.
3299 1553 3456 1606 Ὥστε
3488 1557 3703 1624 περίϐολός

2147 1635 2297 1688 ἐστιν
2329 1637 2490 1704 αὕτη,
2535 1638 2629 1688 καὶ
2659 1635 2720 1688 τὸ
2755 1641 2978 1709 κέντρον
3001 1641 3186 1708 ὄρθιον
3221 1643 3357 1713 ἔχει,
3382 1647 3476 1698 καὶ
3500 1648 3705 1716 χαλεπὸν

2147 1728 2433 1796 διαφυγεῖν
2458 1727 2551 1781 καὶ
2580 1730 2704 1791 τοὺς
2745 1729 2879 1781 πολύ
2920 1749 2972 1782 τι
3009 1732 3171 1803 βάρος
3197 1734 3291 1788 νοῦ
3343 1739 3702 1808 κεκτημένους.

445 1841 568 1881 men
605 1842 793 1881 rursus
845 1827 1188 1882 humiliatum
1237 1843 1325 1884 me
1359 1843 1465 1884 non
1516 1829 1800 1898 ignorabo,
1852 1843 2041 1897 meque

2153 1821 2262 1874 Καὶ
2321 1819 2549 1883 πολλοὺς
2592 1820 2657 1872 ἂν
2694 1817 2843 1890 εἶχον
2889 1825 3172 1895 μάρτυρας
3224 1828 3522 1898 ἀναστῆσαι
3575 1829 3706 1884 τοῦδε

443 1927 590 1974 recte
643 1929 890 1986 agentem
947 1920 1316 1975 collaudabo.'
1345 1921 1526 1991 Atque
1567 1919 1684 1974 haec
1731 1919 1865 1974 mihi
1917 1935 2042 1974 cum

443 2011 700 2066 accidunt
746 2013 979 2080 (utinam
1019 2015 1234 2083 quidem
1274 2029 1340 2068 ne
1368 2014 1606 2082 fierent),
1649 2015 1792 2068 unde
1829 2013 2040 2068 fuerant

441 2119 692 2169 exorsus,
719 2105 867 2158 velut
902 2105 954 2157 in
983 2105 1192 2162 circulo
1231 2115 1500 2161 revertor.
1538 2106 1904 2174 Quamobrem
1938 2107 2041 2162 tri-

441 2195 600 2250 bulus
640 2203 722 2250 est
761 2195 1042 2263 superbia,
1097 2195 1488 2268 stimulumquc
1538 2212 1754 2251 sursum
1789 2207 2038 2253 erectum

441 2287 628 2354 habet,
656 2303 815 2357 quem
865 2286 1159 2343 difficulter
1201 2289 1408 2345 evitare
1463 2300 1714 2359 possunt,
1751 2292 1916 2345 etiam
1950 2293 2042 2360 qui

441 2395 640 2448 tuaguo
669 2380 864 2434 mentis
892 2378 1132 2450 pondere
1181 2387 1310 2436 sunt
1343 2382 1580 2450 praediti.
1625 2381 1794 2450 Cujus
1821 2382 2042 2452 quidem

441 2472 708 2526 orationis
742 2482 909 2528 testes
945 2473 1249 2540 producere
1297 2474 1500 2530 multos
1525 2475 1684 2530 exiis
1745 2475 1879 2539 ipsis
1919 2490 2044 2543 pus-

442 2576 580 2628 sem,
613 2563 705 2631 qui
748 2563 892 2618 hunc
941 2564 1224 2619 stimulum
1250 2565 1462 2633 experti
1522 2566 1698 2620 fuere.
1759 2566 1866 2620 Sed
1915 2583 2038 2622 cum

2147 1914 2243 1968 τοῦ
2304 1915 2488 1980 λόγου,
2522 1914 2716 1978 αὐτοὺς
2743 1917 2988 1981 ἐκείνους
3028 1919 3153 1982 τοὺς
3184 1921 3548 1993 βεϐλημένους
3592 1924 3707 1992 τῷδε

2147 2005 2227 2076 τῷ
2257 2005 2487 2076 κέντρῳ.
2523 2006 2703 2075 Σαφὲς
2735 2007 2792 2060 δὲ
2819 2007 2880 2062 ὃν
2922 2010 2982 2063 τὸ
3013 2014 3248 2080 πρᾶγμα
3303 2015 3398 2068 καὶ
3446 2016 3707 2088 πρόδηλον,

2145 2099 2208 2151 οὑ
2244 2098 2716 2153 κατασκευαστέον
2755 2095 2895 2154 εἶναι
2923 2102 3086 2169 δοκεῖ,
3107 2105 3282 2172 ἄλλως
3312 2092 3488 2162 τεκαὶ
3518 2111 3640 2181 πρὸς
3661 2111 3710 2163 σὲ

2144 2191 2506 2262 δυσπόριστόν
2539 2210 2660 2246 τινα
2683 2192 2911 2247 πλοῦτον
2943 2195 3039 2266 τὴν
3071 2203 3570 2272 ταπεινοφροσύνην
3601 2219 3713 2272 προ-

2155 2283 2436 2353 ειρηκότα.
2491 2285 2714 2338 Ἀκτὲον
2745 2285 2808 2356 δὴ
2835 2287 2928 2341 τὸν
2968 2288 3122 2357 λόγον
3161 2292 3254 2344 ἐπὶ
3292 2293 3382 2346 τὸν
3429 2295 3638 2365 τρόπον,
3677 2287 3714 2362 ᾧ

2155 2379 2218 2430 ἄν
2243 2395 2325 2441 τις
2358 2376 2573 2449 πράξας
2605 2379 2662 2432 τὸ
2685 2378 2914 2447 ἀγαθὸν,
2940 2381 3192 2451 διαφύγοι
3221 2383 3282 2436 τὸ
3308 2386 3436 2457 περὶ
3467 2387 3620 2440 αὑτοῦ
3645 2388 3715 2438 δο-

2153 2471 2312 2538 ξάσαι
2346 2489 2398 2524 τι
2443 2471 2606 2540 μέγα,
2639 2473 2734 2524 καὶ
2753 2471 2822 2526 τά
2846 2472 3041 2544 μέτρια
3067 2477 3371 2547 φρονήσας,
3407 2479 3480 2550 μὴ
3523 2479 3721 2552 ὑψωθῆ-

2151 2581 2260 2630 ναι,
2301 2561 2330 2615 ὃ
2355 2563 2453 2616 καὶ
2482 2562 2862 2634 χαλεπώτερον
2889 2565 3158 2619 δέδεικται
3189 2568 3281 2621 τοὺ
3307 2571 3593 2643 προτέρου.

441 2674 532 2715 res
562 2661 678 2731 ipsa
726 2660 1010 2731 perSpicua
1075 2662 1145 2715 sit
1175 2672 1230 2717 et
1278 2663 1591 2726 manifesta,
1635 2663 1836 2720 nullius
1873 2679 2033 2734 egere
2101 2660 2440 2734 probationis
2500 2661 2739 2728 videtur,
2783 2661 3117 2732 praesertim
3156 2666 3304 2735 apud
3339 2677 3390 2722 te
3417 2707 3434 2733 ,
3499 2668 3586 2738 qui
3637 2681 3720 2721 au-

445 2773 529 2820 tea
584 2759 826 2823 dicebas,
866 2759 1228 2814 humilitatem
1281 2775 1405 2816 esse
1451 2761 1670 2816 divitias
1724 2762 1995 2832 acquisitu
2039 2761 2304 2817 diiﬁciles.
2382 2758 2575 2828 itaque
2641 2759 2975 2816 traducenda
3009 2763 3116 2817 erit
3175 2763 3242 2819 ad
3275 2765 3499 2821 modum
3543 2766 3718 2831 oratio,

443 2867 553 2923 quc
584 2853 706 2923 quis
743 2853 986 2909 efﬁciens
1018 2857 1162 2923 quod
1194 2854 1399 2911 bonum
1429 2867 1535 2923 est,
1592 2857 1802 2913 evitare
1841 2858 2034 2927 possit,
2065 2872 2134 2912 ne
2157 2871 2412 2924 magnam
2439 2855 2508 2910 de
2538 2869 2600 2909 se
2648 2854 2926 2924 concipiat
2968 2856 3278 2926 opinionem
3311 2877 3326 2926 ;
3387 2870 3442 2916 et
3488 2871 3545 2915 ut
3606 2874 3713 2913 mo-

443 2950 599 3005 deste
632 2952 698 3004 de
754 2965 812 3006 se
839 2928 1133 3020 ’sentiens,
1180 2969 1287 3008 non
1346 2952 1652 3020 eﬂ‘eratur;
1683 2961 1826 3025 quod
1883 2955 2048 3010 etiam
2076 2970 2199 3012 esse
2222 2954 2656 3009 demonstratum
2687 2962 2768 3006 est
2791 2952 2885 3005 illo
2909 2953 3092 3022 priore
3126 2952 3431 3013 difﬁcilius.

509 3048 787 3103 Arbritror
817 3048 1001 3120 igitur,
1032 3065 1191 3104 unam
1225 3051 1518 3122 quamdam
1551 3051 1692 3106 hanc
1714 3052 1856 3105 viam
1886 3067 2058 3118 esse,—

443 3157 565 3212 quae
599 3157 698 3196 nos
763 3143 828 3197 ad
877 3143 1240 3199 humilitatem
1300 3145 1540 3199 evehat:
1581 3153 1654 3199 ut'
1701 3155 1847 3200 reete
1894 3145 2037 3200 facta

2150 3145 2236 3198 ἐπὶ
2275 3145 2374 3215 τὴν
2407 3143 2911 3214 ταπεινοφροσύνην
2951 3143 3398 3210 ἀναϐιόἀζουσαν
3435 3164 3449 3180 ο

444 3231 648 3286 scilicet
670 3231 736 3283 ad
764 3230 930 3284 Deum
961 3234 1138 3301 ipsum
1163 3233 1490 3291 referamus.
1519 3234 1717 3306 Nequit
1746 3237 1912 3301 enim,
1950 3250 2044 3291 ne-

441 3323 561 3393 quit
584 3323 810 3377 omnino
842 3321 983 3388 ﬁeri,
1013 3324 1170 3384 nobis
1197 3335 1252 3378 ut
1279 3326 1435 3395 ipsis,
1461 3341 1581 3395 qum
1603 3329 1744 3381 facta
1773 3333 1923 3393 sunt,
1948 3327 2045 3380 ad-

443 3415 775 3478 scribentes,
808 3415 1235 3484 cogitationibus
1265 3418 1369 3472 hoc
1395 3418 1530 3472 vitio
1578 3419 1893 3488 superiores
1919 3434 2046 3473 eva-

444 3508 658 3562 damus.
721 3506 920 3578 Opinio
973 3523 1211 3576 namque
1280 3509 1346 3565 de
1420 3519 1571 3566 recte
1639 3512 1800 3568 factis
1878 3510 2044 3566 dubio

441 3601 633 3672 procul
666 3601 718 3655 iu
774 3602 932 3657 nubis
979 3603 1218 3657 maxima
1246 3605 1520 3673 superbia:
1547 3607 1768 3660 occasio
1828 3613 1931 3670 est,
1964 3605 2039 3659 uti

435 3695 548 3765 jam
603 3706 726 3750 ante
776 3696 1099 3751 docaimus.
1155 3695 1390 3752 Tantum
1455 3713 1585 3753 vero
1649 3699 1860 3754 malum
1935 3702 2038 3757 hoc

439 3799 545 3856 est,
604 3801 663 3843 ut
718 3789 881 3844 etiam
948 3789 1377 3859 Chrysostomus
1417 3791 1622 3848 alicubi
1666 3793 1938 3858 docuerit,
1965 3796 2042 3850 ci-

443 3894 526 3938 tra
585 3883 1015 3938 controversiam
1078 3885 1275 3939 melius
1339 3901 1480 3953 esse,
1531 3901 1636 3940 non
1671 3885 1854 3942 facere
1917 3887 2042 3944 boui

441 3970 722 4040 quidpiam
755 3987 1038 4042 [muneque
1070 3988 1129 4028 se
1162 3974 1415 4028 maximae
1447 3989 1596 4030 reum
1625 3975 1847 4044 ducere,
1879 3991 2039 4047 quam

441 4076 609 4131 opera
643 4065 906 4132 praeclara
934 4063 1227 4130 facientem
1279 4075 1495 4134 putare,
1524 4082 1585 4120 se
1642 4083 1805 4136 supra
1853 4082 2045 4124 omnes

441 4169 564 4210 esse
595 4157 853 4224 positum.
891 4155 1265 4223 Quamobrem
1301 4159 1548 4214 actiones
1584 4159 1756 4214 bonas
1805 4160 2042 4229 imputet

444 4247 577 4315 Deo,
614 4264 720 4304 non
753 4250 878 4317 sibi,
912 4252 1004 4320 qui
1039 4253 1320 4307 modestus
1355 4269 1477 4308 esse
1503 4253 1730 4323 cogitat.
1770 4253 1902 4308 llaec
1921 4253 2043 4323 opi-

444 4341 540 4396 nio
572 4343 830 4396 immunis
860 4355 944 4398 est
978 4345 1049 4398 ab
1083 4345 1232 4399 omni
1269 4360 1481 4410 errore,
1513 4361 1575 4398 ac
1611 4345 1830 4400 veritati
1892 4359 2042 4398 sum-

447 4451 532 4490 me
559 4435 840 4502 innititur,
870 4438 1045 4507 posita
1075 4437 1286 4508 pariter
1313 4447 1470 4492 extra
1543 4439 1786 4505 pericula
1823 4448 1876 4493 et
1936 4440 2039 4493 tela

2217 3050 2374 3106 Δοκῶ
2402 3051 2584 3104 τοίνυν
2619 3068 2707 3121 μοι
2732 3052 2863 3120 μίαν
2916 3052 3038 3105 τινὰ
3097 3052 3195 3122 τὴν
3259 3056 3386 3108 ὁδον
3442 3055 3599 3119 εἶναι,
3639 3053 3721 3123 τὴν

3507 3148 3565 3201 τὸ
3602 3146 3722 3216 πρὸς

2148 3237 2242 3289 τὸν
2271 3237 2404 3288 Θεὸν
2443 3233 2686 3302 δηλονότι
2723 3235 2793 3288 τὰ
2827 3235 3008 3299 καλῶς
3041 3237 3400 3308 πραττόμενα
3431 3238 3720 3308 ἀναφέρειν.

2153 3327 2229 3380 Οὐ
2263 3327 2372 3396 γάρ
2392 3326 2558 3394 ἐστιν,
2591 3327 2694 3380 οὑκ
2727 3327 2875 3380 ἐστιν
2913 3328 3126 3393 ἑαυτοῖς
3167 3347 3228 3382 τε
3292 3332 3624 3402 ἀναγράφειν
3666 3331 3726 3381 τὰ

2153 3419 2544 3488 πεπραγμένα,
2579 3418 2674 3471 καὶ
2693 3417 2974 3488 λογισμοῖς
3003 3422 3275 3491 κρατῆσαι
3326 3423 3477 3476 τοῦδε
3503 3421 3589 3476 τοῦ
3633 3421 3725 3474 πάι

2152 3511 2300 3571 θους.
2333 3510 2405 3562 Τὸ
2431 3509 2536 3580 γὰρ
2565 3509 2915 3580 κατορθῶσαι
2967 3512 3185 3582 νομίσαι
3246 3515 3499 3582 γίγνεται
3558 3511 3724 3580 σαφῶς

2153 3585 2284 3675 ημῖν
2331 3605 2714 3675 ὑπερηφανίας
2767 3605 3002 3675 μεγίστη
3057 3607 3360 3678 πρόφασις,
3394 3609 3470 3672 ὡς
3517 3610 3544 3661 ὁ
3586 3606 3724 3672 λόγος

2150 3699 2251 3768 ἢδη
2276 3697 2492 3760 διδάξας
2521 3697 2682 3766 ἔφθη.
2711 3697 2882 3750 Τοῦτο
2912 3697 2970 3751 δὲ
2997 3699 3237 3766 τοσούτῳ
3261 3701 3460 3767 κακὸν,
3483 3701 3613 3754 ὥστε
3643 3697 3724 3750 καὶ

2150 3791 2241 3842 τὸν
2275 3791 2716 3863 Χρυσοῤῥήμονά
2751 3808 2856 3844 που
2897 3792 3108 3858 διδάξαι
3143 3793 3360 3862 βέλτιον
3387 3797 3567 3866 σαφῶς
3598 3788 3723 3846 εῖναι

2153 3883 2229 3954 μὴ
2255 3882 2458 3952 πρᾶξαί
2479 3900 2531 3936 τι
2563 3882 2673 3936 τῶν
2703 3883 2905 3948 καλῶν,
2934 3885 3025 3938 καὶ
3057 3885 3164 3939 ὑπὸ
3185 3886 3348 3956 δίκην
3375 3888 3562 3942 ἑαυτὸν
3587 3884 3726 3956 μεγί-

2152 3988 2282 4042 στην
2308 3971 2737 4041 ὑπολαμϐάνειν,
2772 3972 2804 4043 ἢ
2838 3974 3210 4043 κατορθοῦντα
3262 3977 3478 4031 οἴεσθαι
3529 3976 3726 4029 πάντων

2149 4060 2277 4130 ἑξῆς
2304 4062 2686 4134 ὑπερκεῖσθαι.
2732 4062 2896 4115 ’Ὥστε
2921 4063 3233 4132 λογίζεσθαι
3270 4069 3384 4140 χρὴ
3409 4070 3504 4131 τὰς
3529 4065 3723 4135 ἀγαθᾶς

2149 4155 2376 4226 πράξεις
2407 4155 2487 4227 τῷ
2527 4155 2668 4226 Θεῷ,
2714 4157 2809 4209 καὶ
2837 4157 2937 4228 οὐχ
2982 4158 3185 4228 ἑαυτῷ,
3225 4161 3275 4211 εί
3314 4161 3501 4231 μέλλει
3531 4176 3608 4221 τις
3643 4171 3726 4226 μευ

2147 4249 2412 4320 τριάζειν.
2454 4249 2605 4321 Αὕτη
2631 4253 2663 4322 ἡ
2691 4251 2818 4317 δόξα
2848 4252 3146 4324 καθαρεύει
3196 4252 3297 4323 μὲν
3344 4254 3549 4324 πλάνης
3597 4250 3728 4306 ἀπα·

2151 4360 2271 4414 σης,
2298 4343 2479 4414 ἔχεται
2509 4345 2567 4398 δὲ
2596 4345 2694 4415 τῆς
2720 4343 2980 4414 ἀληθείας
3031 4347 3090 4409 ἐς
3127 4347 3320 4417 ἄκρον,
3374 4347 3628 4401 κινδύνων
3679 4341 3728 4395 δὲ

2149 4439 2308 4499 ἐκτὸς
2373 4436 2576 4506 ἕστηκε
2628 4441 2722 4491 καὶ
2759 4437 2956 4510 βελῶν,
3007 4437 3044 4494 ἃ
3098 4441 3217 4492 καθ’
3269 4441 3432 4510 ἡμῶν
3465 4435 3726 4510 ἀφίησινὴ

444 4541 566 4596 quae
595 4538 788 4582 c0ntra
825 4544 922 4584 nos
950 4541 1169 4585 versuta
1221 4540 1441 4599 torquet
1463 4531 1652 4586 elatio.
1712 4531 1826 4588 Nec
1893 4535 2040 4588 enim

2150 4529 2530 4600 πολυμήχανος
2559 4530 2814 4602 ἔπαρσις.
2851 4529 2990 4584 Οὔτε
3021 4532 3130 4602 γὰρ
3178 4533 3557 4603 ἀπατηθῆναι,
3617 4528 3726 4582 οὔτε

448 4621 677 4690 decipit,
718 4637 816 4676 nec
837 4623 888 4676 in
919 4623 1229 4691 periculum
1259 4626 1449 4679 venire
1472 4635 1672 4694 potest,
1698 4627 1788 4695 qui
1814 4627 2040 4681 cuicun-

444 4730 552 4784 que
579 4730 706 4770 vero
743 4716 920 4770 fretus
979 4726 1086 4772 est.
1139 4716 1280 4782 Quid
1342 4727 1524 4772 autem
1591 4719 1762 4786 magis
1824 4735 2035 4785 verum,

443 4823 606 4873 quam
640 4809 980 4871 existimare,
1021 4810 1187 4864 Deum
1215 4823 1339 4864 esse
1397 4800 1711 4878 largitorem
1771 4812 2037 4867 bonormn

443 4903 714 4966 omnium,
747 4913 801 4956 et
840 4903 1116 4958 abeodem
1144 4903 1430 4956 universos
1460 4906 1718 4957 mortales
1746 4905 1882 4959 bona
1910 4922 2041 4960 cou-

447 4997 642 5066 sequi?
677 4996 1020 5062 Argnmcnto
1054 5003 1161 5058 est,
1189 4993 1334 5063 quod
1368 5010 1396 5048 a
1437 4992 1725 5051 Salvature
1750 4998 2037 5068 discipulis

445 5096 530 5143 est
565 5087 771 5143 dictum
813 5104 825 5140 :
861 5085 990 5140 Sine
1037 5102 1116 5139 me
1164 5086 1298 5138 nihil
1343 5089 1561 5152 potestis
1610 5088 1810 5158 facere.
1879 5089 2038 5157 Quod

447 5197 581 5237 sane
613 5179 843 5236 verbum
889 5189 952 5232 ut
1021 5193 1145 5233 esse
1191 5179 1541 5234 verissimum
1604 5185 2036 5248 dcn'toustretur,

450 5275 551 5328 hoc
589 5286 757 5326 unum
829 5270 1013 5324 dicere
1057 5270 1277 5336 sufﬁcit,
1332 5288 1362 5326 a
1417 5272 1702 5328 Salvatore
1768 5278 2039 5345 prolatum

447 5380 589 5421 esse.
623 5363 740 5419 Non
776 5362 1086 5417 rationibus
1107 5378 1244 5431 opus
1267 5365 1372 5418 erit
1400 5365 1530 5419 mihi
1581 5383 1680 5421 nec
1712 5370 2040 5436 prisrorum,

450 5473 550 5512 nec
578 5455 917 5522 recentium;
960 5455 1156 5525 quibus
1221 5457 1363 5512 hanc
1391 5461 1744 5525 sententiam,
1798 5477 1896 5516 ceu
1955 5477 2043 5516 ve-

454 5566 592 5612 ram,
632 5547 866 5617 probare
890 5547 1108 5602 liceret.
1145 5549 1260 5603 Non
1289 5552 1554 5621 exemplis
1597 5562 1741 5616 utar,
1784 5569 1890 5606 non
1926 5555 2040 5623 syl-

452 5641 718 5712 legismis.
753 5638 899 5694 Nihil
945 5642 1170 5696 omnino
1233 5647 1577 5715 pcrquiram,
1636 5647 1782 5716 quod
1836 5648 1936 5700 huc
1990 5649 2040 5701 iu

452 5742 607 5803 parte
637 5733 768 5787 mihi
800 5737 1260 5804 patrocinaretur,
1289 5739 1333 5791 si
1369 5753 1459 5792 res
1491 5741 1558 5793 ita
1587 5751 1862 5808 posceret.
1905 5738 2039 5793 ham

455 5825 546 5882 ubi
584 5827 784 5883 veritas
807 5829 922 5901 ipsa
950 5829 1096 5886 velut
1127 5830 1355 5887 oraculo
1382 5833 1510 5900 quid
1548 5835 1821 5900 decernit,
1893 5848 2040 5887 mera

2144 4621 2488 4676 κινδυνεῦσαι
2523 4617 2633 4676 οἷόν
2663 4639 2748 4687 τε,
2782 4623 2873 4678 τὸν
2906 4625 2992 4692 ἐφ’
3035 4624 3238 4694 ὁτῳοῦν
3290 4625 3486 4695 ἀληθεῖ
3543 4621 3730 4694 cappa-

2144 4732 2337 4770 σαντα.
2369 4716 2434 4768 Τί
2463 4716 2519 4769 δὲ
2552 4717 2922 4787 ἀληθέστερον
2975 4716 3070 4770 τοῦ
3129 4717 3380 4784 δοξάζειν
3442 4713 3582 4770 εἶναι
3639 4712 3727 4782 μὲν

2144 4807 2365 4860 πάντων
2405 4807 2514 4859 τῶν
2549 4807 2771 4874 ἀγαθῶν
2795 4808 2996 4877 δοτῆρα
3023 4808 3111 4860 τὸν
3149 4809 3303 4874 Θεὸν,
3342 4806 3486 4862 εἶναι
3519 4807 3575 4861 δὲ
3607 4805 3728 4858 πάν·

2143 4919 2240 4964 τας
2277 4901 2600 4970 ἀνθρώπους
2634 4900 2847 4955 ἐκεῖθεν
2875 4903 3196 4974 δεχομένους
3219 4904 3474 4971 τάγαθά;
3514 4901 3614 4955 Καὶ
3645 4898 3728 4964 δη·

2144 4996 2229 5047 λοῖ
2280 4995 2342 5048 τὸ
2376 4994 2452 5064 τῷ
2481 4995 2697 5065 Σωτῆρι
2757 4995 2894 5064 πρὸς
2953 4997 3080 5058 τοὺς
3122 4996 3370 5066 μαθητὰς
3408 4993 3686 5066 εἰρημένον
3716 5001 3727 5014 ⁸

2146 5091 2335 5158 Χωρὶς
2363 5091 2511 5160 ἐμοῦ
2544 5095 2616 5146 οὐ
2665 5093 2937 5147 δύνασθε
2970 5093 3168 5147 ποιεῖν
3223 5094 3429 5148 οὐδέν.
3502 5091 3728 5160 Ἀπάχρη

2145 5187 2322 5236 εἰπεῖν
2351 5186 2502 5255 ἡμᾶς
2531 5187 2592 5237 τὸ
2627 5185 2719 5238 τὸν
2754 5185 2990 5255 Σωτῆρα
3036 5186 3184 5238 τοῦτ’
3243 5187 3544 5257 εἰρηκέναι,
3607 5180 3727 5250 πρὸς

2145 5278 2206 5330 τὸ
2237 5277 2610 5346 ἀληθέστατον
2652 5278 2925 5344 τὸνλόγον
2958 5278 3363 5335 ἀποδεικνύναι.
3413 5275 3493 5331 οὑ
3527 5271 3727 5344 δὴ-δεή-

2149 5389 2230 5422 σει
2267 5387 2358 5439 μοι
2388 5369 2581 5437 λόγων,
2622 5369 2748 5423 οὔτε
2779 5371 3047 5434 παλαιῶν,
3073 5371 3195 5425 οὔτε
3243 5371 3399 5435 νέων,
3456 5363 3539 5432 οἷς
3572 5368 3634 5421 ἂν
3669 5360 3728 5433 ἦν

2149 5461 2419 5530 συστῆσαι
2452 5461 2610 5514 τοῦτο
2643 5464 2703 5514 τὸ
2733 5463 2934 5532 δόγμα,
2966 5464 3040 5526 ὡς
3075 5463 3295 5533 ἀληθές.
3333 5463 3408 5514 υὺ
3441 5455 3728 5529 παραδείγ-

2151 5569 2278 5622 μασί
2310 5553 2614 5623 χρήσομαι.
2646 5553 2706 5606 οὗ
2737 5553 3120 5624 συλλογισμοῖς
3153 5571 3166 5584 ·
3223 5552 3376 5606 οὐδὲν
3425 5547 3730 5616 ἐπιζητησω

2148 5647 2258 5700 τῶν
2293 5649 2533 5713 πάντων,
2563 5647 2590 5700 ὃ
2620 5647 2997 5717 συνηγόρησεν
3031 5647 3094 5700 ἄν
3137 5665 3225 5719 μοι
3259 5645 3391 5717 πρὸς
3437 5643 3591 5696 τοῦτο
3616 5637 3729 5703 δεῆ-

2151 5759 2272 5795 σαν.
2298 5742 2472 5795 Ὅπου
2503 5743 2612 5814 γὰρ
2643 5745 2676 5812 η
2710 5742 3073 5813 αὑτοαλήθεια
3108 5742 3456 5812 χρηματίζει,
3487 5741 3728 5799 ἄντικρυς

2153 5833 2498 5906 βλασφημεῖν
2535 5839 2683 5890 ἐστιν
2719 5836 3025 5907 ἐπιχειρεῖν
3053 5834 3282 5906 ἀμύνειν
3313 5832 3388 5904 τῷ
3414 5830 3620 5897 ἐκείνης
3643 5821 3724 5874 λό’
