4000 6430
307 375 407 438 ειν

1705 356 1992 419 ORATIO
2022 356 2150 418 VII.

3481 357 3584 419 550

308 503 412 558 τῳ.
454 485 711 546 Ἑκείνοις
763 456 870 549 γᾶρ
929 479 1225 551 βοηθητέον
1277 478 1409 548 ἡμῖν
1461 474 1630 538 ἔστιν,
1683 471 1776 534 οὒς
1827 470 1891 522 ἄν

2004 465 2336 534 blasphemia
2364 473 2465 528 est,
2489 467 2790 524 orationem
2820 468 2938 537 ejus
2970 469 3105 524 tueri
3139 468 3292 525 velle.
3311 468 3580 526 Nimirum

308 579 575 647 γνοίημεν
598 575 890 645 δεομένους
927 575 1024 642 τῆς
1053 572 1183 642 παρ’
1213 571 1374 640 ἡμῶν
1422 565 1764 636 συμμαχίας.
1805 563 1891 613 ὲ)-

307 669 482 731 λιπῶς
516 669 638 722 καθ’
661 667 838 720 ὁτιοῦν
861 666 1080 737 ἔχοντας
1104 665 1239 735 πρός
1267 681 1328 731 γε
1357 661 1416 716 τὸ
1462 660 1644 728 σφίσιν
1707 657 1892 718 αὐτοῖς

309 763 592 830 ἐπαρκεῖν.
630 759 750 828 Θεῷ
783 759 837 811 δὲ
864 761 946 821 τίς
976 757 1251 821 ἀσθένεια,
1311 754 1385 816 ὡς
1412 750 1618 805 δεῖσθαί
1653 766 1756 802 που
1789 747 1889 816 τῆς

308 855 442 924 παρ’
473 852 628 922 ἡμῶν
661 851 916 922 βοηθείας
945 867 960 915 ;
1018 848 1179 902 Ἀλλὰ
1207 848 1314 917 γᾶρ
1347 846 1442 900 καὶ
1482 843 1640 896 τοῦτο
1689 839 1893 907 παρέ).-

309 962 410 999 κον
440 940 617 1012 οἶμαι,
642 943 701 996 τὺ
736 942 832 996 καὶ
868 945 978 1004 τοῖς
1013 941 1215 1008 ὀλίγοις
1255 938 1464 1000 τούτοις
1495 933 1727 986 ἐνταῦθα
1752 931 1890 1002 χρή-

312 1031 506 1086 σασθαι
533 1033 738 1098 λόγοις.
762 1030 859 1092 Τίς
890 1029 997 1098 γὰρ
1024 1029 1122 1080 οὐκ
1160 1021 1323 1087 οἶδεν,
1357 1026 1432 1087 ὡς
1461 1025 1510 1076 εἰ
1537 1022 1634 1092 μὲν
1675 1019 1888 1090 ἀνθρώ-

308 1142 484 1189 πινον,
514 1123 574 1176 οὐ
601 1123 764 1176 καλόν
795 1139 811 1189 ;
847 1123 894 1174 εί
932 1121 986 1172 δὲ
1031 1120 1186 1182 Θεοῦ,
1241 1117 1332 1172 καὶ
1364 1116 1564 1180 καλόν;
1625 1112 1782 1180 Λέγω
1832 1110 1889 1163 δὲ

309 1213 648 1286 ἀνθρώπινον
680 1215 778 1284 μὲν
821 1213 880 1265 τὸ
925 1210 1022 1279 τῆς
1053 1210 1146 1264 τοῦ
1179 1209 1314 1264 Θεοῦ
1348 1207 1521 1279 ῥοπῆς
1573 1204 1888 1260 παντάπασι

307 1308 461 1377 ψιλὸν
490 1307 735 1360 ὀνοθεοῦ
761 1306 818 1359 δὲ
850 1305 947 1374 τὴν
981 1304 1192 1357 ἐκείνου
1238 1300 1376 1372 πρὸς
1434 1301 1580 1370 ἡμᾶς
1621 1295 1889 1350 εὐδοκίαν.

309 1401 384 1453 Τὸ
407 1400 511 1469 γὰρ
538 1396 1042 1467 ἐγκαταλελεῖφθαι,
1082 1395 1175 1447 καὶ
1216 1393 1313 1460 τῆς
1367 1392 1534 1461 ὀργῆς
1566 1385 1732 1442 αὑτοῦ
1775 1405 1894 1440 πει-

309 1492 558 1560 ραθῆναι,
591 1492 883 1560 ἡμέτερον.
907 1490 1040 1542 Οὐδὲ
1073 1490 1180 1557 γὰρ
1221 1487 1383 1558 ἔργον
1419 1484 1574 1538 Θεοῦ.
1620 1483 1890 1548 Ἐκεῖνος

307 1584 419 1654 γὰρ
441 1583 804 1651 ἀπείραστός
828 1582 959 1635 ἐστι
989 1579 1214 1644 κακῶν,
1256 1576 1512 1646 πειράζει
1542 1576 1612 1629 δὲ
1649 1575 1892 1640 οὐδένα,

309 1678 456 1733 κατὰ
483 1676 570 1728 τὸν
587 1673 956 1742 Ἀδελφόθεον.
980 1674 1144 1726 Ὥστε
1173 1672 1231 1726 τὸ
1257 1673 1437 1734 καλῶς
1456 1672 1629 1724 ποιεῖν
1653 1668 1893 1739 ἀτεχνῶς

309 1773 464 1842 παρὰ
503 1768 638 1824 Θεοῦ
671 1769 786 1830 τοῖς
807 1765 1138 1836 ἀνθρώποις,
1173 1764 1234 1842 ab
1263 1764 1321 1817 δὲ
1352 1765 1536 1822 κακῶς
1583 1763 1642 1829 ἐξ
1685 1760 1894 1831 ἀνθρώ-

1999 557 2076 611 illi
2107 558 2265 612 nobis
2300 558 2622 614 defendendi
2658 571 2810 625 sunt,
2842 578 2975 631 quos
3031 563 3384 632 intelligimus
3449 566 3586 619 indi-

1999 667 2124 722 gere
2155 662 2340 708 nostro
2367 655 2594 720 auxilio,
2614 657 2825 712 viribus
2867 658 3044 725 aliqua
3075 669 3223 726 parte
3242 661 3582 724 deficientes,
3635 680 3653 710 ι

1998 764 2105 818 quo
2142 749 2320 804 minus
2347 763 2502 817 opem
2541 749 2641 818 ipsi
2665 751 2764 804 sibi
2802 750 2945 804 ferre
2973 752 3203 819 possint.
3259 754 3327 806 At
3370 753 3421 806 in
3469 754 3580 809 Deo

1999 857 2246 910 quaenam
2276 854 2359 897 est
2392 843 2764 910 imbecillitas,
2803 855 3000 900 nostrae
3047 857 3104 899 nt
3132 847 3247 915 opis
3303 847 3584 916 indigeat?

1999 934 2299 988 Enimvero
2362 951 2826 1004 supervacaneum
2859 947 2912 992 et
2945 937 3074 990 illud
3121 938 3381 1003 arbitror,
3436 942 3580 1006 quod

1997 1026 2163 1078 etiam
2228 1029 2513 1096 perpauvis
2545 1028 2695 1082 hisce
2728 1029 2908 1082 verbis
2951 1030 3051 1082 hoc
3092 1028 3210 1084 loco
3237 1030 3410 1085 sitnus
3472 1035 3581 1086 usi.

1997 1117 2133 1184 Quis
2161 1120 2305 1172 enim
2340 1121 2577 1190 ignorat,
2615 1121 2659 1175 si
2692 1121 2820 1191 quid
2860 1121 3176 1175 humanum.
3209 1125 3300 1187 sit,
3325 1138 3430 1175 non
3461 1138 3584 1177 esse

2001 1213 2349 1266 bonumisin
2395 1214 2512 1278 Dei,
2570 1213 2770 1268 bonum
2825 1214 2982 1268 esse?
3036 1213 3348 1267 Humanum
3400 1227 3585 1270 autem

1998 1304 2050 1358 id
2082 1305 2313 1374 appello,
2351 1307 2491 1374 quod
2520 1307 2722 1360 auxilio
2775 1306 2868 1360 Dei
2908 1308 3067 1376 plane
3097 1305 3417 1361 destituitur
3453 1323 3467 1362 :
3507 1309 3588 1360 di-

1997 1397 2186 1449 vinum
2221 1411 2368 1460 vero,
2403 1397 2576 1466 ipsius
2609 1411 2733 1466 erga
2771 1413 2868 1450 nos
2901 1397 3348 1466 propensionem.
3376 1399 3585 1466 Quippe

2001 1490 2200 1554 deseri,
2235 1501 2392 1558 atque
2423 1492 2556 1542 iram
2621 1490 2794 1558 ipsius
2857 1492 3115 1555 experiri,
3171 1501 3416 1544 nostrum
3475 1503 3584 1546 est.

1999 1578 2198 1649 Nequit
2218 1581 2362 1634 enim
2394 1580 2486 1636 Dei
2515 1580 2616 1635 hec
2640 1597 2776 1650 opus
2807 1596 2953 1636 esse.
2984 1581 3116 1635 Nam
3148 1583 3288 1635 Deus
3314 1583 3581 1636 malorum

1999 1689 2195 1742 expers
2253 1685 2358 1736 est,
2424 1683 2480 1728 ct
2531 1673 2805 1728 neminem
2871 1681 3065 1738 teutat,
3120 1674 3579 1743 quemadmodum

2003 1766 2170 1820 frater
2199 1765 2286 1819 ille
2323 1765 2526 1822 Chriin
2577 1766 2842 1834 loquitur.
2881 1764 3034 1820 Unde
3072 1766 3366 1837 co‘ligitur,
3420 1781 3583 1834 opera

309 1840 455 1927 πων,
493 1861 705 1931 καὶτῆς
729 1856 1104 1928 προαιρέσεως
1139 1840 1330 1926 μόνης.
1384 1855 1494 1908 Καὶ
1525 1853 1572 1906 εἰ
1604 1851 1892 1906 κάλλιστόν

2004 1857 2141 1911 bona
2168 1855 2334 1908 dubio
2369 1854 2554 1924 procul
2585 1854 2638 1908 in
2672 1855 2987 1909 hominibus
3019 1870 3047 1908 a
3081 1855 3190 1908 Deo
3259 1852 3533 1922 proficisci
3566 1868 3579 1905 :

307 1955 507 2011 ἑστιτδ
536 1953 628 2006 ἐπὶ
677 1953 796 2014 ταῖς
848 1949 1081 2018 ἀγαθαῖς
1137 1949 1371 2019 πράξεσι
1421 1947 1890 2016 ταπεινοφρονεῖν,

308 2047 501 2116 σαφῶς
539 2045 632 2098 καὶ
653 2043 798 2098 τοῦθ’
828 2044 961 2114 ἡμῖν
991 2041 1169 2111 πολλῷ
1228 2057 1292 2110 γε
1334 2040 1555 2111 μᾶλλον,
1594 2039 1669 2103 ὡς
1722 2038 1781 2092 δν
1833 2055 1893 2107 γε

314 2139 436 2211 μεθ’
485 2137 790 2208 ὑπερϐολῆς
844 2135 1071 2204 ἀγαθόν.
1127 2135 1235 2187 Καὶ
1298 2134 1421 2188 ἐπεὶ
1445 2134 1601 2187 ταυτὶ
1650 2131 1896 2198 ξυνδοκεῖ

307 2229 454 2293 (πῶς
480 2229 586 2300 γὰρ
619 2227 680 2282 οῦ
715 2227 780 2299 ;),
809 2228 869 2282 οὐ
900 2228 980 2281 δεῖ
1007 2226 1098 2280 τὸν
1128 2225 1503 2294 κατορθοῦντα
1539 2224 1889 2296 ἐπαίρεσθαι.

313 2323 381 2376 Et
438 2323 547 2392 γὰρ
595 2321 863 2392 ἐφ’ήμῶν
895 2323 1000 2374 τῶν
1045 2317 1347 2390 ἀνθρώπων
1393 2320 1570 2381 οὐδεὶς
1630 2318 1698 2372 ἂν
1753 2320 1895 2389 μέγα

319 2415 446 2470 ποτὲ
473 2415 792 2485 φρονήσειεν
822 2413 1246 2483 ἀριστεύσαντος
1278 2413 1466 2482 ἑτέρου
1497 2412 1722 2481 (πόθενς
1769 2411 1897 2464 πολ-

307 2506 409 2560 λοῦ
447 2523 508 2574 γε
529 2507 624 2561 καὶ
650 2505 775 2577 δεῖ),
803 2506 921 2568 πῶς
959 2505 1025 2560 ἂν
1071 2504 1156 2574 εἴη
1189 2505 1397 2558 δίκαιον
1429 2504 1894 2573 ὑψηλοφρονῆσαι,

311 2599 410 2654 τοῦ
445 2599 576 2653 Θεοῦ
599 2597 1027 2669 κατωρθωκότος
1068 2597 1134 2650 δι’
1186 2595 1344 2668 ἡμῶν
1375 2596 1438 2650 τὸ
1492 2595 1633 2666 ὑπὲρ
1695 2594 1894 2665 ἡμῶνς

320 2691 472 2746 Ἀλλ’
500 2693 616 2762 ἐρεῖ
642 2708 726 2756 τις
753 2691 891 2756 ¹ἴσως
923 2693 1179 2762 αρπάσας
1212 2691 1294 2756 τδ,
1328 2689 1404 2742 Δι’
1439 2688 1620 2760 ἡμῶν,
1661 2689 1736 2752 ὡς
1789 2688 1897 2756 ἄρα

310 2801 372 2838 τι
400 2785 493 2837 καὶ
523 2785 584 2836 τὸ
630 2783 897 2854 ἡμέτερον
947 2783 1312 2854 συνεισφέρει.
1375 2783 1729 2852 Συνεισφέρει
1776 2781 1894 2850 μὲν,

308 2873 362 2934 ὦ
387 2879 503 2943 τᾶν,
531 2877 722 2931 Οὐδὲν
751 2876 806 2928 δὲ
830 2874 1014 2945 ἔχεις,
1047 2875 1235 2944 φησὶν,
1274 2873 1305 2927 ὃ
1353 2877 1464 2928 οὐκ
1518 2873 1754 2939 ἔλαϐες.
1820 2871 1896 2924 Τὰ

312 2975 427 3045 τὰρ
462 2971 658 3026 πάντα
687 2973 755 3025 ἐκ
789 2969 958 3025 Θεοῦ.
997 2971 1103 3036 Καὶ
1125 2969 1309 3032 αὐτός
1328 2969 1503 3022 ἐστιν
1553 2971 1586 3022 ό
1633 2965 1897 3036 ἐνεργῶν

307 3066 388 3119 ἐν
415 3065 559 3133 ἡμῖν
588 3063 683 3118 καὶ
715 3065 779 3118 τὸ
826 3062 1029 3117 θέλειν
1065 3061 1162 3115 καί
1197 3061 1264 3115 τὸ
1295 3061 1567 3131 ἐνεργεῖν
1608 3059 1755 3128 ὑπὲρ
1787 3058 1896 3126 τῆς

2002 1947 2143 2002 mala
2182 1961 2312 2001 vero
2392 1947 2460 2000 ab
2500 1945 2836 2012 hominibus,
2872 1957 2924 2002 et
2958 1946 3267 2001 animorum
3319 1947 3588 1998 duntaxat

1927 2062 1953 2090 -.
2000 2039 2275 2095 instituto.
2305 2038 2384 2094 Ac
2407 2039 2450 2093 si
2485 2039 2912 2108 pulcherrimum
2939 2038 3192 2107 quiddam
3213 2047 3318 2104 est,
3350 2038 3400 2092 in
3431 2052 3589 2108 egre-

1998 2133 2100 2203 giis
2129 2131 2286 2188 factis
2311 2133 2593 2186 lntmiliter
2629 2147 2750 2186 sese
2781 2147 3014 2202 gerere:
3043 2147 3147 2183 non
3185 2130 3410 2185 dubium
3474 2141 3580 2193 est,

1999 2225 2105 2281 hoc
2136 2227 2314 2295 ipsum
2343 2239 2557 2296 quoque
2604 2224 2760 2279 nobis
2790 2240 2817 2276 a
2843 2223 2954 2278 Deo
2982 2223 3151 2277 multo
3184 2223 3355 2293 magis
3390 2238 3587 2278 conce-

1999 2321 2074 2383 di,
2113 2334 2234 2373 cum
2271 2318 2530 2371 eximium
2577 2319 2778 2372 bonum
2810 2315 2901 2371 sit.
2934 2315 3112 2385 Atque
3142 2317 3226 2370 his
3264 2317 3580 2370 necessario

1998 2428 2121 2467 cmn
2152 2411 2404 2466 assentiri
2429 2425 2712 2474 cogamur,
2739 2410 2834 2478 qui
2871 2405 3275 2478 res'prteclaras
3303 2410 3436 2476 agit,
3470 2408 3590 2462 ani-

2002 2521 2089 2559 mo
2121 2521 2226 2560 non
2257 2504 2417 2559 debet
2453 2504 2658 2560 efferri.
2711 2501 2845 2556 Nam
2875 2501 2921 2557 si
2971 2515 3074 2556 nos
3139 2503 3281 2557 inter
3335 2500 3586 2554 homines

2002 2599 2184 2652 nullus
2214 2613 2452 2668 unquam
2483 2605 2778 2664 pmpterea
2820 2594 3106 2662 magnifice
3139 2594 3204 2647 de
3236 2609 3296 2649 se
3333 2589 3588 2652 senserit,

2001 2692 2146 2760 quod
2175 2692 2316 2744 alius
2350 2690 2568 2760 egregie
2595 2704 2653 2744 se
2679 2689 2854 2758 gessit
2908 2688 3038 2758 (quo
3081 2689 3223 2741 enim
3255 2686 3376 2756 jure
3403 2687 3424 2739 ?
3465 2687 3587 2739 nul-

2001 2780 2053 2835 lo
2085 2783 2256 2848 certe)
2284 2801 2297 2848 ;
2330 2783 2552 2852 quinam
2588 2782 2754 2836 fuerit
2805 2796 3020 2850 acquum
3051 2779 3301 2835 sublimia
3357 2793 3458 2832 nos
3521 2779 3588 2832 de

2002 2875 2276 2930 nobismet
2303 2875 2530 2938 sentire,
2562 2891 2686 2930 cum
2745 2873 2891 2930 Deus
2938 2889 3035 2944 per
3101 2889 3200 2928 nos
3250 2873 3385 2928 utile
3435 2873 3590 2926 nobis

2001 2985 2136 3037 opus
2159 2968 2369 3024 edicit?
2425 2967 2530 3024 Sed
2559 2970 2705 3023 dicet
2773 2967 3008 3022 fortasse
3064 2968 3362 3038 quispiam,
3424 2977 3587 3036 rapto

2001 3061 2098 3118 illo
2138 3063 2306 3117 verbo
2333 3073 2542 3123 nostro,
2589 3061 2693 3116 Per
2757 3077 2896 3126 nos;
2947 3061 3051 3114 hoc
3112 3061 3291 3128 ipsum
3355 3060 3586 3123 scilicet,

311 3158 617 3224 εὐδοκίας.
653 3159 782 3223 Καὶ,
828 3157 931 3211 Ἐν
960 3155 1121 3222 αὐτῷ
1147 3154 1242 3209 καὶ
1280 3151 1485 3222 (roger,
1541 3152 1641 3206 καί
1691 3153 1891 3205 κινού-

2004 3156 2169 3210 etiam
2209 3166 2450 3210 nostrum
2483 3156 2690 3226 aliquid
2730 3170 2916 3211 secum
2948 3155 3180 3211 inferre.
3251 3156 3397 3210 Sane
3458 3171 3590 3210 vero

307 3254 488 3322 μεθα,
536 3249 633 3304 καὶ
657 3248 868 3318 ἐσμέν.
900 3249 1006 3300 Καὶ
1040 3248 1175 3309 ὅλως
1207 3246 1266 3300 αῖ
1296 3264 1353 3299 τε
1375 3244 1568 3313 ψυχαὶ,
1597 3242 1664 3296 τά
1702 3259 1760 3294 τε
1794 3243 1896 3294 σώ-

311 3361 486 3414 ματα,
517 3345 607 3396 καὶ
636 3343 694 3394 αἱ
731 3341 873 3396 κατὰ
909 3340 1041 3395 Θεὸν
1069 3340 1315 3410 πράξεις,
1338 3339 1432 3392 καὶ
1465 3339 1599 3406 ὅπερ
1639 3337 1703 3389 ἂν
1738 3335 1900 3406 μετέ-

314 3453 411 3505 χον
434 3433 518 3506 εἴη
542 3433 780 3506 χρηστοῦ
813 3451 978 3500 τινος,
1029 3433 1328 3503 ορδαμόθεν
1366 3431 1628 3500 ἀτεχνῶς,
1671 3431 1705 3500 ἦ
1750 3430 1900 3501 παρὰ

313 3525 452 3580 Θεοῦ
493 3529 604 3588 τοῖς
639 3525 974 3596 ἀνθρώποις.
1019 3525 1186 3577 Ὥστε
1218 3525 1316 3578 καὶ
1377 3524 1438 3576 τὸ
1473 3522 1900 3601 συνεισφερόμε-

314 3638 429 3686 νον,
468 3619 562 3674 καὶ
589 3619 722 3673 αὐτὸ
746 3618 806 3670 τὸ
841 3619 1274 3686 συνεισενεγκεῖν
1306 3617 1730 3687 προθυμεῖσθαι,
1781 3614 1900 3667 θεό-

315 3712 410 3766 θεν
435 3713 589 3782 ἠμῖν.
622 3711 732 3765 Καὶ
760 3710 840 3764 δεῖ
888 3727 952 3779 γε
1005 3709 1144 3780 ὑπὲρ
1204 3709 1412 3762 τούτων
1462 3709 1660 3763 εἰδέναι
1715 3708 1897 3778 χάριν,

308 3807 439 3876 οὐχὶ
465 3805 881 3876 ὑψηλοφρονεῖν.
916 3805 1025 3858 Καὶ
1049 3804 1101 3858 τί
1142 3803 1312 3857 ταῦτα
1370 3803 1544 3873 λέγω;
1596 3805 1730 3856 ὅπου
1799 3803 1890 3854 καὶ

312 3897 411 3952 τοῦ
444 3899 531 3951 διὰ
556 3896 855 3968 μαρτυρίου
886 3896 1120 3950 θανάτου
1148 3897 1241 3949 τὸν
1267 3895 1400 3949 Θεὸν
1425 3896 1695 3949 αἰτιατέον
1755 3894 1897 3957 ἐστὶ,

313 3987 411 4042 καὶ
446 3987 544 4059 τὴν
571 3987 858 4059 μεγίστην,
885 3986 1035 4057 αὐτῷ
1061 3986 1156 4040 καὶ
1175 3987 1316 4056 ὑπὲρ
1351 3985 1543 4038 τούτου
1572 3985 1732 4055 χάριν
1759 3983 1899 4036 εἱδέ-

313 4097 407 4135 ναι
439 4079 750 4149 ὀφείλομεν,
785 4080 838 4134 εί
861 4096 946 4143 τις
977 4079 1221 4149 ἀκριϐῶς
1275 4079 1596 4147 σκοπήσειε,
1645 4079 1738 4132 καὶ
1797 4078 1898 4129 οὒκ

312 4176 528 4246 οἰητέον
556 4175 746 4228 τούτου
769 4174 930 4244 χάριν
957 4173 1120 4227 αὐτὸν
1148 4173 1429 4242 ὀφειλέτην
1473 4173 1602 4241 ἡμῖν
1632 4170 1896 4224 καθιστά-

313 4287 428 4324 ναι.
459 4268 544 4322 Τὰ
569 4268 676 4338 γὰρ
711 4268 886 4321 πάντα
926 4266 988 4318 ὲκ
1022 4265 1182 4330 Θεοῦ,
1216 4263 1398 4326 καθὼς
1425 4264 1474 4316 οἱ
1508 4262 1744 4333 πρόσθεν
1769 4263 1900 4332 ἡμῖν

315 4363 509 4432 σαφῶς
543 4360 828 4426 ἀπέδειξαν
860 4360 1032 4428 λόγοι.
1063 4359 1127 4412 Εἰ
1159 4359 1264 4428 γὰρ
1299 4357 1376 4428 τῷ
1405 4358 1597 4428 ῥήτορι
1634 4357 1785 4411 δοκεῖ
1823 4352 1902 4408 εἷ-

315 4475 403 4511 ναι
427 4455 534 4509 τῶν
559 4453 772 4523 φύντων
798 4453 972 4506 αίτιον
1001 4450 1094 4503 τὸν
1142 4449 1494 4521 παρασχόντα
1547 4449 1612 4503 τὸ
1649 4450 1894 4518 σπέρμα,

2003 3250 2074 3303 ita
2101 3259 2206 3315 εει,
2239 3263 2270 3302 0
2305 3248 2466 3303 bone.
2531 3247 2636 3303 Sed
2699 3249 2774 3303 nil
2810 3250 2988 3313 habes,
3054 3249 3230 3319 inquit
3275 3250 3587 3318 Apostolus,

2001 3344 2282 3413 quodnon
2346 3343 2618 3411 accepisti.
2642 3341 2725 3395 Ex
2765 3342 3117 3412 Deouumqne
3171 3344 3372 3396 omnia.
3448 3342 3585 3395 Deus

2001 3443 2098 3491 est.
2125 3436 2216 3504 qui
2244 3435 2392 3503 eﬂicit
2419 3435 2471 3486 in
2505 3435 2677 3499 nobis,
2705 3446 2754 3487 et
2785 3445 2842 3488 ut
2877 3436 3115 3497 velimus,
3172 3447 3218 3488 οι
3251 3444 3308 3488 αι
3350 3435 3593 3505 perﬁciu-

2004 3545 2140 3595 mus,
2177 3544 2272 3597 pro
2302 3545 2398 3581 sua
2432 3529 2484 3581 in
2527 3545 2621 3582 nos
2651 3531 3020 3597 propensione.
3059 3527 3192 3582 Item
3230 3545 3244 3581 :
3282 3526 3350 3580 In
3393 3530 3505 3596 ipso
3545 3535 3593 3580 et

2003 3622 2244 3686 vivimus,
2306 3630 2353 3675 et
2391 3637 2678 3683 movemur,
2711 3629 2759 3672 et
2789 3636 2996 3674 sumus.
3047 3618 3127 3672 Ad
3165 3633 3435 3671 summam
3459 3657 3475 3682 ,
3540 3628 3595 3670 ιιι

2003 3717 2242 3778 animos,
2279 3724 2333 3767 et
2361 3728 2615 3780 corpora,
2649 3721 2704 3767 et
2720 3712 2968 3766 actiones
2985 3711 3093 3764 Deo
3121 3719 3324 3778 gratas,
3355 3720 3405 3764 ct
3427 3709 3592 3777 quid-

2004 3806 2134 3876 quid
2175 3806 2298 3860 boni
2322 3806 2594 3873 particeps
2626 3812 2732 3868 est,
2765 3818 3034 3870 nusquam
3070 3802 3292 3856 aliunde
3325 3802 3590 3856 mortales

2002 3899 2208 3954 habent
2269 3912 2429 3965 quam
2462 3912 2490 3950 a
2528 3896 2656 3950 Deo.
2699 3894 3048 3964 Quapropter
3096 3903 3150 3946 et
3181 3895 3327 3961 quod
3378 3909 3409 3946 a
3437 3894 3595 3949 nobis

2004 3993 2310 4055 confertur,
2347 3999 2402 4043 et
2438 3990 2554 4058 ipsa
2586 3986 2861 4056 cupiditas
2909 3987 3258 4052 conferendi,
3330 3987 3594 4044 divinitus

2005 4087 2162 4141 nobis
2194 4083 2534 4138 c0ueeditur.
2571 4081 2819 4146 Quorum
2872 4096 3006 4136 sane
3043 4096 3208 4136 causa
3237 4090 3366 4136 sunt
3390 4081 3594 4136 haben-

2005 4180 2084 4233 tiae
2120 4176 2329 4246 gratiae,
2371 4190 2475 4228 non
2514 4173 2971 4242 superbiendum.
3007 4173 3072 4227 Et
3107 4173 3237 4244 quid
3267 4173 3596 4242 haec-profe—

2008 4287 2067 4324 ro
2115 4271 2134 4322 ?
2163 4267 2379 4338 quando
2400 4267 2566 4320 etiam
2595 4265 2787 4320 mortis
2810 4265 2976 4320 obita:
3007 4265 3060 4318 in
3101 4266 3366 4335 martyrio
3427 4280 3593 4321 causa

2006 4364 2201 4419 referri
2227 4361 2293 4415 ad
2332 4361 2495 4444 Deum
2555 4359 2745 4423 debet,
2797 4359 3162 4428 maximaeque
3215 4358 3290 4412 illi
3332 4358 3598 4416 habendae

2009 4466 2301 4528 propterea
2343 4453 2556 4524 gratiae,
2581 4452 2626 4508 si
2656 4452 2779 4522 quis
2807 4463 3077 4522 accurate
3099 4467 3212 4506 rem
3248 4453 3596 4519 consideret;

316 4554 412 4606 καὶ
439 4553 467 4605 ὁ
493 4551 650 4617 λόγος
683 4543 775 4618 ἦν,
803 4548 862 4600 οὐ
892 4545 1019 4616 περὶ
1045 4545 1202 4610 Θεοῦ,
1228 4545 1363 4598 ἀλλὰ
1391 4545 1522 4616 περὶ
1550 4543 1856 4614 ἀνθρώπων
1884 4559 1897 4574 ·

2012 4566 2114 4605 nec
2142 4548 2346 4603 idcirco
2385 4544 2711 4615 putandum,
2745 4552 2938 4598 nostro
2966 4543 3018 4596 in
3055 4559 3162 4597 πει-ε
3220 4542 3388 4597 Deum
3447 4560 3594 4601 esse.

315 4646 438 4707 πῶς
459 4643 579 4713 οὐχὶ
614 4640 722 4695 τῶν
757 4642 813 4694 ὲν
835 4643 967 4709 ἡμῖν
992 4638 1216 4707 ἀγαθῶν
1239 4639 1458 4692 πάντων
1511 4636 1603 4692 τὸν
1636 4634 1773 4690 Θεὸν
1819 4637 1900 4690 αἰ-

315 4737 573 4800 τιατέονς
615 4735 746 4787 δντα
783 4731 882 4802 μὲν
907 4729 1262 4800 δημιουργὸν,
1323 4730 1453 4782 δντα
1510 4727 1568 4782 δὲ
1604 4727 1899 4798 κηδεμόνα,

317 4829 414 4882 καὶ
452 4826 678 4897 ταμίαν,
706 4825 801 4878 καὶ
827 4822 1032 4893 δοτῆρα
1063 4823 1279 4874 πάντων
1313 4820 1438 4889 ἑξῆς
1475 4819 1582 4873 τῶν
1618 4820 1698 4883 εἰς
1752 4820 1901 4890 ἡμᾶς

319 4921 409 4976 ἀεὶ
437 4915 841 4988 γινομένων.υύ
880 4917 987 4986 μὴν
1017 4913 1131 4967 ἀλλ’
1173 4913 1229 4966 ἓν
1256 4930 1315 4981 γε
1347 4913 1428 4964 ἔτι
1469 4911 1717 4967 λείπεται
1750 4912 1905 4981 βέλος

318 5012 432 5074 τοῖς
479 5006 864 5079 ὑπερηφανίαν
917 5004 1176 5058 νοσοῦσι·
1228 5005 1320 5058 καὶ
1367 5003 1524 5057 τοῦτό
1556 5021 1620 5071 γε
1670 5003 1904 5056 ὕστατον

329 5104 422 5172 μὲν
461 5082 790 5173 (κεκένωται
814 5100 922 5170 γὰρ
953 5098 1134 5159 αὐτοῖς
1166 5098 1200 5166 ἡ
1232 5096 1502 5166 φαρέτρα)
1534 5090 1645 5150 οἷον
1676 5095 1731 5148 δὲ
1763 5111 1906 5165 παρ-

325 5193 468 5262 έχειν
517 5189 780 5254 ἐλπίζειν,
815 5188 891 5252 ὡς
925 5187 1034 5258 ἄρα
1091 5186 1352 5256 τρώσειεν
1411 5187 1632 5254 ἀφεθὲν.
1691 5186 1940 5263 υὺκοῦν-

321 5285 424 5338 κᾶν
473 5281 633 5336 τοῦτο
692 5284 804 5345 τοῖς
851 5279 1210 5351 προλαϐοῦσιν
1282 5278 1690 5347 ἀκολουθῆσαν,
1739 5280 1904 5352 μηδὲν

326 5373 554 5446 ἰσχῦσαν
602 5375 768 5443 φανῇ,
819 5371 934 5427 ἀλλ’
984 5373 1266 5442 ἄπρακτον
1310 5371 1562 5442 ἐξενεχθῇ
1614 5375 1728 5436 τοῖς
1782 5373 1905 5426 καθ’

321 5466 482 5536 ἡμῶν
541 5466 798 5532 ἀφιεῖσιν,
839 5463 925 5534 εἴη
969 5463 1036 5518 ἂν
1075 5465 1104 5516 ὀ
1161 5465 1316 5530 λόγος
1366 5459 1522 5526 οὗτος
1556 5466 1739 5530 καλῶς
1770 5468 1906 5536 ἡμῖν

318 5573 577 5626 συμπεπε
590 5557 879 5626 ρασμένος.
918 5556 1027 5608 Καὶ
1057 5555 1120 5626 δὴ
1147 5555 1209 5608 τὸ
1234 5554 1386 5625 βέλος
1433 5558 1685 5622 ἐκείνοις,
1713 5557 1774 5611 τὸ
1805 5559 1907 5625 φά-

317 5664 474 5702 σκειν
517 5640 675 5717 οἶμαι
725 5646 924 5711 τοιάδε,
966 5646 1046 5699 ὅτι
1099 5649 1167 5700 τὰ
1219 5651 1316 5717 μὲν
1367 5649 1676 5718 ἀνθρώποις
1730 5650 1906 5721 ἐξειρ-

315 5740 593 5810 γασμένα,
630 5741 677 5792 εί
740 5740 840 5808 μὲν
888 5739 1160 5810 παραθείη
1220 5757 1304 5804 τις
1350 5742 1470 5804 ταῖς
1515 5742 1621 5795 ἀπὸ
1649 5742 1742 5796 τοῦ
1769 5743 1905 5797 Θεοῦ

317 5831 562 5904 χάρισιν,
602 5829 751 5886 οὐδὲν
805 5829 932 5884 ὅντα
971 5830 1212 5902 εὑρήσει.
1251 5829 1454 5894 Ἄλλως
1501 5831 1630 5904 γὰρ,
1682 5831 1780 5886 οὐκ
1841 5831 1906 5892 ἂν

2011 4641 2146 4696 Nam
2178 4657 2209 4697 2.
2254 4641 2364 4693 Deo
2394 4638 2821 4708 proficiscuntur
2872 4635 3082 4700 omnia,
3128 4637 3592 4703 quemadmodum

2014 4735 2246 4789 antehac
2273 4733 2418 4786 clare
2442 4729 2816 4801 probavimus.
2845 4727 3057 4796 Quippe
3077 4731 3123 4780 si
3151 4728 3357 4782 oratori
3379 4731 3598 4786 videtur

2013 4841 2224 4890 eorum,
2261 4842 2379 4894 qua:
2403 4833 2533 4878 nata
2559 4823 2689 4882 sim,
2721 4818 2788 4874 ad
2844 4820 2994 4873 illum
3061 4822 3349 4876 referenda
3404 4838 3594 4891 causa,

2013 4919 2104 4986 qui
2138 4932 2322 4973 semen
2355 4917 2740 4986 suppeditat-it,
2773 4914 2865 4966 uhi
2922 4913 3141 4982 quidem
3177 4929 3286 4968 non
3347 4916 3414 4970 de
3463 4918 3597 4985 Deo,

2014 5011 2107 5066 sed
2143 5010 2457 5064 hominibus
2489 5009 2728 5077 loquitur
2761 5027 2773 5060 :
2811 5023 2921 5076 quo
2977 5017 3137 5076 pacto
3194 5023 3300 5060 non
3345 5009 3597 5064 omnium

2015 5102 2359 5156 bonorumin
2395 5102 2555 5155 nobis
2580 5101 2724 5154 Deus
2753 5111 2949 5154 auctor
3011 5097 3346 5154 habendus?
3398 5102 3490 5170 qui
3546 5113 3602 5158 et

2014 5194 2195 5264 opifex
2247 5205 2433 5248 noster
2472 5206 2585 5256 est,
2643 5203 2698 5247 et
2761 5207 2949 5246 curam
3006 5195 3178 5246 nostri
3246 5196 3412 5263 gerit,
3471 5211 3604 5266 sup«

2015 5286 2223 5356 peditat
2249 5297 2412 5353 atque
2444 5286 2677 5351 largitur
2704 5285 2912 5348 omnia,
2950 5300 3291 5355 quascunque
3321 5299 3596 5357 perpetuo

2016 5379 2175 5434 nobis
2215 5377 2877 5435 obveniunt.:Enimvero
2901 5379 3066 5432 telum
3103 5379 3282 5434 adhuc
3313 5396 3478 5436 unum
3514 5398 3602 5436 ro-

2015 5478 2126 5523 stat
2193 5470 2462 5537 superbiae
2540 5470 2735 5523 morbo
2795 5468 3201 5534 laborantibus,
3273 5479 3330 5524 et
3389 5483 3604 5540 postre-

2018 5577 2166 5616 mum
2191 5561 2246 5615 id
2280 5560 2502 5629 quidem
2540 5562 2689 5631 (nam
2725 5561 2994 5615 exhausta
3031 5561 3276 5628 ipsorqu
3319 5571 3403 5617 est
3467 5564 3605 5638 pha-

2019 5652 2212 5720 relra),
2250 5657 2394 5722 quod
2424 5663 2605 5706 tamen
2641 5667 2794 5722 spem
2831 5653 3080 5723 aliquam
3122 5655 3382 5723 prabeat,
3441 5657 3600 5722 quasi

2017 5747 2213 5800 Vulnus
2238 5746 2310 5800 sit
2342 5748 2700 5812 indictorum,
2733 5747 2777 5801 si
2804 5749 3115 5804 emittatur.
3149 5746 3338 5816 Itaque
3390 5749 3436 5801 si
3498 5751 3600 5803 hoc

2017 5835 2181 5894 etiam
2215 5848 2464 5894 secutum
2489 5838 2879 5910 praecedentia,
2941 5838 3115 5894 nullas
3157 5838 3413 5893 habuisse
3465 5845 3609 5896 vires
