4000 6480
479 424 586 492 551

1684 417 2086 483 MANUELIS
2129 415 2584 480 PALAEOLOGI

3627 425 3723 491 55').

479 537 856 612 paruerit,sed
894 535 1109 591 irritum
1144 534 1406 592 ceciderit
1437 536 1522 602 iis,
1554 550 1582 591 a
1619 538 1816 606 quibus
1855 536 1907 589 in
1954 547 2053 590 nos

2165 526 2315 603 ἦσαν,
2347 531 2374 585 ὅ
2405 548 2469 600 γε
2517 527 2830 596 καλοῦνται,
2864 529 3107 602 χάριτες.
3141 531 3198 584 Εἰ
3228 531 3282 585 δὲ
3313 530 3380 602 δὴ
3432 533 3578 603 τάμὰ
3600 537 3721 604 πρὸς

480 638 770 702 torquetur
799 646 812 683 :
842 636 987 684 recte
1021 628 1427 683 scilicetoratio
1460 636 1648 683 nostra
1691 627 1952 696 perducta
1983 626 2052 681 ad

480 722 640 775 linem
669 719 795 775 erit.
831 717 1022 772 Telum
1083 727 1264 772 autem
1301 719 1402 771 hoc
1455 717 1700 786 ipsorum
1747 725 1851 781 est,
1908 714 2052 785 quod

480 812 692 876 dicunt,
738 810 782 864 si
825 809 948 876 quis
997 809 1064 863 ab
1109 808 1421 862 hominibus
1477 808 1618 863 facta
1675 822 1800 862 cum
1856 805 2053 861 divinis

477 903 670 973 gratiis
700 900 998 967 conferat;
1055 901 1543 970 deprehensurum,
1594 915 1658 955 ea
1722 897 1860 953 nihil
1911 910 2050 952 esse.

479 995 613 1049 Nam
662 995 999 1062 caeteroquin
1053 1009 1157 1046 non
1208 1003 1414 1056 essent,
1476 993 1617 1061 quod
1686 990 2051 1061 appellantur,

477 1092 668 1162 gratiae
688 1089 918 1144 scilicet.
947 1091 1015 1142 At
1040 1089 1085 1142 si
1117 1103 1234 1141 mea
1258 1104 1381 1142 cum
1413 1086 1658 1150 alterius,
1717 1095 1772 1139 et
1824 1099 1946 1154 qua:
1995 1082 2055 1137 il-

477 1184 582 1238 lius
615 1191 766 1246 sunt,
796 1197 916 1236 cum
955 1181 1060 1235 tuis
1085 1222 1101 1248 ,
1143 1167 1389 1249 adeoque
1429 1191 1616 1233 nostra
1655 1178 1794 1232 inter
1823 1191 1881 1232 se
1909 1191 2057 1232 com-

477 1283 665 1343 parata
699 1272 904 1328 fuerint
949 1289 962 1326 :
996 1288 1274 1343 magnum,
1334 1271 1613 1340 inquiunt,
1663 1270 1959 1324 discrimen
1998 1269 2052 1322 in

479 1367 564 1421 his
607 1369 1027 1436 perspiciemus.
1063 1366 1318 1430 Quaedam
1374 1365 1543 1426 enim,
1592 1363 1659 1418 ad
1700 1363 2050 1431 gehennam;

479 1460 555 1513 uti
604 1475 724 1527 quae
761 1459 898 1513 bona
930 1467 1078 1523 sunt,
1132 1458 1196 1510 ad
1232 1472 1353 1511 eum
1387 1455 1667 1510 deducunt
1726 1455 1899 1509 locum
1938 1471 1952 1520 ;
1998 1454 2051 1507 in

477 1567 587 1621 quo
620 1551 807 1605 lmtitia
843 1550 966 1605 linis
1002 1564 1202 1617 expers
1250 1557 1354 1612 est,
1412 1558 1466 1602 et
1517 1549 1660 1602 circa
1711 1547 2051 1601 Salvatorem

476 1642 678 1696 chorus
711 1640 801 1694 ille
831 1641 1134 1693 beatorum.
1163 1639 1354 1707 Itaque
1399 1637 1514 1692 fieri
1569 1638 1780 1706 nequit,
1817 1647 1874 1691 ut
1907 1636 2057 1705 quid-

477 1747 699 1803 cunque
753 1733 966 1787 tandem
992 1730 1200 1799 fecero,
1230 1731 1366 1785 nihil
1396 1747 1462 1787 ex
1492 1746 1559 1785 eo
1587 1730 1719 1786 mihi
1747 1713 2051 1800 contingat.

477 1826 691 1897 Quippe
726 1828 770 1882 si
809 1825 1009 1880 malum
1037 1840 1320 1896 peregero,
1360 1825 1563 1879 vultum
1597 1825 1662 1878 ad
1726 1834 1926 1879 terram
1958 1825 2054 1878 de-

2156 623 2224 676 τὰ
2263 622 2458 687 δεῖνος,
2496 625 2591 676 καὶ
2617 624 2867 677 τάκείνου
2920 624 3055 693 πρὸς
3097 623 3164 677 τὰ
3194 626 3283 689 σὰ,
3342 626 3439 678 καὶ
3481 626 3611 690 ὅλως
3661 630 3724 684 τὰ

2156 716 2408 785 ἡμέτερα
2443 715 2579 786 πρὸς
2608 717 2814 786 ἄλληλα
2851 716 3195 786 συγκριθείη,
3215 715 3352 769 πολύ
3385 735 3436 770 τι
3466 718 3525 770 τὸ
3554 718 3726 788 διάφοο

2159 824 2248 877 ρον
2287 810 2343 861 ἐν
2369 809 2604 860 τουτοισὶ
2639 808 3014 880 θεωρήσομεν.
3058 809 3210 861 Ἐπεὶ
3249 809 3320 862 τὰ
3352 809 3454 878 μὲν
3479 811 3558 873 είς
3582 813 3727 875 γέενο

2156 915 2272 964 ναν,
2306 899 2372 952 τὰ
2409 899 2465 952 δὲ
2487 900 2824 970 χρηστότερα
2881 891 3036 970 πρὸς
3074 899 3235 953 αὑτὸν
3278 901 3596 964 ἀναϐιϐάζει
3642 905 3725 955 τὸν

2156 989 2355 1060 χῶρον,
2385 991 2441 1043 ἐν
2469 983 2511 1058 ᾧ
2545 991 2836 1062 φαιδρότης
2867 993 3015 1044 ἐστὶν
3038 990 3292 1061 ἄληκτος,
3324 993 3420 1044 καὶ
3456 993 3727 1062 μακαρίων

2152 1083 2318 1153 ιχορὺς
2340 1084 2468 1151 περὶ
2492 1083 2584 1136 τὸν
2618 1084 2867 1154 Σωτῆρα.
2923 1085 2998 1138 Οὐ
3033 1085 3210 1138 τοίνυν
3237 1083 3350 1138 τῶν
3381 1084 3726 1154 ἐνδεχομένων

2156 1175 2324 1240 ἐστὶν,
2364 1177 2542 1229 ὁτιοῦν
2578 1193 2644 1244 με
2679 1177 3073 1247 ἐργασάμενον,
3129 1176 3248 1246 μηδ’
3301 1175 3484 1230 ὁτιοῦν
3514 1194 3575 1246 γε
3606 1179 3728 1248 πρὸς

2157 1267 2369 1321 ἐκείνου
2403 1268 2614 1323 παθεῖν.
2659 1265 2720 1322 El
2746 1269 2855 1338 γὰρ
2880 1270 3068 1332 κακὸν,
3112 1268 3274 1338 κύψω
3322 1270 3461 1339 πρὸς
3502 1271 3636 1339 γῆν
3687 1275 3729 1324 εἰ

2155 1359 2212 1414 δὲ
2235 1361 2420 1428 καλὸν,
2455 1361 2844 1432 ὑψωθή-σομαι.
2863 1361 3084 1432 Ἐπειδὴ
3130 1363 3240 1430 γὰρ
3266 1362 3470 1424 πάντες
3493 1362 3653 1432 ἐσμὲν
3680 1365 3730 1429 ἐξ

2156 1456 2274 1518 ἐνὸς
2306 1455 2649 1524 φυράματος,
2692 1457 2834 1525 χειρὶ
2865 1457 2965 1524 μιᾷ
2997 1457 3062 1525 τῇ
3093 1453 3188 1507 τοῦ
3235 1453 3376 1507 Θεοῦ
3440 1455 3732 1524 πεπλασμέο

2155 1564 2235 1599 νοι
2270 1547 2403 1616 πρὸς
2427 1547 2484 1600 ἐν
2511 1563 2564 1599 τι
2592 1545 2731 1610 εἶδος
2762 1563 2777 1578 ·
2833 1544 2934 1600 εἶθ’
2984 1548 3032 1600 οἱ
3085 1549 3184 1618 μὲν
3237 1547 3457 1600 ἐοίκασι
3503 1549 3726 1613 πτηνοῖς,

2155 1641 2252 1693 καὶ
2305 1640 2579 1694 πολιτείαν
2633 1641 2932 1710 ἀγγελικὴν
2981 1640 3415 1707 ἐπιδείκνυνται,
3443 1643 3492 1694 oi
3518 1641 3572 1694 δέ
3605 1642 3730 1711 μετὰ

2155 1732 2262 1784 τῶν
2280 1733 2458 1801 ὄφεων
2484 1733 2738 1803 ἓρπουσι,
2791 1735 2885 1790 καὶ
2923 1734 3415 1804 ὑπερακοντίζουσι
3438 1735 3537 1805 τὴν
3564 1737 3728 1788 αὐτῶν

2157 1825 2294 1894 πρὸς
2333 1825 2457 1888 τοὺς
2489 1826 2811 1896 ἀνθρώπους
2837 1827 3037 1896 μανίαν
3075 1843 3092 1860 ο
3143 1828 3275 1881 ὅταν
3333 1827 3509 1880 ταῦτα
3557 1828 3730 1880 τοῦτον

479 1921 688 1974 mittam
723 1936 736 1973 :
771 1920 854 1974 sin
890 1918 1016 1973 boni
1056 1918 1358 1988 quidpiam,
1409 1917 1592 1971 animo
1624 1916 1842 1974 cﬂ‘erar.
1898 1915 2046 1982 Quo-

2165 1916 2248 1988 ἔχῃ
2271 1917 2362 1971 τὸν
2399 1920 2619 1989 τρεπον,
2655 1921 2748 1972 καὶ
2777 1919 2827 1972 οἱ
2873 1920 2972 1990 μὲν
3000 1913 3104 1974 ὦσι
3137 1924 3324 1982 κακοὶ,
3349 1921 3402 1973 οί
3434 1919 3490 1972 δὲ
3518 1920 3613 1987 τὴν
3656 1922 3731 1972 ἐν·

478 2015 622 2069 niam
649 2014 790 2068 enim
815 2027 880 2067 ex
909 2028 1012 2065 una
1063 2027 1238 2066 massa
1298 2026 1486 2066 sumus
1537 2025 1748 2078 omnes,
1801 2025 1905 2064 una
1960 2009 2051 2064 Dei

477 2122 641 2161 manu
683 2106 748 2160 ad
784 2122 943 2159 unam
981 2106 1222 2172 speciem
1257 2103 1516 2171 formati;
1547 2104 1752 2160 deinde
1774 2121 1904 2162 vero
1958 2120 2055 2159 vo-

478 2197 722 2251 lucribus
759 2197 930 2266 aliqui
966 2195 1193 2261 similes,
1236 2195 1540 2266 angelicam
1573 2198 1739 2251 vitam
1765 2197 2051 2260 exhibent,

477 2291 602 2345 aliis
636 2291 776 2343 inter
803 2306 1017 2360 angues
1055 2290 1204 2344 humi
1253 2291 1590 2358 repentibus,
1614 2305 1917 2361 eorumque
1968 2290 2052 2344 fu—

477 2398 654 2438 rorem
682 2382 941 2438 adversus
995 2384 1250 2439 homines
1285 2383 1670 2454 superantibus
1709 2402 1722 2439 :
1775 2383 1888 2438 hinc
1925 2399 2055 2453 ergo

476 2488 598 2529 cum
628 2475 679 2527 in
707 2476 853 2527 hunc
888 2483 1198 2543 comparata
1235 2475 1341 2528 sint
1398 2475 1639 2541 modum,
1671 2486 1724 2528 et
1746 2475 1797 2529 hi
1833 2474 2051 2544 quidem

477 2566 586 2620 sint
614 2566 764 2631 'mali,
792 2566 1074 2620 diversum
1125 2566 1246 2621 aliis
1296 2567 1398 2620 iter
1431 2567 1788 2631 sectantibus,
1829 2568 2051 2637 quinam

478 2671 907 2716 consentaneum
937 2671 1044 2726 est,
1101 2662 1251 2730 paria
1283 2662 1347 2716 de
1384 2677 1440 2717 se
1480 2664 1708 2727 sentire,
1738 2678 1844 2716 non
1900 2662 2052 2731 paria

477 2752 785 2806 facientes?
815 2752 1057 2816 Quorum
1095 2753 1240 2806 enim
1293 2753 1510 2808 diversa
1563 2755 1672 2807 vita
1711 2763 1818 2819 est,
1860 2768 2050 2808 eorum

478 2860 580 2898 nec
607 2844 773 2898 animi
803 2854 931 2898 sunt
957 2843 1146 2900 eodem
1178 2843 1357 2900 affecti
1395 2847 1582 2900 modo.
1621 2845 1964 2914 Quapropter
2002 2854 2056 2899 et

478 2939 573 3007 qni
598 2936 745 2991 vitiis
775 2936 1010 3002 inhiant,
1045 2945 1098 2992 et
1123 2937 1212 3005 qui
1244 2945 1433 2991 amant
1460 2935 1626 3003 bona,
1651 2937 1862 3008 seipsos
1889 2951 2055 3005 agno-

477 3039 654 3096 scent,
691 3029 766 3082 illi
809 3030 1030 3099 quidem
1061 3029 1197 3083 viris
1237 3029 1396 3086 bonis
1445 3029 1755 3093 inferiores,
1809 3029 1865 3084 hi
1921 3044 2053 3086 vero

480 3120 636 3174 malis
666 3136 724 3175 se
747 3120 1025 3185 meliores,
1051 3119 1213 3189 idque
1255 3119 1322 3174 de
1361 3120 1518 3174 factis
1542 3120 1690 3189 ipsis.
1737 3118 1850 3174 Hoc
1872 3130 2051 3174 autem

479 3210 613 3265 nihil
661 3221 744 3266 est
775 3211 940 3275 aliud,
999 3225 1158 3279 quam
1209 3210 1329 3266 illos
1397 3211 1598 3265 animis
1661 3209 1907 3280 deiectis,
1952 3210 2054 3265 hos

478 3305 637 3358 elatis
665 3318 808 3358 esse.
842 3303 979 3357 Nam
1009 3303 1280 3371 quomodo
1305 3318 1390 3357 res
1412 3304 1571 3358 aliter
1621 3303 1824 3358 habere
1858 3317 1915 3358 se
1931 3317 2058 3372 pos~

479 3397 597 3451 sit?
622 3396 737 3463 Ego
772 3411 904 3450 vero
933 3395 1044 3449 haec
1066 3411 1185 3464 quae
1216 3396 1315 3451 abs
1351 3405 1400 3450 te
1458 3395 1830 3463 proferuntur,
1881 3412 2059 3468 oppu-

479 3496 876 3556 gnantemeam
901 3485 1231 3551 orationem,
1263 3499 1369 3538 non
1401 3485 1625 3539 omnino
1665 3485 1882 3554 quidem
1940 3486 2061 3540 nul-

480 3576 585 3632 lius
608 3590 731 3631 esse
766 3576 1024 3632 momenti
1058 3575 1291 3630 dixerim
1319 3617 1337 3640 ,
1364 3577 1456 3631 sed
1514 3578 1695 3632 omnia
1729 3593 1838 3632 non
1875 3580 2063 3634 admo-

480 3672 605 3724 dum
644 3669 808 3735 adid,
854 3669 998 3740 quod
1033 3671 1320 3738 quaeritur,
1357 3671 1646 3741 quadrare.
1669 3671 1808 3727 Nam
1832 3687 2062 3744 magno-

479 3776 608 3830 pere
641 3762 801 3830 hujus
844 3761 985 3818 facta
1012 3762 1233 3817 dilIerre
1269 3777 1299 3816 a
1331 3762 1492 3819 lactis
1521 3763 1774 3828 aliorum,
1823 3773 1877 3820 et
1919 3765 2061 3819 bona

478 3854 789 3922 facientem,
844 3858 1046 3911 bonum
1089 3855 1226 3911 eﬂici
1255 3875 1269 3922 ;
1300 3856 1660 3927 similiterque
1715 3857 1943 3921 malum,
1972 3857 2062 3926 qui

480 3947 623 4001 mala
692 3949 904 4014 faciat;
954 3949 1127 4004 cuivis
1178 3957 1262 4004 est
1311 3950 1686 4020 perspicuum.
1722 3949 1897 4005 Etiam
1933 3949 2063 4004 illud

481 4056 668 4094 verum
712 4049 822 4104 est;
858 4041 992 4095 tales
1032 4054 1060 4092 a
1105 4039 1300 4109 seipsis
1371 4040 1590 4110 agnosci
1626 4057 1642 4106 ;
1682 4041 1935 4111 quodque
1967 4041 2066 4097 hos

480 4134 764 4202 gehennaf,
810 4133 930 4187 illos
987 4132 1270 4186 beatorum
1316 4132 1590 4187 hominum
1656 4133 1858 4190 chorus
1917 4137 2067 4190 exci-

481 4227 619 4295 piat.
650 4225 754 4279 Sed
789 4224 932 4293 quod
995 4239 1061 4279 ex
1117 4223 1203 4278 his
1254 4224 1619 4292 concluditur,
1659 4224 1914 4279 nimirum
1966 4225 2068 4280 hoc

482 4321 661 4387 ipsum
695 4329 818 4371 esse
855 4316 939 4371 vel
965 4315 1147 4372 elferri
1197 4317 1495 4384 hominem,
1534 4317 1621 4372 vel
1675 4319 1857 4372 animo
1887 4317 2067 4387 dejici,

481 4411 627 4480 quod
682 4424 802 4464 sese
830 4408 911 4464 vel
960 4410 1183 4476 bonum,
1218 4409 1299 4464 vel
1355 4410 1555 4464 malum
1621 4425 1745 4466 esse
1803 4411 1981 4476 norit;
2017 4412 2069 4465 id

481 4502 571 4556 aio
600 4516 705 4556 non
737 4504 1105 4558 necessarium
1139 4517 1281 4567 esse,
1318 4503 1447 4557 licet
1477 4503 1528 4557 iu
1559 4502 1841 4572 aliquibus
1878 4503 2070 4572 depre-

2157 2012 2342 2066 αντίαν
2391 2014 2621 2075 ἐκείνοις
2686 2012 2948 2082 τρέχωσι,
3023 2013 3142 2076 πῶς
3197 2015 3351 2080 εἰκὸς
3385 2012 3476 2066 ίσα
3532 2014 3730 2082 φρονεῖν

2157 2104 2282 2167 τοὺς
2314 2104 2413 2156 ούκ
2444 2103 2536 2158 ἴσα
2558 2105 2935 2174 πράττοντας;
2966 2100 3070 2161 Ὧν
3092 2104 3199 2174 γὰρ
3233 2105 3262 2156 ὁ
3293 2104 3409 2175 βίος
3443 2104 3729 2171 διέστηκεν.

2156 2194 2264 2248 οὐδ’
2293 2196 2358 2247 ἂν
2397 2194 2453 2248 al
2483 2192 2700 2264 γνῶμαι
2732 2195 3063 2249 συνέλθοιεν.
3098 2195 3267 2248 Ὥστε
3303 2196 3401 2248 καὶ
3432 2195 3482 2247 οἱ
3516 2193 3646 2264 πρὸς
3676 2191 3733 2244 τὰ

2156 2283 2304 2337 κακὰ
2329 2284 2642 2353 κεχηνότες,
2677 2285 2771 2338 καὶ
2797 2286 2844 2338 οἱ
2876 2284 2985 2338 τῶν
3011 2283 3190 2339 καλῶν
3213 2285 3470 2353 ἐρασταὶ,
3505 2285 3640 2352 σφᾶς
3680 2299 3731 2344 γε

2157 2376 2351 2438 αὐτοὺς
2385 2376 2796 2444 ἐπιγνώσονται,
2847 2378 2896 2430 οἱ
2942 2376 3044 2446 μὲν
3109 2377 3218 2430 τῶν
3259 2371 3488 2444 ἀγαθῶν
3546 2374 3732 2444 ἀνδρῶν

2157 2468 2392 2538 χείρους,
2425 2470 2471 2521 οί
2502 2467 2559 2521 δέ
2594 2485 2657 2536 γε
2686 2469 2972 2537 κρείττους
3004 2470 3226 2523 ἐκείνων
3253 2471 3442 2533 ὄντας,
3477 2470 3583 2521 ἀπὸ
3643 2467 3736 2518 τῶν

2157 2561 2360 2632 ἔργων.
2395 2560 2562 2613 Τουτὶ
2589 2561 2637 2614 δ’
2664 2562 2779 2615 ἐστι
2805 2561 2932 2625 τοὺς
2959 2562 3057 2632 μὲν
3091 2563 3510 2628 ταπεινοῦσθαι,
3537 2561 3654 2622 τοὺς
3698 2559 3734 2610 δ’

2157 2658 2430 2728 αίρεσθαι.
2451 2659 2577 2720 Πῶς
2608 2656 2717 2726 γὰρ
2752 2657 2928 2721 ἄλλως
2955 2675 2971 2725 ;
3008 2657 3153 2727 Ἐγὼ
3187 2658 3243 2711 δὲ
3280 2658 3436 2711 ταῦθ’
3470 2657 3504 2710 ἃ
3535 2656 3595 2709 σὺ
3622 2655 3730 2725 φῂς,

2155 2753 2183 2804 ὁ
2210 2748 2623 2818 διαμαχόμενός
2674 2766 2778 2819 μου
2816 2748 2892 2818 τῷ
2933 2748 3101 2820 λόγῳ,
3145 2749 3359 2817 ἀγεννῆ
3412 2748 3731 2801 παντάπασιν

2156 2845 2256 2898 οὐκ
2293 2845 2360 2896 ἂν
2393 2845 2606 2912 εἴποιμι
2642 2856 2656 2870 °
2689 2841 2762 2912 μὴ
2797 2841 2936 2894 πάνυ
2969 2840 3023 2894 δὲ
3077 2841 3336 2911 συνᾴδειν
3385 2841 3521 2910 πρὸς
3551 2839 3605 2890 τὸ
3655 2838 3731 2902 Cr;

2156 2935 2415 3004 τούμενον
2439 2933 2681 2987 ἅπαντα.
2722 2923 2846 2986 Ὅτί
2881 2932 2981 3001 μὲν
3023 2929 3131 3002 γὰρ
3161 2932 3422 3002 διαφέρει
3462 2929 3632 2998 πολλῷ
3666 2928 3731 2995 τῷ

2163 3026 2310 3097 μέσῳ
2349 3025 2416 3079 τὰ
2457 3023 2534 3095 τῷ
2568 3025 2701 3077 δεῖνι
2728 3023 3098 3094 πεπραγμένα
3132 3025 3267 3096 πρὸς
3317 3026 3386 3078 τὰ
3415 3027 3524 3087 τοῖς
3553 3023 3729 3083 ἄλλοις,

2158 3118 2254 3171 καὶ
2282 3117 2364 3170 ὅτι
2393 3116 2458 3170 τὰ
2485 3115 2679 3186 βελτίω
2713 3115 2879 3169 καλὸν
2915 3115 3006 3169 τόν
3042 3131 3108 3184 γε
3142 3116 3412 3170 ποιοῦντα
3442 3113 3729 3188 ἐργάζεται,

2160 3209 2256 3262 καὶ
2302 3208 2368 3262 αὖ
2425 3208 2627 3278 ὁμοίως
2684 3205 2858 3260 κακὸν
2883 3207 2950 3261 τὰ
3001 3209 3188 3280 χείρω,
3228 3208 3408 3262 παντί
3442 3226 3540 3261 που
3569 3206 3731 3274 δῆλον.

2162 3302 2272 3354 Καὶ
2299 3301 2456 3355 τοῦτο
2476 3302 2531 3355 δέ
2555 3301 2776 3371 ἀληθὲς,
2810 3301 2886 3366 ὡς
2917 3302 3356 3370 ἐπιγινώσκωσι
3389 3305 3528 3372 σφᾶς
3557 3300 3732 3360 αὐτοὺς

2161 3393 2208 3446 oi
2237 3392 2469 3446 τοιοῦτοι
2499 3409 2516 3427 ο
2575 3393 2671 3447 καὶ
2703 3393 2784 3446 ὅτι
2839 3395 2966 3456 τοὺς
3022 3395 3120 3462 μὲν
3151 3396 3186 3466 ἡ
3214 3396 3440 3464 γέεννα,
3475 3395 3600 3457 τοὺς
3631 3389 3673 3444 δ’
3703 3390 3726 3442 ὁ

2163 3486 2322 3556 χορὸς
2364 3484 2642 3555 ἐκδέχεται
2684 3484 2794 3538 τῶν
2857 3471 3146 3554 μακαρίων
3209 3489 3444 3558 ἀνδρῶν.
3481 3485 3551 3539 Τὸ
3581 3484 3633 3537 δὲ
3668 3483 3723 3534 ἐκ

2162 3577 2367 3630 τούτων
2404 3578 2800 3648 συμπέρασμα,
2836 3578 2913 3640 ὡς
2948 3576 3090 3630 τοῦτ’
3124 3578 3278 3633 ἐστὶν
3309 3575 3622 3648 ἐπαίρεσθαι
3644 3571 3725 3623 καὶ

2163 3667 2557 3722 ταπεινοῦσθαι
2583 3670 2674 3722 τὸν
2708 3668 3020 3739 ἄνθρωπον,
3058 3668 3119 3721 τὸ
3152 3667 3355 3724 εἰδέναι
3385 3667 3569 3723 ἐαυτὶν
3611 3663 3726 3716 ὄντα

2168 3760 2371 3829 ἀγαθὸν
2406 3761 2438 3832 ἢ
2464 3763 2783 3826 κακὸν,·ούκ
2812 3763 3117 3829 ἀναγκαῖον
3158 3759 3302 3817 εἷναί
3332 3780 3495 3832 φημι,
3529 3758 3583 3811 έν
3602 3771 3724 3810 τισιν

2168 3853 2511 3924 εὑρίσκηται,
2544 3858 2712 3926 συχνῇ
2745 3873 2851 3908 τινι
2902 3855 3214 3909 δουλεύουσι
3272 3855 3474 3927 πλάνῃ.
3534 3849 3592 3905 El
3629 3848 3723 3916 γὰρ

2167 3946 2466 4014 ἀναγκαῖον
2510 3947 2684 4011 τουτὶ,
2737 3947 2833 4000 καὶ
2878 3948 3066 4012 καλῶς
3117 3947 3498 4018 συνεπεράνθη
3548 3959 3623 3995 σοι
3665 3939 3725 3990 τὰ

2169 4039 2614 4109 προτεταγμένα,
2641 4039 2898 4110 οὐδαμῶς
2932 4038 3000 4112 ἦν
3017 4038 3527 4113 ταπεινοφροσύνην
3559 4032 3722 4104 εὑρεῖν

2169 4129 2226 4181 ἐν
2254 4128 2433 4181 οὐδενὶ
2465 4129 2604 4183 τῶν
2649 4129 2981 4200 ἀνθρώπων.
3026 4131 3235 4194 Πάντες
3281 4133 3392 4200 γὰρ
3425 4128 3725 4182 ἐπίστανται

2173 4227 2313 4294 σφᾶς
2341 4224 2545 4289 αὐτοὺς
2579 4223 2748 4279 καλόν
2786 4244 2839 4279 τι
2869 4227 3206 4296 πράξαντας,
3241 4227 3274 4299 ἢ
3319 4227 3510 4281 κακόν.
3558 4220 3658 4275 Καὶ
3681 4217 3723 4268 εἰ

2171 4315 2322 4369 τοῦτ’
2355 4312 2422 4388 ἦν
2459 4316 2795 4388 ἐπαίρεσθαι
2823 4320 2954 4382 τοὺς
2979 4319 3036 4372 ἐν
3061 4320 3230 4390 ἀρετῇ
3260 4319 3496 4384 ζῶντας,
3527 4315 3582 4368 τὸ
3600 4310 3723 4379 σφᾶς

2173 4405 2376 4472 αὐτοὺς
2402 4409 2760 4474 ἐπίστασθαι,
2800 4405 2835 4484 ᾖ
2861 4410 2924 4464 σὺ
2960 4410 3086 4482 φῄς·
3115 4411 3316 4476 πάντες
3369 4413 3426 4466 οἵ
3446 4426 3508 4479 γε
3535 4404 3726 4475 σώφρο-

2175 4517 2267 4563 νες
2316 4501 2549 4564 ἑαυτοὺς
2583 4502 3032 4571 ἐπιγνώσκοντες
3063 4505 3280 4568 πάντως
3302 4504 3370 4558 ἂν
3411 4501 3548 4572 μέγα
3576 4495 3720 4565 5996‘

482 4593 775 4657 hendatur,
834 4595 1008 4649 errori
1066 4609 1176 4649 non
1233 4593 1336 4650 levi
1389 4593 1777 4649 servientibus.
1831 4593 1965 4649 Nam
2022 4594 2060 4649 si

2174 4595 2442 4661 νουν,κα“ι
2481 4595 2542 4647 τὸ
2592 4598 2691 4665 τῆς
2726 4595 3240 4668 ταπεινοφροσύνης
3272 4594 3578 4664 ἐξαπόλωλε
3603 4587 3723 4660 χρῆ·

483 4684 851 4738 necessarium
898 4685 999 4738 hoc
1057 4685 1218 4748 foret,
1259 4699 1323 4740 ac
1362 4695 1511 4739 recte
1571 4685 1830 4739 conclusa
1886 4694 2072 4762 essent

482 4775 578 4828 abs
607 4786 680 4840 te,
712 4789 832 4844 quae
889 4790 1221 4846 praecessere
1258 4791 1641 4845 :nequaquam
1703 4777 1928 4832 inveniri
1964 4777 2073 4832 ullo

483 4866 538 4921 in
591 4868 810 4922 homine
877 4868 984 4923 ulla
1036 4878 1224 4938 posset
1284 4868 1585 4924 humilitas.
1644 4869 1860 4924 Norunt
1925 4871 2070 4924 enim

481 4972 692 5022 omnes,
727 4972 754 5011 a
788 4957 984 5027 seipsis
1025 4959 1108 5012 vel
1165 4958 1289 5013 boni
1354 4957 1481 5024 quid
1522 4957 1746 5024 factum,
1781 4957 1866 5013 vel
1921 4958 2070 5014 mali.

483 5051 550 5106 Et
608 5053 653 5106 si
705 5053 810 5105 hoc
840 5059 989 5106 esset
1040 5048 1222 5104 elferri
1279 5049 1478 5103 animis
1515 5063 1631 5112 eos,
1666 5050 1758 5119 qui
1817 5051 2072 5106 virtutem

482 5147 690 5212 colunt,
729 5144 868 5214 quod
925 5145 1139 5212 seipsos
1191 5143 1480 5206 norint,uti
1525 5152 1579 5197 tu
1615 5143 1834 5213 quidem
1887 5145 2021 5199 dicis
2057 5161 2070 5196 :

479 5254 670 5294 omnes
699 5252 834 5292 sane
871 5236 1156 5305 prudentia
1212 5235 1422 5306 pr:editi
1478 5237 1686 5305 seipsos
1741 5237 2078 5308 adgnoscen-

405 5351 408 5354 ι
484 5339 586 5396 tes,
648 5328 872 5385 omnino
933 5326 1219 5397 magniﬁce
1286 5337 1462 5384 semet
1505 5328 1779 5394 efferrent,
1833 5332 2076 5401 adeoque

484 5423 550 5475 de
575 5419 756 5474 medio
800 5418 1082 5473 tolleretur
1115 5421 1296 5475 omnis
1355 5421 1658 5478 humilitas.
1684 5424 1753 5477 At
1799 5437 1926 5480 vero
1977 5441 2076 5480 nec

485 5518 603 5582 ipse
662 5512 902 5580 ignoras,
969 5512 1329 5568 humilitatem
1403 5525 1567 5585 atque
1641 5518 1962 5573 modestiam
2023 5521 2075 5574 in

483 5617 593 5656 non
650 5605 838 5670 paucis
873 5605 1125 5670 inveniri,
1158 5607 1249 5674 qui
1288 5607 1603 5663 mortalibus
1660 5611 1712 5664 in
1759 5611 2077 5678 corporibus

488 5693 654 5745 vitam
708 5695 1094 5761 prOpemodum
1151 5696 1482 5764 incorporeis
1525 5699 1938 5751 convenientem
1987 5713 2079 5752 re-

490 5792 835 5848 praesentant.
883 5783 1244 5851 Quamobrem
1315 5789 1450 5844 falsa
1511 5799 1599 5845 tua
1655 5792 1931 5847 conclusio
1974 5804 2076 5862 est,

489 5891 552 5930 ac
580 5887 836 5945 praeterea
873 5895 1097 5951 prorsus
1129 5883 1388 5938 absurda.
1436 5883 1572 5939 Nam
1611 5887 1654 5941 si
1682 5886 1820 5941 alios
1851 5887 2074 5957 quidem

2178 4701 2277 4750 μα.
2325 4681 2490 4738 Ἀλλὰ
2524 4687 2635 4756 μὴν
2659 4686 2782 4740 οὐδὲ
2819 4687 2979 4750 αὐτὸς
3011 4689 3250 4756 ἀγνοεῖς,
3283 4689 3356 4751 ὡς
3397 4687 3456 4740 τὸ
3489 4675 3724 4738 ταπεινόν

2173 4791 2232 4827 τε
2258 4774 2353 4828 καὶ
2385 4776 2608 4846 μέτριον
2640 4777 2698 4830 ἐν
2725 4778 2825 4832 οὐκ
2879 4779 3086 4846 ὀλίγοις
3150 4781 3467 4850 εὑρίσκεται
3519 4773 3621 4828 τῶν
3673 4768 3722 4819 ἐν

2177 4867 2394 4940 θνητοῖς
2451 4873 2567 4934 τοῖς
2635 4871 2858 4942 σώμασι
2919 4874 3019 4944 τὴν
3081 4876 3398 4944 ἀσωμάτοις
3432 4871 3723 4940 πρέπουσαν

2177 4949 2716 5031 πολιτείανθόλίγου
2774 4965 2889 5016 δεῖν
2939 4965 3395 5036 ἐπιδειξαμένων.
3443 4963 3596 5014 Ὥστε
3650 4967 3720 5005 σοι

2178 5052 2376 5123 ψευδὲς
2409 5055 2470 5107 τὸ
2515 5057 2916 5128 συμπέρασμα,
2948 5059 3044 5111 καὶ
3107 5061 3338 5129 προσέτι
3402 5053 3719 5109 παντάπασιν

2179 5147 2405 5201 ἄτοπον.
2441 5147 2502 5200 Εἰ
2538 5149 2645 5218 γὰρ
2668 5150 2794 5211 τοὺς
2827 5149 2928 5218 μὲν
2957 5151 2989 5221 ἡ
3018 5150 3243 5214 κόλασις
3275 5149 3588 5217 διαδέχεται,
3610 5137 3720 5195 τοὺς

2178 5241 2418 5313 ἐξαρχῆς
2454 5260 2599 5313 φημι
2633 5244 2899 5311 φαύλους,
2932 5247 3060 5308 τοὺς
3083 5245 3130 5300 δ’
3153 5248 3322 5318 ἀρετῇ
3380 5242 3719 5314 συζήσανταςν

2179 5331 2284 5388 εἴτ’
2320 5337 2655 5404 ἐπιγνόντας
2704 5338 2935 5400 ἑαυτοὺς
2969 5339 3283 5410 ἐναρέτους,
3323 5338 3421 5391 οὐκ
3445 5335 3610 5386 ἔνεστι
3633 5339 3716 5376 τα-

2179 5430 2583 5499 πεινοφρονεῖν,
2620 5429 2846 5493 τούτους
2877 5429 2920 5482 δ’
2953 5427 3019 5484 αὖ
3056 5432 3218 5486 πάλιν
3271 5425 3568 5499 ἐγγράφως
3597 5409 3716 5486 μετέι

2178 5519 2291 5570 τῶν
2341 5517 2600 5586 φαύλων·
2638 5517 2763 5598 οὔτε
2815 5519 3322 5594 τάπεινοφροσύνην
3371 5517 3512 5569 ἔστιν
3558 5500 3717 5571 εὑρεῖν

2179 5611 2238 5662 ὲν
2270 5609 2347 5680 τῷ
2383 5611 2503 5681 βίῳ,
2542 5610 2654 5664 οὔτ’
2705 5613 2763 5664 ἐν
2821 5612 3138 5684 ἀνθρώποις
3195 5615 3286 5668 τὸν
3348 5601 3713 5684 σωθησόμενον.

2195 5704 2350 5756 Ἐπεὶ
2387 5705 2488 5775 τῆς
2523 5709 3038 5776 ταπεινοφροσύνης
3071 5709 3275 5779 μηκέτ’
3303 5703 3486 5771 οὔσης,
3515 5690 3611 5747 οὐδ’
3660 5683 3718 5734 ἂν

2182 5791 2260 5859 εἷς
2294 5796 2568 5867 δήπουθεν
2627 5800 2735 5852 τῶν
2780 5798 3091 5870 ἀνθρώπων
3143 5801 3403 5866 ἐσώζετο*
3434 5791 3499 5852 ὡς

2184 5887 2386 5943 εἰδέναι
2455 5889 2646 5960 σαφῶς
2697 5892 2806 5946 ἀπὸ
2860 5892 2971 5946 τῶν
3021 5895 3153 5967 πρὶν
3207 5888 3530 5967 είρημένων.
3577 5859 3714 5922 Ἀλίά
