4000 6426
351 296 464 368 5ο3
1032 348 1041 355 .
1078 294 1082 305 ’
1729 293 1994 383 onAjrtc

2096 294 2126 354 'l
2140 294 2188 354 Ι.
2918 318 2921 319 ⁷
3523 301 3629 364 534

364 418 476 488 μὴν
497 414 548 469 oi
572 411 915 483 σεσωσμένοι
960 410 1056 468 καὶ
1086 408 1178 462 τὸν
1203 408 1311 462 τῶν
1339 407 1560 477 ἄστρων
1594 405 1829 477 ἀριθμὸν
1852 404 1930 475 τῷ
1961 413 1994 467 Α

2096 404 2363 473 :pplicium
2426 414 2625 472 manet,
2668 406 2735 461 ab
2786 407 2939 464 initio
2991 409 3161 466 malos
3219 411 3452 480 scilicet,
3492 414 3629 471 alios

351 508 548 579 πλήθει
591 498 1030 575 παρεληλύθασι.
1088 493 1200 556 Καὶ
1231 496 1297 554 σὺ
1356 498 1519 563 αὐτὸς
1570 496 1823 569 εἴρηκας,
1850 498 1928 562 ὡς

2096 505 2212 550 item
2247 495 2492 552 addictos
2548 492 2758 563 virtuti,
2786 502 2877 570 qui
2918 496 3109 573 deinde
3168 518 3227 579 se
3258 506 3458 562 virtute
3490 522 3631 577 pne-

351 598 483 661 τοὺς
521 596 624 667 μὲν
649 594 891 664 φαύλους
920 593 954 663 ή
978 590 1221 655 κόλασις,
1267 590 1396 653 τοὺς
1418 589 1465 642 δ’
1488 590 1517 643 δ
1562 588 1725 660 χορὸς
1780 587 1930 642 ἑκδὲο

2096 596 2179 642 tos
2221 594 2581 664 agnoverunt,
2611 588 2890 648 humiliter
2930 593 2998 650 de
3033 610 3091 650 se
3120 594 3326 655 sentire
3385 614 3492 654 non
3544 612 3632 656 est

352 700 512 762 χεται
538 688 649 742 τῶν
690 685 982 758 μακαρίων
1027 682 1265 756 ἀνδρῶν.
1328 682 1493 736 Ὥστε
1538 698 1634 736 σου
1675 681 1772 735 καὶ
1808 677 1931 745 ταῖς

2096 678 2312 746 »ὲείὺίΙῄ
2342 690 2506 753 atque
2563 687 2663 739 hos
2697 689 2886 741 rursus
2969 684 3111 743 inter
3164 690 3338 747 malos
3405 694 3625 750 refers:

353 784 539 838 θέσεσι
566 780 919 852 διαμάχεται,
944 772 1029 843 οἷς
1051 794 1115 846 γε
1149 776 1326 839 δοκεῖς
1362 775 1555 839 αὐταῖς
1585 773 1930 846 ἐπαμύνειν,

2096 788 2133 828 το
2170 773 2398 829 inveniri
2424 774 2703 831 humilitas
2732 773 2783 831 in
2824 778 2928 833 vita
2987 783 3205 850 poterit,
3231 800 3330 840 nec
3355 786 3498 841 inter
3530 788 3633 843 ho-

354 877 451 932 καὶ
495 876 754 947 γίγνεται
813 871 1087 929 πάντοθεν
1143 869 1340 940 σαφὲς,
1400 868 1476 932 ὡς
1528 867 1677 922 ἔστιν
1728 866 1933 937 ἀγαθὸν

2096 864 2213 919 ines
2241 864 2333 935 qui
2386 865 2569 922 salvus
2600 867 2712 924 ﬁat.
2747 865 3085 927 Huu-ilitate‘
3114 877 3351 945 namque
3396 876 3630 942 sublata,

353 968 553 1031 ποιεῖν,
583 966 681 1019 καὶ
713 963 791 1035 μὴ
850 961 1277 1033 ὑψηλοφρονεῖν.
1322 958 1563 1013 ’Ἄτοπον
1596 958 1706 1028 ἄρα
1740 968 1824 1011 σοι
1872 957 1934 1011 τὸ

2096 970 2139 1011 :c
2174 971 2312 1012 unus
2363 959 2583 1028 quidem
2643 960 2953 1035 mort/alium
3016 976 3350 1031 servaretur,
3378 969 3455 1022 uti
3512 982 3637 1039 per-

356 1057 745 1129 συμπέρασμα.
774 1053 1053 1112 ,καὶκατὰ
1076 1051 1228 1105 τόνδε
1254 1049 1349 1104 τὸν
1388 1047 1571 1119 λόγον.
1604 1050 1667 1104 Ei
1724 1050 1785 1103 δὲ
1840 1048 1936 1103 καὶ

2096 1049 2227 1105 »ἱοιιε
2255 1051 2321 1106 de
2350 1052 2501 1120 prius
2550 1053 2805 1111 indicatis
2870 1072 3201 1124 cognoscere
3228 1059 3377 1114 licet.
3411 1061 3478 1114 At
3508 1077 3638 1115 vero

360 1151 589 1215 πολλοὺς
618 1149 687 1204 ἂν
714 1147 860 1221 ἔχοις
892 1149 1020 1213 τοὺς
1052 1144 1475 1217 συναιροῦντας,
1525 1142 1646 1198 ἀλλ’
1670 1143 1825 1197 οὐδέν
1852 1160 1937 1197 σοι

2096 1141 2134 1197 1i
2165 1146 2476 1210 servantur,
2500 1144 2668 1200 etiam
2699 1146 2936 1202 siderum
2965 1165 3252 1204 numerum
3292 1149 3641 1207 multitudine

2040 1250 2139 1293 sua
2176 1246 2458 1303 superant.
2503 1233 2569 1290 Et
2598 1237 2828 1308 ipsemet
2859 1240 3068 1305 dixisti,
3092 1236 3262 1295 matris
3290 1232 3637 1311 supplicium,

356 1335 729 1405 τυγχάνουσιν
758 1332 809 1385 oi
858 1327 1258 1402 l7xsxlqpévo:
1286 1327 1368 1399 τῷ
1416 1326 1538 1382 νυνὶ
1583 1325 1751 1399 λόγῳ.
1783 1326 1938 1381 Ὤστ⁹

2096 1327 2204 1382 ιιιιιί
2246 1328 2545 1383 destinatos
2576 1329 2858 1385 beatdrum
2913 1331 3192 1385 heminum
3230 1337 3433 1389 coitum
3492 1337 3643 1389 exci-

356 1428 463 1481 οὒκ
496 1426 707 1492 ἔξεστιν
764 1425 1012 1488 ἐκείνους
1056 1422 1446 1493 συλλήπτοράς
1485 1438 1568 1474 σοι
1606 1421 1717 1473 τῶν
1760 1419 1939 1487 λόγων

2096 1437 2193 1477 πε.
2221 1419 2341 1487 Quo
2366 1421 2444 1485 lit,
2482 1432 2541 1475 ut
2579 1422 2799 1477 tuismet
2833 1437 2955 1477 cum
2997 1425 3243 1479 thesibus
3281 1442 3341 1480 ea
3373 1423 3639 1497 pugnent,

361 1516 527 1573 εἶναι.
552 1519 627 1571 Τὸ
658 1516 834 1580 πάθος
863 1518 1074 1588 μέντοι,
1118 1512 1352 1568 τοιαῦτα
1396 1512 1595 1583 λέγων,
1642 1513 1940 1585 κράτιστον

2096 1515 2246 1568 uibus
2292 1511 2410 1568 illas
2448 1513 2585 1567 tueri
2628 1522 2680 1569 te
2712 1524 2864 1582 potas
2907 1522 3002 1570 :et
3036 1517 3396 1588 undequaque
3430 1524 3641 1588 pareat,

365 1611 664 1680 ἀπέφηνας
687 1625 702 1640 ⁸
738 1610 874 1678 πρὸς
897 1608 925 1660 ὃ
948 1625 1010 1677 γε
1045 1607 1144 1661 καὶ
1176 1606 1341 1669 αὑτός
1401 1622 1486 1660 σοι
1516 1606 1695 1661 ταῦτα
1722 1606 1904 1677 φρονῶ
1922 1621 1937 1636 θ

2096 1618 2207 1662 )sse
2250 1606 2487 1677 aliquem
2525 1604 2727 1672 facere,
2778 1608 2921 1677 quod
2966 1609 3163 1664 bonum
3206 1612 3301 1677 sit,
3351 1622 3406 1667 et
3462 1618 3641 1668 tamen

370 1704 433 1756 οὐ
468 1704 573 1773 μὴν
600 1703 872 1772 ἀήττητον
902 1699 1189 1764 παντελῶς
1216 1698 1362 1752 τοῦτ’
1392 1697 1459 1753 ἂν
1486 1686 1689 1766 ,ἔγωγε
1749 1698 1939 1768 φαίην,
1990 1765 1994 1775 1

2096 1713 2165 1753 on
2226 1712 2350 1758 esse
2404 1698 2585 1753 animo
2626 1699 2789 1754 elato.
2846 1700 3213 1766 Quamobrem
3274 1704 3375 1757 hac
3428 1722 3647 1775 quoque

371 1765 480 1850 ὅτε,
522 1765 670 1867 μηδ’-
704 1765 868 1857 αυτὸς
896 1793 1185 1858 ἀπέδειξάς
1210 1809 1272 1860 γε
1305 1791 1436 1844 αὐτὸ
1468 1790 1677 1863 εὐλόγῳ
1720 1765 1957 1861 κρατοῦν
1990 1765 1994 1820 Ῐ

2096 1791 2275 1845 atione
2305 1789 2540 1845 absurda
2578 1800 2663 1846 est
2719 1800 2810 1846 tua
2851 1795 3154 1849 conclusio.
3184 1794 3339 1862 Quod
3367 1798 3409 1851 si
3443 1765 3646 1853 multos

370 1887 605 1957 δυνάμει
626 1901 639 1916 ·
665 1886 766 1938 οὐκ
790 1884 879 1953 ἄρ’
902 1882 1025 1938 οὐδὲ
1055 1883 1186 1947 τοὺς
1220 1882 1314 1935 ὑπ’
1332 1881 1497 1937 αὐτοῦ
1510 1883 1947 1953 κρατουμένους,

2098 1883 2249 1961 abes,
2286 1884 2377 1952 qni
2422 1894 2597 1938 tecum
2637 1884 2883 1940 iaciunt:
2944 1902 3052 1942 non
3086 1897 3268 1943 tamen
3324 1874 3517 1944 eorum
3550 1904 3643 1945 so-A

372 1978 586 2041 ἁθώους
619 1994 685 2047 γε
724 1977 884 2042 ὄντας
918 1977 1017 2030 σὺν
1047 1974 1194 2050 δίκῃ.
1219 1970 1298 2029 Ἦ
1324 1975 1433 2047 γὰρ
1460 1974 1525 2030 ἂν
1555 1975 1784 2049 ἐκράτει
1808 1974 1946 2029 πάν-

2096 1977 2225 2030 ietas
2256 1976 2350 2030 tibi
2382 1975 2638 2055 praesidio
2661 1984 2765 2031 est.
2803 1976 2937 2032 Nam
2978 1980 3053 2033 illi
3092 1981 3191 2050 ipsi
3238 1993 3387 2046 sunt,
3418 1984 3513 2052 qui
3544 1984 3648 2037 hic

372 2088 482 2125 των
504 2069 655 2141 ἑξῆς.
2053 2068 2302 2122 oratione
2338 2076 2694 2133 accusantur;
2744 2084 2915 2138 quare
2946 2070 3064 2125 ﬁeri
3113 2072 3324 2143 nequit,
3365 2084 3426 2129 ut
3478 2074 3647 2129 dictis

372 2168 481 2224 tuis
503 2166 705 2239 aliquid
729 2166 851 2239 opis
891 2158 1139 2222 aderant.
1179 2162 1446 2221 Caeterum
1478 2163 1789 2234 huiusmodi
1822 2163 2131 2233 proferens,
2164 2163 2339 2233 ipsius
2409 2178 2542 2218 sane
2588 2164 2705 2218 vitii
2753 2164 3022 2220 maximas
3085 2166 3232 2224 vires
3301 2162 3648 2223 dembns'traz-

369 2264 440 2320 sti
466 2280 479 2318 :
506 2277 611 2332 qua
649 2262 702 2316 in
730 2271 885 2333 parte
926 2260 1023 2316 tibi
1057 2270 1112 2326 et
1146 2260 1379 2330 ipsemet
1414 2259 1707 2314 assentior.
1740 2255 1860 2313 Non
1896 2267 2075 2312 tamen
2108 2257 2382 2337 invictum
2409 2260 2633 2327 prorsus
2693 2257 2745 2312 id
2808 2259 3057 2328 equidem
3128 2257 3357 2315 dixerim
3430 2264 3648 2331 quando

378 2371 473 2412 nec
502 2355 615 2423 ipse
642 2355 908 2425 probasti,
937 2352 1079 2424 quod
1122 2352 1168 2406 vi
1198 2353 1348 2423 justa
1387 2353 1606 2419 vincat;
1661 2367 1761 2408 nec
1805 2351 1950 2422 quod
2009 2350 2079 2405 ab
2134 2364 2201 2406 eo
2259 2348 2412 2416 victi,
2478 2350 2674 2404 merito
2727 2349 2899 2420 culpa
2957 2352 3067 2407 sint
3104 2360 3380 2425 expertes.
3414 2354 3548 2431 Nam
3604 2356 3649 2410 si

374 2468 467 2509 res
498 2450 570 2505 ita
628 2456 944 2518 comparata
1004 2448 1166 2515 foret,
1233 2462 1427 2504 omnes
1490 2434 1715 2503 omnino
1780 2447 2046 2502 vinceret.

450 2542 594 2600 Εἶεν.
626 2530 700 2597 Σὺ
735 2543 793 2596 δέ
821 2559 909 2612 γε,
929 2542 1152 2595 πάντων
1189 2541 1317 2611 ἐμοὶ
1363 2541 1612 2610 φίλτατε,
1642 2541 1691 2593 εί
1743 2538 1841 2610 μὲν
1873 2538 1958 2603 τίς

2137 2537 2314 2604 Atque
2348 2536 2615 2590 hactenus
2651 2535 2787 2591 haec.
2842 2526 2925 2591 Tu
2964 2552 3095 2593 vero
3146 2536 3304 2610 longe
3346 2540 3479 2596 mihi
3519 2543 3656 2599 cha-

380 2638 477 2693 σού
512 2653 641 2691 ποτε
685 2635 797 2689 τῶν
827 2635 1080 2704 πλησίον,
1114 2633 1175 2687 τὸ
1203 2633 1283 2702 τῷ
1313 2633 1435 2703 Θεῷ
1475 2630 1632 2702 φίλον
1670 2634 1836 2699 ποιεῖ,
1872 2618 1958 2686 σοὶ

2096 2628 2290 2685 issime
2329 2628 2426 2695 iiii,
2467 2629 2511 2683 si
2551 2629 2674 2697 quis
2710 2629 3005 2700 aliquando
3056 2634 3343 2701 proximus
3378 2643 3501 2690 tuus
3540 2653 3652 2692 rem

377 2732 437 2784 δὲ
471 2729 543 2799 μὴ
570 2727 728 2781 τοῦτο
768 2728 1087 2796 πράττοιτο,
1137 2724 1562 2795 ταπεινοφρόνει
1595 2725 1692 2779 καὶ
1733 2724 1955 2777 πένθει’

2096 2724 2182 2777 )eo
2208 2724 2418 2792 gratam
2461 2719 2611 2785 facit,
2648 2731 2697 2776 te
2728 2737 2836 2776 non
2891 2720 3141 2789 faciente,
3180 2725 3437 2781 humilem
3478 2736 3529 2783 te
3563 2746 3658 2797 ge-

381 2822 465 2875 δεῖ
488 2821 595 2891 γὰρ
630 2812 827 2901 εἰδέναι
858 2819 995 2889 τῇδε
1026 2818 1225 2871 σαυτὸν
1252 2818 1356 2872 οὐκ
1389 2818 1645 2873 ἐθέλοντα
1677 2816 1842 2871 καλὸν
1878 2814 1957 2869 εί-

2102 2829 2183 2874 as.
2227 2829 2289 2868 ac
2313 2813 2522 2870 doleas.
2602 2813 2737 2869 Nam
2790 2816 2918 2870 hinc
2953 2832 3247 2887 agnoscere
3284 2819 3474 2886 debes,
3514 2824 3659 2878 nolle

385 2934 477 2969 ναι
494 2931 509 2947 ο
534 2915 598 2986 ἣν
625 2900 680 2968 δὲ
706 2914 1020 2969 τούναντίον
1044 2912 1166 2984 δρᾷ,
1200 2912 1463 2983 ῥᾳθύμως
1498 2912 1605 2975 ζῶν
1632 2912 1726 2966 καὶ
1753 2910 1963 2981 ἠμελη-

2096 2921 2124 2961 e
2158 2906 2357 2961 bonum
2390 2920 2531 2961 esse.
2570 2902 2664 2961 Siu
2698 2900 2789 2962 ille
2812 2909 3148 2964 contrarium
3172 2903 3325 2978 facit,
3355 2913 3661 2969 soirorditer

390 3007 590 3077 μένως,
627 3005 720 3059 σοῦ
747 3014 811 3075 γε
840 3004 1059 3073 τάγαθᾶ
1090 3003 1269 3057 πάντα
1302 3003 1658 3074 πράττοντος,
1706 3002 1782 3074 μὴ
1825 3002 1966 3071 ὑψη-

2096 3014 2137 3053 lc
2167 2998 2498 3070 negligenter
2543 2999 2756 3065 virens,
2812 3006 2867 3055 te
2920 3005 3105 3057 omnia
3161 3004 3299 3059 bona
3338 3013 3659 3074 peragente,

391 3097 671 3167 λοφρόνὲι.
702 3098 779 3151 Ob
807 3097 917 3167 7&9
944 3095 1036 3149 διὰ
1062 3096 1163 3164 τὴν
1198 3095 1409 3149 ἐκείνου
1445 3094 1648 3149 κακίαν
1684 3095 1970 3176 σπουδαῖος

2096 3107 2205 3147 :ave
2254 3094 2438 3148 animo
2482 3091 2751 3149 eﬂ‘eraris.
2789 3093 2905 3149 Non
2942 3096 3086 3150 enim
3140 3107 3363 3167 propter
3397 3099 3543 3155 illius
3576 3101 3662 3154 vi~

357 1243 501 1314 πρὸς
527 1240 788 1312 βοήθειαν
807 1242 841 1311 ή
866 1238 1081 1294 τούτων
1108 1234 1425 1309 συμμαχία.
1463 1236 1633 1291 Αὐτοὶ
1653 1237 1763 1307 γὰρ
1787 1229 1937 1289 οὗτοι

392 3178 558 3254 αὐτὸς
607 3190 859 3259 γέγονας,
895 3188 1012 3243 ἀλλ’
1042 3188 1232 3252 ἁπλῶς
1283 3187 1374 3242 διὰ
1406 3188 1506 3252 τὰς
1555 3173 1811 3259 πράξεις.
1860 3187 1973 3241 Καὶ

392 3283 552 3337 τοῦτο
582 3283 741 3354 δῆλον
773 3281 1027 3338 ἐντεῦθεν
1051 3297 1067 3317 ·
1110 3281 1171 3336 οὐ
1202 3282 1311 3353 γὰρ
1342 3281 1747 3350 στεφανοῦσθαι
1785 3281 1974 3350 γίγνε-

393 3392 485 3428 ται
513 3375 641 3438 τοὺς
680 3372 1003 3445 ἀνθρώπους
1035 3374 1144 3427 ἀπὸ
1184 3374 1286 3444 τῆς
1318 3374 1431 3428 τῶν
1471 3374 1642 3438 πέλας
1680 3372 1976 3429 καταπτώ-

400 3480 558 3527 σεως.
590 3462 707 3516 ἀλλ’
754 3464 819 3514 ὲκ
862 3462 971 3517 τῶν
1008 3463 1162 3517 ίδίων
1204 3464 1680 3536 κατορθωμάτων.
1717 3464 1978 3520 Φαίνεται

397 3558 576 3608 τοίνυν
613 3556 688 3624 μὴ
720 3550 834 3610 οἷόν
862 3556 911 3609 τ’
945 3552 1087 3611 εἶναι
1116 3556 1343 3620 τούτους
1372 3558 1511 3630 πρὸς
1540 3556 1807 3627 ἀλλήλους
1838 3574 1981 3628 παρ-

400 3647 774 3713 εξετάζεσθαι,
803 3649 919 3702 ὅσοι
946 3647 1083 3720 πρὸς
1115 3649 1216 3720 τὴν
1252 3649 1633 3720 ὑπερηφανίαν
1667 3649 1981 3706 ἀπεδύσαν-

401 3759 482 3795 το.
515 3742 655 3805 Τοὺς
684 3740 796 3812 γὰρ
835 3741 1074 3809 ἀθλητὰς
1104 3739 1370 3807 ἐκείνους,
1419 3737 1502 3805 οἷς
1533 3742 1595 3795 τὸ
1623 3741 1797 3811 γέρας
1832 3743 1982 3797 κότι-

403 3849 513 3897 νος,
546 3834 639 3888 καὶ
667 3827 742 3887 ὧν
780 3835 814 3904 ἡ
840 3832 988 3902 πάλη
1020 3833 1159 3904 πρὸς
1190 3830 1330 3903 αἷμα
1359 3833 1456 3887 καὶ
1494 3833 1699 3905 σάρκα,
1740 3829 1894 3889 εἶπεν
1916 3833 1984 3889 ἂν

404 3926 432 3977 ὁ
455 3929 597 3991 θεῖος
632 3927 974 3991 Ἀπόστολσς,
1004 3927 1151 3991 είκός
1181 3927 1299 3980 ἐστι
1324 3927 1419 3980 καὶ
1436 3926 1982 3999 παραϐληθῆναικα-

406 4017 511 4078 “Min;
537 4017 806 4088 ἀλλήλοις.
840 4015 1096 4069 Δείκνυσι
1134 4015 1247 4088 γὰρ
1286 4016 1379 4069 τὸν
1409 4016 1816 4087 εὐδοκιμηκότα
1843 4017 1986 4085 ὑπὲρ

406 4110 534 4172 τοὺς
590 4108 786 4173 ἄλλους
838 4105 1300 4178 πλεονεκτήματά
1353 4108 1987 4179 τινα,-ὲπιδεδειγμένα

406 4202 523 4265 τοῖς
558 4199 862 4269 ὀφθαλμοῖς
886 4198 997 4251 τῶν
1028 4200 1279 4267 ὁρώντων
1299 4216 1315 4232 ο
1353 4200 1511 4271 ῥώμη
1542 4199 1795 4270 σώματος
1824 4202 1988 4271 φημὶ.

409 4292 504 4343 καὶ
539 4290 842 4358 γυμνάσια,
877 4288 971 4343 καὶ
1014 4289 1177 4357 πεῖρα
1224 4286 1335 4340 τῶν
1385 4304 1448 4354 γε
1497 4287 1757 4340 τοιούτων
1789 4288 1992 4355 ἀγωνι-

2078 3185 2375 3240 tiositatem
2414 3185 2664 3256 egregius
2696 3185 2813 3256 ipse
2850 3187 2932 3241 vir
2976 3186 3156 3244 factus
3193 3199 3272 3255 es,
3326 3193 3419 3247 sed
3453 3192 3667 3262 simplb-

2076 3275 2218 3330 citer
2250 3276 2320 3331 ob
2355 3276 2497 3331 facta
2533 3286 2645 3331 tua.
2685 3279 2863 3348 Atque
2901 3279 3003 3334 hoc
3028 3279 3111 3334 vel
3149 3277 3275 3336 inde
3312 3284 3661 3354 perspicuum

2077 3375 2180 3423 est.
2222 3366 2357 3422 Nam
2392 3370 2597 3425 corona
2627 3384 2731 3425 non
2774 3370 3077 3441 potiuntur.
3117 3372 3365 3451 homines
3412 3391 3477 3431 ex
3513 3377 3667 3447 lapsu

2076 3459 2338 3528 proximi,
2391 3461 2486 3515 sed
2524 3475 2591 3515 ex
2625 3462 2737 3516 suis
2792 3460 3026 3532 egregiis
3066 3462 3242 3520 factis.
3300 3466 3538 3535 Apparet
3572 3468 3669 3537 igi-

2080 3560 2188 3616 tur,
2226 3564 2332 3605 non
2369 3565 2530 3622 posse
2563 3546 2707 3616 iieri,‘
2741 3560 2804 3617 ut
2834 3553 2975 3607 inter
3022 3568 3082 3609 se
3116 3566 3528 3625 comparentur,
3572 3547 3666 3625 qui

2081 3652 2359 3699 certamen
2426 3645 2689 3700 adversus
2745 3647 3058 3717 superbiam
3142 3646 3470 3721 suScipiunt.
3542 3650 3671 3706 illos

2082 3737 2224 3792 enim
2277 3736 2533 3803 athletas,
2574 3738 2771 3807 quibus
2828 3740 2947 3795 olea
2985 3742 3290 3810 prmmium,
3329 3753 3382 3798 et
3416 3747 3508 3814 qui
3544 3728 3669 3802 cum

2084 3829 2360 3897 sanguine
2392 3836 2672 3900 earneque
2707 3828 3093 3897 colluctautur,
3125 3840 3183 3886 ut
3212 3820 3512 3903 ‘Aposmlus
3541 3853 3673 3895 sane

2083 3920 2418 3989 loqueretur,
2454 3919 2729 3975 verismiie
2745 3928 2827 3975 est
2848 3924 2992 3976 recte
3011 3923 3152 3977 inter
3167 3940 3227 3979 se
3248 3926 3507 3981 conferri.
3526 3929 3676 3996 Qum-

2086 4012 2211 4067 dam
2246 4012 2391 4067 enim
2425 4015 2577 4068 dotes
2616 4014 2939 4083 singulares,
2978 4017 3243 4085 expositae
3301 4032 3674 4088 spectatorum

2088 4104 2286 4169 oculis,
2347 4106 2471 4160 eum
2514 4105 2913 4175 demonstrant,
2953 4110 3045 4177 qui
3100 4114 3266 4180 supra
3318 4120 3546 4168 cazteros
3589 4131 3678 4171 ex-

2090 4197 2278 4253 cellit:
2323 4198 2657 4267 ut'cOrporis
2688 4198 2876 4263 robur,
2908 4210 2961 4255 et
3014 4202 3462 4270 exercitationes,
3508 4219 3565 4261 et
3622 4208 3678 4263 iu

2092 4286 2402 4358 hujusmodi
2437 4290 2830 4345 certaminibus
2856 4296 3220 4362 experientia.
3248 4285 3403 4362 Quod
3434 4298 3481 4352 si
3512 4300 3677 4354 etiam

414 4381 662 4451 σμάτων.
705 4380 813 4433 Ἦν
843 4378 900 4432 δὲ
950 4377 1136 4432 καὶτὸ
1184 4377 1418 4449 ἀκριϐὲς
1460 4378 1535 4448 μὴ
1569 4378 1883 4432 παντάπασι
1921 4379 1989 4448 τῇ

2096 4398 2202 4437 non
2267 4385 2492 4440 omnino
2529 4395 2787 4441 accurate
2848 4386 2958 4441 lata
3020 4391 3293 4443 Sententia
3333 4391 3514 4456 fuerit,
3574 4407 3681 4451 nou

411 4473 580 4543 ψήφῳ
613 4472 788 4542 παρῇ,
819 4471 882 4523 οὒ
924 4469 1045 4523 λίαν
1074 4470 1421 4524 ιπικίνδυνον
1453 4470 1515 4523 τὸ
1546 4469 1851 4541 ἁμάρτημα
1871 4484 1886 4499 °
1928 4469 1990 4522 οὐ

2102 4476 2394 4532 admodum
2428 4477 2776 4549 periculosus
2806 4480 2897 4535 hic
2922 4485 3077 4535 error
3109 4492 3211 4538 est.
3244 4469 3361 4539 Non
3392 4486 3533 4539 enim
3567 4488 3685 4541 ani-
3734 4484 3749 4493 ’

413 4565 524 4633 7&9
560 4560 886 4632 λυμαίνεται
933 4561 1055 4622 ταῖς
1099 4558 1327 4629 ψυχαῖς,
1356 4560 1546 4629 ὀλίγην
1579 4560 1635 4612 δέ
1663 4574 1787 4615 τινα
1829 4559 1991 4627 δόξαν

417 4660 515 4708 καὶ
543 4654 914 4725 σὸεννυμένην
940 4653 1143 4707 αὐτίκα
1173 4654 1206 4724 ἢ
1239 4654 1525 4724 χαρίζεται
1553 4652 1797 4717 τοῖς-οὑκ
1821 4652 1994 4718 ἀξίοις

422 4748 549 4809 ἴσως
579 4745 793 4810 λαϐεῖν,
828 4745 862 4816 ἢ
894 4745 1191 4816 ὑποστερεῖ
1213 4744 1398 4815 τυχὸν,
1427 4738 1508 4807 οἷς
1541 4744 1833 4798 ἀποδοῦναι
1863 4745 1995 4798 ταύο

416 4852 521 4905 την
552 4835 859 4905 προσῆκεν.
895 4834 1083 4898 Ὀσοις
1129 4833 1176 4887 δ’
1222 4830 1291 4888 αὖ
1333 4834 1396 4887 τὸ
1428 4834 1691 4903 πολεμεῖν
1732 4835 1870 4904 πρὸς
1897 4834 1997 4896 τὰς

423 4927 596 4998 ἀρχάς
623 4928 764 4992 ἐστι,
796 4926 893 4981 καὶ
920 4927 1020 4988 τὰς
1049 4926 1324 4993 ἐξουσίας,
1346 4925 1572 4988 τούτους
1592 4924 1649 4978 δδ
1679 4925 1798 4989 πῶς
1827 4924 1893 4981 ἄν
1918 4929 2000 4990 τις
2066 4938 2069 4941 ·

424 5023 561 5092 ἔχοι,
584 5020 680 5073 καὶ
711 5019 845 5090 πρὸς
871 5019 1025 5083 τίνας
1047 5018 1182 5083 ὅλως
1206 5018 1581 5090 παραϐαλεῖνς
1608 5020 1841 5090 πότερον
1864 5020 2003 5090 πρὸς

424 5114 553 5176 τοὺς
582 5110 1032 5182 ἀποδυσαμένους
1061 5113 1144 5174 εἰς
1192 5111 1285 5165 τδν
1326 5111 1494 5165 αὐτὸν
1516 5112 1708 5175 αὐτοῖς
1744 5109 1932 5176 ἆθλον.
1966 5114 2001 5184 ἢ
2032 5170 2037 5171 ,

427 5205 565 5276 πρὸς
596 5205 829 5258 ταυτασὶ
875 5205 980 5267 τὰς
1023 5202 1148 5257 καθ’
1182 5203 1343 5273 ήμῶν
1389 5204 1889 5275 παραταττομόνας
1913 5204 2005 5258 δυέ-

430 5297 667 5366 νάμειςς
717 5296 860 5351 Ἀλλ’
909 5297 1101 5367 ἔμοιγε
1147 5296 1297 5349 δοκεῖ
1345 5296 1472 5367 μηδ’
1516 5297 1823 5353 ὁπωστιοῦν
1864 5294 2006 5351 εἶναι

430 5392 540 5444 τῶν
572 5390 937 5460 γιγνομένων,
988 5388 1219 5454 δοξάσαι
1263 5389 1493 5459 θάτερον
1522 5390 1696 5445 τοῖνδε
1750 5390 2008 5459 γενέσθαι

402 5475 545 5533 ,οἷόν
568 5495 629 5532 τε
677 5476 837 5548 εἶναι,
873 5478 1188 5545 Ἐχθίστους
1221 5479 1323 5549 μὲν
1352 5481 1462 5551 γὰρ
1492 5481 1709 5545 ὲκείνας
1740 5483 1891 5553 ἡμῖν,
1914 5482 2012 5546 τὰς

434 5571 683 5643 πονηρὰς
702 5571 850 5640 λέγω
880 5572 1169 5641 δυνάμεις,
1191 5571 1412 5641 εὔλογον
1443 5576 1584 5628 νοεῖν
1602 5591 1662 5627 τε
1692 5575 1787 5630 καὶ
1809 5575 2010 5645 λέγειν’

2104 4571 2209 4625 mis
2234 4572 2458 4626 exitium
2483 4569 2665 4636 adert,
2725 4572 2821 4626 sed
2855 4572 3105 4641 exiguam
3137 4576 3426 4640 quamdam
3455 4576 3683 4644 gloriam

2104 4671 2295 4733 etque:
2324 4664 2508 4718 Statim
2530 4662 2918 4733 exstinguitur,
2954 4664 3036 4718 vel
3066 4658 3298 4733 indignis
3326 4666 3555 4722 fortasse
3590 4669 3689 4723 tri-

2107 4755 2263 4820 buit,
2324 4753 2407 4809 vel
2470 4754 2538 4809 iis
2607 4749 2818 4817 adimit,
2875 4753 3075 4821 quibus
3130 4765 3250 4808 erat
3310 4755 3687 4813 attribuenda.

2108 4844 2211 4913 Qui
2248 4858 2375 4900 vero
2432 4844 2630 4900 bellum
2663 4847 2855 4913 gerunt
2910 4845 3174 4901 adversus
3234 4845 3575 4917 principatus
3632 4861 3692 4905 et

2110 4948 2433 5010 potestates,
2469 4953 2568 4993 eos
2593 4953 2836 5008 quonam
2868 4945 3029 5009 pacto
3061 4939 3205 5005 quis,
3249 4945 3302 4993 et
3337 4954 3461 4995 cum
3491 4942 3691 5012 quibus

2113 5034 2341 5087 omnino
2367 5020 2755 5100 compararet?
2786 5038 2966 5083 utrum
3013 5044 3134 5083 cum
3168 5028 3298 5098 illis,
3336 5031 3429 5100 qui
3459 5022 3585 5086 cum
3611 5018 3719 5087 eis

2117 5125 2259 5179 idem
2301 5124 2355 5179 in
2404 5131 2680 5179 certamen
2717 5122 3077 5189 descendunt,
3126 5139 3195 5177 an
3232 5140 3355 5195 eum
3405 5104 3698 5196 pugnanti-

2115 5218 2216 5273 bus
2238 5216 2496 5271 adversus
2517 5228 2616 5270 nos
2634 5213 3057 5283 potestatibus?
3116 5214 3259 5270 Mihi
3294 5213 3431 5272 'sane
3463 5216 3697 5284 videtur,

2118 5312 2471 5380 nequaquam
2533 5307 2850 5370 convenire,
2912 5318 2971 5361 ut
3031 5308 3429 5375 existimemus,
3490 5311 3699 5365 alteru-

2121 5404 2265 5455 trum
2295 5400 2494 5454 horum
2524 5398 2701 5453 locum
2727 5397 2933 5454 habere
2959 5415 3138 5469 posse.
3194 5398 3329 5455 Nam
3361 5400 3530 5457 maias
3576 5403 3699 5457 illas
3746 5470 3755 5476 η

2122 5500 2426 5563 potestates
2465 5504 2569 5544 non
2601 5489 2700 5545 abs
2731 5504 2789 5545 re
2833 5492 2989 5546 nobis
3045 5492 3263 5563 quidem
3314 5492 3703 5548 infestissimas

2123 5594 2178 5637 et
2201 5582 2442 5654 cogitare
2486 5596 2793 5653 possumus,
2820 5592 2875 5638 et
2907 5583 3128 5641 dicere:
3174 5586 3266 5641 sed
3316 5584 3495 5641 aemuli
3528 5586 3699 5653 nostri

435 5658 856 5732 ἀνταγωνιστῶν
882 5664 939 5719 δὲ
958 5664 1121 5717 τόπον
1142 5664 1364 5735 ἐπέχειν
1392 5667 1567 5731 αὐτὰς
1592 5667 1890 5737 πρδςήμᾶς
1922 5670 1994 5723 οὺς

2127 5674 2275 5729 nullo
2302 5688 2423 5729 esse
2461 5673 2624 5735 modo
2678 5683 2924 5743 possunt.
2962 5674 3074 5732 Nec
3101 5678 3246 5733 enim
3282 5675 3505 5745 gloriam
3537 5692 3703 5746 expeo

436 5754 651 5827 δαμῶς.
686 5756 823 5813 Οὔτε
855 5756 965 5825 γὰρ
991 5756 1150 5823 δόξης
1197 5757 1419 5826 ἐρῶσιν.
1467 5758 1591 5815 οὔτε
1633 5761 1713 5826 είς
1750 5762 1813 5813 τὸ
1841 5760 2010 5833 γέρας

753 5852 1027 5916 Ρηιιοι.
1063 5853 1184 5914 (in.
1231 5849 1416 5911 CLVI

2130 5773 2271 5835 tunt,
2303 5779 2401 5823 nec
2462 5767 2747 5836 praemium
2805 5777 3055 5827 spectant
3089 5790 3100 5801 -
3152 5767 3246 5823 sed
3286 5767 3568 5826 interitqu
3600 5785 3703 5825 noo

3198 5863 3271 5922 18
