4000 6426
440 342 558 409 ὒδθ

1577 339 1983 406 MANUELIS
2021 339 2471 405 PALEOLOGI

3562 348 3651 411 {60

432 458 610 512 annus
648 470 662 506 :
691 469 792 515 ωε
829 452 882 513 lu
913 466 999 511 me
1022 450 1422 523 praestationem
1452 461 1666 517 eorum,
1696 466 1820 523 qua:
1855 451 2004 507 trado

2115 449 2312 514 αὐτοὺς
2345 451 2446 504 οὐκ
2474 449 2635 513 ὄντας
2664 465 2729 519 τε
2765 448 3028 521 τοιαύτης
3056 448 3357 522 δυνάμεως.
3391 452 3661 520 Ἐξεστιδέ

435 560 563 603 eum
589 548 811 602 docendi
863 546 1076 602 ratione
1102 535 1478 617 coniunctam,
1515 544 1756 614 reperire
1782 543 2013 611 cogites.

438 640 576 694 Nam
603 639 810 695 scimus
840 638 970 708 ipsi,
1004 653 1107 695 nos
1139 653 1204 693 ea
1243 636 1504 694 facultate
1535 635 1778 692 destitui.
1804 633 2019 690 Nihilo-

437 732 619 788 minus
652 731 966 787 auctoritati
1019 745 1148 801 erga
1193 738 1247 785 te
1289 733 1425 784 niese
1448 742 1771 785 concessum
1798 738 1901 793 est,
1938 725 2015 781 uti

438 826 507 879 de
543 824 706 879 rebus
737 823 844 878 illis
875 824 1165 889 disseram,
1199 821 1442 890 adeoque
1463 804 1863 888 persuadeam;
1895 817 2019 888 qni-

436 919 539 971 hus
569 931 599 970 a
631 916 794 971 rebus
843 913 1095 982 equidem
1143 912 1301 981 longe
1332 910 1549 966 absum.
1594 907 1711 966 Nec
1738 910 1882 965 enim
1917 908 2014 963 tibi

436 1012 520 1064 fas
546 1017 654 1071 est,
692 994 771 1073 iis
805 1008 947 1061 haud
976 1007 1375 1075 obtemperare,
1401 1018 1524 1073 quae
1565 1017 1597 1059 a
1630 1003 1787 1059 nobis
1817 1001 2013 1057 tradita

437 1108 588 1179 sunt.
642 1096 773 1151 Nam
808 1097 854 1151 si
891 1106 1161 1165 prmcepta
1212 1095 1517 1163 priscorum
1564 1094 1910 1149 sacerdotum
1950 1106 2016 1148 ac

440 1189 843 1244 I‘hariszcorum
876 1187 1161 1256 aspernari
1197 1202 1304 1242 non
1345 1185 1567 1250 licebat,
1605 1185 1687 1240 uti
1725 1185 1818 1255 qui
1851 1183 2015 1239 Musis

435 1282 488 1335 in
519 1280 773 1335 cathedra
800 1281 1084 1345 sedebant,
1117 1293 1449 1350 quamquam
1482 1277 1617 1332 nihil
1647 1291 1860 1340 eorum,
1894 1289 2014 1346 qua

433 1373 724 1437 docebant,
762 1372 1007 1427 facerent
1036 1389 1051 1426 :
1086 1370 1261 1426 multo
1307 1371 1481 1441 magis
1518 1369 1698 1433 decet,
1731 1368 2016 1438 obtempe-

433 1480 567 1520 rare‘
588 1474 641 1521 te
671 1464 825 1528 mihi,
859 1463 952 1535 qui
1008 1463 1152 1533 quod
1207 1461 1554 1534 profuturum
1591 1469 1676 1517 est
1706 1460 1801 1516 tibi
1833 1462 2013 1525 trado,

429 1559 559 1614 licet
607 1558 754 1613 idem
788 1558 906 1627 ipse
945 1572 1053 1611 non
1092 1563 1242 1611 recte
1282 1553 1502 1610 faciam.
1540 1552 1675 1608 Nam
1709 1563 1767 1607 et
1812 1551 2011 1623 ipsein

432 1653 637 1703 throno
665 1650 853 1713 sedeo,
879 1656 1147 1718 praecepta
1183 1646 1281 1701 tibi
1310 1650 1471 1701 modo
1499 1658 1829 1714 proponens,
1860 1653 2012 1699 tanto

430 1742 627 1810 priscis
648 1740 755 1794 illis
780 1740 1181 1810 praestantiora,
1211 1735 1399 1808 quanti
1428 1734 1576 1790 venit
1602 1733 2010 1797 mstiti-auidum,

432 1831 577 1901 quod
607 1829 698 1884 illa
741 1829 959 1894 veteris,
992 1810 1108 1883 haec
1131 1842 1285 1882 nova:
1312 1827 1421 1882 sint
1462 1824 1821 1896 legislatio-ais
1849 1832 2015 1893 atque

432 1925 641 1991 gratia.
659 1919 755 1977 Vel
772 1921 818 1977 si
836 1922 936 1975 hoc
956 1919 1150 1984 mavis,
1171 1917 1260 1973 illa
1280 1915 1502 1986 legalem
1523 1914 1589 1969 ad
1609 1915 1879 1977 umbram,
1898 1914 2013 1968 haec

433 2029 616 2073 nostra
648 2015 898 2070 veritatis
931 2014 1000 2068 ad
1035 2010 1478 2080 prtedicationem
1496 2009 1796 2079 pertinent.
1818 2006 2010 2061 itidem

430 2106 541 2162 hoc
558 2106 752 2162 solium
785 2105 837 2160 in
868 2118 1136 2174 quouunc
1184 2102 1301 2173 ipse
1331 2101 1521 2168 sedeo,
1547 2092 1900 2170 praestantius
1928 2106 2013 2153 est

432 2194 526 2254 illo
574 2198 756 2270 prisco
792 2196 1063 2265 longoque
1097 2194 1385 2249 intervallo
1404 2193 1454 2247 id
1474 2201 1719 2261 superat,
1742 2206 1867 2247 cum
1888 2189 2010 2245 solii

428 2297 597 2351 divini
624 2296 694 2367 (si
728 2294 945 2366 quidem
977 2293 1083 2347 hoc
1116 2305 1223 2346 non
1268 2290 1433 2345 nimis
1484 2287 1743 2343 audacter
1784 2285 2008 2357 dicitur)

427 2383 783 2447 simulacrum
805 2387 897 2444 sit.
945 2387 1081 2443 Nam
1103 2396 1160 2440 ut
1181 2386 1247 2441 de
1271 2385 1374 2439 alia
1397 2382 1634 2455 quadam
1653 2381 2005 2449 auctoritate,

426 2500 546 2553 qua:
571 2481 773 2551 aliquid
804 2478 1119 2535 eminentiae
1149 2477 1367 2544 habeat,
1429 2475 1568 2530 nihil
1603 2473 1811 2539 dicam,
1850 2482 2008 2545 pater

427 2578 541 2631 lilio
563 2576 817 2647 princeps
851 2582 938 2627 est
1003 2580 1166 2642 atque
1202 2570 1479 2630 dominus,
1502 2583 1570 2623 ex
1606 2567 1723 2637 ipsa
1787 2574 2003 2623 natura.

429 2671 548 2726 Pari
584 2670 795 2724 ratione
825 2667 969 2731 Deus
1004 2678 1226 2735 quoque
1282 2661 1444 2717 nobis
1492 2671 1547 2715 et
1617 2659 1876 2739 princeps
1948 2666 2006 2713 et

427 2763 690 2818 Dominus
718 2768 827 2815 est.
855 2756 924 2812 At
956 2756 1267 2810 declaretur
1288 2769 1417 2809 sane
1438 2769 1526 2809 res
1571 2752 1851 2822 aliquanto
1887 2765 2005 2804 ma-

430 2856 701 2910 nifestius.
727 2851 868 2919 Quid
900 2847 1062 2921 igitur
1092 2864 1220 2919 erga
1260 2863 1356 2902 nos
1392 2844 1531 2901 Deus
1556 2846 1579 2900 ?
1608 2862 1714 2899 non
1773 2844 1953 2914 opifex
1981 2842 2005 2896 ί

428 2964 532 3001 non
561 2944 751 3017 pater?
776 2958 881 2998 non
924 2944 1066 2998 rex?
1099 2956 1208 2996 non
1261 2935 1560 3007 provisor?
1614 2952 1719 2992 non
1773 2935 2005 2992 doctor?

431 3036 790 3102 llmconmia,
846 3045 898 3090 te
933 3050 1066 3089 sane
1124 3030 1266 3102 quod
1315 3031 1535 3096 attinet,
1597 3029 1731 3085 tuihi
1786 3041 2003 3100 quoque

421 3234 528 3289 cst,
565 3222 617 3276 in
642 3237 708 3276 eo
741 3223 940 3274 throno
988 3219 1176 3279 sedeo,
1220 3217 1310 3286 qui
1376 3213 1556 3281 throni
1620 3211 1789 3265 divini
1828 3211 2001 3267 simu-

424 3314 634 3368 lacrum
663 3322 747 3366 est
777 3327 793 3365 :
831 3319 888 3364 at
918 3309 1011 3364 isti
1037 3306 1351 3362 sacerdotes
1380 3316 1546 3374 atque
1579 3301 1860 3365 Phariszei,
1890 3299 2004 3356 Mo—

422 3405 500 3458 sis
536 3403 591 3459 in
634 3402 894 3458 cathedra
940 3398 1222 3456 sedebant.
1274 3397 1353 3453 Ea
1399 3383 1535 3451 vero
1584 3396 1748 3464 longe
1812 3400 2003 3449 nostra

426 3497 654 3554 Inferior
690 3505 795 3551 est.
826 3492 1001 3550 Nolim
1028 3502 1208 3547 autem
1243 3507 1330 3545 me
1362 3489 1649 3559 quisquam
1681 3488 2005 3544 temeritatis

437 3593 685 3655 damnet,
712 3588 796 3643 vel
827 3585 1173 3663 arrogantiae.
1218 3582 1332 3638 Non
1356 3582 1501 3639 enim
1550 3582 1816 3651 meipsum
1876 3594 2002 3634 eum

422 3684 591 3749 Muse,
617 3682 711 3754 qui
739 3682 911 3736 Deum
974 3676 1249 3748 adspexit,
1310 3690 1622 3745 comparo:
1684 3674 1806 3744 (cur
1862 3671 2003 3726 istuc

425 3774 706 3833 facerem?
748 3774 892 3829 absit
924 3790 939 3827 :
968 3771 988 3844 )
1021 3773 1118 3829 sed
1154 3770 1476 3840 simpliciter
1512 3769 1659 3839 ipsas
1685 3765 2000 3822 cathedras.

426 3872 490 3925 Et
511 3869 927 3925 consideremus
958 3881 1073 3920 rem
1124 3863 1407 3928 subtilius,
1440 3862 1484 3916 si
1541 3860 1741 3932 placet.
1791 3858 2003 3928 Quippe

421 3963 638 4019 tametsi
672 3959 939 4015 divinitus
968 3958 1186 4029 utrique
1240 3956 1501 4010 traditum
1562 3954 1636 4009 sit
1687 3952 1998 4022 imperium,

422 4053 551 4107 mihi
584 4052 731 4115 dico,
767 4059 820 4105 et
850 4048 985 4104 Mosi
1016 4064 1032 4104 :
1066 4048 1216 4118 (nam
1248 4055 1301 4101 et
1358 4046 1447 4100 ille
1498 4045 1607 4099 dux
1665 4042 1793 4107 fuit,
1836 4051 2002 4112 atque

384 4154 390 4160 '
418 4144 633 4203 doctor.
665 4139 737 4195 At
767 4139 919 4193 istmc
936 4137 1165 4193 onmiuo
1195 4136 1524 4205 proveniunt
1555 4149 1584 4187 a
1640 4133 1774 4197 Deo,
1826 4148 2003 4201 quan-

420 4231 711 4300 doquidem
737 4226 922 4281 abillo
951 4232 1194 4295 potestas
1222 4224 1421 4288 onmis,
1443 4223 1742 4277 secundum
1765 4222 2001 4288 Aposto-

421 4322 590 4390 lum:)
613 4334 839 4388 regnum
865 4327 1047 4372 tamen
1078 4317 1235 4371 ducis
1268 4316 1496 4384 imperio
1517 4313 1863 4382 praestantius
1890 4323 1997 4377 est,

2126 557 2231 610 μου
2259 542 2337 611 τῷ
2370 542 2506 613 πρὸς
2540 542 2598 596 σὲ
2652 542 2901 613 σχήματι
2951 542 3130 615 τούτῳ
3170 546 3266 599 καὶ
3294 546 3418 617 περὶ
3458 549 3658 605 exulum

2121 632 2327 700 λέγειν,
2373 637 2466 688 καὶ
2504 636 2652 703 μάλα
2679 634 2913 699 πείθειν,
2947 629 3025 689 ὧν
3059 652 3122 703 γε
3153 637 3248 691 καὶ
3287 640 3493 709 μακρὰν
3527 643 3661 712 ἀφει-

2123 726 2370 796 στήκιιν.
2399 725 2532 779 Οὐδὲ
2566 727 2675 797 γὰρ
2705 726 2865 797 θέμις
2893 728 3143 781 ἀπειθεῖν
3186 743 3244 780 σε
3278 730 3389 791 τοῖς
3432 730 3662 800 δεδογμέ-

2120 832 2253 878 νοις.
2288 816 2349 870 El
2378 817 2488 887 γὰρ
2531 819 2643 881 τοῖς
2674 818 2844 873 πάλαι
2873 819 3083 890 ἱερεῦσι
3120 820 3217 874 καὶ
3245 821 3551 889 Φαρισαίοις
3576 826 3665 877 οὐκ

2119 907 2368 961 ἀπειθεῖν
2398 908 2527 971 ἔδει,
2572 909 2648 973 ὡς
2675 909 3149 987 καθεσθεῖσινζὲπδ.
3177 910 3276 982 τῆς
3304 912 3543 981 Μωσέως
3581 932 3667 969 κα-

2120 1000 2336 1069 θέδρας,
2384 1001 2564 1057 καίτοι
2618 1004 2791 1075 μηδὲν
2844 984 3239 1076 ἐργαζομένοις
3306 999 3488 1079 ὧνπερ
3516 1009 3669 1063 ιδιδα.

2121 1108 2271 1169 σκον,
2324 1092 2503 1163 πολλῷ
2540 1111 2606 1163 γε
2649 1096 2851 1165 μᾶλλον
2880 1097 3091 1167 πρέπον
3123 1098 3291 1163 ἐστὶν,
3324 1098 3468 1169 ὲμοῖ,
3503 1117 3580 1154 σοι
3616 1102 3670 1155 τδ

2119 1186 2369 1238 συνοῖσον
2403 1184 2645 1254 λέγοντι,
2678 1186 2985 1251 πείθεσθαι.
3020 1188 3068 1241 εί
3096 1188 3161 1257 δὴ
3189 1189 3285 1243 καὶ
3318 1189 3395 1262 μὴ
3418 1193 3564 1245 τοῦτο
3586 1211 3672 1246 κα-

2116 1275 2224 1339 λῶς
2260 1276 2586 1348 πράττοιμι.
2643 1279 2910 1350 Κάθημαι
2939 1279 3051 1353 γὰρ
3097 1282 3163 1354 δὴ
3211 1283 3309 1336 καὶ
3356 1283 3533 1348 αὐτὸς,
3570 1285 3673 1337 νυνί

2117 1388 2201 1427 σοι
2222 1372 2588 1455 ¹παρβινέσιις
2638 1371 2966 1443 προτείνων,
3018 1372 3282 1428 τοσοῦτόν
3336 1390 3400 1440 γε
3438 1366 3695 1444 ἀμείνους

2114 1465 2225 1523 τῶν
2252 1466 2397 1529 τότε,
2436 1467 2565 1521 ὅσον
2605 1467 2663 1522 al
2696 1466 2798 1538 μὶν
2825 1467 2925 1535 τῆς
2955 1467 3218 1531 παλαιᾶς,
3250 1468 3307 1521 al
3349 1468 3405 1521 δὲ
3434 1468 3534 1533 τῆς
3562 1469 3673 1532 νέας

2116 1558 2226 1612 sla’t
2259 1557 2589 1629 νομοθεσίας
2611 1559 2707 1613 καὶ
2741 1554 3001 1629 χάριτος·
3051 1562 3100 1613 εί
3126 1561 3183 1614 δὲ
3209 1558 3393 1630 βούλει
3417 1579 3501 1631 γε,
3534 1565 3677 1625 σκιᾶς

2115 1652 2326 1706 ἐκεῖναι
2357 1651 2459 1722 τῆς
2483 1651 2740 1722 νομικῆς,
2790 1652 2847 1706 ai
2868 1652 2924 1705 δὲ
2951 1652 3082 1722 παρ’
3109 1653 3269 1721 ἡμῶν
3292 1649 3449 1708 αὗται
3476 1653 3566 1708 τοῦ
3590 1640 3676 1725 τῆς

2115 1740 2379 1811 ἀληθείας
2423 1739 2790 1812 κηρύγματος
2841 1740 3078 1811 ιχονται.
3122 1744 3186 1797 Ἥ
3218 1744 3276 1799 δὲ
3321 1744 3385 1815 δὴ
3435 1746 3674 1815 καθέδρα,

2123 1836 2208 1907 ἐφ’
2230 1831 2300 1910 ἦς
2329 1837 2509 1906 ἔγωγε
2545 1836 2662 1903 νῦν,
2691 1837 2961 1908 κρείττων
3003 1838 3221 1909 ἐκείνης
3264 1839 3365 1910 τῆς
3394 1839 3675 1909 πρεσϐυτέ⁸

2119 1946 2243 2001 ρας,
2272 1929 2367 1982 καὶ
2404 1926 2591 2002 πολλῷ
2622 1930 2703 2001 τῷ
2747 1930 2994 2001 περιόντι
3043 1931 3256 1986 νικῶσα
3280 1973 3294 1998 ,
3355 1933 3451 1987 ἆτε
3490 1933 3551 2001 δὴ
3591 1933 3677 2002 τὴν

2117 2023 2213 2075 τοῦ
2239 2019 2375 2074 Θεοῦ
2407 2021 2476 2092 (εί
2509 2023 2586 2093 μὴ
2617 2021 2894 2093 τολμηρὸν
2934 2025 3136 2094 είπεῖν)
3164 2007 3556 2089 είκονίζουσαζ
3579 2022 3678 2075 Καὶ

2116 2113 2226 2184 γὰρ
2255 2112 2425 2182 χωρίς
2454 2128 2600 2175 τινος
2631 2111 2797 2168 ἄλλου
2848 2114 3130 2183 σχήματος
3174 2115 3453 2188 ὑπεροχὴν
3481 2113 3677 2185 ἔχοντος

2116 2206 2303 2278 ἄρχων
2324 2208 2353 2260 ό
2377 2206 2520 2276 πατή
2531 2222 2561 2278 ρ
2596 2207 2715 2260 ἐστι
2742 2206 2822 2278 τῷ
2849 2206 3023 2271 παιδὶ,
3062 2208 3158 2262 καὶ
3178 2209 3470 2279 δεσπότης,
3511 2205 3567 2272 ἐξ
3592 2206 3677 2259 a6-

2115 2300 2215 2370 τῆς
2245 2298 2348 2364 τῆς
2383 2298 2618 2369 φύσεως.
2645 2297 2831 2354 Ταῦτα
2854 2300 2911 2355 δὲ
2932 2301 3065 2372 ἡμῖν
3098 2303 3126 2355 ό
3160 2300 3319 2366 Θεός.
3356 2295 3603 2372 Εἰρήσθω
3626 2299 3676 2352 δέ

2116 2408 2237 2455 πως
2261 2391 2358 2445 καὶ
2393 2390 2798 2463 φανερώτερον.
2831 2391 2898 2445 Τί
2936 2390 3032 2447 οὖν
3063 2392 3129 2464 δὴ
3158 2394 3228 2448 τὰ
3259 2391 3354 2447 τοῦ
3391 2389 3524 2446 Θεοῦ
3554 2389 3677 2459 πρὸς

2114 2484 2302 2555 ἠμᾶςς
2347 2482 2408 2535 οὐ
2439 2482 2811 2552 δημιουργόςς
2840 2482 2903 2536 οὐ
2931 2483 3155 2553 πατὴρς
3201 2483 3264 2537 οὐ
3302 2480 3586 2553 βασιλεΰςς
3621 2480 3677 2532 οὐ

2114 2573 2459 2645 προνοητήςς
2514 2573 2575 2626 οὐ
2610 2572 2965 2639 διδάσκαλος;
3003 2574 3180 2629 Ταυτὶ
3212 2574 3272 2629 δὲ
3314 2576 3494 2629 πάντα
3523 2571 3680 2644 κάμοὶ

2115 2666 2428 2737 πρόσεστιν,
2463 2660 2565 2720 ὅσα
2598 2664 2666 2719 τὰ
2688 2665 2827 2736 πρὸς
2849 2665 2934 2720 σέ.
2966 2665 3119 2719 Ἵλατ’
3147 2666 3263 2737 ἐγὼ
3299 2666 3423 2737 μὲν,
3451 2667 3583 2734 ὅπερ
3606 2659 3675 2718 εῖ-

2113 2775 2238 2823 πον,
2269 2757 2362 2811 ἐπὶ
2392 2756 2487 2811 τοῦ
2519 2757 2713 2829 θρόνου
2744 2757 3016 2829 κάθημαι,
3062 2757 3160 2812 τοῦ
3195 2758 3294 2813 τὸν
3331 2758 3466 2812 Θεὸν
3500 2756 3678 2810 εἰκονί-

2113 2850 2321 2915 ζοντος,
2370 2849 2420 2904 οι
2449 2849 2504 2903 δὲ
2540 2849 2710 2921 ίεριῖς
2749 2866 2810 2904 τε
2845 2850 2941 2905 καὶ
2971 2852 3272 2922 Φαρισαῖοι
3315 2852 3408 2905 ἐπὶ
3442 2851 3536 2920 τῆς
3564 2849 3674 2904 Μω-

2114 2940 2253 3003 σέως
2274 2939 2566 3012 καθέδρας.
2597 2940 2747 3011 Αὕτη
2779 2941 2835 2995 δὲ
2858 2942 2959 3012 τῆς
2988 2942 3274 3014 ἡμετέρας
3303 2943 3553 2997 ἐλάττων.
3582 2940 3678 2995 Καί

2061 3017 2076 3039 ⁸
2113 3047 2216 3102 μου
2249 3032 2439 3102 μηδεὶς
2476 3032 2817 3102 καταγνώτω
2844 3033 3076 3106 τόλμης,
3106 3037 3237 3107 μηδ’
3283 3037 3583 3097 αὐθαδείας.
3612 3032 3677 3087 05

424 3138 760 3198 competunt.
794 3124 1163 3194 Quamobrem
1194 3135 1295 3191 ego
1356 3120 1577 3191 quidem
1628 3135 1727 3175 ceu
1788 3119 1997 3174 dictum

2108 3120 2219 3193 γὰρ
2247 3122 2484 3207 ἐμαυτὸν
2536 3123 2676 3191 πρὸς
2719 3124 2812 3179 τὸν
2862 3124 3099 3197 θεόπτην
3130 3127 3439 3198 ξσυγκρίνω
3473 3125 3675 3197 (πόθενς

2106 3212 2332 3282 ἄπαγε).
2350 3214 2450 3278 τὰς
2472 3215 2529 3269 δὲ
2550 3216 2819 3285 καθέδρας
2841 3217 3049 3282 ἁπλῶς.
3074 3219 3187 3272 Καὶ
3213 3220 3517 3289 σκοπῶμεν
3537 3218 3678 3288 ἀκριο

2105 3304 2383 3376 δέστιρον,
2418 3306 2466 3359 ιι
2496 3307 2663 3361 δοκεῖ.
2695 3308 2757 3361 El
2791 3309 2901 3379 γὰρ
2932 3308 3025 3362 καὶ
3052 3309 3235 3363 θεόθεν
3259 3311 3597 3381 ἀμφοτέροις
3617 3306 3675 3360 τὰ

2104 3395 2207 3467 τῆς
2242 3399 2438 3469 ἀρχῆς,
2494 3399 2617 3468 ἐμοί
2650 3416 2711 3453 τε
2745 3399 2890 3468 λέγω
2923 3400 3017 3454 καὶ
3065 3400 3146 3469 τῷ
3196 3400 3380 3473 Mucii
3424 3403 3537 3481 (καὶ
3580 3400 3677 3468 γὰρ

2070 3482 2073 3483 ν
2104 3488 2359 3553 κάκεῖνος
2392 3490 2622 3561 ἡγεμὼν
2657 3490 2749 3545 καὶ
2794 3490 3116 3556 διδάσκαλος
3135 3506 3149 3522 ·
3180 3493 3358 3546 ταυτὶ
3395 3494 3451 3549 δὲ
3478 3494 3675 3552 πάντως

2104 3580 2169 3635 ἐκ
2198 3581 2293 3634 τοῦ
2322 3581 2480 3649 Θεοῦ,
2515 3583 2637 3637 ἐπεὶ
2662 3582 2757 3635 καὶ
2782 3585 2932 3636 πᾶσα
2961 3582 3203 3649 ἐξουσία,
3235 3582 3388 3639 κατὰ
3409 3585 3498 3638 τὸν
3530 3580 3673 3636 Ἀπό-

2106 3672 2318 3741 στολον)
2340 3687 2355 3704 ·
2388 3670 2507 3726 ἀλλ’
2538 3675 2571 3744 ἡ
2602 3673 2855 3757 βασιλεία
2888 3674 3132 3743 ἀμείνων
3160 3676 3487 3748 ἡγεμονίας,
3524 3675 3584 3731 al
3619 3690 3670 3726 τε

2103 3763 2222 3815 νυνὶ
2244 3762 2457 3832 διδαχαὶ
2485 3763 2595 3816 τῶν
2626 3763 2975 3833 παλαιτέρων
3006 3764 3188 3835 πολλῷ
3216 3767 3562 3838 τελεώτεραι,
3583 3766 3667 3819 ατε

2104 3852 2171 3926 δη
2198 3852 2302 3922 τῆς
2343 3854 2472 3917 νέας
2500 3853 2778 3925 Διαθήκης
2812 3854 3208 3925 ὲξηρτημέναι,
3241 3858 3342 3929 τῆς
3369 3858 3671 3926 τελειούσης

2103 3944 2195 3998 τδν
2227 3944 2417 4015 νόμον.
2455 3941 2621 4023 Ὥστε
2645 3943 2705 3998 τὸ
2736 3944 2870 4012 πρὸς
2896 3944 2953 3997 σέ
2985 3963 3087 4015 μου
3119 3944 3313 4018 σχῆμα
3336 3947 3511 4019 πολλῷ
3542 3963 3665 4016 προ-

2102 4036 2216 4107 έχει
2243 4036 2305 4089 οὗ
2342 4036 2503 4105 μόνον
2529 4036 2622 4089 τοῦ
2649 4036 2760 4090 τῶν
2798 4037 2991 4108 ίερέων
3031 4039 3129 4092 καὶ
3167 4038 3506 4110 Φαρισαίων,
3539 4039 3665 4111 πρὸς

2102 4130 2193 4181 τὸν
2219 4129 2327 4181 τῶν
2367 4129 2646 4183 Ἰουδαίων
2690 4129 2836 4192 λαὸν,
2866 4129 3004 4183 ἀλλὰ
3043 4130 3141 4183 καὶ
3179 4129 3289 4201 τῆς,
3312 4132 3406 4186 τοῦ
3439 4132 3665 4193 Μωτὲως

2103 4220 2381 4293 ὑπεροχῆς
2432 4210 2532 4291 τῆς
2578 4222 2718 4292 πρὸς
2747 4222 2993 4283 ἐκείνους
3041 4224 3314 4288 ἅπαντας.
3366 4226 3429 4279 El
3478 4224 3533 4277 δὲ
3578 4223 3665 4276 καὶ

2102 4313 2391 4383 προφήτης
2417 4307 2488 4382 ἦν
2507 4314 2534 4364 ὀ
2562 4311 2789 4381 Μωσῆς,
2821 4314 2981 4383 ἡμεῖς
3002 4312 3048 4366 δ’
3074 4315 3133 4367 ἑν
3156 4314 3353 4386 πλήθει
3382 4327 3666 4386 παραπτω-

418 4423 473 4468 et
494 4412 664 4480 hujus
697 4408 960 4478 temporis
987 4407 1249 4461 doctrinae
1272 4403 1471 4474 priscis
1497 4404 1605 4495 illis
1660 4404 1821 4473 longe
1870 4411 1999 4458 sunt

2107 4402 2470 4495 μάτων-αλλ’
2497 4404 2531 4473 ἠ
2566 4403 2844 4474 πατρότης
2876 4404 3229 4475 βεδαιότερόν
3259 4421 3313 4461 τι
3344 4407 3533 4480 χρῆμα
3562 4403 3666 4467 τοῖς

421 4504 802 4581 perfectiores,
828 4501 906 4555 uti
941 4514 1062 4571 quae
1090 4498 1325 4570 pendent
1349 4514 1378 4551 a
1407 4511 1548 4551 novo
1591 4485 1817 4559 ledere.
1850 4495 1995 4564 quod

2106 4485 2465 4564 κεκτημένοις
2497 4495 2530 4566 ἦ
2568 4495 2643 4548 τὸν
2681 4496 3052 4569 προφητεύειν
3105 4499 3222 4559 τοῖς
3267 4498 3474 4570 έχουσι.
3509 4492 3667 4550 Τοῦτο

413 4597 589 4669 legem
609 4595 842 4667 perlicit.
863 4591 1051 4663 anue
1069 4604 1293 4663 propter
1312 4591 1363 4645 in
1387 4600 1439 4645 te
1455 4588 1588 4653 mihi
1610 4603 1728 4657 quae
1749 4587 1996 4642 auctori-

418 4701 504 4745 tas
526 4697 632 4755 est,
651 4701 757 4742 non
782 4686 961 4741 solum
988 4684 1261 4740 anctorita
1272 4690 1379 4735 tem
1399 4681 1748 4736 sacerdotum
1767 4694 1833 4735 ac
1857 4679 1999 4734 Pha-

418 4782 704 4834 risaeorum
748 4793 875 4848 erga
921 4777 1175 4848 populant
1207 4773 1493 4829 Judaicum
1524 4780 1771 4841 superat,
1804 4786 1994 4825 verum

416 4872 593 4941 ipsius
613 4871 783 4925 etiam
803 4868 970 4924 Mosis
988 4883 1117 4938 erga
1147 4866 1269 4921 illos
1298 4865 1587 4919 universos
1616 4863 1993 4918 eminentiam.
2018 4904 2021 4905 γ

412 4965 569 5030 Quod
592 4962 639 5016 si
658 4961 900 5017 maxime
919 4960 1190 5021 dicamus,
1213 4955 1418 5010 Mosam
1448 4953 1619 5011 fuisse
1645 4956 1995 5024 prophetam,

418 5070 520 5110 nos
545 5070 680 5109 vero
716 5051 1065 5109 multitudine
1082 5032 1403 5104 delictorum
1426 5046 1633 5102 obsitos
1660 5061 1674 5100 :
1700 5054 1878 5102 tamen
1902 5060 1996 5113 pa-

415 5146 648 5201 ternitas
667 5143 873 5199 certius
890 5140 1147 5212 quiddam
1167 5148 1250 5193 est
1269 5139 1337 5193 iis
1354 5138 1448 5207 qui
1468 5147 1590 5193 sunt
1606 5147 1810 5206 patres,
1827 5150 1991 5205 quam

413 5231 745 5291 vaticinandi
767 5230 969 5287 donum
995 5232 1124 5293 illis,
1142 5228 1233 5299 qui
1257 5245 1323 5284 eo
1342 5239 1469 5284 sunt
1489 5229 1721 5298 praediti.
1741 5227 1871 5280 Nam
1892 5228 1994 5281 hoc

410 5328 635 5399 quidem
665 5342 694 5378 a
721 5323 909 5378 multis
943 5324 1092 5378 velut
1126 5322 1383 5384 avolavit.
1441 5321 1531 5376 ilia
1572 5335 1701 5376 vero
1734 5319 1849 5374 fieri
1900 5334 1994 5375 ue-

409 5419 533 5490 quit
563 5418 1039 5485 utexstinguatur,
1074 5414 1305 5483 ideoque
1333 5412 1533 5478 Moses,
1556 5414 1633 5467 uti
1666 5414 1757 5481 qui
1792 5428 1900 5466 non
1922 5410 1991 5466 ad

414 5511 560 5565 iiiios
591 5509 914 5573 dissereret,
944 5506 1279 5577 persuadere
1314 5505 1450 5560 nihil
1488 5507 1687 5575 potuit.
1717 5520 1840 5560 cum
1865 5505 1990 5573 qui-

410 5603 533 5657 dem
569 5611 623 5655 et
654 5599 1070 5665 vaticinaretur,
1098 5609 1152 5653 et
1184 5600 1430 5667 prodigia
1475 5599 1720 5667 qnzedam
1761 5597 1985 5651 faceret.

410 5695 479 5746 At
505 5708 629 5763 erga
665 5705 849 5761 patres
899 5691 1268 5746 inubedientia
1307 5690 1576 5758 reperitur
1603 5691 1690 5743 illa
1743 5691 1987 5759 quidem,

413 5786 509 5843 sed
532 5786 735 5852 rarius,
771 5794 823 5841 et
854 5786 907 5841 in
940 5785 1250 5842 hominibus
1284 5783 1533 5852 famosis,
1564 5799 1668 5839 non
1700 5785 1792 5855 qui
1838 5798 1988 5839 men-

2101 4586 2210 4656 γὰρ
2243 4586 2458 4639 πολλῶν
2505 4587 2750 4657 ἀπέπτη,
2786 4588 3004 4657 ἐκείνην
3043 4588 3100 4642 δὲ
3132 4590 3232 4660 οὐχ
3277 4584 3392 4645 οἷόν
3414 4606 3475 4643 τε
3511 4602 3668 4658 μετα-

2099 4680 2474 4735 πεπτωκέναι.
2533 4680 2633 4735 Διὰ
2683 4680 2747 4752 δὴ
2795 4679 2990 4747 ταῦτα,
3042 4668 3231 4753 ὠςμὴ
3270 4681 3409 4751 πρὸς
3457 4680 3604 4741 υίέας
3639 4679 3666 4729 ό

2099 4774 2309 4842 Μωσῆς
2339 4773 2747 4843 διαλεγόμενος,
2785 4772 2938 4827 οὐδὲν
2968 4772 3177 4839 ἔπειθε,
3220 4774 3314 4828 καὶ
3343 4771 3511 4828 ταῦτα
3541 4784 3669 4841 προ·

2098 4864 2353 4936 φητεύων
2384 4867 2482 4920 καὶ
2527 4865 2994 4937 θαυματουργῶν.
3048 4865 3300 4936 Πατράσι
3332 4865 3388 4918 δὲ
3432 4860 3664 4917 ἀπειθεῖν

2097 4957 2177 5011 ένι
2212 4957 2335 5027 μὲν,
2370 4959 2599 5011 σπάνιον
2625 4957 2705 5021 δὲ,
2735 4957 2831 5009 καὶ
2868 4956 3220 5028 βεδοημένων
3250 4953 3575 5025 ἀνθρώπων,
3606 4949 3662 5003 οὔ

2095 5049 2226 5113 νοῦν
2257 5050 2354 5102 καὶ
2382 5050 2624 5121 τρόπους
2648 5050 2893 5120 ἀγαθοὺς
2924 5047 3303 5118 κεκτημένων.
3351 5045 3510 5102 Ἀλλὰ
3536 5057 3660 5097 ταυ-

2094 5145 2219 5214 τηνῖ
2250 5142 2350 5213 τὴν
2399 5143 2704 5215 ὐπεροχὴνξ
2723 5143 2821 5197 καὶ
2866 5143 2963 5197 τὸν
3010 5140 3202 5212 θρόνον
3245 5139 3404 5195 οίσθα
3458 5139 3573 5210 μὲν,
3603 5132 3659 5188 εὖ

2094 5231 2234 5298 οῖδα,
2279 5235 2484 5298 καλῶς.
2520 5235 2806 5307 Νουνεχής
2847 5251 2906 5288 τε
2947 5235 3059 5306 γὰρ
3102 5232 3274 5303 ἀνὴρ,
3309 5232 3402 5286 καὶ
3434 5230 3539 5285 ἀπὺ
3568 5227 3660 5296 τῆς

2094 5324 2383 5389 εὐλαδείας
2406 5320 2499 5379 καὶ
2535 5328 2771 5397 στοργῆς
2806 5325 2906 5394 τῆς
2943 5326 3081 5396 πρὸς
3110 5328 3237 5389 τοὺς
3269 5322 3659 5394 γεγεννηκότας

2093 5419 2260 5488 ἡμᾶς,
2300 5417 2623 5485 λογίσασθαί
2653 5436 2713 5473 σε
2746 5418 2805 5472 τὺ
2836 5419 3009 5482 είκδς,
3043 5418 3270 5490 εὐχερές
3293 5419 3462 5481 ἐστιν,
3488 5411 3655 5484 οἶμαι.

2103 5511 2419 5581 Ἀμήχανον
2442 5511 2487 5565 δ’
2516 5510 2608 5563 οὖν
2641 5511 2889 5582 ἀκριϐῶς
2919 5511 3142 5575 εἰδέναι,
3175 5510 3299 5564 ὅσον
3329 5511 3362 5580 ἡ
3393 5506 3658 5578 πατρότης

2089 5603 2237 5656 ἐστὶν
2269 5605 2434 5668 υἱέσι,
2481 5606 2573 5657 τὸν
2620 5604 2845 5676 μηδέπω
2876 5605 3141 5672 γεγονότα
3175 5603 3404 5670 πατέρα.
3439 5597 3525 5666 Τῷ
3552 5594 3656 5662 γὰρ

2088 5694 2196 5747 τῶν
2234 5696 2580 5765 πραγμάτων
2614 5696 2912 5764 γεγεῦσθαι
2945 5696 3155 5766 βέλτιον
3194 5696 3374 5748 ἐκεῖνα
3401 5688 3648 5759 γινώσκοι

2094 5804 2194 5855 μεν
2227 5788 2360 5859 ῆτῷ
2393 5789 2681 5860 λογισμοῖς
2716 5789 3017 5855 ἐξετάζειν.
3060 5788 3189 5860 Δοίη
3220 5804 3298 5842 σοι
3328 5784 3384 5839 δὲ
3413 5781 3536 5843 Θεὸς
3563 5773 3647 5828 καὶ

3894 2472 3909 2777 ς

3906 2928 3911 3069 ν
