4000 6448
404 457 508 525 561
1553 459 1844 525 ORATIO
1885 463 1989 524 AD
2030 460 2430 525 SUBDlTOS.
3557 455 3667 517 £62

405 571 592 635 αὐτοῖς
622 572 735 634 τοῖς
770 571 1096 642 πράγμασιν
1142 571 1217 635 ὡς
1274 565 1505 641 τάχιστα
1550 573 1877 640 ἐπιγνῶναι,
1922 571 2028 636 τίΛ

2096 589 2136 628 .e
2162 572 2430 641 bonisque
2455 569 2702 625 moribus
2741 567 2953 640 praediti
2998 577 3146 628 sunt.
3215 566 3318 622 Sed
3375 567 3522 620 enim
3574 579 3661 621 οτιι

407 679 542 716 ποτε
573 663 756 732 πατήρ
771 663 887 717 ἐστι
916 663 1053 733 πρὸς
1068 663 1195 726 τοὺς
1211 664 1412 726 παῖδας
1431 679 1446 694 °
1463 662 1492 718 ὃ
1511 664 1607 718 καὶ
1625 662 1862 727 ἐλπίζω,
1887 663 1987 716 καὶ

2096 665 2227 730 scio,
2261 663 2400 718 bene
2427 662 2523 717 tibi
2559 671 2744 716 notam
2771 675 2894 714 esse
2920 659 3188 714 rationem
3221 655 3388 725 hujus
3416 655 3666 710 eminen-

405 753 659 826 εὔχομαι,
705 754 804 809 καὶ
827 757 946 818 ταῖς
975 755 1192 810 ἐλπίσιν
1232 755 1630 825 εὐφραινομαι,
1657 755 1752 836 καὶ
1781 755 1877 809 σοῦ
1919 772 1984 824 γε

2096 755 2182 810 tite
2206 764 2369 824 atque
2393 753 2598 808 throni.
2660 751 2872 821 Quippe
2919 751 3006 804 vir
3063 749 3305 818 prudens
3355 761 3438 812 es,
3487 749 3666 814 deque

405 847 728 916 μᾶλλον,ῶς
761 842 939 918 οἶμαι.
976 847 1076 910 Δὸς
1109 847 1174 917 δὴ
1202 848 1434 913 πάντας,
1457 841 1504 902 ὦ
1537 848 1784 918 φίλτατε,
1810 847 1992 902 εὐδαι-

2096 847 2294 918 pietate
2313 859 2378 902 ac
2411 857 2600 899 amore
2630 853 2724 898 tuo
2748 859 2876 913 erga
2931 857 3059 904 nos.
3103 841 3195 910 qui
3238 851 3288 896 te
3344 841 3664 910 genuimus.

405 939 547 1008 μονά
562 956 631 1010 με
659 939 925 1010 νομίζειν,
954 939 1142 1011 ῶσπερ
1163 940 1244 1012 τῷ
1258 939 1618 1010 καλὺνξφῦσαι
1643 940 1740 995 καὶ
1759 939 1989 1008 ἀγαθὸν,

2096 936 2254 993 facile
2284 944 2338 991 te
2365 933 2508 1006 quod
2539 948 2752 1003 aequum
2787 939 2892 995 est,
2915 930 3188 986 aestimare
3235 928 3494 983 arbitror.
3519 925 3663 980 Fieri

402 1028 547 1084 οὕτω
589 1030 648 1084 δέ
687 1032 783 1084 καὶ
813 1031 892 1099 τῷ
931 1031 1251 1097 παιδεῦσαι,
1290 1033 1386 1086 καὶ
1435 1032 1679 1086 τοιοῦτον
1709 1032 1994 1101 ἀποφῆναι

2097 1037 2278 1082 tamen
2307 1026 2518 1096 nequit,
2549 1025 2627 1080 uti
2675 1031 2878 1090 quanta
2931 1037 3020 1078 res
3049 1022 3123 1076 sit
3184 1021 3484 1091 paternltas
3535 1032 3665 1086 erga

403 1117 642 1186 βασιλέα
673 1120 766 1176 τὸν
787 1121 928 1186 υῖδν,
954 1115 1066 1176 οἷον
1093 1123 1162 1178 ἂν
1192 1123 1245 1178 oi
1273 1124 1546 1194 νουνεχεῖς
1571 1121 1682 1178 τῶν
1709 1123 1802 1177 ὑπ’
1829 1121 1995 1177 αύτιν

2097 1119 2324 1186 liberos,
2351 1131 2607 1174 accurate
2637 1117 2804 1180 norit,
2823 1116 2913 1185 qui
2945 1115 3176 1170 necdum
3199 1111 3668 1180 factus‘estpater.

403 1208 690 1275 εὔξαιντο.
2096 1209 2230 1264 Nam
2247 1209 2317 1264 de
2338 1221 2520 1264 rerum
2543 1214 2704 1284 gustu
2739 1206 2944 1262 rectius
2965 1219 3060 1259 eas
3079 1201 3486 1272 cognoscimus,
3507 1213 3668 1267 quam

406 1300 754 1372 indagatione
775 1301 1197 1372 cogitationum.
1231 1302 1464 1360 'l‘ribuat
1488 1311 1672 1357 autent
1712 1301 1807 1357 tibi
1833 1301 1978 1357 Deus
2017 1308 2078 1356 ut
2106 1308 2224 1370 ipsa
2255 1315 2317 1355 re
2346 1299 2750 1370 quamprimum
2816 1294 3109 1363 intelligas,
3162 1291 3299 1362 quid
3361 1291 3436 1345 sit
3529 1299 3664 1355 erga

406 1396 608 1453 liberos
633 1411 757 1452 esse
784 1405 995 1466 patrem
1025 1414 1042 1454 :
1068 1397 1214 1469 quod
1265 1407 1322 1454 et
1364 1396 1608 1451 futurum
1657 1409 1844 1466 spero,
1904 1404 1955 1450 et
1989 1384 2141 1464 opto,
2203 1402 2268 1450 et
2329 1393 2446 1464 ipsa
2499 1393 2568 1449 de
2599 1406 2698 1462 spe
2717 1391 3079 1460 voluptatem,
3105 1384 3368 1456 majorem
3396 1381 3480 1451 (ut
3539 1379 3658 1446 opi-

407 1500 530 1563 nor)
562 1508 724 1562 quam
776 1503 855 1557 tu,
920 1495 1182 1565 percipio.
1237 1492 1368 1560 Fac,
1413 1491 1742 1549 cbarissime
1767 1491 1868 1557 tili,
1921 1497 1982 1546 ut
2012 1505 2205 1547 omnes
2227 1505 2312 1547 me
2335 1489 2558 1546 beatum
2621 1487 2960 1552 existiment,
2997 1497 3120 1539 cum
3174 1479 3322 1552 quod
3390 1473 3669 1546 egregium

407 1600 462 1644 te
487 1589 917 1661 procrearerim,
963 1599 1079 1646 tmn
1105 1592 1296 1658 etiam,
1325 1591 1470 1662 quod
1539 1588 1917 1656 educaverint,
1981 1587 2267 1663 ﬁliumque
2309 1586 2472 1645 talem
2522 1572 2912 1658 imperatorem
2975 1578 3227 1645 fecerim,
3273 1575 3491 1647 qualem
3541 1584 3667 1627 cor-

405 1684 520 1739 dati
551 1683 757 1740 subditi
803 1684 1135 1756 Optaverim.

1167 2082 1312 2171 122
1372 2074 1520 2170 ΕΞ
1600 2077 2208 2169 ΕΥΜΕΝΟΥΣ
2265 2052 2910 2163 ΑΡΧΟΝΤΟΣ’

1288 2260 1471 2316 ΠΡΟΣ
1504 2261 1780 2317 ΕΥΝΟΥΣ
1800 2257 2184 2316 ΥΠΗΚΟΟΥΣ
2213 2257 2395 2315 ΤΟΥΣ
2427 2257 2514 2312 EN
2558 2256 2782 2313 AKMH.

1106 2596 1568 2692 ORATIO
1692 2551 2250 2688 Pnemn
2358 2599 2978 2726 PRINCIPIS

884 2795 990 2857 AD
1037 2792 1514 2886 ssusvpLos
1557 2790 1944 2868 summos
1981 2788 2028 2866 ρ

2096 2789 2120 2852 Ι
2167 2791 2478 2857 ΕΤΑΤΙΞ
2502 2793 2581 2855 1N
2647 2792 2913 2856 FLORE
2961 2791 3186 2854 SUNT.

2225 3041 2254 3072 9

407 3154 412 3158 ι
484 3120 560 3177 τὸ
589 3119 718 3189 ύμῖν
767 3117 1014 3170 συνοῖσον
1059 3115 1362 3187 ε’ὑχόμινός
1411 3131 1472 3170 τε
1528 3115 1819 3185 διατελῶν,
1881 3121 2028 3182 καὶΙ

2157 3117 2259 3188 Qui
2313 3135 2528 3193 semper
2558 3134 2589 3175 e
2619 3131 2804 3178 vestro
2850 3119 2992 3189 quod
3032 3121 3318 3176 commodo
3357 3122 3449 3188 sit,
3480 3133 3680 3192 optare

411 3215 596 3285 ζητῶν
650 3211 824 3268 ἅπασι
884 3209 1134 3279 τρόποις,
1188 3210 1302 3261 δεῖν
1356 3207 1548 3297 ᾠήθην
1596 3209 1719 3283 διὰῖ
1742 3210 1994 3285 βραχέων

2096 3227 2204 3294 non
2231 3212 2440 3278 desino,
2469 3225 2520 3269 et
2547 3213 2802 3268 omnibus
2845 3211 2986 3266 idem
3039 3211 3215 3266 modis
3241 3228 3508 3282 qumrerc,
3554 3209 3684 3282 pro-

413 3308 612 3376 ὧσπερ
639 3321 692 3357 τι
727 3303 904 3374 δῶρον
929 3301 1166 3356 ταυτασὶ
1210 3300 1315 3366 τὰς
1379 3301 1738 3372 παραινέσεις
1787 3308 1994 3366 εἰπεῖν.

2096 3303 2349 3363 ferendas
2379 3305 2572 3376 paucis
2620 3304 3016 3360 admonitiones
3067 3302 3257 3364 hasce.
3287 3303 3570 3373 cujusdam
3597 3305 3683 3356 ina

407 3396 651 3466 .⁹Επειδὴ
680 3394 872 3448 τοίνυν
910 3391 1104 3462 ὥσπερ
1138 3391 1432 3462 ἐμπέφυκε
1453 3387 1573 3457 τοῖς
1598 3394 1914 3467 ἀνθρώποις
1931 3400 1996 3455 τὸ

415 3489 650 3549 καὶτοῖς
688 3484 928 3554 θύραθεν
962 3481 1263 3538 ἐπιδιδόναι
1293 3483 1500 3553 ζητεῖν·
1531 3485 1631 3550 τὰς
1673 3486 1824 3542 ἔνδον
1871 3491 1996 3544 ἐπι·

414 3581 597 3644 δόσεις
627 3575 910 3649 προύργου
937 3574 1190 3629 τίθεσθαι
1216 3575 1350 3646 χρή.
1376 3575 1624 3641 Ταύταις
1655 3578 1764 3649 γὰρ
1787 3581 1996 3634 ἐκεῖναι

417 3671 785 3743 παρέπονται.
822 3668 887 3722 Ei
924 3665 1052 3736 γοῦν
1089 3665 1298 3734 ἁγαθός
1329 3683 1415 3730 τις
1445 3663 1519 3736 εἷ,
1550 3670 1645 3722 καὶ
1698 3669 2036 3742 παρελθεῖν..

416 3765 626 3828 ἐθέλεις
659 3764 786 3825 τοὺς
822 3761 1020 3832 ἥλικας
1062 3759 1120 3814 ἐν
1147 3777 1209 3814 τε
1256 3759 1553 3830 δημοσίαις
1590 3764 1805 3830 τιμαῖς,
1842 3762 1903 3816 ἐν
1933 3779 1996 3815 τε

416 3856 609 3921 πᾶσιν,
639 3852 722 3917 οἷς
751 3853 996 3925 ζηλωτὸς
1029 3851 1098 3906 ἂν
1119 3851 1305 3921 γένοιο
1335 3867 1351 3882 ο
1395 3850 1596 3922 θήρευε
1627 3854 1799 3908 ταῦτα
1826 3871 2002 3909 σπου-

415 3945 586 4007 δαίοις
622 3943 831 4015 ἔργοις,
857 3943 916 3996 ἐν
951 3940 1128 3995 ἅπασι
1149 3939 1409 4011 παρέχων
1443 3940 1646 3994 σαυτὸν
1697 3942 1796 4012 οὐχ
1829 3936 1996 4013 ἦττον

416 4039 704 4110 πρόθυμον
730 4035 766 4107 ἦ
792 4034 1006 4090 πιστόν.
1032 4033 1208 4102 Φεῢγε
1253 4033 1357 4104 μὲν
1389 4033 1648 4099 νωθείαν,
1680 4037 1777 4090 καὶ
1827 4035 1999 4108 ῥᾳθυ-

421 4131 577 4202 μίαν,
608 4129 792 4184 καὶτὸ
815 4126 1104 4182 καθεύδειν
1151 4125 1348 4190 ὕπτιος
1385 4127 1478 4181 ἐπὶ
1529 4125 1799 4196 μαλακῶν.
1820 4145 1998 4199 στρω-

421 4221 631 4292 μάτων,
666 4219 838 4272 θέλων
873 4217 1240 4288 εὺδαιμονεῖν.
1267 4216 1344 4270 Ού
1375 4217 1484 4289 γὰρ
1515 4217 1688 4283 ἐστιν,
1713 4219 1814 4273 οὐκ
1847 4221 1996 4274 ἐστιν

419 4309 483 4366 εὖ
534 4312 802 4379 πράττειν
860 4309 1152 4380 ἄνθρωπον
1211 4309 1584 4382 ῥᾳθυμοῦντα,
1652 4312 1748 4365 καὶ
1789 4295 2016 4366 ἀναπεέ

2094 3404 2214 3452 star
2262 3395 2528 3464 muneris,
2559 3395 2774 3467 putavi.
2809 3394 2946 3449 Cum
2977 3409 3107 3465 ergo
3159 3394 3318 3465 quasi
3362 3397 3684 3453 mortalibus

2098 3484 2345 3544 innatum
2376 3490 2471 3555 sit,
2505 3498 2561 3544 nt
2608 3490 2777 3544 etiam
2808 3491 3072 3546 bonorum
3101 3498 3454 3544 externorum
3506 3490 3686 3544 incre-

2099 3591 2279 3637 menta
2305 3581 2653 3639 desiderent:
2682 3595 2790 3652 quo
2819 3591 3124 3654 augeantur
3153 3581 3387 3643 interna,
3415 3583 3683 3650 przrciptta

2096 3673 2273 3729 danda
2302 3681 2385 3730 est
2416 3687 2614 3742 opera;
2649 3689 2775 3728 nam
2813 3673 2930 3729 haec
2971 3673 3064 3727 illa
3098 3673 3450 3729 comitantur.
3495 3673 3685 3743 Itaque

2095 3767 2141 3822 si
2175 3767 2348 3823 bonus
2376 3781 2458 3831 es,
2490 3776 2546 3821 et
2578 3769 2817 3836 aequales
2849 3780 3110 3833 superare
3175 3765 3356 3836 cupis,
3413 3779 3535 3819 cum
3584 3782 3686 3833 pn-

2096 3857 2256 3913 blicis
2285 3858 2338 3911 in
2392 3855 2712 3921 honoribus,
2760 3855 2955 3912 tumin
2989 3854 3264 3916 omnibus,
3299 3852 3498 3922 quibus
3539 3853 3681 3908 ellit-i

2095 3950 2318 4021 poterit,
2354 3958 2413 4006 ut
2449 3948 2632 4019 aliquo
2685 3948 2763 4003 sis
2798 3946 2850 4000 in
2883 3947 3060 4013 pretio
3087 3945 3385 4001 :studiosis
3423 3946 3538 4000 lucc
3591 3945 3680 3998 fu-

2098 4040 2167 4096 tis
2197 4041 2428 4104 enitere,
2452 4048 2610 4110 teque
2641 4053 2748 4094 non
2795 4037 2975 4095 minus
3007 4037 3264 4101 alacrem,
3313 4051 3478 4107 quam
3511 4035 3681 4091 fidunt

2096 4132 2154 4194 in
2215 4130 2468 4187 omnibus
2509 4129 2702 4201 gerito.
2734 4129 2842 4186 Fac
2875 4129 3162 4201 segnitiem
3202 4130 3574 4200 desidiamque
3597 4131 3685 4182 fu-

2096 4223 2236 4293 gias,
2266 4230 2321 4276 et
2355 4221 2606 4278 mollibus
2639 4221 2692 4276 in
2722 4221 2984 4293 stragulis
3009 4221 3261 4292 supinam
3308 4221 3679 4285 cubationem,

2097 4315 2144 4372 si
2178 4315 2492 4372 beatitatem
2541 4315 2768 4384 adipisci
2801 4315 3032 4385 cogitas.
3097 4313 3295 4384 Nequit
3327 4315 3474 4370 enim
3505 4325 3680 4382 certe,

421 4403 708 4468 πτωκότα,
737 4402 834 4454 καὶ
862 4401 1263 4470 θρυπτόμενον.
1295 4400 1468 4454 diem
1494 4401 1552 4455 δὲ
1575 4403 1779 4466 ἐκεῖνα,
1801 4402 1839 4458 ἃ
1866 4403 2000 4458 πολ-
2023 4468 2028 4480 Α

2099 4408 2290 4480 nequit
2336 4409 2479 4473 ﬁeri,
2506 4409 2763 4464 secundis
2793 4417 2852 4464 ut
2889 4408 3050 4465 rebus
3083 4415 3268 4463 utatur
3294 4407 3458 4464 homo
3486 4408 3690 4463 desidis

419 4491 549 4554 λοὺς
575 4495 640 4546 ἐκ
673 4491 890 4560 φαύλης
921 4489 1092 4561 τύχης
1117 4484 1258 4544 οἶδεν
1287 4492 1512 4560 ἀνάγειν
1565 4494 1660 4546 ἐπὶ
1707 4493 1994 4564 λαμπράν.

418 4584 588 4642 Μίσει
623 4585 720 4638 καὶ
750 4583 812 4638 τὸ
837 4581 1016 4636 θέλειν
1038 4581 1239 4638 ἐσθίειν
1263 4584 1435 4653 ἀργός
1464 4600 1531 4653 γε
1583 4583 1682 4653 ῶν,
1713 4585 1872 4650 εἰδὼς
1922 4586 1999 4652 ῶς

417 4679 583 4747 ἔργον
609 4675 770 4730 τοῦτο
804 4677 1094 4746 κηφήνων,
1114 4676 1210 4739 οὓς
1238 4675 1338 4746 οὐχ
1360 4675 1510 4738 ὅπως
1535 4670 1595 4732 εὖ
1619 4679 1819 4746 ποιεῖν,
1856 4677 2000 4733 ἀλλὰ

416 4771 514 4825 καὶ
540 4769 779 4824 κτείνειν
807 4767 1028 4838 φύσεως
1059 4767 1226 4838 νόμος
1263 4771 1378 4832 τοῖς
1403 4767 1516 4821 τῶν
1545 4768 1825 4840 μελισσῶν
1857 4771 1998 4842 σμή-

417 4877 585 4915 νεσιν.
621 4858 836 4915 Οὔκουν
865 4875 930 4929 γε
945 4858 1252 4929 λαμϐάνειν
1267 4858 1534 4930 ἁρμόττει
1564 4861 1677 4922 τοῖς
1701 4861 1856 4930 παρὰ
1875 4862 2001 4931 σφί-

420 4971 512 5008 σιν
543 4953 729 5015 αύτοῖς
762 4951 872 5004 αἰεὶ
902 4951 1004 5014 τὰς
1047 4953 1240 5022 χεῖρας
1299 4951 1620 5023 κατέχουσι.
1662 4952 1837 5007 Τοῦτο
1887 4954 2001 5025 γὰρ

417 5042 830 5113 λελωὸημὲνοις
862 5041 1182 5113 ἀνθρώποις
1248 5043 1346 5103 καὶ
1393 5043 1752 5115 παρειμένοις
1785 5045 2001 5116 προσήρ

418 5153 539 5190 κειν
563 5134 771 5189 ἔοικεν’
799 5129 884 5197 οἷς
922 5130 1109 5189 etiam
1139 5136 1300 5207 ῥώμη
1337 5135 1615 5205 σώματος,
1655 5137 1755 5190 και)⁴
1782 5137 1997 5204 νεότης,

420 5229 516 5281 καὶ
550 5227 753 5296 ὑγίεια,
811 5227 908 5283 καὶ
952 5226 1021 5283 τὸ
1071 5226 1258 5292 ἀξιοῦν
1311 5227 1548 5281 κτᾶσθαι
1601 5228 1844 5298 μεγάλα,
1901 5229 2002 5282 καὶ

421 5319 605 5375 σοϐεῖν
633 5319 1190 5391 παραπεμπομένους
1226 5319 1334 5374 ὑπὸ
1384 5319 1620 5384 πολλῶν,
1666 5321 1890 5384 τούτους
1941 5320 2002 5376 δὲ

420 5411 711 5478 γενναίους
741 5411 946 5481 ἄνδρας
989 5411 1192 5476 αὐτοὺς
1247 5411 1526 5467 δεικνύναι
1584 5413 1727 5483 ὺπέρ
1779 5414 1999 5482 γένους,

419 5503 563 5573 ὑπὲρ
593 5503 882 5573 πατρίδος,
929 5502 1070 5578 ὑπὲρ
1105 5501 1200 5556 τοῦ
1239 5502 1576 5574 κρατοῦντος
1614 5505 1808 5565 αὐτοῦ.
1841 5507 2000 5562 Οὕτω

418 5611 486 5664 γε
509 5595 770 5666 δρῶντες,
798 5589 843 5652 ὧ
869 5596 1131 5667 φίλτατον
1156 5600 1281 5668 ἐμοὶ
1330 5601 1547 5670 χρῆμα,
1583 5598 1679 5652 τοῦ
1720 5598 1997 5671 ζητουμὲο

419 5702 518 5738 νου
570 5685 768 5756 ῥᾳδίως
824 5688 1110 5758 ἐπιτυχεῖς
1171 5687 1383 5754 ἔσεσθε,
1427 5687 1566 5742 Θεοῦ
1620 5688 1998 5760 συλλήπτορας

420 5775 728 5854 γεγονότος.
761 5778 883 5834 Κᾶν
936 5778 1014 5851 μὴ
1065 5779 1237 5854 λάϐῃς
1293 5781 1480 5844 εὐθὺς,
1545 5783 1803 5853 αἰτήσας,
1868 5783 1996 5852 μήτ’

425 5869 768 5936 ἀγανακτεῖν
804 5870 1175 5952 (μικρόψυχον
1205 5873 1360 5953 γὰρ),
1381 5874 1517 5944 μήτε
1553 5873 1992 5944 καθυφεῖναιτοῦ

2100 4502 2327 4573 ingenii,
2381 4501 2635 4570 supinus,
2671 4501 2904 4557 delicate
2950 4501 3160 4556 vivens.
3202 4500 3298 4555 Illa
3330 4515 3460 4557 vero
3507 4515 3691 4569 prosa.

2098 4610 2289 4666 quere,
2323 4610 2444 4665 qua:
2468 4596 2533 4650 de
2563 4594 2780 4650 fortuna
2813 4595 2961 4650 tenui
3013 4595 3212 4650 multos
3245 4595 3332 4649 ειάο
3350 4593 3686 4666 splendidam

2100 4687 2400 4759 perducere
2450 4687 2650 4743 solent.
2688 4686 2774 4741 Sit
2803 4687 2967 4742 etiam
3001 4686 3129 4742 odio
3173 4685 3298 4752 tibi,
3354 4687 3687 4741 manducare

2102 4780 2381 4842 otiosum;
2420 4779 2568 4852 quod
2623 4778 2799 4857 ipsum
2857 4791 3007 4833 sane.
3041 4776 3307 4833 fucoruttr
3349 4791 3470 4833 esse
3507 4778 3681 4846 noris,

2101 4889 2239 4947 quos
2266 4888 2374 4929 non
2413 4873 2637 4929 afficere
2687 4871 2999 4938 beneﬂciis,
3037 4869 3130 4931 sed
3191 4870 3467 4937 occidere,
3515 4872 3682 4926 ductu

2103 4975 2315 5018 natura:
2342 4962 2605 5033 quodam,
2633 4977 2796 5033 apum
2835 4960 3540 5017 examinaconsuevorunt.
3578 4963 3690 5015 Ac-

2101 5060 2284 5122 cipere
2311 5054 2532 5124 quidem
2589 5063 2741 5108 certe
2774 5067 2880 5106 non
2930 5061 3014 5106 est
3046 5052 3313 5121 par-illos.
3353 5053 3444 5123 qui
3494 5068 3689 5108 manus

2100 5143 2154 5197 in
2183 5143 2306 5197 sinu
2365 5155 2584 5212 semper
2630 5141 2888 5196 retinent.
2932 5139 3042 5196 Hoc
3079 5141 3223 5196 enim
3286 5141 3552 5197 mutilatis
3588 5143 3689 5196 ιιοο
3805 5179 3809 5183 ι

2100 5236 2339 5291 minibus
2393 5243 2452 5288 et
2497 5231 2822 5289 effeminatis
2877 5233 3172 5289 convenire
3196 5232 3431 5288 videtur.
3461 5236 3530 5287 At
3558 5235 3684 5305 qui-

2101 5329 2204 5385 bus
2249 5338 2303 5382 et
2345 5326 2589 5395 corporis
2630 5322 2796 5380 robur
2835 5324 3010 5390 adest,
3040 5334 3094 5382 et
3133 5325 3388 5395 juvenilis
3445 5338 3579 5382 tatas
3634 5337 3690 5382 et

2081 5418 2385 5498 _valctudo,
2435 5426 2498 5472 et.
2545 5430 2866 5486 magnorum
2938 5417 3417 5486 acquirendarum,
3447 5433 3685 5486 cumque

2104 5507 2342 5578 plurium
2370 5508 2630 5562 comitatu
2667 5505 2948 5563 incedendi
2978 5503 3249 5578 cupiditas
3297 5525 3312 5562 :
3344 5522 3440 5563 eos
3480 5524 3577 5578 par
3603 5517 3690 5564 est

2101 5603 2332 5672 probare
2353 5614 2413 5656 se
2461 5601 2607 5655 viros
2636 5610 2894 5656 strenuos
2935 5609 3098 5670 atque
3128 5600 3440 5668 fortesque
3466 5600 3686 5654 natione

2039 5747 2042 5749 λ
2102 5707 2223 5756 sua,
2258 5707 2356 5763 pro
2381 5694 2575 5762 patria,
2615 5709 2712 5762 pro
2747 5694 2866 5763 ipso
2905 5693 3254 5763 imperatore.
3287 5691 3343 5747 Si
3376 5695 3478 5747 boc
3513 5692 3683 5748 facie-

2107 5784 2198 5849 tis,
2223 5784 2528 5840 cbarissimi
2559 5783 2785 5850 subditi,
2816 5783 2974 5839 facile
3025 5783 3134 5839 Deo
3153 5783 3378 5854 juvante
3401 5783 3509 5854 reti
3536 5797 3687 5838 οοιιιη

2101 5889 2258 5954 potes
2297 5876 2472 5935 eritis.
2501 5876 2652 5955 Quod
2689 5876 2878 5967 si.non
2908 5875 3090 5932 statim
3118 5875 3394 5948 acceperis
3428 5875 3504 5945 id,
3535 5877 3722 5946 quod--
