4000 6452
491 295 3707 363 1ΞΞΞΞΞΞΞΞΞΕΕΞΞΞΞΕΞΕΕΕΞΞΞΞΞΕΕΞΞΞΞΞΞΞΞΞΞΕΞΞΞΞΞΞΞΞΞΞΞΞΞΞΞΞΞΞΕΞΞΞΞΞΞΞΞΞΞΞΕΕΕΞΞΞΕΞΕΞΞΞΞΞΕΕΞΞΞΕΞΕΞΞΞΞΕΕΞΞΕΕΞΞΞ

1722 506 1897 553 anno
1941 491 2167 550 boum
2215 492 2512 550 κονίη.

860 699 1834 889 JOANNES
1976 678 3359 933 ANAGNOSTA.

1832 1168 2393 1287 NOTI‘TIA.

1475 1392 1739 1464 (Hankius,
1764 1396 1834 1449 De
1872 1394 1986 1446 Ret.
2012 1391 2267 1459 Byzantia.
2298 1390 2490 1455 script.,
2524 1403 2579 1455 ι).
2594 1380 2737 1453 636.)

570 1756 618 1812 1.
640 1755 905 1825 Tempus,
929 1767 1037 1825 quo
1058 1757 1338 1820 Superstes
1370 1747 1682 1817 Anagnosta
1712 1743 1837 1811 fuit,
1865 1741 2242 1813 cognoscimus
2266 1754 2331 1794 ex
2355 1736 2757 1794 Thessalonicae
2785 1734 3141 1825 Macedonum
3173 1733 3332 1789 urbis
3352 1730 3499 1806 [qute
3521 1730 3733 1802 scripto-

498 1846 655 1901 ribus
683 1818 898 1899 Grtccis
925 1818 1325 1897 recenti—oribus
1361 1837 1529 1893 etiam
1579 1835 1816 1890 'l‘herma
1848 1827 2069 1902 dicitur]
2093 1827 2368 1884 extremis
2383 1824 2809 1881 calamitatibus.
2850 1822 3005 1886 Eam,
3042 1823 3111 1877 ab
3144 1822 3483 1892 imperatore
3511 1818 3738 1873 Mauuele

497 1933 806 2003 PalmolOgo
835 1941 994 2002 patre
1021 1938 1330 2000 acceptam,
1384 1924 1738 1994 imperatoris
1772 1920 2005 1977 Joannis
2037 1916 2329 1984 Palmologi
2363 1913 2555 2003 fratris
2587 1912 2703 1986 [qui
2727 1913 2796 1968 ab
2821 1910 2887 1967 Δ.
2913 1911 2977 1967 C.
3003 1910 3143 1966 m9
3169 1913 3236 2003 ad
3272 1908 3414 1995 Ηξὸ
3439 1904 3738 1978 imperavit]

497 1980 1006 2091 ᾆεῖᾆῖεᾜξξείῖιὲὖαῖ
1022 1980 1741 2082 nimionicusPalmologus
1773 2010 2021 2080 despata.
2047 2004 2227 2062 Ducas
2250 1980 2531 2059 Michaelis
2564 1980 2733 2091 nepos
2767 2001 2822 2056 in
2856 1999 3100 2056 Historia
3125 1980 3452 2070 Byzantina,
3496 2012 3612 2066 cap.
3659 1995 3740 2062 29,

498 2087 798 2179 interprete
821 2105 1051 2163 lsmaele
1080 2104 1382 2159 Bullialdo:
1444 2102 1777 2156 Andronicus
1839 2100 2056 2167 despota
2087 2092 2348 2149 Manuelis
2376 2088 2712 2157 imperatoris
2750 2088 2893 2159 filius
2940 2098 3059 2157 post
3087 2087 3363 2143 Joannem
3390 2089 3741 2154 imperatorem

496 2211 546 2256 et
577 2172 908 2255 Theodorum
934 2196 1087 2251 tertio
1107 2196 1331 2266 genitus,
1354 2192 1547 2265 quique
1565 2202 1719 2245 sacro
1742 2184 1927 2241 morbo
1951 2192 2289 2253 consumptus
2311 2190 2411 2245 est,
2444 2178 2834 2234 ThessaIOnicat
2863 2175 3267 2231 dominabatur.
3309 2174 3579 2230 Laonicus
3601 2172 3745 2227 Chal-

497 2287 830 2360 cocondylas
855 2285 929 2340 De
963 2262 1122 2339 rebus
1144 2262 1407 2345 Turcicii,
1434 2280 1576 2334 libro
1607 2293 1681 2343 tv,
1714 2276 2012 2343 interprete
2038 2269 2290 2327 Conrado
2304 2268 2607 2325 Clausero:
2638 2268 2942 2322 Andronico
2962 2276 3139 2321 autem
3170 2262 3744 2339 [ﬂanucll‘alasologus

500 2351 823 2448 imperator]
850 2373 1073 2444 imperio
1126 2370 1411 2442 regendam
1466 2366 1729 2424 concessit
1757 2358 2038 2419 Thermum
2061 2399 2079 2428 ,
2103 2360 2194 2431 qui
2247 2361 2439 2415 uirtute
2465 2366 2586 2430 post
2637 2357 2902 2414 Joannem
2928 2355 3187 2413 secundus
3213 2355 3360 2411 inter
3390 2354 3541 2425 ﬁlios
3588 2351 3741 2421 regios

498 2473 636 2518 erat.
2154 2466 2157 2469 '

572 2549 640 2604 ll.
674 2550 932 2604 Eamdem
963 2547 1156 2604 urbem
1190 2562 1220 2601 α
1242 2543 1463 2609 Turcis,
1498 2542 1805 2613 Bajasetem
1829 2536 2130 2609 principem
2164 2534 2519 2599 habentibus,
2540 2533 2786 2613 graviter
2808 2541 3207 2604 Oppugnatam,
3238 2540 3372 2589 eum
3405 2528 3740 2613 Andronicus

499 2655 698 2707 parum
728 2638 1026 2693 defendere
1078 2637 1311 2699 valeret,
1345 2605 1588 2701 imperio.
1620 2644 1723 2687 suo
1754 2605 1945 2683 Veneti
1984 2605 2377 2681 subdiderunt.
2435 2620 2530 2676 His
2550 2608 2620 2676 ab
2663 2621 2978 2676 Andronico
3014 2621 3305 2675 venditam
3332 2605 3741 2674 commemorant

502 2729 778 2783 Laonicus
799 2724 1265 2795 Chalcocoudylas
1311 2723 1433 2777 loco
1466 2723 1613 2776 dicto
1646 2738 1660 2775 :
1690 2719 1970 2774 Thermum
2009 2724 2235 2789 quoque,
2302 2719 2359 2764 ut
2392 2726 2511 2795 qutc
2542 2709 2913 2795 non-amplius
2968 2709 3187 2764 retineri
3218 2719 3423 2777 posset,
3443 2716 3645 2775 propter
3669 2718 3739 2757 res

502 2815 737 2870 ciuitatis
782 2813 1069 2868 admodum
1125 2789 1358 2876 dccisas,
1404 2809 1613 2864 Venetis
1648 2805 1907 2861 vendidit.
1966 2801 2099 2857 Cum
2127 2799 2292 2869 igitur
2317 2792 2591 2868 judicaret
2626 2789 2746 2852 eam
2786 2797 3146 2853 venditionem
3180 2806 3300 2852 tum
3331 2797 3458 2861 sibi,
3496 2805 3603 2849 tum
3636 2791 3737 2845 urbi

474 2903 773 2968 expedire,
801 2917 963 2968 parvo
1012 2900 1181 2969 pretio
1232 2906 1444 2967 accepto
1480 2914 1596 2950 eam
1634 2894 1844 2950 Venetis
1883 2889 2136 2947 tradidit.
2182 2890 2447 2962 Georgius
2485 2890 2734 2945 Phrauza
2764 2890 2856 2945 lib.
2888 2889 3207 2969 t_Chronici,
3248 2904 3379 2960 cap.
3440 2887 3545 2941 2i:
3583 2884 3734 2939 Etiam

512 2990 743 3059 Despota
771 2988 1110 3042 Andronicus
1146 2962 1579 3057 Thessalonicam
1619 2982 1932 3037 Venetorum
1965 2976 2189 3034 Senatui
2207 2979 2591 3050 quinquagenis
2623 2994 2904 3032 aureorum
2927 2962 3165 3032 millibus
3175 2976 3529 3047 penundedit.
3557 2975 3735 3028 Contra

507 3057 786 3131 deditione
824 3077 1334 3141 voluntariminvito
1369 3073 1707 3137 Andronico,
1750 3070 2013 3142 traditam
2069 3069 2248 3125 Ducas
2276 3068 2330 3122 in
2354 3066 2594 3123 Historia
2628 3066 2933 3137 Byzantina
2966 3066 3130 3122 refert
3148 3070 3274 3135 cap.
3330 3065 3422 3122 29.
3490 3057 3737 3132 lndignati

509 3166 998 3221 Thessalonicenses
1035 3164 1328 3218 Turcorum
1365 3161 1698 3215 incursiones
1729 3157 2112 3229 quodidianas,
2148 3171 2243 3211 nec
2272 3156 2337 3212 ab
2364 3148 2715 3209 ullo'suorutn
2745 3154 3022 3209 liberatum
3048 3154 3121 3208 iri
3144 3167 3445 3223 sperantes,
3478 3151 3608 3223 quod
3633 3146 3736 3201 urbs

505 3254 903 3307 calamitatibus
975 3251 1239 3305 intestinis
1291 3258 1645 3320 premeretur,
1696 3263 1789 3301 nec
1842 3248 2068 3301 tolerare
2122 3254 2291 3316 posset
2361 3245 2557 3315 famem
2608 3253 2902 3315 urgentem,
2962 3245 3311 3309 omniumque
3357 3240 3736 3297 necessariorum

506 3344 811 3412 penuriam,
862 3358 920 3393 co
936 3341 1090 3393 nsilio
1121 3338 1324 3403 habito,
1380 3336 1610 3407 Despota
1642 3336 1839 3391 volente
1870 3325 2105 3399 nolente,
2153 3332 2443 3403 primariae
2473 3332 2618 3387 urbis
2643 3334 2776 3386 cives
2810 3332 2879 3386 ad
2916 3329 3135 3386 Venetos
3175 3331 3396 3398 misere,
3422 3329 3511 3400 qui
3534 3326 3573 3381 Τ
3574 3327 3736 3380 ltessa-

511 3424 735 3482 lonicam
771 3428 846 3481 eis
876 3428 1146 3481 dederent.
2920 3412 2923 3415 ’

586 3514 677 3572 Ill.
711 3515 1160 3571 Thessalonicam
1221 3508 1462 3578 Venetis,
1511 3521 1606 3567 seu
1633 3509 1967 3572 venditione.
2028 3522 2126 3566 seu
2153 3511 2431 3567 deditione
2477 3512 2736 3567 traditam
2764 3510 3003 3568 Murates
3027 3510 3094 3577 ll,
3128 3511 3442 3568 Turcarum
3474 3507 3726 3579 princePS.

511 3603 862 3673 expugnabat
885 3603 974 3657 die
1001 3601 1180 3657 Martii
1214 3616 1366 3666 nix,
1396 3598 1542 3655 anno
1578 3598 1928 3669 imperatoris
1955 3583 2191 3656 Joannis
2212 3597 2499 3670 Palaeologi
2524 3600 2765 3670 ,uuioris
2788 3598 2875 3667 12,
2902 3600 3087 3655 mundi
3149 3601 3347 3656 Grmco
3375 3596 3533 3664 6938,
3557 3588 3736 3649 Christi

515 3692 678 3747 “30.
707 3692 979 3764 Georgius
1026 3690 1272 3746 Phrania
1303 3690 1400 3747 lib.
1430 3706 1469 3745 tt
1528 3687 1804 3754 Chronici,
1838 3701 1961 3757 cap.
2002 3688 2036 3743 9
2064 3705 2080 3744 :
2134 3686 2249 3753 Quo
2281 3698 2507 3755 tempore
2541 3690 2700 3742 etiam
2736 3688 2967 3742 Amuras
3002 3692 3291 3744 Amurates
3336 3678 3735 3743 Thessalonicam

513 3780 739 3844 obsedit,
768 3789 931 3850 quam
965 3792 1076 3834 tum
1141 3777 1323 3832 Veneti
1355 3776 1625 3831 tenebant.
1686 3775 1889 3831 Ibidem
1923 3775 2085 3845 paulo
2112 3785 2234 3845 post
2263 3791 2279 3830 :
2313 3778 2485 3847 Atque
2514 3776 2587 3830 ita
2616 3792 2791 3831 mense
2820 3774 2995 3846 Aprili
3033 3774 3164 3852 [non
3186 3775 3390 3846 Aprili,
3420 3775 3513 3830 sed
3550 3767 3736 3831 Martio,

521 3870 567 3924 si
600 3879 791 3924 nostro
813 3868 1091 3924 credimus
1142 3866 1492 3935 Anagnostas,
1546 3864 1639 3934 qui
1669 3864 1939 3934 potiorem
1976 3865 2082 3919 hac
2138 3864 2193 3917 in
2226 3879 2284 3919 re
2324 3865 2484 3919 tidem
2538 3863 2803 3938 meretur]
2838 3866 3072 3938 eiusdem
3097 3868 3229 3920 anni
3259 3864 3453 3938 [6958]
3500 3860 3734 3930 inclytam

516 3948 951 4034 Thessalonicam
983 3956 1151 4009 armis
1184 3932 1515 4025 subjugavit.
1553 3932 1683 4022 ipse?
1758 3959 1947 4007 noster
1968 3953 2284 4022 Anagnosta
2319 3953 2371 4006 in
2403 3952 2544 4008 libro
2574 3952 2655 4008 De
2696 3932 2877 4009 excisa
2907 3932 3288 4009 Thessalonica
3331 3932 3453 4023 cap:
3478 3952 3737 4024 13,.intet-

512 4055 673 4116 prete
702 4020 888 4101 Leone
926 4045 1129 4099 Allatio
1161 4059 1177 4097 :
1210 4017 1595 4114 Is'[ev'l'urcis,
1621 4042 1713 4113 qui
1745 4042 1958 4112 primus
1988 4017 2566 4098 Thessalonicensium
2602 4057 2787 4097 muros
2805 4040 3154 4114 ascenderat]
3191 4017 3535 4097 Latirtiiitter
3562 4017 3735 4105 ῥνοριιδ

510 4132 741 4205 gnacula
770 4132 1006 4203 confossi
1059 4131 1362 4185 uulneribus
1406 4141 1456 4185 et
1492 4119 1789 4185 extremum
1818 4129 2078 4199 spirantis
2135 4138 2295 4197 caput
2325 4128 2594 4183 abcissum
2626 4129 2767 4182 inter
2789 4128 3129 4199 con/ligentes
3157 4131 3408 4199 profecit,
3433 4129 3663 4185 innuens,
3691 4131 3737 4170 ει

514 4223 687 4287 partis
718 4221 862 4274 illius
884 4221 1127 4289 potitum,
1157 4226 1206 4272 et
1229 4219 1450 4273 desertis
1478 4220 1642 4273 muris
1669 4218 1825 4288 plane
1853 4234 2031 4272 omnes
2062 4218 2118 4271 in
2146 4217 2326 4286 fugant
2355 4231 2491 4281 sese,
2520 4217 2721 4270 reditus
2744 4219 3097 4285 immemores,
3126 4218 3443 4287 conjecisse.
3479 4214 3620 4269 Diem
3643 4218 3737 4261 tum

517 4308 786 4376 aperiebat
821 4308 1013 4361 mensis
1048 4302 1282 4360 Martius
1313 4322 1507 4359 nonum
1543 4314 1594 4361 et
1622 4307 1927 4360 uicesimum
1955 4304 2084 4357 anni
2114 4308 2209 4359 set
2238 4302 2514 4357 millesimi
2560 4305 2941 4373 nongentesimi
2968 4305 3221 4359 tricesimi
3248 4306 3447 4359 octabi.
3482 4302 3644 4368 Quare
3665 4290 3740 4347 ille

514 4397 716 4465 pedites
740 4412 918 4449 omnes
944 4393 1236 4449 adhortans
1268 4403 1315 4447 et
1345 4393 1660 4447 destitutum
1693 4409 1724 4446 a
1754 4392 2124 4460 defensoribus
2151 4391 2327 4446 locum
2358 4392 2694 4463 significans,
2725 4401 2784 4447 ut
2819 4392 2963 4448 illico
2990 4396 3359 4457 ascenderem,
3392 4394 3630 4448 clamare.
3660 4382 3740 4438 Ni

516 4496 575 4538 ut
600 4494 843 4553 poterant
868 4482 1041 4537 subito
1067 4481 1228 4536 scalis
1252 4483 1509 4538 uniuersis
1527 4482 1777 4547 admotis,
1804 4480 2104 4552 frequentes
2131 4480 2443 4547 ascendere,
2464 4480 2696 4535 clamore
2727 4489 2776 4535 et
2800 4483 3043 4552 strepitu,
3070 4483 3161 4554 qui
3195 4483 3458 4555 tympanis
3483 4478 3616 4533 corio
3635 4487 3740 4526 con-

482 4588 491 4601 τ
517 4572 673 4643 fectis
694 4570 927 4625 elicitur.

591 4660 685 4716 IV.
710 4662 1018 4730 Anagnosta
1045 4671 1248 4727 noster,
1283 4674 1409 4716 cum
1430 4656 1666 4714 Murates
1698 4657 1927 4741 imperio
1961 4656 2408 4713 Thessalonicam
2443 4655 2680 4712 Turcico
2709 4658 3028 4728 subjiceret,
3068 4659 3127 4714 in
3154 4673 3216 4714 ea
3246 4659 3480 4724 vivebat,
3524 4661 3739 4710 commu-

520 4749 671 4803 nium
694 4749 982 4815 malorum,
1003 4748 1199 4819 quibus
1223 4749 1421 4803 incolae
1455 4758 1564 4801 tum
1589 4746 1811 4801 luerunt
1839 4746 2086 4819 obnoxii,
2107 4759 2365 4801 consors.
2405 4742 2587 4799 Testis
2613 4754 2699 4798 est
2737 4746 2976 4816 ipsemet
2999 4750 3051 4802 in
3080 4748 3349 4817 libro,jam
3378 4745 3607 4806 laudato,
3631 4753 3736 4804 calt-

518 4835 579 4897 2.
619 4834 708 4889 ubi
743 4836 1038 4906 compellat
1063 4837 1146 4890 his
1184 4836 1374 4890 verbis
1400 4834 1637 4890 amicum
1667 4851 1682 4888 :
1710 4834 1827 4900 Ipse
1874 4818 1994 4889 υὶνο
2021 4851 2086 4890 ea
2118 4835 2445 4899 solummodo
2476 4836 2816 4909 complectar,
2844 4848 2962 4909 quae
2987 4838 3098 4894 lucc
3121 4840 3310 4895 ciuitas
3341 4840 3438 4893 hac
3463 4837 3542 4890 sui
3566 4824 3738 4888 excid“

520 4933 750 4993 tempore
771 4940 934 4992 passa
960 4933 1055 4988 est,
1105 4935 1264 4993 tuque
1296 4922 1445 4976 nobis
1476 4920 1642 4992 paulo
1671 4934 1794 4977 ante
1822 4940 1982 4994 quam
2010 4938 2075 4977 ea:
2096 4940 2157 4979 ea
2186 4926 2484 4991 excederes,
2532 4902 2867 4995 insinuaret,
2893 4940 3281 5001 proptereaque
3306 4925 3596 5000 infortunii,
3620 4915 3739 4990 quod

519 5027 636 5064 eam
660 5012 943 5079 oppressit,
968 5027 1073 5065 non
1104 5010 1388 5063 admodum
1421 5026 1641 5080 gnarus.
1678 5010 1774 5065 Res
1807 5011 2069 5082 siquidem
2098 5012 2410 5068 Latinorum
2436 5025 2492 5069 tu
2514 5016 2697 5083 etiam,
2732 5032 2852 5070 cum
2879 5018 2933 5072 in
2957 5018 3085 5073 urbe
3106 5021 3358 5090 quotidie,
3387 5030 3501 5087 qua'
3522 5020 3737 5083 gereren-

523 5114 633 5164 tur,
678 5103 1026 5190 conspiceres,
1081 5102 1274 5169 optt'me
1300 5098 1420 5171 [nec
1454 5099 1645 5173 fallor]
1704 5113 1871 5155 tenes.
1941 5100 2145 5184 Ibidem
2179 5105 2346 5190 paulo
2375 5115 2537 5177 post:
2597 5105 2784 5177 Neque
2806 5109 2945 5162 enim
2982 5107 3176 5164 Turca:
3208 5127 3326 5165 cum
3352 5108 3549 5164 Latinis
3584 5095 3735 5169 [adut

521 5192 709 5254 iniere,
744 5189 866 5244 licet
903 5190 1096 5258 sccpins
1145 5190 1403 5257 legatione
1455 5190 1619 5243 m'issa
1667 5191 1722 5244 id
1754 5184 2189 5259 pertentassentf
2215 5184 2581 5263 supplicesque
2610 5195 2775 5249 etiam
2811 5206 3134 5266 rogassent:
3167 5215 3333 5268 neque
3362 5206 3472 5251 erat
3503 5193 3553 5245 in
3578 5195 3734 5242 nostra

526 5287 808 5347 potestate,
844 5279 1008 5347 copiis
1043 5279 1241 5330 nostris
1277 5278 1331 5330 in
1364 5288 1650 5347 angustum
1678 5280 1873 5347 orpido
1916 5281 2133 5346 coactis,
2163 5290 2213 5337 et
2241 5284 2671 5339 discordantibus
2687 5286 2824 5339 uotis
2847 5289 2912 5339 ab
2945 5288 3191 5342 unanimi
3220 5290 3467 5343 sententia
3485 5274 3732 5338 conrulst'S.

526 5366 732 5433 aliquid
758 5382 934 5432 agere,
960 5375 1016 5417 ut
1053 5375 1162 5418 tute
1192 5366 1355 5418 etiam
1384 5368 1541 5432 nosti,
1581 5368 1672 5436 qui
1724 5382 1831 5419 una
1865 5369 2136 5421 nobiscum
2159 5386 2302 5437 eras,
2340 5372 2610 5425 malorum
2642 5373 2882 5442 perinde,
2915 5385 3071 5443 atque
3096 5376 3215 5437 alii,
3242 5383 3496 5445 expertus.
3522 5368 3640 5435 Cap.
3669 5359 3697 5411 8
3715 5372 3727 5409 ε

530 5451 787 5504 Omnibus
810 5468 934 5521 ergo
961 5455 1030 5505 ad
1058 5456 1400 5522 pugnandum
1429 5467 1475 5509 et
1505 5457 1758 5508 adversus
1795 5454 2079 5521 irruentes,
2114 5458 2291 5533 animo
2323 5461 2471 5513 uirili
2500 5463 2850 5532 prtesentique
2874 5465 3109 5530 paratis,
3138 5466 3286 5519 aliud
3313 5473 3498 5535 ῃτωεει-
3528 5458 3730 5509 nostram

529 5541 969 5603 (πενεειαιίσηεηι
994 5540 1048 5594 Μ
1054 5553 1231 5596 utates
1256 5545 1578 5613 exsequitur.
1605 5543 1721 5598 Nos
1754 5545 2099 5599 enim'omnes
2121 5548 2548 5616 suspicabamur,
2579 5560 2779 5603 tantum
2799 5550 3074 5618 copiarum
3105 5558 3289 5608 molem
3310 5562 3359 5607 et
3386 5545 3729 5602 machinarum.
3784 5540 3793 5551 ‘

526 5644 660 5696 quas
694 5628 983 5682 multitudo
1019 5634 1335 5686 cantelormn
1371 5643 1419 5686 et
1452 5648 1705 5686 curruum
1766 5634 2002 5702 quotidie
2031 5636 2333 5701 adpellebat,
2381 5639 2689 5708 conspicati,
2721 5641 2893 5707 primo
2926 5641 3012 5693 sui
3048 5634 3273 5711 appulsu
3317 5642 3544 5712 furenter
3568 5630 3737 5681 iratum

532 5732 715 5771 muros
748 5724 1127 5788 appetiturom,
1179 5737 1368 5791 eosque
1391 5724 1622 5792 lapidum
1656 5724 1961 5789 inanufacto
1989 5728 2112 5778 tonit

2158 5741 2187 5779 u
2221 5728 2695 5794 direrl-eraturam,
2744 5742 2837 5785 nee
2870 5747 2971 5784 non
2999 5742 3047 5786 et
3076 5748 3235 5802 supra
3259 5752 3343 5791 mu
3366 5746 3445 5785 ros
3471 5728 3646 5781 stantes
3670 5723 3738 5763 3“-
