4000 6468
362 428 470 488 s85
1303 401 1645 486 JOANNES
1696 422 1942 484 ANAGN

2028 423 2171 483 STA.
2220 444 2289 457 ··-
2317 415 2684 482 ΝΟἸῚΤΙΑ.1
3506 415 3608 478 586

367 541 514 608 gittis
542 536 782 606 impulsis
810 537 1160 602 dimolurum,
1184 539 1556 607 machinasque
1584 553 1763 591 omnes
1792 538 1862 590 ad
1885 537 2066 591 urbem
2092 535 2438 589 excidendam
2468 543 2880 600 usurpaturunt.
2913 531 3046 602 Cap.
3084 532 3170 596 l3,
3190 547 3311 585 cum
3353 546 3383 584 a
3417 527 3610 582 Turcis

375 626 564 678 urbem
601 636 912 691 superatam
943 624 1356 681 memoravisset
1376 643 1390 678 :
1411 624 1607 680 Omnes
1632 626 1812 693 itaque
1847 640 1962 688 nos,
1991 634 2049 676 ut
2068 625 2255 692 cuique
2273 623 2442 686 licuit,
2475 627 2658 691 fugam
2686 631 3040 685 maturantes,
3083 622 3176 674 alii
3200 622 3253 673 in
3272 621 3470 674 (edibus
3497 633 3610 671 sese

369 712 580 774 abdere,
630 712 726 764 alii
759 713 813 764 in
847 712 1114 766 cuniculos
1146 723 1194 766 et
1233 713 1477 780 sepulcra
1505 754 1520 772 .
1569 721 1619 766 et
1663 715 1708 766 si
1737 710 1865 780 quid
1877 742 1882 747 -
1909 710 2057 765 aliud
2084 713 2249 765 saluti
2277 711 2667 764 conducibilius
2713 700 3008 775 videbatur,
3040 725 3143 761 non
3167 709 3358 776 absque
3380 717 3609 759 tremore

373 797 672 865 subrepere.
703 798 838 867 Cap.
870 798 956 862 i8,
992 801 1078 853 ubi
1104 801 1170 852 de
1203 799 1430 854 Muratis
1459 814 1490 853 ιι
1527 797 2114 853 Thessalonicensibus
2152 797 2304 851 abitu
2337 797 2616 866 loquitur:
2647 797 2975 850 Primatibus
3011 798 3120 849 suis
3148 793 3462 865 [Muratem]
3494 796 3612 862 qui-

369 887 494 938 dam
515 886 670 938 etiam
699 896 1027 939 sacramento
1050 885 1225 954 ferunt
1244 887 1441 941 dixisse
1467 905 1480 940 :
1512 884 1780 954 lnjustum
1802 894 1902 949 est,
1947 901 2065 956 cum
2120 887 2272 938 rebus
2305 885 2697 938 debellatorum
2727 879 3342 955 [Tltessalon‘ceusium]
3377 881 3613 933 debella-

376 984 456 1025 tos
488 989 692 1042 quoque
722 973 775 1026 in
805 974 1015 1028 vincula
1048 975 1259 1042 conjici,
1300 983 1350 1028 et
1378 975 1556 1041 patria
1579 974 1687 1026 alio
1719 973 1974 1027 abductos
2005 972 2226 1041 spoliari
2245 989 2265 1027 :
2298 973 2594 1026 libertatem
2625 973 2804 1040 itaque
2833 971 2940 1024 illis
2971 968 3328 1027 stabiliamus.
3360 969 3406 1020 si
3425 969 3497 1019 ita
3530 970 3607 1019 vi-

375 1063 548 1118 detur.
576 1069 668 1112 aut
700 1060 812 1113 sine
840 1063 1008 1128 pretio
1032 1059 1154 1114 illos
1185 1061 1520 1127 accipientes,
1554 1071 1643 1112 aut
1674 1058 1809 1113 illud
1853 1075 1947 1113 nos
1981 1068 2256 1128 erogantes
2277 1073 2296 1111 :
2331 1059 2637 1112 auditorum
2671 1057 2804 1110 alios
2863 1058 3176 1109 sententiam
3203 1055 3476 1114 laudasse,
3509 1054 3612 1104 ad-

375 1145 636 1209 hortatos,
660 1156 714 1197 ut
744 1145 984 1213 faceret;
1015 1146 1104 1198 sed
1132 1161 1294 1198 unum
1319 1160 1385 1198 ex
1411 1147 1654 1209 ducibus,
1705 1146 1798 1211 qui
1833 1146 2095 1215 dignitate
2124 1154 2342 1198 eceteros
2374 1144 2718 1198 antecellebat
2742 1185 2756 1202 .
2793 1160 2893 1196 non
2919 1152 3126 1196 tantum
3154 1159 3257 1195 non
3291 1141 3615 1209 approbasse

374 1232 530 1283 verba
562 1231 627 1284 de
653 1231 918 1297 libertate,
951 1234 1042 1284 sed
1068 1240 1116 1284 et
1134 1232 1325 1301 quibus
1351 1242 1554 1301 poterat
1591 1232 1922 1294 rationibus,
1945 1232 2224 1284 consilium
2255 1231 2508 1298 principis
2556 1231 2891 1299 impedivisse
2913 1247 2932 1283 :
2965 1241 3015 1284 et
3047 1247 3166 1284 vero
3193 1229 3391 1282 similia
3417 1229 3614 1292 dicere,

376 1320 517 1386 quod
536 1318 671 1370 alios
693 1319 938 1385 anteiret,
963 1320 1101 1372 visus
1123 1329 1224 1372 est.
1257 1318 1390 1372 Erat
1428 1318 1586 1386 plane
1611 1319 1666 1372 id
1688 1333 1891 1387 quoque
1916 1331 2153 1371 meorum
2183 1317 2437 1370 scelerum
2468 1317 2697 1385 fructus,
2739 1329 2791 1370 ut
2830 1319 2940 1379 ipse
2969 1317 3096 1370 mihi
3120 1316 3341 1380 suadeo,
3368 1318 3619 1385 quemad-

382 1405 593 1456 modum
614 1413 802 1474 etque
830 1421 1036 1460 evenere
1060 1407 1306 1473 reliqua;
1333 1405 1452 1460 licet
1482 1405 1720 1459 nonnulli
1771 1419 2064 1459 sermonem
2119 1404 2259 1457 hunc
2290 1419 2391 1458 non
2417 1393 2714 1470 patentibus
2753 1405 2972 1457 auribus
2993 1405 3324 1472 arripientes,
3355 1420 3517 1473 neque
3542 1420 3613 1456 se-

383 1495 631 1561 metipsos
654 1510 872 1546 causam
899 1494 1061 1559 fuisse
1075 1494 1411 1562 judicantes,
1472 1494 1665 1547 divinis
1689 1494 1964 1562 prteceptis
1993 1491 2263 1561 neglectis,
2312 1492 2613 1545 hominibus
2645 1505 2922 1546 eventuum
2947 1509 3140 1546 causas
3181 1492 3472 1545 ascribunt.
3507 1491 3622 1560 Ego

383 1597 525 1644 vero,
543 1583 798 1650 quidquid
825 1583 880 1634 itl
901 1581 1082 1650 fuerit,
1109 1583 1302 1635 divina:
1330 1581 1596 1650 punitioni
1625 1589 1837 1650 propter
1865 1596 2036 1633 meam
2062 1583 2437 1636 correctionem
2461 1583 2657 1637 tribuo.

459 1668 521 1724 V.
551 1670 679 1724 Post
712 1671 845 1734 haec,
881 1669 1080 1723 nudam
1127 1670 1338 1723 civibus
1366 1667 1812 1723 Thessalonicam
1860 1665 2100 1722 Murates
2126 1669 2318 1724 incolis
2349 1669 2674 1723 instructam
2727 1668 3005 1736 cupiebat,
3056 1667 3289 1738 ideoque
3312 1667 3544 1721 diversis
3570 1668 3624 1720 in

381 1757 518 1810 locis
551 1767 960 1811 commorantes
1017 1755 1539 1811 Tliessalonicenscs
1586 1755 1638 1808 in
1690 1755 1938 1810 eamdem
1970 1751 2281 1812 revocabat.
2323 1755 2472 1810 Inter
2527 1756 2652 1823 bos,
2682 1757 2773 1823 qui
2803 1754 3248 1811 Thessalonicam
3271 1755 3624 1825 repetierant,

385 1856 572 1912 postea
597 1858 727 1899 vero
752 1859 910 1896 suum
933 1845 984 1896 in
1017 1859 1136 1898 eam
1159 1837 1393 1898 reditum
1425 1843 1784 1906 damuabant,
1819 1857 1945 1897 cum
1965 1840 2204 1898 Murates
2224 1844 2431 1912 aliquot
2448 1845 2608 1898 annis
2633 1844 2830 1912 elapsis
2864 1854 2986 1913 post
3015 1843 3316 1904 excidium,
3335 1843 3622 1913 ingressus

384 1931 600 1996 urbem,
631 1931 898 1999 promissa
932 1929 1516 1986 Thessalonicensibus
1566 1945 1673 1983 non
1712 1937 1978 1994 servaret,
2012 1940 2197 1984 noster
2230 1931 2542 2001 Anagnosta
2588 1931 2710 1985 fuit.
2743 1930 2932 1984 Tradit
2964 1931 3077 1985 haec
3117 1945 3238 2000 cap.
3291 1929 3399 1985 l9:
3449 1929 3623 1983 Porro

386 2017 565 2071 abiere
581 2033 872 2086 prtecones,
909 2017 1192 2087 inquiens,
1218 2019 1286 2070 ad
1311 2017 1480 2071 multa
1510 2017 1657 2070 illius
1681 2017 1903 2070 ditionis
1925 2016 2041 2071 loca
2064 2060 2079 2083 ,
2107 2029 2164 2070 ut
2195 2018 2398 2072 dictum
2431 2027 2508 2073 est
2533 2059 2549 2085 ,
2575 2035 2702 2089 quos
2732 2034 2966 2087 reperere
2996 2017 3502 2082 Thessalonicenses,
3534 2017 3629 2086 qui

388 2115 512 2156 ante
569 2103 848 2158 nonnullos
881 2121 1050 2158 annos
1087 2120 1264 2158 rerum
1293 2105 1555 2172 angustiis
1588 2105 1752 2171 pressi
1783 2119 1846 2157 ex
1873 2119 1947 2158 ea-
1967 2117 2306 2172 secesserant,
2348 2108 2509 2160 etiam
2535 2108 2582 2160 vi
2611 2106 2825 2159 reduces
2855 2105 3045 2176 fecere,
3081 2108 3312 2174 captivos
3345 2106 3463 2158 item
3494 2122 3627 2172 quo-

388 2208 492 2258 quo
522 2193 674 2244 modo
702 2192 758 2246 in
780 2193 1078 2246 libertatem
1105 2193 1419 2246 vindicatae.
1453 2191 1658 2246 [bidem
1691 2192 1853 2259 paulo
1873 2199 1997 2259 post
2025 2209 2039 2245 :
2075 2189 2438 2261 Opinabamur
2477 2207 2621 2254 vero,
2658 2192 2838 2245 urbem
2870 2207 3054 2244 rursus
3076 2193 3359 2260 pristinum
3383 2192 3628 2244 decorem

393 2289 744 2347 recepturum,
781 2289 832 2333 et
864 2281 1110 2346 pietatem
1158 2280 1307 2334 novis
1341 2280 1562 2348 ﬂoribus
1593 2295 1938 2342 emersurum,
1970 2287 2040 2342 et,
2074 2290 2129 2332 ut
2173 2290 2350 2343 antea,
2380 2279 2534 2349 longe
2568 2280 2772 2349 lateque
2803 2280 3206 2349 divagaturam.
3243 2280 3308 2333 Et
3323 2279 3472 2348 rforte
3505 2280 3629 2347 effe-

391 2376 536 2419 ctum
567 2368 858 2433 habuisset,
889 2367 943 2420 ni
974 2382 1159 2421 rursus
1189 2382 1427 2420 meorum
1478 2366 1790 2421 delictorum
1842 2367 1992 2434 copia
2012 2367 2325 2433 obstitisset,
2363 2368 2623 2436 datusque
2649 2373 2782 2421 esset
2817 2367 2965 2420 locus
3000 2367 3352 2436 improbitati.
3403 2367 3488 2420 Ex
3527 2383 3632 2429 quo

389 2455 530 2508 enim
561 2456 749 2508 civitas
806 2455 1109 2523 captivitate
1136 2470 1319 2524 pressa
1371 2454 1570 2522 fuerat,
1599 2463 1649 2507 et
1682 2454 1927 2508 Murates
1957 2455 2162 2522 'omnia,
2191 2465 2242 2510 et
2276 2455 2501 2523 wdiﬁcia
2528 2495 2544 2520 ,
2580 2465 2627 2508 et
2653 2457 3026 2522 possessiones,
3053 2465 3102 2509 et
3126 2471 3284 2508 sacra
3320 2457 3539 2520 templa.
3581 2472 3614 2506 ο

393 2540 737 2609 monasteria,
773 2552 824 2596 et
856 2558 1038 2596 eorum
1060 2543 1282 2606 reditus,
1323 2541 1473 2596 nobis
1514 2528 1884 2596 revertentibus
1917 2558 2122 2612 quoquo
2154 2543 2308 2596 modo
2344 2542 2524 2596 liberis
2547 2543 2702 2613 factis
2730 2542 3004 2612 magniﬁce
3028 2551 3080 2596 et
3111 2543 3331 2612 scripto,
3355 2551 3405 2596 et
3428 2559 3633 2596 sermo-

392 2645 459 2681 ne
484 2631 735 2696 elargilus
764 2639 866 2694 est,
919 2639 969 2684 et
1004 2630 1135 2684 locis
1167 2645 1233 2684 ex
1282 2631 1523 2684 omnibus
1574 2631 1976 2684 advenientibus
2020 2628 2318 2682 libertatem
2346 2631 2527 2698 palam
2547 2629 2739 2695 edixit,
2773 2641 2820 2683 et
2844 2647 2968 2699 suas
3003 2630 3209 2695 domus,
3242 2639 3292 2683 et
3310 2647 3634 2699 quwcunque

394 2717 686 2770 immobilia
711 2735 886 2772 omnes
921 2729 1320 2784 recuperarunt,
1367 2728 1416 2772 et
1441 2719 1571 2772 ordo
1625 2721 1816 2780 omnis,
1842 2727 1890 2772 et
1918 2733 2042 2787 gens
2079 2720 2321 2772 universa
2347 2718 2577 2771 civitatis
2629 2717 2856 2771 secundo
2903 2719 3084 2788 augeri
3116 2719 3457 2786 renovarique
3488 2720 3632 2772 haud

397 2804 719 2872 improspere
752 2821 972 2875 coepere,
1003 2814 1052 2858 et
1079 2815 1265 2872 pastor
1324 2804 1470 2858 urbis
1516 2814 1745 2866 creatus,
1798 2813 1847 2858 et
1906 2805 2144 2859 Ecclesia
2201 2807 2433 2860 constitit
2491 2807 2604 2860 suis
2674 2808 2931 2860 institutis
2979 2807 3282 2875 conspicua,
3341 2820 3389 2861 et
3445 2825 3638 2861 mona-

401 2893 488 2946 chi
508 2893 829 2946 monasteria
861 2903 1160 2955 tenuerunt,
1192 2904 1239 2947 et
1271 2893 1502 2946 studiose
1526 2893 1810 2945 admodum
1836 2907 2014 2946 eorum
2046 2895 2340 2964 augmentis
2369 2893 2668 2960 inhiabant,
2708 2910 2986 2960 omnesque
3018 2911 3104 2962 spe
3123 2893 3464 2949 laetabantur
3494 2896 3632 2949 bona

397 2992 473 3046 et,
507 2993 563 3036 ut
598 2983 820 3037 breviter
853 2998 933 3037 me
967 2982 1266 3051 expediam,
1301 2991 1519 3050 propter
1545 2981 1809 3034 excidium
1838 2983 1984 3034 nobis
2009 2981 2268 3034 malorum
2303 2969 2578 3035 illato'rum
2611 2983 2869 3037 memoria
2892 2985 3120 3048 amissa,
3151 2983 3514 3052 gaudebamus
3537 3001 3635 3050 pro

406 3071 495 3135 iis,
525 3087 640 3140 qua:
673 3069 818 3123 nobis
857 3072 1124 3138 insperato
1152 3070 1470 3139 obtigerant,
1493 3079 1542 3122 et
1567 3070 1846 3136 pristinam
1875 3069 2182 3138 felicitatem
2237 3069 2788 3139 tranquillitatemque
2819 3080 3221 3128 consecuturum
3253 3070 3431 3124 urbem
3449 3087 3639 3138 spera-

403 3157 624 3218 bamus;
655 3166 764 3210 tum
787 3173 852 3211 ex
875 3159 1046 3222 nobis,
1088 3170 1142 3210 ut
1175 3157 1451 3226 proverbio
1499 3158 1689 3226 fertur,
1714 3157 1884 3209 lorum
1913 3167 2177 3225 sumptum
2215 3166 2314 3228 est.
2346 3165 2416 3218 et,
2439 3173 2555 3226 qua:
2582 3160 2995 3227 expectabantur
3033 3161 3189 3222 bona,
3222 3160 3278 3212 in
3307 3161 3638 3214 contrarium

407 3245 722 3298 reciderunt.
751 3244 882 3313 Cap.
911 3244 984 3299 ‘20
1011 3261 1024 3298 :
1065 3243 1208 3297 Nam
1266 3243 1697 3298 Thessalonicam
1748 3253 1979 3312 repetens
2017 3245 2262 3299 Muratcs
2292 3244 2577 3318 [secundus
2606 3256 2716 3300 tum
2749 3249 2994 3302 currebat
3019 3247 3096 3302 vel
3127 3248 3312 3302 tertius
3343 3259 3457 3318 post
3497 3252 3644 3303 exci-

399 3331 556 3385 dium
584 3331 775 3404 annus]
803 3343 860 3385 ut
881 3349 997 3387 eam
1019 3333 1287 3398 inviseret,
1317 3334 1724 3400 accuratiusque
1754 3348 1835 3386 res
1857 3332 2003 3386 illius
2034 3331 2352 3396 addisceret,
2378 3344 2426 3386 et
2451 3333 2599 3388 bonis
2625 3335 2770 3388 illius
2803 3335 3090 3406 frueretur,
3120 3345 3165 3387 et
3194 3337 3491 3389 muneribus
3521 3353 3644 3388 mu-

404 3421 578 3489 nificis
610 3422 944 3475 contenderet
963 3439 1082 3475 cum
1110 3435 1212 3477 suo‘
1231 3424 1587 3493 progenitore,
1611 3424 1856 3488 illiusque
1896 3422 2127 3494 vestigiis
2159 3422 2424 3476 insisteret
2458 3439 2476 3477 :
2511 3425 2602 3492 qui
2627 3421 3004 3477 Thessalonica
3031 3423 3226 3491 potitus
3253 3425 3457 3493 gratias
3485 3425 3648 3478 innu-

399 3523 575 3562 meras
630 3508 1036 3578 largitionesque
1090 3511 1350 3563 maximas
1399 3510 1564 3577 fecit:
1620 3513 1739 3570 huc,
1759 3497 1994 3580 inquam,
2047 3510 2214 3580 fretus
2260 3520 2458 3574 mente,
2489 3511 2731 3581 illiusque
2784 3512 3126 3580 exsequenda:
3179 3529 3347 3566 causa
3406 3511 3643 3576 veniens,

399 3590 731 3660 postmodum
757 3595 914 3651 malis
944 3596 1177 3650 aliorum
1204 3597 1593 3652 monitionibus
1629 3599 1941 3659 distractus,
1980 3599 2263 3652 consilium
2297 3601 2680 3669 pristinamque
2715 3603 3028 3655 sententiam
3054 3611 3222 3655 mutat
3251 3617 3269 3655 :
3301 3611 3349 3654 et
3378 3618 3516 3666 quat,
3541 3618 3645 3670 quo

403 3681 550 3749 σαριε
578 3696 758 3733 ωνιιιε
793 3690 1046 3750 tempore,
1073 3697 1178 3735 ηοη
1205 3683 1428 3750 ρει-θρα,
1455 3696 1515 3734 ϐο
1568 3681 1815 3748 “mitam
1848 3681 2098 3749 ρενβεενε
2127 3689 2421 3741 constituit.
2456 3687 2651 3759 Igitur,
2690 3691 2810 3743 licet
2843 3691 2932 3743 ille
2971 3689 3189 3752 diceret,
3217 3692 3332 3744 ideo
3364 3707 3420 3744 se
3449 3693 3647 3743 venisse

408 3778 464 3819 ut
495 3768 673 3821 urbem
705 3779 750 3820 et
774 3768 984 3838 singula
1015 3768 1163 3822 illius
1192 3767 1645 3835 circumspiceret,
1681 3769 1891 3836 otioque
1915 3777 1964 3820 et
1996 3767 2194 3827 laboris
2224 3775 2527 3828 remissione
2556 3785 2816 3839 uteretur,
2857 3777 3113 3847 bonisque
3152 3777 3296 3829 illius
3336 3777 3405 3828 ad
3435 3780 3644 3830 saturi-

353 3913 372 3919 _
413 3863 575 3909 tatem
602 3856 990 3923 luxuriaretur,
1014 3858 1192 3926 sicque
1219 3873 1324 3911 non
1363 3857 1540 3910 minus
1566 3857 1621 3909 in
1652 3873 1767 3909 eam
1803 3855 2043 3910 benevole
2094 3861 2316 3928 affectus
2340 3900 2355 3925 ,
2383 3860 2603 3915 meliora
2628 3867 2890 3930 speranda
2925 3861 3074 3915 nobis
3106 3863 3159 3915 in
3191 3872 3458 3931 posterum
3485 3864 3647 3916 relin-

407 3944 626 4011 queret;
659 3945 1001 3999 nihilominus
1031 3946 1261 4010 primum
1291 3945 1602 3997 mandatum
1633 3943 1800 4005 dedit,
1826 3943 1962 4011 quod
2004 3959 2096 3996 nec
2128 3961 2223 4012 per
2253 3948 2520 3999 somnium
2546 3949 2759 4017 quidem
2775 3949 3036 4016 quispiam
3060 3959 3411 4015 expectasset.
3446 3950 3510 4003 Id
3543 3967 3647 4002 au-

407 4041 510 4084 tem
539 4040 674 4096 erat,
711 4035 1034 4086 monasteria
1065 4034 1244 4085 omnia
1269 4030 1571 4099 templaque
1613 4031 1949 4097 occupanda,
1998 4045 2180 4086 eorum
2208 4033 2412 4087 reditus
2442 4047 2620 4088 ontues
2667 4037 3124 4105 possessionesque
3149 4037 3489 4103 auferendus,
3517 4048 3564 4091 et
3592 4040 3650 4091 in

407 4131 692 4188 angustant
717 4123 903 4190 Oppido
935 4137 1016 4174 res
1051 4133 1260 4175 nostras
1288 4122 1568 4189 cogendas.
1623 4118 1774 4184 Quod
1805 4134 1906 4171 non
1931 4119 2096 4172 multo
2127 4130 2241 4186 post
2271 4121 2476 4190 factum
2519 4132 2596 4176 est
2621 4122 2685 4176 ab
2714 4122 2824 4176 illis
2843 4123 3139 4200 insigniter.
3173 4123 3306 4194 Cap.
3345 4125 3410 4178 21
3443 4144 3456 4179 :
3491 4113 3658 4178 Nunc

406 4221 588 4272 porro,
627 4209 718 4275 qui
743 4227 772 4261 a
805 4209 1129 4278 longioribus
1159 4211 1267 4262 oris
1300 4208 1478 4272 illius,
1519 4219 1780 4275 compotes
1803 4205 1962 4275 ﬂendi
1984 4207 2249 4261 desiderio
2283 4209 2634 4274 exardebant,
2663 4227 2750 4265 eos
2779 4211 2862 4266 sui
2891 4196 3161 4275 desiderii,
3196 4215 3286 4266 sed
3321 4223 3368 4266 et
3397 4228 3494 4266 nos
3519 4229 3651 4281 quo-
3740 4195 3746 4202 ’

406 4309 507 4362 que
543 4295 732 4348 ineant
761 4297 1040 4350 reditionis
1065 4297 1280 4364 ptenitet
1308 4313 1329 4362 ;
1361 4311 1481 4348 cum
1510 4311 1626 4364 spes
1661 4294 1895 4349 melioris
1916 4302 2093 4348 status
2118 4296 2329 4364 penitus
2373 4300 2582 4351 sublata
2613 4301 2702 4352 sit.
2729 4297 2832 4354 Ubi
2867 4309 3048 4364 notes,
3089 4308 3363 4354 auctorem
3397 4311 3651 4354 nostrqu

408 4382 588 4449 capite
619 4382 708 4448 20,
742 4398 864 4438 cum
884 4384 956 4439 sit
983 4382 1205 4449 dubius,
1242 4384 1417 4438 altero
1447 4399 1517 4438 an
1568 4383 1730 4438 tertio
1762 4397 1930 4446 anno,
1972 4391 2099 4451 post
2129 4384 2282 4438 urbis
2321 4384 2825 4443 Thessalonicensis
2848 4388 3150 4453 excidium,
3193 4389 3246 4442 id
3303 4398 3388 4443 est
3437 4403 3644 4442 annum

408 4466 610 4523 Christi
651 4469 812 4534 H50,
843 4487 954 4538 res,
987 4487 1126 4542 quas
1167 4474 1268 4526 hoc
1308 4473 1425 4526 loco
1461 4481 1668 4536 narrat,
1701 4470 2036 4536 acciderint;
2070 4470 2252 4525 facere
2282 4473 2440 4526 nobis
2475 4473 2693 4543 aliquod
2734 4474 3022 4540 indicium,
3051 4490 3145 4528 eas
3178 4492 3236 4529 se
3269 4476 3468 4530 litteris
3500 4490 3674 4529 com-'

370 4605 379 4612 .
411 4557 628 4613 misisse
659 4568 782 4628 post
801 4574 976 4616 annos
1003 4561 1071 4615 ab
1090 4568 1397 4636 expugnata
1428 4558 1818 4616 Thessalonica
1845 4557 2045 4628 plures,
2066 4572 2230 4636 quam
2278 4569 2387 4614 tres
2426 4571 2506 4626 ut,
2537 4573 2706 4632 quoto
2730 4577 2875 4618 anno
2891 4576 3058 4634 gestas
3081 4565 3303 4628 iuerint,
3329 4574 3521 4618 exacte
3547 4579 3654 4617 non

410 4646 646 4715 amplius»
671 4649 950 4704 recordari
981 4649 1238 4717 potuerit.
1262 4647 1439 4714 Unde,
1477 4665 1585 4704 non
1618 4659 1824 4704 tantum
1857 4661 2001 4701 almo
2043 4645 2246 4701 Christi
2301 4647 2458 4712 1455,
2494 4652 2588 4704 sed
2625 4643 2790 4704 etiam
2819 4650 3027 4720 aliquot
3064 4650 3222 4704 antiis
3252 4660 3374 4719 post
3400 4651 3454 4705 in
3517 4652 3676 4705 vivis

409 4735 776 4805 Anagnostam
801 4745 1046 4793 nostrum
1071 4738 1349 4794 exstitisse
1367 4738 1610 4808 colligas.
2853 4745 2864 4760 ‘

892 4874 1122 4932 Joannis
1151 4879 1466 4948 Anagnostte
1489 4879 1706 4948 scripta.
1743 4879 1817 4934 De
1839 4881 1990 4934 rebus
2014 4876 2716 4945 Constantinopolitanorum
2745 4871 3122 4926 Macedonicis.

487 4987 573 5043 VI.
607 4988 683 5044 Ad
714 4989 1003 5058 quemdam
1058 4989 1234 5042 virum
1307 4989 1656 5053 laudabilem,
1709 4991 1865 5059 cujus
1913 5003 2109 5043 nomen
2169 4985 2389 5042 silentio
2438 4979 2591 5054 tegit,
2649 4983 3016 5037 narrationem
3067 4983 3134 5036 tle
3166 4971 3408 5034 extremo
3441 4979 3662 5035 excidio
3737 5026 3744 5029 .

413 5077 821 5132 Thessalonicae
851 5077 1096 5146 scripsit.
1143 5076 1255 5130 Hoc
1291 5077 1472 5133 libello
1503 5087 1711 5141 narrat,
1739 5087 1793 5131 et
1822 5077 2184 5139 obsidionem,
2211 5084 2267 5127 et
2308 5070 2766 5140 expugnationem
2799 5066 3127 5123 istiusurbis
3159 5065 3512 5122 Macedonum
3549 5069 3659 5133 pri-
3741 5101 3746 5105 ε

414 5165 621 5229 maria},
643 5180 806 5233 quam
832 5165 1060 5234 imperio
1081 5164 1378 5219 CPolitano
1433 5164 1756 5233 subiectam,
1793 5180 1914 5219 cum
1957 5165 2218 5218 adversus
2255 5159 2464 5214 Turcas
2503 5156 2774 5229 Cpolitani
2802 5156 3093 5212 defendere
3119 5157 3253 5232 satis
3281 5171 3382 5209 nou
3412 5167 3660 5222 possent,

418 5250 754 5306 Venetorum
787 5252 1040 5321 potestati
1083 5251 1381 5315 subditam,
1412 5267 1556 5306 anno
1596 5253 1945 5322 imperatoris
1971 5249 2200 5306 Joannis
2232 5247 2519 5315 Palteologi
2553 5244 2902 5310 Juniorisli,
2937 5243 3142 5300 Christi
3165 5243 3324 5309 M50,
3357 5242 3596 5297 Murates
3621 5241 3661 5296 ll

413 5337 717 5394 Turcarum
739 5339 994 5409 princeps
1022 5340 1269 5394 dominio
1297 5337 1532 5394 Turcico
1565 5339 1820 5406 subjecit.
1863 5337 2072 5400 Prodiit
2095 5336 2284 5391 Grazce
2305 5345 2360 5390 et
2389 5334 2600 5399 Latine,
2625 5334 2937 5408 interprete
2955 5331 3136 5390 Leone
3164 5331 3390 5398 Allatio,
3421 5332 3478 5386 in
3512 5328 3664 5400 ejus-

413 5424 538 5482 dem
594 5424 910 5497 Symtnictis
932 5467 949 5494 ,
980 5425 1220 5482 Coloniae
1237 5426 1548 5498 Agrippina!
1579 5442 1675 5496 per
1710 5424 1975 5482 Jodocum
2008 5427 2353 5494 naicovium,
2380 5423 2667 5493 MDCLlll,
2689 5426 2746 5481 in
2781 5424 2835 5483 8.

736 5882 1010 5944 Pnaoc.
1045 5884 1163 5947 Gn.
1203 5879 1401 5943 CLVI.
2073 5967 2078 5971 .
2156 5968 2161 5972 .
3169 5877 3244 5935 19
