4000 6420
1649 361 1971 423 JOANNIS
2007 361 2484 424 ANAGNCST/E

3545 370 3642 434 888

447 509 3622 548 Μ

1085 675 1837 822 ΙΩΑΝΝΟΥ
1913 671 3064 808 ΑΝΑΓΝΩΣΤΟΥ

1718 913 2033 974 ΔΙΗΓΗΣΙΣ
2075 911 2240 966 ’ΠΕΡΙ
2293 911 2431 966 ΤΗΣ

789 1078 1486 1168 ΤΕΛΕΥΤΑΙΑΣ
1567 1073 2073 1165 ΑΛΩΣΕΩΣ
2143 1073 2363 1162 ΤΗΣ

2477 1073 3267 1164 ΘΕΣΣΑΑΟΝΙΚΗ
3277 1077 3336 1162 Σ

1881 1265 2272 1318 ΣΥΝΤΕΘΕΙΣΔ

688 1377 860 1428 uno:
879 1380 1030 1429 rma
1074 1377 1202 1429 Ton
1261 1377 1636 1429 AZIOAOI‘QN
1677 1375 2007 1426 nonum:
2061 1344 2426 1426 inanima
2469 1371 2622 1422 nam
2658 1369 2927 1432 unus,
2981 1371 3068 1422 EN
3142 1373 3448 1438 animm.

973 1709 1070 1866 J
1082 1704 1470 1866 OAN
1483 1712 1599 1864 N
1617 1705 1793 1862 IS
1943 1703 2203 1863 AN
2211 1701 2599 1867 AGN
2611 1690 3170 1863 OSTZE

1921 1971 2282 2034 NARRATIG

764 2141 919 2236 DE
992 2143 1589 2239 EXTREMO
1662 2146 2775 2241 THESSALONICENSI
2875 2147 3393 2240 EXClDlO

563 2354 634 2404 IN
683 2353 970 2404 GMTIAI
1032 2352 1362 2402 αωυεωιι
1396 2351 1781 2402 ωυωιιιυε
1827 2353 1986 2411 Vill,

2114 2355 2164 2400 3|
2207 2355 2445 2403 ειιηυε
2486 2356 2617 2405 ΒΑΜ
2677 2359 3153 2419 επιλοιτιγιτ,
3214 2355 3576 2407 COMPBNDIO

1854 2459 2283 2509 CONCINNATA.

1523 2607 1838 2674 (ﬂamonia
1879 2607 2056 2662 Allatii
2080 2605 2382 2675 8W3,
2407 2621 2454 2672 p.
2495 2607 2623 2670 liis.)

520 2912 572 2966 t.
601 2906 766 2966 Multa
803 2909 1061 2981 equidem
1092 2909 1252 2968 nobis
1276 2923 1654 2983 saepenumero
1675 2919 1733 2968 et
1760 2910 1866 2967 alia
1891 2925 2022 2981 gna-

2196 2917 2268 2967 α’.
2305 2911 2483 2967 Πολλά
2516 2911 2616 2984 μὲν
2670 2913 2804 2982 ἡμῖν
2849 2912 3112 2977 πολλάκις
3147 2911 3246 2970 καὶ
3314 2912 3450 2968 ἀλλα
3499 2910 3562 2965 τδ
3606 2908 3690 2975 τῆς

443 3015 575 3058 vum
621 3009 778 3056 tuum
815 3009 982 3072 atque
1019 3001 1347 3058 industrium
1399 3000 1639 3057 animum
1663 3003 1844 3074 palam
1877 3003 2020 3060 indi-

441 3102 660 3161 carunt,
707 3094 789 3148 vir
817 3094 1022 3166 optime
1049 3105 1108 3153 et
1128 3095 1504 3152 doctrinarum
1553 3095 2015 3164 studiosissime;

443 3201 548 3240 non
598 3185 780 3241 minus
810 3200 942 3242 vero
966 3201 1094 3257 erga
1121 3201 1308 3242 eorum
1329 3187 1703 3244 narrationem
1734 3203 1858 3260 quae
1887 3203 2020 3258 per-

441 3275 636 3331 illustri
699 3287 858 3332 antea
917 3277 1040 3333 urbi
1067 3277 1643 3334 Thessalonicensinm
1672 3282 2020 3349 contigerunt

438 3379 688 3434 conatus,
724 3378 780 3425 et
808 3369 876 3425 ad
905 3385 969 3426 ea
984 3371 1292 3426 enarranda
1319 3375 1676 3442 ponendaque
1697 3372 1800 3428 sub
1819 3374 2015 3442 oculis,

441 3470 500 3514 ut
554 3461 716 3516 nobis
746 3461 872 3518 licet
905 3462 1291 3535 integrumque
1330 3473 1442 3529 est,
1493 3466 1774 3535 prudentia
1821 3467 2017 3520 incita-

442 3559 644 3607 menta.
710 3551 834 3608 Haec
894 3568 1130 3622 namque
1185 3554 1480 3612 manifesto
1530 3557 1853 3625 pervulgarit
1907 3571 2017 3628 quo

437 3651 601 3713 pacto
628 3641 696 3698 ad
727 3646 1068 3700 necessarias
1100 3645 1422 3718 disciplinas
1457 3648 1759 3718 dispositus
1797 3650 1868 3704 sit
1898 3652 2016 3704 ani-

439 3749 561 3790 mus
592 3745 739 3800 tuus,
763 3746 820 3792 et
849 3737 1099 3795 historiis
1128 3754 1192 3797 ac
1214 3741 1580 3808 sermonibus,
1608 3741 1812 3811 quibus
1837 3744 2013 3798 homi-

439 3841 536 3881 nes
561 3829 628 3883 ad
675 3829 904 3887 meliora
941 3831 1320 3898 deﬂectuntur,
1353 3831 1698 3898 incumbens,
1757 3839 1904 3888 totus
1956 3833 2010 3888 in

439 3916 619 3972 futura
650 3919 966 3992 mutarique
1003 3921 1189 3998 nescia
1223 3927 1386 3992 plane
1426 3923 1730 3994 inseratur.
1780 3921 2012 3978 Verum-

440 4017 652 4074 tamen,
691 4010 820 4068 licet
869 4011 921 4067 id
946 4013 1186 4068 studium
1219 4029 1318 4072 sua
1345 4013 1508 4071 laude
1537 4023 1591 4070 et
1648 4015 2014 4071 admiratione

437 4112 542 4152 non
565 4109 772 4168 careat,
791 4108 1058 4167 attamen,
1095 4103 1404 4178 quicunque
1435 4103 1753 4174 sapitpleno
1772 4112 2011 4171 pectore,

435 4203 546 4244 non
575 4189 722 4246 illius
751 4191 1136 4266 mstimationia
1168 4207 1294 4254 esse
1319 4195 1498 4259 ducet,
1530 4203 1584 4250 te
1610 4195 1740 4260 iiiis,
1775 4195 1869 4264 qui
1894 4204 2012 4248 arte

2124 3003 2310 3074 ψυχῆς
2338 3021 2433 3056 σου
2479 3003 2769 3071 φιλόπονον
2798 3004 3074 3074 ἀριδήλως
3119 3005 3452 3076 ὲγνῶρισεν,
3500 2998 3691 3070 ἀνδρῶν

2123 3100 2311 3170 ἀριστε
2336 3097 2430 3149 καὶ
2461 3096 2918 3166 φιλομαθέστατε,
2957 3099 3056 3170 οὐχ
3092 3091 3272 3168 ἦττον
3304 3099 3358 3152 δὲ
3385 3097 3478 3150 καὶ
3517 3093 3692 3166 ήπρδς

2121 3187 2220 3256 τὴν
2241 3183 2496 3255 διήγησιν
2523 3185 2633 3239 τῶν
2653 3185 2758 3256 ἤδη
2780 3187 2847 3256 τῇ
2880 3189 3174 3258 περιφανεῖ
3215 3187 3291 3240 τὸ
3323 3187 3582 3257 πρότερον
3611 3183 3692 3238 πό-

2121 3277 2205 3330 λει
2237 3275 2609 3348 Θεσσαλονίκῃ
2659 3277 3086 3348 συμὸεδηκότων
3128 3279 3348 3345 σπουδή
3386 3295 3503 3343 σου,
3534 3277 3620 3329 καὶ
3641 3275 3694 3327 τὸ

2120 3366 2298 3436 λόγοις
2324 3369 2472 3437 ἡμᾶς
2499 3368 2739 3432 συνετῶς
2785 3369 2927 3436 ἀγαν
2954 3369 3140 3439 ἔχουσι
3176 3369 3477 3442 διεγεῖραι,
3508 3367 3694 3430 ταύτην

2117 3456 2196 3522 ὡς
2218 3459 2284 3512 ἂν
2315 3458 2572 3529 ἐπίδηλόν
2609 3477 2689 3514 σοι
2727 3460 2868 3514 κατὰ
2910 3460 3139 3531 δύναμιν
3168 3461 3370 3517 θέσθαι
3392 3463 3491 3533 την
3509 3457 3694 3530 ἡμετέ-

2120 3567 2222 3622 ραν
2271 3551 2665 3621 σπουδάσωμεν
2715 3554 2808 3606 καὶ
2855 3551 3045 3624 ὥσπερ
3080 3553 3173 3606 ὑπ’
3219 3553 3354 3625 ὅφιν
3381 3555 3685 3623 ἀγάγωμεν.

2117 3641 2370 3694 Δείκνυσι
2421 3642 2532 3712 γάρ
2563 3659 2658 3694 σου
2701 3643 3028 3711 περιφανῶς
3052 3643 3155 3712 τὴν
3182 3643 3394 3715 ψυχὴν,
3431 3647 3558 3714 περὶ
3601 3641 3689 3706 τὴν

2117 3732 2227 3785 τῶν
2260 3731 2578 3800 ἀναγκαίων
2613 3733 2762 3796 ὅπως
2796 3725 3038 3803 μάθησιν
3080 3735 3219 3806 ἔχει,
3256 3737 3353 3789 καὶ
3405 3736 3480 3797 ὡς
3506 3735 3566 3786 ἐκ
3604 3726 3689 3783 τοῦ

2116 3825 2414 3893 προσέχειν
2449 3824 2716 3894 ἱστορίαις
2753 3826 2847 3878 καὶ
2895 3825 3098 3894 λόγοις,
3135 3821 3220 3889 οἷς
3249 3827 3537 3898 ἄνθρωποι
3563 3823 3690 3894 πρὸς

2115 3914 2184 3965 τά
2207 3913 2446 3981 κρείττω
2473 3914 2663 3982 σαφῶς
2685 3915 3098 3984 μετατίθενται,
3122 3916 3238 3969 τῶν
3275 3919 3578 3987 μελλόντων
3604 3915 3689 3979 ὅλη

2115 4005 2210 4057 καὶ
2242 4005 2316 4076 μὴ
2363 4004 2784 4075 μεθιπαμένων
2829 4006 3184 4062 καθίσταται.
3232 4009 3385 4080 Πλὴν
3418 4008 3534 4063 ἀλλ’
3561 4005 3692 4059 οὕτω

2115 4096 2432 4167 θαυμασίας
2461 4095 2632 4168 οὔσης
2667 4115 2732 4166 γε
2765 4099 2865 4169 τῆς
2893 4098 3152 4169 σπουδῆς,
3185 4103 3373 4154 ἐκεῖνο
3421 4103 3529 4164 πᾶς
3562 4103 3687 4152 ἐστι·

2113 4185 2243 4242 σοῦν
2275 4182 2338 4241 εὖ
2386 4187 2602 4258 φρονῶν
2625 4229 2640 4254 ,
2671 4189 2782 4241 τῶν
2807 4189 2907 4242 οὐκ
2936 4191 3358 4261 ἐπαινουμένων
3390 4193 3458 4247 ἀν
3487 4189 3693 4261 οἰηθείη

435 4281 652 4338 dicendi
701 4263 997 4352 plurimum
1055 4285 1242 4344 valent
1273 4295 1327 4342 et
1377 4297 1504 4343 ante
1529 4287 1712 4342 omnia
1749 4263 2014 4357 perpetuo

2114 4280 2198 4334 ὅτι
2229 4296 2293 4350 γε
2329 4282 2459 4343 τοὺς
2510 4282 2592 4345 είς
2620 4281 2793 4352 ἀκρον
2821 4283 3111 4352 δυνάμεως
3148 4282 3326 4345 λόγων
3359 4284 3691 4356 ἐληλακότας

433 4373 732 4430 scribendo
766 4385 979 4447 tempus
1015 4379 1319 4440 isumunt,
1345 4377 1630 4449 neglectis.
1665 4377 1796 4433 mihi
1823 4393 2013 4448 parum]

433 4467 800 4534 considente,
838 4469 1048 4525 homini
1075 4469 1229 4541 segni
1277 4469 1552 4542 inertique
1585 4479 1642 4525 et
1673 4471 1740 4525 ad
1762 4470 2013 4527 scriben-

434 4559 567 4618 dum
594 4559 756 4628 plane
784 4559 1154 4631 ineptissimo,
1195 4575 1298 4618 nec
1327 4577 1436 4618 non
1457 4561 1620 4618 rebus
1647 4562 2013 4618 laudabiiibus

433 4653 821 4720 comparandis
851 4669 1080 4722 prorsus
1125 4654 1334 4744 h‘ebeti.
1365 4669 1488 4710 eam
1527 4654 1868 4744 provinciam
1902 4655 2011 4712 de-

433 4745 748 4806 mandasse,
785 4745 1150 4811 consimilem,
1179 4755 1240 4800 ut
1270 4759 1411 4810 reor,
1454 4743 1670 4814 apibus,
1729 4759 1849 4816 qua:
1877 4746 2008 4800 dum

430 4832 896 4901 principiaanellis
917 4848 1212 4906 emungere
1239 4834 1661 4904 compelluntur,
1693 4837 2007 4902 uttradnnt,

433 4937 599 4978 suave
631 4925 879 4982 odoratis
913 4925 1138 4982 ﬂoribus
1168 4928 1403 4983 desertis
1463 4928 1727 4997 thymum,
1783 4930 2006 4986 herbam

433 5013 740 5070 acritudine
773 5017 990 5086 plenam
1021 5017 1344 5089 nulliusque
1381 5033 1609 5086 prorsus
1631 5020 1813 5076 odoris
1855 5035 2006 5075 com-

432 5111 637 5172 potem,
678 5105 1146 5162 circumvolitant.
1166 5106 1272 5161 Sed
1301 5108 1484 5177 gravis
1511 5121 1600 5164 res
1631 5118 1716 5163 est
1741 5111 2005 5175 amicitia,

428 5209 622 5249 omnes
650 5197 718 5249 ab
756 5209 816 5251 se
877 5197 1121 5252 irrelitos
1179 5198 1363 5284 omnia
1400 5201 1701 5278 amicorum
1749 5204 1921 5272 gratia
1950 5215 2008 5259 et

425 5297 586 5351 agere
617 5295 671 5339 et
702 5285 884 5340 dicere
911 5287 963 5366 vi
994 5287 1226 5357 quadam
1255 5303 1474 5359 cogens.
1498 5300 1552 5345 et
1572 5307 1601 5345 a
1637 5294 1821 5347 multis
1855 5308 2005 5348 ema-

427 5387 647 5430 nantem
683 5376 896 5430 laudem
917 5376 1026 5432 iiiis
1047 5378 1348 5435 conciliare
1375 5389 1552 5446 sueta,
1593 5381 1697 5437 hoc
1727 5383 1998 5454 siquidem

425 5477 481 5520 te
509 5477 566 5520 et
599 5467 668 5520 ad
697 5475 904 5521 tantam
934 5483 1046 5524 rem
1087 5471 1240 5526 nobis
1272 5474 1735 5542 persuadendum,
1789 5491 1998 5545 praeco-

2116 4373 2519 4446 παραδραμὼν,
2573 4377 2667 4430 καὶ
2698 4375 2980 4446 προῦργου
3011 4380 3214 4444 παντὸς
3241 4381 3304 4434 τὸ
3335 4380 3696 4450 λογογραφεῖν

2115 4466 2204 4519 ἀεὶ
2221 4469 2605 4538 ποιουμένους,
2635 4470 2762 4538 ἐμοὶ
2791 4471 2892 4539 τὴν
2917 4471 3192 4542 τοσαύτην
3223 4474 3546 4545 ἐγχείρησιν
3568 4474 3695 4525 ἀπε-

2117 4559 2427 4628 ρισκέπτως
2453 4558 2669 4625 ἀνέθου,
2693 4559 2994 4630 νωθρότητι
3027 4562 3268 4626 διανοίας
3298 4565 3531 4635 ἀμαθῶς
3564 4561 3694 4630 ἀλη-

2114 4649 2222 4712 θῶς
2253 4648 2430 4720 ἔχοντι
2474 4651 2607 4721 περὶ
2635 4650 2830 4720 λόγους
2872 4655 2970 4708 καὶ
3019 4654 3156 4724 πρὸς
3206 4657 3392 4710 πᾶσαν
3445 4651 3692 4725 ἡντινοῦν

2113 4739 2336 4808 ἀγαθῶν
2380 4741 2574 4811 κτῆσιν
2630 4742 2967 4814 ρᾳθυμοῦντι
3027 4744 3303 4811 καθάπαξ.
3353 4747 3468 4800 Καὶ
3505 4743 3694 4798 ταυτὸν

2111 4825 2264 4899 οῐμαι
2297 4831 2574 4894 πέπονθας
2599 4835 2718 4895 ταῖς
2773 4834 3086 4903 μελίσσαις,
3136 4837 3227 4890 ὅτε
3254 4838 3358 4900 τὰς
3387 4840 3562 4906 ἀρχὰς
3595 4835 3691 4903 ζηο

2109 4921 2224 4973 τεῖν
2265 4918 2359 4972 τοῦ
2393 4921 2614 4992 μέλιτος
2640 4923 3066 4992 κατεπείγονται
3092 4939 3109 4957 ⁸
3146 4927 3561 4998 παρατρέχοντι
3591 4924 3689 4994 μὲν

2109 5013 2240 5083 γὰρ,
2267 5012 2340 5075 ῶς
2369 5031 2521 5082 φασι,
2546 5014 2654 5068 τῶν
2677 5015 2885 5069 ἀνθέων
2912 5016 2981 5071 τά
3008 5015 3245 5088 εὔοσμα,
3276 5019 3604 5086 ὲφίπτανται
3633 5015 3688 5068 δὲ

2109 5107 2186 5176 τῷ
2219 5107 2399 5176 θύμῳ,
2445 5108 2599 5177 φυτῷ
2648 5107 2980 5179 δριμύτητος
3013 5112 3236 5182 γέμοντι
3273 5111 3371 5164 καὶ
3417 5111 3542 5166 λίαν
3569 5107 3688 5161 ἀνό-

2111 5214 2253 5268 σμῳ.
2298 5199 2460 5252 Ἀλλὰ
2489 5200 2661 5252 δεινὸν
2681 5204 2714 5272 η
2745 5201 2922 5269 φιλία,
2951 5202 3160 5265 πάντας
3200 5202 3391 5263 ἀπλῶς
3425 5201 3552 5261 τοὺς
3577 5202 3688 5250 ἑνι-

2109 5291 2419 5361 σχημένους
2450 5309 2513 5360 γε
2543 5293 2718 5364 ταύτῃ
2747 5293 2928 5350 πάντα
2954 5296 3050 5347 καὶ
3078 5294 3257 5361 λέγειν
3291 5293 3434 5362 ὑπὲρ
3465 5291 3574 5344 τῶν
3601 5287 3688 5357 φί-

2105 5381 2213 5434 λων
2243 5385 2336 5434 καὶ
2369 5384 2633 5452 πράττειν
2663 5386 2803 5456 πρὸς
2831 5384 2953 5456 βίαν
2985 5385 3238 5448 κινοῦσα,
3275 5383 3372 5436 τὸν
3401 5383 3553 5452 παρὰ
3582 5381 3688 5432 τῶν

2107 5474 2321 5526 πολλῶν
2351 5475 2574 5528 ἔπαινον
2628 5477 2814 5540 αὐτοῖς
2870 5478 3154 5548 προξενεῖν
3207 5475 3458 5528 εἰωθυῖα.
3516 5470 3681 5526 Τοῦτο

426 5557 515 5611 nia
547 5571 614 5610 ex
649 5556 998 5612 auditoribus
1029 5562 1184 5616 nobis
1217 5562 1358 5621 forte
1395 5578 1786 5636 procurantem
1840 5569 1996 5624 inde-

2114 5565 2210 5634 γὰρ
2257 5561 2326 5636 ἦν
2364 5568 2423 5618 τὸ
2457 5569 2552 5621 καὶ
2589 5568 2648 5621 σὲ
2699 5569 2955 5622 τοσοῦτον
2990 5571 3137 5640 ἡμᾶς
3188 5570 3484 5621 ἀναπεῖσαι
3516 5576 3684 5614 κατα-

425 5661 532 5712 qne
575 5645 775 5712 placita
808 5649 1066 5706 amicitia:
1119 5655 1511 5724 conferentem,
1552 5659 1840 5727 compulit.
1883 5659 1997 5732 Ego

2114 5659 2414 5727 ναγκάσαν,
2472 5661 2570 5732 τὴν
2604 5664 2668 5714 ὲκ
2701 5662 2811 5715 τῶν
2859 5663 3171 5717 ἀκουόντων
3232 5659 3362 5729 ἡμῖν
3407 5650 3680 5724 εὐφημίαν

424 5750 589 5804 porro
605 5737 881 5797 siienlium
903 5750 1163 5814 tanquam
1191 5749 1371 5807 minus
1403 5752 1766 5819 periculosum
1794 5751 1993 5821 elegis-

2104 5751 2236 5814 ῐσως
2264 5754 2670 5822 προσγενέσθαι
2701 5754 3129 5827 βεϐουλημένον,
3162 5747 3457 5810 κάντεῦθεν
3479 5746 3542 5816 τῇ
3596 5755 3679 5810 φι-
