4000 6420
321 406 433 472 εδδ

1355 413 1454 474 'DE
1497 413 1813 473 EXCIDIO
1847 416 2570 478 THESSALONICENS‘I.

3490 418 3594 481 59d

318 524 420 595 ’λία
473 523 823 593 χαρίσασθαι.
879 523 1038 591 ’Ἐγὼ
1076 521 1174 592 μὲν
1209 521 1304 576 οὖν
1353 525 1652 593 βουλοίμην
1704 526 1769 578 ἂν
1801 529 1898 588 τὴν

2007 540 2144 591 sem,
2163 535 2219 581 et
2241 542 2483 596 praesens
2503 537 2880 597 argumentum
2908 527 3067 582 veluti
3090 528 3233 583 vires
3265 543 3412 584 meas
3429 546 3596 585 exsu—

328 612 543 684 σιωπὴν
567 614 642 676 ὡς
669 614 958 668 ἀκίνδυνον
989 612 1192 684 μᾶλλον
1216 613 1434 667 ἑλέσθαι
1459 617 1554 668 καὶ
1582 615 1679 684 τὴν
1705 614 1908 685 παροῦο

317 721 428 758 σαν
458 704 832 768 ύπόθεσιν,ὼ;
865 704 964 774 τὴν
993 705 1133 774 ἐμὴν
1172 705 1616 774 ύπερϐαί-ιουσαν
1647 706 1905 775 δύναμιν,

2008 630 2212 685 perans
2249 619 2378 685 alio,
2404 631 2502 674 nec
2531 619 2827 686 immerito,
2860 623 3234 676 amandassem
3257 640 3272 688 ;
3293 623 3386 676 sed
3414 633 3596 677 mente

2013 709 2292 766 revolvens
2321 725 2441 781 quze
2480 713 2588 768 sint
2625 717 2982 769 cantumacize
3034 716 3293 784 pericula,
3335 727 3594 787 propter-

325 795 780 867 παραιτήσασθαι
838 797 982 850 πάνυ
1035 796 1296 859 δικαίως·
1332 795 1516 849 λαϐὼν
1549 798 1594 851 δ’
1629 800 1724 850 ἐπὶ
1778 800 1899 851 νούν

2007 812 2181 868 eaque
2253 801 2560 857 inevitabili
2591 805 2641 856 vi
2673 804 3028 866 constrictus,
3056 807 3424 860 necessarium
3457 807 3589 861 mihi

315 891 425 954 τῆς
456 886 744 948 ἀπειθείας
772 887 863 939 τὸν
915 886 1162 939 κίνδυνον
1193 886 1355 950 ὅσος,
1391 891 1487 938 καὶ
1514 888 1603 940 διὰ
1644 887 1792 940 τοῦτ’
1827 891 1902 952 είς

323 978 575 1046 ἀνάγκην
617 976 936 1038 συνελαθεὶς
961 975 1340 1044 ἀπαραίτητον
1366 1016 1381 1038 ,
1422 977 1534 1030 δεῖν
1567 976 1730 1048 ῷμην
1763 979 1855 1032 ἕτο
1875 1009 1906 1019 -

327 1084 428 1135 μον
477 1065 720 1134 ἐμαυτὸν
771 1067 1082 1134 παρασχεῖν
1131 1082 1227 1118 σου
1271 1068 1338 1136 τῇ
1389 1065 1616 1131 ἀξιώσει
1665 1068 1756 1122 καί
1807 1087 1904 1122 σου

323 1158 676 1226 τούπίταγμα
703 1157 1128 1227 πεπληρωκέναι
1160 1158 1236 1220 ὡς
1255 1157 1509 1226 δύναμις.
1543 1159 1902 1231 Κάπειδῆπερ

325 1249 612 1318 ἐπι-κλινής
655 1248 769 1318 ἐγὼ
808 1251 903 1302 καὶ
956 1249 1260 1320 εὐγνώμων
1295 1252 1434 1319 πρὸς
1463 1251 1525 1304 τὸ
1569 1252 1904 1322 ζητούμενον

320 1337 513 1410 ὤφθην
548 1357 652 1403 σοι,
687 1343 780 1393 καὶ
811 1341 915 1410 σὴν
951 1342 1116 1410 χάριν
1149 1335 1226 1394 ὧν
1271 1341 1374 1394 οὐκ
1399 1341 1704 1410 ἐϐουλόμην
1736 1353 1906 1396 κατα-

323 1430 720 1500 τετολμηκέναι
752 1431 1104 1502 προῄρημαι,
1135 1433 1346 1486 δίκαιον
1371 1432 1440 1486 ἂν
1471 1431 1558 1503 είη
1587 1433 1684 1487 καὶ
1718 1435 1776 1486 σέ
1804 1435 1903 1504 τῆς

325 1524 696 1591 ἐγχειρήσεως
718 1523 927 1592 ταύτης
949 1524 1086 1594 ἡμῖν
1106 1525 1227 1587 ταῖς
1251 1525 1439 1594 εὐχαῖς
1463 1525 1902 1595 συνεφάψασθαι,

323 1613 391 1665 ἵν’
419 1613 802 1685 ωηγηθέντες,
843 1617 944 1668 καὶ
976 1614 1214 1678 δύναμιν
1249 1615 1547 1685 ἐσχηκότες
1591 1613 1752 1684 λόγου
1808 1616 1904 1671 καὶ

311 1705 558 1769 διανοίας
589 1706 849 1777 ὀξύτητα,
895 1708 993 1777 τῆς
1023 1707 1126 1778 σῆς
1152 1708 1416 1777 φανῶμεν
1446 1709 1574 1776 ἀξια
1607 1709 1902 1780 ἐπιθυμίας

319 1799 659 1866 ἐργάσασθαι
689 1801 785 1855 καὶ
831 1801 968 1872 μηδὲ
1005 1801 1108 1871 τὴν
1136 1801 1399 1856 ὖπόθεσιν
1447 1801 1897 1873 καθυϐρίσωμεν.

2006 891 2134 944 duxi
2165 893 2544 961 memetipsum
2583 893 2784 962 petioni
2839 905 2943 950 ture
2973 895 3190 950 tradere
3239 897 3585 950 mandatum-

2005 993 2113 1048 que
2143 991 2291 1035 tuum
2324 996 2420 1051 pro
2450 982 2671 1038 viribus
2729 985 3046 1054 adimplere.
3089 983 3156 1039 Et
3186 988 3310 1040 dum
3337 1002 3436 1057 ego
3463 1004 3592 1057 pro-

2005 1073 2161 1128 clivis
2193 1085 2247 1129 et
2303 1077 2608 1146 obsequens
2680 1075 2990 1146 efflagitatis
3046 1078 3391 1147 obtempero;
3431 1093 3480 1134 et
3515 1083 3588 1135 tui

2001 1171 2202 1238 gratia,
2233 1169 2490 1238 aquibus
2548 1171 2684 1226 mihi
2766 1173 2925 1240 Iunge
2975 1172 3189 1226 animus
3232 1182 3338 1234 est,
3370 1175 3588 1243 aggredi

2004 1271 2294 1328 prmsnmo,
2345 1257 2552 1330 justum
2610 1265 2775 1318 fuerit
2808 1273 2862 1319 te
2903 1281 3120 1335 quoque
3169 1267 3220 1320 in
3258 1279 3468 1334 partem
3510 1269 3588 1322 si-

2007 1351 2151 1406 milis
2201 1351 2406 1406 laboris
2463 1355 2716 1420 precibus
2758 1365 2926 1425 atque
2969 1353 3464 1426 supplicationibus
3516 1359 3584 1411 ad

2004 1440 2170 1496 Deum
2195 1446 2414 1510 venire,
2449 1453 2505 1498 ut
2525 1445 2764 1500 directus
2784 1458 2837 1501 ct
2857 1449 3068 1502 dicendi
3093 1447 3352 1503 facultate
3379 1451 3586 1504 instru-

2003 1544 2126 1588 ctus
2159 1545 2212 1588 et
2241 1537 2490 1590 acumine
2515 1537 2717 1607 ingenii
2742 1537 2914 1593 fultus
2939 1539 3155 1608 dignum
3179 1540 3458 1609 quidpiam
3495 1551 3586 1593 tuo

2003 1626 2277 1682 desiderio
2308 1627 2636 1695 persolvant,
2703 1639 3192 1698 argumentumque
3224 1631 3445 1686 infamia
3479 1647 3584 1686 non

2001 1733 2305 1788 aspergam.
2341 1717 2497 1790 Rogo
2526 1738 2658 1777 vero
2683 1722 2972 1779 universos
3003 1724 3095 1794 qui
3134 1725 3251 1779 haec
3292 1738 3587 1792 percurre-

2004 1814 2134 1878 rint,
2165 1809 2368 1882 elingui
2414 1811 2688 1882 planeque
2723 1815 2850 1870 rudi
2893 1816 3304 1880 commentario,
3343 1829 3585 1873 nostrum

322 1891 634 1960 Παρακαλῶ
671 1893 732 1947 δέ
783 1895 880 1948 καὶ
927 1894 1143 1957 πάντας
1195 1893 1326 1958 τοὺς
1372 1893 1792 1966 ἐντευξομένους
1821 1893 1899 1967 τῷ

2004 1903 2322 1972 obsequium
2367 1913 2620 1973 prompte
2643 1907 3002 1973 amplexatus,
3044 1909 3257 1963 veniam
3287 1910 3442 1965 dare.
3484 1909 3590 1963 Ne-

317 1983 501 2050 πασης
530 1984 803 2052 ἀμουσίας
851 1985 1280 2056 πεπληρωμένῳ
1329 1985 1466 2054 τῷδε
1499 1986 1898 2058 συγγράμματι

318 2069 652 2146 συγγνώμην
689 2079 822 2148 ἡμῖν
857 2080 1165 2148 παρασχεῖν
1187 2078 1248 2142 ἐξ
1279 2077 1524 2146 ἑτοίμου,
1552 2078 1657 2149 τὴν
1699 2079 1900 2149 ήμετέ-

323 2183 427 2236 ραν
454 2167 770 2221 εὐπείθειαν
803 2168 1268 2239 ἀποδεξαμένους.
1303 2169 1382 2224 Οὐ
1409 2168 1523 2238 γὰρ
1553 2169 1790 2238 δυνάμει
1815 2169 1900 2224 λό-

318 2276 434 2327 γιον
486 2258 894 2330 τεθαρρηκότες
939 2258 1036 2312 ἐπὶ
1083 2257 1245 2313 τοῦτο
1273 2258 1628 2329 προήγμεθα,
1682 2259 1772 2315 ίνα
1805 2261 1900 2314 καὶ

321 2350 529 2420 μέμψιν
575 2351 796 2421 σχῶμεν
829 2350 1055 2414 δικαίως
1085 2349 1237 2420 παρὰ
1265 2351 1362 2405 τοῦ
1399 2351 1733 2422 βουλομένου
1759 2367 1898 2405 παν.

314 2446 408 2508 τδς
463 2445 684 2513 (πολλοῦ
715 2464 779 2516 γε
811 2447 909 2501 καὶ
955 2447 1070 2518 γὰρ
1108 2447 1304 2518 δέομεν
1343 2447 1440 2501 τού
1472 2445 1667 2517 λόγους
1696 2445 1896 2502 ειδέναι

315 2537 417 2589 καὶ
438 2536 648 2600 τούτοις
677 2551 743 2606 γε
778 2537 1016 2607 χρῆσθαι
1046 2536 1170 2592 κατ’
1191 2537 1504 2609 ἐπιστήμην
1531 2537 1800 2611 θαρρεῖν),
1829 2541 1896 2611 τῇ

315 2628 362 2680 δ’
396 2630 632 2700 ὲπιταγῇ
680 2628 777 2682 τοῦ
835 2629 1272 2700 προστεταχότος
1317 2632 1476 2700 ήμίν,
1549 2633 1645 2684 καὶ
1700 2630 1779 2701 τῷ
1821 2632 1897 2702 μὴ

320 2717 531 2790 μέμψιν
560 2720 708 2792 ἔχειν
736 2721 791 2774 εί
834 2739 918 2785 τις
945 2721 1052 2791 τὴν
1104 2719 1302 2775 ἑαυτοῦ
1341 2721 1479 2790 πρός
1535 2738 1589 2774 τι
1623 2723 1736 2775 τῶν
1770 2723 1900 2776 ἀνα·-

316 2811 528 2877 γκαίων
554 2811 896 2866 ἐνδείκνυται
945 2811 1200 2881 δύναμιν,
1239 2811 1577 2883 ἀνέγκλητον
1608 2809 1748 2866 εἶναι
1789 2813 1899 2867 οίδ‹

317 2915 472 2968 μενοι
497 2900 777 2971 πανταχοῦ
798 2901 860 2954 τὸ
883 2900 1046 2956 πάνθ’
1067 2900 1311 2956 ὁντινοῦν
1338 2903 1418 2972 μὴ
1447 2903 1584 2973 πρὸς
1615 2903 1894 2968 ἐπίδειξιν,

316 2991 456 3061 πρὸς
482 2991 538 3046 δὲ
565 2992 628 3046 τὸ
659 2993 736 3063 μή
758 2992 916 3064 τάφῳ
956 2996 1124 3062 σιγῆς
1157 2983 1630 3065 παραπέμπεσθαι
1659 2993 1730 3048 τά
1761 2994 1898 3064 πρὸς

315 3083 582 3154 ἀκρόασιν
607 3084 766 3151 ἀξια,
789 3087 903 3148 τοῖς
943 3086 1086 3140 κατὰ
1116 3086 1351 3154 δύναμιν
1389 3088 1668 3157 ἐγχειρεῖν
1715 3087 1897 3154 λόγοις

2000 2005 2108 2062 que
2137 1994 2283 2048 enim
2323 1990 2537 2050 dicendi
2592 1995 2855 2052 facultate
2903 1999 3095 2055 confisi
3123 1999 3190 2055 ad
3226 2001 3329 2055 hoc
3357 1999 3585 2056 deveui~

2003 2098 2160 2152 mus;
2197 2093 2310 2140 tum
2343 2086 2514 2151 enim,
2537 2097 2598 2143 et
2617 2089 2762 2158 jure,
2789 2090 3231 2148 insimularemur
3260 2108 3288 2147 a
3314 2094 3582 2161 quolibet,

2003 2175 2091 2230 cui
2126 2175 2178 2231 id
2214 2175 2598 2248 complacitum
2633 2179 2833 2246 fuerit;
2888 2199 3015 2237 nam
3050 2199 3211 2254 quam
3262 2184 3585 2254 longissime

2002 2278 2032 2317 α
2066 2267 2411 2323 sermonibus
2444 2282 2746 2341 eorumque
2782 2273 3010 2328 scientia
3036 2276 3328 2342 absumus;
3365 2285 3580 2330 tantum

2003 2357 2158 2413 abest
2181 2364 2238 2413 ut
2269 2367 2396 2414 cate
2429 2375 2619 2416 eorum
2649 2377 2806 2418 nsum
2843 2365 3002 2419 nobis
3037 2366 3359 2435 promittere
3389 2369 3587 2422 audea-

2001 2461 2160 2515 mus;
2188 2449 2285 2506 sed
2312 2451 2608 2522 imperanti
2654 2451 3121 2526 obtemperantes,
3155 2459 3378 2528 etquod
3421 2474 3586 2515 accu-
3630 2502 3639 2510 .

2003 2541 2202 2596 sationi
2253 2555 2364 2597 non
2409 2540 2586 2600 subsit
2612 2545 2655 2600 si
2691 2547 2820 2615 quis
2855 2548 3134 2618 propriam
3159 2548 3475 2606 facultatem
3515 2554 3582 2606 a.l

2001 2632 2208 2704 aliquid
2234 2649 2302 2688 ex
2329 2635 2658 2692 necessariis
2683 2638 3093 2709 expediendum
3123 2646 3457 2713 experiatur,
3477 2647 3588 2700 cri-

1999 2727 2154 2782 mine
2189 2741 2385 2783 vacare
2415 2728 2796 2786 existimantes
2820 2746 3221 2804 quemcunque,
3257 2750 3363 2791 non
3386 2735 3467 2790 sui
3492 2753 3584 2791 os-

2002 2821 2245 2876 tentandi
2310 2837 2500 2888 causa,
2556 2825 2652 2878 sed
2680 2837 2745 2879 ne
2769 2840 2889 2896 qua:
2920 2827 3081 2896 digna
3117 2829 3398 2884 auditione
3427 2845 3586 2901 repu-

1999 2917 2184 2966 tautur
2226 2911 2424 2966 silentii
2476 2913 2716 2970 tenebris
2757 2915 3128 2981 involvantur,
3179 2916 3416 2986 singulis
3476 2919 3579 2971 lio-

2001 3002 2101 3062 ris.
2151 3009 2209 3055 nt
2264 3001 2493 3058 facultas
2541 3012 2647 3066 est,
2708 3003 2914 3072 scripto
2956 3003 3198 3059 tradere.
3251 3005 3369 3060 Erit
3394 3005 3582 3074 itaque

1999 3103 2182 3148 sermo
2222 3092 2452 3161 simplex
2487 3105 2552 3146 ac
2576 3091 2755 3148 facilis
2809 3103 2862 3148 et
2891 3101 2952 3148 ut
2981 3094 3273 3164 plurimum
3301 3135 3317 3159 ,
3353 3097 3478 3150 dum
3503 3097 3585 3152 sic

315 3174 596 3249 ἑκάστοτε.
651 3175 959 3246 Ποιήσομαι
1013 3175 1071 3229 δὲ
1110 3176 1204 3230 τὸν
1261 3175 1422 3244 λόγον
1476 3175 1684 3230 ἀπλοῦν
1711 3192 1772 3229 τε
1802 3173 1897 3228 καὶ

2004 3183 2290 3246 admones,
2349 3183 2792 3251 compendiosas,
2857 3185 3166 3240 necessaria
3199 3188 3583 3242 tantummodo

314 3247 606 3334 εὔληπτον,
640 3233 784 3319 ἀλλὰ.
811 3233 877 3337 δή
913 3267 1010 3321 καὶ
1049 3233 1486 3338 συνεσταλμένον
1521 3267 1597 3332 ὡς
1629 3267 1700 3322 τά
1726 3267 1899 3323 πολλά

2004 3273 2409 3342 complectens;
2444 3287 2564 3341 quae
2591 3287 2720 3329 vero
2740 3274 2998 3340 tacuerit,
3027 3289 3058 3329 a
3099 3287 3174 3341 te,
3210 3277 3302 3346 qui
3341 3277 3578 3332 dicentis

313 3354 460 3408 κατά
490 3357 582 3410 τδν
625 3357 720 3410 σὺν
754 3355 936 3426 λόγον,
996 3359 1310 3426 τάναγκαῖα
1340 3359 1504 3430 μόνον
1557 3359 1898 3432 περιλαδὼν,

313 3450 414 3502 καὶ
435 3449 534 3502 ὅσα
561 3450 628 3520 δὴ
665 3451 982 3521 παρεθέντα
1013 3450 1190 3522 ζημία
1225 3469 1308 3506 σοι
1339 3452 1732 3524 λογισθήσεται
1762 3455 1900 3525 πρὸς

314 3541 580 3610 ἀκρόασιν
610 3543 890 3614 κεχηνότι.

388 3631 452 3704 β’.
487 3633 550 3688 Εἰ
581 3635 681 3705 μὲν
707 3631 804 3689 σύν
842 3651 927 3698 τις
959 3633 1262 3706 ἐτύγχανες
1310 3633 1388 3688 ὢν
1415 3635 1525 3688 τῶν
1550 3635 1652 3689 οὐκ
1682 3636 1900 3691 εἰδότων

315 3727 415 3798 τὴν
437 3716 613 3794 πόλιν,
637 3728 707 3782 τὰ
729 3727 855 3782 καθ’
883 3725 1120 3782 εκαστόν
1151 3744 1213 3781 τε
1245 3728 1462 3797 ἠγνόεις
1504 3727 1680 3799 αὐτῆς
1705 3725 1897 3802 ὥσπερ

312 3819 364 3872 oi
398 3817 617 3889 πρῶτον
663 3819 726 3886 ἐξ
767 3818 1084 3890 ἀλλοδαπῆς
1111 3821 1194 3884 είς
1219 3819 1417 3889 ἑτέραν
1463 3825 1897 3890 μετοικήσαντες

315 3911 496 3976 πόλιν,
529 3911 636 3975 ἕως
678 3913 747 3966 ἂν
778 3911 842 3964 τὸ
869 3910 967 3964 τοῦ
1002 3911 1200 3982 χρόνον
1230 3910 1431 3981 μῆκος,
1453 3910 1660 3982 ταύτην
1711 3910 1898 3974 αὐτοῖς

314 4005 462 4059 κατά
486 4005 652 4076 μέρος
675 4004 1040 4074 γνωρίσειεν,
1068 4001 1303 4072 ἐδεόμην
1333 3999 1514 4070 λόγων
1544 4001 1614 4056 ἀν
1661 3999 1896 4056 ἐνταῦθα

315 4095 567 4166 μακρῶν,
603 4096 695 4151 ίνα
731 4095 901 4166 μηδὲν
929 4093 1040 4147 τῶν
1082 4092 1186 4163 τῆς
1216 4092 1423 4156 πόλεως
1445 4091 1548 4164 τὴν
1573 4091 1674 4164 σὴν
1703 4092 1899 4162 διαφύ-

312 4202 391 4258 γῃ
412 4184 638 4253 γνῶσιν.
677 4185 833 4238 Ἐπεὶ
860 4183 917 4237 δὲ
951 4183 1092 4254 πρὸς
1125 4182 1354 4254 θρέμμα
1385 4181 1590 4252 ταύτης
1609 4184 1703 4236 τὸν
1735 4183 1897 4252 λόγον

277 4275 579 4344 ⁵ιιτοιοῢμαι
633 4275 734 4331 καὶ
786 4275 1182 4346 ἀκριϐέστερον
1228 4275 1264 4346 ἢ
1313 4273 1552 4338 πολλοὺς
1590 4274 1786 4338 ἀλλους
1828 4277 1897 4330 τὰ

313 4366 440 4421 κατ’
464 4367 634 4436 αὐτὴν
667 4367 973 4436 ἐγνωκότα,
1000 4367 1183 4437 μάτην
1211 4368 1260 4421 οἱ
1298 4367 1506 4438 μακροὶ⁵
1534 4366 1898 4438 περὶτούτων

315 4458 467 4526 λόγοι
495 4459 590 4510 καὶ
635 4458 672 4524 ἡ
704 4457 833 4528 περὶ
859 4458 962 4528 τῆς
999 4456 1208 4520 θέσεως
1237 4457 1506 4527 μεγέθους
1532 4474 1594 4511 τε
1635 4459 1732 4512 καὶ
1765 4459 1897 4514 κάλ-

2003 3363 2306 3420 orationem
2369 3364 2597 3422 auribus
2644 3364 2901 3433 deseras,
2937 3365 3084 3422 inter
3113 3361 3314 3422 damna
3351 3375 3578 3438 reputa-

2002 3455 2226 3512 buntur.
3460 3452 3465 3457 ’

2069 3639 2126 3689 2.
2168 3635 2222 3690 Si
2261 3636 2384 3704 quis
2425 3650 2611 3707 itaque
2653 3651 2806 3694 esses
2837 3647 3022 3692 rerum
3083 3639 3234 3694 urbis
3266 3636 3594 3708 imprude‘ni

2005 3726 2345 3797 ignarusque
2372 3729 2640 3794 omnium,
2665 3729 3119 3798 quemadmodum
3154 3729 3246 3796 qui
3267 3730 3498 3798 primqu
3513 3747 3582 3787 ex

2001 3819 2188 3872 alienis
2215 3817 2528 3888 regionibus
2555 3820 2988 3890 peregrinantes,
3042 3829 3309 3874 terrarum
3343 3822 3398 3875 in
3439 3838 3582 3892 quas

1998 3910 2272 3978 appellunt
2293 3905 2647 3967 iifantissimi
2673 3919 2824 3974 sunt,
2844 3910 3022 3966 donec
3049 3911 3287 3968 decursu
3319 3914 3582 3982 temporis

1998 4002 2210 4072 singula
2227 4001 2370 4056 illius
2386 4001 2691 4065 addiscant,
2717 4001 2946 4072 prolixis
2965 4000 3097 4056 mihi
3123 4017 3262 4069 opus
3291 4012 3439 4060 esset
3461 4013 3582 4060 ser-

2000 4093 2280 4159 monibus,
2293 4108 2363 4148 ne
2387 4093 2518 4163 quid
2535 4107 2722 4148 eorum
2741 4093 2926 4163 quain
2939 4093 3078 4149 urbe
3097 4102 3226 4147 sunt
3243 4103 3387 4148 tuam
3407 4095 3583 4150 scien-

1999 4187 2130 4240 tiam
2161 4184 2413 4255 fugeret:
2453 4196 2828 4241 verumtamen
2859 4195 2980 4240 cum
3019 4185 3084 4240 ad
3113 4187 3261 4241 illius
3294 4185 3580 4242 alumnum

1969 4293 2309 4335 sermonem
2339 4278 2570 4349 dirigam
2597 4291 2835 4348 eumque
2854 4277 2947 4347 qui
2993 4293 3102 4348 prae
3129 4278 3246 4332 aliis
3283 4278 3463 4333 multis
3489 4293 3584 4334 ac-

1999 4371 2244 4426 curatius
2296 4385 2386 4425 res
2449 4370 2596 4424 illius
2628 4370 2814 4434 callet,
2869 4369 3070 4426 frustra
3102 4369 3192 4425 hic
3218 4370 3434 4426 verbosi
3468 4385 3586 4426 ser-
3662 4443 3668 4450 θ

2001 4477 2190 4518 tirones
2247 4461 2684 4526 institueremur,
2737 4461 2917 4531 deque
2971 4461 3114 4516 illius
3140 4461 3272 4525 situ,
3313 4463 3582 4531 magnitu-

314 4553 441 4613 λσονς
473 4555 563 4604 καὶ
594 4549 795 4621 τειχῶν
839 4549 1147 4618 ἀσφαλείας
1179 4551 1275 4603 καὶ
1321 4549 1550 4620 προσέτι
1581 4549 1678 4603 τοῦ
1719 4544 1780 4604 εὖ
1805 4567 1899 4604 κε-

2004 4554 2145 4618 dine,
2181 4551 2616 4622 pulchritudine,
2651 4565 2932 4605 taurorum
2969 4553 3289 4616 securitate,
3328 4565 3429 4606 nec
3469 4567 3577 4606 non

314 4644 556 4714 χρᾶσθαι
589 4643 684 4697 καὶ
717 4643 825 4696 τῶν
871 4642 1049 4696 ἀλλων
1082 4641 1361 4712 ἀκρίσεια,
1408 4642 1505 4695 καὶ
1545 4642 1763 4712 μάλισθ’
1810 4643 1895 4696 δτι

313 4735 426 4805 πρὸ
457 4735 685 4807 μακρῶν
730 4734 868 4788 ἐτῶν
911 4735 980 4788 τὰ
1006 4737 1137 4805 περὶ
1163 4735 1262 4805 τῆς
1295 4732 1506 4797 πόλεως
1537 4734 1714 4803 ἕτεροι
1747 4735 1901 4804 φιλο-

313 4829 495 4889 πόνως
526 4827 668 4895 ἀγαν
717 4825 949 4896 δυνάμει
995 4826 1158 4894 λόγου
1185 4827 1283 4879 καὶ
1327 4825 1628 4897 ῥητορικῆς
1663 4828 1895 4894 εὐγλωτ-

312 4920 440 4981 τίας
464 4918 730 4988 δεινότητι
758 4917 1164 4988 ἡκριὸωμένως
1201 4916 1471 4983 ἐξέθεντο,
1504 4919 1598 4970 καὶ
1636 4917 1778 4987 μετὰ
1796 4918 1899 4990 τὴν

316 5012 543 5083 πρώτην
580 5010 770 5063 πασῶν
821 5011 1002 5063 εἰπεῖν
1051 5009 1450 5080 λαμπροτέραν
1481 5009 1708 5072 πολλαῖς
1757 5010 1896 5063 ἀπο.

315 5104 550 5165 δείξεσιν
581 5103 864 5174 ἀποφῆναι
889 5102 1098 5171 ταύτην
1139 5101 1511 5156 ἐσπούδασαν.
1561 5102 1820 5164 Ἐκείνοις
1852 5101 1897 5154 δ’

315 5195 557 5265 ἐμαυτὸν
601 5193 778 5263 ἔγωγε
818 5193 982 5263 μόνον
1025 5194 1386 5265 διηγούμενος
1429 5193 1615 5258 δώσω,
1644 5189 1833 5263 ὧνπερ
1861 5195 1896 5264 ή

316 5289 472 5350 πόλις
499 5288 558 5340 ἐν
581 5286 658 5356 τῷ
685 5287 786 5356 τῆς
807 5287 905 5343 νῦν
936 5287 1194 5351 ἁλώσεως
1221 5287 1403 5358 χρόνῳ
1433 5287 1760 5358 πεπείρατο,
1796 5303 1899 5341 κα-

315 5379 499 5450 θάπερ
550 5378 688 5452 ἔφης
717 5380 819 5433 καὶ
850 5380 916 5433 σὺ
951 5379 1091 5451 πρὸς
1125 5381 1298 5450 ἡμᾶς,
1325 5379 1524 5450 μικρδν
1551 5379 1660 5449 πρὸ
1690 5379 1900 5450 ταύτης

319 5473 542 5541 ἀπάρας
581 5473 816 5540 ἐνθένδε,
851 5473 948 5527 καὶ
973 5472 1064 5526 διὰ
1112 5471 1274 5526 τοῦτο
1301 5470 1363 5524 τδ
1395 5471 1565 5526 κακὸν
1611 5472 1716 5524 οὐκ
1741 5471 1900 5534 εἰδὼς

319 5562 564 5632 ἀκριϐῶς
595 5566 742 5629 ὅπως
791 5563 1102 5635 κεχώρηκε.
1133 5563 1216 5617 Τὰ
1243 5563 1352 5617 τῶν
1393 5565 1641 5617 Λατίνων
1667 5564 1774 5633 γὰρ
1801 5557 1898 5616 οἶδ’

319 5653 403 5705 ὅτι
429 5653 524 5705 καὶ
560 5655 717 5718 αὐτὸς
738 5652 900 5709 οἶσθα
931 5655 1246 5724 σαφέστατα
1273 5656 1339 5727 τῇ
1373 5653 1528 5709 πόλει
1561 5654 1755 5724 παρὼν
1803 5655 1900 5707 καὶ

320 5745 446 5800 καθ’
479 5746 718 5820 ἑκάστην
747 5748 892 5818 ὁρῶν
927 5750 996 5804 τὰ
1024 5749 1306 5820 γινόμενα.

421 5839 676 5910 Επασχεν
701 5840 794 5897 οὖν
839 5842 951 5896 τῶν
994 5842 1242 5896 Λατίνων
1291 5842 1643 5913 κρατούντων
1677 5840 1710 5911 ή
1741 5840 1899 5903 πόλις

2001 4647 2204 4712 optima
2233 4645 2378 4700 aeris
2417 4643 2699 4712 temperie,
2725 4643 3065 4711 aliorumque
3115 4643 3254 4696 ratio
3309 4643 3581 4712 exquisita

2002 4746 2434 4808 imponeretur;
2467 4749 2640 4805 eoque
2655 4735 3002 4803 potissimum
3024 4735 3167 4802 quod
3197 4743 3328 4788 ante
3358 4734 3572 4804 pleros-

2001 4843 2110 4895 que
2171 4841 2344 4882 annos
2370 4826 2462 4880 alii
2491 4840 2579 4881 res
2605 4824 2761 4880 urbis
2785 4837 2944 4889 quam
2976 4821 3216 4878 maxime
3243 4823 3506 4888 studiose,
3526 4834 3581 4877 et

1999 4919 2216 4974 dicendi
2269 4918 2530 4973 facultate
2577 4928 2635 4971 et
2677 4914 3002 4985 eloquentia
3032 4913 3576 4978 Atticaeiutninibus.

2001 5013 2158 5066 docte
2203 5019 2514 5079 exacteque
2547 5005 2845 5078 prosecuti,
2875 5014 3001 5075 post
3037 5005 3282 5072 reginam
3310 5006 3579 5070 omnium,

2000 5110 2060 5155 ut
2087 5101 2159 5154 ita
2179 5101 2374 5164 dicam,
2421 5099 2779 5154 illustriorem
2815 5097 2998 5151 multis
3020 5097 3580 5152 demonstrationilms

2000 5193 2280 5249 declarare
2337 5192 2519 5249 conati
2581 5199 2710 5246 sunt
2744 5207 2760 5254 ;
2792 5191 2908 5254 ipse
2957 5204 3092 5243 vero
3139 5203 3201 5241 ea
3239 5188 3584 5241 solummodo

2000 5287 2352 5356 complectar,
2379 5298 2502 5356 qua:
2532 5283 2650 5338 bzec
2677 5267 2870 5336 ci'vitas
2917 5283 3018 5336 hoc
3053 5281 3135 5334 s‘ui
3191 5281 3395 5334 excidii
3434 5289 3588 5338 ,tem-

2001 5390 2132 5446 pore
2188 5390 2348 5446 passa
2395 5383 2502 5437 est,
2549 5385 2726 5442 Inque
2753 5371 2911 5425 nobis
2948 5371 3109 5438 paulo
3159 5379 3287 5458 ante
3322 5385 3488 5438 quam
3516 5385 3582 5424 ex

2001 5486 2064 5525 ea
2097 5469 2412 5526 discederes
2467 5467 2805 5527 insinueris,
2852 5473 3250 5534 proptereaque
3294 5463 3581 5516 infortunii

2001 5562 2146 5630 quod
2191 5576 2312 5616 eam
2342 5559 2618 5630 oppressit
2670 5572 2780 5611 non
2819 5557 3111 5610 admodum
3140 5569 3366 5625 gnarus,
3391 5561 3477 5607 res
3507 5553 3584 5605 si-

2000 5654 2214 5723 quidem
2247 5651 2566 5706 Latinorum
2599 5661 2658 5704 tu
2694 5651 2883 5714 etiam,
2915 5665 3037 5703 cum
3095 5649 3148 5701 in
3181 5649 3315 5700 urbe
3338 5643 3583 5712 quotidie

2001 5764 2123 5816 qu:e
2143 5742 3051 5816 gererenturconspiceres,optime
3065 5741 3192 5811 (nec
3210 5736 3383 5804 fallor)
3402 5747 3582 5790 tenes.

2077 5837 2216 5894 Urbs
2248 5838 2430 5908 itaque
2461 5837 2514 5892 in
2541 5834 2858 5889 Latinorum
2896 5833 3154 5888 ditionem
3173 5826 3604 5897 redacta,cum,'
