4000 6466
449 399 548 466 591

1661 397 1986 462 IOANNIS
2021 398 2500 465 ANAGNOST/E
3587 415 3676 478 ξ’θὲ

446 523 504 567 ut
527 523 579 568 tu
613 519 733 566 cate
759 511 923 577 nosti,
968 517 1178 566 tantum
1226 508 1495 564 malorum
1525 520 1823 566 sustineret
1864 522 1920 566 et
1943 512 2029 566 di-

2144 514 2209 578 u'nc
2237 511 2408 579 οἶδας,
2435 515 2530 568 καὶ
2561 514 2834 586 ὁσημέραι
2865 516 3078 586 θλίψεις
3107 518 3238 588 ἡμῖν
3267 519 3523 588 ἐπήγοντο
3557 539 3677 577 παν-

437 607 522 661 ris
553 606 796 676 quotidie
840 604 1026 658 exiliis
1062 605 1303 674 undique
1341 602 1604 658 confertis
1641 601 2024 670 aﬂlictaretur,

442 709 498 753 et
549 711 834 752 sermones
889 695 1044 750 multi
1078 697 1466 750 conferrentur
1487 710 1724 764 quonam
1754 707 1917 765 pacto
1959 711 2027 750 ex

2129 607 2383 675 ταχόθεν,
2435 607 2528 660 καὶ
2576 607 2750 673 λόγων
2778 608 2991 663 πολλῶν
3045 612 3178 679 παρ’
3215 610 3462 674 ἑκάστοις
3492 614 3596 675 πῶς
3624 617 3678 664 ἂν

2131 697 2473 769 άναθείημεν
2519 700 2865 769 γιγνομένων
2899 703 3101 770 τρόπος
3129 698 3197 772 ἦν
3242 702 3352 756 οὐδ’
3398 705 3630 758 ὁστισοῦν
3657 709 3681 758 ὁ

445 799 527 844 tut
585 789 740 842 malis
795 802 1080 856 cmergere
1127 800 1440 856 possemus,
1487 785 1692 840 nullum
1729 786 2028 841 remedium

2144 789 2333 844 τούτων
2360 792 2506 860 ἡμᾶς
2537 791 2648 844 τῶν
2693 792 2884 846 δεινῶν
2920 792 3264 858 ἀπαλλάξων.
3321 793 3455 848 Οὔτε
3501 798 3599 864 γὰρ
3639 798 3681 848 oi

443 882 796 943 occurrebat,
851 895 951 935 nec
996 879 1184 934 aderat
1224 881 1594 932 Averruucus.
1653 876 1841 947 Neque
1879 878 2026 932 enim

446 971 638 1028 Turcze
656 989 779 1027 cum
795 971 1002 1027 Latinis
1017 971 1196 1026 foedus
1213 971 1404 1035 iniere,
1431 969 1560 1026 licet
1579 971 1776 1040 saepius
1797 969 2029 1040 legatio.

449 1085 516 1123 ne
541 1068 710 1122 missa
735 1067 786 1121 id
806 1074 1228 1135 pertentassent.
1247 1065 1633 1134 supplicesque
1651 1066 1815 1120 etiam
1842 1080 2031 1134 rogas-

449 1170 608 1225 sent;
633 1175 808 1230 neque
834 1169 952 1213 erat
982 1159 1033 1212 in
1070 1167 1256 1213 nostra
1288 1166 1582 1228 potestate,
1611 1157 1784 1226 c0piis
1821 1157 2030 1212 nostris

450 1253 506 1306 in
544 1258 836 1323 angustum
869 1249 1068 1318 oppido
1098 1247 1303 1302 coactis
1325 1255 1378 1301 et
1412 1247 1856 1303 discordantibus
1887 1250 2032 1302 votis

451 1341 520 1395 ab
553 1339 798 1395 unanimi
849 1339 1122 1394 sententia
1155 1337 1456 1404 convulsis,
1490 1336 1710 1406 aliquid
1742 1352 1930 1408 agere,
1971 1347 2033 1393 ut

453 1443 567 1487 tute
603 1433 766 1487 etiam
794 1430 960 1497 nosti,
985 1431 1074 1499 qui
1111 1445 1217 1485 una
1250 1427 1538 1485 nobiscum
1584 1442 1734 1495 eras,
1759 1429 2030 1486 malorum

451 1525 678 1595 perinde
720 1533 888 1591 atque
919 1522 1008 1576 alii
1041 1529 1324 1590 expertus.

520 1619 575 1670 5.
606 1615 740 1670 Cum
768 1615 951 1683 itaque
984 1629 1070 1668 res
1092 1623 1300 1668 nostrae
1335 1613 1407 1669 ita
1433 1629 1494 1670 se
1527 1613 1812 1680 baberent,
1841 1625 1897 1671 et
1922 1614 2038 1670 sin-

446 1707 573 1776 gqu
621 1715 896 1759 momenta
941 1704 1260 1760 innumeras
1309 1719 1479 1776 prope
1529 1719 1702 1760 noxas
1740 1694 2032 1772 inferrent,

450 1802 627 1869 deque
657 1799 829 1854 salute
881 1799 1315 1866 desperaremns,
1372 1797 1573 1853 malum
1609 1798 1755 1853 aliud
1809 1808 2035 1868 repente

2131 880 2364 950 Τοῦρκοι
2391 885 2502 945 τοῖς
2529 882 2782 946 Λατίνοις
2829 882 3116 936 ἐϐούλοντο
3159 883 3483 937 σπείσασθαι
3510 886 3683 937 πο).λά-

2131 989 2219 1035 κις
2251 973 2760 1044 πρεσϐευσαμένοις
2782 975 2913 1043 περὶ
2941 975 3137 1030 τούτου
3161 976 3254 1029 καὶ
3273 975 3558 1046 δεηθεῖσιν,
3586 974 3682 1030 οὔθ’

2131 1066 2266 1134 ἡμῖν
2289 1064 2416 1132 ἐξῆν
2455 1065 2657 1136 πρᾶξαι
2685 1067 2745 1120 τὺ
2772 1068 2910 1121 κατὰ
2949 1067 3200 1138 γνώμην,
3229 1067 3431 1134 ὀλίγοις
3451 1067 3583 1132 ἄγαν
3607 1088 3670 1122 κα

2133 1156 2424 1226 θεστηκόσι
2467 1159 2560 1210 καὶ
2601 1158 2887 1228 ἀνισότητι
2932 1157 3162 1228 γνώμης
3197 1159 3591 1226 ἀποϐεϐληκόσι
3637 1161 3692 1215 τὸ

2133 1249 2401 1317 ὁμονοεῖν,
2437 1249 2514 1312 ὡς
2556 1249 2668 1318 ἄρα
2698 1250 2793 1304 καὶ
2824 1251 2910 1304 σοὶ
2933 1249 3212 1322 γνώριμον
3243 1252 3404 1305 τοῦτο
3434 1253 3527 1306 σὺν
3575 1256 3690 1323 ἡμῖν

2133 1357 2198 1410 γε
2228 1340 2342 1393 δντι
2359 1341 2452 1395 καὶ
2480 1341 2590 1396 τῶν
2617 1342 2808 1398 δεινῶν
2828 1344 3055 1399 ἐκείνων
3083 1346 3198 1408 τοῖς
3221 1344 3404 1408 ἄλλοις
3433 1347 3696 1415 παραπλη·

2136 1433 2268 1498 σίως
2302 1434 2548 1504 εἰληφότι
2575 1434 2678 1506 τὴν
2703 1439 2918 1507 πεῖραν.

2208 1611 2279 1682 γ’.
2317 1612 2504 1676 Οὕτως
2537 1608 2632 1670 οὖν
2664 1615 2800 1685 mm
2828 1615 3070 1686 ἔχουσιν,
3105 1617 3231 1670 ὅσαι
3251 1630 3324 1670 ’τε
3356 1611 3496 1688 ὧραι
3548 1619 3700 1687 μυρία

2135 1707 2208 1762 τὰ
2257 1706 2474 1778 χαλεπὰ
2510 1708 2737 1778 φέρουσι
2773 1710 2867 1762 καὶ
2903 1708 3313 1781 τὴνσωτηρίαν
3341 1711 3702 1781 ἀπαγορεύου-

2137 1818 2244 1864 σιν.
2279 1800 2447 1856 κακὸν
2480 1802 2742 1874 ἐξαίφνης
2767 1801 3001 1873 ἐπῆλθεν
3020 1805 3204 1874 ἕτερον
3228 1804 3326 1858 καὶ
3359 1807 3702 1875 στερροτέραν

445 1891 671 1960 irrupit,
696 1899 751 1946 et
774 1889 1090 1943 validiorem
1120 1889 1411 1944 adamante
1441 1889 1686 1945 animum
1731 1890 2036 1961 disjiciens,

2144 1895 2321 1950 εἰπεῖν
2342 1895 2654 1965 ἀδάμαντος
2683 1893 2895 1960 πλῆξαν
2922 1895 3124 1967 ψυχήν.
3163 1898 3239 1949 Τὸ
3259 1898 3306 1949 δ’
3343 1892 3412 1967 ἦν
3439 1898 3472 1963 ἡ
3506 1896 3594 1949 τοῦ
3621 1913 3706 1948 κα·

451 1982 579 2037 boni
640 1981 849 2036 scilicet
915 1981 1153 2048 pastoris
1182 1989 1258 2045 et,
1307 1997 1460 2050 aeque
1492 1995 1557 2038 ac
1580 1982 1789 2052 primus
1822 1993 2028 2052 pastor,

451 2078 698 2148 quotidie
721 2077 942 2147 profuse
976 2078 1212 2130 animam
1247 2077 1526 2147 ponentis,
1562 2077 1746 2132 divino
1793 2077 2028 2134 consilio

450 2170 654 2234 obitus,
686 2169 762 2224 illi
789 2169 1003 2238 quidem
1035 2167 1309 2224 fortunate
1343 2168 1669 2236 succedens,
1703 2170 1863 2225 nobis
1891 2185 2024 2226 vero

450 2263 672 2329 damna,
731 2277 904 2332 caque
960 2261 1229 2332 iungentia,
1275 2261 1603 2330 concilians,
1646 2262 1740 2333 qui
1791 2262 1939 2319 illius
1965 2263 2032 2319 ad

454 2355 624 2412 Dedin
654 2356 932 2424 precibus,
971 2355 1170 2425 quibus
1189 2353 1354 2409 saluti
1377 2363 1581 2411 nostra:
1615 2355 2031 2425 providebatur,

453 2450 755 2517 privamur.
789 2446 856 2501 Et
885 2448 1070 2503 divino
1097 2448 1335 2504 consilio
1372 2448 1524 2502 illum
1563 2449 1870 2518 contigisse
1901 2464 2036 2505 con-

451 2542 612 2611 jicies
654 2556 719 2594 ex
751 2540 861 2596 illis
897 2556 1015 2610 quae
1063 2539 1139 2593 illi
1172 2540 1350 2597 adhuc
1397 2543 1681 2611 superstiti
1717 2542 1861 2597 inter
1888 2556 2036 2598 som-

452 2632 710 2688 niandum
739 2643 1058 2687 evenerant.
1113 2633 1273 2689 Visus
1301 2641 1384 2689 est
1411 2634 1537 2700 sibi,
1575 2644 1872 2704 antequam
1905 2635 2036 2692 urbs

449 2723 597 2778 bello
627 2723 961 2788 concideret,
994 2723 1218 2778 domum
1275 2725 1598 2794 praeclaram
1633 2737 1688 2780 et
1739 2728 2035 2781 maximam

453 2817 726 2884 ingresso,
771 2815 1013 2886 singulas
1044 2816 1193 2870 illius
1218 2826 1404 2887 partes
1440 2817 1720 2885 inspicere
1752 2827 1808 2872 et
1837 2818 2036 2873 decora

452 2924 524 2963 ac
550 2907 976 2978 magnitudinem
994 2923 1320 2980 magnopere
1335 2910 1592 2965 demirari
1616 2927 1630 2978 ;
1662 2910 1747 2966 his
1767 2911 2037 2967 intentum

457 3015 669 3063 vocem,
693 2999 894 3055 deforis
913 3002 1291 3056 advenientem
1309 3002 1586 3057 inaudisse
1608 3025 1619 3058 :
1652 3001 1882 3056 «Domus
1901 3003 2037 3078 hate,

455 3091 616 3161 cujus
647 3103 831 3162 partes
861 3093 1106 3163 singulas
1148 3094 1390 3150 illustres
1418 3104 1580 3164 atque
1609 3104 1868 3149 venustas
1897 3110 2038 3150 con-

461 3184 712 3238 siderans
742 3183 1057 3249 admiraris,
1086 3192 1334 3238 actutum
1363 3185 1657 3248 concidet;
1688 3195 1744 3239 et
1770 3199 1836 3238 ne
1873 3192 1924 3238 te
1941 3199 2037 3240 sua

460 3277 618 3330 ruina
637 3278 927 3345 opprimat,
964 3291 1128 3346 quam
1167 3276 1277 3330 cito
1314 3275 1478 3330 foras
1506 3276 1657 3343 eripe
1700 3285 1806 3331 te.»
1845 3277 2037 3331 Visum

462 3372 568 3423 hoc
592 3369 789 3424 etl'ectu
819 3384 926 3422 non
985 3368 1159 3423 multo
1197 3375 1322 3438 post
1355 3370 1765 3439 comprobatum
1805 3379 1912 3425 est.
1947 3370 2044 3426 Ille

460 3462 662 3516 ctenim
688 3460 946 3529 utjustus
965 3471 1251 3530 appareret
1277 3471 1331 3516 et
1362 3463 1581 3519 virtutis
1606 3479 1718 3518 suae
1745 3465 2041 3518 multorum

460 3553 714 3609 laborum
752 3552 980 3622 praemia
1011 3551 1264 3621 referret,
1291 3555 1488 3619 sic,uti
1521 3570 1620 3624 par
1657 3567 1796 3622 erat,
1829 3566 1883 3611 et
1919 3564 2043 3611 ante

461 3663 755 3704 commune
807 3647 1200 3711 infortunium,
1233 3649 1300 3703 ad
1325 3648 1528 3710 Deum,
1558 3663 1722 3718 quem
1749 3658 2043 3718 tantopere

461 3743 868 3811 concupiverat,
931 3741 1204 3812 migravit.
1232 3742 1420 3812 Neque
1475 3743 1618 3797 enim
1653 3742 1864 3812 jusmm
1901 3742 2042 3808 apud
2081 3776 2092 3786 ο

465 3835 631 3889 Deum
669 3835 1030 3904 reputabatur
1079 3834 1342 3889 situilium
1373 3833 1637 3889 malorum
1667 3849 1790 3889 eum
1823 3834 2046 3902 partici-

463 3941 583 3994 pem
616 3925 756 3989 ﬁcri,
783 3926 891 3979 vita
917 3926 1186 3995 siquidem
1214 3926 1362 3981 illius
1391 3940 1497 3981 non
1526 3934 1647 3981 erat
1673 3926 1873 3981 similis
1891 3925 2042 3991 aliis,

461 4025 518 4073 et
538 4019 746 4074 semita:
777 4017 1099 4082 immutata},
1136 4026 1331 4070 utcum
1361 4016 1656 4072 Salomone
1682 4016 1898 4084 loquar.
1924 4015 2035 4070 Nos

462 4125 595 4164 vero
663 4107 1015 4176 improbitate
1065 4109 1221 4177 plane
1251 4109 1465 4176 repleti,
1497 4123 1553 4163 et
1602 4109 1660 4162 in
1691 4107 2048 4177 cogitationi-

465 4202 567 4258 bus
591 4200 778 4256 cordis
809 4200 984 4254 nostri
1018 4201 1242 4268 pessimi
1272 4199 1635 4264 ambulantes,
1679 4209 1737 4253 ut
1771 4199 2047 4256 Jerernias

464 4293 665 4361 inquit,
707 4303 763 4345 et
819 4291 1047 4358 perinde
1098 4301 1264 4361 atque
1323 4291 1764 4362 antiquuslsrael
1806 4307 2048 4344 murmu-

2133 1986 2228 2040 λοῢ
2259 1987 2522 2056 ποιμένος
2561 1987 2657 2041 καὶ⁸
2681 1988 2824 2042 κατὰ
2857 1991 2950 2042 τὸν
2975 1989 3196 2058 πρῶτον
3218 1991 3457 2060 ποιμένα
3493 1993 3585 2060 τὴν
3609 1989 3702 2056 du-

2135 2082 2237 2150 Χῆν
2264 2080 2349 2150 ὲφ’
2377 2081 2616 2151 ἑκάστης
2641 2081 2878 2150 ἀφειδῶς
2904 2082 3046 2152 ύπέρ
3080 2083 3176 2136 τοῦ
3201 2084 3463 2153 ποιμνίου
3485 2083 3705 2144 τιθέντος

2135 2172 2279 2226 κατὰ
2311 2172 2454 2226 θεῖον
2482 2172 2734 2243 βούλημα
2755 2173 3006 2242 τελευτὴ,
3031 2175 3090 2227 ὲν
3112 2175 3268 2244 καλῷ
3293 2175 3396 2245 μὲν
3426 2175 3612 2244 ἐκείνῳ
3627 2190 3706 2240 γε.

2137 2263 2440 2333 γενημένη,
2496 2263 2778 2334 βλάϐος”δ’
2813 2266 2946 2334 ἡμῖν
2974 2265 3358 2331 ἐπενεγκοῠσα
3406 2264 3559 2329 πολὺ,
3607 2264 3707 2315 τῶν

2137 2353 2350 2407 ἐκείνου
2372 2354 2538 2408 λιτῶν
2573 2355 2712 2426 πρδς
2753 2355 2876 2409 θεὸν
2916 2357 3290 2427 στερηθεῖσιν,
3325 2352 3414 2420 αἷς
3449 2356 3706 2425 ἐσωζόμε-

2138 2444 2222 2499 θα.
2262 2447 2388 2500 Ὀτι
2413 2447 2470 2500 δέ
2505 2447 2648 2501 κατὰ
2670 2448 2824 2502 Θείαν
2855 2446 2996 2518 αὕτη
3026 2449 3291 2520 βούλησιν
3320 2446 3409 2521 ἦν,
3433 2450 3596 2503 ἄκουε
3623 2448 3707 2501 τοῦ

2140 2536 2402 2606 φανέντος
2439 2535 2522 2607 τῷ
2556 2536 2823 2608 μακαρίῳ
2857 2538 3105 2608 περιόντι
3157 2541 3288 2593 κατ’
3318 2540 3452 2608 ὄναρ
3507 2537 3705 2606 ἐκείνῳ.

2143 2626 2330 2692 Ἔδοξε
2363 2627 2470 2696 πρὸ
2499 2625 2593 2680 τοῦ
2614 2626 2715 2698 τὴν
2745 2628 2900 2680 πόλιν
2923 2628 3002 2698 τῷ
3029 2628 3263 2697 πολέμῳ
3283 2629 3550 2700 ληφθῆναι
3575 2624 3706 2681 οἶκόν

2139 2734 2265 2772 τινα
2294 2717 2554 2788 λαμπρὸν
2585 2719 2818 2774 εἰσιέναι
2845 2721 2945 2774 καὶ
2976 2721 3341 2790 παμμεγέθη,
3373 2721 3708 2792 περισκοπεῖν

2139 2827 2201 2862 τε
2232 2810 2397 2863 αὐτὸν
2417 2810 2562 2863 κατὰ
2582 2809 2748 2881 μέρος
2773 2814 2869 2865 καὶ
2898 2812 3204 2882 θαυμάζειν
3230 2815 3404 2868 αὑτοῦ
3425 2815 3484 2867 τό
3506 2831 3561 2867 τε
3582 2813 3708 2866 xii-

2140 2900 2234 2966 λος
2280 2902 2375 2956 καὶ
2406 2903 2660 2972 μέγεθος,
2717 2906 2776 2957 ἐν
2829 2905 3006 2976 τούτῳ
3060 2907 3104 2959 δ’
3138 2907 3254 2960 liv-rt
3300 2907 3484 2978 φωνὴν
3529 2906 3708 2972 ἔξωθεν

2141 2994 2429 3067 ἐνεχθῆναι
2458 2996 2728 3064 λέγουσαν
2772 3017 2791 3051 ι
2839 2999 2900 3052 '0
2934 3000 3032 3069 μὲν
3058 2996 3203 3062 οἶκος
3231 3001 3413 3067 οὗτος,
3441 2996 3499 3055 οὗ
3519 3002 3584 3054 τὰ
3602 2995 3707 3050 καθ’

2142 3089 2392 3153 ἕκαστον,
2425 3083 2471 3143 ὣ
2509 3091 2770 3158 δέσποτα,
2823 3094 2900 3155 ὡς
2950 3092 3072 3146 λίαν
3119 3093 3358 3164 λαμπρὰ
3413 3093 3504 3147 καὶ
3553 3093 3708 3161 ὡραῖα

2145 3179 2448 3250 θαυμάζεις
2479 3182 2820 3253 περιαθρῶν,
2855 3183 3048 3237 πίπτει
3081 3184 3140 3236 τὸ
3178 3185 3372 3253 τάχος,
3414 3183 3504 3237 καὶ
3532 3183 3613 3236 ῖνα
3641 3180 3705 3249 μή

2148 3284 2209 3322 σε
2234 3269 2457 3342 καλύψῃ
2491 3269 2697 3336 πεσὼν,
2728 3269 2866 3336 ἔξιθι
2890 3273 3081 3325 τούτου
3113 3273 3354 3342 ταχέως.
3386 3293 3404 3328 ι
3440 3274 3618 3335 Οὖτως
3646 3265 3710 3322 εί-

2146 3376 2241 3429 χεν
2289 3362 2321 3428 ή
2353 3360 2501 3429 ὄψις,
2549 3363 2644 3415 καὶ
2681 3364 2764 3425 είς
2793 3363 2954 3431 ἔργον
3008 3359 3149 3434 ἧκεν
3195 3366 3302 3419 οὒκ
3357 3369 3436 3429 εἰς
3493 3365 3706 3435 μακράν.

2159 3450 2398 3515 Ἐκεῖνος
2455 3453 2556 3520 μὲν
2583 3453 2716 3522 γὰρ,
2759 3455 2845 3508 ἵνα
2896 3456 3149 3530 ἀναφανῇ
3190 3455 3430 3522 ’δίκαιος
3483 3463 3571 3512 καὶ
3612 3457 3708 3510 τῶν

2147 3540 2363 3595 πολλῶν
2387 3546 2487 3612 τῆς
2522 3544 2725 3615 ἀρετῆς
2751 3546 2964 3600 ἐκείνου
2999 3550 3268 3616 καμάτων
3297 3551 3437 3622 λάϐῃ
3463 3551 3553 3613 τὰς
3581 3552 3708 3602 ἀντι-

2147 3631 2344 3696 δόσεις,
2371 3635 2599 3698 εἰκότως
2625 3637 2770 3690 οὕτω
2800 3639 2896 3692 καὶ
2928 3641 3035 3709 πρὸ
3061 3641 3160 3710 τῆς
3197 3644 3389 3714 κοινῆς
3421 3643 3707 3712 συμφορᾶς.

2147 3725 2284 3794 πρὸς
2309 3725 2367 3778 δν
2399 3727 2584 3781 ἐπόθει
2623 3729 2832 3800 Κύριον
2863 3731 3227 3802 ἐξεδήμησεν.
3263 3737 3342 3789 Ού
3386 3736 3490 3804 γὰρ
3522 3735 3710 3787 δίκαιον

2146 3815 2308 3870 τοῦτο
2349 3819 2503 3888 παρὰ
2531 3821 2653 3892 Θεῷ
2682 3821 2927 3893 κέκριτο,
2962 3825 3222 3879 τοιούτων
3257 3827 3352 3882 ῐνα
3383 3827 3566 3881 κακῶν
3609 3825 3711 3877 trai-

2152 3923 2252 3976 ραν
2277 3911 2378 3978 σχῇ
2399 3913 2495 3965 καὶ
2525 3914 2839 3985 κοινωνήσῃ
2865 3915 2974 3967 τῶν
3001 3917 3136 3971 ίσων
3157 3919 3292 3987 ἡμῖν
3308 3935 3324 3950 ο
3344 3919 3594 3989 ἀνόμοιος
3616 3914 3709 3983 γὰρ

2147 3991 2218 4067 ἦν
2246 4001 2356 4060 τοῖς
2391 4000 2574 4064 ἄλλοις
2611 4003 2640 4055 ὀ
2689 4003 2808 4073 βίος
2839 4007 3052 4061 ἐκείνου
3089 4011 3185 4062 καὶ
3230 4010 3630 4080 ἐξηλλαγμέναι
3661 4007 3708 4059 ai

2149 4089 2351 4158 τρίϐοι,
2383 4092 2444 4144 τὸ
2473 4095 2827 4162 Σολομῶντος
2856 4099 3054 4154 εἰπεῖν.
3096 4100 3290 4169 Ἡμεῖς
3318 4103 3375 4155 δὲ
3406 4102 3596 4163 κακίας
3625 4099 3711 4164 γέ·

2154 4197 2347 4249 μοντες
2378 4183 2537 4248 ὅλως,
2566 4187 2664 4239 καὶ
2695 4187 2875 4242 ὀπίσω
2902 4189 3014 4243 τῶν
3041 4191 3450 4261 ἐνθυμημάτων
3479 4193 3572 4259 τῆς
3592 4204 3711 4254 καρ’

2148 4280 2262 4344 δίας
2286 4283 2444 4352 ἡμῶν
2474 4281 2571 4350 τῆς
2598 4283 2869 4352 πονηρᾶς,
2917 4283 3081 4336 τοῦτο
3120 4285 3186 4354 δὴ
3213 4286 3276 4338 τὸ
3312 4286 3407 4338 τοῦ
3444 4283 3711 4355 Ἱερεμίου,

468 4391 679 4446 rantes,
708 4390 766 4434 ut
800 4381 957 4436 nobis
988 4382 1293 4447 allubescit,
1335 4384 1500 4437 rebus
1557 4398 1665 4435 non
1701 4382 2039 4436 succedenti-

2150 4374 2535 4443 πορευόμενοι,
2569 4373 2667 4427 καὶ
2695 4374 2840 4426 κατὰ
2864 4374 2955 4431 τὸν
2973 4376 3151 4428 πάλαι
3193 4377 3505 4445 γογγυσταὶ
3530 4371 3716 4440 τυγχάδ

395 4483 398 4486 ’
469 4475 595 4538 bus,
621 4471 746 4540 jure
783 4474 975 4527 merito
999 4473 1142 4527 mala
1173 4491 1235 4530 ac
1269 4474 1443 4530 solida
1494 4474 1806 4530 calamitate
1841 4483 2048 4528 macta-

2151 4483 2336 4528 νοντες
2380 4465 2630 4536 Ἰσραὴλ,
2664 4465 2804 4519 κατὰ
2844 4471 2942 4533 τὴν
2970 4467 3251 4536 ἡμετέραν
3277 4469 3574 4538 ἐπιθυμίαν
3597 4468 3716 4517 ἁπτ-

470 4581 616 4629 mur,
669 4574 726 4621 et
753 4564 846 4618 tali
901 4565 1024 4620 viro
1053 4565 1314 4621 orbamur
1346 4566 1439 4634 qui
1490 4565 1641 4620 solus
1673 4563 2039 4620 amictissimis

2162 4557 2351 4612 λαύειν
2380 4558 2532 4621 ὅπως
2562 4558 2662 4612 οὐκ
2695 4557 2911 4628 ἔχωμεν
2939 4561 3048 4612 τῶν
3095 4563 3461 4630 πραγμάτων,
3504 4557 3714 4616 δικαίως

469 4659 622 4713 hisce
651 4656 992 4727 temporibus
1023 4657 1075 4712 in
1107 4657 1272 4712 tantis
1297 4672 1478 4711 rerum
1515 4656 1931 4710 discriminibus
1961 4671 2039 4710 so-

2154 4650 2298 4704 οὕτω
2320 4652 2687 4721 πεπράγαμεν
2711 4650 3149 4721 δυστυχέστατοι,
3173 4654 3269 4706 καὶ
3295 4653 3484 4707 τούτου
3505 4648 3714 4717 τάνδρδς

468 4749 658 4803 latium
703 4758 1066 4813 remanserat,
1099 4763 1290 4803 oumes
1343 4747 1613 4815 siquidem
1643 4762 1769 4800 eum
1798 4749 1874 4802 uti
1904 4748 2047 4801 vita-

468 4840 576 4894 lem
613 4840 666 4895 in
719 4839 883 4895 nobis
936 4838 1260 4895 facultatem
1318 4838 1714 4906 reputabamus
1743 4878 1760 4903 ,
1791 4839 2050 4908 illiusque

476 4943 705 4988 mortcm
793 4932 1178 4986 tantummodo
1233 4930 1882 4986 ducebamus'adversus
1949 4945 2051 4986 nos

468 5024 790 5094 justissima:
822 5026 1059 5079 numinis
1089 5023 1396 5093 punitionis
1436 5022 1751 5079 exordium.
1791 5023 1905 5078 lloc
1954 5039 2050 5079 eos

475 5117 752 5187 redarguit
774 5118 1124 5185 apertissime
1159 5116 1249 5183 qui
1291 5115 1510 5184 indigna
1541 5115 1688 5170 dicta
1719 5117 1773 5171 in
1808 5132 1932 5172 eum
1967 5118 2050 5172 in-

463 5217 667 5278 gerunt
697 5217 753 5263 et
793 5208 1021 5262 infamia
1059 5215 1320 5270 onerant,
1344 5207 1492 5276 quod
1526 5209 1899 5279 proditionem
1936 5226 2044 5264 non

466 5298 730 5362 suaserit,
761 5307 816 5351 et
837 5299 981 5367 quod
1007 5312 1106 5351 eos
1135 5295 1373 5366 propriis
1406 5297 1676 5364 consiliis,
1703 5299 1866 5352 altius
1892 5301 2051 5369 quid-

466 5391 612 5460 piam
643 5390 964 5451 meditatus,
991 5388 1116 5456 jure
1176 5390 1520 5457 represserit.
1549 5389 1758 5460 Opinor
1791 5391 2046 5461 equidem

469 5493 590 5550 ego,
613 5494 739 5534 cum
776 5479 937 5532 vellet
972 5477 1117 5532 Deus
1143 5488 1200 5532 ut
1230 5479 1486 5536 omnibus
1519 5481 1889 5536 inuotesccret
1923 5483 2048 5551 quis

471 5572 556 5625 vir
579 5571 670 5626 ille
689 5584 847 5623 sacer
873 5581 1020 5623 esset
1051 5579 1104 5624 et
1139 5585 1368 5640 quorum
1397 5571 1614 5642 dignus,
1647 5575 1740 5642 qui
1782 5589 1910 5627 vero
1946 5589 2048 5626 nos

467 5673 524 5715 et
575 5661 776 5730 quibus
827 5661 1008 5730 poenis
1053 5662 1300 5726 obnoxii,
1379 5665 1581 5731 quibus
1622 5666 1860 5719 miseriis
1898 5665 2050 5732 juste

469 5751 848 5810 cxcruciaudi.
893 5752 947 5804 id
997 5763 1216 5824 propter
1250 5771 1336 5810 res
1362 5759 1652 5828 utriusque
1678 5758 1728 5811 in
1757 5773 1871 5812 rem
1908 5758 2051 5812 utri-

469 5856 577 5912 (με
598 5843 954 5910 disposuisse.

2157 4742 2526 4813 ἐστερήμεθα,
2561 4743 2724 4812 μόνου
2761 4760 2829 4796 πε
2840 4744 3208 4812 ριλειφθέντος
3234 4748 3292 4800 ἐν
3313 4745 3572 4806 τοιούτοις
3601 4757 3714 4792 και-

2162 4836 2273 4904 ροῖς
2308 4835 2403 4888 καὶ
2424 4833 2705 4897 τοσούτοις
2732 4836 2979 4904 ἀνιαροῖς
3010 4838 3090 4900 είς
3121 4837 3491 4908 παραμύθιον.
3526 4835 3713 4891 Πάντες

2157 4927 2265 4994 γάρ
2295 4926 2484 4997 ὥσπερ
2517 4928 2640 4980 τινὰ
2664 4927 2896 4997 δύναμιν
2933 4927 3175 5002 ζωτικὴν
3222 4933 3282 4984 ἐν
3315 4933 3444 5000 ἡμῖν
3481 4925 3711 4995 ἐνομίζο-

2159 5035 2261 5089 μεν
2297 5018 2514 5084 τοῦτον,
2565 5022 2660 5073 καὶ
2696 5021 2798 5091 τὴν
2838 5022 3095 5091 τελευτὴν
3139 5025 3351 5078 ἐκείνου
3402 5025 3562 5092 μηδὲν
3595 5018 3710 5072 ἄλλο

2154 5111 2400 5181 νομίζειν
2430 5111 2653 5182 εἴχομεν
2683 5113 2714 5181 ἢ
2739 5114 2840 5180 τῆς
2874 5115 2957 5182 ἐφ’
2988 5117 3138 5186 ἡμᾶς
3169 5115 3263 5170 τοῦ
3293 5115 3428 5169 Θεοῦ
3460 5110 3709 5168 δικαιοτά-

2153 5220 2258 5273 της
2285 5203 2538 5267 παιδείας
2581 5198 2694 5258 οἷον
2736 5208 3047 5277 προοίμιον.
3096 5207 3267 5262 Τοῦτο
3311 5209 3420 5262 τῶν
3451 5202 3708 5260 κατειπεῖν

2156 5295 2452 5367 ᾑρημένων
2475 5297 2688 5349 ἐκείνου
2714 5298 3054 5366 σαφέστατος
3077 5299 3318 5372 ἐλεγχος,
3351 5300 3442 5352 καὶ
3468 5298 3586 5356 τοὺς
3609 5291 3706 5345 ἀδι-

2155 5388 2277 5440 κίαν
2302 5387 2424 5440 κατ’
2447 5387 2656 5441 ἐκείνου
2685 5388 2988 5449 λαλοῦντας
3026 5391 3110 5444 δτι
3151 5394 3226 5463 μὴ
3257 5390 3544 5460 προδοσίαν
3569 5381 3696 5437 ἐσκέ-

2151 5479 2316 5550 ψατο,
2355 5481 2491 5550 μηδέ
2515 5480 2624 5533 τῶν
2655 5482 2808 5549 σφίσι
2840 5483 3144 5536 δοκούντων
3174 5485 3447 5544 συνιέντας
3499 5475 3692 5548 βαθύτε-

2157 5589 2272 5641 ρον,
2324 5572 2548 5634 ἐνδίκως
2593 5573 2964 5643 ἐπιστομίςει.
3019 5573 3192 5644 Οἶμαι
3229 5576 3335 5646 γὰρ
3373 5571 3509 5640 ἐγὼ,
3555 5563 3703 5646 δεῖέπ-ι

2155 5664 2436 5734 βουληθεὶς
2465 5667 2492 5716 ὀ
2525 5663 2659 5727 Θεὸς
2690 5658 2802 5727 οἶος
2845 5666 2944 5735 μὲν
2984 5667 3014 5718 ὁ
3066 5668 3211 5734 ἱερὸς
3239 5644 3445 5725 ἐκεῖνος
3466 5656 3592 5724 ἀνὴρ
3621 5644 3703 5700 καὶ

2153 5754 2316 5806 τίνων
2344 5753 2496 5818 ἄξιος
2522 5750 2612 5825 ἦν,
2643 5749 2745 5808 οἷοι
2773 5755 2819 5808 δ’
2864 5756 3028 5826 ἡμεῖς
3053 5757 3151 5808 καὶ
3182 5756 3338 5816 τίνας
3400 5741 3692 5814 εἰσπρακθῆ·

2153 5865 2242 5900 ναι
2287 5847 2444 5908 δίκας
2469 5847 2671 5899 δίκαιοι
2699 5842 2864 5918 ἦμεν,
2894 5848 2982 5900 διὰ
3012 5847 3175 5900 τοῦτο
3199 5848 3268 5900 τὰ
3322 5838 3447 5897 καθ’
3474 5837 3707 5900 ἑκάτερ’έν

2162 5940 2326 6009 μέρος
2358 5937 2528 6002 οὕτως
2556 5939 2876 6011 ᾠκονόμησε
2909 5941 3332 6012 συμφερόντως.
