4000 6416
261 395 380 469 593'

1286 421 1384 480 DE
1428 420 1745 483 EXCIDIO
1779 422 2072 487 THESSA
2084 425 2516 489 LONICENSL

3413 431 3522 496 594

325 523 388 581 δ’.
427 523 634 582 Τούτου
669 527 762 584 οὖν
791 530 885 584 τοῦ
917 531 1108 599 δεινοῦ,
1148 536 1248 605 τῆς
1294 539 1558 605 τελευτῆς
1613 541 1827 595 ἐκείνου

2009 543 2066 598 4.
2094 546 2285 615 Itaque
2311 555 2420 600 tam
2448 548 2565 602 diro
2595 548 2760 612 malo,
2785 548 2933 604 obitu
2968 565 3163 620 nempe
3198 550 3367 615 illius,
3421 568 3522 607 cae-

255 622 420 690 φημῖ,
455 624 910 694 προστεθειμένον
939 631 1053 691 τοῖς
1086 627 1286 694 ἄλλοις,
1321 634 1414 684 καὶ
1459 633 1680 687 πάντων
1718 635 1826 688 τῶν

255 712 314 763 ἐν
344 714 410 781 τῇ
447 713 620 776 πόλει,
672 714 882 786 ἀνδρῶν
914 717 1195 785 γυναικῶν
1226 719 1434 774 παίδων
1486 721 1733 776 Λατίνων
1767 739 1826 775 τε

254 804 349 855 καὶ
398 805 580 858 αὐτῶν
624 807 916 869 Ἰουδαίων.
955 811 1206 876 ἐλεεινῶς
1252 814 1388 885 πρὸς
1423 814 1687 883 ἀλλήλους
1715 815 1828 868 διο-

260 895 576 964 μιλούντων,
607 899 706 952 καὶ
728 899 794 950 τά
819 899 919 968 μὲν
943 900 1057 955 ἄλλ’
1079 903 1178 955 ὅσα
1194 887 1429 966 ,τούτους
1461 905 1644 968 ἐπίεζε
1675 903 1829 974 δηλο·

255 988 366 1039 νότι
396 990 460 1056 τῇ
498 987 635 1060 λήθῃ
667 993 1176 1059 παραπεμπόντων,
1228 995 1329 1064 τὴν
1363 995 1457 1048 τοῦ
1495 997 1750 1064 ποιμένος
1773 996 1830 1049 δέ

259 1077 513 1146 στέρησιν
555 1080 648 1132 ἐπὶ
692 1080 821 1133 νοῦν
853 1082 1243 1152 λαμϐανόντων
1289 1088 1385 1139 καὶ
1417 1089 1661 1157 συνεχῶς
1695 1105 1830 1158 προ-

258 1170 555 1238 φερόντων,
583 1171 684 1242 τῆς
717 1171 815 1226 τοῦ
859 1173 996 1228 Θεοῦ
1023 1193 1082 1229 τε
1123 1177 1399 1254 παιδείας,
1446 1180 1522 1241 ὡς
1553 1179 1828 1250 προῦφην,

259 1263 355 1316 καὶ
385 1265 486 1331 τῆς
531 1265 916 1354 γεγενημένης
974 1267 1226 1354 ἁλώσεως
1277 1270 1374 1324 καὶ
1404 1271 1678 1340 λεγόντων
1736 1289 1834 1343 ση-

265 1354 413 1420 μεῖον
463 1353 620 1407 τοῦτο
670 1355 762 1406 καὶ
795 1357 1186 1422 πιστευόντων,
1219 1389 1286 1402 —
1319 1359 1493 1424 οὕτως
1527 1357 1619 1433 οὖν
1651 1361 1832 1414 διατε-

263 1443 486 1504 θέντων,
531 1444 624 1497 καὶ
652 1445 836 1513 ὀλίγου
865 1447 929 1518 δή
968 1464 1113 1510 τινος
1143 1451 1201 1503 ἐν
1226 1449 1304 1518 τῷ
1337 1450 1545 1519 μεταξὺ
1589 1451 1834 1523 παρελη-

258 1532 482 1598 λυθότος
504 1534 599 1588 τοῦ
632 1537 852 1607 χρόνου,
884 1542 1065 1608 χεῖρον
1094 1540 1126 1609 ἢ
1159 1542 1430 1612 πρότερον
1456 1542 1580 1612 ἔσχε
1609 1543 1678 1596 τά
1701 1545 1838 1614 πρά-

259 1645 468 1696 γματα,
521 1630 614 1681 καί
661 1629 924 1699 σύγχυσις
960 1631 1265 1702 πανταχοῦ,
1298 1635 1495 1707 ’ἄλλων
1550 1635 1682 1688 ἄλλα
1714 1637 1837 1706 βου-

257 1720 563 1790 λευομένων
594 1721 687 1775 καὶ
712 1725 879 1792 μηδὲν
907 1727 965 1777 ἐν
983 1725 1168 1796 ταυτῷ
1197 1725 1474 1779 συνελθεῖν
1500 1727 1834 1797 δυναμένων·

259 1814 357 1865 καὶ
394 1815 779 1884 παραπλήσιόν
837 1833 891 1868 τι
943 1817 1059 1879 τοῖς
1115 1817 1211 1870 ἐπὶ
1246 1817 1374 1886 νηὸς
1428 1819 1838 1889 χειμαζομένης

260 1904 597 1974 ἐπάσχομεν,
620 1907 748 1960 ὅταν
773 1909 801 1959 ὁ
833 1893 1179 1979 κυϐερνήτης
1202 1909 1316 1979 άπῇ
1341 1924 1355 1939 ο
1388 1909 1566 1962 πάντα
1591 1910 1697 1980 γάρ
1726 1911 1843 1963 ἐκεῖ

258 1993 504 2066 ταράχου
541 1999 735 2069 μεστὰ,
763 2001 913 2072 καὶὴ
944 2000 1077 2065 ναῦς
1110 2002 1210 2054 οὐκ
1242 2001 1440 2072 ἔχουσα
1470 2002 1562 2056 τὸν
1590 1989 1840 2056 ίθύνοντα

258 2092 382 2152 ταῖς
411 2090 516 2142 τῶν
541 2091 759 2162 ἀνέμων
798 2091 940 2164 βίαις
965 2093 1060 2146 τοῦ
1101 2095 1290 2162 πρόσω
1313 2095 1516 2163 χωρεῖν
1545 2093 1840 2157 ἀκινδύνως

259 2182 322 2233 οὐ
356 2185 739 2250 συγχωρεῖται.
764 2183 885 2236 Τῶν
914 2183 1014 2254 μέν
1043 2183 1135 2236 οὖν
1158 2183 1222 2254 δὴ
1250 2183 1514 2238 πλειόνων
1553 2184 1842 2256 δυσχεραι-

261 2274 462 2326 νόντων
497 2275 577 2328 ὅτι
610 2275 685 2345 μὴ
717 2275 900 2342 σφίσιν
929 2275 1056 2346 ἐξῆν
1087 2273 1382 2343 προδοῦναι
1419 2275 1518 2347 τὴν
1540 2277 1698 2330 πόλιν
1730 2279 1840 2341 τοῖς

263 2365 819 2434 Τούρκοις,δεδιότων
851 2368 983 2430 ῖσως
1011 2368 1040 2420 δ
1065 2368 1290 2436 γέγονεν
1325 2369 1580 2440 ὕστερον,
1605 2369 1839 2439 ἄγγελος

257 2453 362 2529 ἧκε
387 2460 484 2535 τὸν
534 2459 832 2529 Μουράτην
879 2459 967 2529 ἐφ’
1014 2460 1162 2530 ἡμᾶς
1215 2461 1537 2531 κεκινῆσθαι
1589 2461 1834 2530 μηνύων,

261 2550 514 2602 πλεῖστον
547 2550 672 2602 ὅσον
706 2549 941 2620 στρατὸν
981 2551 1409 2620 συναγείραντα,
1457 2552 1552 2603 καὶ
1579 2551 1667 2605 διὰ
1698 2553 1833 2605 πάν-

258 2659 374 2694 των
422 2641 600 2704 καλῶς
633 2643 1177 2712 παρεσκευασμένον.
1213 2644 1338 2704 Τοῖς
1375 2644 1476 2712 μὲν
1507 2639 1600 2697 οὖν
1646 2644 1839 2696 δεκτέα

259 2749 383 2794 πως
417 2731 592 2799 ἔδοξεν
639 2733 672 2802 ἡ
708 2733 936 2800 ἀγγελία
967 2733 1064 2786 καὶ
1101 2733 1338 2804 πιθανὴ,
1367 2735 1484 2796 τοῖς
1508 2733 1566 2787 δέ
1601 2733 1698 2805 μὴ,
1747 2735 1840 2788 καὶ

264 2825 503 2896 μάλιστα
547 2827 819 2888 Λατίνοις,
849 2828 959 2880 είτε
995 2826 1397 2897 μεγαλοψυχεῖν
1433 2827 1842 2897 προσποιουμέ-

259 2937 396 2980 νοις,
420 2919 528 2971 είτε
567 2921 765 2988 πεῖραν
791 2918 891 2991 ούκ
925 2919 1182 2989 ἐσχηκόσι
1223 2918 1333 2972 τῶν
1361 2917 1643 2989 Τούρκων,
1745 2921 1841 2974 καὶ

199 3043 203 3046 ~
265 2999 470 3080 μᾶλλον
500 3008 678 3076 ἔγωγε
710 3010 992 3078 πείθομαι.
1027 3010 1198 3063 Πόθεν
1230 3010 1342 3080 γάρ
1383 3009 1594 3078 είδησις
1624 3011 1838 3072 τούτοις

261 3098 323 3156 ἐν
356 3102 596 3172 θαλάττῃ
627 3102 722 3154 καὶ
751 3101 1116 3170 γεννωμένοις
1149 3102 1246 3155 καὶ
1295 3102 1376 3164 είς
1405 3101 1589 3172 γῆρας
1619 3084 1810 3156 διαιτω
1829 3131 1840 3140 ι

1933 637 2061 690 teris
2087 640 2389 704 adnexo,et
2407 639 2729 694 omnibusin
2752 642 2970 696 civitate
2995 643 3145 705 viris,
3167 642 3516 706 mulieribus,

1930 727 2135 794 pueris,
2163 726 2644 793 Latinis,.ludaeis
2691 745 2906 799 quoque
2938 731 3092 798 ipsis,
3145 733 3514 788 miserandum

1930 819 1984 874 in
2017 819 2231 874 modum
2259 835 2565 875 sermonem
2591 821 3022 886 conferentibus,
3053 833 3105 877 et
3135 823 3338 891 reliqua
3387 839 3511 877 om.
3579 881 3582 884 _

1930 909 2019 964 nia
2043 927 2162 979 quae
2214 926 2310 967 eos
2339 921 2448 966 tum
2480 911 2787 981 amigebant
2820 927 2850 966 e
2878 896 3165 968 memoria.
3185 915 3510 984 deponenti»

1931 1001 2052 1067 bus,
2087 1005 2318 1072 pastoris
2345 1005 2477 1059 tanti
2507 1007 2862 1075 privationem
2893 1007 2948 1062 in
2975 1016 3206 1064 mentem
3259 1023 3524 1064 ret'OCan-
3569 1033 3580 1085 ι

1935 1094 2077 1149 tibus
2107 1106 2162 1149 et
2207 1099 2408 1165 sapius
2451 1097 2855 1166 proferentibus
2909 1098 3418 1167 asserentibusque,
3457 1107 3525 1152 ut
3578 1095 3584 1101 ’

1929 1186 2040 1258 jam
2065 1187 2246 1253 innui,
2267 1199 2322 1244 et
2345 1205 2451 1244 non
2479 1201 2681 1246 temere
2697 1191 3052 1248 credentibus
3079 1191 3340 1246 indicium
3378 1190 3516 1246 illud

1934 1294 2056 1335 esse
2085 1289 2142 1335 et
2169 1281 2360 1336 divinae
2393 1282 2692 1351 punitionis—
2718 1293 2774 1337 et
2797 1282 3074 1338 subsecuti
3125 1281 3362 1347 excidii;
3387 1281 3518 1347 hoc,

1936 1363 2182 1442 inquam,
2202 1382 2344 1430 statu
2377 1389 2584 1438 rerum,
2607 1389 2729 1430 cum
2759 1375 3030 1430 modicum
3064 1383 3279 1443 tempus
3303 1373 3527 1428 interim

1935 1465 2320 1534 processisset,
2353 1464 2405 1518 in
2427 1465 2580 1534 pejus
2602 1481 2766 1534 quam
2790 1474 2948 1520 antea
2976 1480 3136 1520 ruere
3160 1463 3370 1528 omnia,
3401 1479 3523 1516 ma.-

1937 1570 2042 1626 gna
2064 1555 2311 1611 confusio
2336 1557 2551 1610 animos
2575 1569 2870 1625 occupare,
2902 1570 3025 1608 cum
3057 1553 3164 1609 alia
3189 1554 3280 1608 alii
3325 1554 3523 1608 decer—

1940 1657 2140 1702 nerent
2177 1663 2276 1703 nec
2311 1657 2536 1718 possent
2565 1648 2618 1702 in
2651 1663 2813 1702 unam
2843 1654 3168 1704 sententiam
3190 1645 3483 1702 convenire
3515 1685 3530 1711 ,

1941 1755 2148 1810 nosque
2173 1740 2283 1794 illis
2301 1739 2392 1809 qui
2421 1740 2480 1796 in
2499 1739 2622 1794 navi
2644 1740 2890 1796 adversis
2915 1739 3338 1807 tempestatibus
3361 1746 3528 1791 utun-

1943 1840 2033 1887 tur
2060 1846 2184 1885 cum
2215 1831 2546 1901 gubernator
2573 1831 2752 1897 abest,
2783 1846 2890 1885 non
2924 1830 3226 1895 absimiles,
3257 1829 3421 1883 variis
3442 1843 3532 1882 re-

1946 1939 2064 1979 rum
2093 1922 2592 1994 ﬂuctibusjactari.
2621 1923 2876 1992 Namque
2903 1923 2976 1976 ibi
3009 1923 3190 1978 omnia
3238 1932 3366 1978 sunt
3417 1930 3535 1974 tur-

1943 2015 2136 2072 barum
2163 2016 2347 2084 plena,
2376 2025 2433 2072 et
2460 2016 2641 2083 navis,
2673 2017 2906 2086 spoliata
2940 2026 3155 2072 rectore
3181 2029 3246 2070 ac
3274 2016 3323 2068 vi
3343 2024 3535 2070 vento-

1941 2094 2062 2160 rum
2089 2120 2354 2161 concussa
2381 2105 2489 2161 iter
2513 2121 2672 2161 suum
2707 2107 3027 2160 continuare
3081 2103 3286 2174 absque
3337 2105 3534 2159 discri-

1944 2199 2088 2254 mine
2116 2213 2224 2253 non
2261 2197 2786 2268 permittitunCum
2818 2212 2948 2270 ergo
2971 2197 3216 2266 plerique
3235 2210 3380 2266 :egre
3410 2196 3526 2248 fer-

1945 2301 2066 2347 rent
2089 2306 2192 2345 non
2216 2289 2445 2346 concedi
2466 2291 2570 2346 sibi
2597 2277 2792 2346 Turcis
2817 2291 3006 2344 urbem
3031 2289 3245 2352 dedere,
3277 2296 3530 2343 eventum

1941 2381 2288 2452 postmodum
2317 2389 2568 2437 secutum
2589 2381 3094 2451 perborrescentes,
3118 2378 3342 2434 nuntius
3367 2378 3535 2433 adve-

1945 2474 2026 2528 nit
2052 2473 2313 2528 Muratem
2346 2473 2609 2529 adversus
2640 2489 2740 2528 nos
2764 2473 2868 2528 iter
2894 2487 3203 2542 capessere,
3231 2471 3527 2540 quamplu-

1944 2567 2099 2622 rimis
2127 2566 2301 2637 copiis
2324 2575 2377 2622 et
2408 2563 2572 2622 rebus
2589 2567 2712 2622 aliis
2735 2566 2987 2622 omnibus
3019 2564 3528 2620 instructissimum.

1942 2658 2175 2726 Quidam
2206 2658 2395 2715 nuntio
2423 2660 2580 2715 [idem
2615 2674 2737 2714 esse
2773 2658 3136 2714 adhibendam
3183 2658 3372 2712 dicunt
3401 2674 3415 2716 :
3442 2671 3536 2711 ne-

1943 2763 2076 2822 gant
2109 2753 2226 2816 alii,
2261 2763 2316 2807 et
2343 2751 2521 2807 Latini
2575 2751 2944 2821 potissimum,
2999 2752 3115 2806 sive
3173 2750 3534 2818 magnanimi-

1943 2854 2111 2899 tatem
2149 2844 2498 2909 simulantes,
2528 2844 2643 2900 sive
2673 2843 2998 2908 Turcarum,
3027 2841 3172 2915 quod
3213 2839 3533 2896 credibilius
3597 2858 3606 2868 ν

1941 2935 2178 2999 videtur,
2213 2937 2506 3004 inexperti.
2532 2933 2782 3005 Namque
2814 2935 2956 2989 unde
2982 2935 3112 2999 illis,
3147 2933 3199 2988 in
3263 2934 3400 2987 mari
3441 2948 3533 3002 ge-

1942 3026 2075 3080 nitis
2125 3035 2181 3081 et
2206 3027 2404 3081 ultimo
2433 3027 2594 3082 etiam
2631 3027 2808 3081 aetatis
2841 3034 3082 3094 tempore
3106 3027 3272 3079 vitam
3319 3024 3532 3094 agenti-

1941 3113 2067 3181 bus,
2099 3131 2201 3171 nec
2237 3117 2434 3172 nonad
2463 3117 2749 3172 conﬂictus
2781 3126 2835 3172 et
2861 3131 3092 3187 pugnas,
3143 3117 3344 3187 quibus
3392 3113 3534 3169 Tur-

265 3196 472 3263 μένοις,
523 3193 659 3262 πρὸς
697 3192 1018 3261 συμπλοκάς
1067 3209 1127 3244 τε
1156 3192 1248 3246 καὶ
1289 3193 1492 3262 μάχας,
1525 3187 1614 3255 αἷς
1637 3194 1696 3246 τὸ
1724 3193 1832 3246 τῶν

1945 3204 2120 3265 carum
2137 3224 2267 3279 gens
2285 3210 2475 3274 utitur,
2504 3209 2725 3280 ineptis,
2751 3224 2850 3265 nec
2869 3208 3177 3264 valentibus
3195 3223 3323 3263 cum
3370 3209 3530 3263 trire-

261 3287 524 3356 Τούρκων
554 3284 818 3355 κέχρηται
863 3284 1038 3351 γένος,
1087 3282 1305 3353 ἔχουσιν
1343 3284 1445 3336 οὐκ
1489 3283 1835 3352 ἐπιτηδείως,

261 3371 360 3431 καὶ
397 3377 530 3447 μηδέ
574 3377 890 3444 δυναμένοις
939 3375 972 3446 ἢ
1027 3375 1115 3429 διὰ
1163 3374 1409 3446 τριηρῶν
1459 3374 1716 3429 ἀπελθεῖν
1764 3374 1846 3438 είς

263 3461 587 3542 ὑπερορίαν,
631 3471 772 3541 ἡνίκ’
796 3469 862 3523 ἂν
897 3469 994 3522 καὶ
1021 3469 1151 3522 ἔνθα
1185 3467 1463 3539 βούλοιντο
1491 3485 1506 3533 ;
1546 3467 1742 3538 μικρὸν
1784 3468 1846 3520 τδ

265 3563 498 3635 μεταξὺ,
533 3563 629 3616 καὶ
677 3561 840 3615 πάλιν
884 3560 1072 3630 ἕτερος
1106 3560 1359 3628 ἄγγελος,
1393 3559 1572 3611 ταυτά
1600 3558 1678 3628 τῷ
1711 3575 1846 3630 προ-

260 3657 410 3726 τέρῳ
441 3655 533 3708 καὶ
565 3655 725 3716 αὐτὸς
759 3647 1119 3721 διαγγέλλων,
1145 3651 1389 3714 καὶτοὺς
1434 3651 1628 3720 λόγους
1661 3653 1846 3721 ὅρκοις

262 3745 632 3816 πιστούμενος
685 3744 1014 3812 ἀσφαλέσιν,
1067 3743 1153 3812 ἐφ’
1194 3737 1276 3807 οἷς
1331 3743 1673 3814 ἐπείσθημεν
1743 3746 1841 3814 μὲν

261 3831 454 3907 ἡμεῖς,
505 3837 672 3906 μηδὲν
719 3835 846 3890 ἄλλο
885 3833 1018 3905 παρ’
1043 3835 1176 3888 αὐτὸ
1209 3835 1622 3906 προσδοκῶντες
1668 3835 1847 3907 (τοῦτο

261 3931 375 3999 γάρ
405 3930 434 3981 δ
461 3927 726 4000 πολυετὴς
766 3927 915 3997 ἡμᾶς
945 3927 1193 3981 ἐδίδασκε
1237 3927 1608 3998 συγκλεισμδς
1635 3928 1728 3981 καὶ
1775 3927 1846 3980 τὰ

262 4019 619 4092 πράγματα),
657 4018 988 4087 ἐπείσθησαν
1035 4019 1094 4072 δέ
1124 4019 1221 4072 καὶ
1267 4019 1510 4079 Λατῖνοι.
1561 4019 1656 4071 καὶ
1707 4017 1857 4088 πρδς

260 4113 626 4185 παρασκευὴν
659 4111 770 4164 δεῖν
795 4108 942 4175 έδοξε
968 4109 1182 4173 τούτοις
1212 4108 1598 4179 διεγηγέρθαι.

338 4209 403 4257 ε’.
436 4205 544 4258 Καὶ
570 4202 632 4273 δὴ
655 4201 873 4273 πρῶτον
910 4201 1033 4271 μὲν,
1055 4195 1228 4272 οὗπερ
1275 4200 1512 4271 ἦρξαντο
1579 4201 1848 4272 πρότερον

261 4296 454 4364 ἔργου,
484 4294 621 4366 πρὸς
649 4293 929 4348 τελείωσιν
949 4294 1376 4364 σπουδαιότερον
1405 4293 1745 4363 διετέθησαν.
1773 4293 1846 4347 Τὸ

260 4385 308 4438 δ’
339 4382 404 4454 ἦν
435 4386 468 4453 ἡ
498 4386 627 4455 περὶ
653 4385 751 4448 τὰς
781 4383 1042 4449 ἐπάλξεις
1093 4385 1274 4456 αὐτῶν
1293 4384 1604 4456 ἐπιμέλεια.
1636 4383 1847 4455 Μικρὸν

263 4477 379 4546 γὰρ
414 4454 648 4546 πρόσθεν
677 4475 764 4529 διά
796 4475 1076 4544 φροντίδος
1111 4454 1311 4545 πολλῆς
1335 4454 1713 4546 πεποιήκεσαν
1747 4454 1847 4540 τὰς

263 4567 524 4632 ἐπάλξεις
552 4568 646 4620 τοῦ
670 4569 882 4637 τείχους
920 4569 1136 4631 παντὸς·
1172 4565 1472 4640 διαφράξαι
1507 4569 1738 4630 σανίσιν,
1769 4568 1846 4632 ὡς

263 4664 326 4714 ἐν
370 4662 560 4714 ἀσπίσι
585 4701 600 4726 ,
640 4663 768 4724 τοὺς
807 4663 907 4732 μὲν
956 4660 1062 4728 ἐξω
1096 4663 1396 4732 πολεμίους
1442 4661 1846 4732 ἀπειργούσαις

261 4753 363 4806 τοῦ
399 4753 580 4822 βέλεσι
605 4753 930 4824 τιτρώσκειν
955 4754 1080 4817 τοὺς
1109 4752 1254 4808 ἔνδον
1283 4755 1487 4824 δεῆσαν
1535 4753 1843 4829 προκῦψαι,

261 4848 381 4906 τοῖς
415 4845 456 4898 δ’
483 4847 572 4897 ἐπὶ
595 4845 703 4898 τῶν
729 4843 924 4916 τειχῶν
956 4845 1264 4915 ἱσταμένοις
1300 4843 1500 4915 πολλὴν
1535 4844 1633 4916 τὴν
1661 4845 1846 4899 ἄδειαν

263 4939 642 5010 παρεχούσαις
691 4938 917 5006 ἀφανῶς
959 4938 1128 5002 λίθοις
1177 4938 1387 4994 άνωθεν
1446 4937 1668 5008 βάλλειν
1719 4939 1847 4997 τοὺς

264 5031 523 5090 ἐπιόντας
571 5030 665 5081 καὶ
713 5030 788 5098 τῷ
827 5029 1187 5099 προστυχόντι
1236 5029 1402 5082 παντὶ
1462 5028 1844 5098 προσπελάσαι

262 5124 380 5183 τοῖς
423 5121 629 5190 τείχεσι
665 5121 1052 5191 βουληθέντας.
1092 5120 1328 5173 Ἔπειτα
1362 5119 1421 5173 δέ
1460 5121 1572 5172 δεῖν
1604 5119 1846 5190 ἀριθμῆ-

263 5229 361 5264 σαι
383 5213 507 5272 τοὺς
555 5211 758 5281 ἄνδρας
798 5211 1062 5283 ᾠήθησαν
1113 5212 1207 5266 καί
1239 5213 1586 5280 καταμαθεῖν
1614 5214 1662 5265 εί
1705 5212 1846 5281 πρδς

260 5305 366 5363 τὰς
399 5303 491 5354 τοῦ
517 5304 638 5357 ὅλου
665 5305 879 5374 τείχους
903 5305 1162 5372 ἐπάλξεις
1193 5307 1290 5358 καὶ
1317 5306 1412 5358 τὸν
1435 5306 1726 5377 περίϐολον
1752 5303 1844 5358 τδν

262 5394 404 5462 πρὸς
428 5395 657 5467 ἤπειρον
684 5398 1001 5470 ἐξαρκοῦσι.
1044 5400 1154 5453 Καὶ
1185 5399 1250 5470 δὴ
1282 5402 1477 5470 στῆναι
1507 5401 1716 5464 πάντας
1753 5401 1845 5454 ἐπὶ

259 5487 378 5537 τῶν
425 5490 622 5559 τειχῶν
663 5491 782 5560 μεθ’
830 5487 906 5544 ὧν
957 5486 1106 5564 εἶχεν
1158 5493 1392 5554 ἕκαστος
1451 5491 1844 5562 ἐπιτρέπουσιν

259 5578 468 5640 ὃπλων,
493 5579 568 5643 ὡς
587 5579 654 5634 ἂν
673 5583 765 5636 καί⁵
791 5585 1074 5655 μάρτυρας
1094 5584 1220 5646 τοὺς
1247 5584 1410 5646 ἰδίους
1428 5582 1625 5652 ἔχωσιν
1645 5583 1844 5651 ὀφθαλ-

265 5668 430 5738 μούς.
464 5663 540 5725 OB
572 5671 636 5743 δὴ
668 5676 956 5745 γεγονότος
1003 5673 1072 5749 ἦν
1105 5678 1233 5730 ίδεῖν
1289 5675 1385 5728 ἐπὶ
1411 5675 1507 5728 δύο
1553 5675 1650 5728 καὶ
1693 5678 1841 5744 τρεῖς

261 5761 521 5827 ἐπάλξεις
575 5763 675 5818 ἕνα
731 5767 900 5838 ἄνδρα
953 5768 1267 5838 ἱστάμενον,
1318 5767 1413 5820 καὶ
1466 5763 1674 5819 τούτων
1715 5767 1843 5829 τοὺς

263 5854 489 5918 πλείους
546 5857 677 5927 μήθ’
707 5859 847 5913 ὅπλα
881 5863 1250 5935 κεκτημένους
1307 5860 1695 5932 (προανάλωσε
1738 5861 1847 5934 γὰρ

1951 3302 2128 3356 mibus
2158 3301 2264 3356 alio
2285 3309 2440 3356 extra
2473 3317 2603 3356 suos
2641 3302 2797 3365 fines,
2823 3314 2882 3355 ut
2910 3299 3018 3355 illis
3041 3300 3350 3365 allubescit,
3371 3300 3529 3355 diva-

1949 3392 2089 3463 gari,
2121 3393 2363 3463 cognitio
2418 3393 2949 3466 veneritiexiguum
2993 3394 3130 3449 abiit
3193 3403 3416 3465 tempus
3439 3434 3453 3457 ,
3482 3402 3536 3446 et

1950 3497 2141 3536 rursus
2168 3482 2304 3537 alius
2329 3483 2549 3537 nuntius
2575 3485 2763 3537 eadem
2795 3499 2916 3553 quae
2979 3485 3189 3553 primus
3220 3484 3531 3548 denuntiat,

1947 3583 2001 3629 et
2025 3572 2384 3642 jurejurando
2405 3575 2562 3630 lidem
2582 3575 2767 3645 alligat
2791 3567 2945 3630 suam
2976 3591 2994 3639 ;
3026 3591 3134 3644 quo
3156 3590 3254 3630 nos
3274 3577 3524 3644 persuasi

1949 3676 2160 3727 sumus,
2181 3663 2315 3717 nihil
2335 3663 2480 3718 aliud
2500 3673 2884 3734 exspectantes
2911 3681 2925 3719 :
2955 3665 3057 3719 hoc
3073 3665 3217 3720 enim
3241 3665 3411 3719 nostri
3436 3680 3534 3733 per

1948 3742 2148 3808 multos
2178 3769 2351 3809 annos
2383 3755 2434 3809 in
2476 3765 2762 3827 angustum
2819 3757 3124 3812 contractio
3158 3772 3352 3826 resque
3399 3757 3534 3826 ipsa;

1947 3845 2272 3901 clamabant.
2305 3845 2601 3901 Credidere
2624 3856 2680 3901 et
2705 3846 2884 3902 Latini
2915 3866 2928 3916 ;
2966 3849 3253 3920 visumque
3285 3859 3368 3904 est
3391 3848 3524 3916 illis,

1947 3934 2180 3991 sollicite
2208 3935 2517 3992 necessaria
2573 3949 2902 4006 przeparare.

2019 4203 2074 4258 5.
2108 4204 2170 4258 Et
2206 4203 2444 4274 primum
2477 4203 2722 4274 quidem,
2763 4206 2906 4275 quod
2934 4215 3091 4262 antea
3139 4206 3532 4262 inchoaveram

1947 4311 2105 4365 opus,
2134 4297 2661 4367 propugnaculorum
2713 4299 2976 4354 duntaxat
3023 4315 3209 4355 curam
3267 4300 3533 4369 perlicere

1949 4389 2278 4444 concitatius
2306 4389 2639 4464 animantur.
2667 4389 2837 4446 Paulo
2859 4393 3004 4447 enim
3032 4402 3158 4448 ante
3172 4407 3389 4448 summo
3408 4409 3527 4445 cum

1949 4483 2134 4538 labore
2168 4498 2231 4537 ac
2268 4482 2439 4537 nimio
2462 4497 2626 4552 opere
2643 4494 2975 4539 accurarunt
3002 4493 3060 4538 ut
3091 4501 3373 4541 murorum
3404 4501 3531 4554 pra-

1953 4573 2276 4643 pngnacula,
2305 4572 2552 4626 adinstar
2583 4581 2888 4634 scutorum,
2939 4573 3138 4628 tabulis
3182 4573 3527 4637 obserarent,

1948 4677 2068 4733 qua:
2101 4663 2338 4717 advenas
2357 4663 2542 4718 hostes
2565 4661 2892 4731 impedirent
2920 4676 2984 4715 ne
3013 4664 3226 4732 sagittis
3283 4665 3450 4730 cives,
3483 4665 3530 4718 si

1949 4755 2168 4823 quando
2197 4771 2334 4825 opus
2365 4762 2512 4809 esset
2531 4754 2710 4822 capite
2735 4769 3039 4824 emergere,
3065 4755 3441 4818 vulnerarent,
3463 4757 3531 4810 iis

1947 4857 2126 4902 autem
2157 4850 2250 4916 qui
2277 4847 2449 4902 muris
2475 4848 2792 4903 insisterent
2813 4845 3122 4901 facultatem
3145 4845 3365 4900 uberem
3385 4845 3532 4901 face-

1951 4949 2071 4993 rent
2099 4938 2238 4993 clam
2265 4954 2297 4994 e
2330 4939 2597 5008 superiori
2627 4949 2777 5008 parte
2807 4937 2952 4994 saxis
2977 4937 3329 4993 advenientes
3353 4940 3535 5009 impe-

1952 5039 2088 5095 tere,
2129 5030 2483 5100 admetosque
2508 5033 2574 5084 ad
2595 5046 2782 5086 muros
2800 5029 2962 5085 obvio
2991 5045 3205 5100 quoque
3241 5031 3524 5101 repellere.

1947 5121 2153 5176 Deinde
2177 5123 2543 5176 numerandos
2559 5135 2681 5176 esse
2701 5123 2845 5174 viros
2871 5119 3195 5186 decernunt,
3222 5131 3282 5175 ut
3311 5121 3528 5177 discant

1948 5231 2024 5270 an.
2045 5215 2109 5267 ad
2126 5214 2306 5270 omnia
2327 5229 2606 5268 murorum
2627 5212 3031 5283 propugnacula
3060 5222 3115 5267 et
3141 5214 3432 5270 circuitum
3455 5217 3522 5271 ad

1953 5309 2344 5363 mediterranea
2379 5315 2688 5375 vergentem
2721 5306 2987 5360 sufficiant
3014 5321 3028 5372 ;
3063 5316 3116 5359 et
3148 5306 3229 5361 sic
3260 5309 3523 5362 omnesin

1951 5402 2145 5464 muris,
2175 5398 2288 5456 suis
2315 5411 2584 5469 quemque
2620 5397 2790 5452 armis
2821 5397 3178 5464 instructum,
3211 5409 3360 5454 stare
3416 5398 3534 5473 ἱππ-ι

1950 5501 2166 5560 perant,
2199 5500 2254 5544 ut
2282 5487 2424 5544 adid
2457 5488 2686 5542 testibus
2716 5490 2952 5558 pr0priis
2990 5490 3162 5545 oculis
3217 5500 3528 5546 uterentur.

1948 5581 2070 5647 Quo
2101 5581 2246 5636 facto
2265 5579 2704 5648 conspiciebatur
2727 5579 2777 5633 in
2797 5579 3008 5637 duolms
3039 5593 3095 5638 et
3118 5584 3292 5639 tribus
3323 5596 3529 5652 propu-

1949 5671 2196 5742 gnaculis
2219 5686 2360 5726 unus
2384 5678 2592 5725 tantum
2615 5686 2630 5737 ;
2673 5683 2976 5741 eorumque
3002 5675 3179 5744 patior
3207 5690 3333 5744 pars
3347 5687 3526 5741 neque

1949 5781 2097 5819 arma
2131 5767 2486 5835 gerere,‘quaa
2503 5770 2792 5833 paupertas
2805 5765 3203 5836 absumpserat,
3228 5781 3401 5834 neque
3419 5769 3522 5833 pu-

1947 5874 2063 5929 gum
2089 5869 2182 5913 aut
2211 5858 2488 5915 conﬂictui
2519 5867 2639 5928 apta
2670 5876 2684 5926 ;
2719 5858 2932 5914 assidua
2954 5877 3188 5932 namque
3208 5860 3344 5916 mala
3367 5860 3524 5916 etvi-
