4000 6424
311 404 414 470 597
474 386 483 391 ⁷
1330 407 1431 470 DE
1467 409 1803 481 EXEIDIO
1824 413 2563 478 THESSALONICENSI.
3456 421 3566 484 593

310 536 474 592 μητοι
500 516 765 585 γίνονται,
797 517 1019 591 μηδὲνῆ
1053 517 1211 588 ὀλίγα
1247 520 1388 590 πρὸς
1414 520 1471 573 ἓν
1508 539 1540 591 ι’
1576 540 1673 593 ’ρος
1703 524 1877 595 δηλώθ

1993 540 2119 595 opus
2137 534 2282 581 esset
2301 527 2497 595 saepius
2514 535 2565 579 et
2587 525 2782 580 multas
2804 539 3081 583 murorum
3117 535 3301 598 partes
3324 529 3533 584 circum
3550 551 3573 566 -

312 628 527 676 σαντες,
559 604 603 679 ᾧ
629 629 707 666 π.
748 649 765 667 .
807 650 824 666 .
866 649 882 667 .
927 651 943 666 .
987 648 1004 665 .
1045 649 1064 668 .
1104 649 1121 666 .
1166 650 1181 666 .
1224 650 1241 667 .
1285 650 1300 665 .
1347 651 1363 667 .
1390 613 1736 684 δεδύνηνται.
1765 616 1882 685 Ἐφ’

1990 618 2086 682 ire,
2118 629 2172 673 et
2206 632 2326 688 quae
2361 618 2818 688 promittebantur
2866 633 2897 673 a
2952 618 3165 675 Murate
3220 622 3400 691 palam
3451 623 3570 678 edi-

311 697 357 771 ᾧ
386 705 476 756 καὶ
517 705 817 772 μεμπταῖω
854 743 869 759 .
916 745 932 760 .
975 738 992 757 .
1034 744 1053 760 .
1094 743 1112 759 .
1156 744 1173 761 .
1215 705 1403 771 ἔδοξάν
1434 724 1582 762 τισιν
1617 707 1887 779 ὑποστρέ-

1987 724 2135 773 cere,
2170 710 2619 780 sermonibusque
2648 710 2728 765 uti
2759 711 3178 768 consultationis
3214 714 3281 767 ad
3312 728 3407 769 cos
3450 712 3564 768 dis-

311 796 517 865 ψαντες
535 811 547 825 ·
579 794 696 849 δέον
724 797 834 866 γὰρ
856 796 1118 860 πολλάκις
1146 799 1240 851 καὶ
1276 800 1417 852 κατὰ
1440 801 1612 853 πολλὰ
1634 801 1745 854 τῶν
1775 817 1889 854 τει-

1988 802 2294 871 ponendum
2327 811 2388 856 ut
2412 801 2734 857 alacriterin
2762 816 2927 857 unum
2945 806 3335 859 convenientes
3381 802 3567 873 publi-

316 886 428 956 χῶν
480 886 621 958 μέρη
651 889 949 958 περιιέναι,
978 889 1075 942 καὶ
1123 890 1194 943 τά
1237 890 1598 961 ὑπεσχημένα
1630 893 1709 963 τῷ
1738 893 1888 948 Μου-

1991 908 2108 949 cam
2137 894 2425 948 utilitatem
2444 893 2845 965 dignoscerent,
2872 894 2975 963 ipsi
3006 911 3119 950 non
3146 896 3284 951 bene
3322 911 3449 965 erga
3471 910 3571 950 nos

316 980 454 1049 ράτῃ
481 979 693 1049 φανερά
718 980 1086 1048 καταστῆσαι,
1126 980 1310 1049 λόγοις
1333 999 1393 1035 τε
1416 983 1728 1053 χρήσασθαι
1747 1002 1887 1055 συμ-

1992 984 2171 1041 aﬂ‘ecti
2206 967 2460 1040 mandata
2498 986 2878 1056 neglexerunt.
2915 984 3118 1042 Verum
3150 986 3228 1052 bi,
3253 1001 3361 1055 quo
3390 985 3565 1041 αδίιί-

312 1071 555 1134 6ουλίας,
589 1071 666 1134 ὡς
686 1070 752 1124 ἂν
781 1071 1103 1143 προθύμους
1129 1076 1606 1144 παρασκευάσωσι
1658 1076 1797 1148 πρὸς
1824 1076 1885 1130 τὸ

1993 1093 2114 1132 mus
2149 1080 2330 1143 modo,
2363 1077 2479 1134 sive
2504 1087 2696 1148 sponte
2724 1092 2821 1135 sua
2852 1079 2966 1135 sive
2996 1080 3049 1134 vi
3082 1080 3283 1144 coacti,
3343 1090 3458 1132 rem
3492 1078 3565 1130 ita

314 1165 470 1231 κοινῇ
500 1163 855 1228 συνελθόντας
888 1165 1191 1235 σκέψασθαι
1221 1166 1282 1220 τὸ
1310 1169 1581 1235 συνοῖσον,
1607 1168 1671 1222 ού
1700 1167 1883 1230 καλῶς

766 1181 855 1228 τας
888 1165 1191 1235 σκέψασθαι
1221 1166 1282 1220 τὸ
1310 1169 1581 1235 συνοῖσον,
1607 1168 1671 1222 ού
1700 1167 1883 1230 καλῶς
1993 1180 2346 1239 peregerunt.

314 1256 453 1318 πρὸς
492 1256 639 1324 ἡμᾶς
665 1255 1023 1324 διετέθησαν,
1053 1254 1230 1322 εἷπον,
1263 1260 1605 1331 ἠμεληκότες
1657 1258 1758 1313 τοῦ
1827 1258 2225 1329 επιτάγματος.
2275 1260 2422 1331 Πλὴν
2512 1262 2628 1318 ἀλλ’
2676 1259 2823 1316 οὕτω
2870 1262 2972 1333 μὲν
3040 1254 3187 1315 οὗτοι
3265 1259 3573 1331 πράξαντες

312 1339 599 1410 ὤφθησαν,
629 1343 728 1396 εἴτ’
763 1343 1036 1399 ὲθελονταὶ
1060 1347 1171 1400 είτε
1202 1352 1299 1403 καὶ
1333 1349 1578 1413 ἄκοντες.

386 1436 454 1499 ζ’.
500 1436 560 1487 '0
586 1436 644 1490 δὲ
677 1438 973 1510 Μουράτης
1002 1441 1293 1511 ἀνηνύτοις
1327 1443 1795 1514 ίδὼν.ὲπιχειρεῖν
1824 1444 1882 1497 ἒν

2059 1433 2368 1492 7.Μιιι·ειοε
2399 1449 2524 1490 cum
2548 1433 2776 1492 vidisset
2802 1450 2863 1492 se
2896 1438 2998 1493 bac
3027 1438 3236 1494 ratione
3275 1450 3573 1510 operantet

313 1528 488 1595 τούτῳ
513 1526 591 1595 τῷ
619 1527 777 1597 μέρει
804 1528 887 1598 (ού
911 1529 1020 1599 γὰρ
1050 1526 1132 1593 οἷς
1158 1530 1356 1595 ἔξωθεν
1386 1532 1550 1602 μόνον
1580 1532 1885 1603 ικήρυττον

1994 1529 2173 1586 oleum
2195 1528 2455 1600 perdere(
2480 1544 2656 1596 neque
2669 1528 2815 1584 enim
2835 1529 2905 1585 iis
2926 1544 3046 1600 qua
3062 1530 3265 1587 deforis
3289 1532 3378 1587 ille
3398 1547 3574 1588 enun-

314 1620 597 1672 ἐπείθοντό
639 1637 810 1686 τινες,
860 1621 1002 1675 ἀλλά
1046 1622 1144 1676 καὶ
1175 1623 1397 1678 πλύνειν
1429 1624 1620 1677 τοῦτον
1660 1623 1887 1694 ῦὸρεσιν

1991 1620 2161 1676 tiabat
2186 1620 2405 1676 suaderi
2444 1619 2715 1682 nonnulli.
2773 1620 3019 1687 quinimo
3065 1634 3190 1674 eum
3238 1618 3453 1690 injuriis
3514 1632 3571 1676 et

316 1712 410 1766 ὕει’
440 1712 771 1783 ἀσελτηρίας
814 1714 909 1767 καὶ
950 1714 1150 1783 ἀλόγου
1182 1715 1522 1788 θρασύτητος
1557 1717 1661 1771 οὐκ
1688 1714 1885 1770 ἀπώκ-

1990 1710 2297 1783 opprobriis
2312 1710 2595 1765 dementer
2609 1710 2993 1781 jactanterqne
3011 1711 3276 1768 continuo
3286 1714 3565 1781 onerare),

316 1802 489 1871 νουν),
520 1804 615 1857 τοῦ
645 1805 820 1875 θυμοῦ
852 1822 911 1858 τε
941 1807 1170 1875 γέγονεν
1195 1806 1338 1873 δλος,
1376 1808 1475 1862 καὶ
1517 1806 1610 1860 τὸν
1656 1806 1889 1877 στρατὸν

1993 1800 2329 1869 intemperiis
2360 1800 2703 1870 insaniisque
2731 1800 2970 1872 agitatus
2996 1801 3117 1857 loco
3157 1802 3362 1857 moveri
3408 1816 3570 1857 exer-

316 1894 623 1962 προσέταξε
661 1896 999 1965 μεταστῆναι
1030 1899 1124 1950 καὶ
1167 1898 1300 1967 περὶ
1339 1897 1441 1966 τὴν
1472 1896 1630 1951 πόλιν
1663 1913 1892 1967 στρατο-

1990 1892 2160 1949 citum
2184 1890 2423 1946 mandat.
2452 1889 2532 1945 Illi
2557 1890 2819 1947 secedunt
2837 1906 2994 1962 teque
3022 1906 3085 1947 ac
3106 1906 3268 1961 apum
3292 1892 3570 1955 examina,

317 1985 706 2040 πεδεύσασθαι.
740 1988 804 2040 Oi
833 1987 891 2040 δὲ
934 1986 1342 2059 προσεχώρουν,
1373 1986 1584 2043 6.2:...”
1618 1986 1891 2057 μελισσῶν

1991 1984 2166 2040 nostri
2192 1982 2474 2055 sanguinis
2505 1983 2665 2038 avide
2699 1983 2952 2039 sitientes
2996 1997 3300 2054 omnesque
3341 1984 3566 2053 penitus

320 2077 525 2146 σ-μήνη,
571 2077 666 2130 τοῦ
716 2064 990 2149 ἡμετέρου
1038 2078 1171 2133 λίαν
1212 2076 1476 2147 διψῶντες
1518 2077 1752 2147 αἵματος
1794 2076 1892 2131 καὶ

1991 2090 2099 2132 uno
2124 2076 2323 2131 haustu
2350 2075 2617 2147 deglutire
2637 2075 3035 2135 desiderantes.
3061 2073 3165 2130 Ubi
3195 2074 3313 2130 urbi
3338 2076 3571 2145 proximi

321 2168 533 2231 πάντας
587 2168 759 2239 άρδην
812 2172 1107 2223 καταπιεῖν
1156 2169 1489 2239 γλιχόμενοι.
1526 2167 1607 2239 Τῇ
1647 2167 1801 2223 πόλει
1833 2167 1893 2221 δὲ

1994 2166 2122 2225 facti
2142 2175 2290 2234 sunt,
2320 2166 2573 2223 tentoriis
2602 2181 2702 2237 pro
2727 2181 2878 2223 more
2904 2167 3028 2224 ﬁxis
3052 2167 3229 2222 instar
3264 2181 3574 2237 prapugna-

319 2261 812 2331 προσεγγίσαντες,
847 2261 943 2315 καὶ
973 2261 1072 2324 τὰς
1103 2262 1312 2332 σκηνὰς
1343 2260 1534 2330 ῶσπερ
1563 2260 1682 2324 ἔθος
1710 2259 1892 2332 πηξά-

1995 2259 2099 2315 culi
2124 2274 2245 2313 eam
2266 2259 2339 2314 ita
2367 2258 2783 2315 circumvallant
2808 2266 2867 2314 ut
2908 2257 3075 2314 nullis
3091 2257 3409 2314 hominibus
3425 2268 3575 2315 esset

322 2368 501 2421 μενοι,
539 2352 696 2421 δίκην
730 2354 997 2424 φρουρίου
1053 2354 1239 2407 πᾶσαν
1287 2353 1621 2423 περιέλαϐον
1663 2352 1892 2423 ταύτην,

1995 2364 2201 2407 vacuus
2228 2350 2404 2407 locus.
2431 2350 2569 2406 Tum
2584 2350 2749 2407 duces
2770 2349 3017 2422 singulos
3046 2350 3100 2405 in
3124 2350 3443 2421 praescripta
3479 2363 3575 2404 ur-

321 2439 395 2502 tb;
438 2439 697 2510 μηδαμοῦ
730 2440 915 2510 σχεδὸν
954 2440 1110 2494 κενὸν
1148 2438 1453 2511 ἀνθρώπων
1479 2438 1771 2509 φαίνεσθαι
1802 2438 1897 2492 τό·

1992 2443 2079 2501 bis
2098 2452 2254 2514 parte
2281 2442 2583 2508 destinans,
2615 2442 2845 2512 ipsesua
2894 2440 3131 2497 tentoria
3174 2441 3292 2498 arci
3342 2440 3572 2497 adversa

321 2547 443 2586 πον.
479 2528 612 2586 Εἶτα
662 2532 790 2595 τοὺς
842 2532 1184 2602 στρατηγοὺς
1227 2533 1461 2586 ἕκαστον
1498 2533 1557 2586 ὲν
1598 2530 1896 2602 ὡρισμένῳ

1997 2536 2169 2607 ponit,
2205 2542 2263 2590 ut
2289 2547 2480 2590 omnes
2501 2542 2759 2606 tanquam
2794 2533 2963 2590 eloco
2991 2533 3336 2601 sublimiore,
3363 2535 3577 2588 etinte-

320 2624 420 2692 τῆς
444 2625 650 2687 πόλεως
680 2624 840 2695 μέρει
868 2624 1008 2694 πρὸς
1035 2625 1098 2677 τδ
1122 2624 1387 2694 πολεμεῖν
1406 2622 1709 2690 ἀποτάξας,
1734 2622 1898 2685 αὐτὸς

1997 2627 2175 2683 riores
2204 2635 2389 2697 partes
2414 2625 3073 2697 urbis,circumspiceret.
3099 2624 3208 2681 Nos
3228 2624 3344 2682 haec
3363 2623 3576 2689 intuiti,

320 2717 423 2779 τὰς
453 2717 589 2778 ἰδίας
614 2718 819 2785 σκηνὰς
842 2716 1073 2785 ἀντικρὺ
1102 2715 1202 2785 τῆς
1228 2716 1575 2784 ἀκροπόλεως
1598 2715 1894 2784 πήγνυσιν,

1998 2734 2100 2791 pro
2119 2717 2299 2775 salute
2337 2727 2521 2774 nostra
2551 2718 2778 2773 tutanda
2806 2716 3109 2774 alacriores
3165 2716 3303 2773 facti
3352 2718 3578 2789 (neque

320 2807 396 2870 ὡς
433 2808 498 2862 ἂν
544 2808 752 2868 πάντας
796 2808 862 2860 ὲκ
913 2804 1189 2875 μετεώρου
1238 2805 1422 2869 καλῶς
1468 2805 1606 2876 όρᾷν
1656 2804 1772 2875 ῑχοι
1804 2804 1900 2859 καὶ

2000 2810 2144 2868 enim
2166 2809 2281 2867 fieri
2304 2819 2518 2879 poterat
2539 2810 2697 2866 aliter
2719 2810 2771 2881 ),
2794 2809 2965 2866 armis
2984 2818 3260 2880 utcunque
3279 2820 3580 2880 suppeten-

323 2902 508 2953 πᾶσαν
533 2900 631 2970 τὴν
658 2900 815 2953 πόλιν
857 2900 1039 2962 ἑντός.·
1082 2896 1277 2966 Ἡμεῖς
1313 2898 1370 2952 δὲ
1395 2897 1551 2952 ταῦθ’
1589 2896 1900 2968 ἑωρακότες

2002 2904 2150 2961 tibus
2178 2903 2248 2960 ad
2271 2918 2494 2959 murum
2526 2917 2843 2970 accurrere,
2876 2902 3019 2960 alius
3080 2902 3249 2959 alium
3296 2902 3582 2959 celeritate

322 2997 419 3050 atat
444 2997 544 3065 τῆς
565 2996 597 3063 ἡ
607 2992 722 3064 μῶν
749 2994 1023 3063 σωτηρίας
1047 2991 1567 3062 ύπεραγωνίσασθαι
1589 2989 1902 3062 προθυμού-

2000 2993 2378 3064 praem-edi,
2411 2992 2679 3050 adversus
2698 3002 2957 3050 externas
2970 2993 3159 3065 copias
3177 3009 3339 3065 quem
3363 2994 3580 3051 tandem

325 3102 479 3156 praet
511 3086 627 3155 (καὶ
653 3085 763 3155 γάρ
786 3084 907 3137 οὐδε
929 3078 998 3154 ἦν
1023 3083 1197 3146 ἄλλως
1221 3081 1393 3153 είκὸς)
1428 3080 1551 3150 μεθ’
1573 3072 1651 3135 ὧν
1679 3082 1902 3151 είχομεν

2005 3082 2167 3138 tinem
2182 3082 2435 3140 habitura
2450 3092 2632 3141 essent
2647 3091 2812 3139 tanta:
2834 3084 3218 3140 sollicitudinis
3230 3082 3436 3151 studia,
3459 3085 3585 3140 ani-

320 3176 503 3230 ὃπλων
534 3176 628 3228 επὶ
661 3176 721 3227 τὸ
756 3175 935 3244 τεῖχος
979 3171 1207 3241 εθέομεν
1243 3170 1499 3239 ἕκαστος,
1531 3169 1691 3235 ἄλλος
1732 3168 1894 3225 ἀλλον

2029 3189 2126 3232 nos
2144 3174 2367 3231 addere.
2398 3174 2469 3232 Ut
2493 3175 2866 3246 ascendimus,
2900 3177 2993 3233 diu
3014 3185 3290 3248 noctuque
3313 3177 3389 3233 ibi
3422 3177 3609 3234 nobis,

323 3268 616 3339 παρελθεῖν
646 3267 725 3337 τῷ
765 3266 927 3335 τάχει
961 3263 1401 3333 φιλονεικοῦντες
1445 3264 1541 3317 καὶ
1567 3258 1681 3317 οἷον
1714 3262 1898 3333 ἀνδρι-

2003 3264 2404 3320 immorandum
2433 3279 2559 3321 esse
2585 3265 3018 3333 constituentes,
3050 3268 3146 3339 qui
3202 3266 3322 3321 urbi
3386 3265 3583 3321 moded

320 3359 653 3427 ζόμενοι.....
678 3357 787 3411 τῶν
814 3359 993 3424 ἐκτὸς,
1018 3354 1346 3423 ἀγνοοῦντες
1369 3355 1481 3425 ὅπη
1503 3354 1574 3410 τά
1602 3354 1705 3425 τῆς
1731 3371 1897 3409 σπουο

2005 3357 2288 3425 rabantur,
2313 3357 2535 3415 (ἔτερος
2559 3368 2725 3430 atque
2753 3359 2981 3417 Latinos
3012 3361 3085 3416 ita
3107 3360 3483 3416 distinxerunt
3524 3368 3583 3414 ut

316 3452 417 3518 δῆς
448 3451 666 3520 ικείνης
707 3451 971 3519 χωρήσει.
1025 3447 1112 3512 Ὠς
1142 3447 1186 3501 δ’
1235 3446 1514 3517 ἀνέὸημεν
1545 3445 1896 3517 διημερεύειν

2003 3454 2239 3510 medium
2268 3470 2433 3509 unum
2453 3470 2517 3511 ex
2548 3456 2617 3512 iis
2631 3456 2723 3525 qui
2744 3456 2954 3525 predss
2968 3463 3293 3512 convectant
3335 3454 3583 3524 interpo-

318 3544 500 3596 ἐκεῖσε
532 3545 624 3596 καὶ
655 3539 1096 3610 διανυκτερεύειν
1127 3539 1470 3609 συνθέμενοι,
1496 3540 1592 3595 καὶ
1620 3538 1898 3610 διέκριναν

2002 3554 2191 3600 nerent
2219 3561 2233 3610 ;
2260 3544 2303 3600 Τ
2306 3546 2545 3602 setarios
2576 3546 2767 3617 vulgus
2791 3557 2968 3614 vocat,
3008 3555 3068 3601 ut
3097 3555 3232 3603 sunt
3262 3545 3579 3617 praedonum

318 3636 472 3705 ἡμᾶς
498 3637 549 3688 oi
574 3633 903 3706 κρατοῦντες
944 3634 1044 3704 τῆς
1074 3633 1308 3697 πόλεως,
1334 3632 1599 3697 Λατίνους
1629 3632 1723 3685 καὶ
1764 3632 1898 3685 Ῥω-

2003 3650 2196 3706 agmen
2232 3652 2298 3693 ex
2326 3638 2496 3693 variis
2527 3638 2845 3709 regionibus
2865 3639 3127 3695 coalitum
3155 3656 3172 3706 ;
3202 3649 3257 3694 et
3289 3638 3376 3694 bis
3393 3645 3583 3694 custo-

321 3727 539 3796 μαίους,
574 3728 669 3781 καὶ
706 3728 834 3790 τοὺς
864 3726 963 3796 τὴν
992 3724 1251 3797 λῃστείαν
1295 3722 1733 3794 μετερχομένους
1769 3723 1900 3776 ἀνα-

2002 3731 2143 3785 diam
2168 3732 2605 3799 ldentandarnnt,
2638 3734 2979 3804 planeinobis
3005 3748 3113 3791 non
3143 3733 3370 3790 lldentes
3393 3749 3409 3801 ;
3431 3747 3582 3787 mor-

220 3864 225 3869 .
321 3821 420 3890 μῖξ
451 3822 750 3891 στήσαντες
782 3819 865 3891 (οὐ
892 3818 1003 3888 γὰρ
1046 3817 1326 3871 πιστεύειν
1359 3818 1492 3886 ἡμῖν
1534 3815 1790 3888 καθαρῶς

2003 3829 2112 3875 tein
2135 3822 2298 3876 etiam
2331 3824 2694 3893 proditionem
2724 3825 3071 3883 meditaturis
3103 3826 3297 3881 minati
3335 3832 3487 3881 sunt.

315 3921 460 3989 χον),
487 3921 580 3971 καὶ
605 3915 835 3970 θάνατον
862 3916 978 3979 τοῖς
1023 3917 1354 3985 φρονήσουσι
1387 3911 1686 3981 προδοσίαν
1728 3912 2065 3983 ἠπείλησαν,
2100 3918 2227 3981 τοὺς
2260 3918 2620 3988 Τζεταρίους,
2687 3919 2766 3983 ῶς
2824 3920 2859 3992 ἡ
2907 3920 3062 3989 κοινὴ
3132 3920 3286 3991 φωνὴ
3351 3920 3582 3979 τούτους

318 4016 507 4071 suam
540 4013 776 4085 (λῃστῶν
814 4011 858 4065 δ’
886 4006 1028 4083 ἦσαν
1076 4004 1225 4064 οὗτοι
1263 4007 1553 4079 σύνταγμα
1601 4008 1669 4062 εκ
1711 4008 1990 4081 διαφόρων
2014 4014 2200 4069 τόπων
2228 4016 2743 4087 συναθροισθέντες)
2804 4015 3056 4086 φύλακας
3111 4018 3195 4082 είς
3257 4017 3403 4071 τοῦτ’
3455 4018 3581 4072 ἑπι-

320 4112 420 4179 στή
430 4125 642 4169 σαντες.
1828 4114 1829 4117 “

391 4202 466 4270 η’.
505 4203 594 4264 Ὠς
626 4196 721 4254 οῦν
752 4201 849 4254 τοῦ
883 4199 1144 4269 πολεμεῖν
1181 4197 1532 4266 γεγενήμεθα
1571 4197 1776 4262 πάντες
1800 4200 1897 4251 καὶ

2074 4200 2132 4255 8.
2168 4198 2434 4257 Omnibus
2454 4212 2588 4268 ergo
2612 4198 2680 4254 ad
2704 4198 3055 4269 pugnandum
3086 4199 3347 4258 advenas
3366 4199 3581 4257 irrueno

318 4296 463 4349 κατὰ
490 4296 600 4348 τῶν
623 4292 887 4345 ἐπιόντων
916 4289 1287 4361 ἀνδρίζεσθαι,
1315 4289 1446 4344 ἀλλο
1467 4305 1520 4341 τι
1552 4289 1718 4343 πάλιν
1743 4290 1898 4361 παρά

2002 4297 2083 4345 tes
2113 4288 2298 4345 animo
2339 4287 2482 4344 virili
2524 4289 2895 4359 praesentique
2940 4292 3172 4360 paratis,
3204 4292 3352 4347 aliud
3380 4304 3582 4363 praeter

318 4388 419 4457 τὴν
456 4386 731 4457 ἡμετέραν
766 4385 939 4454 ἐφάνη
981 4384 1194 4454 πράξας
1223 4384 1487 4437 ὑπόνοιαν
1519 4383 1548 4435 ὁ
1574 4382 1896 4454 Μουράτης.

2001 4391 2247 4436 nostram
2287 4380 2759 4449 exspectationem
2794 4380 3038 4437 Murates
3094 4383 3435 4454 exsequitur.
3470 4382 3581 4441 Nos

320 4483 532 4541 Πάντες
579 4480 687 4550 γάρ
733 4481 896 4548 ἡμεῖς
948 4478 1308 4543 ὑπενοοῦμεν,
1352 4478 1608 4534 τοσοῦτον
1666 4476 1899 4547 στρατὸν

2004 4471 2145 4527 enim
2181 4485 2378 4526 omnes
2410 4467 2853 4539 suspicabamur,
2904 4482 3120 4527 tantam
3154 4473 3434 4544 copiarum
3469 4490 3584 4531 tuo-

254 4572 257 4573 ⁷
323 4573 500 4641 βαρὺν
532 4570 861 4639 θεασάμενοι
910 4571 1008 4623 καὶ
1038 4567 1309 4629 τοσαύτας
1354 4568 1452 4631 τὰς
1498 4566 1834 4632 ἑλεπόλεις,έ

2000 4560 2110 4615 lem
2149 4569 2205 4615 et
2249 4559 2657 4626 machinarum,
2720 4564 2857 4627 Quae
2900 4560 3199 4617 multitudo
3244 4562 3579 4618 camelorum

318 4666 384 4715 τὸ
407 4664 517 4715 τῶν
546 4662 808 4730 καμήλων
836 4659 1040 4729 πλῆθος
1073 4660 1170 4713 καὶ
1204 4658 1317 4712 τῶν
1358 4658 1593 4728 ἁμαξῶν
1637 4656 1898 4727 ὲπεκόμι-

1999 4662 2322 4709 ctcurruum
2343 4652 2589 4725 quotidie
2602 4651 2931 4715 advehebat.
2951 4653 3277 4723 conspicati,
3296 4656 3474 4725 primo
3494 4657 3579 4710 sui

319 4757 417 4817 ζον
448 4754 571 4808 καθ’
597 4755 858 4823 ἑκάστην,
892 4752 967 4815 ὡς
995 4753 1097 4805 οὐκ
1132 4751 1197 4805 ἂν
1244 4751 1473 4820 φθάσειε
1516 4750 1612 4804 καὶ
1651 4747 1899 4820 μανικῶς

2000 4746 2228 4816 appulsu
2261 4744 2511 4800 furenter
2540 4744 2741 4799 iratum
2795 4759 2987 4801 muros
3014 4746 3412 4815 appetiturnm,
3446 4762 3579 4805 eos-

319 4847 524 4901 αύτίκα
557 4846 701 4900 κατά
726 4847 821 4899 τοῦ
858 4844 1073 4914 τείχους
1104 4843 1366 4915 ὁρμήσει,
1401 4844 1589 4895 παίειν
1640 4842 1739 4912 μὲν
1771 4838 1899 4893 αὐτὸ

2001 4852 2107 4908 que
2155 4836 2390 4905 lapidum
2441 4834 2756 4891 manut'aclo
2811 4836 3015 4893 tonitru
3078 4837 3579 4906 diverberaturum,

321 4938 638 5006 προστάξας
670 4938 735 5005 τῇ
781 4936 1155 5006 χειροποιήτῳ
1203 4930 1303 4985 τοῦ
1333 4932 1484 4984 λίθου
1518 4932 1742 5001 βροντῇ,
1775 4930 1901 4992 τοὺς

2006 4945 2107 4984 nec
2150 4944 2260 4985 non
2310 4939 2366 4983 et
2410 4942 2575 4998 supra
2610 4943 2799 4984 muros
2836 4938 3051 4984 stantes
3084 4930 3295 5000 sagittis
3327 4931 3582 5000 impulsis

320 5030 370 5081 δ’
400 5028 608 5081 ἄνωθεν
639 5027 871 5080 κωλύειν
916 5026 1014 5093 τῆς
1047 5025 1142 5078 ἐπὶ
1172 5024 1281 5077 τῶν
1310 5023 1513 5092 τειχῶν
1546 5023 1790 5085 στάσεως
1817 5021 1900 5073 διά

2006 5022 2363 5087 dimoturum,
2410 5020 2812 5091 machinasque
2842 5034 3036 5079 omnes
3080 5022 3152 5077 ad
3187 5023 3381 5078 urbem
3430 5028 3585 5080 exci-

322 5120 433 5171 τῶν
463 5120 774 5185 ἀφιεμένων
810 5115 1007 5186 βελῶν,
1040 5116 1137 5169 καὶ
1170 5116 1334 5167 παντὶ
1375 5117 1733 5184 μηχανήματι
1768 5111 1902 5180 πρὸς

2008 5113 2243 5169 dendam
2276 5120 2691 5182 usurpaturum.
2721 5113 2922 5169 Verum
2959 5113 3051 5169 hic
3089 5116 3166 5170 nil
3213 5117 3322 5173 tale
3349 5126 3585 5176 conatus

321 5210 388 5262 τὸ
418 5209 697 5277 κρατῆσαι
733 5206 1043 5281 κεχρῆσθαι
1086 5206 1189 5271 τῆς
1227 5207 1454 5267 πόλεως.
1496 5207 1556 5258 '0
1590 5204 1646 5257 δὲ
1695 5202 1901 5257 τούτων

2007 5216 2110 5270 est,
2150 5205 2248 5261 sed
2283 5220 2475 5274 parum
2522 5214 2913 5276 percunctatus
2953 5224 3234 5278 praecones
3266 5226 3455 5270 rut-sus
3488 5213 3585 5269 de-

325 5302 428 5370 μὲν
455 5299 655 5364 ἔδειξεν
689 5300 863 5361 οὐδὲν,
894 5298 1089 5370 μικρὸν
1118 5298 1163 5351 δ’
1189 5298 1475 5368 ἡσυχάσας
1504 5296 1601 5349 καὶ
1622 5296 1723 5366 τὴν
1744 5295 1902 5349 πόλιν

2008 5298 2209 5362 cernit,
2245 5297 2338 5366 qui
2363 5296 2524 5354 nobis
2551 5296 2863 5353 libertatem
2895 5300 3309 5369 paciscerentur
3338 5302 3586 5375 aliosque

323 5393 518 5461 κύκλῳ
553 5390 1027 5461 περιϐλεψάμενος
1058 5390 1316 5461 κήρυκας
1354 5389 1449 5442 καὶ
1489 5384 1645 5451 αὖθις
1671 5387 1903 5456 ἐξέπεμ-

2006 5390 2245 5446 ltonores
2268 5387 2646 5460 jurejurando,
2678 5398 2737 5444 ut
2769 5391 2910 5459 apud
2935 5391 3086 5462 ipsos
3111 5393 3230 5449 ﬁeri
3265 5405 3436 5463 amat,
3470 5396 3580 5468 pol-

320 5482 445 5551 ψεν,
481 5481 966 5551 ἐλευθερίαν-ἡμῖν
995 5482 1429 5549 ὑπισχνούμενος
1460 5481 1556 5532 καὶ
1586 5479 1897 5549 φιλοτιμίας

2006 5481 2325 5545 licerentur,
2358 5481 2404 5536 si
2436 5482 2785 5537 sermonibus
2817 5482 2966 5539 illius
3003 5487 3153 5542 suasi
3190 5488 3382 5544 urbem
3418 5489 3582 5545 dede-

327 5576 545 5644 ὲτέρας,
575 5576 688 5638 τοῖς
716 5575 849 5644 παρ’
876 5573 1061 5636 αὐτοῖς
1109 5572 1270 5625 ταυτὶ
1302 5571 1662 5641 πιστούμενος
1691 5573 1898 5641 ὅρκοις,

2010 5588 2238 5627 remus:
2282 5572 2368 5628 bis
2420 5574 2697 5627 contraria
2730 5574 3023 5643 subdebat,
3064 5579 3343 5649 multaque
3379 5578 3564 5650 pejora

325 5668 379 5719 εί
408 5666 508 5738 τὴν
545 5668 701 5719 πόλιν
733 5665 1045 5736 προοίμεθα
1072 5667 1185 5729 τοῖς
1217 5662 1411 5718 τούτου
1441 5663 1623 5731 λόγοις
1652 5662 1904 5717 πεισθέν-

1691 5662 1904 5717 τεισθέν-
2011 5665 2055 5719 si
2091 5666 2227 5719 totis
2257 5665 2376 5741 suis
2404 5679 2514 5719 non
2543 5666 3063 5723 obsecundaretnus.
3252 5740 3271 5748 -

325 5775 445 5823 τες,
494 5760 592 5814 καὶ
638 5760 902 5814 τάναντία
959 5758 1125 5813 πάλιν
1179 5758 1365 5813 αὐτῶν
1418 5757 1752 5830 προσετίθει,
1809 5759 1907 5812 καὶ
1945 5757 2308 5828 χαλεπώτερα
2384 5758 2614 5825 τούτων,
2672 5759 2722 5812 εί
2765 5760 2841 5829 μὴ
2886 5762 3241 5827 καταπειθεῖς
3313 5764 3373 5819 ιν
3412 5763 3582 5826 τούτωνΔ

329 5870 543 5925 γεν.....
