4000 6422
456 367 556 432 389
577 404 588 411 ι

455 593 535 640 ,ηε
585 579 890 636 alteriusve
937 584 1372 644 insimulatores.
1421 590 1657 650 Ubinam
1707 601 1877 656 eratis
1906 617 2028 668 vos,

455 683 576 722 cum
602 669 716 726 haec
747 669 987 731 Murates
1010 676 1274 735 oli'erebat
1294 681 1318 735 i
1340 681 1531 753 Nonne
1556 684 1609 741 in
1639 688 1798 754 urbe,
1831 699 1885 745 et
1931 707 2031 749 ve-

453 761 582 813 stris
617 776 679 814 ea
720 763 947 821 auribus
963 769 1312 835 usurpaslis?
1342 773 1456 838 Qua
1492 774 1659 844 igitur
1691 779 1904 835 ratione
1935 795 2028 836 co-

453 848 640 917 gitatis
673 857 756 906 usi
794 870 900 910 non
929 858 1064 912 estis
1089 859 1112 912 ?
1143 859 1346 926 Quare,
1375 861 1446 918 de
1475 865 1673 933 quibus
1705 867 1841 926 alios
1869 869 2028 927 incu-

452 942 590 996 satis
638 945 780 1013 quod
813 962 920 1002 non
970 949 1223 1020 fecer-int,
1257 967 1356 1008 vos
1401 956 1533 1024 ipsi,
1565 961 1855 1015 occasione
1895 977 2027 1032 pre-

451 1046 636 1094 mente
681 1049 738 1094 et
785 1041 936 1096 nullo
981 1043 1334 1112 impediente,
1374 1063 1484 1104 non
1533 1050 1885 1120 perfecistis?
1914 1065 2026 1112 tum

453 1131 599 1184 enim
643 1132 822 1188 nullus
855 1147 1045 1203 pastor
1082 1146 1198 1193 erat
1231 1139 1494 1211 (namque
1522 1152 1652 1200 ante
1680 1159 1775 1202 sex
1807 1163 2028 1206 menses

451 1221 598 1277 inter
633 1224 785 1282 vivos
807 1242 930 1284 esse
950 1228 1240 1303 desierat),
1268 1249 1368 1290 nec
1395 1236 1530 1291 dirae
1557 1252 1733 1308 neque
1759 1240 1886 1310 alia,
1907 1256 2028 1311 qua:

451 1332 548 1369 vus
570 1321 867 1385 recensetis
898 1331 952 1376 et
982 1337 1079 1389 per
1097 1324 1295 1394 digitos
1321 1339 1512 1384 exacte
1531 1333 1855 1388 numeratis.
1887 1335 2028 1400 Quid

451 1412 620 1481 igitur
642 1414 797 1469 vobis
822 1406 1211 1484 impedimento
1240 1420 1361 1485 fuit,
1387 1431 1480 1476 aut
1511 1423 1666 1493 cujus
1695 1441 1832 1495 opus
1859 1419 2028 1483 even-

452 1506 580 1560 ιιιδῖ
608 1505 842 1576 Nullius,
872 1511 1102 1580 quilibet
1145 1515 1500 1583 respondebit
1528 1517 1616 1585 pie
1650 1533 1762 1573 rem
1800 1535 2028 1591 compn-

451 1610 599 1663 taus,
631 1616 796 1669 quam
837 1612 1044 1658 nostrae
1082 1604 1478 1673 improbitatis,
1505 1623 1626 1677 quae
1650 1610 1718 1663 ab
1746 1611 2027 1669 iracundia

453 1691 692 1746 liberum
726 1692 894 1748 Deum
927 1696 984 1748 in
1035 1696 1370 1751 iracundiam
1409 1700 1601 1766 movit,
1648 1711 1704 1756 et
1745 1705 1813 1757 ad
1855 1705 2032 1759 nostri

452 1785 821 1851 punitionem,
867 1788 960 1856 qui
994 1788 1305 1846 incorrecte
1337 1792 1592 1859 labimur,
1634 1797 1919 1863 excitavit,
1968 1806 2056 1852 nt‘

331 1899 346 1911 -
451 1878 520 1928 ad
555 1881 924 1949 nosmetipsos
960 1882 1251 1939 redeuntes
1305 1887 1359 1940 in
1406 1898 1688 1957 posterum
1728 1891 2027 1960 sapiamus.

452 1968 615 2032 Quod
647 1970 692 2022 si
726 1971 851 2038 quis
878 1982 1132 2029 anteacta
1185 1983 1429 2045 tempora
1466 1979 1904 2037 commemorans
1933 1983 2037 2038 ite-

450 2078 572 2116 rum
613 2064 771 2119 nobis
819 2077 1078 2136 opponat,
1117 2078 1174 2130 et
1220 2073 1430 2139 pastori
1479 2088 1700 2130 causam
1749 2077 2028 2147 appingat,

450 2158 544 2224 qni
593 2157 792 2212 dedere
846 2173 908 2213 se
957 2161 1292 2229 volentibus,
1347 2167 1622 2220 sententia
1667 2167 1833 2222 etiam
1882 2169 2030 2234 dats,

453 2251 809 2320 contradixit,
853 2253 1178 2309 insanientis
1214 2257 1572 2325 cogitationes
1619 2260 1868 2329 suscipit.
1915 2261 2034 2315 Pri-

456 2357 607 2397 mum
654 2345 798 2399 enim
848 2359 954 2401 tum
988 2345 1218 2402 addecet
1254 2349 1571 2418 pontiﬁcem
1610 2366 1794 2407 rerum
1836 2353 2034 2408 milita-

456 2439 602 2490 rlutn
637 2451 790 2503 cura,
819 2446 874 2492 et
897 2439 1041 2493 hunc
1069 2439 1286 2508 quidem
1314 2448 1673 2510 tyrannorum
1709 2457 1861 2499 more
1883 2445 2035 2512 prin-

460 2529 644 2597 cipsuu
671 2528 895 2598 pellere,
929 2529 1078 2584 illum
1106 2540 1293 2586 contra
1327 2533 1380 2587 in
1401 2533 1804 2603 possessionem
1830 2535 2036 2590 immit-

461 2631 600 2686 tere,
619 2631 668 2676 et
696 2622 1057 2678 mutationum
1081 2637 1145 2678 ac
1170 2624 1400 2680 caedium
1425 2640 1530 2680 nee
1548 2641 1656 2700 non
1682 2627 2029 2693 damnorum,

455 2730 600 2783 quae,
643 2715 768 2768 dum
801 2729 982 2770 rerum
1021 2723 1198 2772 status
1228 2719 1578 2784 immutatur,
1612 2720 1890 2784 eveniunt,
1931 2734 2032 2774 au-

455 2820 668 2860 ctorem
703 2819 826 2860 esse
861 2822 876 2859 :
924 2821 1098 2877 neque
1126 2809 1269 2862 enim
1309 2810 1422 2877 ipse
1456 2810 1508 2862 in
1544 2812 1912 2881 tyrannicum,
1936 2810 2031 2865 sed

358 2966 362 2968 Π
457 2902 511 2952 in
543 2900 900 2965 sacerdotale,
931 2909 985 2954 et
1035 2902 1180 2955 mitis
1231 2901 1470 2967 Domini,
1505 2911 1559 2957 et
1588 2903 1678 2972 qui
1709 2917 1897 2972 pacem
1936 2903 2034 2959 de-

457 2991 799 3060 przcdicavit,
831 2992 992 3063 cujus
1012 2993 1260 3062 vestigiis
1289 2994 1541 3048 insistere
1572 2996 1751 3049 modis
1777 2996 2032 3052 omnibus

457 3096 512 3137 et
547 3086 694 3140 dicta
734 3086 985 3156 factaque
1012 3088 1164 3156 sequi
1201 3087 1384 3156 debet,
1415 3089 1608 3144 solium
1651 3099 2027 3158 promovetur.

1647 390 1976 456 JOANNIS
2015 401 2490 467 ANAGNOST/E

523 483 627 538 Sed
659 500 781 538 cum
813 486 915 542 buc
942 493 1308 562 pervenerim,
1340 499 1528 566 paucis
1559 506 1896 574 compellabo
1927 510 2026 566 bu—
2054 516 2100 572 Α

3564 426 3661 487 600

2215 516 2354 568 Ἀλλ’
2381 517 2614 573 ἐνταῦθα
2650 520 2848 590 μικρόν
2878 521 3149 592 ἑρῆσομαι
3185 523 3305 588 τοῦς
3331 533 3671 600 κατηγοροῦν-

2131 624 2230 668 τας
2273 608 2368 662 τοῦ
2409 609 2576 674 δεῖνος
2617 611 2714 665 καὶ
2751 611 2850 682 τῆς
2889 613 3081 678 δεῖνος.
3117 615 3226 668 Ποῦ
3267 617 3384 670 ποθ’
3417 620 3566 687 ὑμεῖς
3587 620 3674 693 ἦτε

2129 697 2211 751 ὅθ’
2255 701 2284 752 ό
2331 699 2632 772 Μουράτης
2679 701 2747 755 τὰ
2794 703 3020 758 τοιαῦτα
3055 706 3359 776 ὑπέσχετος
3406 711 3502 764 οὐκ
3531 713 3583 764 ὲν
3619 717 3674 785 τῇ

2129 790 2309 855 πόλει,
2331 793 2424 844 καὶ
2456 793 2722 863 αὐτήκοοι
2747 794 2858 847 τῶν
2885 799 3344 866 κηρυττομένων;
3376 800 3489 864 πῶς
3513 801 3547 854 ἃ
3575 803 3676 855 διε-

2130 879 2368 946 νοεῖσθε,
2387 881 2494 935 οὐκ
2522 882 2606 946 ei;
2629 883 2806 953 πέρας
2836 884 3112 953 ἠγάγετες
3143 884 3260 948 πῶς
3281 885 3372 939 οὖν
3399 887 3496 940 οὐκ
3525 889 3677 959 ἐχρή-

2133 973 2297 1025 σασθε
2327 971 2405 1035 τῷ
2438 971 2728 1044 λογισμῷ;
2763 973 2880 1036 πῶς
2905 973 2942 1028 ἃ
2975 973 3086 1028 τῶν
3114 974 3288 1030 ἄλλων
3342 981 3680 1044 κατηγορεῖτε

2133 1061 2209 1130 μὴ
2245 1063 2628 1133 πεπραχότων,
2664 1065 2824 1134 ὑμεῖς
2877 1065 2978 1118 οὐκ
3025 1064 3331 1135 ἐπράξατε,
3355 1065 3544 1136 καιροῦ
3589 1084 3679 1119 κα-

2127 1148 2356 1217 λοῦντος
2393 1153 2492 1206 καὶ
2528 1153 2640 1207 τῶν
2673 1155 3053 1223 ἀπειργόντων
3084 1156 3186 1208 οὐκ
3211 1155 3412 1220 liventia;
3441 1157 3555 1209 τότε
3583 1157 3682 1224 γὰρ

2130 1244 2337 1314 ποιμὴν
2370 1245 2468 1298 οὐκ
2505 1241 2572 1316 ἦν
2612 1246 2811 1316 (μῆνας
2863 1247 2973 1313 γὰρ
3024 1241 3173 1315 εἶχεν
3223 1247 3284 1311 ἓξ
3321 1249 3602 1315 γενόμενος
3632 1247 3686 1310 ἐξ

2129 1334 2459 1405 ἀνθρώπων)
2507 1338 2629 1390 οὐδὲ
2663 1337 2817 1406 ἀραὶ,
2864 1337 2976 1389 οὐδ’
3008 1338 3087 1390 ὂσ’
3135 1337 3280 1406 ἕτερ’
3313 1338 3685 1406 ἀπαριθμεῖτε.

2132 1427 2199 1479 ΤΞ
2223 1426 2408 1479 λοιπὸν
2439 1427 2500 1480 τὸ
2548 1427 2802 1481 κωλῦσαν
2831 1429 2973 1496 ὑμᾶς
3002 1423 3070 1499 ἦν
3096 1446 3113 1494 ;
3145 1429 3176 1500 ἦ
3212 1429 3359 1490 τίνος
3405 1429 3560 1496 ἔργον
3598 1429 3686 1481 ὅσα

2135 1517 2487 1586 συμϐέϐηκεν
2517 1535 2531 1584 ;
2567 1519 2815 1584 Οὐδενὸς,
2838 1521 2946 1582 πᾶς
2971 1537 3054 1583 τις
3093 1520 3160 1574 ἂν
3186 1521 3330 1573 εῐποι
3363 1520 3689 1587 λογιζόμενος

2131 1609 2397 1672 εὐσεϐῶς,
2424 1609 2455 1678 ἢ
2483 1611 2582 1678 τῆς
2609 1610 2771 1678 ἡμῶν
2802 1611 3081 1680 ἁμαρτίας
3115 1612 3352 1664 ἑκάστου
3377 1611 3466 1663 τὸν
3501 1610 3689 1678 ἀόργη-

2133 1716 2226 1752 τον
2264 1700 2345 1760 εἰς
2373 1699 2547 1769 ὀργὴν
2589 1701 2714 1754 καθ’
2742 1701 2902 1771 ἡμῶν
2937 1701 3262 1771 κινησάσης,
3295 1702 3538 1755 παιδείαν
3566 1702 3690 1770 ἡμῖν

2133 1791 2456 1860 ἐπενεγκεῖν
2495 1793 2780 1845 πταίουσιν
2827 1793 3156 1861 ἀδιόρθωτα,
3192 1795 3280 1847 ἵνα
3331 1794 3460 1863 γοῦν
3501 1792 3694 1845 ἑαυτῶν

2133 1883 2422 1952 γενόμενοι
2450 1884 2543 1936 καὶ
2571 1885 2664 1936 τοῦ
2698 1884 2889 1937 λοιποῦ
2923 1886 3393 1956 σωφρονήσωμεν.
3437 1885 3498 1938 Εἰ
3537 1885 3590 1937 δέ
3621 1898 3696 1943 τις

2132 1977 2244 2029 τῶν
2286 1980 2417 2044 πρὶν
2472 1975 2948 2045 ἀπομνημονεύων
2997 1979 3205 2045 χρόνων
3242 1977 3338 2029 καὶ
3389 1976 3546 2029 πάλιν
3575 1975 3696 2042 ἡμῖν

2133 2062 2413 2134 ἀντιλέγῃ,
2459 2063 2554 2116 καὶ
2599 2065 2676 2133 τῷ
2712 2065 2933 2132 ποιμένι
2985 2063 3082 2133 τὴν
3137 2065 3324 2118 αἰτίαν
3370 2065 3569 2134 ἐπάγῃ,
3595 2065 3700 2123 τοῖς

2135 2155 2490 2225 προδεδόσθαι
2513 2154 2763 2207 ἐθέλουσι
2791 2155 2866 2224 μὴ
2893 2155 2960 2208 τᾶ
2989 2157 3078 2210 ῐσα
3104 2158 3441 2225 φρονήσαντι
3470 2155 3566 2208 καὶ
3585 2154 3696 2222 βου⁶

2132 2247 2475 2317 λευσαμὲνῳ,
2514 2247 2844 2316 μεμηνότος,
2881 2243 3060 2316 οἶμαι,
3095 2249 3362 2318 κέκτηται
3392 2245 3697 2316 λογισμούς.

2136 2338 2362 2408 Πρῶτον
2403 2339 2503 2408 μὲν
2553 2338 2661 2406 γὰρ
2711 2339 2771 2391 οὺ
2807 2337 2902 2391 τοῦ
2952 2340 3236 2409 σχήματος
3275 2341 3373 2394 τοῦ
3415 2340 3703 2411 ἀρχιερέως

2137 2429 2523 2498 στρατηγικῶν
2558 2431 2905 2499 πραγμάτιον
2934 2431 3468 2500 ἀντιλαμϐάνεσθαι,
3505 2431 3594 2484 καὶ
3621 2430 3702 2481 τὸν

2137 2519 2236 2588 μὲν
2261 2518 2602 2590 τυραννικῶς
2631 2519 2853 2585 ἐξωθεῖν
2884 2520 2984 2588 τῆς
3017 2523 3220 2592 ἀρχῆς,
3247 2525 3345 2577 τὸν
3376 2525 3431 2577 δὲ
3464 2521 3702 2576 ἀντεισά-

2134 2625 2278 2675 γειν,
2305 2612 2400 2664 καὶ
2426 2613 2776 2681 πραγμάτων
2805 2613 2901 2664 καὶ
2929 2614 3095 2681 φόνου
3115 2616 3210 2667 καὶ
3241 2614 3483 2684 ζημιῶν,
3514 2613 3703 2664 τούτων

2133 2705 2196 2772 δὴ
2220 2705 2332 2758 τῶν
2362 2705 2420 2756 ἑν
2441 2705 2564 2766 ταῖς
2590 2703 2914 2772 ἐναλλαγαῖς
2935 2706 3046 2758 τῶν
3070 2707 3256 2776 ἀρχῶν
3285 2705 3701 2775 συμϐαινόντων,

2137 2795 2312 2848 αἴτιον
2340 2793 2675 2851 δείκνυσθαι.
2710 2795 2786 2849 Οὐ
2820 2797 2929 2866 γὰρ
2974 2798 3067 2850 ἐπὶ
3119 2797 3520 2870 θρόνονάύτὸν
3563 2796 3706 2849 καθι-

2135 2887 2292 2948 ζουσι
2343 2887 2695 2957 τυραννικὸν,
2743 2887 2860 2940 ἀλλ’
2901 2890 2996 2942 ἐπὶ
3037 2891 3227 2961 θρόνον
3281 2891 3574 2963 ἱερατικὸν,
3620 2887 3704 2942 καὶ

2136 2980 2419 3032 Δεσπότου
2455 2981 2661 3048 πραέος
2697 2980 2793 3035 καὶ
2844 2982 3068 3055 εἰρήνην
3095 2985 3437 3050 διδάξαντος.
3487 2985 3590 3037 Καὶ
3634 2979 3706 3032 δεῖ

2138 3070 2331 3126 τοῦτον
2363 3074 2430 3127 ἑκ
2455 3075 2658 3138 παντὸς
2689 3075 2896 3146 τρόπου
2929 3077 3242 3145 μιμεῖσθαι,
3280 3077 3380 3131 καὶ
3418 3077 3590 3144 λόγοις
3620 3074 3703 3125 ἑ...

451 3176 722 3246 Deinceps
752 3179 888 3248 quid
911 3179 1000 3233 ilie
1030 3179 1250 3234 molitus
1282 3181 1411 3234 est?
1437 3183 1518 3235 An
1552 3180 1697 3250 quod
1729 3181 1782 3234 in
1820 3181 2027 3250 legibus

2143 3166 2237 3218 καὶ.
2269 3165 2613 3235 πράγμασιν.
2640 3167 2943 3221 Ἔπειτα...
2974 3168 3116 3239 ὅπερ
3150 3169 3458 3240 εῖργαστος
3499 3170 3575 3222 ότι
3605 3166 3707 3223 τοῖς

454 3271 664 3325 divinis
691 3271 990 3340 perdurare
1022 3274 1437 3338 adhortabatur,
1477 3286 1584 3327 non
1619 3288 1648 3327 a
1696 3273 2034 3343 principibus

454 3360 894 3423 desciscendum,
925 3375 1064 3428 quos
1082 3361 1245 3415 veluti
1281 3375 1310 3412 a
1342 3361 1454 3415 Deo
1487 3371 1765 3431 promotos
1793 3375 2030 3415 exoscu-

454 3453 679 3508 landum
695 3467 817 3508 esse
847 3453 1126 3508 docebat?
1147 3453 1210 3508 Et
1233 3463 1411 3507 tamen
1435 3454 1486 3508 in
1515 3454 1643 3524 quid
1674 3453 1819 3508 aliud
1851 3453 1928 3507 illi
1954 3454 2036 3507 in-

451 3545 814 3601 cnmbeudum
867 3555 1009 3607 erat,
1031 3546 1120 3599 cui
1157 3545 1478 3600 mortalium
1525 3545 1720 3599 animae
1742 3559 1837 3614 per
1867 3543 2036 3600 Deum

453 3648 610 3714 erant
635 3637 1004 3692 concreditae?
1026 3637 1381 3692 Nihilominus
1414 3637 1522 3704 ille,
1539 3638 1642 3692 hoc
1665 3636 1828 3691 modo
1857 3636 2039 3705 dispo-

453 3714 742 3792 siins,fere
769 3721 994 3798 singuli:
1019 3729 1176 3782 annis
1207 3728 1277 3782 ab
1297 3729 1432 3785 urbe
1461 3730 1719 3784 recedere
1751 3729 1962 3784 volebat
1984 3737 2040 3782 et

455 3820 510 3873 in
547 3820 780 3887 patriam
812 3821 1188 3886 reverti,lorte
1217 3829 1277 3875 ut
1308 3835 1405 3875 nos
1424 3831 1604 3876 nostra
1631 3835 2033 3875 accuraremus.

459 3910 568 3964 Sed
606 3926 782 3980 neque
814 3912 914 3966 bac
950 3913 1162 3967 ratione
1203 3911 1350 3982 passi
1379 3913 1535 3968 estis.
1579 3912 1657 3967 Ita
1687 3919 1870 3967 mente
1897 3925 2030 3966 non-

457 4007 592 4058 nulli
625 4005 832 4073 ιιι-ιιιάίιὶ
864 4010 1030 4073 μοι,
1077 4020 1199 4075 quae
1243 4021 1369 4060 cum
1402 4005 1646 4073 quolibet
1676 4004 2033 4059 mutationem

457 4099 729 4152 subeunte
780 4112 901 4152 sese
936 4098 1186 4152 immutat
1232 4109 1288 4152 et
1322 4100 1510 4152 variat.
1553 4097 1661 4152 Sed
1709 4097 1800 4165 qui
1831 4094 2032 4150 similia

458 4188 764 4255 proferunt,
816 4189 1084 4244 rationem
1119 4190 1305 4244 animo
1335 4191 1560 4257 agitent,
1613 4203 1720 4259 qua
1753 4200 1818 4241 ea
1862 4201 2035 4241 enun—

458 4283 599 4336 tiaut
621 4297 643 4348 ;
669 4296 773 4336 nos
805 4296 934 4337 vero
979 4283 1047 4335 ad
1081 4283 1418 4353 propositum
1461 4287 1821 4337 revertamur.

2143 3255 2239 3308 τοῦ
2277 3257 2415 3310 Θεοῦ
2466 3257 2654 3326 νόμοις
2700 3257 2966 3327 ἐμμένειν
3012 3259 3268 3332 παρῄνει,
3322 3263 3414 3317 καὶ
3445 3259 3539 3330 τὴν
3571 3255 3709 3311 εὐσέ-

2145 3351 2302 3404 ϐειαν
2337 3351 2689 3405 συνεϐούλευε
2742 3353 2818 3422 μὴ
2869 3353 3177 3424 προέσθαι;
3231 3355 3324 3410 ὅτι
3372 3355 3447 3426 μὴ
3495 3349 3710 3412 κατεξα-

2146 3441 2432 3494 νίστασθαι
2462 3441 2571 3495 τῶν
2603 3443 2904 3511 ἀρχόντων,
2947 3442 3084 3497 ἀλλὰ
3125 3444 3360 3508 τούτους
3388 3447 3461 3506 ὡς
3505 3444 3563 3494 ἐκ
3587 3435 3710 3492 Θεοῦ

2147 3531 2558 3603 προϐληθέντας
2609 3535 2860 3586 ἐδίδασκε
2898 3535 3184 3604 στέργειν;
3232 3538 3336 3589 καὶ
3387 3537 3440 3589 τί
3489 3550 3549 3600 γε
3593 3528 3710 3582 ἄλλο

2147 3625 2429 3696 προσῆκεν
2459 3627 2670 3696 ἐκείνῳ,
2705 3627 2884 3697 ψυχὰς
2913 3629 3222 3699 ἀνθρώπων
3258 3631 3402 3701 πρὸς
3438 3624 3570 3680 Θεοῦ
3598 3635 3710 3675 πισ-

2145 3718 2392 3772 τευθέντι
2415 3735 2428 3783 ;
2449 3717 2648 3790 ’Ὅμως
2668 3721 2878 3782 ἐκεῖνος
2905 3721 3000 3773 καὶ
3022 3719 3195 3783 οὕτως
3224 3719 3370 3790 ἔχων
3389 3720 3471 3787 ἐφ’
3495 3717 3707 3770 ἑκάστου

2147 3808 2335 3879 σχεδὸν
2370 3808 2529 3872 ἔτους
2572 3810 2726 3880 ἠξίου
2786 3812 2884 3880 τὴν
2929 3809 3086 3864 πόλιν
3125 3811 3424 3864 ἀπολιπεῖν
3455 3807 3548 3861 καὶ
3585 3803 3708 3870 πρὸς

2143 3902 2244 3972 τὴν
2267 3901 2643 3972 ἑνεγκαμὲνην
2667 3901 2949 3970 γενέσθαι,
2983 3901 3115 3965 ἴσως
3142 3903 3210 3955 ἵν’
3237 3904 3408 3971 ἡμεῖς
3433 3899 3571 3968 ὑπὲρ
3592 3898 3709 3948 ἑαυ-

2143 3993 2254 4044 τῶν
2286 3992 2681 4063 φροντίσωμεν.
2719 3992 2862 4045 Ἀλλ’
2888 3992 2998 4045 οὐδ’
3029 3993 3199 4055 οὕτως
3227 3991 3540 4063 ἠνείχεσθε.
3565 3984 3709 4040 Οὕτω

2144 4084 2374 4153 γνώμης
2428 4083 2575 4148 τινὲς
2627 4085 3003 4155 τετυχήκεσαν
3059 4085 3196 4156 πρὸς
3257 4088 3375 4139 πᾶν
3433 4081 3604 4137 ὁτιοῦν
3654 4075 3709 4128 τὸ

2145 4175 2379 4244 τρεπτὸν
2421 4175 2765 4245 κεκτημένης
2812 4177 2905 4228 καὶ
2960 4173 3563 4244 συμμεταϐαλλομὲνης
3609 4166 3712 4226 τοῖς

2147 4269 2360 4337 καιροῖς
2387 4267 2476 4318 καὶ
2500 4269 2610 4328 τοῖς
2642 4267 2988 4336 πράγμασιν.
3029 4266 3173 4319 Ἀλλ’
3197 4269 3245 4319 oi
3268 4258 3383 4337 ’μὲν
3405 4265 3473 4318 τὰ
3495 4256 3715 4315 ίτοιαῦτα

2149 4360 2328 4428 λέγειν
2369 4358 2687 4430 ὁρμώμενοι
2726 4358 3040 4428 λογίσαιντό
3081 4375 3284 4414 ποτε...
3329 4359 3493 4430 ἡμεῖς
3528 4353 3585 4406 δὲ
3614 4347 3712 4402 τῶν

2151 4451 2530 4521 προκειμένων
2551 4449 2808 4520 ἐχόμεθα.

533 4551 588 4604 9.
638 4549 777 4606 Cum
827 4565 957 4606 vero
1006 4551 1115 4607 alia
1146 4566 1313 4622 atque
1341 4551 1448 4606 alia
1499 4552 1640 4615 vice,
1693 4547 1839 4619 quod
1871 4561 2035 4617 supra

2222 4543 2288 4598 θ’.
2327 4542 2552 4611 Πρῶτον
2584 4542 2679 4593 καὶ
2723 4539 2980 4612 δεύτερον
3015 4544 3044 4595 ὁ
3081 4540 3384 4611 Μουράτης
3425 4530 3712 4606 πεπραχὼς

464 4648 1042 4711 cmumemoravimus,
1079 4648 1324 4702 Murates
1375 4645 1703 4716 peregisset,
1746 4642 2042 4712 missisque

468 4759 593 4796 rum
623 4742 839 4812 sagittis
874 4743 932 4796 in
966 4741 1158 4796 urbem
1191 4739 1440 4810 plurimis
1475 4734 1696 4799 litteris,
1735 4735 1948 4798 eadem,
1987 4741 2045 4788 et

472 4837 636 4891 simili
663 4835 1042 4907 jurejurando,
1067 4831 1513 4890 deuuntiantibus
1536 4843 1599 4884 ac
1621 4826 2043 4890 stabilientibus,

467 4931 603 4984 nihil
656 4931 949 4998 proliceret
979 4927 1178 4999 (neque
1212 4926 1357 4980 enim
1393 4921 1622 4976 facultas
1654 4928 1772 4974 erat
1810 4917 2046 4984 civibus,

466 5024 690 5080 etiamsi
721 5022 1050 5086 voluissent,
1081 5019 1425 5078 Latinorum,
1459 5023 1516 5068 et
1538 5014 1852 5083 praedonum
1873 5009 2046 5081 potis-

464 5120 668 5172 simum
700 5115 1028 5170 adstantium
1052 5107 1583 5174 custodientiumque
1611 5113 1781 5166 metu,
1807 5117 1900 5156 sua
1923 5115 2050 5155 sen-

477 5211 649 5265 tentia
683 5208 953 5278 intrepide
978 5205 1104 5272 uti),
1141 5202 1209 5256 ad
1243 5201 1442 5255 bellum
1487 5200 1690 5253 invitus
1716 5194 2044 5265 accingitur,

479 5319 584 5358 non
629 5309 840 5355 tantum
873 5294 1216 5352 contumacia
1246 5301 1410 5361 atque
1437 5289 1786 5347 contentione
1830 5286 2049 5342 inhabi-

479 5398 719 5450 tantium
748 5400 929 5447 motus
949 5395 1211 5458 quantum
1237 5383 1544 5440 istiusmodi
1574 5394 1856 5436 successu.
1880 5377 2051 5433 Navis

476 5497 700 5556 repente
729 5480 1043 5550 comparuit
1065 5477 1281 5541 Latina,
1317 5475 1588 5529 frumento
1606 5480 1826 5535 onusta,
1856 5470 1924 5523 ad
1955 5483 2050 5522 ur-

472 5578 595 5630 bem
657 5575 894 5643 indigam
929 5570 1286 5640 adnavigans.
1321 5566 1514 5621 Statim
1547 5575 1710 5634 atque
1741 5577 1864 5629 eam
1889 5561 2047 5626 vidit,

477 5668 792 5737 suspicatur
837 5665 1025 5734 copias
1052 5663 1346 5718 auxiliares
1375 5669 1430 5715 et
1458 5673 1612 5714 arma
1639 5671 1738 5727 pro
1768 5652 2051 5710 bellatori-

444 5804 446 5806 ,
477 5757 584 5812 bus
631 5756 794 5823 vehi;
830 5755 1004 5825 deque
1035 5754 1260 5809 victoria
1311 5751 1524 5814 dubius,
1573 5749 1617 5802 si
1648 5746 2051 5802 commilitones

483 5850 986 5914 introducercnlur,
1042 5847 1166 5912 totis
1208 5844 1513 5902 conandum
1565 5854 1684 5895 esse
1737 5837 1943 5893 viribus
1998 5847 2053 5893 et

2151 4637 2291 4704 ὅπερ
2323 4635 2668 4705 εἰρήκειμεν,
2699 4635 2792 4687 καὶ
2823 4634 3132 4705 γράμματα
3157 4637 3271 4697 τοῖς
3301 4634 3483 4704 βέλεσι
3509 4641 3710 4691 πεπομ-

2154 4725 2268 4794 φὼς
2299 4725 2450 4788 ὲντδς
2495 4724 2746 4788 πλεῖστα,
2789 4728 2904 4788 τοῖς
2951 4726 3136 4788 αὐτοῖς
3177 4725 3363 4794 ὅρκοις
3411 4721 3504 4775 καὶ
3548 4714 3713 4769 ταῦτα

2155 4818 2491 4888 συνδούμενα
2539 4819 2634 4870 καλ⁸
2691 4819 2758 4870 τά
2805 4817 2949 4870 αὐτὰ
2991 4816 3421 4884 διαγγέλλοντα,
3470 4812 3543 4874 ὼς
3592 4808 3712 4877 ῆνυε

2152 4912 2314 4965 πλέον
2343 4914 2496 4964 οὑιίὲν
2528 4910 2612 4980 (ού
2663 4911 2772 4979 γὰρ
2820 4909 2950 4978 ἐξῆν
3007 4908 3357 4979 βουλομένοις
3402 4906 3512 4966 τοῖς
3552 4903 3608 4953 ἐν
3649 4894 3708 4961 τῇ

2154 5007 2308 5058 πόλει
2334 5006 2413 5075 τῷ
2449 5005 2556 5057 τῶν
2592 5004 2842 5056 Λατίνων
2887 5000 3017 5064 δέει,
3051 5002 3146 5054 καλ⁵
3187 5001 3425 5067 μάλιστα
3452 4997 3554 5047 τῶν
3585 5005 3712 5054 συμ·

2154 5100 2585 5166 παρισταμένων
2621 5095 2805 5156 αὐτοῖς
2833 5095 2926 5145 ἐπὶ
2955 5094 3170 5162 φυλακῇ
3207 5090 3445 5162 λῃστῶν,
3477 5086 3541 5154 τῇ
3573 5077 3709 5145 σφῶν

2155 5190 2327 5253 ἀδεῶς
2351 5188 2664 5258 χρήσασθαι
2689 5189 2929 5255 γνώμῃ),
2955 5185 3217 5255 τρέπεται
3255 5183 3365 5235 τότ’
3391 5181 3448 5244 ἑξ
3485 5175 3711 5237 ἀνάγκης

2156 5285 2247 5336 ἐπὶ
2275 5285 2335 5335 τὸ
2371 5283 2648 5350 πολεμεῖν,
2675 5280 2798 5333 οὐδὲ
2826 5279 2948 5332 τότε
2987 5278 3239 5331 τοσοῦτον
3289 5275 3398 5329 ἀπὸ
3429 5271 3527 5339 τῆς
3567 5269 3710 5318 ἁπειο

2156 5374 2307 5436 θείας
2337 5372 2448 5426 τῶν
2483 5371 2633 5424 ἑνδον
2673 5369 2892 5438 καὶτῆς
2933 5367 3236 5429 ἑνστάσεως
3267 5367 3391 5418 ὅσον
3419 5363 3484 5415 ἑκ
3508 5357 3706 5411 τούτου.

2166 5465 2366 5527 Ὀλκὰς
2394 5463 2569 5532 ἐφάνη
2609 5479 2694 5524 τις
2723 5459 2985 5529 ἐξαπίνης
3028 5455 3292 5523 Λατινικὴ
3345 5457 3489 5506 σῖτον
3527 5448 3709 5515 ἔκαυσα

2156 5560 2354 5628 φόρτον
2375 5557 2470 5608 καὶ
2498 5555 2801 5624 κομίζῖουσα
2819 5553 3011 5606 τοῦτον
3036 5551 3142 5624 [ὲν]
3162 5554 3228 5620 τῇ
3252 5548 3404 5603 πόλει
3421 5536 3704 5615 χρῃζούσῃο

2155 5653 2220 5704 Οἱ
2246 5649 2292 5703 δ’
2321 5649 2673 5703 ὑπετόπασαν
2721 5647 2927 5716 ταύτην
2973 5646 3172 5707 ἰδόντες
3219 5640 3538 5710 συμμάχους
3560 5629 3707 5716 ἔχειν

2158 5744 2252 5796 καὶ
2279 5741 2417 5797 ὅπλα
2447 5743 2535 5794 διὰ
2570 5741 2662 5798 τὸν
2710 5714 2971 5808 πόλεμον,
3015 5737 3111 5790 καὶ
3157 5731 3389 5791 δεδιότες
3420 5725 3516 5795 τὴν
3549 5714 3706 5790 ἧτταν

2161 5835 2484 5907 ρυμμαχιας
2515 5834 2608 5887 ἐπὶ
2653 5832 2754 5900 τὴν
2791 5823 2948 5885 πόλιν
2978 5827 3258 5891 ἐλθούσης,
3288 5821 3384 5885 ὅλη
3413 5817 3519 5869 δεῖν
3551 5812 3704 5875 ᾤοντο
