4000 6442
356 368 455 433 63s

1379 372 1478 430 DE
1519 374 1687 434 EXCI
1705 376 1832 435 DIO
1872 375 2160 435 TIIESSA
2173 374 2318 434 LON
2333 373 2581 434 lCENSI

3495 370 3609 439 €02

357 485 672 558 χρήσασθαι
699 486 764 554 τῇ
798 484 1002 539 τούτων
1023 486 1251 555 δυνάμει
1284 489 1376 541 καὶ
1404 493 1531 558 περὶ
1563 491 1630 543 τὰ
1661 492 1932 560 πολεμικά
1962 540 1968 549 ,

2071 489 2369 545 militaribus
2401 491 2615 544 artibus
2656 487 3098 558 pertenlandum,
3135 492 3428 552 anteqttam
3460 486 3620 536 navis

360 581 527 654 τέχνῃ
554 579 686 648 πρὶν
721 579 819 647 τὴν
863 579 1064 633 ὁλκάδα
1103 581 1560 650 καθορμισθῆναι.
1596 571 1809 651 Μικρὸν
1839 583 1940 652 μὲν

361 669 454 725 οὖν
479 672 766 743 πρότερον,
795 671 882 724 ὅτε
911 672 1153 734 καὶτοὺς
1183 673 1432 748 κήρυκας
1457 672 1726 743 ἔπεμπεν,
1746 675 1944 730 ὑπεισ-

364 762 642 832 ερχόμενοι
677 763 738 815 τὸ
769 762 1133 831 προτείχισμα
1169 763 1334 832 μέρος
1390 764 1500 816 τῶν
1562 765 1944 836 πολεμούντων

365 855 504 923 ἀωρὶ
532 853 640 906 τῶν
675 854 909 921 νυκτῶν,
940 856 1034 908 καὶ
1075 853 1227 908 τοῦθ’
1267 855 1670 924 ὑπορύττοντές
1704 859 1761 911 ἐν
1788 858 1945 930 ἀδείᾳ

366 944 511 1016 (οὗτε
541 931 649 1012 γὰρ
681 945 768 1000 ἐπ’
811 946 957 1008 αὐτῷ
988 945 1230 1014 φύλακες
1276 941 1441 1015 ἦσαν,
1488 949 1589 1002 οὐκ
1620 949 1945 1017 ἀρκούντων

368 1037 474 1088 τῶν
506 1034 677 1100 ἔνδον,
727 1035 840 1089 οὔτ’
889 1036 1116 1102 ἐξωθεῖν
1159 1037 1357 1098 αὐτοὺς
1407 1040 1556 1110 εἶχεν
1601 1040 1782 1104 οὐδεὶς
1831 1039 1943 1093 οὐδ’

369 1127 834 1187 3πωσοῦν,τούτου
869 1125 1381 1197 προ6ε6).ημένου);
1417 1131 1590 1186 πολλὰ
1625 1131 1818 1185 τούτου
1848 1148 1946 1184 κα-

368 1217 647 1270 τέσπασαν
677 1219 757 1279 είς
789 1217 985 1286 ἔδαφος
1013 1219 1176 1289 μέρη,
1210 1219 1340 1273 ὥστ’
1361 1222 1506 1290 ἔχειν
1536 1223 1762 1275 εἰσιέναι
1793 1238 1946 1292 παμ-

371 1308 595 1376 πληθεῖς
635 1312 692 1363 ἐν
721 1309 798 1378 τῷ
835 1311 1042 1376 μεταξὺ
1069 1312 1179 1364 τῶν
1222 1313 1422 1383 τειχῶν
1466 1314 1638 1381 τόπῳ,
1671 1315 1948 1382 κλίμακάς

373 1417 434 1450 τε
467 1400 782 1469 εἰσκομίσαι
819 1400 936 1468 μετ’
980 1401 1288 1472 εὐχερείας,
1329 1405 1423 1455 καὶ
1451 1403 1678 1466 ταύταις
1714 1405 1774 1457 τὸ
1805 1405 1946 1472 μέγα

373 1493 551 1559 τεῖχος
576 1491 934 1560 ἐπαναϐῆναι.
961 1492 1204 1562 Βάσιμον
1235 1492 1328 1546 οῦν
1355 1495 1415 1546 τὸ
1444 1495 1548 1560 ἔξω
1578 1495 1948 1565 πεποιήκεσαν

375 1581 724 1650 διατείχισμα
780 1583 972 1636 τοῦτον
1015 1582 1106 1636 τδν
1156 1586 1379 1653 τρόπον,
1428 1587 1526 1639 καὶ
1580 1588 1681 1656 τῆς
1726 1585 1949 1654 τοξικῆς

380 1671 641 1734 πολλάκις
674 1674 775 1742 τῆς
819 1673 1054 1744 ἡμέρας,
1087 1675 1222 1728 ἀλλὰ
1263 1677 1328 1745 δὴ
1367 1678 1462 1730 καὶ
1504 1677 1602 1748 τῆς
1628 1678 1824 1741 νυκτὸς
1848 1680 1950 1733 οὐκ

379 1763 639 1832 ἠμέλουν,
671 1765 767 1819 τοῦ
811 1765 1013 1836 μικροῦ
1044 1767 1257 1838 τείχους
1295 1769 1381 1821 ὅτε
1414 1770 1554 1838 πρὸς
1597 1772 1950 1826 κατάπτωσιν

375 1855 546 1924 ᾔεσαν
572 1872 588 1888 ο
619 1857 737 1918 πῶς
770 1858 880 1927 γὰρ
915 1858 980 1910 ἂν
1012 1857 1134 1927 ἐχον
1167 1859 1310 1926 μετὰ
1342 1860 1588 1922 πλείονος
1624 1861 1952 1933 ὑπορύττειν

377 1946 564 2008 ἀδείας
602 1946 756 2008 αὐτὸ,
799 1948 926 2012 τοὺς
954 1949 1053 2004 ἐπὶ
1090 1949 1186 2002 τοῦ
1236 1950 1480 2020 μείζονος
1525 1951 1740 2020 τείχους
1784 1953 1832 2006 εί
1877 1953 1952 2023 μὴ

378 2040 490 2098 τοῖς
529 2037 738 2104 βέλεσιν
774 2039 1039 2109 ἀπεῖργον
1081 2039 1156 2110 μὴ
1206 2042 1330 2096 κατ’
1364 2043 1544 2096 αὐτῶν
1588 2045 1684 2096 καὶ
1731 2043 1953 2107 τούτους

383 2129 582 2197 ὁμοίως
615 2132 816 2200 χωρεῖν
851 2133 946 2183 καὶ
977 2132 1048 2183 τά
1091 2133 1454 2202 παραπλήσια
1482 2133 1651 2202 δρᾷν;
1683 2135 1830 2203 Πλὴν
1859 2139 1954 2188 καὶ

380 2219 555 2282 οὕτως
588 2220 696 2272 οὐδ’
729 2221 893 2289 ἡμεῖς
936 2219 1249 2291 ὴμελοῦμεν
1287 2221 1381 2274 τοῦ
1412 2224 1555 2275 κατὰ
1593 2223 1826 2293 δύναμιν
1860 2223 1921 2293 ἔρ

381 2328 505 2379 γου.
543 2313 710 2366 Πλέον
743 2313 799 2365 δέ
840 2313 949 2365 τῶν
985 2313 1160 2366 ἀλλων
1194 2314 1484 2385 ἐχρώμεθα
1536 2318 1602 2386 τῇ
1645 2315 1957 2389 καλουμένῃ

387 2404 580 2470 σκευῇ,
616 2396 686 2473 ἧς
705 2397 840 2472 ἦχον
871 2402 970 2472 μὲν
1000 2403 1273 2472 ἠκούομεν
1307 2405 1486 2474 μόνον,
1530 2405 1690 2476 ἔργον
1718 2407 1769 2459 δὲ
1807 2407 1959 2462 οὐδέ-

385 2494 504 2547 ττοτ⁴Ι
535 2495 747 2564 εῖδομέν
772 2513 824 2548 τι
853 2495 1126 2565 λαμπρὸν,
1157 2497 1254 2548 καὶ
1283 2497 1457 2549 ταῦτα
1493 2497 1699 2567 πολλῆς
1738 2499 1796 2550 ἐν
1824 2500 1959 2569 ἡμῖν

386 2582 553 2652 οῦσης
589 2583 686 2653 τῆς
714 2584 1128 2656 ἐσκευασμένης
1160 2585 1410 2656 βοτάνης,
1445 2586 1682 2650 ἀφειδῶς
1719 2604 1778 2640 τε
1818 2590 1961 2642 κατὰ

391 2677 569 2730 πάντα
596 2675 787 2746 καιρδν
817 2677 1272 2748 ἀναλισκομένης.

465 2767 515 2822 ι’.
547 2769 712 2845 Ταῦτέ
750 2769 843 2822 οῦν
878 2770 968 2822 ἐπὶ
997 2771 1178 2841 τρισὶν
1211 2767 1352 2843 ἦσαν
1397 2774 1636 2844 ἡμέραις
1678 2774 1960 2845 γινόμενα.

389 2860 500 2914 Καὶ
534 2844 839 2928 τηνικαῦτα
873 2860 934 2929 δή
969 2880 1112 2925 τινες
1141 2863 1197 2916 ἐν
1227 2881 1336 2917 τισι
1366 2865 1474 2917 τῶν
1508 2867 1701 2936 τειχῶν
1741 2844 1965 2937 μέρεσιν

391 2952 589 3016 ἔξωθεν
636 2955 766 3025 περὶ
825 2953 998 3025 μέσας
1043 2953 1240 3018 νύκτας
1303 2957 1495 3019 ίόντες,
1542 2958 1640 3027 τῆς
1689 2959 1966 3028 ἡμετέρας

390 3046 679 3115 κηδόμενοι
732 3046 1043 3116 σωτηρίας,
1094 3049 1276 3102 πᾶσαν
1330 3050 1462 3120 ἡμῖν
1527 3049 1664 3120 πρὸς
1724 3050 1961 3120 πόλεμον

2047 582 2098 637 iu
2135 590 2348 649 portum
2398 595 2519 636 sese
2563 579 2817 649 recipiat,
2870 579 3135 632 decernit.
3196 577 3366 630 Paulo
3400 591 3618 642 quoque

2045 685 2194 735 ante.
2232 690 2356 728 cum
2395 688 2674 744 praecones
2729 673 2991 737 mitteret,
3045 671 3286 724 hostium
3339 683 3532 722 manus
3563 668 3624 720 in

2045 767 2372 822 exteriorem
2399 782 2611 821 murum
2638 765 2779 820 ciam
2809 764 3054 829 irrepens
3077 770 3238 816 nocte
3265 760 3618 827 intempesta,

2044 874 2284 930 eumque
2309 875 2406 929 pro
2435 867 2570 914 nutu
2620 857 2919 913 suﬂ'odiens
2947 856 3147 931 (neque
3187 851 3335 907 enim
3362 849 3620 905 custodes

2047 955 2296 1016 aderant,
2317 950 2618 1007 imminutis
2635 947 3061 1011 habitatoribus,
3081 955 3137 1001 et
3158 946 3252 1014 qui
3273 945 3417 998 intus
3441 949 3620 1004 erant,

2047 1059 2144 1098 eos
2171 1043 2320 1099 foras
2357 1042 2579 1111 pellere,
2620 1057 2746 1097 cum
2790 1039 2936 1093 obvii
2969 1037 3361 1102 obiicerentur,
3396 1033 3626 1086 minime

2046 1135 2325 1204 valebant)
2351 1135 2616 1203 potiorem
2645 1133 2790 1188 illius
2811 1139 3020 1200 partem
3048 1128 3103 1182 in
3127 1127 3302 1183 solum
3328 1123 3623 1192 disiecere,

2047 1235 2106 1281 ut
2140 1226 2254 1294 jam
2298 1225 2482 1282 aditus
2525 1223 2943 1293 quamplurimis
2969 1221 3023 1274 in
3058 1218 3295 1273 medium
3334 1215 3477 1269 inter
3507 1227 3628 1265 mu-

2053 1334 2142 1371 ros
2161 1318 2400 1387 spatium
2426 1326 2654 1386 pateret.
2679 1316 2984 1383 liceretque
3010 1321 3124 1366 tuto
3149 1309 3331 1364 scalas
3362 1305 3626 1360 invehere

2049 1419 2102 1463 et
2147 1425 2401 1480 magnum
2437 1424 2655 1464 murum
2704 1407 2999 1462 ascendere
3041 1403 3390 1470 (exteriorem
3441 1399 3631 1467 itaque

2051 1519 2265 1557 murum
2301 1503 2404 1558 hoc
2436 1501 2596 1556 modo
2633 1502 2875 1572 pervium
2914 1499 3017 1554 sibi
3047 1496 3285 1562 fecere);
3350 1502 3406 1546 et
3428 1491 3630 1558 sar-pius

2051 1592 2286 1646 interdiu
2307 1592 2538 1662 sagittas
2561 1591 2865 1660 impellere,
2890 1603 2920 1640 a
2947 1601 3176 1656 quarum
3195 1585 3346 1654 jactu
3375 1595 3442 1635 ne
3463 1587 3628 1634 noctu

2052 1685 2273 1753 quidem
2310 1683 2614 1748 abstinere,
2643 1683 2771 1736 dum
2815 1681 2880 1734 ad
2914 1693 3142 1749 parvum
3177 1691 3392 1730 murum
3427 1674 3480 1727 in
3513 1673 3632 1741 pla-

2056 1791 2179 1829 uum
2204 1773 2591 1830 effundendum
2631 1773 2953 1842 procedunt.
2979 1771 3096 1836 Quo
3117 1767 3319 1823 etenim
3361 1776 3520 1834 pacto
3541 1779 3631 1818 se-

2055 1881 2188 1920 curre
2221 1867 2373 1920 illum
2407 1865 2676 1920 suffodere
2711 1863 3036 1933 potuissent,
3073 1861 3125 1915 ni
3152 1861 3206 1914 in
3235 1857 3442 1924 majore
3468 1870 3634 1909 muro

2055 1966 2261 2011 stantes
2292 1957 2540 2012 homines
2567 1955 2764 2025 iaculis
2808 1952 3156 2020 impedirent,
3199 1964 3268 2002 ne
3298 1948 3419 2001 illos
3447 1945 3628 1999 adorti

2055 2048 2257 2104 similia
2283 2048 2754 2108 machinarentur,
2783 2055 2839 2098 et
2866 2040 3149 2097 facerent?
3172 2045 3424 2093 Attamen
3454 2050 3634 2104 neque

2055 2141 2159 2196 ista
2187 2141 2420 2202 ratione,
2453 2126 2520 2191 ne
2544 2153 2679 2206 opus
2706 2144 2948 2190 nostrum
2974 2149 3070 2201 pro
3093 2132 3302 2186 viribus
3326 2141 3636 2197 ageremus,

2058 2231 2374 2288 effecerunt.
2407 2229 2514 2284 Sed
2546 2236 2674 2282 ante
2699 2228 2804 2280 alia
2838 2240 2904 2279 eo
2935 2223 3223 2278 utebamur
3249 2221 3633 2279 instrumento,

2059 2325 2212 2393 cujus
2261 2321 2548 2390 strepitum
2611 2327 2819 2372 tantum
2881 2316 3111 2368 auribus
3167 2309 3630 2383 percipiebamus,

2059 2415 2260 2468 fartum
2291 2427 2443 2476 vero,
2476 2409 2618 2479 quod
2649 2407 2898 2478 equidem
2942 2405 3270 2459 innotuisset
3296 2441 3312 2468 ,
3354 2415 3637 2469 nunquam

2060 2508 2311 2572 vidimus,
2362 2505 2487 2558 licet
2519 2501 2758 2570 pulveris
2805 2497 3096 2569 prmparati
3132 2494 3292 2564 copia
3327 2492 3632 2546 abundaret

2061 2605 2115 2650 et
2148 2593 2373 2664 largiter
2408 2590 2738 2663 profuseque
2765 2587 2916 2642 omni
2976 2594 3216 2651 tempore
3248 2581 3636 2634 insumeretur.

2136 2769 2226 2825 10.
2278 2767 2401 2823 Haec
2456 2765 2620 2836 igitur
2677 2763 2919 2818 triduum
2973 2759 3322 2828 gerebantur.
3375 2752 3634 2808 Nonnulli

2065 2863 2324 2930 deinceps
2372 2860 2426 2914 in
2487 2868 2746 2912 externas
2799 2854 2940 2908 muri
3003 2860 3186 2921 partes
3256 2857 3414 2904 nocte
3461 2844 3638 2898 media

2067 2951 2360 3024 progressi,
2418 2951 2484 3004 de
2545 2949 2720 3002 salute
2776 2954 2960 3000 nostra
2991 2941 3250 3004 solliciti,
3319 2938 3639 2993 universum

2066 3044 2365 3100 exercitum
2398 3043 2740 3114 peditesque,
2771 3038 2860 3107 qui
2921 3034 3184 3088 Muratem
3245 3029 3642 3100 sequebantur,

397 3138 849 3208 παρεσκευάσθαι
895 3139 996 3206 τὴν
1029 3141 1290 3208 στρατιάν
1323 3140 1807 3209 προαγγέλλουσιν,
1844 3143 1967 3194 ὅσον

2071 3135 2138 3190 ad
2189 3135 2538 3206 pugnandum
2598 3146 2720 3186 esse
2800 3127 3182 3198 paratissimos
3238 3119 3628 3191 praenuntiant,

390 3247 451 3282 τε
491 3230 620 3298 περὶ
654 3229 747 3282 τὸν
795 3229 1094 3296 Μουράτην
1140 3231 1332 3296 πεζὸν,
1391 3234 1488 3286 καὶ⁸
1542 3233 1640 3302 τῆς
1698 3235 1967 3304 τετάρτης

393 3322 610 3392 ἡμέρας
660 3321 1041 3393 διαυγασάσης
1073 3323 1362 3393 βούλεσθαι
1408 3325 1530 3378 καθ’
1559 3324 1716 3394 ὴμῶν
1745 3327 1841 3397 ὅλῃ
1876 3327 1970 3378 δυ-

393 3415 558 3482 νάμει
600 3414 1005 3485 κεχωρηκέναι,
1035 3416 1125 3468 καὶ
1158 3416 1234 3478 ὡς
1264 3415 1424 3468 πλοῖα
1463 3419 1968 3486 παρασκευάσειαν,

395 3507 491 3562 καὶ
522 3507 736 3570 τούτοις
779 3508 847 3561 ἵν’
885 3508 992 3562 ἀπὸ
1023 3507 1118 3561 τοῦ
1151 3509 1294 3562 κατὰ
1329 3508 1600 3563 θάλατταν
1633 3510 1838 3579 μέρους
1869 3511 1974 3562 ίόν-

393 3616 488 3662 τες
531 3601 664 3669 πρὸς
716 3597 900 3659 διττὰς
957 3599 1344 3667 ἀναγκάσωσιν
1402 3601 1549 3669 ἡμᾶς
1607 3599 1974 3669 ἀσχοληθῆναι
2017 3661 2020 3664 ,

397 3690 710 3759 φροντίδας.
751 3690 816 3742 Ὃ
845 3691 939 3741 καὶ
969 3690 1176 3760 σφόδρα
1211 3689 1307 3752 τὰς
1350 3690 1625 3760 ἡμετέρας
1659 3691 1838 3760 ψυχὰς
1867 3691 1976 3743 διε-

397 3783 603 3850 τάραξε
633 3781 727 3833 καὶ
757 3782 838 3844 είς
874 3781 1110 3851 ἀπορίαν
1162 3780 1415 3835 ἐνέϐαλεν
1456 3782 1610 3852 ὅσην,
1652 3782 1728 3846 ὡς
1771 3781 1976 3852 βλάϐην

397 3873 532 3943 ἡμῖν
562 3873 862 3942 δυνάμενον
889 3873 950 3926 οὐ
978 3873 1080 3942 τὴν
1114 3872 1383 3944 τυχοῦσαν
1424 3874 1750 3942 ἐπαγαγεῖν.
1785 3873 1975 3942 Δείλης

400 3961 692 4032 τοιγαροῦν
738 3964 970 4035 ταυτησὶ
1005 3963 1385 4033 γεγενημένης
1432 3963 1534 4031 τῆς
1571 3961 1855 4031 ἀγγελίας,
1881 3960 1979 4014 καὶ

401 4055 622 4108 πάντων
653 4055 812 4125 ήμῶν
865 4057 922 4108 ἐν
966 4055 1292 4127 περιστάσει
1348 4056 1442 4109 καὶ
1489 4055 1776 4125 λογισμοῖς
1809 4056 1979 4108 ὄντων

403 4146 522 4208 πῶς
553 4146 620 4200 ἂν
647 4145 1030 4216 διατεθείημεν
1069 4147 1209 4218 πρὸς
1255 4147 1348 4200 τὸν
1394 4147 1656 4218 πόλεμον,
1702 4150 1885 4218 πάσης
1919 4165 1979 4200 τε

404 4237 590 4305 σχεδὸν
621 4237 840 4306 ἡλικίας
864 4237 1032 4308 οῦσης
1078 4239 1136 4290 ἐν
1179 4237 1537 4310 ἐγρηγόρσει,
1581 4240 1798 4308 δεήσεις
1827 4241 1981 4292 ἐκτε-

403 4328 512 4388 νεῖς
543 4325 660 4395 Θεῷ
691 4326 784 4380 καὶ
812 4324 890 4395 τῷ
921 4324 1236 4396 μυροὸλύτῃ
1264 4327 1504 4395 μάρτυρι
1536 4324 1657 4378 καθ⁴
1686 4327 1816 4394 ὅλην
1843 4325 1982 4378 ἐκεί-

404 4435 502 4486 νην
536 4419 924 4488 προσαγόντων
951 4418 1052 4488 τὴν
1085 4416 1257 4472 νύκτα
1290 4417 1514 4488 (πάντες
1545 4417 1654 4488 γὰρ
1685 4418 1888 4489 ᾔδεσαν
1924 4421 1981 4471 ἐν

2073 3228 2366 3298 statimque
2423 3237 2586 3295 atque
2613 3224 2727 3278 dies
2780 3230 3007 3292 quartus
3055 3217 3320 3281 illuxerit,
3383 3213 3645 3266 adversus

2074 3339 2172 3378 nos
2203 3322 2416 3378 cunctis
2438 3319 2642 3373 viribus
2687 3314 3089 3386 aggressionem
3145 3310 3450 3371 facturum;
3484 3315 3648 3357 naves

2075 3430 2291 3487 quoque
2350 3424 2705 3482 praeparasse,
2747 3407 2946 3477 quibus
2993 3419 3092 3474 per
3141 3415 3295 3456 mare
3343 3399 3653 3464 irrumpens

2076 3507 2274 3575 duplici
2309 3521 2406 3560 uos
2462 3503 2711 3557 molestia
2767 3499 3072 3554 aﬂlictaret.
3120 3494 3228 3548 Sed
3282 3489 3653 3556 maximopere

2078 3601 2316 3653 rationes
2376 3604 2590 3651 nostras
2657 3591 3028 3650 conturbavit,
3086 3593 3493 3654 suspensosque
3559 3577 3650 3631 diu

2078 3691 2252 3745 tenuit
2279 3689 2508 3751 animos,
2539 3696 2790 3752 tanquam
2822 3681 2966 3750 quod
3001 3681 3192 3746 ingens
3225 3679 3640 3742 apportaturqu

2077 3788 2222 3834 esset
2245 3778 2486 3844 malum;
2548 3785 2606 3830 et
2654 3771 3005 3829 discruciatis
3063 3775 3285 3838 pectore
3335 3762 3645 3816 consistere

2078 3870 2292 3926 consilii
2341 3867 2478 3923 nihil
2539 3873 2772 3936 poterat.
2835 3862 2950 3917 Hoc
3011 3867 3238 3928 accepto
3303 3854 3493 3910 nuntio
3559 3849 3662 3905 sub

2079 3976 2383 4032 vesperam,
2419 3975 2544 4014 cum
2589 3956 2759 4011 variis
2821 3952 3243 4010 necessitatibus
3302 3958 3649 4016 urgeremur,

2079 4055 2618 4120 distraheremurque
2669 4046 3126 4104 sollicitudinibus
3189 4055 3299 4111 quo
3351 4038 3654 4110 pactolnos

2083 4148 2136 4200 in
2169 4145 2308 4200 bello
2351 4154 2689 4213 gereremus,
2716 4145 2771 4193 et
2794 4136 2972 4192 omnis
3022 4133 3298 4188 hominum
3347 4138 3480 4183 aztas
3549 4125 3666 4180 evi-

2081 4238 2295 4310 gilaret,
2351 4248 2538 4306 preces
2594 4231 2706 4288 Deo
2759 4238 2817 4286 et
2885 4227 3202 4300 myroblytze
3276 4220 3502 4292 martyri
3570 4231 3666 4288 per

2085 4309 2254 4384 totam
2288 4328 2434 4383 illam
2466 4334 2678 4380 noctem
2743 4321 3099 4382 equndimus,
3145 4318 3440 4372 imminens
3487 4309 3664 4380 siqui-

2086 4423 2207 4474 dem
2240 4416 2536 4490 periculum
2570 4423 2892 4483 certumque
2926 4422 3054 4465 ante
3087 4407 3280 4464 oculos
3313 4412 3454 4461 erat.
3483 4401 3664 4456 Latini

405 4507 524 4577 χρῷ
573 4507 669 4562 τοῦ
715 4508 967 4572 κινδύνου
1015 4507 1462 4581 καθεστηκέναι),
1495 4510 1546 4562 oi.
1589 4510 1811 4562 Λατῖνοι
1861 4510 1968 4579 περ

2089 4526 2218 4566 vero
2271 4517 2479 4580 partem
2546 4506 2748 4561 littoris
2816 4503 3113 4575 pendentes
3174 4497 3423 4562 maximi,
3497 4495 3667 4548 trium

408 4599 606 4652 πολλοῦ
651 4599 713 4652 τὸ
754 4600 848 4652 τοῦ
881 4597 1132 4666 αἰγιαλοῦ
1182 4599 1502 4670 ποιούμενοι
1545 4600 1712 4671 μέρος
1750 4601 1838 4655 διὰ
1885 4604 1984 4660 τὰς

405 4693 555 4760 τρεῖς
586 4690 642 4744 αἱ
672 4693 927 4761 παρῆσαν
951 4693 1018 4761 τῇ
1048 4691 1201 4744 πόλει
1222 4693 1494 4762 τριήρεις,
1524 4691 1599 4764 μὴ
1629 4693 1802 4763 πυρὸς
1823 4691 1986 4761 ἔργον

405 4781 609 4844 ταύτας
651 4781 895 4844 ἐλθόντες
941 4782 990 4834 oi
1037 4781 1272 4850 Τοῦρκοι
1322 4787 1617 4858 ποιήσωσι,
1667 4785 1795 4845 τοὺς
1833 4783 1986 4852 σφῶν

405 4873 654 4938 τοξότας,
687 4874 1125 4944 μεμερισμένους
1160 4875 1321 4936 ὄντας
1353 4875 1449 4927 ἐπὶ
1479 4873 1695 4945 φυλακῇ
1723 4875 1833 4928 τῶν
1878 4872 1988 4928 τει-

407 4963 542 5034 χῶν,
571 4963 954 5035 ὑπαναχωρεῖν
999 4965 1198 5028 αὐτοὺς
1250 4965 1559 5036 περιιόντες
1609 4965 1985 5036 ἐπέσκηπτον,

408 5054 521 5107 τῶν
546 5054 720 5109 ἄλλων
745 5057 842 5127 τὴν
867 5057 1059 5126 σκέψιν
1086 5057 1291 5126 ταύτην
1323 5058 1398 5130 μὴ
1425 5059 1827 5126 γινωσκόντων,
1863 5061 1990 5130 μηδ’

411 5148 552 5216 ὅπερ
600 5146 828 5210 ἐκείνοις
873 5149 906 5217 ἡ
942 5147 1050 5201 ἀπὸ
1097 5149 1205 5202 τῶν
1244 5147 1442 5219 τειχῶν
1491 5148 1744 5220 βούλεται
1779 5149 1992 5218 ἁναχὼὲ

417 5254 597 5307 ρησις.
647 5231 709 5291 Εἰ
753 5239 863 5308 γὰρ
889 5240 1146 5325 καθξρῶς
1191 5239 1464 5310 ἐγύμνουν
1515 5241 1576 5294 τὸ
1615 5244 1868 5312 πρᾶγμα,
1915 5242 1992 5307 ὡς

414 5330 507 5380 ἐπὶ
535 5325 747 5399 φυλακῇ
780 5327 872 5380 τοῦ
900 5327 1120 5397 λιμένος
1156 5328 1380 5381 καὶτῶν
1408 5329 1654 5398 τριηρῶν
1688 5327 1992 5382 καταϐιϐά-

418 5418 573 5481 ζουσι
607 5419 830 5481 τούτους
877 5417 972 5472 τοῦ
1023 5418 1258 5490 τείχους,
1316 5419 1595 5481 εὐέλπιδες
1640 5419 1707 5472 ἂν
1752 5416 1895 5489 ἦσαν
1941 5421 1992 5472 οί

412 5505 899 5580 ’περιλελειμμένοι
926 5512 1002 5578 τῷ
1027 5502 1221 5579 τείχει,
1253 5510 1346 5564 καὶ
1374 5511 1477 5563 οὐκ
1509 5511 1574 5563 ἂν
1603 5515 1784 5580 φυγὴν
1811 5510 1993 5564 αὐτῶν

422 5600 795 5655 ύπετόπασαν.
829 5601 975 5654 Ἀλλ’
999 5601 1204 5672 ἥκιστα
1240 5601 1467 5669 γέγονεν
1495 5600 1658 5661 οὕτω,
1695 5600 1994 5654 κάντεῦθεν

423 5694 459 5762 ἡ
488 5693 708 5745 ἐκείνων
736 5695 842 5748 ἀπὸ
872 5691 964 5746 τοῦ
995 5692 1211 5764 τείχους
1241 5695 1529 5757 διάστασις
1574 5692 1779 5747 δειλίαν
1804 5693 1866 5746 ού
1895 5693 1994 5763 τὴν

425 5784 694 5840 τυνοῦσαν
727 5788 839 5838 τ.ἴ.
873 5785 1131 5839 άπάλτων
1163 5786 1323 5844 ἐνῆκε
1372 5786 1595 5846 ψυχαῖς.
1628 5787 1723 5840 καὶ
1757 5785 1898 5840 κατά
1934 5785 1994 5839 τὸ

2095 4602 2397 4659 triremium
2443 4612 2629 4664 causa,
2694 4598 2834 4666 quas}
2865 4596 2916 4650 in
2975 4594 3164 4647 urbem
3222 4594 3665 4657 penetraverant,

2093 4691 2161 4745 ne
2187 4704 2282 4744 eas
2308 4687 2542 4742 ﬂammis
2590 4699 2692 4740 suo
2755 4685 2992 4738 adventu
3041 4680 3238 4732 Turca:
3283 4678 3666 4736 absumerent,

2092 4780 2404 4851 sagittarios
2463 4780 2529 4831 ad
2591 4775 2900 4831 custodiam
2982 4783 3265 4825 murorum
3316 4765 3672 4836 ,dispartitos

2093 4873 2374 4938 secedere,
2427 4870 2533 4925 alio
2581 4879 2744 4940 atque
2804 4866 2913 4921 alio
2978 4863 3296 4935 migrantes,
3365 4859 3674 4930 jusserunt,

2097 4962 2318 5034 reliquis
2351 4977 2571 5018 causam
2598 4962 2675 5016 rei
2708 4957 3089 5030 ignorantibus
3114 4963 3170 5009 et
3221 4953 3352 5023 quid
3413 4965 3444 5007 e
3499 4951 3674 5004 muris

2095 5054 2332 5111 secessio
2360 5055 2634 5108 iunueret.
2668 5049 2879 5105 Etenim
2908 5049 2953 5102 si
2984 5046 3186 5101 factum
3210 5042 3370 5113 plane
3418 5044 3658 5109 aperuis-

2097 5153 2237 5211 sent,
2267 5146 2334 5201 ad
2365 5143 2782 5200 custodiendum
2810 5141 3022 5196 scilicet
3044 5147 3258 5212 portum
3314 5146 3370 5189 et
3421 5133 3674 5188 triremes

2097 5252 2192 5292 eos
2222 5238 2446 5292 amuris
2506 5231 2747 5300 avocari,
2813 5231 2904 5303 qui
2968 5230 3020 5284 in
3071 5228 3241 5282 muris
3309 5225 3674 5281 defendendis

2100 5338 2494 5390 remanserant,
2519 5342 2615 5397 spe
2664 5341 2770 5382 non
2819 5323 2959 5380 mala
3024 5321 3230 5386 iactati,
3292 5320 3470 5388 fugam
3529 5315 3677 5371 illam

2099 5436 2221 5476 esse
2247 5419 2508 5490 suspicati
2546 5434 2652 5472 non
2688 5417 2939 5472 fuissent.
2974 5414 3080 5470 Sed
3117 5413 3172 5468 id
3202 5413 3309 5466 alio
3339 5410 3505 5465 modo
3549 5423 3676 5463 eve-

2100 5515 2200 5578 nit,
2225 5522 2282 5568 et
2310 5527 2498 5567 eorum
2530 5526 2559 5564 a
2593 5511 2764 5564 muris
2787 5523 3041 5564 secessus
3072 5506 3368 5560 maximum
3431 5502 3485 5555 in
3547 5514 3678 5568 pec-

2101 5617 2219 5660 tora
2260 5606 2500 5660 omnium
2533 5613 2736 5659 metum
2796 5601 3002 5672 injecit,
3035 5603 3172 5656 adeo
3205 5609 3264 5654 ut
3321 5596 3492 5650 media
3557 5595 3675 5662 ipsa

2101 5708 2261 5754 nocte
2308 5699 2433 5768 fuga
2477 5696 2784 5752 clanculum
2807 5701 3053 5764 arrepta.
3076 5708 3182 5747 non
3204 5704 3368 5760 parva
3393 5701 3674 5742 murorum

2102 5799 2257 5847 oarte
2283 5790 2523 5849 deserta.
2556 5787 2777 5842 domum
2833 5789 3160 5842 remearent.
3212 5778 3338 5834 llaec
3391 5775 3676 5843 potissima
