4000 6460
414 385 521 452 607

1621 393 1948 458 JOANNIS
1977 396 2459 460 ANAGNOST/E

3548 377 3646 474 6W

413 499 560 563 λίθος
591 501 720 555 ἄνευ
750 502 954 557 σκοποῦ
989 502 1284 578 ἀφιέμενος
1323 510 1386 563 ἐκ
1437 511 1622 580 χειρὸς
1671 514 1986 585 ναρκώσης,
2018 515 2114 568 τοῦ
2149 514 2466 584 πέμποντος
2535 516 2635 586 οὐχ
2694 517 2830 588 όρᾷν
2881 518 3182 590 δυναμένου
3226 519 3363 590 πρὸς
3407 521 3526 575 τίνα
3563 529 3646 577 καὶ

415 595 490 663 πῆ
524 595 714 649 τοῦτον
761 598 954 666 ἀφίησι
983 617 999 666 ;

487 687 597 740 Hoc
635 701 859 759 propter
890 693 1136 749 hostibus
1168 698 1342 752 modis
1366 701 1616 754 omnibus
1647 708 1869 758 stren'ue
1921 718 1980 758 se

2157 700 2344 771 Ταύτῃ
2373 718 2455 754 τοι
2507 697 2602 755 οὗν
2632 702 2743 756 τῶν
2777 703 3055 770 πολεμίων
3111 705 3199 760 διὰ
3235 706 3458 761 πάντων
3511 710 3641 779 ίσχυ-

411 781 720 849 gereulibus
742 791 798 836 et
832 799 1062 854 pugnam
1097 789 1380 858 diligenter
1410 796 1886 860 prosequentibus,
1931 805 1986 850 et

414 875 570 928 nobis
604 877 854 930 omnibus
889 877 1209 937 discrimine
1263 894 1518 955 metuque
1567 891 1881 957 prostratis,
1932 899 1987 946 et

413 965 534 1019 aliis
565 965 707 1019 bello
742 970 900 1022 tinem
935 971 1233 1036 positurum
1263 975 1525 1032 Muratem
1562 981 1983 1050 suspicantibus,

413 1057 538 1110 aliis
571 1067 813 1116 nostrum
843 1063 1115 1117 excidium
1148 1071 1595 1134 exspectantibus
1626 1072 1982 1128 contenden-

417 1149 669 1216 tilmsque
705 1166 953 1218 prorsum
1008 1156 1200 1210 urbem
1239 1161 1573 1229 ,capieudam
1656 1178 1800 1220 esse.
1887 1163 1980 1219 Sic

419 1241 580 1295 rebus
619 1257 677 1296 se
709 1243 1058 1312 habentibus,
1088 1259 1142 1302 et
1176 1251 1329 1306 nobis
1358 1257 1693 1319 perturbatis
1722 1265 1774 1310 et
1848 1257 1984 1312 insi-

415 1334 594 1398 gniter
626 1333 886 1398 canfusis,
912 1353 1031 1390 cum
1071 1341 1269 1406 partim
1327 1358 1519 1412 pugnae
1584 1345 1985 1415 incumberent,

415 1423 608 1488 pztrlitll
665 1435 943 1494 torpentes
991 1443 1325 1500 cessassent,
1406 1439 1603 1505 partim
1658 1439 1983 1508 sagittarum

413 1511 613 1568 ictibus
649 1527 875 1570 mortem
915 1523 1299 1590 oppetiissent,
1329 1527 1527 1595 partim
1563 1545 1593 1584 e
1641 1534 1812 1586 muris
1859 1533 1984 1602 luga

414 1620 535 1656 sese
563 1609 951 1674 surripuisseut
980 1615 1349 1686 continuoque
1382 1621 1748 1690 surriperent,
1789 1626 1987 1682 timore

414 1696 654 1750 statione
687 1699 898 1768 relicta,
930 1704 1172 1758 nondum
1192 1709 1371 1775 quarti
1406 1710 1511 1766 diei
1542 1712 1675 1766 hora
1707 1718 1989 1782 praeterie-

411 1796 498 1839 rat
525 1791 708 1854 tertia,
745 1801 802 1846 et
858 1796 1087 1851 urbsab
1122 1797 1391 1870 hostibus,
1431 1805 1533 1859 heu
1575 1806 1588 1860 ί
1626 1808 1730 1864 hoc
1771 1810 1988 1879 capitur

412 1879 592 1936 mOtlo.

410 2444 886 2508 tiaruut:alicubi
942 2457 1367 2520 aﬂixarumcum
1436 2470 1730 2524 nonnullos
1782 2474 1984 2540 gradus

407 2537 805 2605 ascendissent,
826 2558 930 2598 non
956 2558 1182 2616 potuere
1201 2552 1408 2608 facinus
1425 2558 1732 2625 absolvere,
1758 2563 1984 2627 quibus.

409 2624 532 2678 dam
558 2629 680 2686 aliis
710 2635 1134 2708 animosioribus
1166 2643 1218 2697 in
1249 2644 1357 2700 illis
1389 2650 1640 2715 partibus
1671 2655 1986 2709 consisteno

412 2718 576 2779 tibus,
608 2734 656 2776 et
688 2727 836 2781 saxis
867 2739 1032 2800 atque
1062 2732 1332 2803 lapidibus
1354 2752 1480 2793 cum
1520 2740 1652 2809 ipsis
1703 2745 1868 2798 scalis
1893 2747 1987 2801 de-

403 2809 722 2878 jicicntibus
749 2829 802 2872 et
832 2819 1319 2881 internecantibus.
1339 2827 1474 2884 Cum
1502 2832 1685 2902 itaque
1717 2833 1834 2890 haec
1859 2851 1988 2892 suc-

407 2902 670 2958 cederent
698 2921 750 2962 et
780 2910 853 2964 illi
883 2913 1091 2968 insania
1126 2918 1270 2986 pleni
1303 2920 1573 2988 furerent,
1636 2942 1745 2981 non
1777 2931 1988 2985 medio-

407 3007 555 3047 crem
584 2997 860 3054 infamiam
896 3005 998 3082 sibi
1035 3007 1264 3079 irrogari
1299 3014 1401 3067 rati
1436 3014 1483 3070 si
1517 3016 1804 3072 victoriam
1876 3037 1982 3076 non

408 3094 800 3152 reportassent,
831 3091 1103 3151 curiosius
1137 3097 1552 3172 investigantes,
1599 3106 1810 3161 scalam
1865 3109 1987 3164 Tri-

405 3176 566 3238 gonio
587 3179 880 3248 applicant,
902 3184 1058 3254 cujus
1085 3192 1315 3259 angulus
1340 3204 1462 3250 erat
1488 3211 1556 3251 ex
1574 3198 1740 3260 turri,
1770 3214 1870 3255 nec
1891 3215 1986 3268 po-

405 3273 822 3328 teratascensus
851 3274 1125 3348 impediri,
1145 3284 1490 3350 potissimum
1516 3304 1640 3344 cum
1667 3291 1982 3350 hominibus

405 3374 629 3426 prorsus
663 3364 1010 3431 viduarctur;
1044 3375 1319 3444 pedesque
1357 3377 1622 3434 audacior
1645 3382 1794 3447 aliis,
1847 3401 1976 3442 ense
2004 3397 2052 3461 ο

407 3446 665 3536 dentibus
693 3462 898 3520 rarpto,
928 3456 1156 3529 vitmque
1185 3471 1412 3519 mortem
1431 3446 1784 3537 praeponens,
1803 3473 1979 3529 solum

405 3549 466 3591 ut
495 3531 836 3601 fortitudinis
901 3546 1102 3604 famam
1153 3553 1262 3608 sibi
1326 3571 1697 3629 compararet,
1759 3565 1981 3620 fidentia

405 3649 566 3701 quam
607 3638 839 3691 maxima
877 3657 1092 3697 murum
1125 3648 1392 3714 ascendit,
1427 3653 1646 3708 nemine
1679 3655 1728 3709 id
1761 3671 1984 3724 perseu-

407 3730 575 3781 tiente
608 3729 829 3792 civium.
863 3734 994 3802 quin
1019 3737 1142 3790 aliis
1169 3739 1226 3794 in
1253 3739 1387 3798 locis
1410 3743 1665 3801 hostibus
1687 3761 1980 3804 ascensum

403 3819 789 3890 prohibebant.
817 3824 866 3880 ls
897 3825 1078 3884 Latini
1115 3831 1258 3887 inter
1283 3839 1699 3908 propugnacula
1738 3842 1980 3899 confossi

407 3912 720 3971 vulneribus
746 3927 801 3972 et
835 3929 1142 3978 extremum
1177 3925 1442 3995 spirantis
1482 3942 1648 4002 caput
1677 3933 1982 3992 abscissum

407 4003 553 4059 inter
575 4009 929 4078 conliigeutcs
952 4015 1202 4085 projecit,
1256 4019 1491 4077 innuens
1515 4038 1575 4079 se
1604 4027 1778 4095 partis
1838 4028 1983 4084 illius

407 4099 659 4163 potitum,
691 4112 745 4158 et
767 4103 1001 4182 desertis
1038 4109 1210 4165 muris
1237 4111 1400 4180 plane
1431 4129 1624 4173 omnes
1686 4119 1741 4173 iu
1791 4119 1978 4190 fugam

405 4205 530 4246 sese
562 4195 768 4250 reditus
793 4197 1140 4258 immemores
1170 4206 1490 4274 conjecisse.
1532 4208 1690 4266 Diem
1725 4222 1838 4266 tum
1856 4228 1987 4282 ape-

407 4284 586 4341 riebat
640 4291 841 4346 mensis
872 4292 1101 4350 Martius
1158 4310 1432 4356 nonumet
1489 4303 1807 4360 vicesimum
1855 4307 1985 4362 anni

406 4377 548 4432 6958
583 4379 806 4450 (Christi
841 4384 1025 4454 1430).
1050 4387 1231 4455 Quare
1266 4391 1356 4447 ille
1385 4395 1602 4462 pedites
1658 4410 1854 4452 omnes
1888 4398 1987 4453 ad-

409 4470 660 4536 hortans,
715 4482 770 4529 ct
815 4477 1141 4536 destitutum
1197 4496 1228 4536 a
1263 4484 1647 4542 defensoribus
1679 4486 1858 4541 locum
1909 4489 1986 4544 si-

405 4565 692 4632 gniﬁcans,
737 4579 794 4621 ut
825 4569 970 4627 illico
1012 4576 1378 4632 escenderent
1443 4577 1707 4634 clamare.
1767 4581 1873 4647 llli,
1927 4591 1986 4637 ut

408 4669 675 4724 poterant,
700 4663 880 4718 subito
910 4666 1072 4722 scalis
1107 4669 1380 4726 universis
1401 4671 1638 4726 admotis
1669 4673 1985 4743 frequentes

2095 790 2202 861 ρῶν
2257 791 2643 860 δεικνυμένων,
2673 792 2768 846 τοῦ
2827 793 3067 865 πολέμου
3118 812 3176 848 τε
3220 797 3489 866 μηδαμῶς
3529 799 3646 869 ἀμε-

2089 880 2346 944 λούντων,
2385 885 2479 938 καὶ
2511 883 2733 959 πάντων
2781 885 2941 953 ἡμῶν
2984 887 3042 938 ἐν
3075 889 3302 957 ταράχῳ
3349 888 3530 959 πολλῷ
3568 893 3655 944 καὶ

2091 971 2244 1040 φόϐῳ
2275 956 2725 1042 καθεστηκότων,
2765 976 2857 1026 καὶ
2897 972 3008 1026 τῶν
3049 974 3148 1044 μέν
3196 956 3516 1030 παύσασθαι
3568 981 3656 1033 τοῦ

2090 1063 2347 1132 πολεμεῖν
2380 1062 2472 1115 τὸν
2501 1063 2798 1136 Μουράτην
2847 1065 3245 1134 ὑπονοούντων,
3294 1067 3405 1120 τῶν
3453 1069 3510 1121 δέ
3568 1071 3657 1138 τὴν

2087 1154 2368 1224 ἡμετέραν
2395 1153 2675 1208 ἀπώλειαν
2708 1156 3164 1226 προσδοκώντων,
3199 1157 3297 1236 καὶ
3335 1159 3659 1231 διατεινομέ-

2089 1262 2196 1298 νων
2235 1243 2309 1316 μὴ
2337 1244 2402 1298 ἂν
2437 1244 2613 1308 ἄλλως
2665 1246 2917 1314 γενέσθαι
2951 1248 2984 1318 ἢ
3029 1249 3128 1319 τὴν
3160 1248 3318 1302 πόλιν
3369 1250 3590 1314 ἁλῶναι,
3617 1281 3655 1291 --

2089 1335 2264 1400 οὕτως
2291 1332 2385 1390 οὖν
2419 1336 2528 1391 τῶν
2553 1340 2894 1408 πραγμάτων
2908 1339 3274 1409 διακειμένων
3325 1343 3421 1395 καὶ
3468 1343 3659 1410 πολλῆς

2089 1428 2146 1482 ἐν
2170 1431 2306 1498 ἡμῖν
2343 1429 2662 1500 συγχύσεως
2692 1431 2879 1501 οὔσης,
2911 1432 3023 1486 τῶν
3074 1433 3176 1502 μὲν
3225 1434 3370 1504 πρὸς
3404 1435 3463 1486 τὸ
3513 1440 3660 1486 πολε-

2091 1520 2216 1588 μεῖν
2250 1520 2375 1582 faui;
2401 1521 2840 1591 ἀσχολουμένων,
2881 1521 2990 1577 τῶν
3017 1523 3073 1576 δὲ
3120 1525 3657 1594 ’καταναρκωθέντων

2089 1610 2366 1676 καθάπαξ,
2401 1613 2602 1681 ἐτέρων
2622 1615 2678 1666 δὲ
2709 1616 2822 1676 τοῖς
2845 1615 2952 1668 ἀπὸ
2983 1615 3091 1668 τῶν
3123 1617 3298 1686 βελῶν
3361 1619 3658 1688 τραύμασιν

2090 1701 2560 1770 ἐναποθανόντων,
2610 1705 2768 1758 ἐνίων
2798 1705 2856 1758 δέ
2903 1707 3014 1758 καὶ..
3042 1709 3360 1776 φευγόντων
3400 1709 3506 1760 ἀπὸ
3562 1711 3662 1760 τῶν

2088 1794 2306 1864 τειχῶν,
2345 1797 2544 1862 μηκέτι
2581 1798 2766 1866 μένειν
2799 1799 2980 1850 ἐκεῖσε
3032 1799 3355 1868 δυναμένων
3418 1801 3522 1852 ὑπὸ
3575 1805 3661 1853 τοῦ

2089 1885 2266 1949 δέους.
2329 1887 2472 1940 οὕτω
2530 1889 2627 1958 τῆς
2681 1891 2951 1962 τετάρτης
2999 1892 3030 1960 ἠ
3085 1891 3245 1961 τρίτη
3296 1893 3662 1962 παρελήλυθεν

2091 1973 2230 2047 ὥρα,
2259 1977 2356 2030 καὶ
2386 1980 2418 2049 ἡ
2449 1979 2608 2041 πόλις
2636 1981 2739 2049 φεῦ
2769 1983 2782 2036 ι
2808 1982 2961 2051 παρὰ
2991 1981 3102 2037 τῶν
3148 1985 3428 2054 πολεμίων
3487 1986 3663 2074 τοῦτον

2016 2045 2060 2102 Β
2089 2045 2233 2123 ἐάλω
2269 2071 2358 2123 τὸν
2405 2045 2643 2144 τρόπον.

2163 2161 2252 2230 ιγ’.
2283 2162 2372 2224 Ὠς
2395 2164 2475 2226 είς
2507 2165 2678 2218 πολλὰ
2707 2164 2808 2230 τὰς
2836 2166 3115 2236 κλίμακας
3171 2162 3318 2240 ἦσαν
3347 2172 3663 2240 κομίσαντες

2091 2252 2256 2324 μέρη,
2283 2254 2377 2306 καὶ
2404 2257 2479 2325 πῇ
2511 2257 2728 2324 ἐγγίσαι
2758 2257 2836 2327 τῷ
2888 2259 3057 2330 τείχει
3101 2259 3308 2323 ταύτας
3360 2263 3459 2314 οὐκ
3495 2263 3661 2333 ἔσχον,

2086 2343 2460 2397 ἁπωθούντων
2493 2345 2603 2396 τῶν
2634 2346 2766 2413 ἄνω,
2808 2348 3003 2418 μέχρις
3040 2343 3100 2402 οῦ
3135 2351 3516 2421 κατενάρκησε
3550 2351 3661 2403 τού⁴

2085 2450 2212 2498 τους
2237 2437 2264 2488 ό
2312 2435 2496 2504 φόϐος,
2529 2435 2610 2506 πῆ
2639 2437 2695 2489 δὲ
2728 2437 2911 2503 θέντες
2962 2439 3055 2491 καί
3089 2457 3246 2508 τινας
3279 2441 3663 2511 ἀναϐεϐηκότες

2090 2525 2356 2597 βαθμίδας
2399 2526 2500 2581 οὑκ
2538 2527 2768 2598 ῐσχυσαν
2811 2531 2870 2582 τὸ
2926 2533 3240 2604 ἐγχείρημα
3295 2541 3658 2608 συμπερᾶναι,

2087 2623 2250 2676 τινῶν
2281 2623 2550 2694 εὐψυχίαν
2607 2624 2748 2697 ὑπὲρ
2809 2627 2938 2688 τοὺς
2997 2629 3193 2692 ἄλλους
3261 2635 3557 2704 κτωμένων
3605 2636 3657 2686 ἐν

2087 2713 2321 2776 ἐκείνοις
2341 2718 2451 2777 τοῖς
2484 2715 2707 2787 μέρεσιν
2729 2717 3079 2790 εὑρεθέντων,
3105 2723 3198 2775 καὶ
3218 2714 3389 2787 λίθοις
3431 2726 3657 2796 χερμάσι

2089 2807 2587 2877 καταϐεϐληκότων
2628 2811 2745 2881 ἅμα
2801 2817 2924 2876 ταῖς
2983 2814 3210 2884 κλίμαξι
3273 2817 3516 2885 τούτους,
3576 2819 3660 2871 καί

2087 2898 2316 2964 πολλοὺς
2346 2903 2406 2954 τὸ
2431 2899 2530 2971 ζῇν
2570 2895 2984 2973 ἐζημιωκότων,
3017 2934 3072 2946 ο-
3098 2909 3174 2972 ὡς
3199 2908 3300 2963 οῦν
3329 2910 3471 2964 οὕτω
3497 2910 3654 2962 ταῦτα

2085 2992 2317 3062 γένοιτο,
2352 2995 2449 3047 καὶ
2477 2995 2708 3064 πλήρεις
2735 2990 2880 3066 ἦσαν
2933 2999 3134 3052 ἐκεῖνοι
3187 3000 3372 3071 θυμοῦ
3405 3003 3422 3071 (
3450 3002 3523 3072 μὴ
3568 3001 3658 3053 οὐκ

2085 3087 2274 3158 ὀλίγην
2325 3088 2560 3159 ἡγοῦντο
2586 3090 2692 3158 γὰρ
2737 3091 2999 3161 ὀφλήσειν
3059 3092 3331 3164 αἰσχύνην
3385 3095 3658 3165 ἡττημένοι

2084 3180 2420 3251 φανέντες),
2476 3183 2901 3254 περιεργότερον
2951 3187 3378 3257 στοχασάμενοι,
3429 3192 3519 3242 καὶ
3563 3187 3658 3238 τῶν

2085 3272 2372 3340 κλιμάκων
2405 3273 2530 3342 μίαν
2562 3273 2783 3327 κατὰτὸ
2814 3275 3119 3346 Τριγώνιον
3155 3277 3369 3344 θέντες,
3397 3272 3458 3333 οὗ
3495 3279 3652 3347 γωνία

2084 3379 2169 3428 τις
2192 3359 2259 3434 ἦν
2288 3366 2354 3416 ἐκ
2393 3364 2628 3436 πύργου,
2660 3367 2755 3419 καὶ
2819 3366 2919 3420 οὑκ
2957 3360 3107 3437 εἶχεν
3157 3369 3286 3423 ὅθεν
3334 3371 3400 3425 ἄν
3445 3389 3523 3431 τις
3571 3369 3658 3436 τῆς

2090 3456 2281 3509 ἀνόδου
2305 3455 2549 3510 κωλύσαι
2571 3456 2661 3510 τὸν
2681 3457 3067 3527 ἀναϐαίνοντα,
3102 3462 3200 3514 καὶ
3231 3463 3404 3534 πολλή
3456 3479 3536 3524 τις
3559 3461 3658 3512 τῶν

2089 3549 2397 3620 ἀνθρώπων
2441 3548 2742 3619 ἐτύγχανεν
2794 3551 3023 3622 ἐρημία,
3083 3551 3298 3624 τόλμην
3334 3554 3507 3623 ψυχῆς
3559 3551 3656 3603 τῶν

2091 3641 2269 3696 ἄλλων
2302 3659 2387 3705 τις
2440 3642 2625 3707 πεζῶν
2678 3642 3080 3712 ἐνδειξάμενος,
3136 3644 3197 3696 τὺ
3239 3645 3394 3714 ξίφος
3435 3641 3658 3697 ἐνδακὼν

2091 3738 2200 3797 τοῖς
2225 3735 2405 3788 ὀδοῦσι
2430 3737 2524 3790 καὶ
2551 3736 2611 3788 τὺ
2651 3737 2835 3790 θανεῖν
2859 3736 3247 3807 ἀνθῃρημένος
3279 3737 3371 3790 τοῦ
3425 3736 3541 3805 ζῇν,
3580 3734 3656 3784 ἵνα

2097 3826 2261 3898 μόνον
2287 3827 2540 3898 ἀνδρείας
2569 3827 2730 3894 δόξαν
2774 3826 3094 3897 κομίσηται,
3131 3829 3258 3898 μεθ’
3311 3831 3440 3897 ὅσης
3487 3829 3548 3881 άν
3583 3839 3656 3883 τις

2093 3921 2239 3974 ετποι
2283 3919 2384 3990 τῆς
2441 3918 2733 3987 εὐτολμίας
2786 3918 2847 3972 τὸ
2899 3921 3077 3989 τεῖχος
3121 3921 3476 3991 ἀναϐεϐήκει,
3544 3912 3655 3984 μηδ’

2091 4013 2406 4068 οὑτινοσοῦν
2453 4011 2786 4080 αἰσθομένου
2819 4009 2928 4064 τῶν
2986 4011 3157 4075 ἔνδον,
3223 4014 3321 4066 καὶ
3368 4011 3498 4064 κατ’·
3541 4007 3655 4060 ἄλλο

2093 4107 2263 4178 μέρος
2288 4107 2395 4158 τῶν
2426 4105 2691 4159 ἐναντίων
2721 4102 3034 4174 τηρούντων
3069 4103 3170 4174 τὴν
3212 4104 3418 4160 ἄνοδον.
3446 4101 3655 4196 Λατῖνον
3669 4125 3690 4196 ι.

2092 4198 2187 4254 οῦν
2203 4200 2366 4262 εὐθὺς
2388 4201 2447 4252 ἐν
2477 4201 2598 4262 ταῖς
2627 4196 3031 4267 πυργοϐάρεσιν
3087 4196 3343 4267 εὑρηκὼς
3390 4189 3648 4264 τετρωμέο

2093 4310 2184 4348 νον
2229 4255 2458 4361 ἐναγγος
2496 4255 2594 4344 καί
2639 4255 2714 4344 τὰ.
2747 4255 2974 4343 ,λοίσθια
3023 4255 3272 4354 πνέοντα,
3325 4255 3514 4338 τούτου
3557 4255 3689 4356 τὴν

2093 4383 2338 4454 κεφαλὴν
2367 4381 2620 4452 ἐκτεμὼν
2651 4380 2758 4433 τῶν
2791 4378 3170 4449 πολεμούντων
3205 4381 3286 4441 είς
3353 4378 3513 4445 μέσον
3554 4387 3645 4476 κει-
3669 4382 3682 4396 ί

2091 4476 2338 4549 τέρῤιψε,
2365 4475 2544 4542 δείξας
2572 4475 2718 4536 ὅπως
2755 4489 2814 4525 τε
2844 4470 2938 4524 τοῦ
2975 4471 3176 4541 μέρους
3229 4470 3438 4524 ἐκείνου
3464 4470 3652 4529 κεκρᾰ-
3675 4496 3691 4518 ο.

2091 4585 2226 4639 τηκε
2270 4568 2366 4620 καὶ
2392 4569 2467 4631 ὡς
2501 4568 2568 4620 τὰ
2617 4565 2774 4636 τείχη
2826 4564 3027 4625 πάντες
3073 4561 3428 4620 ἀπολιπόντες
3469 4555 3653 4625 ᾤχοντο

2093 4664 2525 4734 ἀμεταστρεπτί.
2574 4661 2834 4730 Ἐννάτην
2862 4655 2965 4730 ἦγε
2983 4659 3076 4712 καὶ
3095 4657 3349 4726 εἰκοστὴν
3377 4656 3404 4707 ὁ
3425 4652 3652 4718 Μάρτιος

406 4755 724 4818 asr-endere,
755 4755 992 4814 clamore
1022 4763 1325 4830 etstrepitu
1359 4764 1453 4832 qui
1485 4741 1782 4834 tympanis
1829 4767 1983 4822 corio

2092 4762 2237 4825 τότε,
2271 4757 2391 4820 ἐτος
2431 4756 2488 4810 δέ
2524 4753 2851 4826 τριακοστὸν
2883 4752 3073 4822 ὄγδοον
3117 4750 3256 4822 πρὸς
3308 4747 3387 4816 τῷ
3448 4741 3651 4834 ἑξακισ-

406 4842 668 4897 rout‘ectis
703 4844 1091 4914 elicitur;boc
1115 4848 1256 4904 idem
1297 4850 1446 4904 enim
1473 4849 1618 4904 inter
1668 4850 1981 4908 bellandum

407 4937 644 4988 maxime
669 4939 880 4994 animos
909 4942 1176 4997 concutit.
1212 4941 1366 4997 Multi
1396 4941 1566 4997 etiam
1599 4950 1806 5000 temere
1872 4960 1986 4999 au-

408 5029 702 5099 dacterque
731 5034 979 5088 manibus
1003 5033 1299 5102 etgeuibus
1324 5043 1566 5104 reptare,
1596 5035 1750 5105 gravi
1797 5035 1978 5092 aliena

407 5123 510 5174 s'bi
538 5127 889 5191 comparandi
925 5125 1016 5180 siti
1041 5141 1328 5192 succensa,
1347 5135 1404 5181 et
1433 5141 1533 5196 per
1563 5127 1984 5197 propugnacula

408 5212 555 5269 intro
585 5229 706 5270 sese
739 5219 976 5273 mittere.
1003 5218 1200 5273 Verum
1228 5221 1428 5289 quibus
1449 5238 1549 5294 per
1583 5224 1762 5282 scalas
1787 5241 1987 5283 ascen-

407 5321 502 5360 sus
534 5321 639 5362 i.on
683 5310 1124 5376 permittebatur,
1177 5327 1277 5381 per
1346 5331 1626 5372 murorum
1686 5317 1985 5382 foramina,

408 5417 530 5470 quae
555 5404 723 5456 multa
751 5403 1073 5470 eﬂ‘oderant,
1102 5408 1154 5460 in
1193 5406 1382 5462 urbem
1415 5409 1635 5465 solliciti
1669 5411 1985 5481 immigrare

412 5491 554 5545 alius
583 5491 751 5546 alium
773 5494 937 5547 celeri
969 5510 1132 5550 cursu
1158 5507 1212 5552 et
1231 5497 1410 5554 citatis
1441 5501 1699 5570 passibus
1721 5515 1985 5570 superare

410 5584 768 5650 contendens,
807 5587 1056 5642 manibus
1089 5605 1249 5647 enses
1313 5592 1573 5656 ferentes,
1604 5603 1659 5648 et
1693 5593 1850 5663 quasi
1883 5592 1986 5648 de-

411 5687 692 5731 certantes
719 5679 842 5749 quis
870 5681 1018 5749 prior
1047 5681 1170 5738 aliis
1201 5683 1254 5738 in
1298 5684 1541 5740 habitata
1566 5687 1720 5742 urbis
1750 5688 1868 5741 loca
1931 5694 1989 5740 et

415 5780 568 5821 oraui
606 5770 936 5824 maritimam
974 5785 1312 5840 prowrrcret
1352 5793 1364 5827 τ
1429 5789 1497 5829 co
1523 5776 1667 5829 enim
1719 5775 1986 5856 potiorem

418 5861 615 5938 civium
655 5875 887 5930 partem,
924 5872 978 5920 ct
1009 5868 1240 5924 maxime
1267 5866 1510 5932 Latinos,
1547 5876 1765 5932 proutcr
1828 5868 1989 5923 trire-

2093 4848 2351 4922 χιλιοστῷ
2399 4844 2800 4916 ἐννακοσιοστῷ
2855 4844 3184 4911 ἐνειστήκει.
3237 4829 3648 4922 Παραϐαρρύνις

2090 4919 2271 4996 τοίνυν
2310 4941 2518 5002 ἐκεῖνος
2565 4939 2772 4999 πάντας
2817 4935 3014 5000 πεζοὺς
3057 4933 3121 4986 τὸ
3165 4935 3324 5003 τάχος
3353 4944 3411 4981 τε
3460 4919 3646 4976 ἀνιέναι

2093 5033 2224 5086 ἐϐόα
2244 5032 2338 5085 κα)⁵
2361 5032 2461 5100 τὴν
2492 5029 2737 5098 ἐρημίαν
2765 5024 2978 5097 ἐδήλου.
3016 5024 3081 5078 Oi
3108 5023 3154 5076 δ’
3197 5013 3436 5116 ὼς-είχρν

2093 5184 2406 5272 ἀναϐάίνείν
2428 5184 2718 5285 ἠπείγοντο
2754 5211 2852 5264 σὺν
2884 5209 2981 5280 βοῇ
3022 5208 3115 5262 καὶ
3137 5205 3216 5328 τῶ
3250 5203 3354 5305 τῶν
3407 5184 3642 5328 31:03:;

2109 5314 2122 5328 .
2302 5327 2307 5328 ,
2343 5307 2662 5328 μιηηηιηη
2695 5321 2710 5328 -
2758 5305 2909 5328 μι--.
2961 5301 3068 5328 -.μ
3109 5317 3178 5328 υ..
3253 5307 3406 5328 nam

2096 5314 2198 5384 ρης
2223 5274 2526 5381 τυμπάνων
2549 5274 2667 5377 ἤχῳ
2695 5321 2710 5337 ο
2757 5274 2913 5373 φέρει
2956 5274 3084 5398 γὰρ.
3109 5274 3239 5398 καί-
3253 5274 3641 5398 causanti-(322:

2093 5379 2217 5459 τινα
2246 5379 2308 5455 ἐν
2319 5403 2432 5465 τοῖς
2450 5399 2710 5468 πολέμοις
2748 5395 2850 5465 τὴν
2875 5391 3159 5460 ἔκπληξιν.
3200 5384 3388 5444 Πολλοὶ
3409 5379 3637 5482 δὲ

2093 5496 2266 5558 ϐόλως
2312 5493 2406 5546 καὶ
2465 5466 2870 5562 ἀναρριχᾶσθαι
2939 5466 3636 5582 παρωρμῶντᾳοιπρξθιίξῗῗξ

2095 5590 2183 5643 διὰ
2213 5585 2417 5657 πολλὴν
2436 5584 2530 5638 τοῦ
2549 5582 2774 5653 κέρδους
2801 5577 3119 5688 ἐιπιθυμρίαῖ,
3155 5573 3260 5688 καὶ
3385 5566 3634 5688 τῶένπζὲ;

2100 5648 2388 5750 γοϐάρεων
2401 5674 2781 5732 ἐπεισπίπτειν
2822 5666 3180 5731 ἐσπούδαζον.
3219 5665 3366 5716 Ὅσοι
3418 5648 3508 5754 ph:
3553 5648 3633 5692 ουν

2102 5773 2347 5793 ιριμῲ---
2400 5768 2546 5793 _1__:-
2573 5765 2662 5793 -3..
2687 5763 2887 5793 --A-m.
2914 5758 3198 5793 λυΗξι-ηιηυ
3219 5772 3234 5786 ο
3265 5745 3342 5793 οἷς
3389 5743 3430 5793 δ’
3457 5749 3546 5789 ουκ
3574 5721 3633 5793 ἦν

2099 5745 2372 5835 ἐδύναντο,
2399 5768 2548 5822 τόνδε
2573 5765 2662 5818 τὸν
2687 5763 2887 5833 τρόπον
2913 5758 3198 5816 ἀνέϐαινον
3219 5772 3234 5786 ⁸
3265 5745 3342 5812 οἷς
3389 5745 3430 5866 ξ’
3453 5749 3546 5866 Ῡζκ

2103 5865 2322 5930 ὲ(ἔθ’-κτὸν
2348 5834 2438 5916 διὰ
2459 5860 2566 5915 τῶν
2602 5855 2911 5929 κλιμάκων,
2948 5851 3038 5907 διὰ
3080 5848 3190 5903 τῶν
3216 5834 3520 5917 ὀρυγμάτων
3567 5835 3604 5871 ω
