4000 6424
318 398 430 464 το]

1340 395 1436 460 DE
1476 398 1794 462 EXCIDIO
1827 397 2562 462 TllESSALONlCENSI.

3465 393 3576 458 610

321 513 670 585 εἰργάσαντο,
696 511 907 566 πολλῶν
952 513 1143 574 όντων,
1172 515 1264 566 ἐπὶ
1293 513 1393 583 τὴν
1443 513 1597 565 πόλιν
1654 513 1907 582 δρομαῖοι

2022 527 2130 567 mes
2149 509 2464 579 confugisse
2502 511 2940 580 suspicabantur.
2977 511 3182 566 Omnes
3244 511 3424 578 itaque
3459 529 3579 577 nos,

324 606 640 675 συνέρρεον,
677 605 832 665 ἄλλος
884 605 1045 658 ἄλλον
1073 603 1149 674 τῷ
1169 606 1326 674 τάχει
1360 605 1619 665 νικῶντες
1657 605 1750 657 καὶ
1787 606 1908 655 ταῖν

322 699 505 769 χεροῖν
530 695 598 748 τὰ
629 695 759 766 ξίφη
796 696 1075 766 φέροντες,
1113 693 1206 747 καὶ
1249 690 1362 748 οἷον
1401 694 1674 765 ἐρίζοντες
1731 693 1810 754 τίς
1842 691 1908 746 ἂν

325 788 554 857 φθάσειε
605 787 871 856 πρότερος
925 787 1020 840 ἐπὶ
1071 788 1133 838 τὸ
1181 787 1280 854 τῆς
1324 782 1530 847 πόλεως
1589 783 1908 854 οἰκούμενον

329 880 518 950 μέρος,
550 879 646 931 καὶ
679 877 916 946 μάλιστα
956 880 1019 930 τὸ
1071 877 1207 948 πρὸς
1240 876 1511 930 θάλατταν
1543 893 1556 906 ·
1582 879 1722 948 πρὸς
1774 875 1909 928 αὐτὸ

324 973 436 1040 γὰρ
456 973 581 1035 τοὺς
615 971 832 1032 πλείους
857 974 952 1026 καί
984 971 1220 1042 μάλιστα
1249 973 1378 1033 τοὺς
1415 971 1676 1034 Λατίνους
1707 969 1909 1024 ὑπέλα-

325 1064 421 1115 ϐον
464 1063 551 1115 διὰ
583 1064 682 1124 τάς
711 1065 960 1132 τριήρεις
1016 1061 1519 1134 προσπεφευγέναι.
1569 1062 1775 1124 Πάντες
1815 1059 1908 1114 οῦν

325 1155 506 1224 ἡμεῖς,
537 1155 613 1217 ὼς
632 1149 790 1224 εῖχεν
833 1153 1066 1216 ἕκαστος
1101 1153 1320 1224 τάχους,
1345 1156 1395 1206 οἰ
1428 1154 1528 1224 μέν
1570 1151 1692 1208 κατ’
1726 1153 1908 1215 οἴκους

325 1246 579 1316 ἐθέομεν,
636 1245 686 1298 οἰ
728 1247 785 1298 δὲ
833 1248 982 1309 ναοῖς
1036 1247 1202 1317 ἰεροῖς
1245 1246 1681 1316 κατεφεύγομεν,
1728 1243 1908 1313 ἐτεροι

327 1337 637 1404 ὑπονόμους
663 1338 759 1390 καὶ
811 1337 1100 1406 μνήματα,
1137 1336 1232 1389 καὶ
1296 1335 1400 1389 εἴτι
1459 1335 1597 1405 πρὸς
1633 1335 1910 1403 σωτηρίαν

328 1425 397 1500 ἦν
440 1429 767 1500 ἐπιτήδειον,
803 1429 1063 1483 ὑποδῦναι
1127 1427 1226 1482 σὺν
1272 1429 1464 1499 τρόμῳ
1500 1427 1905 1498 ἠγωνιζόμεθα,

329 1521 480 1574 ἄλλοι
514 1520 573 1572 τὸ
603 1519 695 1572 τοῦ
733 1519 988 1588 αἰγιαλοῦ
1042 1508 1456 1591 κατελάμϐανον
1493 1520 1680 1590 μέρος,
1724 1518 1910 1588 οἰόμε-

333 1632 413 1665 νοι
435 1612 597 1681 δῆθεν
620 1611 729 1666 τῶν
764 1613 1010 1684 τριηρῶν
1044 1612 1307 1682 ἐπιϐῆναι
1336 1613 1369 1684 ἢ
1428 1613 1630 1666 πλοίων
1683 1611 1906 1682 ἐτέρων,

336 1707 457 1773 μεθ’
488 1705 619 1774 ὅσης
641 1704 706 1757 άν
732 1721 813 1768 τις
837 1705 982 1757 εἴποι
1007 1703 1108 1773 τῆς
1137 1707 1343 1774 φρίκης
1376 1721 1389 1736 ·
1427 1703 1596 1774 ᾤοντο
1642 1704 1751 1774 γὰρ
1783 1702 1913 1756 πολ-

329 1797 416 1848 λοὶ
449 1798 617 1866 μήπω
645 1795 770 1856 τοὺς
801 1796 1099 1864 πολεμίους
1124 1795 1353 1850 εἰσιέναι
1405 1796 1638 1848 ἐκεῖθεν.
1663 1797 1736 1847 Τὸ
1768 1794 1810 1847 δ’
1842 1789 1910 1864 ἧν

329 1887 665 1951 τούναντίον,
695 1888 787 1941 καὶ
818 1889 916 1958 τῆς
940 1905 1004 1956 γε
1051 1887 1264 1950 ἐλπίδος
1314 1888 1616 1958 διήμαρτον
1661 1888 1706 1939 οἰ
1753 1885 1910 1938 τοῦτο

330 1978 729 2047 διανοούμενοι.
765 1979 939 2032 Τοῦτο
973 1979 1028 2032 δέ
1065 1979 1208 2033 κατὰ
1240 1980 1330 2031 τὸν
1356 1979 1569 2050 πύργον
1601 1979 1688 2031 τὸν
1713 1978 1910 2030 καλού-

337 2089 498 2140 μενον
524 2072 840 2142 Σαμαρείαν
867 2069 1007 2126 εἶδον
1045 2075 1245 2136 πάντες
1281 2073 1518 2141 συμϐάν.
1551 2073 1775 2124 Πάντων
1801 2073 1910 2142 γάρ

333 2163 761 2232 προσδοκώντων
794 2166 868 2227 ὠς
913 2167 1042 2218 ὅταν
1077 2167 1109 2235 ή
1141 2166 1295 2228 πόλις
1327 2164 1460 2234 ἁλῷ,
1507 2165 1584 2235 μὴ
1630 2165 1696 2217 ἂν
1722 2163 1910 2216 τοῦτον

334 2255 499 2316 εὐθὺς
536 2257 921 2326 προσδεὸόσθαι
975 2258 1007 2326 ἢ
1065 2257 1165 2327 τὴν
1223 2259 1483 2328 ταχίστην
1523 2259 1611 2310 διὰ
1667 2258 1910 2326 πολέμου

333 2345 631 2415 ληφθῆναι,
666 2349 804 2416 πρὸς
831 2349 932 2416 τὴν
984 2350 1081 2417 τῆς
1112 2349 1384 2416 θαλάττης
1431 2349 1604 2417 αὐτὴν
1655 2349 1912 2418 κείμενον

334 2441 494 2504 ἠϊόνα
528 2439 617 2492 καὶ
645 2440 1067 2510 διατειχίσμασι,
1117 2442 1212 2494 καὶ
1241 2442 1426 2504 ὅπλοις
1478 2440 1575 2492 καὶ
1619 2440 1751 2492 πᾶσι
1800 2439 1912 2500 τοῖς

339 2531 662 2598 ἀναγκαίοις
696 2531 882 2594 καλῶς
937 2533 1410 2603 κατωχυρωμένον
1432 2573 1446 2595 ,
1473 2561 1525 2572 -
1555 2534 1760 2601 ταύτην
1817 2527 1912 2586 οὖν

333 2624 436 2690 τὴν
475 2627 712 2692 ματαίαν
743 2625 938 2679 ἐλπίδα
997 2627 1165 2678 πάλαι
1195 2626 1351 2695 ἡμῶν
1389 2625 1768 2692 κεκτημένων,
1813 2627 1914 2676 οὐκ

336 2713 513 2779 ὀλίγοι
542 2715 605 2786 δή
657 2733 800 2778 τινες
842 2718 936 2771 καὶ
994 2719 1132 2787 πρὸς
1182 2717 1372 2800 ⁸ιὶοῦτον
1422 2717 1768 2786 κατέδραμον
1821 2716 1913 2768 ἐπὶ

338 2802 555 2874 φυλακῇ
607 2805 716 2857 τῶν
751 2806 899 2859 ἰδίων
964 2806 1254 2876 σωμάτων.
1291 2806 1439 2876 Πλὴν
1484 2804 1762 2859 κάνταῦθα
1809 2806 1906 2875 τῆς

2013 613 2070 656 ut
2099 602 2296 672 cuique
2331 603 2506 666 licuit,
2541 603 2720 673 fugant
2751 614 3087 659 maturantes
3130 604 3218 659 alii
3261 607 3315 658 iu
3374 608 3583 659 aedibus

2010 709 2131 750 sese
2150 695 2372 760 abdere,
2405 697 2492 747 alii
2538 696 2592 748 in
2621 697 2900 750 cuniculos
2934 712 2986 749 et
3015 699 3286 764 sepulcra,
3312 697 3428 751 etsi
3451 698 3582 765 quid

2008 784 2153 840 aliud
2184 787 2345 841 saluti
2405 787 2802 840 conducibilius
2865 786 3163 848 videbatur.
3217 803 3323 840 non
3374 789 3583 856 absque

2012 886 2254 932 tremore
2285 877 2616 944 subrepere;
2645 878 2735 931 alii
2767 879 3072 931 triremium
3107 879 3186 931 vel
3219 879 3447 932 aliarum
3485 893 3583 930 ua-

2009 970 2310 1024 vicularum
2336 984 2623 1025 ascensum
2645 972 2770 1034 sibi,
2795 973 3019 1023 horrore
3046 986 3189 1024 saevo
3207 970 3434 1039 perfusi,
3461 985 3587 1038 pro-

2011 1065 2317 1124 mittentes,
2342 1065 2405 1114 ad
2427 1063 2606 1116 littora
2635 1079 2892 1131 proruere
2919 1081 2932 1116 :
2959 1079 3191 1130 namque
3221 1063 3586 1127 opinabantur

2011 1157 2216 1212 aditum
2246 1154 2415 1210 fuisse
2438 1157 2503 1208 ad
2545 1171 2642 1209 eas
2671 1157 2920 1210 hostibus
2966 1156 3341 1210 interclusum.
3371 1157 3442 1210 At
3495 1172 3584 1209 res

2011 1248 2172 1304 aliter
2207 1257 2487 1312 cesserat;
2525 1255 2578 1301 et
2606 1247 2695 1316 qui
2727 1246 2928 1301 similia
2963 1247 3432 1314 imaginabantur,
3489 1262 3585 1314 spe

2011 1353 2106 1393 sua
2139 1338 2313 1392 delusi
2347 1347 2494 1393 sunt.
2528 1336 2640 1392 Hoc
2689 1338 2828 1392 idem
2887 1346 2940 1392 et
2970 1339 3112 1393 circa
3156 1339 3348 1393 turrim
3397 1338 3596 1393 Samar

2011 1432 2148 1485 riam
2207 1440 2576 1496 nuncupatam
2622 1429 2917 1497 contigisse
2967 1432 3166 1484 ornues'
3207 1431 3586 1498 experimento

2012 1522 2514 1592 deprehenderunt.
2561 1520 2694 1574 Nam
2737 1521 3146 1584 existimabant,
3178 1522 3396 1576 etiamsi
3452 1523 3583 1574 urbs

2012 1625 2324 1686 caperetur,
2367 1630 2473 1670 non
2527 1617 2708 1669 statim
2739 1631 2857 1670 eam
2909 1615 3245 1670 deditionem
3309 1616 3581 1669 facturam

2014 1708 2100 1762 vel
2131 1707 2267 1760 adeo
2287 1706 2544 1762 celeriter
2567 1709 2634 1760 ab
2653 1709 3118 1776 oppugnatoribus
3145 1709 3581 1776 opprimendam,

2015 1800 2070 1853 in
2102 1798 2221 1867 ipso
2249 1799 2416 1852 maris
2447 1799 2628 1853 littore
2661 1799 2847 1864 sitam,
2875 1799 3048 1852 muris
3075 1811 3129 1852 et
3163 1800 3334 1852 armis
3386 1809 3582 1854 tectam

2014 1889 2460 1958 necessariisque
2489 1890 2610 1944 aliis
2640 1891 2843 1958 optime
2869 1893 3279 1945 communitam.
3309 1891 3422 1946 l-lac
3445 1907 3583 1945 vana

2014 1998 2110 2051 spe
2138 1997 2167 2034 a
2200 1982 2365 2036 untlto
2393 1993 2640 2050 tempore
2697 1972 2880 2036 laetati
2935 1999 3040 2037 non
3093 1983 3252 2052 pauci
3287 1984 3340 2036 in
3406 1984 3582 2048 illam,

2014 2080 2073 2125 ut
2100 2073 2336 2141 propriis
2377 2074 2701 2140 corporibus
2750 2075 3121 2141 providerent,
3165 2076 3420 2130 ruebant.
3483 2076 3586 2128 Ve-

2016 2171 2318 2216 rumtamen
2343 2163 2395 2216 in
2433 2163 2539 2217 hoc
2568 2179 2784 2233 quoque
2836 2165 3046 2231 decepti
3086 2177 3209 2219 sunt
3248 2183 3262 2219 :
3297 2168 3378 2219 vix
3435 2170 3581 2221 enim

2015 2270 2078 2320 ex
2112 2254 2342 2321 Latinis,
2368 2255 2460 2324 qui
2493 2265 2651 2309 erant
2670 2256 3090 2321 illustriores,et
3117 2255 3382 2313 Tzetariis
3402 2261 3583 2327 pauci,

2018 2361 2139 2400 cum
2176 2346 2287 2401 illis
2315 2345 2511 2414 quibus
2546 2346 2694 2401 illius
2732 2351 2973 2402 custodia
3013 2361 3131 2402 erat
3159 2351 3496 2413 concredita,
3532 2353 3585 2404 in

2019 2437 2164 2492 illam
2201 2438 2610 2506 confluxerunt,
2655 2440 3066 2510 intromissique
3124 2442 3249 2496 aliis
3299 2444 3586 2499 introitum

2017 2532 2375 2598 denegarunt,
2405 2541 2460 2586 et
2483 2548 2720 2598 murum,
2751 2533 2805 2587 in
2849 2549 3000 2588 mare
3047 2536 3475 2603 propendentem
3514 2537 3588 2603 (ei

2018 2623 2384 2692 Tzerempulo
2411 2626 2553 2694 apud
2589 2639 2783 2680 omnes
2843 2640 3040 2682 nomen
3096 2628 3202 2696 est)
3228 2629 3280 2681 in
3342 2633 3592 2682 triremes

2019 2717 2183 2785 paulo
2209 2727 2334 2769 ante
2354 2730 2420 2769 ex
2458 2726 2617 2784 portu
2647 2732 2713 2772 eo
2776 2717 3012 2773 deuexas
3078 2735 3200 2774 cum
3237 2721 3360 2774 aliis
3409 2721 3594 2790 ingre-

2018 2808 2264 2862 diuutur.

337 2898 553 2962 ἐλπίδος
591 2901 892 2972 διήμαρτον
923 2915 939 2931 ⁸
975 2904 1137 2971 μόγις
1185 2902 1294 2973 γάρ
1341 2903 1452 2955 τῶν
1504 2902 1752 2955 Λατίνων
1799 2902 1915 2955 ὅσοι
1959 2903 2289 2973 προύχοντες
2351 2899 2511 2975 ἦσαν,
2555 2905 2651 2958 καὶ
2701 2907 3019 2976 Τζεταρίων
3067 2908 3238 2976 ὀλίγοι
3299 2911 3438 2979 μετᾶ
3484 2911 3596 2962 τῶν

338 2998 800 3066 προῦπαρχόντων
824 3000 903 3062 είς
940 2999 1211 3068 φυλακὴν,
1251 3000 1333 3060 είς
1380 2999 1569 3052 τοῦτον
1616 3000 1921 3068 συνέφυγον
1959 3000 2138 3071 μόνον,
2163 3003 2415 3064 καὶτοὺς
2447 3001 2644 3064 ἄλλους
2708 3002 2873 3062 εὐθὺς
2931 3001 3316 3056 κεκωλύκεσαν
3367 3006 3466 3073 τῆς
3514 3007 3596 3057 εί-

342 3094 521 3147 σόδου.
544 3093 605 3147 Οἳ
638 3094 732 3148 καὶ
747 3095 835 3148 διὰ
856 3094 948 3149 τοῦ
979 3097 1121 3150 κατὰ
1152 3095 1427 3150 θάλατταν
1461 3095 1912 3166 προϐεϐλημένου
1980 3097 2430 3166 διατειχίσματος
2501 3098 2520 3168 (
2555 3098 2976 3168 Τξερέμπουλον
3007 3097 3168 3151 τοῦτο
3213 3099 3402 3154 καλεῖν
3460 3098 3597 3151 πάν-

337 3205 433 3249 τες
455 3185 722 3256 εἰώθαμεν
757 3187 776 3257 )
816 3189 897 3250 εἰς
952 3189 1050 3250 τὰς
1077 3188 1326 3258 τριήρεις
1369 3187 1596 3255 εἰσίασι,
1625 3187 1731 3257 πρὸ
1769 3188 1970 3259 μικροῦ
2011 3189 2148 3260 πρὸς
2182 3190 2348 3242 αὐτὸν
2384 3191 2524 3259 μετὰ
2569 3191 2964 3259 προεισιόντων
3017 3191 3194 3245 ἄλλων
3224 3193 3288 3244 ἐκ
3317 3191 3412 3245 τοῦ
3441 3192 3597 3257 λιμέ-

339 3299 434 3343 νος
485 3280 964 3350 καθορμισθείσας.

418 3376 477 3430 ιδ’
484 3419 496 3431 .
524 3377 618 3429 Διὰ
648 3377 756 3430 τῶν
788 3377 1072 3445 κλιμάκων
1101 3375 1196 3430 οὖν
1243 3377 1339 3430 καὶ
1405 3376 1514 3430 τῶν
1565 3375 1913 3448 ὀρυγμάτων,
1943 3382 1986 3440 c

339 3470 412 3533 ὡς
436 3471 665 3540 ἔφημεν.
697 3470 806 3524 τῶν
828 3471 1107 3541 πολεμίων
1123 3471 1222 3540 τῆς
1249 3471 1457 3534 πόλεως
1505 3471 1656 3533 ἐντὸς
1690 3469 1918 3539 γενομέ-

339 3581 468 3626 νων,
497 3564 546 3615 οἰ
578 3562 677 3632 μὲν
711 3564 802 3615 ἐπὶ
838 3564 931 3624 τὰς
963 3561 1144 3622 οἰκίας
1173 3564 1496 3632 συνέτρεχον
1533 3563 1628 3616 καὶ
1658 3562 1787 3624 τοὺς
1823 3561 1920 3614 άν-

341 3656 616 3726 θρώπους,
668 3656 718 3706 οἰ
767 3655 812 3708 δ’
865 3655 957 3708 ἐπὶ
984 3655 1083 3718 τὰς
1125 3654 1300 3717 πύλας
1360 3656 1458 3723 τῆς
1503 3655 1710 3718 πόλεως
1747 3653 1920 3717 αύτὰς

342 3745 778 3800 ἁναπεταννύναι
839 3746 979 3816 πρὸς
1035 3747 1098 3798 τὸ
1144 3745 1244 3817 τὴν
1290 3746 1449 3800 πόλιν
1501 3747 1770 3798 εἰσελθεῖν
1803 3745 1920 3814 ἃμα

345 3838 511 3892 παντὶ
544 3838 623 3909 τῷ
681 3837 1059 3907 στρατεύματι
1118 3839 1209 3891 τὸν
1259 3838 1577 3908 Μουράτην.
1627 3838 1737 3891 Καὶ
1779 3833 1920 3900 εἶδες

342 3928 408 3980 ἂν
434 3928 588 3996 δίκην
619 3925 892 3996 μελισσῶν
922 3926 956 3997 ἢ
988 3925 1176 3995 θηρῶν
1234 3926 1447 3998 ἀγρίων
1511 3926 1779 3988 εἰσιόντας
1823 3925 1922 3978 αὐ-

342 4018 468 4079 τοὺς
491 4017 837 4086 ὠρυομένους
864 4019 957 4069 καὶ
992 4016 1152 4084 φόνον
1181 4015 1444 4077 πνέοντας
1491 4012 1582 4066 τὸν
1630 4014 1918 4083 ἡμέτερον,

343 4111 440 4162 καὶ
469 4110 566 4179 τὴν
600 4111 753 4162 πόλιν
780 4111 906 4172 τοὺς
944 4108 1046 4178 μέν
1075 4110 1216 4175 πεζῇ
1251 4098 1380 4171 τοὺς
1411 4108 1458 4161 δ’
1492 4108 1768 4181 ἐφίππους
1807 4107 1924 4160 δια-

343 4201 746 4270 λαμϐάνοντας.
782 4201 868 4264 Ὠς
892 4201 935 4252 δ’
959 4201 993 4270 ή
1040 4201 1198 4262 πόλις
1254 4198 1582 4269 πεπλήρωτο
1623 4199 1776 4250 πᾶσα
1829 4197 1926 4250 καὶ

345 4293 502 4348 πάντ’
532 4292 678 4363 εἶχον
709 4293 927 4355 αὐτοὺς,
952 4291 1047 4344 καὶ
1073 4291 1180 4344 νεὼ
1201 4291 1337 4361 ἰεροί
1363 4291 1455 4344 καὶ
1478 4290 1636 4360 μοναὶ
1666 4289 1808 4341 θεῖαι
1829 4287 1928 4342 καὶ

347 4387 539 4452 ἀγυιαί
558 4386 651 4436 καὶ
664 4384 857 4451 οἰκίαι,
877 4386 996 4435 τότε
1015 4383 1080 4451 δὴ
1097 4382 1156 4435 τὺ
1172 4383 1388 4452 θρήνων
1406 4381 1616 4434 πολλῶν
1638 4382 1814 4434 ἐκεῖνο
1835 4378 1928 4433 καὶ

348 4475 599 4544 δακρύων
626 4475 776 4538 ἄξιον
799 4477 1032 4544 πρᾶγμα
1056 4473 1381 4546 ἐπράττετο.
1405 4473 1764 4534 Διαλαϐόντες
1820 4472 1928 4541 γὰρ

348 4569 449 4638 τὴν
475 4567 628 4621 πόλιν
648 4569 851 4636 πᾶσαν,
877 4565 1070 4636 ὥσπερ
1105 4567 1438 4649 εἰρήκαμεν,
1502 4567 1599 4620 καὶ
1642 4557 1728 4618 οἷα
1773 4563 1929 4617 λύκοι

2103 3375 2186 3431 14.
2220 3373 2324 3429 Per
2355 3373 2534 3428 scalas
2563 3389 2692 3444 ergo
2727 3383 2894 3443 atque
2923 3373 3216 3441 foramina,
3248 3387 3304 3430 ut
3336 3377 3595 3436 diximus,

2020 3469 2204 3523 hostes
2235 3469 2285 3521 in
2323 3469 2510 3522 urbem
2541 3468 2686 3522 intro
2731 3466 2986 3537 coujecti,
3021 3467 3112 3520 alii
3147 3467 3200 3520 in
3232 3468 3373 3521 aedes
3403 3479 3456 3521 et
3503 3467 3600 3520 lm-

2021 3561 2201 3615 mines
2226 3575 2474 3619 currere.
2503 3560 2592 3613 alii
2625 3562 2690 3612 ad
2723 3572 2911 3628 portas
2935 3557 3178 3614 civitatis
3243 3559 3595 3628 aperiendas,

2021 3661 2081 3705 ut
2117 3651 2354 3704 Murates
2388 3651 2549 3704 simul
2584 3665 2708 3705 cum
2763 3660 2878 3705 toto
2900 3651 3148 3705 exercitu
3197 3665 3319 3705 sese
3379 3650 3434 3703 in
3473 3665 3594 3722 eam

2021 3739 2313 3796 conferret.
2349 3739 2409 3792 Et
2443 3741 2676 3800 vidisses
2703 3755 2821 3802 eos,
2841 3741 3020 3793 instar
3041 3754 3200 3808 aputu
3235 3750 3331 3794 aut
3363 3740 3596 3804 imman-

2021 3843 2303 3888 suetarum
2347 3832 2670 3896 bestiarum,
2699 3831 2989 3886 confertim
3015 3833 3338 3898 irrumpere,
3384 3830 3597 3883 ululan-

2015 3935 2106 3980 tes
2128 3927 2437 3990 caedemque
2462 3933 2706 3976 nostram
2736 3924 3033 3990 spirantes,
3063 3930 3118 3975 et
3139 3923 3417 3975 civitatem
3463 3922 3594 3972 uni-

2025 4033 2240 4073 versam
2295 4027 2407 4070 tum
2467 4015 2681 4084 equites
2737 4025 2850 4069 tum
2898 3999 3110 4083 pedites
3165 4027 3457 4082 occupare.
3527 4013 3600 4068 Ut

2026 4111 2218 4164 civitas
2251 4107 2453 4176 repleta
2479 4116 2586 4171 est,
2616 4115 2672 4160 et
2704 4107 2890 4160 omnia
2960 4119 3058 4160 eos
3090 4107 3142 4159 in
3193 4119 3274 4169 se,
3335 4115 3392 4158 et
3442 4107 3597 4157 sai-ra

2029 4201 2225 4269 templa
2252 4211 2306 4255 et
2329 4200 2515 4254 divina
2575 4199 2908 4252 monasteria
2955 4207 3007 4252 et
3060 4197 3251 4267 plateae
3301 4205 3355 4250 et
3407 4199 3601 4248 donms

2027 4296 2413 4358 occludehaut,
2443 4302 2556 4348 tum
2590 4291 2939 4348 lamentabile
2996 4290 3125 4344 illud
3143 4301 3196 4344 et
3251 4289 3604 4359 lacrymabile

2029 4388 2320 4442 admodum
2350 4385 2562 4439 facinus
2585 4383 2995 4452 aggrediuntur.
3029 4380 3274 4449 Namque
3305 4381 3439 4434 urbe
3461 4387 3602 4443 tota,

2033 4491 2090 4535 ut
2117 4477 2595 4548 przenarravimus,
2662 4473 3142 4545 occupata,.veluti
3194 4487 3418 4541 rapaces
3465 4472 3604 4539 lupi,

2035 4585 2134 4626 nos
2166 4569 2492 4636 impotentes
2523 4566 2706 4619 omnia
2744 4577 2959 4632 rapere,
3009 4560 3475 4628 quemadmodum
3505 4561 3607 4629 dy-

351 4661 537 4730 βαρεῖς
563 4661 648 4728 ἐφ’
677 4661 824 4730 ἡμᾶς
879 4660 1316 4730 ἐφορμήσαντες,
1358 4657 1626 4730 ἁρπάζειν
1681 4656 1919 4722 ἅπαντας

2037 4669 2222 4715 nastes
2267 4659 2618 4727 promiserat,
2663 4655 3007 4722 satagebant.
3034 4650 3282 4720 Namque
3317 4651 3406 4704 ille
3463 4650 3610 4703 inter

351 4754 612 4807 ἔσπευδον
631 4753 771 4807 κατὰ
797 4755 898 4823 τὴν
938 4753 1033 4806 τοῦ
1078 4753 1414 4824 κρατοῦντος
1449 4752 1744 4822 ὑπόσχεσιν
1780 4767 1794 4781 θ
1823 4752 1919 4820 ἐφη

2035 4753 2406 4809 dimicandum
2435 4750 2673 4809 dixerat,
2711 4747 2755 4800 si
2787 4749 2918 4800 urbs
2938 4755 3226 4812 caperetur
3243 4753 3300 4797 et
3321 4744 3426 4796 voti
3450 4757 3606 4796 com-

353 4848 459 4916 γάρ
505 4847 559 4896 ἐν
589 4845 669 4914 τῷ
703 4845 960 4916 πολεμεῖν
1002 4844 1078 4908 ὡς
1120 4845 1236 4913 εἴγε
1283 4844 1507 4916 ἡπόλις
1555 4844 1788 4914 ληφθείη
1835 4845 1930 4896 καὶ

352 4939 450 5008 τὴν
475 4936 777 5004 ἐπιθυμίαν
808 4938 888 5000 εἰς
918 4917 1091 5006 πέρας
1145 4937 1408 5006 ἀχθεῖσαν
1443 4937 1541 4988 ίδοι
1570 4933 1670 5006 τὴν
1707 4933 1928 4997 ἑαυτοῦ,

353 5031 497 5100 ἐχειν
524 5023 639 5102 μετ’
665 5029 910 5094 ἐξουσίας
932 5029 1183 5095 ἕκαστον,
1215 5029 1332 5082 είτι
1350 5028 1416 5082 ἂν
1447 5028 1626 5093 λάϐοι,
1657 5027 1753 5082 καὶ
1779 5025 1934 5097 παρὰ

355 5124 556 5187 παντὸς
575 5123 955 5194 ἀναφαίρετον.
995 5117 1187 5174 Εἷλκον
1216 5117 1308 5175 οὖν
1348 5119 1554 5190 ἀναμὶξ
1584 5119 1783 5189 ἄνδρας
1833 5135 1932 5187 γυ-

356 5218 546 5279 ναῖκας
601 5215 810 5280 παιδία,
858 5215 1044 5269 πᾶσαν
1110 5213 1247 5284 ὁμοῦ
1311 5213 1553 5284 ἡλικίαν,
1611 5211 1936 5280 δεδεμένους

357 5309 548 5379 ὥσπερ
575 5308 744 5376 ἄλογα
795 5305 933 5374 ζῶα,
994 5308 1091 5360 καὶ
1146 5308 1284 5379 πρὸς
1326 5307 1385 5358 1‘)
1427 5305 1794 5376 στρατόπεδον
1831 5304 1940 5370 ἔξω

358 5402 457 5469 τῆς
489 5400 693 5463 πόλεως
723 5399 930 5462 πάντας
973 5399 1193 5470 ἐξῆγον.
1224 5399 1335 5451 Καὶ
1365 5396 1557 5450 σιωπῶ
1575 5396 1704 5460 τοὺς
1741 5397 1942 5449 πεσόνο

2036 4861 2137 4915 pos
2167 4840 2619 4911 fieret,quidquid
2651 4835 3094 4905 unusquisquede
3119 4833 3394 4904 praedatus
3419 4833 3613 4887 fuisset

2033 4936 2274 5006 legitime
2325 4933 2708 5003 possideret,a
2763 4927 2912 4982 nullo
2959 4941 3201 4995 unquam
3269 4925 3610 4994 spoliandus.

2037 5028 2350 5083 Trabebaut
2401 5027 2588 5095 itaque
2634 5021 2940 5092 promissus
2962 5019 3136 5084 virus,
3169 5017 3462 5081 mulieros,
3482 5017 3615 5083 ado-_

2039 5118 2388 5181 lescentulos,
2425 5114 2584 5170 simul
2603 5127 2818 5168 omnem
2847 5120 3089 5176 aetatem,
3114 5107 3281 5164 veluti
3313 5108 3610 5162 animantia
3644 5107 3666 5180 ξι

2038 5225 2159 5278 qua:
2193 5222 2289 5262 usu
2323 5206 2556 5260 rationis
2583 5204 2870 5274 privamur
2915 5200 3223 5268 colligatos,
3250 5208 3304 5252 et
3334 5197 3402 5251 ad
3435 5209 3615 5251 castra
3649 5186 3660 5246 ἶ

2041 5309 2194 5356 extra
2228 5299 2415 5354 urbem
2445 5295 2849 5351 convchcbant.
2874 5291 3055 5347 Taceo
3073 5291 3142 5345 ad
3172 5299 3404 5344 mortem
3438 5290 3617 5353 datos,

2042 5391 2173 5444 licet
2207 5387 2348 5443 infra
2389 5399 2695 5449 numerum,
2727 5390 2843 5437 tum
2877 5384 2930 5436 in
2977 5382 3148 5436 muris
3191 5389 3308 5434 tum
3340 5381 3394 5434 in
3428 5379 3623 5449 plateis
3689 5444 3695 5449 ἢ

360 5513 480 5558 τας,
509 5496 608 5564 οὐχ
629 5495 769 5564 ὑπὲρ
798 5491 1032 5562 ἀριθμὸν
1079 5491 1272 5556 ὄντας,
1299 5489 1443 5543 κατά
1463 5504 1521 5540 τε
1547 5489 1613 5540 τὰ
1649 5486 1807 5556 τείχη
1846 5500 1919 5540 κα

2046 5496 2145 5536 nec
2171 5480 2464 5550 sepultura:
2507 5475 2755 5539 traditos,
2781 5475 3018 5544 praedam
3065 5470 3436 5527 dilauiandatn
3470 5472 3623 5524 cani-

359 5590 464 5650 τὰς
491 5559 712 5653 ἀγυιὰς,
739 5559 888 5657 μηδὲ
910 5559 1089 5654 ταφῆς
1116 5582 1480 5654 ἠξιωμένους,
1513 5580 1715 5650 ἑλώρια
1740 5582 1797 5633 δέ
1827 5596 1919 5633 κειι

2045 5576 2149 5630 bus
2171 5572 2506 5640 alitibusque
2527 5567 2788 5622 omnibus
2838 5565 3164 5634 appositam,
3199 5571 3260 5616 ut
3317 5559 3621 5614 Homericis

361 5681 558 5752 μένους
599 5679 856 5732 κύνεσσιν
893 5677 1133 5731 οἰωνοῖσί
1193 5691 1255 5729 τε
1317 5675 1450 5728 πᾶσι
1502 5673 1625 5726 καθ’
1671 5672 1944 5743 Ὅμηρον,

2049 5668 2234 5723 verbis
2266 5675 2407 5729 utar,
2464 5671 2568 5717 non
2629 5661 2776 5715 viros
2798 5653 3292 5719 soluuunodo,sed
3345 5649 3631 5717 mulieres,

360 5741 462 5833 οὐκ
487 5741 554 5830 ἂν
576 5772 778 5843 ἄνδρας
804 5769 970 5842 μόνον
996 5767 1134 5824 ἀλλὰ
1164 5768 1260 5821 καὶ
1285 5767 1574 5836 γυναῖκας,
1619 5766 1712 5818 καί
1737 5741 1919 5818 τούτω

2047 5772 2348 5827 eorumque
2366 5755 2706 5825 potissimum
2740 5750 2988 5805 seniores
3018 5757 3183 5816 atque
3215 5741 3623 5796 imbecilliores.

365 5869 602 5930 μάλιστα
630 5864 757 5930 τοὺς
807 5859 1208 5935 γηραιοτέρους
1257 5877 1314 5915 τε
1357 5860 1450 5914 καί
1492 5857 1938 5926 ἀσθενεστέρους.

2053 5854 2341 5915 Festinans
2377 5855 2522 5910 enim
2571 5848 2744 5906 bostis
2770 5858 2880 5912 prae
2912 5849 3062 5910 metu
3117 5833 3484 5897 multitudinis
3536 5848 3624 5890 ca-
