4000 6424
319 383 421 449 Elii

1305 375 1403 437 DE
1447 377 1765 437 EXClDlO
1805 370 2533 434 THESSALONICENSL

3457 359 3564 426 GH

320 503 462 558 λείαν
486 502 542 553 ἐν
567 499 685 562 ταῖς
713 497 942 563 σκηναῖς
978 494 1392 563 συναγηοχότων
1445 494 1552 547 τῶν
1603 488 1886 560 Τούρκων,

2016 503 2102 547 aut
2127 486 2438 538 universam
2471 484 2704 552 prazdam
2741 479 2937 535 ancze
2961 479 3014 534 in
3046 479 3274 534 tentoria
3308 479 3566 532 deduxis-

317 596 344 648 ὃ
375 593 471 661 τῆς
501 590 705 651 δύσεως
727 589 1027 658 στρατηγὶς
1057 589 1148 640 καὶ
1169 585 1323 650 αὖθις
1349 588 1449 654 τὴν
1481 585 1634 638 πόλιν
1687 582 1890 645 είσέδυ,

321 684 525 752 ταύτην
561 683 629 736 ἶν’
657 682 1046 750 ἀκριϐέστερον
1112 677 1526 732 κατοπτεύσωσι
1567 669 1663 730 καὶ
1725 673 1893 746 μηδὲν

321 775 517 835 αὐτοὺς
547 772 684 842 λάθῃ
722 770 1094 840 κρυπτόμενον
1140 769 1496 838 ὁπουδήποτε,
1548 767 1638 818 ὅτε
1692 766 1758 836 δὴ
1800 766 1895 819 καὶ⁷

322 866 388 918 vi
410 863 510 932 τῆς
542 863 747 925 πόλεως
773 862 942 933 ἄρδην
985 861 1200 915 ἃπαντα
1233 857 1498 930 ἠφάνιστο
1527 875 1586 912 τε
1636 855 1730 910 καὶ
1763 860 1896 910 ἀνα-

327 955 614 1024 τέτραπτο,
646 955 739 1008 καὶ
765 953 920 1007 οὐδὲν
955 951 1075 1006 οὔτε
1099 951 1222 1014 ναὸς
1247 951 1387 1021 ἱερὸς
1415 947 1540 1001 dli-cs
1595 945 1730 1018 μονὴ
1782 943 1895 999 οὔτ’

326 1045 468 1098 δίκία
495 1045 589 1097 καὶ
624 1044 732 1097 τῶν
755 1043 1108 1115 φαυλοτέρων
1136 1042 1316 1095 αὐτῶν
1343 1041 1639 1102 ἀσάλευτος
1663 1037 1898 1092 καταλέ-

327 1152 526 1188 λειπτο.
546 1134 620 1187 To
642 1133 686 1186 δ’
716 1135 909 1198 αἴτιον,
939 1133 1020 1187 ὅτι
1080 1133 1188 1186 τῶν
1231 1132 1466 1188 πολιτῶν
1518 1131 1633 1185 ὅσοι
1671 1147 1894 1203 περιου-

326 1227 448 1278 σίαν
473 1225 770 1294 ἐκέκτηντο
796 1225 873 1295 τῷ
903 1223 1098 1295 μακρῷ
1130 1221 1479 1293 συγκλεισμῷ
1536 1223 1611 1293 μὴ
1659 1223 1900 1288 δαπανησο

326 1319 532 1382 θεῖσαν,
564 1319 664 1388 τὴν
695 1319 886 1386 ἔφοδον
913 1319 1022 1370 τῶν
1043 1317 1316 1380 πολεμίων
1355 1319 1678 1385 ἀκηκοότες,
1720 1315 1749 1368 δ
1800 1333 1898 1368 πεο

326 1408 593 1460 πόνθεσαν
627 1409 882 1472 δεδιότες,
911 1411 960 1463 οί
993 1410 1089 1478 μὲν
1109 1411 1250 1471 ναοῖς
1285 1407 1470 1476 ἱεροῖς,
1496 1408 1544 1460 οί
1587 1407 1642 1458 δὲ
1680 1408 1898 1476 μνήμαο

327 1515 435 1563 σιν,
461 1499 640 1568 ἕτεροι
672 1500 726 1552 δὲ
755 1494 835 1560 οἷς
883 1499 1136 1553 ἐδύναντο
1176 1498 1360 1562 τόποις
1412 1498 1734 1552 ἐναπέθιεντο
1760 1497 1897 1549 ταύο

326 1606 450 1658 την,
484 1589 534 1640 εί
564 1589 662 1659 μὲν
692 1590 876 1654 αὐτοῖς
902 1589 1086 1643 θανεῖν
1116 1589 1326 1658 γένοιτο
1353 1589 1492 1643 κατὰ
1523 1587 1620 1659 τὴν
1666 1588 1897 1659 προσδο-

323 1681 472 1744 κίαν,
502 1682 611 1734 τῶν
643 1680 832 1734 ἔπειτα
863 1681 1066 1752 ταύτην
1107 1682 1195 1735 ἶνα
1243 1682 1388 1745 τινὲς
1440 1681 1757 1752 εὑρηκότες,
1807 1671 1896 1733 οἷα

1996 588 2136 642 seut.
2169 578 2278 633 dux
2296 575 2611 632 Occidentis
2654 591 2849 629 rursus
2875 572 3378 641 urbmnimtuigrat,
3399 587 3568 624 acru-

1995 672 2167 727 ratius
2203 685 2325 724 eam
2368 670 2733 736 inspecturus,
2777 667 2982 720 nihilne
3006 667 3312 731 occultum,
3340 667 3570 718 ubicuno

1996 779 2103 832 que
2133 763 2263 817 illttd
2310 770 2477 823 esset,
2515 761 2728 815 lateret.
2763 758 2859 813 Sic
2891 759 3044 812 urbis
3079 761 3242 813 rebus
3297 759 3571 812 universis

1996 855 2186 910 recisis
2202 861 2256 908 et
2303 853 2369 905 ad
2404 852 2631 906 nihilum
2661 851 2898 906 redactis
2918 850 3076 916 nihil,
3101 865 3276 919 neque
3313 849 3568 920 templum

1997 958 2212 1000 sacrum
2268 956 2441 1010 neque
2493 941 2905 1003 monasterium,
2945 954 3121 1008 neque.
3162 941 3353 993 domus
3405 939 3570 990 etiam

1998 1035 2290 1097 vilissima,
2333 1033 2654 1088 inconcussa
2692 1037 2978 1088 remansit.
3008 1033 3067 1086 Et
3107 1047 3265 1086 causa
3313 1031 3570 1086 bwcl'uit.

1998 1127 2077 1182 Ex
2105 1127 2316 1181 civibus
2367 1127 2461 1196 qui
2505 1127 2708 1182 divitiis
2735 1126 2946 1193 aliaque
2977 1124 3348 1196 suppelleCtile
3382 1123 3572 1177 amne-

1998 1221 2150 1282 bant,
2182 1234 2319 1287 quas
2351 1217 2510 1286 longa
2541 1217 2754 1273 obsidio
2790 1232 2895 1270 non
2931 1216 3338 1283 absumpserat.
3390 1215 3572 1266 audita

2001 1311 2242 1366 hostium
2277 1310 2605 1378 irruptione,
2641 1318 2691 1360 et
2742 1309 2886 1377 quod
2931 1305 3174 1374 perpessi
3213 1315 3341 1358 sunt
3401 1303 3574 1372 perti-

1999 1417 2332 1466 mescentes,
2371 1403 2458 1456 alii
2484 1403 2536 1456 in
2571 1403 2744 1456 sacris
2772 1401 3010 1470 templis,
3039 1399 3129 1454 alii
3169 1401 3221 1452 in
3279 1397 3571 1462 sepulcris,

1971 1497 2089 1572 alii
2136 1495 2257 1549 aliis
2279 1494 2476 1565 quibus
2509 1501 2761 1563 poterant
2794 1492 2933 1544 locis
2993 1507 3088 1543 sua
3145 1504 3435 1558 reposuet'e
3467 1505 3482 1553 ;
3518 1497 3576 1539 ut

2000 1589 2056 1647 si,
2107 1589 2248 1641 forte
2285 1587 2421 1655 ipsis
2458 1601 2604 1640 mors
2635 1584 2984 1652 contigisset,
3013 1593 3069 1636 ut
3123 1582 3576 1652 exspectabatur,

1999 1683 2089 1749 qui
2126 1678 2470 1748 postmodum
2503 1676 2713 1731 venturi
2742 1684 2921 1742 erant,
2953 1672 3058 1728 illis
3089 1673 3340 1742 repertis,
3373 1679 3430 1724 ut
3459 1669 3574 1722 fieri
3663 1675 3668 1680 '

327 1771 636 1839 συμϐαίνει,
662 1775 756 1841 τῆς
796 1775 1020 1827 ἐκείνων
1044 1773 1222 1843 ψυχῆς
1277 1774 1817 1843 ὑπεραγωνίσωνται,
1847 1775 1896 1826 εί

2007 1783 2173 1831 amat,
2226 1785 2324 1841 pro
2373 1785 2565 1822 eorum
2609 1769 2788 1821 anima
2851 1765 3058 1836 aliquid
3108 1773 3474 1826 accurarent;
3530 1761 3574 1815 si

325 1860 384 1912 δὲ
415 1862 505 1913 τὸν
535 1862 762 1915 θάνατον
795 1863 1144 1931 ἀποφύγοιεν.
1179 1861 1384 1935 εὕρωσί
1410 1881 1472 1916 τε
1522 1866 1616 1916 καὶ
1649 1865 1898 1932 χρήσων-

281 1957 288 1963 ’
325 1966 416 2004 ται
449 1952 584 2019 πρὸς
625 1952 953 2022 ἐλευθερίαν.
993 1957 1055 2008 οι
1121 1955 1177 2008 δὲ
1227 1957 1322 2022 τῆς
1364 1955 1577 2018 ἐλπίδος
1625 1956 1900 2026 ἐψεύσθη-

331 2053 468 2092 σανο
502 2042 719 2104 ἁλόντες
766 2042 876 2112 γὰρ
919 2042 1014 2096 τοῦ
1061 2045 1157 2114 μὲν
1186 2045 1382 2108 ἀδίκως
1433 2046 1711 2105 τεθνάναι.
1763 2047 1898 2100 Θεοῦ

329 2131 418 2184 τὸν
443 2133 642 2184 οἰκεῖον
674 2133 822 2186 ἔλεον
851 2134 1283 2204 ἐπιδειξαμένου,
1316 2137 1454 2205 πλὴν
1502 2135 1680 2200 ἐνίων,
1715 2137 1902 2210 κάκείο

327 2239 436 2274 νων
473 2223 602 2276 οῖων
659 2225 1162 2296 προδιειλήφειμεν,
1198 2229 1459 2298 ἀνώτεροι
1495 2227 1898 2300 διεδείχθημεν,

297 2311 421 2366 -τοῦ
446 2313 502 2366 δέ
521 2316 635 2376 τοῖς
669 2316 931 2385 προσοῦσι
960 2317 1268 2388 χρήσασθαι
1302 2318 1434 2390 πρδς
1463 2321 1767 2391 ἀνάρρυσιν
1797 2322 1900 2375 οὐκ

331 2404 614 2472 ἐπέτυχον.
673 2407 847 2459 Aetch
905 2408 1014 2478 γὰρ
1066 2407 1217 2472 δντες
1256 2411 1303 2462 οί
1344 2409 1576 2480 Τοῦρκοι
1641 2411 1903 2482 καὶπρὸς

329 2495 579 2556 ἐπινοίας
608 2497 806 2560 πολλὰς
840 2498 1214 2567 εὐπορώτατοι
1237 2502 1303 2570 τῇ
1346 2501 1476 2570 περ)⁵
1503 2501 1572 2554 τά
1597 2502 1902 2573 πράγματα

328 2587 538 2640 τούτων
561 2587 908 2660 πολυπειρία,
941 2587 1034 2654 οὓς
1067 2589 1177 2642 τῶν
1209 2589 1443 2643 πολιτῶν
1488 2591 1752 2661 ἐποίησαν
1783 2593 1906 2664 αίχ-

293 2705 298 2710 -
334 2675 638 2744 μαλώτους,
667 2679 761 2732 καὶ
793 2678 1031 2744 μάλιστα
1049 2680 1148 2742 τὰς
1173 2680 1438 2748 γυναῖκας
1476 2679 1564 2732 διὰ
1591 2682 1652 2732 τὸ
1700 2679 1905 2733 τούτων

330 2767 759 2837 εύεξαπάτητον,
796 2768 980 2836 λόγοις
1005 2769 1331 2834 ὑπελθόντες
1355 2770 1490 2824 πολῦ
1522 2771 1586 2824 τὸ
1618 2770 1907 2838 ἐπαγωγὸν

332 2859 724 2928 κεκτημένοις,
749 2859 1064 2929 ἐλευθερίαν
1081 2859 1271 2924 αὑταῖς
1303 2846 1658 2930 ύπισγνοῢντο
1691 2861 1906 2917 τελείαν

333 2949 382 3002 sl
416 2951 675 3020 χρήματα
702 2949 916 3011 τούτοις
939 2950 1266 3019 γνωρίσειαν
1293 2953 1470 3004 οἰκεῖά
1508 2970 1567 3006 τε
1623 2955 1720 3006 καὶ
1752 2954 1908 3006 ἀλλό-

293 3062 296 3066 '
331 3055 483 3110 τρια.
525 3042 590 3092 At
623 3040 681 3092 δέ
711 3041 848 3108 πρὸς
877 3040 1008 3092 αὐτὸ
1025 3039 1260 3111 τοῦνομα
1281 3042 1381 3113 τῆς
1405 3042 1722 3114 ἐλευθερίας
1767 3045 1911 3098 ἀπα-

331 3127 602 3196 τηθεῖσαι,
625 3127 916 3198 γνωρίζειν
948 3127 1110 3192 εὐθὺς
1150 3131 1355 3200 ἑκάστη
1393 3133 1472 3200 τῷ
1516 3131 1633 3202 ίδίῳ
1669 3131 1906 3203 δεσπότῃ

335 3219 575 3287 σπουδῆς
605 3217 767 3288 ἔργον
795 3219 1062 3290 πεποίητο
1099 3222 1194 3274 καὶ
1225 3221 1296 3273 τὰ
1313 3221 1512 3290 ἑαυτῆς
1534 3223 1625 3276 καὶ
1676 3223 1769 3276 τοῦ
1797 3225 1912 3291 γεί-

331 3323 506 3370 τονος,
529 3309 583 3360 si’
597 3325 718 3362 τινα
744 3311 871 3379 περὶ
902 3309 1106 3364 τούτων
1137 3312 1344 3379 εῖδησιν
1373 3306 1538 3382 εἶχεν.
1590 3311 1678 3371 Ὠς
1718 3313 1762 3367 δ’
1808 3317 1910 3386 ἀρ-

333 3397 406 3468 χὴ
437 3397 590 3451 τοῦδε
619 3399 808 3467 γέγονε
874 3400 968 3454 τοῦ
1025 3401 1222 3466 κακοῦ,
1269 3404 1363 3456 καί¹
1419 3405 1676 3474 χρήματα
1725 3406 1913 3460 πολλοὶ

332 3493 444 3544 τῶν
471 3491 730 3562 Τούρκων
764 3493 990 3564 ἀνεῦρον
1019 3495 1404 3563 γνωριζουσῶν
1437 3497 1563 3560 τοὺς
1587 3497 1758 3552 ταῦτα
1775 3500 1911 3571 κρύ-

333 3600 574 3646 πτοντας
596 3586 795 3648 τόπους
823 3585 936 3638 τῶν
977 3587 1276 3654 γυναικῶν,
1322 3587 1478 3654 λόγος
1521 3589 1728 3658 γίνεται
1777 3593 1909 3661 περὶ

333 3678 525 3730 τούτου
553 3676 642 3730 διὰ
667 3676 866 3739 παντὸς
898 3676 994 3730 τοῦ
1023 3679 1454 3748 στρατεύματος.
1479 3681 1573 3733 καὶ
1611 3681 1812 3744 πάντες
1860 3686 1909 3736 οί

334 3769 703 3840 κατασχόντες
773 3768 1150 3838 αίχμαλὼτους
1220 3769 1541 3839 ἀνθρώπους
1598 3772 1736 3841 πρὸς
1819 3775 1910 3826 τὸν

333 3861 521 3931 ὅμοιον
574 3857 950 3913 διανίστανται
1002 3856 1187 3929 ζῆλον,
1234 3860 1363 3923 τοὺς
1433 3860 1534 3929 μὲν
1583 3861 1910 3931 ὑποσχέσεσι

339 3953 882 4022 περικεχρωσμέναις
931 3951 1141 4022 ἀπάτῃ,
1198 3951 1327 4014 τοὺς
1385 3951 1442 4005 δὲ
1486 3951 1666 4020 λόγοις
1707 3953 1912 4022 ὁμοίως

336 4043 680 4112 ἐτέροιςςέπὶ
722 4042 1028 4113 φανερώσει
1087 4041 1200 4095 τῶν
1267 4042 1414 4095 ίδίων
1464 4035 1911 4113 παρακαλοῦντες

337 4135 642 4205 χρημάτων
680 4137 776 4188 καὶ
804 4133 1214 4200 φενακίζοντες.
1258 4132 1463 4197 Ὀσους
1500 4134 1556 4188 δὲ
1585 4135 1910 4190 δυσπειθεσ-

332 4228 526 4288 τέοους
543 4227 653 4279 τῶν
677 4226 853 4280 ἄλλων
876 4227 1066 4296 ἑώρων
1095 4225 1349 4296 (ἢλπιζον
1387 4226 1500 4295 γὰρ
1554 4225 1664 4280 τῶν
1723 4243 1910 4281 νουνε-

333 4321 611 4390 χεστῖρων
636 4317 820 4371 πολλοὶ
841 4318 943 4387 τῆς
971 4316 1213 4380 θωπείας
1242 4319 1443 4380 αὐτοὺς
1468 4315 1789 4373 ὕπενδοῦναι
1819 4321 1912 4374 καὶ

334 4413 444 4466 τῶν
467 4411 676 4465 πολλῶν
702 4410 928 4464 ἐκείνων
965 4410 1264 4481 ἀπατηλῶν
1284 4411 1482 4480 λόγων,
1514 4411 1814 4465 κάντεῦθεν
1841 4414 1911 4466 τὰ

2003 1873 2230 1916 mortem
2258 1860 2598 1930 eﬂugissent,
2628 1859 2846 1929 ipsisibi
2875 1859 3160 1923 baberent,
3185 1866 3238 1910 et
3260 1857 3413 1909 liberi
3443 1854 3569 1909 facti

2003 1956 2055 2010 in
2083 1971 2211 2010 suos
2235 1969 2366 2007 usus
2394 1961 2800 2008 converterent.
2860 1948 2970 2006 Sed
2996 1965 3093 2018 spe
3158 1964 3254 2004 sua
3320 1947 3571 2002 frustrati

2003 2054 2150 2104 sunt.
2174 2044 2316 2114 capti
2348 2042 2616 2111 siquidem
2650 2041 2905 2107 injustam
2930 2049 3158 2094 mortem
3184 2047 3443 2108 oppetere
3482 2035 3574 2089 Dei

2002 2151 2218 2190 summa
2261 2134 2633 2197 miseratione,
2658 2131 2848 2204 paucis
2877 2132 3143 2200 exceptis,
3163 2139 3220 2182 ut
3244 2145 3404 2196 supra
3440 2144 3570 2182 nar-

2006 2228 2272 2288 ravimus.
2319 2226 2636 2292 evasimus;
2666 2227 2759 2280 sed
2805 2224 3039 2295 pr0priis
3094 2223 3169 2277 uti
3209 2221 3442 2278 libertati
3495 2237 3581 2277 re-

1981 2309 1986 2314 ’
2011 2319 2223 2374 stitutls
2242 2333 2344 2371 non
2367 2317 2616 2384 contigit.
2651 2314 2842 2372 Turcae
2865 2317 3032 2377 enim,
3066 2307 3440 2369 solertes'cum
3469 2314 3581 2368 sint

2007 2418 2062 2463 et
2093 2411 2158 2464 ad
2193 2409 2516 2466 invenienda
2551 2409 2744 2475 multa,
2780 2423 2960 2462 rerum
2980 2423 3139 2477 quam
3167 2407 3452 2478 possident
3476 2421 3580 2458 ex-

2007 2501 2294 2570 perientia,
2339 2501 2758 2572 promptissimi,
2814 2515 2952 2568 quos
2997 2509 3188 2567 captos
3241 2497 3583 2550 adduxerant

1983 2607 2073 2668 ex
2099 2592 2396 2658 civibus,et
2427 2593 2698 2662 prter-ipue
2728 2591 2986 2646 mulieres
3018 2592 3245 2658 deceptu
3265 2588 3581 2649 facilliutas,

2010 2686 2191 2742 verbis
2218 2684 2594 2740 illerebrarum
2626 2693 2681 2738 et
2698 2684 3096 2740 lenociniorum
3123 2683 3299 2752 plenis
3345 2695 3471 2736 sese
3499 2681 3584 2734 iu-

2011 2779 2314 2843 sinuantes,
2360 2778 2665 2832 libertatem
2734 2776 2844 2830 illis
2901 2775 3146 2844 polliceri
3180 2773 3497 2844 perfectam.
3536 2771 3582 2827 si

2011 2868 2146 2938 ipsis
2172 2869 2434 2936 pecunias
2489 2865 2742 2935 proprias
2798 2867 2914 2920 sive
2963 2865 3172 2920 alienas
3224 2865 3582 2919 revelassem.

2011 2959 2119 3013 lllae
2149 2959 2363 3012 nomine
2404 2957 2671 3012 libertatis
2698 2955 2944 3025 deceptae
3011 2956 3199 3010 statim
3233 2969 3453 3010 summo
3492 2969 3585 3007 co-

2015 3058 2144 3102 natu
2174 3049 2396 3103 domino
2427 3054 2481 3100 et
2509 3063 2606 3101 sua
2635 3056 2690 3101 et
2719 3046 2906 3110 vicini,
2941 3046 2986 3100 si
3019 3062 3183 3114 quam
3216 3061 3406 3100 eorum
3455 3061 3586 3114 cog-

2016 3142 2272 3196 nitionem
2305 3140 2602 3202 habebant,
2631 3137 2980 3194 revelare/Ut
3009 3139 3210 3192 malum
3240 3139 3406 3206 cmpit
3449 3139 3586 3192 irre-

2016 3245 2142 3298 pere
2177 3241 2231 3284 et
2267 3229 2417 3282 umlti
2436 3243 2499 3283 ex
2529 3227 2727 3283 Turcis
2763 3228 3024 3297 pecunias
3059 3242 3332 3294 reperere,
3394 3226 3586 3278 mulie-

2014 3321 2165 3374 ribus
2199 3319 2318 3373 loca
2350 3318 2405 3372 in
2435 3319 2636 3386 quibus
2663 3316 3151 3372 abscondebantur
3185 3315 3583 3383 aperientibus,

2014 3428 2203 3466 rumor
2235 3428 2330 3481 per
2363 3420 2532 3464 totum
2561 3409 2862 3464 exercitum
2917 3408 2982 3464 de
3038 3409 3142 3463 boc
3198 3410 3498 3477 spargitur.
3533 3420 3587 3461 et

2012 3517 2204 3556 omnes
2229 3503 2320 3573 qui
2343 3503 2589 3570 captivos
2624 3500 2972 3556 adduxerant
2997 3499 3065 3554 ad
3111 3499 3309 3554 similia
3341 3501 3585 3554 animum

2011 3595 2326 3652 advertunt,
2393 3592 2491 3646 bos
2554 3588 3044 3660 pollicitationibus
3099 3587 3289 3644 fraude
3318 3589 3588 3656 oblinitis,

2013 3682 2150 3736 alios
2180 3681 2432 3735 slmiliter
2488 3681 2612 3735 aliis
2665 3681 2841 3734 modis
2872 3682 2938 3735 ad
2972 3679 3294 3734 ret-claudas
3325 3681 3587 3748 pecunias

2011 3772 2410 3828 cousuadentes
2437 3781 2490 3822 et
2515 3770 2836 3839 compositis
2865 3770 3170 3824 mendaciis
3213 3770 3530 3826 delndcntes
3564 3786 3582 3837 ;

2010 3878 2148 3934 quos
2185 3876 2313 3917 vero
2373 3861 2772 3930 pertinaciores
2829 3863 3225 3930 agnoscebant,
3292 3861 3584 3930 sperabant

2009 3954 2278 4024 siquidem
2315 3953 2468 4008 multi
2504 3969 2568 4008 ex
2619 3954 3070 4024 prudentioribus
3097 3969 3191 4008 eos
3217 3953 3504 4009 lenociniis
3531 3969 3585 4009 et

2013 4044 2195 4098 inultis
2250 4044 2374 4098 dolo
2399 4043 2698 4112 fraudeque
2725 4045 2942 4099 onustis
2981 4043 3330 4098 sermonibus
3364 4046 3580 4098 tandem

2012 4135 2173 4191 tinem
2200 4135 2580 4204 imposituros,
2605 4144 2659 4187 et
2710 4135 2790 4188 sic
2819 4149 2847 4186 ιι
2883 4149 2943 4190 se
2969 4136 3207 4200 reposita
3241 4136 3343 4189 sibi
3363 4131 3588 4188 conser;

2007 4239 2256 4292 vaturos,
2293 4229 2468 4298 panis
2518 4228 2698 4282 omnis
2733 4227 2951 4297 generis
2989 4226 3227 4292 allicere,
3281 4243 3589 4298 cogereque

2009 4334 2066 4375 ut
2099 4321 2452 4390 pertinaciam
2492 4321 2847 4388 deponerent.
2866 4318 3000 4376 llinc
3027 4320 3179 4374 multi
3211 4336 3274 4375 ex
3309 4332 3577 4391 praestau-

2011 4411 2260 4472 tioribus,
2287 4411 2482 4481 partim
2503 4411 2774 4466 illecebris
2796 4411 3029 4475 deliniti,
3052 4413 3244 4480 partim
3265 4427 3456 4484 poenas
3481 4430 3590 4467 non

337 4507 698 4576 κεκρυμμένα
745 4502 1097 4574 διατηρῆσαι)
1142 4505 1354 4567 τούτοις
1400 4506 1704 4570 πολυειδεῖς
1753 4507 1905 4572 τινὰς

2013 4503 2372 4566 sustinentes,
2426 4502 2773 4568 festinanter,
2832 4503 2960 4558 licet
3015 4504 3205 4568 inviti,
3269 4504 3591 4558 abscondita

335 4598 609 4667 τιμωρίας
644 4596 872 4665 ἐπῆγον,
907 4595 1015 4658 ἓως
1043 4597 1139 4650 καὶ
1172 4597 1396 4659 τούτους
1417 4599 1496 4660 εἰς
1534 4598 1781 4669 ἀνάγκην
1820 4601 1909 4651 ἐν-

336 4687 529 4743 έῦαλον
557 4686 652 4738 καὶ
671 4687 772 4754 τὴν
831 4683 1081 4738 ἔνστασιν
1103 4684 1320 4737 ἔλυσαν.
1370 4682 1535 4737 Ὅθεν
1583 4685 1678 4736 καὶ
1723 4683 1912 4738 πολλοὶ

334 4779 444 4832 τῶν
461 4778 782 4839 δοκούντων,
813 4775 862 4828 oi
894 4773 1144 4843 μὲν-ταῖς
1175 4770 1439 4836 θωπείαις
1466 4773 1913 4845 καθυπαχθέντες

337 4873 385 4924 οι
413 4870 472 4924 δέ
500 4870 599 4932 τὰς
622 4869 895 4936 τιμωρίας
920 4866 1023 4919 οὐκ
1047 4865 1382 4934 ἐνεγκόντες,
1413 4865 1685 4936 φανεροῦν
1712 4867 1780 4921 τά
1824 4884 1916 4920 κε-

337 4962 632 5033 κρυμμένα
667 4959 1060 5024 σπουδάζοντες
1105 4953 1248 5028 ἦσαν
1303 4957 1402 5010 καὶ
1437 4959 1663 5021 ἄκοντες
1691 4973 1707 4990 ·
1776 4960 1914 5028 πρὸς

339 5055 445 5122 γὰρ
485 5055 664 5107 πᾶσαν
698 5053 966 5120 ἀνάγκην.
1000 5055 1094 5104 καὶ
1127 5050 1345 5119 μάλισθ’
1381 5051 1511 5103 ὅταν
1533 5049 1766 5115 θάνατος
1853 5055 1914 5106 τδ

341 5145 723 5214 προκείμενον,
781 5142 1021 5212 εὐχερῶς
1065 5138 1210 5194 οἶδεν
1263 5141 1594 5194 ὑποπίπτειν
1643 5143 1676 5212 ἡ
1727 5143 1912 5210 φύσις.

342 5237 513 5290 Τοῦτο
544 5236 641 5305 τῆς
661 5235 772 5288 τῶν
803 5235 965 5304 ιερῶν
999 5233 1145 5286 ναῶν
1179 5234 1275 5287 καὶ
1307 5233 1490 5304 μονῶν
1546 5237 1912 5304 κατασκαφῆς

340 5331 515 5382 αῖτιον
543 5326 790 5396 γέγονεν.
832 5326 1022 5380 Ἕνίων
1049 5327 1157 5396 γὰρ
1184 5325 1274 5379 διὰ
1297 5326 1356 5378 τὸ
1395 5325 1706 5379 ἀνύποπτον
1743 5327 1913 5398 ἱεροῖς

339 5419 752 5487 ἐναποθεμάνων
783 5419 928 5481 ναοῖς
975 5418 1255 5488 χρήματα.
1304 5417 1400 5472 καὶ
1423 5416 1581 5471 ταῦτ’
1635 5419 1692 5470 ἐν
1729 5418 1912 5483 αὐτοῖς

341 5516 453 5574 τοῖς
485 5511 698 5574 ἀδύτοις
732 5508 826 5564 ὑπ’
847 5509 1016 5573 αὐτὰς
1037 5511 1134 5571 τὰς
1159 5510 1460 5580 ίερωτάτας
1490 5509 1794 5578 τραπέζας.
1816 5509 1914 5564 καὶ

340 5603 444 5673 τῆς
471 5601 716 5672 ἀνάγκης
745 5602 1110 5672 ἐφεστηκυίας
1130 5603 1387 5672 γνώριμα
1432 5601 1602 5655 ταῦτα
1652 5604 1766 5666 τοῖς
1825 5619 1908 5656 τι·

346 5693 592 5765 μαυροῦσι
618 5693 884 5758 θεμένων,
909 5693 1191 5762 ἀφανίζειν
1227 5693 1287 5746 τδ
1339 5693 1537 5756 κάλλος
1581 5691 1762 5745 αὐτῶν
1809 5693 1911 5746 ὲπο

341 5787 592 5858 ιχείρουν
608 5785 662 5864 oi
698 5780 1076 5867 Toﬁpxoszl
1129 5784 1226 5858 τὰς
1265 5784 1414 5864 θείας
1471 5783 1778 5866 τραπέζας,
1818 5783 1908 5864 ἔφ’

2015 4593 2390 4648 manifestam.
2429 4592 2586 4646 Novit
2619 4595 2762 4646 enim
2799 4605 2992 4647 natura
3023 4595 3375 4656 necessitati.
3402 4604 3452 4648 et
3492 4611 3590 4662 p0-

2015 4687 2284 4741 tissitnum
2322 4701 2448 4741 cum
2478 4701 2624 4739 mors
2667 4688 3011 4756 proponitur,
3059 4687 3202 4742 facili
3253 4689 3470 4760 negotio
3493 4704 3586 4742 ce-

2012 4777 2165 4830 dere.
2199 4773 2312 4831 lloc
2338 4785 2392 4831 et
2423 4792 2708 4832 sacrorum
2783 4777 3109 4846 templorum
3168 4785 3223 4832 et
3305 4789 3587 4833 monaste-

2016 4874 2219 4926 riorum
2252 4870 2553 4926 eversionis
2570 4885 2735 4924 cau<a
2762 4868 2880 4924 fuit.
2898 4871 2942 4923 Α
2974 4868 3244 4923 nonnullis
3265 4869 3409 4922 enim
3429 4884 3593 4948 prop-

2014 4972 2098 5017 ter
2124 4961 2417 5031 expetitam
2448 4961 2796 5016 securitatem
2856 4959 2909 5014 in
2935 4959 3110 5015 sacris
3151 4959 3386 5028 templis,
3419 4975 3589 5030 pet-u-

2015 5055 2120 5108 uiis
2149 5054 2432 5123 repositis,
2462 5062 2517 5107 et
2546 5054 2782 5106 maxime
2812 5053 2864 5106 in
2891 5055 3022 5124 ipsis
3053 5053 3232 5123 adytis
3263 5054 3367 5108 sub
3388 5069 3585 5107 sacro-

2015 5145 2220 5200 sanctis
2251 5144 2542 5206 altaribus.
2563 5154 2614 5197 et
2645 5147 2984 5214 postmodum
3011 5144 3341 5200 necessitate
3367 5156 3592 5216 urgente
3621 5218 3624 5220 γ

2015 5237 2085 5289 ob
2108 5235 2447 5290 cruciatuum
2478 5236 2743 5290 saevitiam
2767 5235 3045 5301 indicatis,
3065 5251 3252 5291 eorum
3287 5236 3595 5306 pulchritu-

2016 5327 2198 5382 dinem
2238 5326 2430 5382 anca‘.
2463 5327 2731 5394 demoliti,
2765 5328 3094 5398 divinasque
3118 5345 3359 5393 mensas,
3391 5330 3442 5382 in
3473 5331 3592 5402 qui:

2019 5421 2118 5476 bus
2149 5423 2375 5492 mystica
2397 5421 2587 5475 vivens
2603 5430 2654 5476 et
2672 5421 2932 5475 salutaris
2964 5423 3127 5475 totius
3158 5432 3424 5478 terrarqu
3443 5424 3592 5477 orbis

2015 5514 2238 5567 victima
2294 5511 2546 5578 otl‘ertur,
2591 5513 2943 5583 pecuniarum
3006 5514 3280 5569 desiderio
3343 5514 3586 5569 studiose

2015 5614 2269 5660 evertere
2295 5614 2349 5659 et
2382 5603 2601 5659 cuilibet
2629 5603 2732 5676 (vae
2756 5604 2955 5658 misero
2981 5604 3138 5675 mibi)
3185 5605 3590 5672 concuti-sudas

2020 5711 2348 5768 proponere.
2385 5694 2524 5751 Nam
2590 5695 3009 5767 suspicabantur
3047 5697 3150 5752 sub
3207 5695 3356 5752 omni
3417 5693 3597 5762 lapide

2021 5787 2280 5861 pecunias
2309 5801 2452 5857 esse,
2480 5797 2879 5864 proptereaque
2905 5789 3086 5847 omnia
3132 5787 3241 5842 late
3280 5786 3591 5846 vastabant.
