4000 6448
411 401 523 465 615

1621 381 1954 450 JOANNIS
1993 375 2474 440 ANAGNOST£

3592 375 3695 438 lilii

410 517 744 572 Tamdirum
806 513 1008 569 malum
1063 511 1123 566 in
1169 510 1344 565 sacris
1388 495 1625 576 quoque
1682 501 2012 573 imaginibus

2124 491 2204 560 αἷς
2252 497 2427 567 ἡθεία
2460 495 2696 566 μυστικὴ
2723 494 2818 547 καὶ
2874 493 3022 558 ζῶσα
3060 493 3154 546 καὶ
3207 491 3454 563 σωστικὴ
3501 495 3698 557 παντὸς

412 610 588 663 locum
621 609 836 672 habuit,
902 622 966 660 ea
1022 619 1138 659 non
1169 602 1289 658 sine
1318 596 1643 654 contumelia
1675 597 2007 658 absumens;

412 718 644 769 quarunt
705 700 1000 772 plerasque
1064 699 1186 766 igne
1213 698 1655 754 concremarunt,
1689 689 1780 756 qui
1818 699 2008 740 earum

410 794 787 847 adorationem
827 791 983 845 nobis
1039 785 1343 856 surripiunt
1380 801 1395 849 ;
1429 781 1564 836 alias
1633 779 1687 834 in
1714 792 1874 833 usum
1910 790 2000 829 re-

417 903 534 940 rum
566 886 838 941 venalium
867 884 1058 954 (Deus,
1096 892 1242 936 tuam
1276 875 1628 932 tolerantiam
1665 872 1682 926 ι
1718 871 1794 939 )in
1820 868 2006 922 medio

414 978 536 1031 foro
551 977 1024 1047 impudentissime
1045 974 1345 1036 reduxere;
1376 966 1674 1023 nonnullas
1687 963 1849 1018 etiam
1871 976 2005 1014 con-

415 1080 708 1125 servarunt
739 1071 833 1140 qui
864 1068 1035 1136 magis
1067 1082 1228 1136 quam
1261 1063 1353 1118 alii
1391 1059 1645 1132 pecuniis
1680 1054 1994 1118 inhiabant,

418 1165 473 1218 ét
506 1176 690 1232 postea
723 1173 950 1230 argento
981 1159 1427 1217 divendidernnt.

2119 588 2431 640 ἐπετελεῖτο
2455 585 2548 638 τοῦ
2569 584 2779 652 κόσμου
2804 584 2985 648 θυσία,
3020 586 3088 653 τῇ
3113 583 3222 662 τῶν
3255 581 3554 653 χρημάτων
3583 584 3702 636 tm-

2119 679 2292 750 θυμία
2344 677 2488 732 κατὰ
2529 677 2769 748 σπουδὴν
2813 676 3146 747 ἀνατρέπειν
3190 676 3286 730 καὶ
3333 674 3700 744 καταπάτημα

2120 773 2221 843 φεῦ
2254 774 2367 834 τοῖς
2417 770 2770 842 βουλομένοις
2815 769 3054 824 τιθέναιο
3110 768 3381 823 ὑπέλαϐον
3432 768 3540 838 γάρ
3595 767 3701 821 ὑπὸ

2119 865 2288 918 παντὶ
2311 863 2444 934 λίθῳ
2479 862 2743 934 χρήματα
2769 862 3007 926 κεῖσθαι,
3063 862 3158 918 καὶ
3198 863 3286 916 8ιά
3335 860 3496 915 τοῦτο
3541 862 3700 916 πάντ’

2121 960 2397 1012 ἀνάστατα
2428 957 2826 1026 πεποιήκεσαν.
2861 954 3011 1026 Αὕτη
3037 958 3180 1010 κάπὶ
3202 956 3310 1010 τῶν
3361 956 3520 1026 ἱερῶν
3553 957 3700 1010 εικό-

2120 1037 2227 1106 vim:
2260 1049 2612 1120 συμϐέϐηκεν
2643 1052 2702 1103 ἐν
2762 1048 2920 1122 ὕϐρει
2963 1049 3256 1121 διαφθορὰ,
3302 1050 3397 1104 καὶ
3445 1051 3541 1113 τὰς
3603 1051 3702 1120 μὲν

2117 1145 2254 1214 πυρὶ
2294 1143 2606 1214 περιέσχον,
2631 1137 2742 1196 οἷον
2762 1143 2917 1214 ἡμᾶς
2958 1144 3036 1204 είς
3066 1142 3167 1213 τὴν
3195 1141 3403 1196 τούτων
3454 1145 3700 1212 προσκύ-

417 1226 574 1329 νησιν
593 1226 942 1330 ζημιοῦντες,
979 1261 1098 1321 ταῖς
1131 1258 1176 1310 δ’
1215 1258 1295 1318 είς
1345 1252 1612 1323 ὑποδοχὴν
1648 1226 1775 1303 τῶν.
1808 1247 2003 1308 ὠνίων,
2043 1237 2089 1298 ὧ
2116 1243 2252 1298 Θεοῦ
2289 1245 2513 1313 ἀνοχῆς,
2547 1243 2638 1296 ἐπὶ
2670 1243 2843 1313 μέσης
2902 1244 3002 1312 τῆς
3024 1243 3230 1314 ἀγορᾶς
3290 1241 3513 1312 ἀναίδην
3538 1237 3704 1310 ἐχρή-

419 1375 602 1422 σαντο,
636 1358 786 1418 τινὲς
817 1358 870 1410 δὲ
906 1357 1000 1409 καὶ
1025 1355 1352 1425 διετήρησαν
1373 1353 1504 1413 ἴσως
1537 1351 1650 1403 ὅσοι
1684 1346 1791 1399 τῶν
1858 1343 2034 1399 ἀλλων
2070 1343 2152 1406 είς
2205 1344 2400 1414 κτῆσιν
2425 1342 2727 1413 χρημάτων
2758 1340 3103 1413 θερμότεροι,
3134 1342 3229 1396 καὶ
3254 1341 3519 1412 ἀργυρίου
3565 1337 3696 1392 ταύ-

417 1471 446 1504 τ
461 1470 527 1514 ας
558 1452 842 1504 ἀπέδοντο.

492 1545 571 1599 16.
603 1543 744 1608 Quid
764 1555 930 1610 porro
951 1540 1165 1595 diceres
1187 1537 1255 1593 de
1282 1539 1458 1593 nostri
1486 1532 1762 1606 tropaealis
1781 1539 1832 1586 et
1867 1543 2015 1584 mar-

2195 1524 2292 1592 tc'.
2353 1528 2418 1581 Τί
2469 1527 2514 1580 δ’
2547 1527 2614 1582 ἂν
2646 1526 2826 1592 εἴποις
2859 1529 2988 1598 περὶ
3017 1529 3116 1598 τῆς
3147 1529 3449 1599 μυροδόχου
3507 1527 3701 1597 τιμίας

418 1637 555 1706 tyris
600 1633 940 1704 mymthecio
992 1633 1014 1686 2
1059 1647 1236 1701 neque
1297 1629 1430 1686 illud
1479 1629 1773 1684 immotum
1839 1637 2015 1692 neque

2124 1617 2390 1688 λάρνακος
2421 1617 2516 1671 τοῦ
2543 1617 2827 1687 ἡμεδαποῦ
2852 1617 3220 1687 τροπαιούχου
3263 1619 3354 1670 καὶ
3385 1617 3699 1688 μάρτυροςς

420 1727 874 1797 imperturbatum
929 1721 1136 1777 furoris
1164 1721 1549 1790 exsuperantia
1579 1722 2005 1778 conservarunt,

2124 1712 2322 1783 ἣκιστα
2351 1713 2445 1765 καὶ
2476 1711 2685 1782 ταύτην
2711 1713 2902 1764 εἴασαν
2933 1711 3336 1782 ἀπερίτρεπτον
3377 1715 3471 1762 καὶ
3507 1709 3702 1778 μένου-

425 1817 521 1885 qui
583 1824 772 1869 contra
804 1828 904 1866 nos
938 1814 1104 1867 veluti
1158 1811 1344 1866 bestiae
1387 1815 1763 1865 immansueta
1819 1807 2014 1860 saavieo

2124 1822 2244 1871 σαν,
2284 1805 2360 1868 ὡς
2423 1805 2483 1857 τὸ
2536 1804 2688 1874 πρὶν,
2741 1805 2936 1874 μανίας
2989 1803 3268 1874 ὑπερϐολῇ
3297 1805 3348 1856 oi
3397 1801 3701 1872 καθ’ήμῶν

425 1915 580 1969 rant;
603 1920 707 1958 non
739 1903 986 1959 eamdem
1020 1912 1201 1956 tamen
1229 1899 1297 1954 ob
1328 1914 1552 1955 causam
1586 1899 1654 1953 ob
1695 1913 1858 1967 quam
1909 1894 2014 1947 alia

2124 1895 2309 1966 ὥσπερ
2335 1893 2502 1966 θῆρες
2539 1893 2902 1962 λυττήσαντες
2935 1895 3139 1964 ἄγριοι,
3165 1895 3304 1964 πλὴν
3329 1893 3389 1946 ού
3421 1893 3490 1946 δι’
3520 1894 3705 1946 αἰτίαν

426 1998 730 2066 antiquitus
792 2011 890 2065 per
956 2011 1055 2049 nos
1119 1993 1366 2062 sapulcra
1437 1999 1712 2048 exstructa
1768 1996 2013 2044 reserata

2124 1987 2242 2041 καθ’
2267 1987 2336 2058 ἣν
2369 1987 2465 2039 καὶ
2490 1983 2660 2041 τᾶλλα
2696 1988 2805 2042 τῶν
2858 1988 3026 2042 πάλαι
3063 1986 3124 2053 ἐξ
3183 1987 3341 2058 ἡμῶν
3389 1986 3706 2056 γενομένων

422 2098 547 2145 sunt
602 2099 657 2144 et
705 2088 971 2157 disiecta,
1009 2095 1063 2140 et
1121 2087 1450 2141 cadaverum
1521 2083 1763 2153 reliquiae
1823 2081 1878 2135 in
1939 2080 2015 2135 eis

2124 2080 2369 2151 ὴνέῳκτό
2392 2097 2452 2132 τε
2478 2079 2574 2134 καὶ
2610 2079 2986 2150 καταϐέϐλητο
3031 2081 3288 2150 μνήματα
3333 2080 3425 2132 καὶ
3456 2077 3529 2131 τὰ
3580 2075 3706 2130 τού-

419 2181 662 2248 jacentes
729 2194 894 2248 super
959 2185 1166 2231 terram
1248 2177 1556 2244 dispersae:
1598 2175 1652 2229 in
1708 2172 1814 2227 illis
1874 2170 2015 2225 enim

2124 2186 2237 2234 τοις
2261 2171 2674 2241 ’έναποκείμενα
2691 2171 2926 2240 λείψανα
2959 2169 3104 2224 κατά
3154 2173 3257 2240 γῆς
3285 2170 3700 2238 ἀπερρίφησαν.

420 2270 614 2326 Tun-2e
658 2271 921 2339 pecunias
971 2287 1000 2322 a
1052 2269 1266 2323 civibus
1324 2266 1615 2336 repositas,
1668 2277 1834 2318 causa
1887 2259 2012 2331 jam

423 2375 780 2434 praenarrata,
826 2378 1099 2432 reperere,
1143 2370 1541 2431 proptereaque
1578 2357 1693 2412 fere
1713 2355 1899 2410 omnia
1953 2349 2009 2409 et

425 2463 742 2508 reserarunt
769 2462 826 2508 et
849 2453 1234 2506 subverterunt
1263 2467 1280 2517 ;
1306 2460 1361 2505 at
1395 2450 1484 2504 hic
1511 2447 1712 2519 duplici
1733 2447 1800 2501 de
1831 2459 2016 2511 causa,

427 2556 544 2601 tum
577 2556 796 2616 propter
827 2561 890 2600 ex
916 2560 1022 2599 non
1062 2558 1231 2612 parvo
1260 2557 1396 2598 auro
1433 2551 1488 2596 et
1516 2551 1740 2611 argento
1795 2549 1851 2594 et
1882 2535 2020 2606 lapi-

2135 2262 2225 2314 Ἐν
2249 2263 2432 2327 αὐτοῖς
2460 2265 2567 2332 γὰρ
2590 2263 2776 2317 καθότι
2802 2263 2989 2317 πολλοὶ
3005 2263 3112 2316 τῶν
3130 2262 3389 2333 Τούρκων
3403 2263 3704 2332 χρημάτων

2123 2352 2383 2420 ἐπέτυχον
2403 2353 2838 2408 ὲναποτεθέντων
2870 2353 3021 2426 παρά
3052 2353 3161 2406 τῶν
3190 2353 3421 2408 πολιτῶν
3439 2355 3505 2407 δι’
3523 2353 3588 2423 ἢν
3612 2353 3705 2405 ὲλ-

2123 2445 2252 2498 πίδα
2294 2445 2602 2514 φθάσαντες
2618 2443 3032 2526 δεδηλώκαμεν,
3048 2445 3135 2500 διὰ
3148 2445 3304 2498 τοῦτο
3321 2447 3494 2498 πάντα
3520 2444 3706 2514 σχεδὸν

2122 2539 2366 2611 ὴνέῳξαν
2395 2541 2490 2596 καὶ
2517 2543 2896 2613 κατέστρεψαν
2930 2558 2945 2573 ⁸
2977 2540 3212 2595 ἐνταῦθα
3239 2541 3292 2594 δὲ
3324 2540 3469 2594 δυοῖν
3495 2541 3702 2605 εἵνεκα,

427 2639 594 2694 dibus
632 2638 891 2708 pretiosis
920 2651 1020 2691 nec
1057 2651 1162 2689 non
1199 2644 1253 2690 et
1268 2633 1498 2704 genuinis
1531 2632 1679 2687 circa
1711 2631 1840 2686 illud
1870 2643 2015 2683 com-

2124 2629 2218 2685 τοῦ
2250 2649 2310 2684 τε
2343 2633 2476 2704 περὶ
2500 2633 2672 2701 αὐτὴν
2701 2635 2800 2687 οὐκ
2849 2632 3036 2702 ὀλίγου
3087 2631 3274 2704 χρυσῷ
3325 2632 3423 2685 καὶ
3478 2631 3703 2702 ἀργύρῳ

428 2731 668 2797 positum
705 2740 983 2791 ornatum,
1020 2737 1134 2781 tum
1167 2734 1392 2796 propter
1432 2725 1719 2780 sanitatem
1739 2721 2012 2777 exhibens

427 2823 668 2878 divinum
695 2832 1052 2890 unguentum.
1077 2818 1332 2872 Nonnulli
1358 2818 1501 2872 enim
1530 2826 1762 2871 ornatus
1805 2821 2015 2870 tantum

428 2914 604 2983 gratia
637 2913 770 2966 illud
795 2912 1174 2979 despoliarunt
1208 2927 1224 2976 ;
1258 2908 1350 2962 alii
1393 2908 1552 2962 nobis
1597 2919 2006 2976 unguentorum

431 3003 761 3058 afﬂuentiam
823 3004 1148 3062 invidentes.
1185 3010 1240 3056 et
1288 3016 1412 3070 qua:
1457 3001 1580 3053 inde
1635 3000 2014 3066 subsequitur,

429 3098 668 3151 sanitate
699 3111 796 3162 nos
831 3095 1048 3165 privare
1087 3093 1388 3164 cupientes,
1423 3099 1485 3145 ut
1522 3093 1575 3145 in
1607 3102 1888 3161 posterum
1919 3090 2010 3144 illa

429 3189 588 3243 nobis
620 3189 914 3252 medicina,
943 3203 1064 3243 eum
1096 3201 1232 3258 opus
1261 3197 1432 3252 esset,
1471 3185 1615 3240 nulla
1668 3195 2012 3255 suppeteret.

2125 2725 2218 2779 καὶ
2257 2724 2431 2788 λίθοις
2463 2726 2668 2796 τιμίοις
2698 2727 2797 2780 καὶ
2829 2726 3144 2797 μαργάροις
3189 2725 3699 2794 κατεσκευασμένου

2122 2817 2472 2887 κόσμου,καὶ
2493 2817 2602 2870 τῶν
2635 2817 2826 2886 ὑγείας
2869 2817 3224 2885 παρεκτικῶν
3270 2815 3430 2869 θείων
3491 2814 3699 2886 μύρων.

2123 2912 2188 2965 Ol
2227 2909 2327 2980 μὲν
2355 2909 2464 2980 γὰρ
2501 2910 2594 2963 τοῦ
2627 2909 2838 2978 κόσμου
2873 2910 3034 2980 μόνον
3069 2908 3242 2978 αὐτὴν
3267 2908 3694 2979 ἀπεγύμνωσαν,

2119 3003 2172 3054 οἱ
2205 3002 2262 3056 δὲ
2297 3001 2672 3072 βασκήναντες
2705 2996 2819 3054 οἷον
2857 3003 2991 3072 ἡμῖν
3023 3001 3120 3069 τῆς
3145 3002 3401 3070 ἀφθονίας
3455 3001 3564 3053 τῶν
3599 3001 3703 3068 μύ-

2124 3112 2236 3166 ρων
2276 3095 2369 3147 καὶ
2423 3095 2527 3162 τῆς
2578 3094 2646 3147 ὲκ
2698 3093 2903 3148 τούτων
2957 3093 3152 3158 ἰάσεως
3203 3093 3548 3165 ἀφῃρηκέναι
3609 3093 3703 3146 καὶ

2120 3184 2274 3240 ταῦθ’
2309 3186 2458 3256 ἡμᾶς
2491 3184 2896 3255 ἠϐουλήθησαν,
2933 3198 3008 3249 ως
3053 3171 3218 3254 μηδὲν
3263 3186 3408 3255 ἔχειν
3449 3185 3542 3238 τοῦ
3593 3185 3703 3238 λοι-

425 3279 770 3350 Quapropter
811 3279 1168 3348 superstratis
1205 3277 1568 3331 marmoribus
1617 3277 1866 3346 disjectis
1899 3292 2002 3329 nn-

2124 3277 2220 3330 ποῦ
2247 3275 2454 3332 τούτων
2501 3277 2821 3344 ἀπολαύειν,
2865 3278 3059 3342 ὁσάκις
3113 3277 3181 3332 ἂν
3240 3279 3470 3340 ἕκαστος
3507 3277 3702 3332 δέοιτο.

429 3378 628 3440 gnenta
671 3386 775 3425 non
807 3370 913 3425 levi
941 3371 1061 3425 nisu
1092 3371 1454 3434 exhauriunt,
1501 3379 1554 3422 et
1589 3384 1808 3422 sacrum
1875 3368 2011 3421 divi-

431 3479 674 3531 numque
739 3463 997 3532 martyris
1061 3478 1260 3532 corpus
1329 3475 1654 3530 expromere
1721 3471 2016 3524 conantur,

430 3556 800 3626 cpinabautnr
833 3555 1104 3625 siquidem
1143 3555 1481 3624 propositum
1502 3551 1763 3621 consequi
1809 3568 2021 3620 nosque

430 3658 830 3717 unguentorum
851 3647 1303 3703 inexhaustorum
1345 3647 1396 3700 in
1426 3647 1719 3701 orbitatem
1752 3647 2017 3715 redigere.

434 3737 844 3804 Verumtamen,
875 3754 1034 3810 quem
1054 3739 1158 3794 sibi
1199 3749 1400 3794 temere
1434 3748 1792 3808 proposuerat
1827 3751 2018 3791 eorum

429 3831 623 3895 libido,
665 3833 823 3886 ﬁnem
851 3848 956 3885 non
1015 3833 1226 3886 habuit.
1262 3829 1370 3887 Per
1429 3835 1615 3902 plures
1673 3831 1860 3901 itaque
1907 3834 2022 3888 dies

428 3925 695 3979 ambabus
762 3926 1011 3979 manilms
1059 3936 1397 3993 unguentum
1451 3924 1917 3990 exhauriebantur,
1965 3936 2022 3982 et

426 4017 751 4085 quibusdam
770 4016 927 4084 plane
962 4017 1263 4072 ridiculum.
1290 4017 1578 4072 videbatur
1608 4033 1623 4082 ;
1650 4027 1705 4070 at
1765 4018 1858 4087 qui
1893 4017 2015 4086 plus

429 4105 554 4162 aliis
581 4107 894 4176 ,sapiebaut,
922 4121 1063 4161 cura:
1097 4116 1217 4161 erat
1251 4107 1380 4162 illud
1413 4107 1467 4161 in
1495 4109 1726 4177 patriam
1751 4109 2021 4178 perduce-

431 4213 495 4254 re
542 4209 745 4253 etcum
804 4198 1107 4252 reverentia
1166 4197 1540 4269 religioneqne
1613 4209 1962 4256 contrectare
1998 4215 2017 4254 :

434 4305 556 4344 nam
598 4290 666 4342 ab
695 4290 936 4358 expertis
986 4289 1307 4344 audiverant
1335 4291 1404 4344 ad
1477 4292 1749 4360 quoslibet
1800 4293 2020 4346 morbos

435 4379 850 4435 medicinalibus
908 4379 1042 4449 ipsis
1151 4381 1462 4450 pharmacis
1519 4381 1685 4436 multo
1745 4381 2021 4437 eﬂicacius

433 4487 577 4527 esse.
612 4469 976 4524 Nihilominus
1002 4482 1398 4541 unguentorum
1422 4473 1625 4528 fontem
1661 4489 1763 4527 non
1793 4485 2021 4542 potuere

436 4578 612 4632 neque
633 4563 915 4618 exsiccare
961 4580 1137 4634 neque
1161 4565 1466 4632 exinanire,
1496 4566 1748 4636 quamvis
1795 4567 1846 4620 id
1885 4581 2017 4619 con-

2125 3369 2218 3422 Διὸ
2256 3368 2352 3422 καὶ
2384 3369 2860 3441 καταϐεϐληκότες
2901 3370 3001 3433 τὰς
3044 3371 3132 3423 ἐπ’
3183 3372 3320 3442 αὐτῇ
3376 3371 3704 3441 μαρμάρους

2124 3460 2234 3513 τῶν
2260 3459 2448 3531 μύρων
2472 3460 2732 3516 ἔσπευδον
2763 3461 2934 3531 αὐτὴν
2958 3463 3264 3518 ὲκκενῶσαι
3305 3466 3399 3517 καὶ
3441 3465 3503 3516 τὸ
3559 3465 3706 3535 ίερδν

2128 3554 2223 3606 καὶ
2249 3554 2394 3607 θεῖον
2422 3553 2678 3623 λείψανον
2702 3555 2798 3608 τοῦ
2825 3556 3104 3626 μάρτυρος
3137 3557 3392 3611 ἐκϐαλεῖν
3421 3575 3435 3588 ·
3475 3558 3708 3628 ἡγοῦντο

2125 3644 2236 3716 γάρ
2259 3644 2355 3698 τοῦ
2390 3645 2595 3699 σκοποῦ
2645 3645 2836 3701 τούτου
2894 3651 3222 3720 κατατυχεῖν
3262 3652 3358 3704 καὶ
3399 3652 3543 3720 ἡμᾶς
3597 3651 3708 3704 τῶν

2127 3736 2417 3791 ἁκενώτων
2449 3735 2638 3807 μύρων
2669 3737 2994 3793 καταλιπεῖν
3012 3741 3234 3806 ἐνδεεῖς.
3294 3743 3439 3812 ΙΙλὴν
3470 3744 3583 3796 ἀλλ’
3606 3745 3707 3800 οὐκ

2128 3829 2208 3890 είς
2239 3826 2392 3890 τέλος
2427 3823 2539 3879 οἷον
2575 3828 2727 3881 αὐτοὶ
2764 3828 3054 3898 σφαλερῶς
3105 3831 3510 3902 προσεδόκωνὴ
3558 3835 3708 3901 σφῶν

2125 3918 2392 3988 ἐπιθυμία
2422 3919 2606 3991 ἐξέϐη.
2647 3920 2973 3990 Ἐξήντλουν
3001 3920 3098 3976 οῦν
3134 3923 3196 3975 τὸ
3227 3923 3402 3994 μύρον
3433 3928 3552 3988 ταῖς
3579 3943 3707 3996 χερ-

2128 4013 2216 4064 σὶν
2239 4011 2579 4082 ἀμφοτέραις
2617 4011 2704 4082 ἐφ’
2741 4012 2935 4077 ίκανάς
2991 4013 3096 4076 τὰς
3143 4016 3377 4085 ἡμέρας.
3437 4018 3541 4069 Καὶ
3596 4019 3707 4081 τοῖς

2131 4105 2231 4175 μὲν
2257 4102 2331 4168 ῶς
2371 4121 2424 4156 τι
2451 4103 2656 4171 γελοῖον
2689 4104 2866 4157 ἐδόκει
2891 4121 2905 4135 ·
2966 4100 3046 4169 οἷς
3069 4105 3128 4159 δὲ
3155 4106 3278 4170 νοῦς
3299 4106 3441 4177 ὑπὲρ
3460 4109 3584 4171 τοὺς
3615 4108 3706 4162 ἀλ-

2125 4195 2250 4260 λους
2279 4197 2445 4266 ύπῆν,
2472 4195 2686 4261 τούτοις
2733 4191 2803 4266 ἦν
2845 4197 3106 4266 ἐπιμελὲς
3150 4200 3288 4269 πρὸς
3341 4201 3439 4270 τὴν
3498 4203 3705 4254 ἑαυτῶν

2125 4284 2287 4337 τοῦτο
2324 4285 2718 4353 μετακομίζειν
2757 4286 2855 4339 καὶ
2909 4285 3028 4356 μετ’
3068 4287 3251 4351 αίδοῦς
3299 4287 3570 4343 ἅπτεσθαι
3614 4291 3702 4342 καὶ

2128 4373 2472 4443 σεϐἀσματος
2507 4390 2522 4405 ο
2548 4374 2885 4445 ἠκηκόεισαν
2918 4377 3028 4449 γὰρ
3055 4378 3190 4448 πρὸς
3220 4377 3327 4430 τῶν
3357 4383 3703 4449 πεπειραμέ-

2127 4482 2234 4518 νων
2263 4465 2340 4528 ὼς
2371 4466 2637 4534 ἰατρικῶν
2674 4469 2984 4538 φαρμάκων
3017 4469 3167 4522 ἐστὶν
3196 4471 3599 4540 ἐνεργέστερον,
3629 4474 3708 4536 είς

2128 4552 2240 4612 οἷον
2268 4559 2332 4614 ἄν
2360 4577 2442 4622 τις
2469 4560 2738 4632 χρήσαιτο
2765 4561 2959 4625 πάθος.
3002 4563 3148 4634 Πλὴν
3180 4565 3296 4618 ἀλλ’
3333 4567 3435 4619 οὐκ
3459 4567 3708 4620 ἐδύναντο

436 4627 727 4708 tetiiiosius
775 4627 1114 4725 multumque
1161 4670 1260 4727 per
1307 4627 1529 4725 tempus
1562 4657 1888 4710 niterentur.
1945 4655 2014 4711 Et

2125 4654 2222 4721 τὴν
2253 4651 2362 4704 τῶν
2615 4653 2796 4726 πηγὴν
2836 4654 3007 4724 ξηρὰν
3069 4627 3164 4710 καὶ
3210 4659 3441 4728 ἀνικμον
3494 4660 3710 4730 ἀποφῆ-

437 4747 636 4800 merito
666 4762 680 4809 ;
726 4760 902 4812 neque
935 4747 1078 4801 enim
1103 4747 1338 4801 humana
1375 4756 1666 4816 exaequant
1695 4763 1816 4817 qua:
1871 4747 2016 4804 Dens

435 4840 612 4907 dignis
647 4839 929 4909 elargitur,
959 4839 1120 4896 sicuti
1179 4855 1279 4894 nec
1315 4838 1513 4894 iisdem
1575 4839 1827 4896 terminis
1875 4844 2012 4906 subs

432 4933 638 5002 jacent.

509 5109 656 5162 Idem
680 5109 783 5162 hoc
812 5107 1081 5162 nefarium
1109 5105 1324 5161 facinus
1344 5107 1491 5162 circa
1521 5123 1723 5167 sancta:
1750 5124 1804 5168 et
1839 5131 2022 5185 myro-

437 5199 660 5269 blytidis
698 5196 1000 5252 Theodore
1052 5197 1413 5252 sacerrimum
1466 5202 1701 5256 cadaver
1745 5213 2017 5273 patratum

435 5298 545 5352 est,
565 5289 706 5355 quod
732 5302 856 5341 cum
887 5289 940 5339 in
977 5286 1266 5357 superﬁcie
1287 5287 1519 5357 jaceret,
1539 5292 1659 5347 solo
1689 5306 2020 5363 prostratum

439 5382 495 5447 (ο
528 5377 838 5443 audaciam,
875 5394 908 5432 ι)
945 5394 1142 5434 manus
1190 5384 1559 5438 exsecrandas
1585 5386 1624 5456 l)
1655 5395 1712 5441 et
1750 5386 1806 5441 in
1841 5390 2022 5444 varias

437 5481 624 5541 partes
639 5470 972 5540 discerptum
997 5484 1114 5540 est;
1134 5486 1270 5543 quas
1289 5476 1359 5541 pii
1385 5476 1635 5533 homines
1654 5494 2021 5548 assutnentes,
2055 5492 2058 5493 '

438 5564 576 5618 alius
603 5562 713 5615 alio
742 5563 912 5630 prius,
946 5571 1202 5633 tanquam
1240 5564 1386 5620 nulla
1424 5569 1674 5623 mercede
1701 5571 2023 5633 conductam

438 5656 759 5710 medicinam
800 5665 1183 5722 asportarunt;
1212 5669 1394 5727 postea
1435 5660 1639 5715 eaedem
1685 5661 2010 5727 recollectis,

438 5749 524 5817 qui
553 5747 879 5812 habuerant,
901 5749 1022 5803 aliis
1046 5749 1220 5818 pretio
1241 5751 1674 5817 restituentibus,
1700 5753 1826 5808 aliis
1845 5757 2016 5824 gratis

436 5838 694 5894 dantibus
721 5849 942 5904 promer
978 5855 1040 5898 ea
1077 5857 1197 5912 qua:
1228 5842 1278 5899 in
1313 5858 1372 5900 se
1417 5843 1728 5900 nutriebant
1751 5845 1837 5914 pia
1881 5864 2014 5902 cou-

2123 4761 2233 4806 ναι,
2299 4745 2505 4815 καίπερ
2560 4745 2730 4800 πολὺν
2801 4747 2943 4819 ὑπὲρ
2991 4750 3185 4802 τούτου
3259 4751 3571 4820 ποιούμενοι
3616 4752 3711 4805 τὸν

2111 4838 2333 4908 ἀγῶνα.
2369 4839 2478 4893 Καὶ
2514 4840 2738 4906 εἰκότως
2770 4857 2784 4874 ο
2818 4842 2878 4894 ού
2912 4841 3020 4910 γάρ
3050 4841 3141 4895 ίσα
3189 4845 3301 4906 τοῖς
3347 4843 3706 4909 ἀνθρωπίνοις

2127 4933 2193 4983 τὰ
2225 4929 2360 5000 πρὸς
2398 4930 2535 4984 Θεοῦ
2564 4934 2677 4995 τοῖς
2730 4932 2902 4996 ἀξίοις
2952 4933 3352 5004 κεχαρισμένα,
3408 4935 3706 5004 ἐπειδήπερ

2129 5022 2265 5092 μηδὲ
2297 5025 2412 5086 τοῖς
2445 5024 2626 5087 αὐτοῖς
2658 5023 2975 5078 ὑπόκεινται
3003 5026 3168 5096 ὅροις.

2199 5113 2412 5183 Ταύτην
2444 5117 2542 5182 τὴν
2571 5116 2819 5184 πονηρὰν
2835 5115 3184 5179 ἐπεδείξαντο
3215 5117 3442 5188 γνώμην
3466 5119 3556 5170 καὶ
3581 5119 3706 5187 περὶ

2125 5205 2186 5257 τὸ
2218 5207 2313 5274 τῆς
2341 5208 2492 5269 ὁσίας
2536 5208 2631 5260 καὶ
2667 5207 3062 5277 μυροϐλήτιδος
3090 5209 3371 5278 Θεοδὼρας
3418 5210 3706 5277 ἱερώτατον

2122 5294 2400 5363 λείψανον,
2441 5296 2469 5348 ὃ
2504 5297 2598 5349 καὶ
2623 5297 2698 5360 ὡς
2727 5298 2992 5369 ἐπιπολῆς
3021 5299 3275 5369 κείμενον
3333 5301 3615 5370 ἀπερρίφη
3649 5317 3706 5352 τε

2122 5387 2264 5440 κατὰ
2300 5389 2422 5457 γῆς,
2444 5387 2490 5440 ὣ
2519 5389 2724 5459 τόλμης
2763 5391 2859 5442 καὶ
2887 5390 3103 5460 μιαρῶν
3126 5391 3324 5462 χειρῶν
3350 5393 3362 5446 l
3393 5394 3487 5444 καὶ
3548 5409 3707 5444 κατε-

2123 5479 2372 5550 θραύσθη
2408 5481 2484 5540 εί,
2522 5481 2687 5552 μέρη,
2724 5481 2762 5537 ἃ.
2805 5481 2870 5552 δὴ
2923 5483 3019 5536 καὶ⁹
3081 5484 3189 5536 τῶν
3253 5483 3512 5552 φιλοθέων
3564 5485 3707 5547 τινὲς

2124 5572 2445 5641 ἀνελόμενοι
2481 5574 2641 5637 ἄλλος
2671 5578 2770 5643 μὲν
2803 5574 3036 5645 ἀλλαχοῦ
3070 5576 3335 5646 πρότερον
3364 5575 3438 5638 ὼς
3476 5575 3704 5644 ἰατρεῖον

2095 5661 2358 5745 ⁸ἄμισθον
2387 5666 2735 5738 ἀπεκόμισαν
2759 5683 2776 5699 ο
2816 5665 3043 5736 ὓστερον
3076 5666 3134 5718 δὲ
3179 5666 3275 5720 καὶ
3307 5664 3478 5718 ταῦτα
3507 5665 3694 5734 συνῆκ-

2124 5771 2215 5808 ται
2247 5755 2352 5807 τῶν
2386 5757 2691 5827 εἰληφότων
2721 5759 2828 5812 τῶν
2864 5758 2963 5828 μὲν
3002 5758 3354 5828 ἀποδομένων
3396 5756 3571 5810 ταῦτα
3617 5774 3701 5809 τι·

2126 5851 2230 5921 μῆ(
2255 5849 2560 5919 ἀργυρίων,
2584 5851 2691 5904 τῶν
2726 5850 2780 5904 δέ
2812 5849 3197 5921 χαρισαμένων
3227 5848 3306 5902 δι’
3327 5848 3392 5918 ῆν
3419 5848 3576 5918 ἔσχον
3609 5864 3699 5916 ιρις
