4000 6486
348 374 452 471 621

1369 405 1469 465 DE
1511 402 1829 466 EXCIDIO
1868 396 2626 466 THESSALONICENSI.

3495 398 3604 464 622

348 516 447 568 καὶ
473 512 583 568 τῶν
621 511 989 582 αἰχμαλώτων
1025 513 1406 583 γεγενημένων
1438 518 1562 575 τοὺς
1592 514 1920 584 ὁθενδήποτε

2026 510 2274 580 Namque
2307 520 2471 580 quam
2495 504 2709 575 plurimi
2735 504 2945 575 piorum
2980 506 3284 575 hominum,
3320 506 3598 563 infortunii

345 607 449 675 τῆς
480 604 799 673 ἐλευθερίας
827 605 1188 674 ἠξιωμένους.
1239 606 1668 672 Ἦλευθέρωνται
1697 609 1791 660 καὶ
1813 609 1923 677 γὰρ

347 699 531 754 ἱκανοὶ
579 697 794 749 πολλῶν
842 696 1110 763 θεοφιλῶν
1168 695 1310 768 ὑπὲρ
1359 699 1716 770 ἀναῤῥύσεως
1765 700 1926 769 ἡμῶν

347 790 649 862 προθύμως
686 790 1088 858 κεκινημένων,
1119 794 1214 842 καὶ
1266 792 1500 860 μάλιστα
1539 792 1631 844 τοῦ
1659 793 1770 844 τῶν
1793 792 1925 862 Σέρ-

347 884 460 935 ίων
486 881 777 951 ἄρχοντος,
813 875 856 949 ᾧ
883 881 993 935 τῶν
1019 880 1200 935 ἄλλων
1231 882 1398 936 αὐτοῦ
1432 882 1927 952 πλεονεκτημάτων

347 972 633 1043 ἐξαίρετον
657 974 689 1042 ἡ
725 973 863 1043 πρὸς
888 975 1017 1035 τοὺς
1051 972 1343 1042 δεομένους
1370 974 1517 1026 ἐστὶν
1544 975 1761 1029 εὐποιία
1795 975 1927 1028 ἑκα-

349 1081 541 1127 στοτεα
582 1065 824 1134 Χρυσίον
874 1062 970 1116 καὶ
1021 1067 1133 1133 γὰρ
1174 1060 1333 1125 οὗτός
1389 1082 1533 1119 τισιν
1572 1061 1650 1128 οἷς
1699 1066 1925 1136 ἐθάρρει

347 1157 601 1226 χειρίσας
645 1157 735 1208 ἐπ’
785 1156 1072 1227 ἐλευθερίᾳ
1113 1156 1223 1209 τῶν
1254 1156 1619 1226 αἰχμαλώτων
1645 1157 1803 1211 τοῦτο
1834 1159 1922 1210 δον

351 1248 513 1316 θῆναι
572 1249 1049 1316 παρεκελεύσατο.
1107 1250 1214 1301 Καὶ
1269 1251 1372 1302 οὐκ
1406 1250 1515 1303 ἀπὸ
1565 1249 1664 1317 τῆς
1710 1250 1923 1303 ἐκείνου

349 1334 580 1404 γνώμης
608 1336 830 1403 ἐγένετο
852 1353 867 1369 ·
901 1337 1161 1406 ἐπρίαντο
1190 1340 1301 1409 γὰρ
1328 1337 1423 1390 τοῦ
1453 1341 1678 1409 χρυσίου
1715 1340 1761 1393 oi
1788 1338 1926 1410 πρὺς

347 1427 483 1480 αὐτὸ
503 1429 827 1494 τεταγμένοι
868 1429 1118 1495 πολλοὺς,
1148 1429 1197 1481 οἳ
1230 1431 1295 1497 δὴ
1336 1431 1431 1483 καὶ
1475 1433 1788 1494 ἐπανιόντες
1830 1426 1924 1483 ἐπὶ

347 1517 448 1583 τὴν
474 1515 648 1573 πόλιν.
683 1517 757 1578 ὡς
789 1516 1030 1579 είκάζειν
1079 1518 1300 1587 ἔχομεν,
1337 1520 1499 1588 μέχρι
1548 1519 1643 1572 τοῦ
1679 1520 1774 1571 νῦν
1815 1521 1924 1573 εἰσι.

355 1609 494 1676 μετὰ
527 1606 637 1660 τῶν
667 1606 764 1659 ἀπ’
793 1606 971 1662 ἄλλων
1000 1610 1178 1663 τόπων
1203 1609 1544 1681 ἐληλυθότων
1575 1611 1711 1664 ὡσεὶ
1739 1611 1922 1681 χίλιοι.

349 1696 413 1748 Et
447 1697 502 1749 δὲ
530 1698 626 1748 καὶ
653 1697 876 1765 συναριθ
887 1700 1010 1766 μεῖν
1041 1716 1125 1761 τις
1153 1700 1326 1753 ἐθέλοι
1357 1702 1453 1753 καὶ
1488 1702 1615 1765 τούς
1643 1703 1741 1769 τὴν
1769 1701 1927 1754 πόλιν

348 1786 680 1855 οίκήσαντας
720 1787 1024 1856 Τούρκους,
1080 1785 1190 1841 εἷεν
1247 1790 1313 1842 ἂν
1338 1790 1476 1844 ὡσεὶ
1507 1792 1776 1861 δισχίλιοι.
1808 1796 1925 1845 Διε-

2027 596 2509 658 commiseratione
2533 592 2893 664 devictorum,
2927 597 3273 663 liberalitate,
3300 608 3354 654 et
3378 601 3600 669 potissi-

2029 694 2176 747 nium
2218 692 2514 746 Servoru‘m
2541 686 2826 757 principis,
2857 689 2941 743 cui
2969 703 3078 758 pra:
3104 691 3246 758 aliis,
3272 691 3473 761 quibus
3495 705 3603 748 ca-

2030 794 2175 840 leros
2211 792 2453 854 superat,
2492 780 2787 837 virtutibus
2825 781 3154 851 praecipuum
3190 794 3274 838 est
3311 785 3363 838 in
3393 798 3600 847 egenos

2026 874 2411 938 beneﬁcentia,
2448 872 2711 944 redempti
2743 870 2979 927 fuerunt.
3012 873 3063 928 Is
3089 874 3235 930 enim
3261 888 3455 930 aurum
3477 876 3600 930 ﬁdis

2027 969 2220 1024 amicis
2265 967 2638 1024 concreditum
2678 978 2780 1039 pro
2829 963 3081 1020 libertate
3115 967 3456 1034 captivorum
3493 968 3596 1021 im-

2028 1059 2186 1126 pendi
2245 1059 2595 1111 mandaverat
2633 1074 2648 1122 ;
2685 1069 2861 1126 neque
2890 1057 3120 1110 consilio
3165 1056 3459 1112 frustratus
3488 1069 3596 1124 est,

2027 1164 2093 1202 eo
2129 1148 2396 1216 siquidem
2432 1162 2567 1202 auro
2598 1148 2794 1203 nmltos
2818 1149 2888 1203 ab
2912 1161 2984 1204 eo
3020 1149 3171 1203 missi
3204 1150 3597 1215 redemerunt;

2025 1238 2119 1309 qui
2151 1241 2355 1294 reversi
2389 1240 2440 1292 in
2479 1239 2736 1309 patriam,
2769 1228 3199 1310 ut'conjicimus,
3227 1243 3292 1293 ad
3323 1240 3426 1295 hoc
3464 1251 3602 1294 temo

2028 1347 2125 1399 pus
2157 1345 2279 1385 cum
2312 1328 2453 1393 aliis,
2488 1332 2579 1398 qui
2611 1346 2677 1385 ex
2707 1332 2935 1387 diversis
2963 1331 3100 1388 locis
3152 1332 3257 1385 huc
3284 1344 3596 1397 accurrere,

2026 1430 2153 1476 sunt
2184 1435 2411 1474 numero
2438 1421 2604 1474 mille.
2632 1420 2762 1477 Etsi
2792 1422 2915 1490 quis
2939 1422 3100 1477 simul
3130 1421 3338 1476 Tureas
3368 1421 3598 1488 hujusce

2023 1512 2184 1567 urbis
2215 1512 2553 1568 habitatores
2584 1512 3290 1577 uumerarerit,eruntfere
3322 1513 3405 1569 bis
3425 1513 3595 1567 mille.

2024 1601 2400 1672 Opiuabamur
2426 1616 2556 1659 vero
2590 1603 2776 1656 urbem
2804 1618 2994 1658 rursus
3026 1603 3311 1670 pristinum
3346 1603 3635 1690 decorem'

2001 1702 2390 1765 _recepturam,
2421 1701 2477 1745 et
2508 1693 2764 1760 pietatem
2807 1691 2963 1745 novis
2992 1691 3219 1746 iloribus
3256 1704 3595 1745 emersuram

2028 1792 2103 1845 et,
2137 1792 2195 1837 ut
2248 1795 2429 1847 antea,
2471 1783 2632 1854 longe
2664 1783 2880 1854 lateque
2923 1780 3322 1853 divagaturam.
3361 1781 3427 1836 Et
3457 1781 3597 1837 forte

347 1874 619 1942 νοούμεθα
657 1875 712 1927 δὲ
761 1877 862 1945 τὴν
909 1877 1066 1929 πολιν
1106 1880 1197 1930 καὶ
1237 1876 1395 1942 αὖθις
1437 1879 1535 1951 τὴν
1587 1882 1716 1949 πρὶν
1753 1882 1920 1949 αὐτῆς

2028 1874 2278 1930 eﬂectum
2300 1875 2598 1941 habuisset,
2623 1874 2676 1928 ni
2702 1890 2886 1930 rursus
2905 1890 3149 1930 meorum
3162 1862 3490 1930 delictorum
3504 1887 3597 1927 co-

344 1966 648 2033 εὐκοσμίαν
680 1967 974 2019 ἀναλαϐεῖν
1015 1970 1109 2021 καὶ
1139 1969 1209 2022 τὰ
1237 1971 1338 2038 τῆς
1373 1972 1659 2036 εὐσεϐείας
1687 1973 1923 2043 ἀνθῆσαι

254 2090 267 2099 ρ
347 2058 445 2109 καὶ
469 2056 839 2124 πλατυνθῆναι
864 2059 941 2121 ὡς
968 2062 1254 2129 πρότερον.
1284 2064 1393 2115 Καὶ
1422 2065 1643 2131 γέγονεν
1673 2064 1740 2118 ἂν
1768 2068 1920 2131 ἰσως,

345 2148 403 2198 εί
446 2145 520 2216 μὴ
546 2147 640 2199 καὶ
682 2147 846 2202 πάλιν
880 2149 942 2200 τὸ
986 2148 1188 2219 πλῆθος
1218 2152 1324 2203 τῶν
1354 2154 1640 2223 ἡμετέρων
1673 2155 1924 2224 σφαλμά-

348 2253 469 2293 των
482 2238 738 2306 ἐμποδὼν
762 2242 1030 2308 ἐγεγόνει,
1049 2243 1195 2313 καὶή
1227 2246 1397 2298 κακία
1432 2247 1505 2314 μὴ
1534 2249 1713 2316 χώραν
1744 2247 1923 2319 εὗρεν.

359 2327 452 2391 Ἐξ
501 2321 562 2384 οὗ
611 2331 721 2399 γὰρ
752 2332 785 2400 ἡ
832 2330 988 2396 πόλις
1033 2334 1348 2399 δεδούλωτο,
1403 2339 1497 2390 καὶ
1543 2341 1571 2391 6
1629 2341 1924 2410 Μουράτης

349 2418 530 2472 πάντα
564 2423 659 2472 καὶ
712 2420 989 2491 κτίσματα
1016 2426 1117 2475 καὶ
1161 2426 1418 2494 κτήματα
1451 2427 1545 2479 καὶ
1574 2424 1706 2488 νεὼς
1740 2427 1923 2497 ἱεροὺς

350 2510 447 2561 καὶ
481 2511 653 2580 μονὰς
704 2516 794 2567 καὶ
838 2515 937 2577 τὰς
977 2518 1085 2567 τῶν
1121 2520 1396 2586 προσόδων
1432 2518 1614 2571 αὐτῶν
1662 2520 1924 2590 ἀφορμὰς

349 2603 668 2658 ἐπανιοῦσιν
691 2606 723 2674 ἠ
733 2607 823 2671 μίν
849 2608 960 2669 τοῖς
984 2609 1343 2680 ὁπωσδήποτε
1369 2610 1469 2678 τῆς
1483 2610 1725 2675 δουλείας
1752 2611 1925 2665 ἀπαλα

347 2691 563 2762 λαγεῖσι
599 2696 900 2766 φιλοτίμως
950 2701 1046 2752 καὶ
1080 2698 1376 2769 γράμμασι
1412 2705 1509 2757 καὶ⁹
1551 2706 1727 2773 λόγοις
1759 2706 1924 2758 δεδώ-

348 2792 505 2856 ρητο,
558 2791 838 2858 πανταχοῦ
870 2808 929 2842 τε
974 2796 1086 2855 τοῖς
1137 2795 1561 2864 ἀφικνουμένοις
1612 2797 1925 2869 ἐλευθερίαν

350 2881 611 2951 ἐκήρυξε,
670 2884 761 2935 καὶ
814 2888 917 2946 τὰς
975 2887 1155 2938 αὐτῶν
1206 2888 1382 2951 οἰκίας
1420 2892 1513 2941 καὶ
1557 2890 1656 2942 ὅσα
1690 2891 1925 2958 ἀκίνητα

352 2974 555 3037 πάντες
609 2976 898 3043 ἀνέλαϐον,
947 2980 1041 3031 καὶ
1086 2978 1238 3046 τάξις
1272 2983 1423 3034 πᾶσα
1472 2983 1565 3035 καὶ
1598 2983 1742 3037 ἅπαν
1773 2984 1926 3048 ἔθνος

350 3067 454 3135 τῆς
503 3068 711 3130 πόλεως
752 3071 888 3139 πρὸς
925 3070 1186 3141 δευτέραν
1233 3071 1460 3143 αὔξησιν
1511 3076 1606 3126 καὶ
1638 3074 1949 3128 ἀνακαινι-“

358 3157 497 3225 σμδν
538 3159 855 3225 προϐαίνειν
891 3161 1227 3231 ἀπήρξαντο,
1286 3166 1492 3235 ποιμήν
1546 3183 1605 3219 τε
1666 3169 1733 3236 τῇ
1769 3167 1925 3220 πόλει

355 3247 790 3318 κεχειροτόνητο,
823 3250 914 3302 καὶ
950 3248 1214 3320 ἐκκλησία
1257 3256 1492 3325 συνέστη
1519 3253 1616 3306 καὶ
1654 3255 1751 3325 τὴν
1785 3272 1921 3324 προη

348 3341 519 3419 τέραν
545 3341 749 3412 ταύτης
778 3345 931 3409 τάξιν
953 3344 1248 3416 ἀπείληφε,
1272 3348 1492 3417 μοναχοί
1517 3364 1577 3401 τε
1601 3348 1708 3401 τῶν
1743 3348 1921 3419 μονῶν

351 3431 682 3486 ἐπελάϐοηο
713 3437 805 3487 καὶ
843 3438 932 3489 διὰ
981 3438 1220 3508 σπουδῆς
1253 3439 1537 3493 ἐποιοῦντο
1580 3424 1680 3510 τὴν
1714 3441 1922 3494 τούτων

350 3523 614 3589 ἐπίδοσιν,
664 3529 754 3580 καὶ
794 3529 996 3591 πάντες
1032 3529 1216 3597 ἐλπίσι
1258 3533 1528 3601 χρησταῖς
1558 3532 1920 3603 ἐτρεφόμεθα,

352 3618 449 3666 καὶ
502 3619 787 3686 συντόμως
841 3623 1016 3673 εἰπεῖν
1054 3622 1164 3675 τῶν
1219 3623 1284 3676 ἐκ
1337 3622 1439 3693 τῆς
1475 3622 1733 3686 ἁλώσεως
1787 3625 1922 3693 ἡμῖν

348 3707 619 3763 ἐπιόντων
674 3712 858 3765 κακῶν
909 3712 1008 3782 τὴν
1074 3716 1303 3783 μνήμην
1352 3714 1772 3793 ἀπεϐαλόμεθα,
1830 3714 1927 3767 καὶ

350 3801 628 3871 χαίροντες
658 3801 802 3874 ἦμεν
835 3807 922 3876 ἐφ’
955 3805 1037 3871 οἷς
1067 3809 1346 3876 ἀδοκήτως
1373 3807 1660 3877 ἐτύχομεν,
1699 3810 1791 3860 καὶ
1829 3808 1924 3879 τὴν

346 3890 459 3943 τότ’
484 3891 542 3957 ἐξ
573 3893 752 3963 ἡμῶν,
778 3897 811 3965 ἡ
838 3897 1111 3968 παροιμία
1143 3898 1328 3968 φησιν,
1352 3900 1380 3951 6
1411 3898 1539 3967 ίμὰς
1564 3898 1917 3968 ἐξετέτμητο,

428 3987 496 4044 κ’.
529 3992 641 4045 Καὶ
669 3992 733 4062 δὴ
778 3997 851 4079 τῇ.
877 3993 1247 4066 Θεσσαλονίκῃ
1272 3994 1689 4067 ἐπιδεδημηκὼς
1718 3997 1745 4049 6
1777 3997 1925 4049 Μου·
2010 4027 2013 4030 ‹

352 4083 523 4153 ράτης
558 4084 853 4155 (δεύτερον,
908 4082 1088 4157 οἶμαι,
1139 4087 1441 4157 τηνικαῦτα
1468 4088 1756 4141 διίππευεν
1803 4088 1922 4150 ἔτος

350 4173 495 4241 μετὰ
540 4175 635 4241 τὴν
673 4177 877 4230 suum
910 4177 942 4248 ἢ
988 4181 1196 4249 τρίτον)
1226 4180 1314 4246 ἐφ’
1355 4173 1400 4248 ᾧ
1432 4178 1637 4249 ταύτην
1668 4180 1797 4232 ίδείν
1828 4181 1923 4233 καὶ

350 4265 742 4339 ἀκριϐέστερον
789 4271 856 4324 τὰ
909 4272 1030 4325 κατ’
1085 4271 1261 4342 αὐτὴν
1317 4272 1623 4342 ἱστορῆσαι,
1675 4271 1770 4324 καὶ
1812 4270 1922 4324 τῶν

353 4356 451 4409 ἀπ’
480 4359 647 4424 αὐτῆς
677 4361 858 4413 καλῶν
886 4363 1344 4427 ἀπολελαυκέναι,
1372 4363 1468 4416 καὶ
1497 4364 1731 4432 δωρεαῖς
1756 4362 1924 4432 μετά-

350 4445 473 4510 λαις
530 4450 1139 4525 ἁντιφιλοτιμήσασθαι,
1194 4456 1287 4507 τὸν
1318 4455 1529 4508 ἐκείνου
1563 4472 1622 4507 τε
1666 4454 1741 4522 τῷ
1769 4462 1920 4521 φιλο.

2028 1969 2115 2035 pia
2144 1967 2449 2021 obstitisset
2481 1970 2746 2038 datusque
2773 1975 2924 2023 esset
2952 1971 3105 2023 locus
3134 1967 3493 2036 improbitati.
3518 1965 3596 2020 Ex

2025 2070 2136 2128 quo
2183 2059 2327 2114 enim
2360 2060 2554 2115 civitas
2586 2059 2906 2129 captivitate
2937 2073 3128 2128 pressa
3161 2057 3360 2118 fuerat,
3396 2065 3452 2110 et
3481 2054 3594 2109 llu-

2028 2158 2173 2205 rates
2198 2151 2377 2207 omnia
2401 2160 2454 2205 et
2481 2150 2706 2206 aediﬁcia
2733 2158 2791 2205 et
2813 2149 3192 2220 possessiones
3210 2157 3263 2203 et
3284 2161 3438 2203 saera
3462 2156 3590 2201 tem-

2029 2240 2111 2309 pla
2142 2249 2199 2294 et
2221 2240 2547 2295 monasteria
2578 2250 2634 2297 et
2665 2254 2852 2295 eorum
2885 2240 3093 2294 reditus
3130 2239 3289 2293 nobis
3319 2248 3591 2292 reverteuo

2027 2331 2172 2387 tibus
2207 2340 2426 2400 quoq’uo
2446 2332 2605 2388 modo
2633 2332 2818 2388 liberis
2835 2332 2998 2387 factis
3021 2331 3594 2402 magniﬁceetscriptc

2028 2433 2085 2501 et.
2111 2438 2362 2478 sermone
2393 2422 2658 2494 elargitus
2683 2433 2790 2491 est,
2820 2433 2874 2480 et
2903 2424 3037 2479 locis
3066 2439 3131 2479 ex
3161 2422 3410 2480 omnibus
3428 2423 3592 2476 adve-

2028 2514 2304 2569 nientibus
2355 2513 2664 2571 libertatem
2719 2516 2896 2584 palam
2932 2515 3124 2579 edixit,
3156 2523 3211 2569 et
3237 2530 3363 2568 suas
3399 2515 3599 2570 domus

2025 2609 2087 2656 et
2098 2617 2433 2672 quaecunque
2450 2604 2747 2658 immobilia
2767 2619 2955 2659 omnes
2976 2612 3447 2674 recuperarunt,et
3463 2605 3600 2657 ordo

2027 2694 2208 2746 omnis
2235 2702 2288 2747 et
2312 2709 2445 2763 gens
2476 2693 2732 2749 universa
2759 2693 3000 2748 civitatis
3031 2694 3272 2748 secundo
3296 2694 3480 2762 augeri
3517 2708 3604 2748 re-

2029 2786 2329 2852 novarique
2352 2784 2495 2839 haud
2527 2786 2868 2855 improspere
2888 2799 3128 2855 coepere,
3152 2794 3207 2839 et
3235 2795 3422 2853 pastor
3447 2784 3602 2839 urbis

2028 2882 2270 2940 creatus,
2303 2886 2358 2929 et
2387 2873 2633 2930 Ecclesia
2663 2874 2911 2930 constitit
2940 2876 3056 2930 suis
3092 2876 3357 2930 institutis
3381 2875 3601 2945 conspi-

2028 2981 2154 3029 cua,
2185 2976 2240 3018 ct
2297 2967 2904 3037 n.0nachimouastqria
2956 2978 3250 3025 tenuerunt
3274 2978 3328 3023 et
3358 2970 3603 3023 studiose

2028 3058 2321 3112 admodum
2370 3072 2556 3113 eorum
2614 3060 2920 3131 angmentis
2970 3061 3270 3129 initiabunt,
3303 3075 3603 3130 omnesque

2030 3164 2129 3222 spe
2159 3152 2500 3206 laetabantur
2529 3155 2691 3218 bona,
2723 3163 2779 3207 et
2810 3164 2869 3207 ut
2900 3154 3140 3209 breviter
3173 3169 3261 3209 me
3287 3154 3598 3225 expediam,

2032 3245 2298 3299 malorum
2327 3254 2546 3314 propter
2567 3245 2838 3299 excidium
2863 3245 3019 3301 nobis
3037 3245 3310 3301 illatorum
3335 3248 3599 3301 memoria

2029 3338 2231 3392 amissa
2286 3340 2658 3406 gaudebamus
2695 3353 2792 3407 pro
2846 3339 2914 3394 iis
2947 3354 3067 3408 qua:
3106 3339 3263 3394 nobis
3318 3339 3601 3409 insperato

2029 3430 2360 3501 obtigerant,
2404 3442 2458 3485 et
2514 3432 2803 3502 pristinam
2861 3431 3180 3487 felicitatem
3231 3433 3600 3502 tranquillita-

2033 3531 2693 3593 temquecousccnturam
2737 3523 2924 3578 urbem
2958 3523 3333 3591 sperabamus,
3374 3534 3488 3578 tum
3533 3539 3601 3580 ex

2035 3618 2209 3678 nobis,
2246 3627 2306 3671 ut
2336 3616 2622 3686 proverbio
2667 3618 2862 3682 lertur,
2888 3618 3067 3692 lorum
3102 3625 3377 3685 sumptum
3410 3627 3516 3681 est,
3545 3628 3603 3672 et

2034 3726 2154 3780 qua:
2175 3711 2636 3779 exspectabantur
2656 3709 2820 3775 bona,
2836 3710 2887 3762 in
2909 3710 3242 3764 contrarium
3263 3710 3599 3765 reciderunt.

1962 3805 2239 3876 προτέραν
2257 3802 2557 3856 ἀπολαϐεῖν
2578 3806 2679 3874 τὴν
2706 3805 2864 3856 πόλιν
2923 3804 3217 3873 εὐετηρίαν
3271 3804 3596 3874 ἠλπίζομεν,

1955 3898 2050 3953 καὶ
2072 3899 2152 3959 είς
2183 3894 2499 3950 τούναντίον
2529 3895 2601 3947 τὰ
2628 3896 2734 3949 τῶν
2761 3896 2997 3950 ἐλπίδων
3018 3899 3500 3970 ’περιετράπησαν.

2098 3991 2189 4046 9.0.
2212 3991 2343 4045 Nam
2371 3989 2810 4045 Thessalonicam
2847 4001 3096 4060 repetens
3118 3991 3357 4049 Murates
3388 3995 3604 4062 (secun-

2030 4085 2132 4138 dus
2167 4091 2276 4136 tum
2309 4083 2564 4138 currebat
2592 4084 2678 4136 vel
2726 4084 2917 4138 tertius
2948 4092 3071 4151 post
3101 4084 3370 4162 excidium
3400 4085 3600 4154 anuus)

2032 4187 2090 4231 ut
2116 4192 2237 4233 eam
2277 4176 2557 4241 inviseret,
2592 4178 3010 4244 accuratiusque
3039 4191 3129 4233 res
3161 4178 3307 4233 illius
3349 4178 3601 4233 addisce-

2032 4274 2135 4334 ret,
2160 4276 2218 4322 et
2249 4267 2405 4321 bouis
2437 4267 2585 4324 illius
2620 4268 2916 4335 frueretur,
2946 4279 3001 4324 et
3030 4270 3346 4326 muneribus
3386 4271 3603 4326 munifi-

2030 4360 2110 4416 cis
2156 4360 2512 4415 contenderet
2562 4375 2685 4414 cum
2738 4375 2838 4415 suo
2899 4363 3281 4433 pregenitore,
3345 4361 3603 4433 illiusque

2029 4452 2271 4523 vestigiis
2302 4453 2584 4508 insiSteret
2613 4454 2706 4523 qui
2744 4452 3134 4510 Thessalonica
3170 4454 3371 4520 potitus
3398 4456 3603 4523 gratias

350 4538 496 4610 τίμῳ
528 4542 626 4610 τῆς
660 4543 888 4614 γνώμης
923 4546 1266 4616 μιμήσασθαι
1305 4548 1598 4618 πρόγονον,
1639 4546 1918 4627 Θεσσαλοο

2030 4547 2342 4600 innumeras
2379 4545 2800 4616 largitioncsque
2842 4548 3106 4600 maximas
3139 4545 3266 4602 fecit
3297 4562 3314 4602 :
3357 4547 3480 4611 hac,
3521 4547 3604 4601 iu-

354 4630 511 4700 νίκης
542 4634 794 4688 κάκεῖνον
824 4639 1180 4707 κρατήσαντα
1216 4641 1312 4693 καὶ
1347 4641 1532 4710 χάρισι
1559 4638 1763 4708 ταύτην
1792 4621 1922 4693 πῖλ-

350 4725 471 4783 λαῖς
502 4726 900 4797 ἀμειψάμενον,
921 4728 1094 4792 οὕτως
1121 4727 1215 4814 οὗόν
1242 4733 1472 4801 γνώμης
1503 4730 1642 4802 ἔχων
1666 4733 1762 4785 καὶ
1784 4733 1923 4801 μετᾶ

350 4819 612 4889 τοιαύτης
646 4820 860 4882 ἐλθὼν,
901 4824 930 4875 6
980 4823 1037 4876 δὲ
1093 4825 1170 4894 μὴ
1220 4823 1322 4876 οὐκ
1379 4824 1612 4891 ἀγαθαῖς
1658 4824 1924 4894 ὑπαχθεὶς

353 4912 722 4981 συμϐουλίαις
770 4913 1235 4982 μεταϐουλεύετσί
1281 4930 1335 4967 τε
1370 4913 1466 4967 καὶ
1502 4914 1601 4982 τὴν
1648 4915 1922 4982 προτέραν

351 5002 675 5072 μετατίθησι
709 5002 956 5075 γνώμην,
989 5005 1084 5058 καὶ
1116 5005 1152 5059 ἃ
1186 5004 1311 5058 καθ’
1339 5004 1401 5059 ὃν
1430 5004 1753 5074 ἐαλὼκαμεν
1787 5002 1920 5073 χρό-

346 5110 439 5147 νον
459 5095 522 5148 ob
556 5096 830 5166 πέπραχε,
870 5096 994 5153 κατ’
1030 5099 1208 5152 ἐκεῖνο
1230 5098 1295 5166 δὴ
1327 5097 1424 5151 τοῦ
1467 5098 1662 5168 καιροῦ
1696 5098 1919 5166 παρώρ-

310 5254 315 5263 ,
350 5203 491 5254 μητο
515 5187 946 5258 διαπράξασθαι.
977 5192 1087 5243 Καὶ
1119 5189 1250 5257 γοῦν
1288 5190 1364 5252 ὼς
1392 5192 1492 5259 τὴν
1524 5191 1682 5243 πόλιν
1724 5189 1818 5242 καὶ
1853 5189 1921 5242 τὰ

346 5277 467 5330 καθ’
497 5278 727 5332 ἕκαστον
756 5283 963 5350 ταύτης
1011 5282 1267 5336 θεάσαιτο
1306 5282 1402 5335 καὶ
1447 5283 1625 5351 πάσης
1658 5285 1716 5336 ἐν
1751 5282 1922 5354 ταύτῃ

346 5370 634 5441 ῥᾳστώνης
673 5372 1129 5437 ὲπαπολαύσειεν,
1163 5373 1237 5438 ὡς
1272 5375 1382 5428 ⁸τῶν
1419 5374 1556 5445 αὐτῇ
1606 5376 1922 5444 προσόντων

344 5462 530 5513 καλῶν
575 5464 656 5525 είς
690 5465 853 5532 κόρον
906 5470 1419 5536 κατατρυφήσειεν,
1470 5467 1827 5535 ἀγαπητικῶς
1859 5485 1920 5519 τε

342 5551 442 5619 οὐχ
479 5551 684 5621 ἥκιστα
718 5556 888 5628 ταύτῃ
933 5557 1231 5626 διατεθείη,
1264 5559 1362 5613 καί⁵
1411 5560 1579 5612 πᾶσιν
1625 5561 1755 5629 ἡμῖν
1785 5559 1922 5630 θαρο

344 5641 461 5708 ῥεῖν
499 5642 617 5713 δοίη
657 5648 783 5714 περὶ
811 5647 968 5717 ἡμῶν
998 5649 1064 5701 τὰ
1099 5649 1320 5717 βελτίω,
1361 5649 1578 5720 πρῶτον
1613 5650 1712 5721 μὲν
1741 5651 1925 5736 ψῆφον

343 5734 639 5804 ἐξήνεγκεν
688 5742 807 5791 οῗαν
836 5740 949 5793 οὐδ’
1002 5742 1061 5793 ἐν
1097 5741 1330 5813 ὀνείροις
1384 5740 1510 5794 ἰδὼν
1558 5734 1750 5806 οὐδείς’
1789 5758 1925 5809 ποτε,

345 5828 748 5900 προσεδόκησεν
783 5832 882 5885 ἄν·
916 5833 951 5902 ἠ
993 5832 1039 5885 δ’
1068 5828 1135 5905 ἦν
1171 5835 1345 5896 πάσας
1372 5833 1472 5903 μὲν
1516 5830 1791 5904 ληφθῆναι
1825 5849 1923 5905 μο-

2021 4653 2208 4707 quam,
2256 4637 2428 4692 fretus
2465 4645 2668 4701 mente,
2720 4636 2976 4707 illiusque
3024 4641 3385 4707 exsequendas
3431 4653 3600 4694 causa

2023 4732 2275 4791 veniens,
2326 4730 2671 4798 postmodum
2722 4729 2880 4783 malis
2929 4730 3160 4782 aliorum
3207 4730 3602 4784 monitionibus

2023 4822 2316 4876 distractus
2354 4821 2641 4876 consilium
2689 4822 3093 4890 pristinamque
3124 4824 3454 4876 sententiam
3484 4836 3604 4874 mu-

2021 4922 2134 4981 tat;
2164 4924 2218 4968 et
2248 4929 2387 4984 quae,
2415 4929 2523 4983 quo
2549 4915 2690 4983 capti
2717 4930 2911 4981 sumus
2935 4924 3199 4984 tempore,
3228 4930 3338 4968 non
3368 4917 3597 4987 peregit,

2023 5022 2090 5063 eo
2133 5008 2395 5075 temporis
2441 5008 2708 5078 perlicere
2745 5010 3050 5065 constituit.
3089 5009 3277 5086 Igitur,
3334 5008 3464 5064 licet
3506 5009 3599 5064 ille

2023 5099 2231 5169 diceret
2264 5099 2388 5153 ideo
2419 5113 2481 5154 se
2511 5100 2730 5155 venisse
2764 5107 2822 5153 ut
2868 5102 3059 5154 urbem
3092 5110 3147 5154 et
3189 5099 3401 5171 singula
3449 5100 3601 5157 illius

2021 5187 2504 5257 circumspiceret,
2586 5191 2807 5256 otioque
2871 5199 2925 5243 et
2992 5190 3195 5245 laboris
3272 5190 3597 5245 remissione

2024 5267 2302 5346 uteretur,
2358 5281 2623 5351 bonisque
2681 5283 2823 5337 illius
2894 5282 2970 5357 ad
3022 5283 3365 5337 saturitatem
3429 5282 3596 5337 luxu-

2023 5370 2298 5437 riaretur,
2360 5373 2549 5441 sicque
2622 5387 2727 5425 nun
2788 5372 2970 5427 minus
3043 5372 3098 5426 in
3153 5387 3274 5428 eam
3337 5372 3600 5428 benevole

2023 5465 2253 5520 affectus
2331 5465 2558 5520 meliora
2624 5467 2891 5534 speranda
2964 5466 3123 5521 nobis
3189 5467 3243 5521 in
3313 5476 3597 5534 posterqu

2024 5557 2379 5626 relinqueret,
2425 5557 2782 5613 nihilominus
2810 5561 3045 5627 primum
3083 5559 3396 5612 mandatum
3426 5557 3596 5621 dedit,

2024 5647 2166 5716 quod
2205 5664 2275 5703 ne
2308 5665 2404 5717 per
2433 5650 2705 5705 somnium
2732 5651 2954 5719 quidem
2988 5651 3260 5718 quispiam
3288 5659 3601 5717 exspectas-

2024 5751 2130 5795 set.
2165 5738 2221 5794 id
2251 5749 2427 5794 autem
2459 5748 2579 5795 erat
2604 5741 2937 5795 monasteria
2958 5742 3141 5795 omnia
3176 5738 3479 5808 templaque
3507 5750 3604 5792 oc-

2024 5832 2293 5905 ειιεςιιιιιιι,
2321 5844 2511 5889 eorum
2539 5833 2746 5889 reditus
2775 5848 2965 5890 omnes
2994 5831 3472 5904 possessionesque
3509 5845 3605 5886 au-
