4000 6442
483 321 590 383 633

1686 313 2011 377 JOANNIS
2039 314 2516 375 ANAGNOST/E
3621 318 3714 381 (25

483 436 755 499 ferendas,
796 445 848 490 et
873 435 925 489 in
959 442 1245 505 angustum
1276 433 1471 504 oppido
1496 447 1583 489 res
1617 442 1836 488 nostras
1859 447 2052 502 cogen-

2163 434 2258 506 νάς
2290 432 2380 485 καὶ
2430 432 2586 496 νεὼς,
2641 430 2821 494 πάσας
2874 430 2928 484 δὲ
2986 428 3512 500 προσόδουςηαῦτῶν
3542 439 3629 485 καὶ
3665 435 3726 487 τὰ

436 526 595 579 -das.
645 524 796 590 Quod
842 540 946 580 non
998 527 1172 580 multo
1215 533 1399 595 postea
1444 524 1646 578 factum
1694 523 1762 577 ab
1794 523 1897 601 illis
1928 523 2063 578 insi-

478 620 672 685 gniter.
727 617 1155 672 Postea'omues
1196 620 1408 679 domus,
1463 628 1516 670 ct
1588 616 1841 684 quidquid
1920 616 2059 667 aliud

478 719 737 775 przrterea
762 708 817 761 in
850 708 1073 762 civitate
1098 717 1236 770 eral,
1263 709 1438 761 sanxit
1469 706 1721 771 describi,
1747 715 1799 760 et
1832 720 2057 771 separa-

480 799 571 849 tiin
607 799 955 866 praesentium
990 798 1286 864 separatim
1338 797 1639 851 absentium
1673 795 1908 851 censeri.
1957 793 2061 847 No-

480 903 605 942 vum
633 887 780 942 enim
813 888 1028 942 consilii
1052 901 1225 954 genus
1256 886 1686 956 excogitaverat,
1711 894 1807 938 aut
1836 886 1903 939 ab
1934 885 2058 937 aliis

475 979 847 1048 excogitatum
884 979 998 1047 ipse
1022 978 1367 1047 probaverat,
1399 978 1746 1047 prtrsentium
1775 977 2061 1031 facultates

478 1074 865 1142 relinquendas
895 1074 961 1127 iis
1002 1074 1055 1126 in
1081 1087 1306 1140 quorum
1332 1066 1570 1126 dominio
1595 1080 1775 1135 erant,
1803 1070 1933 1124 licet
1959 1085 2059 1123 ne-

478 1179 584 1231 que
629 1164 729 1217 hoc
782 1164 991 1231 integre
1025 1162 1374 1217 observatum
1408 1172 1534 1225 est;
1573 1159 1900 1222 absentium,
1948 1159 2061 1213 sive

479 1254 554 1308 illi
584 1256 635 1307 in
675 1253 812 1309 vivis
834 1262 1057 1320 agerent
1083 1255 1195 1306 sive
1215 1266 1278 1305 ev
1307 1266 1493 1305 eorum
1526 1263 1755 1304 numero
1780 1248 2057 1302 exturbati

478 1355 703 1400 mortem
745 1344 1121 1414 oppetiissent,
1166 1342 1361 1410 partim
1399 1339 1757 1396 reservandas
1814 1346 2061 1408 postmo-

377 1476 387 1485 .
477 1440 604 1492 dum
637 1437 859 1501 futuris,
898 1437 1094 1507 partim
1126 1436 1320 1491 Turcis
1357 1434 1442 1511 vel
1479 1448 1597 1487 eam
1633 1431 1938 1485 inhabitare
1971 1446 2059 1485 co-

476 1531 614 1585 actis
644 1530 938 1585 dedendas.
972 1527 1131 1593 Quod
1180 1527 1305 1581 item
1360 1526 1562 1579 iactum
1618 1532 1722 1578 cst.
1766 1521 2060 1591 Postquam

477 1636 605 1674 vero
631 1620 885 1674 universa
936 1619 1088 1673 urbis
1142 1618 1428 1685 diligenter
1465 1615 1752 1668 admodum
1789 1613 2059 1679 descripta

480 1720 625 1775 sunt,
661 1710 937 1765 nonnullis
968 1726 1033 1764 ex
1076 1710 1277 1763 nostris
1308 1722 1464 1762 suam
1502 1720 1724 1772 operam
1757 1703 2062 1773 praestanti-

479 1803 601 1867 bus,
642 1802 731 1870 qui
762 1810 941 1855 mente
977 1799 1381 1870 iuiprobissima
1418 1806 1471 1851 et
1509 1797 1673 1867 plane
1710 1795 1890 1848 invida
1922 1809 2056 1848 con-

478 1901 693 1962 ceptum
744 1892 1024 1957 fovebant,
1076 1900 1357 1945 numerata
1407 1899 1534 1943 sunt
1591 1894 1845 1941 accurate
1899 1886 2059 1940 nimis

478 1996 643 2054 atque
672 1984 1034 2049 considerate,
1066 1994 1119 2037 et
1160 1983 1290 2035 duas
1324 1982 1374 2033 in
1408 1990 1613 2048 partes,
1662 1988 1721 2031 ut
1745 1978 2055 2033 mandatum

476 2073 675 2139 fuerat,
695 2074 891 2135 divisa,
916 2083 1025 2125 tuin
1050 2071 1371 2125 iuunaSIeria
1400 2068 1769 2136 magnitudine
1789 2076 1842 2122 et
1859 2066 2057 2121 decore

478 2168 797 2234 illustriora,
825 2165 1078 2242 similiter
1100 2172 1154 2215 et
1178 2163 1320 2217 aedes
1346 2177 1464 2230 quae
1492 2160 1628 2214 alias
1653 2158 2055 2226 pulchritudine

447 2291 451 2295 -
475 2269 784 2328 ornatuque
815 2258 1169 2327 superabant,
1207 2254 1319 2309 suis
1341 2252 1704 2307 faiuiliaribus
1725 2260 1778 2304 et
1798 2250 1852 2304 in
1878 2249 2057 2319 digiti-

479 2361 589 2405 tate
623 2349 936 2404 eonstitutis
960 2347 1232 2408 attribuit,
1266 2353 1473 2397 tantum
1496 2342 1649 2397 nobis
1670 2348 1902 2409 quatuor
1921 2349 2056 2395 tem-

477 2442 601 2510 plis,
636 2439 919 2495 catholicis
946 2438 1126 2501 dictis,
1163 2437 1214 2489 id
1247 2435 1565 2489 enixissime
1608 2442 1823 2502 pastore
1856 2420 2055 2501 procu-

477 2544 654 2601 raute,
682 2532 979 2588 concessis.
1001 2531 1261 2598 Reliquas
1286 2542 1413 2583 vero
1442 2541 1631 2581 omnes
1656 2526 1797 2579 aedes
1827 2524 2054 2592 templa-

476 2643 583 2698 que
610 2628 722 2681 fere
757 2626 966 2689 omnia,
1002 2624 1094 2693 qui
1137 2624 1203 2676 ab
1236 2620 1359 2675 aliis
1397 2620 1529 2673 locis
1561 2618 1742 2671 sedem
1774 2616 1877 2670 sibi
1908 2615 1959 2668 in
1989 2628 2051 2668 ea

392 2736 397 2741 '
477 2720 833 2772 collocassent
867 2730 1085 2783 suaeque
1138 2714 1322 2780 patriae
1361 2710 1803 2779 praeposuissent,
1835 2717 1888 2761 et
1916 2703 2057 2758 Tur-

479 2813 578 2872 t-i5,
621 2810 709 2877 qui
767 2823 795 2860 a
839 2805 1084 2860 Genitzis
1131 2802 1261 2856 moli
1309 2800 1544 2859 fuerant,
1602 2794 1737 2848 tradi
1790 2793 2051 2865 decrevit.

477 2904 715 2958 Genitza‘.
748 2901 898 2955 locus
931 2910 1012 2951 est
1038 2904 1247 2965 aequata
1278 2892 1393 2963 agri
1424 2890 1648 2963 planitie
1681 2900 1895 2957 quaqua
1931 2900 2053 2939 ver-

479 3010 599 3051 sum
636 3007 908 3063 expansos
942 2989 1046 3042 diei
1081 2988 1275 3041 itinere
1307 2984 1374 3037 ab
1410 2979 1730 3036 occidentali
1760 2978 1909 3032 urbis
1934 2976 2053 3061 pla-

2164 523 2401 592 κτήματ’
2458 522 2853 592 ἀφαιρεθῆναι,
2906 524 3000 575 καὶ
3043 524 3123 584 εἰς
3181 522 3367 575 στενὸν
3414 522 3726 593 κομιδῆ’τά

2163 613 2408 680 ἡμέτερα
2439 611 2805 679 καταντῆσαι,
2831 611 2859 664 δ
2889 612 2984 664 καὶ
3016 613 3096 674 εἰς
3133 611 3309 681 πέρας
3345 611 3640 681 ἐκϐέϐηκεν
3668 616 3724 667 οὐ
3783 602 3792 619 ’

2166 703 2287 773 μετ’
2315 704 2375 756 οὐ
2403 703 2561 756 πολύ.
2608 703 2845 756 Ἔπειτα
2876 702 2934 754 δὲ
2974 702 3069 754 καὶ
3094 701 3520 770 καταγραφῆναι
3563 703 3728 766 πάσας

2163 797 2344 859 οἰκίας
2390 798 2482 848 καὶ
2513 797 2565 848 εί
2598 814 2651 848 τι
2700 790 2910 865 προσῆν
2944 794 3134 865 ἕτερον
3170 786 3237 863 τῇ
3275 793 3430 846 πόλει
3462 794 3723 864 προστάτ-

2163 906 2266 950 τει,
2296 887 2388 940 καί
2420 888 2588 959 χωρὶς
2635 887 2835 957 μὲνὶτὰ
2873 886 2982 939 τῶν
3016 886 3303 955 παρόντων
3349 890 3515 956 χωρὶς
3560 886 3613 938 δὲ
3663 886 3729 939 τὰ

2162 980 2271 1031 τῶν
2313 979 2567 1032 ἀπόντων
2611 978 3024 1047 ἀριθμηθῆναι·
3069 976 3264 1050 βουλὴν
3302 977 3413 1045 γὰρ
3462 978 3728 1045 ἐνενόησεν

2162 1072 2195 1143 ἢ
2227 1070 2447 1137 ἐδέξατο
2480 1072 2577 1135 τὰς
2614 1072 2716 1139 μὲν
2760 1071 2872 1132 τῶν
2920 1069 3207 1139 παρόντων
3243 1068 3563 1128 καταλιπεῖν
3592 1069 3730 1135 ἔχειν

2161 1162 2287 1224 τοὺς
2315 1160 2522 1213 τούτων
2575 1160 2973 1225 δεσπόσαντας,
3017 1160 3065 1210 εἰ
3118 1158 3212 1210 καὶ
3250 1156 3326 1226 μὴ
3368 1156 3620 1224 καθαρῶς
3650 1155 3734 1209 οὔ·

2161 1273 2269 1311 τως
2319 1255 2501 1325 ἐξέϐη,
2559 1257 2625 1310 τὰ
2683 1257 2741 1309 δέ
2798 1273 2861 1323 γε
2911 1255 3019 1307 τῶν
3057 1254 3330 1314 ἀπόντων,
3381 1251 3597 1314 ζώντων
3646 1254 3733 1308 καί

2164 1348 2531 1416 τεθνηκότων,
2560 1350 2627 1402 τὰ
2683 1349 2779 1417 μὲν
2811 1338 3101 1416 τηρεῖσθαι
3148 1349 3259 1405 τοῖς
3293 1343 3556 1398 είτέπειτ’
3585 1346 3728 1397 ἐλευ-

2165 1442 2441 1507 σομένοις,
2473 1439 2542 1492 τὰ
2572 1439 2627 1492 δὲ
2662 1439 2927 1509 Τούρκοις
2961 1438 3185 1507 δοθῆναι
3216 1440 3329 1501 τοῖς
3363 1439 3660 1510 ᾑρημένοις
3696 1436 3727 1507 ἢ

2166 1530 2466 1598 βιασθεῖσιν
2488 1531 2769 1600 ἐνοικῆσαι
2797 1533 2860 1601 τῇ
2887 1530 3062 1595 πόλει,
3087 1530 3342 1599 καθάπερ
3373 1530 3469 1582 καὶ
3493 1530 3729 1596 γέγονεν.

2178 1625 2328 1677 Ἐπεὶ
2361 1623 2419 1677 δὲ
2450 1624 2885 1694 κατεγράφησαν
2914 1624 3012 1695 μὲν
3043 1624 3181 1692 μετὰ
3229 1623 3439 1686 πολλῆς
3480 1623 3581 1691 τῆς
3621 1625 3733 1678 ἐπι-

2093 1763 2134 1823 B
2166 1714 2386 1783 μελείας
2409 1714 2624 1768 ἅπαντα
2663 1715 2731 1767 τὰ
2775 1715 2874 1783 τῆς
2911 1714 3148 1777 πόλεως,
3188 1714 3346 1766 ἐνίων
3381 1716 3443 1766 ὲκ
3474 1712 3578 1765 τῶν
3606 1714 3733 1781 ἡμε-

2166 1804 2339 1875 τέρων
2368 1803 2503 1875 πρὸς
2526 1804 2674 1857 τοῦτ’
2700 1804 3026 1873 ἐπιτηδείων
3046 1804 3349 1872 ὀφθέντων.
3388 1803 3437 1857 οἳ
3469 1808 3561 1857 καί
3590 1804 3727 1857 τοῦτ’

2161 1894 2353 1947 ὥδινον
2378 1896 2442 1947 ἐκ
2470 1895 2824 1963 σκαιοτάτης,
2858 1890 3040 1961 οἶμαι,
3078 1894 3302 1962 γνώμης
3335 1894 3425 1947 καὶ
3454 1894 3730 1964 φθονερᾶχ

2161 1986 2470 2056 ὴρίθμηντο
2520 1986 2577 2037 δὲ
2632 1987 2770 2055 μετά
2815 1985 3027 2054 πολλῆς
3061 1985 3351 2051 ἀκριϐείας
3403 1986 3497 2038 καὶ
3528 1986 3732 2038 διασκέο

2157 2081 2328 2148 ψεως,
2359 2081 2458 2132 καὶ
2487 2078 2609 2149 διχῆ
2639 2080 2777 2132 κατά
2819 2077 3173 2146 τούπίταγμα
3216 2077 3576 2148 διῃρέθησαν,
3600 2072 3728 2129 ’τότε

2158 2170 2221 2242 δὴ
2254 2173 2352 2232 τὰς
2387 2171 2485 2238 μὲν
2512 2170 2629 2235 τῶνξ
2640 2169 2819 2237 μονῶν
2849 2171 2972 2222 ὅσαι
2991 2170 3055 2238 δὴ
3079 2168 3299 2238 μείζους
3330 2169 3426 2222 καλ⁸
3450 2171 3583 2239 πρὸς
3609 2169 3730 2224 κάλ-

2162 2260 2248 2324 λος
2302 2261 2658 2331 φαιδρότεραι
2714 2262 2826 2322 τοῖς
2879 2259 3101 2322 οἰκείοις
3148 2258 3301 2329 αὐτῴ
3342 2261 3438 2313 καὶ
3485 2253 3637 2314 οὖσιν
3676 2261 3731 2314 ὲν

2157 2352 2467 2421 ἀξιώμασιν
2528 2351 2863 2421 ἐδωρήσατό,
2901 2350 3103 2419 ὁμοίως
3154 2350 3211 2402 δὲ
3246 2351 3347 2404 καὶ
3396 2338 3508 2402 τῶν
3544 2349 3722 2421 οἰκιῶν

2157 2446 2282 2498 ὅσαι
2316 2443 2379 2513 δὴ
2411 2442 2664 2506 καλλίους
2692 2438 2828 2512 ἦσαν
2877 2441 2985 2493 τῶν
3017 2440 3197 2509 ἄλλων
3223 2441 3306 2503 είς
3332 2458 3391 2494 τε
3425 2440 3616 2504 κάλλος
3641 2441 3728 2495 καὶ

2163 2534 2416 2605 μέγεθος,
2468 2520 2663 2604 μόνους
2695 2535 2826 2603 ἡμῖν
2867 2533 2993 2596 τοὺς
3039 2534 3312 2602 τέσσαρας
3346 2533 3503 2596 νεὼς,
3551 2533 3600 2587 οἳ
3640 2534 3728 2586 καὶ

2159 2627 2437 2679 καθολικοὶ
2459 2627 2738 2693 λέγονται,
2767 2624 3197 2688 καταλελοιπὼς,
3226 2626 3550 2697 nomer
3575 2643 3726 2678 σπου-

2157 2719 2247 2789 δὴν
2285 2720 2422 2789 ὑπὲρ
2458 2720 2663 2771 τούτων
2709 2718 2802 2770 τοῦ
2855 2717 3116 2781 ποιμένος
3156 2719 3584 2787 εἰσενεγκόντος.
3626 2718 3725 2780 Τὰς

2158 2811 2212 2861 δέ
2244 2826 2305 2876 γε
2337 2808 2533 2871 λοιπὰς
2564 2808 2786 2869 ἁπάσας
2832 2809 3010 2869 οἰκίας
3058 2806 3156 2859 καὶ
3207 2807 3339 2870 τοὺς
3387 2807 3522 2869 νεὼς
3553 2807 3722 2877 σχεδον

2158 2904 2368 2964 πάντας
2402 2901 2698 2972 διωρίσατο
2731 2902 2844 2962 τοῖς
2883 2898 2931 2952 τ’
2968 2898 3064 2951 ἀπ’
3101 2899 3279 2953 ἄλλων
3332 2901 3517 2953 τόπων
3555 2899 3722 2968 ἐθελή-

2159 3010 2318 3047 σασιν
2369 2993 2500 3056 ίσως
2556 2992 2657 3064 τὴν
2718 2991 2874 3043 πόλιν
2933 2989 3056 3044 ἀνθ’
3106 2985 3174 3061 ἧς
3230 2992 3482 3046 οἰκοῦσιν
3524 2992 3722 3046 ἑλέσθιι

479 3105 542 3156 ga
571 3088 802 3149 distans,
828 3085 940 3138 sive
966 3079 1373 3142 snibabilitatc,
1392 3076 1505 3130 sive
1533 3073 1675 3127 illius
1699 3070 1790 3141 qui
1818 3068 2049 3139 primum

2159 3084 2595 3156 παρασχεθῆναι,
2642 3083 2735 3135 καὶ
2767 3084 2879 3144 τοῖς
2926 3081 3037 3134 ἀπὸ
3069 3081 3178 3134 τῶν
3210 3082 3503 3154 Γενητζῶν
3532 3084 3720 3137 ἀπανα·

480 3181 531 3234 in
560 3178 949 3235 habitationem
985 3172 1087 3228 sibi
1118 3171 1293 3225 locum
1319 3168 1559 3236 eli-gerat
1596 3164 1888 3227 industria,
1920 3160 2054 3214 Tur-

478 3284 664 3324 carum
701 3268 1008 3322 accolarum
1046 3262 1345 3332 frequentia
1383 3260 1683 3313 instruetus
1708 3270 1723 3320 ;
1753 3268 2047 3323 quem,ne-

480 3362 594 3415 seio
624 3375 729 3430 qua
763 3360 830 3414 de
879 3371 1066 3420 causa,
1130 3353 1293 3407 animi
1356 3350 1640 3404 recreandi
1702 3346 2055 3415 ferarumque

481 3457 963 3505 immansuetarum
1006 3443 1392 3515 eapicndarum
1427 3440 1599 3511 gratia
1633 3439 1894 3497 Murates,
1929 3451 2052 3489 cum

482 3546 531 3595 in
566 3542 836 3596 civitatem
874 3538 1313 3607 progrederetur,
1366 3533 1547 3586 visens
1578 3529 1688 3584 fere
1734 3526 2055 3583 habitatori-

480 3637 580 3690 bus
619 3635 892 3702 spoliavit,
931 3630 1101 3685 solum
1142 3642 1237 3682 eos
1271 3632 1483 3679 vertere
1520 3638 1623 3692 qua
1660 3630 1876 3692 possent
1911 3621 2055 3677 cele-

478 3726 640 3778 ritate.
660 3724 756 3793 jub
794 3736 878 3785 ns,
896 3731 948 3774 et
967 3721 1150 3774 sedem
1175 3715 1574 3771 Thessalonica:
1596 3729 1815 3783 ponere.
1836 3710 2051 3766 Jussom

477 3819 761 3885 dedigeutcr
802 3823 1101 3876 curatores,
1137 3808 1280 3863 nulla
1316 3807 1635 3876 interposita
1672 3822 1844 3866 mora,
1891 3819 2055 3856 exse-

478 3912 587 3964 Cuti
644 3917 789 3971 sunt,
844 3912 1127 3973 pestquam
1190 3900 1277 3955 ille
1333 3900 1694 3959 abscesserat,
1754 3909 2051 3962 omnesque

478 4004 688 4057 'l'urcas
735 3999 804 4051 ibi
850 3998 1155 4051 babitantes
1192 4006 1289 4047 suo
1323 3991 1555 4044 adventu
1602 4001 1820 4042 coaetos
1871 3988 2049 4053 potius

478 4107 641 4162 quam
688 4104 876 4144 suasos
922 4084 1370 4140 Thessalonicam
1413 4085 1701 4143 advexere,
1754 4088 1807 4133 et
1857 4079 2051 4130 donius

480 4186 637 4247 alias,
674 4184 791 4236 loco
821 4196 1011 4235 earum
1043 4193 1181 4248 quas
1210 4175 1285 4229 illi
1320 4173 1692 4242 possederant,
1726 4179 1787 4225 ut
1831 4171 2052 4221 manda-

482 4289 593 4330 tum
613 4276 808 4336 fuerat,
833 4273 1178 4327 dediderunt.
1198 4270 1370 4322 Ambo
1396 4268 1506 4319 haec
1529 4267 1736 4331 itaque,
1760 4269 1819 4315 ut
1837 4264 2049 4331 opinor,

480 4371 719 4424 Murates
759 4368 1055 4423 meditatus
1083 4377 1166 4419 est
1214 4372 1267 4417 et
1309 4362 1380 4414 ita
1419 4359 1532 4414 tieri
1579 4357 1769 4427 jussit,
1826 4363 1940 4407 tum
1996 4365 2051 4406 ut

2157 3179 2316 3230 στᾶσι
2367 3174 2655 3244 Τούρκοις.
2694 3176 2874 3236 Τόπος
2923 3175 2967 3227 δ’
2995 3173 3151 3236 οὗτός
3197 3175 3320 3228 ἐστι
3368 3176 3554 3240 πεδιάς
3593 3176 3717 3238 ὅλος.

2156 3269 2368 3339 ἡμέρας
2394 3267 2515 3321 ὁδὸν
2545 3268 2652 3320 ἀπὸ
2680 3267 2775 3318 τοῦ
2807 3267 2953 3322 κατά
2981 3266 3137 3320 δύσιν
3167 3267 3377 3336 μέρους
3398 3269 3612 3339 ἀπέχων
3634 3267 3720 3332 τῆς

2155 3361 2385 3425 πόλεως,
2432 3361 2542 3413 είτε
2588 3363 2653 3430 τῇ
2688 3359 2880 3412 τούτου
2928 3358 3337 3428 ἐπιτηδειότητι
3388 3361 3496 3414 εἶτε
3532 3357 3718 3426 σπουδῇ

2154 3452 2248 3505 τοῦ
2288 3451 2479 3504 τοῦτον
2516 3452 2757 3523 ἀρχῆθεν
2794 3452 3166 3521 ἐκλεξαμένου
3199 3452 3343 3521 πρὶς
3373 3452 3581 3520 οἴκησιν
3605 3447 3719 3503 πολ-

2155 3544 2279 3605 λοὺς
2310 3544 2562 3611 ἐσχηκὼς
2612 3543 2910 3611 οἰκήτορας
2962 3541 3261 3609 Τούρκους.
3315 3544 3413 3593 Ὃν
3449 3541 3510 3611 δὴ
3542 3540 3719 3599 τόπον.

2155 3636 2254 3687 οὐκ
2283 3629 2381 3687 οἶδ’
2426 3634 2573 3695 ὅπως
2625 3635 2717 3686 ὲπί
2762 3632 2888 3685 θέαν
2939 3633 3037 3686 καὶ
3072 3632 3228 3697 ζώων
3261 3633 3477 3703 ἀγρίων
3509 3633 3669 3701 θήραν
3694 3628 3720 3680 ό

2156 3727 2452 3795 ίίῐουράτης
2481 3726 2683 3785 ἐκεῖσε,
2720 3723 2843 3777 καθ’
2879 3724 2939 3778 ὃν
2968 3722 3163 3793 καιρὸν
3186 3724 3343 3795 ὲνεδή
3356 3742 3447 3793 μει
3468 3727 3533 3794 τῇ
3558 3723 3717 3783 πόλει,

2154 3819 2472 3886 γενόμενος,
2512 3816 2701 3886 σχεδὸν
2725 3816 2835 3868 τῶν
2865 3816 3223 3869 ἐνοικούντων
3250 3818 3575 3885 καθίστησιν
3600 3814 3717 3883 ἔρη-

2159 3926 2280 3975 μον,
2315 3908 2723 3961 ἀπανίστασθαι
2772 3908 3001 3970 τούτους
3031 3908 3092 3960 τὸ
3134 3907 3302 3976 τάχος
3354 3908 3611 3970 κελεύσας
3634 3905 3717 3958 καὶ

2159 4001 2434 4067 μετοικεῖν
2463 4000 2540 4060 εἰς
2586 3997 3010 4067 Θεσσαλονίκην.
3054 3998 3119 4048 Ὃ
3150 3997 3214 4066 δὴ
3262 3994 3601 4066 πρόσταγμα
3639 3996 3716 4047 καὶ

2158 4092 2295 4158 μετὰ
2324 4091 2557 4157 σπουδῆς
2581 4090 2629 4140 οἰ
2666 4090 2806 4157 πρὸς
2836 4088 2970 4141 αὐτὸ
2999 4089 3329 4157 τεταγμένοι
3367 4087 3715 4160 πεπληρωκόο

2153 4201 2244 4244 τες
2280 4185 2564 4251 ἐφάνησαν
2597 4182 2764 4252 μηδὲν
2810 4182 3182 4250 μελλήσαντες
3237 4182 3381 4250 μετά
3411 4184 3510 4252 τὴν
3538 4179 3714 4233 τούτου

2154 4275 2488 4345 ἀποδημίαν,
2527 4274 2739 4335 πάντας
2786 4273 2841 4327 δὲ
2873 4275 3002 4337 τοὺς
3033 4273 3223 4327 αὐτόθι
3248 4273 3530 4344 Τούρκους
3554 4272 3715 4326 ἐκεῖσε

2156 4368 2439 4436 γενόμενοι
2468 4368 2563 4418 καὶ
2597 4366 2688 4437 βία
2719 4352 2918 4434 μᾶλλον
2947 4365 2979 4436 ἢ
3010 4365 3190 4417 πειθοῖ
3221 4366 3301 4426 εἰς
3330 4364 3714 4430 Θεσσαλονίκην

390 4512 397 4521 ,
479 4463 776 4518 securitate
809 4471 863 4513 et
890 4458 1137 4514 custodia
1174 4456 1345 4524 magis
1388 4453 1490 4507 lida
1524 4450 1712 4504 urbem
1743 4447 2045 4502 communi-

2157 4458 2479 4527 ἀγηοχότες,
2511 4456 2607 4509 καὶ
2637 4458 2819 4520 οἰκίας
2854 4458 3048 4526 ἐτέρας
3094 4455 3214 4509 ἀνθ’
3238 4448 3316 4519 ὧν
3364 4454 3510 4526 εἰχον
3553 4470 3712 4523 παρε-

481 4568 562 4611 ret
590 4554 914 4609 maritimam
954 4552 1186 4618 itlqune
1221 4547 1400 4600 multis
1446 4553 1691 4612 egentem
1722 4539 2049 4593 habitatori-

474 4649 599 4713 bus,
640 4647 752 4699 tum
802 4653 859 4698 ut
890 4643 1008 4697 foro
1043 4641 1286 4695 omnium
1340 4650 1519 4690 rerum
1560 4630 1888 4687 abundantia
1939 4631 2048 4683 cir-

475 4737 814 4799 cumﬂuenti,
841 4734 1125 4791 venalibus
1150 4728 1509 4800 undequaque
1531 4724 1826 4782 convectis.
1853 4737 2045 4777 omnes

475 4830 603 4884 urbs
636 4831 701 4881 ad
738 4842 795 4882 se
831 4828 1092 4888 traberet,
1124 4831 1178 4875 ct
1223 4817 1548 4874 mercaturis
1593 4815 2045 4883 cotnmerciisque

472 4923 714 4976 diversas
764 4919 1012 4972 nationes
1049 4915 1353 4981 indigentes
1403 4909 1760 4964 conitniscens
1792 4922 1858 4962 ex
1898 4907 2040 4961 facili

416 5017 419 5021 ‘
471 5014 586 5082 ipsa
622 5009 1042 5079 collocupletata
1084 5007 1397 5059 ditesceret.

2159 4551 2422 4620 σχηκότες
2447 4551 2587 4603 κατὰ
2632 4551 2692 4602 τὸ
2727 4549 3078 4619 πρόσταγμα.
3102 4549 3319 4617 {Aequo
3357 4547 3508 4616 γοῦν,
3548 4540 3709 4613 οἶμαι.

2155 4643 2306 4695 ταῦτ’
2337 4645 2363 4695 ό
2396 4642 2690 4713 Μουράτης
2744 4641 3034 4710 ἐσκέψατο,
3076 4641 3171 4695 καὶ
3211 4640 3359 4692 τοῦθ’
3393 4640 3535 4692 οὕτω
3572 4634 3712 4705 γενέ-

2156 4735 2281 4788 σθαι
2330 4733 2692 4805 προσέταξεν,
2748 4733 2816 4786 ἶν’
2868 4733 3172 4802 ἀσφάλειαν
3219 4733 3251 4800 ἡ
3291 4732 3449 4792 πόλις
3498 4731 3590 4799 ἔχῃ
3627 4724 3710 4777 καὶ

2154 4825 2400 4896 φυλακὴν
2448 4825 2850 4896 ἀκριόεστέραν
2899 4826 2965 4877 ὲκ
3013 4822 3229 4884 τούτου,
3268 4823 3535 4892 παράλιος
3584 4813 3709 4873 οὖσα

2151 4915 2244 4967 καὶ
2270 4915 2358 4967 διὰ
2387 4914 2544 4967 τοῦτο
2575 4914 2804 4985 δεομένη
2836 4914 3049 4966 πολλῶν
3088 4916 3465 4979 ὲνοικοὺντιμν,
3507 4912 3594 4963 καὶ
3628 4908 3705 4960 ἰνα

2151 5006 2248 5077 τὴν
2287 5007 2492 5076 ἀγορὰν
2526 5005 2837 5077 πλήθουσαν
2868 5005 3064 5075 ἔχουσα
3095 5003 3205 5058 τῶν
3239 5004 3417 5059 ὠνίων
3457 5001 3698 5057 ἁπάντων

2156 5098 2236 5158 εἰς
2264 5097 2435 5166 αὐτὴν
2463 5095 2936 5165 εἰσκομιζομένων
2965 5094 3171 5154 πάντας
3200 5095 3332 5164 ἕλκῃ
3365 5092 3492 5162 παρ’
3527 5086 3700 5154 ἑαυτῇ,
3724 5068 3733 5085 ὶ

469 5191 868 5264 πραγματειῶν
908 5191 1001 5243 καὶ
1048 5187 1515 5256 συναλλαγμάτων
1566 5189 1823 5244 ἁπάντων
1865 5191 2220 5259 μεταδιδοῦσα
2244 5195 2357 5256 τοῖς
2407 5191 2672 5262 χρῄζουσι
2718 5191 2813 5243 καὶ
2852 5189 3054 5259 ἑαυτὴν
3100 5188 3299 5259 ῥᾳδίως
3332 5183 3699 5246 πλουτίζουσα.

538 5287 762 5342 21.11Ξε
820 5288 999 5356 itaque
1050 5290 1153 5341 boc
1191 5286 1347 5341 modo
1378 5287 1620 5357 digestis,
1680 5302 1800 5340 cum
1855 5287 2044 5342 Turca:

472 5381 613 5433 mille
664 5394 891 5433 nurnero
947 5380 1219 5432 civitatem
1287 5392 1644 5447 occupassent
1696 5372 1756 5434 et
1800 5380 2038 5432 omnium

467 5481 659 5529 domos
691 5488 755 5525 ac
805 5472 997 5541 templa
1034 5488 1128 5541 pro
1158 5472 1487 5527 habitatione
1541 5474 1901 5542 accepissent,
1939 5486 2040 5525 nec

469 5578 573 5633 non
613 5561 916 5633 promiscue
958 5577 1051 5632 per
1084 5564 1390 5619 universam
1433 5564 1620 5617 urbem
1653 5562 1833 5616 sedem
1876 5560 2044 5633 locas-

467 5666 606 5720 sent,
639 5655 853 5718 civitas,
891 5656 1054 5709 veluti
1106 5656 1315 5727 lugubri
1350 5656 1575 5720 amictu,
1613 5653 1930 5707 confusione
1962 5661 2038 5703 at-

2220 5295 2328 5343 xa'.
2363 5288 2585 5343 Τούτων
2614 5286 2713 5342 οὖν
2743 5290 2888 5342 οὕτω
2916 5287 3265 5359 προϐάντων,
3294 5285 3385 5337 καὶ
3404 5283 3510 5336 τῶν
3539 5274 3700 5343 Τούρ-

2151 5401 2261 5435 κων
2293 5385 2372 5444 εἰς
2415 5382 2619 5451 χιλίους
2667 5380 3093 5452 ἀριθμουμένων
3125 5380 3225 5449 τὴν
3264 5376 3418 5430 πόλιν
3458 5368 3697 5433 κατειλη-

2150 5475 2348 5536 φότων,
2398 5474 2495 5525 καὶ
2544 5458 2765 5525 πάντων
2800 5472 2979 5535 οἰκίας
3038 5473 3128 5524 καὶ
3162 5471 3331 5533 ναοὺς
3368 5466 3486 5519 όιντλ⁵
3529 5455 3703 5514 οἰκιῶν

2148 5566 2468 5635 εἰληφότων,
2517 5565 2610 5617 καὶ
2640 5564 2847 5635 ἀναμὶξ
2880 5562 3021 5615 κατά
3077 5564 3258 5617 πᾶσαν
3298 5559 3407 5627 ¹σὴν
3438 5554 3584 5608 πόλιν
3616 5550 3706 5601 λα-

2147 5655 2350 5724 χόντων
2392 5658 2489 5727 τὴν
2536 5656 2776 5725 οἴκησιν,
2808 5658 2841 5725 ἡ
2876 5655 3032 5717 πόλις
3061 5653 3250 5724 ὥσπερ
3300 5648 3427 5703 τινά
3470 5642 3699 5709 πενθήρη

466 5762 573 5817 que
634 5745 977 5803 iinmunditia
1039 5748 1446 5829 circumvcstita
1495 5758 1617 5814 est,
1677 5759 1781 5801 suo
1821 5747 2038 5815 decore,

2157 5746 2347 5816 χιτῶνα
2382 5747 2480 5819 τὴν
2505 5748 2786 5818 ἀκοσμίαν
2816 5745 3192 5818 περιεϐάλετο,
3228 5744 3325 5813 τῆς
3354 5734 3691 5809 εὐπρεπείας,
