4000 6452
347 475 453 557 bas

1364 472 1462 532 DE
1507 473 1681 533 EXCI
1697 474 1824 532 DIO
1866 471 2317 535 THESSALON
2332 471 2604 532 ICENSL

3490 468 3595 531 696

350 581 422 655 ἧς
477 583 544 638 ἂν
578 583 736 652 ἔτυχε
770 582 872 652 τῆς
907 565 1084 653 κακῆξ
1122 584 1440 654 συμϐουλῆς
1480 586 1555 656 μὴ
1606 586 1792 656 χώραν
1843 587 1928 640 εύ-

2044 602 2194 655 quem
2240 586 2425 654 utique
2455 594 2742 641 consecuta
2777 585 2962 641 fuisset
3008 587 3051 641 si
3087 586 3282 641 malum
3317 587 3609 641 consilium

352 673 580 744 ρούσης,
612 672 967 742 ἀφῃρημένη,
1016 673 1109 726 καὶ
1138 674 1228 725 τὸν
1267 674 1577 740 στολισμὸν,
1617 676 1675 727 ὃν
1709 677 1809 728 οὐκ
1845 680 1923 738 εἰς

355 759 576 829 μακρὰν
609 758 767 829 ἔσχεν
800 760 886 817 ἂν.
923 761 1207 831 δυστυχῶς
1252 761 1390 827 ἄγαν
1423 763 1796 828 ἀποϐαλοῦσα,
1829 767 1926 819 καὶ

353 848 618 903 στένουσα
639 846 752 904 οἷον
783 851 904 920 μετ’
937 851 1187 920 οἰμωγῆς
1221 854 1303 905 ὅτι
1338 853 1412 923 μὴ
1460 856 1684 925 σεισμὸς
1715 857 1923 927 ταύτην

354 944 668 1014 συνέχωσεν
712 944 744 1014 ἢ
779 943 891 1015 πῦρ
925 946 1317 1011 παρανάλωσεν
1346 948 1376 1016 ἦ
1413 946 1557 1019 ὕδωρ
1602 949 1860 1004 ἀναδοθὲν
1890 952 1923 1020 ἢ

352 1034 644 1105 νεφελόθεν
674 1038 840 1108 ραγὲν
874 1037 1212 1107 συνεκάλυψε
1259 1045 1352 1092 καὶ
1386 1041 1686 1094 κατέκλυσε
1711 1059 1724 1073 ·
1767 1042 1926 1096 τοῦτο

354 1127 468 1196 ’γὰρ
494 1128 875 1207 ἀνεκτότερον,
913 1128 1036 1180 ἐπεί
1065 1128 1147 1181 τοί
1195 1146 1257 1197 γε
1288 1129 1499 1198 βέλτιον
1532 1131 1624 1185 τοῦ
1666 1134 1927 1200 τοιαύτην

354 1219 591 1289 ὁρᾶσθαι
619 1220 679 1273 τὸ
721 1220 844 1290 μηδ’
888 1219 1139 1274 ὁπωσοῦν
1175 1221 1270 1273 ἐπὶ
1317 1222 1419 1292 γῆς
1455 1222 1700 1278 ἑστάναι.
1733 1225 1795 1277 Οἰ
1829 1225 1927 1293 μὲν

355 1308 453 1367 οῦν
471 1313 577 1366 τῶν
608 1302 772 1382 ἰερῶν
804 1312 970 1366 οἴκων
995 1313 1074 1374 εἰς
1106 1312 1262 1366 κοινά
1303 1315 1628 1384 καταγώγια
1661 1315 1927 1386 μετημεί-

356 1406 608 1479 φθεισαν,
641 1404 832 1475 ὥσπερ
861 1406 1207 1475 εἰρήκειμεν,
1249 1408 1344 1460 καὶ
1386 1408 1445 1460 τὸ
1479 1410 1824 1479 προφητικὸν
1854 1410 1929 1463 εἰ-

353 1497 499 1559 πεῖν,
544 1478 606 1546 ἐν
656 1493 878 1548 πελέκει
928 1495 1020 1548 καὶ
1063 1494 1410 1566 λαξευτηρίῳ
1448 1497 1518 1551 τὰ
1564 1498 1930 1570 θυσιαστήρια

351 1586 449 1646 τοῦ
494 1586 633 1640 Θεοῦ
669 1586 1114 1658 καταϐέϐληντοξο
1150 1590 1200 1642 οἰ
1249 1589 1306 1641 δὲ
1355 1589 1588 1660 λείψανα
1641 1591 1801 1661 μόνον
1834 1590 1927 1645 τοῦ

352 1677 580 1748 πρώτου
609 1679 841 1743 κάλλους
870 1680 1052 1733 αὐτῶν
1084 1681 1178 1733 καὶ
1221 1681 1321 1751 τῆς
1364 1681 1573 1744 θέσεως
1606 1682 1928 1746 ἀποσώζον-

358 1791 465 1827 σιν.
497 1773 672 1827 Ἔνιοι
711 1773 790 1839 δέ,
825 1775 920 1827 καὶ
953 1773 1157 1844 μᾶλλον
1187 1776 1235 1829 οἰ
1285 1774 1528 1840 πλείους,
1562 1775 1931 1829 καταπεπτώ-

352 1882 525 1919 κεσαν
553 1864 755 1929 τέλεον,
790 1864 866 1928 ὼς
895 1864 1030 1934 μηδέ
1069 1863 1172 1918 ποῦ
1205 1865 1326 1919 ποτ’
1363 1860 1505 1935 ἦσαν
1534 1866 1926 1935 γνωρίζεσθαι.

2033 675 2208 729 locum
2235 690 2342 729 non
2376 675 2674 737 habuisset,
2699 675 2948 743 spoliata,
2978 686 3031 729 ct
3064 686 3283 735 ornatu.
3315 690 3473 745 quem
3500 691 3609 730 non

2035 767 2201 821 multo
2228 778 2350 838 post
2383 767 2738 836 possedisset,
2783 768 2994 830 orbata,
3032 777 3085 822 et
3120 784 3222 821 non
3254 768 3371 821 sine
3405 770 3607 833 gemitu

2033 860 2315 928 suspirans
2364 858 2506 927 quod
2534 868 2626 912 aut
2664 868 2822 912 terra:
2872 867 3049 923 motus
3098 873 3206 912 non
3243 859 3612 922 ahsorbuerit,

2032 960 2124 1005 aut
2158 949 2296 1020 ignis
2323 965 2428 1004 non
2456 950 2841 1019 absumpserit,
2872 960 2961 1003 aut
2987 964 3120 1018 aqua
3163 950 3410 1004 alicunde
3435 966 3616 1004 erum-

2035 1058 2168 1111 pens
2203 1042 2284 1095 vel
2325 1057 2354 1095 e
2393 1042 2624 1096 nubibus
2666 1042 2922 1096 decidens
2958 1058 3063 1095 non
3093 1043 3503 1109 coopereruerit
3562 1053 3617 1096 (tl.

2038 1134 2417 1188 inundaverit:
2450 1137 2553 1188 hoc
2577 1135 2717 1189 enim
2750 1133 3085 1188 tolerabilius
3136 1133 3347 1195 fuisset.
3397 1134 3614 1201 quando

2039 1223 2207 1277 multo
2253 1224 2445 1278 melius
2476 1233 2557 1278 est
2594 1239 2711 1278 eam
2748 1240 3014 1293 nusquam
3064 1233 3280 1277 exstare
3310 1238 3469 1290 quam
3517 1224 3619 1276 hoc

2037 1316 2199 1370 modo
2231 1316 2367 1369 visui
2402 1317 2678 1369 hominum
2712 1316 2894 1381 obiici.
2930 1316 3098 1370 Sacra
3130 1315 3292 1384 igitur
3324 1317 3517 1382 templa
3565 1318 3615 1367 in

2039 1406 2250 1476 publica
2282 1406 2581 1462 diversoria
2637 1408 2920 1461 immutata
2955 1417 3103 1473 sunt,
3139 1418 3191 1460 ut
3225 1418 3614 1474 pl‘mttarraltlut

2037 1508 2139 1562 est,
2173 1507 2226 1552 et
2258 1504 2316 1551 ut
2366 1512 2489 1552 cum
2525 1499 2785 1568 propheta
2824 1498 3039 1568 loquar,
3080 1499 3132 1553 in
3165 1498 3341 1552 securi
3388 1509 3441 1551 et
3474 1500 3637 1553 ascia.

2038 1587 2131 1643 Dei
2162 1589 2540 1660 propitiatoria
2591 1588 2813 1659 disjecta
2848 1598 2974 1645 sunt
3014 1607 3029 1643 :
3070 1604 3306 1656 namque
3343 1589 3447 1642 alia
3476 1591 3622 1656 prio-

2042 1681 2115 1733 ris
2142 1680 2224 1735 sui
2262 1680 2476 1736 decoris
2506 1691 2560 1735 et
2589 1680 2724 1736 situs
2752 1681 3129 1735 tantummodo
3160 1681 3417 1749 reliquias
3446 1681 3622 1746 profe—

2039 1781 2187 1835 runt,
2240 1771 2367 1836 alia,
2421 1774 2550 1842 quin
2600 1773 2710 1827 imo
2759 1773 2937 1841 major
2970 1788 3159 1827 eorum
3210 1788 3354 1840 pars,
3397 1788 3623 1841 prorsus

2039 1865 2418 1928 conciderunt,
2459 1874 2517 1917 ut
2557 1878 2656 1918 nec
2705 1864 2793 1918 ubi
2843 1863 3135 1932 aliquando
3167 1864 3422 1919 Stelcriltt
3461 1880 3625 1931 agno-

340 1956 753 2027 ’Διηρπάγησαν
791 1957 901 2025 γάρ
951 1957 1005 2010 αἰ
1054 1954 1264 2008 τούτων
1304 1955 1429 2008 ὕλαι
1482 1957 1577 2010 καὶ
1628 1957 1933 2026 κτίσμασιν

2049 1959 2256 2008 scatur.
2296 1954 2518 2022 Dircpta
2548 1948 2813 2023 siquidem
2850 1969 3039 2010 eorum
3069 1956 3295 2009 materia
3331 1956 3624 2011 structuris

357 2042 541 2109 ἄλλοις
600 2045 1011 2117 προσετέθησαν
1063 2046 1425 2116 καινοτέροις,
1467 2049 1562 2099 καὶ
1595 2046 1834 2117 μάλιστά
1866 2063 1929 2115 γε

341 2134 436 2210 ’τῷ
470 2138 566 2192 νῦν
610 2141 701 2192 ἐπὶ
746 2141 920 2209 μέσης
945 2137 1044 2207 τῆς
1091 2138 1299 2202 πόλεως
1335 2138 1599 2207 ὁρωμένῳ
1633 2138 1729 2192 καὶ
1764 2137 1931 2208 κοινῷ

330 2231 650 2319 1βαλανείῳ.
695 2230 807 2283 Καὶ
853 2230 1141 2319 μονονουχὶ
1168 2228 1279 2319 τῶν
1311 2230 1694 2300 γηραιοτέρων
1724 2229 1930 2295 ἔξεστιν

358 2323 584 2377 ἀκούειν
616 2321 828 2390 ἀνδρῶν
864 2321 937 2384 ὡς
969 2318 1069 2377 ὦδε
1105 2323 1202 2392 μὲν
1226 2318 1294 2393 ἦν
1322 2323 1350 2374 6
1380 2319 1517 2384 νεὼς
1552 2322 1579 2374 6
1606 2323 1777 2388 δεῖνα,
1816 2324 1933 2375 ἐκεῖ

352 2396 413 2467 δέ
442 2415 660 2479 ὁδεῖνα,
693 2414 791 2468 καὶ
814 2416 919 2467 ὅσα
965 2415 1178 2484 προσῆν
1230 2414 1447 2483 ἑκάστῳ
1480 2414 1575 2466 καὶ
1610 2413 1785 2484 κάλλη
1833 2412 1931 2467 καὶ

355 2507 606 2576 χάριτες.
661 2507 769 2557 Καὶ
814 2504 971 2559 τοῦτο
1007 2506 1108 2574 μὲν
1137 2506 1358 2559 οἱκατὰ
1400 2506 1584 2558 πᾶσαν
1628 2504 1725 2572 τὴν
1773 2503 1932 2559 πόλιν

357 2600 486 2668 νεῴ.
519 2599 698 2654 Μοναὶ
725 2597 792 2661 δ’,
825 2598 889 2661 ἃς
925 2598 1192 2668 πρότερον
1224 2596 1440 2665 φθάσας
1482 2599 1509 2649 6
1545 2597 1703 2664 λόγος
1735 2597 1934 2665 ἐδήλω-

365 2708 481 2755 σεν,
509 2690 732 2760 ἀφορμὴ
770 2691 882 2751 τοῖς
911 2689 1112 2756 ὁρῶσιν
1160 2689 1411 2742 ἵστανται
1444 2688 1695 2754 πένθους,
1747 2689 1823 2758 μὴ
1851 2689 1933 2743 ὅτι

359 2798 425 2849 γε
471 2781 718 2850 μοναχῶν
748 2782 945 2850 ἔρημοι
982 2780 1328 2833 καταστᾶσαι
1360 2780 1548 2842 κακῶς
1569 2778 1934 2844 ἐξελαθέντων

360 2873 457 2926 καὶ
487 2873 623 2945 πρὸς
661 2873 854 2940 ἐτέρας
909 2873 1092 2934 πόλεις
1133 2871 1580 2941 μετοικησάντων
1604 2912 1618 2938 ,
1671 2871 1810 2924 ἀλλὰ
1842 2871 1937 2924 καὶ

364 2964 867 3036 προσαφῃρημέναι
898 2964 995 3034 τὴν
1042 2963 1130 3017 διὰ
1164 2963 1384 3016 πάντων
1422 2961 1820 3033 λαμπρότηταο
1876 2962 1938 3014 αἴ

363 3076 424 3111 τε
454 3058 563 3129 γὰρ
608 3060 888 3128 μάρμαροι
921 3055 1127 3109 τούτων
1155 3053 1629 3125 ἐξηδαφίσθησαν,
1661 3055 1696 3124 ἦ
1727 3054 1774 3108 τ’
1800 3054 1935 3124 ἄλλη

368 3149 558 3202 ἅπασα
585 3147 685 3219 ῦλη
718 3150 749 3219 ἠ
784 3151 918 3218 πρὸς
951 3148 1305 3218 ἀπαρτισμὸν
1330 3146 1509 3200 αὐτῶν
1534 3146 1778 3218 ἀρχῆθεν
1806 3164 1937 3199 συν-

363 3241 654 3312 τεθειμένη
699 3243 790 3296 καὶ
826 3242 1023 3306 κάλλος
1052 3242 1131 3304 είς
1160 3241 1477 3310 διαρπαγὴν
1516 3224 1630 3304 τοῖς
1677 3241 1938 3312 βουλομέ-

362 3352 479 3400 νοις
501 3335 704 3397 ἀνεῖτο,
731 3336 825 3390 καὶ
854 3336 948 3390 νῦν
980 3335 1224 3405 ἄκοσμόν
1263 3352 1317 3388 τι
1351 3336 1535 3403 θέαμα
1567 3335 1737 3388 πᾶσιν
1770 3336 1943 3403 ὀρῶν-

332 3444 455 3491 ,ται
495 3428 591 3480 καὶ
634 3428 733 3490 τάς
764 3428 1019 3481 ἁπάντων
1051 3425 1231 3496 ψυχὰς
1263 3425 1478 3479 κινοῦσι
1521 3426 1660 3496 πρὸς
1707 3425 1944 3497 δάκρυα.

365 3518 560 3601 Πολλοὶ
595 3521 698 3589 μὲν
726 3514 818 3574 οῦν
845 3518 1037 3571 εἵλοντ’
1068 3518 1133 3571 ἂν
1161 3518 1282 3571 ἀντί
1308 3519 1408 3588 τῆς
1447 3518 1824 3589 ἐνεγκαμένης
1847 3519 1947 3588 τὴν

366 3614 545 3676 πόλιν,
584 3615 680 3667 καὶ
712 3614 929 3684 πλήρης
963 3612 1063 3683 μέν
1097 3612 1163 3665 ἂν
1194 3607 1262 3681 ἧν
1294 3610 1537 3665 εὐσεϐῶν
1566 3610 1692 3682 ἤδη,
1726 3612 1946 3682 πλήρης

361 3706 417 3759 δὲ
458 3706 732 3777 μοναχῶν,
770 3706 1024 3776 γέμουσα
1052 3704 1108 3758 δὲ
1143 3703 1443 3774 θυμηδείας
1467 3704 1562 3758 καὶ
1593 3703 1840 3773 τέρψεως
1869 3703 1945 3773 τῷ

364 3798 746 3869 Χριστωνύμῳ
784 3797 1112 3869 πρεπούσης
1141 3795 1496 3866 πληρώματι,
1530 3797 1580 3849 εἰ
1612 3796 1688 3868 μὴ
1719 3796 1942 3867 τοιαύτη

363 3892 484 3946 κατ’
513 3892 685 3962 αὐτῆς
731 3891 1015 3960 ἀπόφασις
1065 3887 1382 3942 ἀπευκταία
1429 3888 1690 3959 ἐξήνεκτο
1737 3888 1831 3941 καὶ
1874 3890 1943 3943 τὰ

363 3984 485 4038 κατ’
521 3985 697 4055 αὐτὴν
736 3975 1311 4053 οῦτωπρούχὼρησε.
1352 3979 1491 4035 Νυνὶ
1525 3981 1582 4033 δέ
1634 3979 1710 4051 μὴ
1745 3982 1827 4034 ὅτι
1877 3996 1942 4048 γε

360 4077 528 4132 πόθον
560 4077 608 4131 οἳ
640 4076 844 4144 ταύτην
869 4079 932 4130 ἐκ
966 4074 1183 4145 μακροῦ
1211 4074 1545 4129 καταλαϐεῖν
1566 4069 1734 4142 εἶχον,
1771 4074 1939 4142 μετά·

365 4169 528 4238 μελον
560 4169 722 4241 ἔσχον
750 4170 852 4239 τῆς
883 4168 1217 4241 προθυμίας,
1249 4167 1386 4221 ἀλλὰ
1418 4167 1515 4220 καὶ
1551 4167 1684 4236 ἡμῖν
1712 4166 1814 4237 τῆς
1859 4168 1941 4231 εἰς

362 4261 464 4332 τὴν
492 4262 648 4317 πόλιν
695 4262 961 4326 ἐλεύσεως
1000 4260 1324 4332 μεταμέλει,
1358 4260 1456 4329 τῆς
1486 4258 1703 4321 ἐλπίδος
1750 4259 1940 4329 σαφῶς

359 4354 789 4425 διημαρτηκόσι.
819 4353 1006 4407 Πάντα
1037 4353 1144 4431 γᾴρ
1175 4355 1291 4408 ἄνω
1319 4351 1416 4406 καὶ
1450 4351 1605 4405 κάτω
1651 4351 1936 4420 γεγόνασι,

358 4448 422 4498 τὸ
454 4445 548 4500 τοῦ
572 4445 756 4527 λόγου.
789 4446 897 4499 Καὶ
925 4445 959 4514 ἡ
996 4443 1148 4506 πόλις
1176 4442 1367 4514 ὥσπερ
1398 4461 1485 4507 τις
1511 4442 1644 4506 ναῦς
1670 4444 1729 4497 ὲν
1769 4443 1940 4523 πελάε-

360 4555 449 4605 γει
474 4540 868 4610 περισχεθεῖσα
893 4535 1087 4589 κακῶν
1113 4536 1500 4604 περιφέρεται,
1531 4533 1690 4604 δίκην
1718 4534 1938 4604 ἀνέμων

2039 2043 2161 2100 aliis
2188 2045 2583 2101 recentioribus
2613 2042 2878 2116 applicata
2908 2055 3012 2111 est,
3043 2058 3095 2101 et
3134 2049 3470 2123 potissimum
3505 2049 3622 2103 bal-

2039 2154 2160 2203 neo,
2198 2138 2339 2209 quod
2372 2155 2511 2196 nunc
2541 2140 2718 2195 media
2752 2141 2806 2194 in
2834 2141 2964 2196 urbe
2992 2143 3357 2197 commoditati
3392 2145 3623 2212 pnlilicre

2038 2239 2275 2285 erectum
2308 2232 2675 2300 conspicitur;
2712 2243 3029 2303 tantumque
3062 2236 3128 2290 ab
3190 2245 3347 2289 aetate
3392 2251 3621 2304 provec-

2041 2323 2273 2377 tioribus
2308 2323 2390 2378 fas
2418 2335 2502 2377 est
2534 2324 2768 2379 audire:
2809 2326 2908 2379 hac
2958 2326 3009 2377 in
3044 2336 3193 2393 parte
3227 2327 3482 2395 templum
3517 2327 3623 2383 tale

2040 2422 2178 2479 erat,
2205 2413 2277 2468 ibi
2309 2414 2434 2479 tale,
2459 2424 2513 2468 et
2532 2430 2870 2484 quaecunque
2894 2432 2955 2469 ea
2986 2417 3343 2482 exornabant,
3368 2427 3623 2473 venusta-

2041 2511 2122 2556 tes
2152 2512 2205 2556 et
2234 2504 2440 2571 gratiae.
2480 2502 2546 2558 Et
2593 2505 2694 2560 hoc
2737 2505 2976 2574 quidem,
3013 2522 3106 2571 per
3159 2508 3339 2560 omnia
3385 2509 3623 2564 rimatis

2041 2592 2182 2659 loca,
2216 2594 2411 2664 templa
2448 2609 2601 2665 passa
2636 2605 2780 2651 Sttttl.
2820 2596 3169 2675 Monasteria,
3205 2599 3270 2653 de
3307 2601 3505 2670 quibus
3530 2618 3623 2656 au-

2042 2694 2129 2741 tea
2165 2697 2347 2743 nostra
2379 2688 2555 2744 oratio
2587 2690 2936 2754 disseruerat,
2987 2691 3038 2745 in
3078 2693 3371 2746 maximum
3424 2708 3625 2749 mcero-

2044 2794 2156 2833 rem
2187 2780 2457 2834 intuentes
2491 2782 2835 2847 abstrahunt,
2875 2796 2977 2835 non
3010 2791 3218 2836 tantum
3254 2785 3466 2838 viduata
3506 2801 3624 2840 mo-

2043 2875 2231 2928 nachis
2263 2875 2495 2944 turpiter
2538 2875 2731 2946 ejectis
2765 2886 2820 2931 et
2866 2893 2931 2931 ex
2988 2878 3174 2947 patriis
3224 2882 3541 2949 peregrinas
3575 2883 3624 2935 in

2045 2969 2201 3021 sedes
2253 2968 2448 3038 pulsis,
2495 2969 2591 3022 sed
2638 2984 2738 3023 suo
2785 2969 3069 3038 splendore
3117 2986 3180 3026 ac
3230 2973 3630 3041 pulchritudine

2046 3043 2294 3128 spoliata,
2317 3076 2586 3115 marmora
2613 3061 2881 3130 siquidem
2906 3079 3091 3118 eorum
3123 3066 3174 3119 in
3199 3067 3370 3120 solum
3400 3066 3625 3133 disjct-ta

2044 3161 2099 3205 et
2137 3152 2360 3215 materia
2395 3152 2621 3223 reliqua,
2655 3156 2720 3209 ad
2760 3154 3145 3224 pet-fettionem
3178 3169 3341 3226 atque
3373 3168 3625 3213 ornatum

2046 3243 2342 3313 antiquitus
2387 3255 2746 3315 exaggerata,
2800 3248 3001 3315 rapina:
3050 3250 3340 3304 volentium
3384 3266 3628 3314 cessere,

2050 3346 2103 3389 ct
2133 3352 2273 3390 nunc
2301 3339 2671 3405 spectaculum
2714 3341 2833 3395 sine
2865 3340 2973 3395 ullo
3019 3341 3169 3397 cultu
3208 3342 3412 3396 {cedunt
3448 3358 3511 3396 ac
3537 3343 3632 3397 de-

2050 3426 2366 3495 formatum,
2398 3430 2972 3502 circumspectantium
3006 3434 3204 3487 animis
3238 3434 3505 3506 lacrymas
3530 3451 3630 3489 cx-

2053 3529 2323 3587 torquent.
2349 3519 2414 3576 Et
2442 3522 2596 3576 multi
2631 3539 2765 3578 sane
2795 3525 2933 3579 hanc
2978 3526 3250 3580 civitatem
3284 3528 3472 3594 patria».
3498 3543 3631 3596 prae-

2049 3612 2359 3680 posuissent
2385 3630 2400 3679 ;
2433 3615 2679 3683 adeoque
2707 3617 2810 3684 piis
2841 3617 3150 3672 hominibus
3176 3619 3405 3688 repleta,
3428 3620 3628 3687 rrplt-ta

2048 3703 2357 3769 monachis,
2389 3703 2573 3759 laetitia
2601 3703 2884 3775 jubiloque
2925 3706 3240 3763 Clirisdauo
3297 3709 3463 3763 coetui
3518 3726 3625 3764 nou

2047 3793 2438 3849 dedecentibus
2468 3805 2688 3863 onusta,
2714 3798 2766 3851 in
2788 3798 3118 3853 hilaritatem
3161 3813 3423 3855 conversa
3451 3803 3628 3853 maxi-

2044 3899 2135 3939 mo
2168 3886 2366 3955 gaudio
2395 3885 2692 3954 frueretur,
2719 3888 2823 3942 nisi
2853 3891 2989 3943 adeo
3022 3891 3357 3945 exsecranda
3385 3899 3617 3946 senten-

2051 3978 2122 4031 tia
2155 3979 2261 4039 lata
2296 3978 2511 4034 fuisset.
2551 3981 2616 4034 Et
2645 3994 2729 4035 res
2748 3982 2967 4048 quidem
3004 3983 3155 4036 urbis
3186 3983 3255 4036 ita
3277 3989 3334 4036 se
3364 3983 3623 4036 habuere.

2047 4070 2199 4127 Nunc
2232 4088 2415 4141 porro,
2449 4074 2539 4143 qui
2595 4090 2623 4127 a
2661 4075 2992 4145 longioribus
3020 4076 3132 4130 oris
3169 4077 3316 4130 illius
3360 4079 3631 4143 potiuudte

2045 4164 2316 4220 desiderio
2343 4168 2699 4232 exardehant,
2724 4182 2820 4222 eos
2846 4169 2926 4221 sui
2957 4169 3233 4231 desiderii,
3259 4170 3352 4223 sed
3374 4184 3473 4223 nos
3491 4186 3628 4236 quo-

2045 4272 2152 4324 que
2181 4257 2235 4311 in
2266 4274 2384 4312 eam
2422 4258 2707 4314 reditionis
2737 4261 2985 4327 pmnitet,
3025 4276 3145 4315 cum
3203 4277 3327 4326 spes
3390 4264 3631 4318 melioris

2044 4359 2226 4406 status
2255 4352 2472 4420 penitus
2503 4353 2714 4407 sublata
2742 4354 2835 4408 sit.
2868 4352 3083 4425 Susque
3103 4344 3280 4425 deque
3327 4359 3470 4411 enim
3508 4372 3628 4411 om-

2044 4443 2134 4497 nia
2163 4442 2303 4499 faeta
2329 4452 2481 4504 sunt.
2508 4454 2566 4499 ut
2595 4446 2882 4512 proverbio
2909 4446 3297 4502 circumfertur
3334 4465 3349 4514 ;
3376 4456 3429 4503 et
3476 4448 3628 4511 urbs,

2046 4536 2212 4591 veluti
2243 4537 2399 4593 navis
2430 4537 2539 4592 alto
2569 4539 2843 4594 malorum
2874 4540 3012 4593 mari
3032 4554 3315 4611 oppressa,
3349 4543 3627 4595 circutuao

359 4631 468 4684 τῶν
497 4629 617 4683 καθ’
669 4630 912 4698 ἑκάστην
932 4629 1125 4681 εἰπεῖν
1161 4627 1587 4695 συμπιπτόντων
1630 4627 1931 4697 ταραττόν-

2044 4626 2232 4696 gitur:
2270 4636 2556 4682 ventorum
2588 4630 2733 4682 enim
2768 4630 2962 4694 instar,
2996 4645 3118 4700 quae
3152 4631 3383 4699 singulis
3433 4631 3627 4686 diebus

356 4733 468 4776 των
499 4723 671 4794 αὐτὴν
705 4724 802 4776 καὶ
846 4720 1074 4785 ναυτίας
1127 4721 1332 4792 πολλῆς
1377 4721 1472 4793 καὶ
1530 4720 1744 4788 ἰλίγγου
1803 4719 1941 4788 πλη-

361 4817 626 4888 ρούντων,
658 4816 752 4871 καὶ
781 4815 1033 4886 καθαρᾶς
1062 4813 1245 4878 εὐδίας
1271 4813 1555 4882 ἐπιτυχεῖν
1587 4813 1788 4867 οὔκουν
1813 4815 1944 4868 ἐών-

357 4927 490 4969 των,
554 4907 679 4960 οὐδὲ
731 4907 792 4960 τὸ
853 4906 953 4975 τῆς
1014 4906 1245 4976 εἰρήνης
1301 4906 1396 4958 καὶ
1448 4904 1714 4974 νηνεμίας
1770 4907 1942 4961 ἰστίον

359 5001 680 5054 πετάσασαν
710 4999 846 5068 πρὸς
866 4996 1069 5068 λιμένα
1099 4996 1285 5050 καλῶν
1315 4996 1620 5064 ἐφθακέναι
1650 4995 1847 5066 στῆναί
1882 5015 1939 5050 τε

361 5095 449 5146 ἐπ’
479 5092 740 5161 ἀγκυρῶν
762 5090 1070 5158 ἀσφαλείας
1095 5090 1193 5143 καὶ
1233 5090 1420 5158 μένειν
1447 5088 1771 5145 ἀσάλευτον.
1802 5088 1939 5141 Θεοῦ

362 5184 420 5238 δέ
454 5184 566 5254 ἄρα
593 5182 753 5236 τοῦτο
790 5183 856 5237 ἂν
889 5183 976 5252 εἴη
1023 5182 1116 5236 καὶ
1150 5181 1249 5249 τῆς
1291 5174 1501 5233 ἐκείνου
1538 5180 1728 5249 σαφῶς
1774 5179 1944 5250 πηδα-

363 5275 630 5346 λιουχιας,
677 5273 1068 5347 καταπραῧναι
1124 5274 1225 5343 μὲν
1273 5274 1358 5338 τὰ,
1390 5271 1500 5324 τῶν
1548 5272 1944 5342 ἐπερχομένων

366 5367 757 5439 κορυφούμενα
789 5367 1035 5435 κύματα,
1071 5365 1250 5419 ἰθῦναι
1286 5364 1344 5417 δέ
1383 5363 1518 5434 πρὸς
1544 5364 1814 5433 γαλήνην,
1847 5365 1944 5416 καὶ

366 5458 646 5531 σωτηρίαν
703 5459 1060 5529 χαρίσασθαι,
1104 5457 1202 5510 ’καὶ
1256 5454 1442 5508 δοῦναι
1480 5453 1741 5525 πρύμναν
1778 5455 1942 5524 κρού-

365 5554 567 5607 σασθαι
603 5553 699 5609 τοῦ
746 5553 938 5607 λοιποῦ
994 5553 1090 5606 καὶ
1140 5550 1372 5604 πλεῦσαι
1405 5549 1682 5621 δεύτερον,
1721 5550 1748 5601 ὅ
1783 5566 1940 5618 φασι,

363 5645 556 5708 πλοῦν,
615 5644 1118 5714 μεταϐεϐλημένων
1170 5643 1432 5697 ἁπάντων
1477 5642 1570 5694 ἐπὶ
1620 5642 1681 5695 τὸ
1734 5640 1944 5711 βέλτιον

365 5733 462 5786 καὶ
487 5732 516 5785 δ
548 5735 793 5788 συνοίσει
820 5736 888 5806 τῇ
920 5733 1102 5797 πόλει,
1150 5732 1580 5804 μεσιτεύσαντος
1613 5732 1708 5785 τοῦ
1742 5731 1947 5802 ἡμεδαο

368 5826 474 5877 ποῦ
524 5827 894 5898 τροπαιούχου
929 5829 1024 5880 καὶ
1078 5827 1377 5898 μάρτυρος,
1416 5829 1512 5880 καὶ
1551 5826 1659 5879 τῶν
1705 5825 1807 5896 τῆς
1839 5843 1946 5879 πα-

332 5906 548 5988 ’τρίδος
578 5920 781 5974 οἰάκων
816 5916 971 5986 αὖθις
1001 5921 1177 5974 εἰπεῖν
1213 5919 1635 5992 ἐπιλαϐομένου,
1673 5921 1767 5973 καὶ
1807 5918 1944 5988 πρὸς

2051 4729 2367 4783 occurrunt,
2400 4734 2520 4772 eam
2550 4720 2917 4774 interturbant
2940 4729 2995 4774 et
3021 4734 3218 4774 nausea
3255 4722 3632 4790 vertigineque

2049 4812 2347 4883 complent,
2377 4821 2432 4868 et
2456 4827 2582 4867 vera
2606 4812 2767 4882 potiri
2798 4812 2979 4880 quiete
3000 4827 3105 4866 non
3139 4814 3485 4880 permittunt.
3513 4813 3626 4865 vela

2050 4903 2175 4959 licet
2202 4904 2350 4971 pacis
2382 4912 2435 4957 et
2469 4902 2882 4970 tranquillitatis
2918 4902 3260 4970 expanderit,
3295 4910 3352 4954 ut
3399 4903 3465 4956 ad
3501 4917 3631 4969 por-

2050 5005 2162 5050 tum
2193 4994 2748 5068 bonorumappellat,
2779 5004 2833 5049 et
2858 5009 3182 5049 ancorarum
3209 4993 3506 5048 securitate
3532 4993 3628 5047 tir-

2052 5093 2248 5148 tuetur,
2280 5094 2604 5155 maneatque
2639 5084 2986 5141 inconcussa.
3024 5086 3115 5139 Dei
3141 5087 3307 5155 igitur
3338 5086 3523 5149 l'uetit,
3547 5096 3624 5148 et,

2050 5177 2197 5233 illius
2231 5177 2389 5248 plane
2407 5178 2841 5249 gubernationis,
2878 5193 3060 5232 rerum
3090 5179 3501 5233 advenientium
3546 5188 3631 5231 tu-

2053 5269 2230 5325 midos
2262 5268 2456 5324 [luctus
2511 5270 2725 5331 sedare,
2778 5269 2842 5322 ad
2901 5268 3350 5336 tranquillitatem
3396 5268 3631 5336 dirigere

2050 5358 2280 5417 salutem
2310 5360 2554 5432 elargiri,
2580 5360 2990 5430 c0nredereqne
3015 5368 3070 5414 ut
3102 5362 3151 5414 in
3176 5372 3454 5430 posterum
3487 5376 3630 5430 pup-

2049 5453 2159 5523 pim
2196 5452 2539 5507 inhibeamus
2566 5459 2621 5504 et
2650 5451 2886 5505 secunda
2916 5451 3284 5520 navigatione,
3317 5453 3465 5521 quod
3503 5454 3636 5507 dici-

2052 5555 2158 5608 tur,
2188 5554 2427 5605 utamur,
2445 5542 2775 5598 omnibusin
2799 5542 2992 5596 melius
3018 5543 3340 5606 immutatis,
3375 5546 3631 5612 ut,quid-

2049 5636 2179 5705 quid
2210 5634 2392 5699 fuerit,
2440 5633 2646 5689 civitati
2676 5635 2972 5698 conducat,
3002 5622 3366 5705 deprecatore
3412 5649 3472 5688 se
3532 5650 3635 5703 pro

2048 5729 2206 5783 nobis
2233 5730 2507 5798 praebente
2538 5734 2728 5791 nostro
2762 5729 3001 5794 tropa-ali
3031 5740 3084 5781 et
3121 5738 3379 5804 martyre,
3412 5742 3633 5779 rursus-

2049 5836 2156 5891 que
2179 5821 2366 5891 patriae
2392 5819 2758 5889 gubernacula
2782 5821 3134 5887 suscipiente,
3160 5828 3212 5873 et
3242 5819 3503 5872 adversus
3552 5830 3583 5874 L
3610 5829 3630 5871 t

2048 5913 2431 5987 calamitatum
2459 5911 2783 5967 immodicus
2844 5924 3057 5967 montes
3117 5929 3269 5967 suam
3327 5914 3637 5982 potentium
