4000 6424
378 425 488 511 cap
1839 426 2175 487 NOTlTlA.
2976 436 2989 447 κ
3258 504 3261 509 ι
3550 424 3655 489 est

389 522 661 584 Minuelis
731 529 1022 602 Palmologi
1081 532 1454 591 cubicularios
1511 537 1580 609 (τ)
1637 550 1690 594 et
1749 541 1973 594 bicnnio
2024 541 2309 610 interjccto
2384 537 2525 592 inter
2579 535 2907 593 secretarios
2976 543 3249 603 receptus,
3306 544 3416 588 tum
3476 536 3526 588 ci
3549 535 3652 587 lem

383 616 643 673 Manueli.
671 626 786 673 tum
815 619 947 675 ﬁliis
986 621 1134 675 illius
1160 620 1358 678 Joanni
1392 624 1502 690 (cui
1543 643 1569 681 a
1616 612 1883 682 moriente
1913 636 2064 696 patre
2089 626 2442 695 singulariter
2462 625 2880 680 commendatus
2909 623 2988 689 (τι)
3027 621 3250 689 fuerat,)
3287 632 3340 677 et
3371 622 3648 677 Constan-

384 706 501 758 tino
528 704 747 768 chartis,
775 706 954 760 varias
983 708 1286 775 legationes
1316 727 1415 778 pro
1450 712 1558 767 illis
1589 715 1727 769 obiit
1766 734 1778 768 :
1808 716 2040 770 consilio
2070 726 2231 783 atque
2268 729 2433 783 opera
2458 712 2676 781 utrique
2736 712 2935 777 adfuit,
2996 711 3347 765 Glarentzam
3381 710 3434 763 in
3486 707 3646 764 Pelo-

384 804 631 860 ponneso
658 794 882 860 recepit,
925 795 1346 851 Constantinum
1379 800 1446 853 ad
1508 800 1695 856 Patras
1734 817 1785 855 a.
1824 802 1984 868 1429,
2018 806 2233 870 objccm
2268 819 2496 873 corpore
2523 818 2648 863 suo.
2677 798 2882 857 exemit
2913 800 3186 860 hostibus,
3219 810 3274 851 et
3313 814 3413 866 pro
3444 815 3508 851 eo
3542 814 3637 853 ca-

384 878 437 944 pi
463 893 524 933 se
554 879 626 948 (e)
662 894 857 947 pass-us
890 892 994 936 est.
1032 882 1343 944 Restitutus
1381 888 1674 957 interjecto
1702 900 1949 959 tempore
1972 892 2376 960 protovcstiarii
2409 892 2477 962 (Γ)
2506 905 2733 945 munere
2757 905 2809 945 a.
2840 889 2995 953 I452,
3031 898 3083 942 et
3115 886 3441 957 praefectura
3471 885 3640 959 Spar-

385 975 512 1021 lana
549 982 601 1021 ³-
632 968 789 1031 1446.
829 970 901 1040 fg)
935 982 1131 1027 auctus
1162 972 1303 1041 fuit;
1343 991 1577 1045 cumque
1603 976 1669 1031 ad
1708 979 2032 1031 firmandum
2071 979 2436 1034 Cooszantino
2470 989 2592 1048 post
2619 977 2911 1042 Joannem,
2933 975 3179 1037 fratrem,
3206 973 3419 1027 a.1448
3447 974 3653 1027 exstin-

382 1064 555 1116 ctum.
581 1059 988 1114 successionem
1013 1062 1066 1113 in
1085 1060 1373 1129 imperium
1403 1065 1669 1121 adversus
1694 1066 1915 1121 fratrem
1945 1067 2090 1120 illius
2113 1066 2444 1120 Demetrium
2471 1067 2569 1134 (Ir),
2590 1064 2879 1127 adfuisset,
2899 1070 2952 1117 et
2979 1061 3045 1115 ad
3073 1062 3252 1131 magni
3282 1059 3569 1127 legetheta'
3587 1062 3650 1124 (ἱ)

382 1144 706 1212 dignitatem
741 1147 809 1199 ah
840 1162 907 1201 eo
936 1148 1134 1203 fuisset
1163 1161 1407 1216 evectus,
1445 1169 1549 1206 non
1591 1155 1683 1208 diu
1719 1164 1861 1222 post.
1889 1163 2048 1224 capta
2085 1170 2112 1207 a
2147 1153 2343 1207 Turcis
2370 1169 2421 1207 a.
2460 1153 2598 1206 1455
2633 1151 2816 1213 CPoli,
2853 1157 2907 1203 et
2942 1150 3058 1217 ipse
3088 1164 3212 1201 cum
3245 1148 3503 1199 omnibus
3532 1147 3648 1199 suis

382 1233 530 1287 venit
557 1235 609 1287 in
640 1245 966 1311 potestatem
993 1237 1297 1293 Tot-carum
1334 1240 1423 1310 (j).
1466 1242 1596 1297 Inde
1627 1245 1882 1297 venditus
1912 1254 1966 1297 et
2005 1243 2059 1296 itt
2088 1241 2398 1296 libertatem
2429 1241 2632 1294 iterum
2664 1247 2935 1293 assertus.
2975 1239 3030 1291 in
3098 1236 3476 1303 Peloponnesi
3535 1236 3650 1303 pri-

384 1336 531 1375 mum
550 1325 691 1390 39""
718 1322 986 1378 Τ¹¹⁰¹ητ¹¹η
1014 1325 1380 1391 Ρθιεεοίοξῐυιη
1418 1330 1726 1398 dcsp-uam,
1751 1329 2100 1385 Constantini
2126 1326 2377 1390 fratrem,
2412 1338 2693 1389 versatus,
2736 1340 2964 1380 uxorem
3000 1339 3028 1376 a
3065 1325 3331 1377 servitute
3388 1322 3647 1384 asseruit,

382 1419 457 1474 et,
488 1407 865 1478 Peloponneso
889 1413 1050 1468 etiam
1078 1432 1106 1468 a
1136 1415 1333 1472 Turcis
1360 1431 1538 1488 capta.
1568 1420 1620 1472 in
1649 1418 1855 1473 Italiam
1882 1436 1941 1473 se
1964 1417 2188 1484 recepit,
2218 1414 2502 1483 Romaque
2520 1424 2575 1468 et
2602 1412 2844 1484 Venetiis
2868 1413 3111 1466 lustratis
3142 1410 3436 1479 Corcyram
3464 1409 3648 1469 rediit.

381 1504 548 1564 atque
585 1499 836 1553 monachi
868 1500 1112 1556 habitum
1138 1506 1446 1572 amplexus,
1481 1522 1579 1574 pro
1606 1505 1826 1573 Georgii
1856 1506 2077 1559 nomine
2109 1502 2401 1573 Gregorius
2441 1505 2537 1566 (κ),
2584 1501 2663 1555 uti
2693 1516 2829 1554 uxor
2853 1501 2971 1565 ejus
3002 1516 3102 1567 pro
3131 1498 3336 1551 Helena
3361 1496 3653 1565 Eupraxiae

382 1585 604 1637 nomine
635 1587 896 1655 appellari
931 1591 1101 1644 voluit
1125 1607 1178 1645 a.
1218 1594 1376 1647 1468.
1408 1595 1463 1647 1η
1496 1596 1595 1647 hoc
1631 1594 1969 1648 monasterio
1993 1611 2023 1648 a
2053 1592 2360 1661 Corcyraeis
2394 1590 2724 1659 quihusdam
2754 1588 3031 1646 nobilibus
3059 1588 3196 1642 viris
3258 1594 3482 1650 rogatus
3510 1588 3650 1639 scri-

381 1673 489 1738 psit
517 1670 812 1728 Chronicon
846 1694 1020 1732 rerum
1051 1678 1646 1748 Byzantinarumlibrix
1688 1681 1766 1735 IV
1854 1664 1857 1667 δ
1905 1682 1972 1733 ab
1998 1696 2047 1733 a.
2072 1680 2134 1735 C.
2176 1679 2305 1733 1401
2347 1678 2412 1732 ad
2450 1673 2677 1742 1477(1)
2708 1713 2721 1740 ,
2758 1690 2871 1744 quo
2907 1675 3026 1742 ipso
3061 1690 3230 1735 anno,
3290 1676 3377 1725 die
3406 1673 3477 1726 29
3511 1672 3653 1725 Mar"

387 1756 468 1821 til,
505 1758 715 1827 inopia,
746 1763 937 1817 morbo
968 1777 1022 1820 et
1049 1776 1334 1823 senectute
1368 1768 1602 1823 fractum
1634 1768 1767 1823 illud
1818 1768 2121 1836 absolvisse
2144 1783 2222 1832 se,
2248 1767 2369 1835 ipse
2400 1765 2454 1819 in
2484 1764 2636 1820 calce
2661 1763 2783 1817 libri
2827 1763 3095 1833 postremi
3129 1773 3325 1815 auctor
3364 1770 3469 1814 est.
3505 1760 3647 1813 Inci-

384 1845 464 1913 pit
487 1846 742 1903 similiter
767 1857 825 1903 ut
859 1851 1235 1921 Acropolita':
1267 1857 1341 1908 Τδ
1365 1857 1470 1925 τῆς
1505 1856 1758 1926 ἱστορίας
1790 1857 1954 1926 χρήσι

2092 1857 2189 1909 καὶ
2217 1856 2323 1923 πρὸ
2355 1854 2518 1925 ἡμῶν
2546 1854 2596 1906 ei
2624 1852 2814 1906 πολλοὶ
2835 1851 3324 1921 συγγραψάμενοι.
3369 1849 3482 1902 Hoc
3508 1866 3647 1916 opus

383 1931 567 1989 Graece
589 1937 821 1992 necdum
845 1934 1583 2010 lucemvidit(m).AtJacobus
1601 1944 1902 2007 Pontanus,
1940 1944 1997 1997 S.
2030 1943 2108 2005 1.,
2144 1942 2394 1999 ῦνιεουιη
2422 1941 2672 1996 codicem
2704 1950 2899 1994 nactus
2929 1940 2980 1991 in
3009 1938 3343 1992 bibliotheca
3384 1938 3647 1990 Bavarica

383 2020 755 2101 Monachiensi
797 2026 900 2095 (η).
922 2045 1045 2098 qua:
1072 2031 1352 2084 abundare
1379 2032 1478 2100 ipsi
1519 2043 1610 2085 aut
1642 2031 1816 2085 aliena
1854 2047 1977 2087 esse
2011 2032 2360 2095 videbantur,
2392 2030 2582 2083 omisit
2609 2030 2706 2101 (ο),
2729 2038 2927 2083 cmtera
2966 2027 3155 2081 Latine
3177 2028 3361 2091 vertit,
3391 2036 3446 2081 et
3477 2029 3648 2079 tribus

382 2107 534 2163 fibris
567 2109 822 2167 distinxit
853 2115 1218 2186 Capitulisque
1258 2118 1575 2182 subdivisit,
1606 2121 1752 2173 notis
1782 2121 1948 2174 etiam
1977 2129 2031 2173 et
2089 2118 2458 2185 explicatione
2494 2117 2826 2184 dignitatum
2855 2114 3175 2175 illustravit,
3208 2123 3369 2182 atque
3400 2115 3471 2166 ita
3505 2128 3642 2165 cou-

385 2205 615 2250 tractnm
645 2197 838 2254 Latine
869 2203 1059 2267 edidit,
1087 2205 1152 2255 ad
1188 2206 1391 2258 calcent
1428 2206 1796 2261 Historiarum
1826 2205 2219 2277 Theophylacti
2245 2206 2583 2265 Simocattaa,
2615 2203 2805 2259 Graece
2829 2213 2881 2256 et
2907 2202 3104 2255 Latine
3150 2201 3522 2270 vnlgatarum,
3551 2200 3641 2254 lno

382 2280 615 2350 golstad.
648 2285 807 2350 1604,
844 2288 878 2341 4
912 2288 1013 2358 (ρ).
1051 2289 1156 2344 Sed
1202 2293 1510 2346 Pontanntn
1550 2294 1728 2362 ipsum
1757 2296 1821 2349 de
1876 2295 2165 2349 Phrantzze
2192 2307 2357 2361 opere
2391 2301 2444 2346 et
2496 2308 2592 2347 sua
2643 2291 2882 2344 editione
2939 2292 3249 2359 loquentem
3306 2288 3643 2342 audiamus:

387 2387 406 2419 ι
447 2369 599 2440 Opus
632 2384 814 2428 autem
844 2387 1072 2431 auctore
1101 2394 1203 2433 suo
1246 2381 1390 2433 hunc
1422 2380 1475 2434 in
1508 2382 1729 2434 modum
1784 2382 2136 2437 distributum
2171 2389 2276 2433 est.
2337 2378 2522 2432 Primo
2569 2378 2712 2431 libro
2743 2377 2807 2430 de
2857 2386 3097 2445 quatuor
3132 2376 3230 2444 (tot
3287 2374 3433 2428 enim
3485 2373 3639 2446 facit)

381 2469 474 2511 lex
513 2457 873 2529 imperatores
906 2464 1244 2536 Palaeologos
1278 2468 1685 2536 complectitur,
1713 2484 1948 2538 quorum
1990 2469 2245 2538 princeps
2284 2475 2368 2519 est
2407 2465 2660 2543 Michael,
2694 2479 2857 2533 quem
2891 2463 3234 2518 annnetttltn
3292 2463 3641 2531 cognominat

385 2542 634 2614 (fuerunt
662 2549 866 2618 quippe
901 2551 1191 2623 Palaaologi
1232 2564 1485 2608 materno
1511 2571 1711 2624 genere
1746 2556 2035 2619 Comneni,
2070 2567 2127 2609 ut
2161 2570 2224 2609 et
2263 2542 2426 2607 initio
2455 2554 2703 2606 historize
2732 2552 3066 2620 apparebit).
3100 2551 3146 2606 is
3177 2551 3269 2619 qui
3333 2552 3646 2605 Constanti-

385 2634 625 2702 nopolim
655 2651 755 2706 per
780 2654 957 2695 annos
987 2643 1298 2709 sexaginta,
1320 2643 1442 2713 plus
1472 2644 1749 2705 minusve.
1807 2660 1833 2696 a
1858 2642 2067 2698 Latinis
2098 2643 2378 2695 obtentum
2442 2640 2814 2708 recuperavit.
2855 2639 3095 2694 Ultimus
3151 2638 3373 2692 illorum
3413 2654 3505 2691 sex
3560 2649 3646 2691 «at

382 2720 621 2788 Manuel,
656 2727 710 2778 in
749 2743 858 2796 quo
888 2728 1026 2782 liber
1053 2730 1268 2787 linitur.
1296 2730 1551 2785 Secundo
1574 2747 1671 2789 .res
1707 2730 1957 2793 Joannis,
1994 2730 2086 2782 lilii
2139 2728 2428 2792 Manuelis,
2455 2728 2826 2794 persequitur.
2855 2725 3063 2779 Genuit
3096 2736 3276 2777 autem
3307 2724 3447 2777 filius
3482 2738 3645 2778 senos

379 2807 670 2880 Joannem,
707 2815 1115 2879 Andronicum,
1146 2817 1522 2885 Theodorum,
1559 2820 2012 2883 Constantinum,
2046 2817 2401 2881 Demetrium,
2435 2815 2726 2869 Thomam.
2766 2812 3014 2867 Tertium
3043 2811 3209 2865 fratri
3240 2821 3293 2866 et
3330 2814 3640 2867 successori
3678 2814 3679 2817 “

378 2897 626 2964 Joannis,
656 2902 1041 2970 Constantino,
1076 2907 1340 2976 dat:quo
1381 2908 1708 2977 imperante,
1751 2918 1803 2961 ct
1826 2907 2039 2976 quidem
2090 2902 2445 2974 paucissimis
2478 2902 2661 2965 annis,
2715 2898 3232 2968 Constantinopolis
3278 2898 3419 2952 vict
3473 2898 3645 2952 armis

381 2988 615 3052 devicta,
647 2990 700 3043 itt
739 2990 1043 3047 Turcarnm
1074 2994 1370 3063 impiorum
1406 2998 1667 3049 ditionem
1719 2995 2014 3050 concessit.
2044 2993 2343 3058 Quartum,
2373 2991 2745 3056 cumdemqtte
2779 2999 3145 3055 postremum,
3213 2985 3268 3038 in
3303 2985 3552 3039 dissidiis
3591 2993 3646 3038 et

381 3075 658 3133 intestinis
688 3080 920 3134 duorum
947 3080 1176 3135 fratrum
1218 3082 1673 3154 Palzcologoru'n,
1706 3081 1967 3136 Demetrii
1995 3089 2122 3150 puta
2153 3094 2205 3133 et
2229 3077 2476 3141 Thomze,
2505 3077 2659 3130 bellis
2689 3078 2744 3130 in
2797 3074 3199 3142 Peloponneso,
3225 3083 3278 3126 ct
3315 3068 3648 3127 Mahome‘tis

385 3160 448 3222 11.
484 3165 577 3231 qui
612 3167 1139 3239 Constantinopolim
1174 3171 1410 3238 subegit,
1439 3171 1728 3226 fraudibus
1752 3187 1816 3224 ac
1849 3169 2056 3237 rapinis
2101 3167 2299 3221 ibidem
2332 3164 2713 3220 describendis
2775 3163 3124 3232 potissimum
3172 3162 3345 3230 ponit,
3420 3176 3645 3214 untver-

384 3264 609 3322 samque
639 3257 1008 3311 narrationem
1045 3258 1209 3326 paulo
1243 3275 1408 3325 supra
1434 3275 1639 3313 annum
1664 3258 1865 3313 Christi
1902 3257 2058 3319 1259,
2094 3272 2203 3323 quo
2224 3253 2456 3308 Michael
2486 3253 2823 3320 Palmologus
2863 3251 3154 3318 imperium
3187 3250 3366 3313 inirit,
3391 3264 3643 3312 exorsus,

288 3350 303 3363 ’
380 3339 450 3393 a-l
478 3354 681 3395 annum
723 3343 859 3415 H77
895 3346 1171 3413 producit,
1224 3349 1494 3414 atqne‘ita
1532 3361 1707 3400 annos
1751 3347 2037 3400 minimum
2077 3343 2185 3398 ‘2l8
2222 3342 2662 3413 comprehendit,
2700 3340 2913 3395 tantillo
2972 3339 3136 3401 libro,
3177 3339 3382 3392 chartis
3418 3338 3594 3392 trihtts
3629 3355 3644 3391 :

381 3428 592 3482 utinam
626 3445 756 3486 vero
786 3434 951 3487 etiam
984 3433 1059 3487 ita
1093 3434 1270 3490 doctis
1302 3444 1353 3489 et
1390 3434 1696 3501 laboriosis,
1730 3445 1789 3487 ut
1821 3435 1866 3489 is
1897 3436 1962 3488 de
1993 3448 2103 3504 quo
2135 3432 2281 3487 istud
2314 3441 2473 3499 poeta
2492 3428 2829 3484 Veronensis
2855 3443 2978 3481 cum
3014 3425 3640 3486 admirationeaﬂirma-

376 3515 477 3572 vit.
1669 3538 1674 3543 η

451 3627 471 3660 ι
509 3606 581 3663 At
608 3607 754 3663 enim
795 3609 1055 3679 quoniam
1086 3611 1326 3680 scriptor
1374 3611 1475 3667 iste
1529 3610 1931 3680 πιρεκϐἀσεων
1970 3622 2067 3663 seu
2096 3606 2506 3676 digressionem
2547 3604 2807 3660 refertior
2830 3615 2934 3667 est.
2967 3615 3020 3661 et
3075 3622 3266 3661 earu-n
3334 3584 3521 3659 lilttltzl)
3573 3603 3641 3657 ad

384 3693 669 3749 historiam
691 3695 865 3764 ipsam
884 3711 1136 3767 “prorsus
1172 3699 1303 3750 nilnl
1340 3699 1634 3767 pertinent,
1668 3698 1801 3767 quin
1827 3697 2009 3767 potius
2041 3695 2163 3763 ejus
2203 3694 2467 3764 gravitati
2494 3694 2820 3762 ctdiguitati
2886 3693 3157 3755 officiunt,
3185 3709 3248 3746 ac
3274 3692 3503 3758 proinde
3533 3708 3639 3745 non

382 3783 501 3837 sine
523 3782 740 3852 jactura
770 3756 953 3850 modo,
987 3799 1176 3838 verum
1210 3786 1375 3839 etiam
1413 3785 1701 3840 commode
1740 3794 1796 3838 et
1836 3784 2043 3838 utiliter
2065 3776 2261 3839 abesse
2281 3791 2537 3854 possunt,
2580 3782 2877 3836 consilium
2939 3781 3063 3845 fuit,
3097 3784 3163 3835 iis
3228 3772 3636 3851 praetermissis

383 3883 554 3930 totum
587 3891 787 3943 corpus
819 3875 1059 3947 (tametsi
1086 3891 1179 3942 per
1206 3891 1264 3930 se
1290 3876 1435 3929 haud
1469 3875 1542 3929 ita
1569 3875 1853 3944 magnum)
1888 3872 2219 3942 compendio
2253 3872 2490 3941 quodam
2550 3884 2772 3938 cogere,
2805 3884 3041 3938 quaeque
3093 3870 3235 3924 libro
3258 3879 3459 3936 quarto
3511 3870 3644 3924 insi-

382 3961 571 4027 gniora
616 3964 894 4031 magisque
923 3961 1302 4015 memorabilia
1331 3962 1708 4030 reperiuntur,
1742 3978 1802 4015 ea
1845 3971 2106 4031 tanquam
2144 3960 2521 4014 accessionem
2567 3959 2635 4012 ad
2669 3960 2817 4012 aedes
2850 3974 2973 4011 cum
3003 3959 3169 4011 tertio
3196 3959 3557 4027 conjungere,
3586 3967 3643 4012 et

382 4049 484 4103 hac
517 4051 730 4105 ratione
762 4052 941 4119 ipsum
976 4051 1194 4104 tertium
1227 4050 1656 4104 cumulatimth
1684 4050 1922 4107 efﬁcere.
1977 4049 2150 4116 Quem
2176 4048 2345 4112 enim,
2380 4047 2639 4109 obsecro,
2677 4056 2827 4101 secta
2858 4044 3265 4112 Mahomctana,
3296 4062 3364 4101 ex
3406 4045 3641 4101 Joannis

381 4136 748 4192 Cantacuzeni
775 4148 971 4194 contra
998 4137 1250 4192 eamdem
1295 4150 1504 4193 sectam
1538 4139 1882 4193 orationibus
1933 4148 2012 4192 tot
2073 4138 2287 4207 paginis
2343 4135 2688 4203 descriptaet
2747 4135 3104 4201 reprehensa,
3156 4135 3449 4189 delectet?
3499 4134 3640 4190 Odio

381 4224 669 4293 plusquam
703 4224 995 4281 Vatiniano
1031 4226 1510 4280 Mahometismum
1537 4225 1652 4280 odit
1677 4224 2161 4288 Protovestiaritts,
2212 4232 2378 4291 atque
2408 4225 2512 4276 hoc
2546 4231 2770 4291 propter
2803 4221 3034 4277 Turcas.
3071 4223 3195 4277 Ideo
3231 4239 3290 4277 se
3318 4210 3505 4277 tenere
3532 4239 3638 4276 nou

384 4313 559 4378 potuit
591 4314 723 4382 quin
754 4323 1088 4383 repertorem
1121 4312 1289 4377 illius,
1318 4323 1373 4366 et
1406 4327 1539 4366 sane
1572 4313 1801 4381 pluries,
1834 4315 2162 4383 exagitaret,
2204 4315 2322 4383 ejus
2382 4313 2782 4381 genealogiam,
2826 4327 3029 4373 mores.
3096 4313 3462 4379 incrementa,
3499 4311 3637 4377 dog-

379 4407 535 4454 mata
560 4403 943 4455 insectaretur.
978 4400 1082 4456 Sed
1108 4417 1254 4455 nunc
1312 4416 1417 4455 nou
1451 4412 1570 4456 erat
1597 4403 1678 4456 bis
1714 4402 1890 4462 locus,
1922 4404 1998 4456 ait
2032 4402 2286 4456 Flaccus.
2343 4400 2416 4453 De
2447 4409 2663 4454 cometa
2698 4401 2814 4455 viso
2846 4416 2972 4455 cum
3014 4401 3148 4469 agit,
3180 4401 3309 4471 quid
3344 4401 3455 4455 illic
3480 4415 3638 4455 com-

380 4487 535 4556 plura
568 4498 833 4551 mctcora,
873 4498 935 4543 ut
967 4488 1174 4558 fulgur,
1213 4490 1440 4555 fulmen,
1475 4493 1707 4553 tonitru,
1747 4501 1905 4544 terra:
1940 4498 2169 4550 metum,
2199 4478 2449 4555 ipsorum
2489 4500 2831 4543 cometarum
2894 4489 3333 4558 generationem,
3392 4489 3637 4542 elemen-

381 4582 561 4630 torum
593 4591 810 4647 quoque
842 4579 1135 4638 rationem,
1175 4577 1577 4645 philosophica,
1618 4579 1863 4647 inquam,
1900 4577 1959 4629 οὐ
1991 4578 2133 4631 πάνυ
2160 4575 2468 4645 φιλοσόφους
2524 4575 2801 4641 explicare
2826 4576 3023 4628 attinet
3051 4575 3076 4627 ?
3114 4574 3218 4629 Res
3243 4586 3396 4640 suas,
3434 4590 3639 4643 easque

379 4664 617 4717 minutas
644 4679 804 4733 saepe,
836 4673 889 4717 et
913 4677 1055 4731 quas
1095 4677 1425 4732 magnopere
1448 4667 1594 4719 scire
1632 4667 1817 4721 nullus
1844 4665 2048 4734 cupiat,
2093 4664 2438 4733 frequentius
2464 4674 2518 4741 et
2554 4662 2908 4716 ambitiosius
2949 4662 3196 4715 adducit.
3236 4664 3350 4715 Non
3386 4662 3631 4716 schisma

376 4758 430 4802 et
460 4750 820 4805 defectionem
850 4751 1164 4807 Graecorum
1198 4752 1266 4805 ab
1294 4752 1536 4806 Ecclesia
1568 4751 1810 4806 Romana
1851 4753 2019 4823 (quod
2093 4761 2279 4807 tanten
2313 4754 2413 4807 toti
2448 4751 2732 4824 occidenti
2781 4759 2867 4806 est
2925 4749 3465 4821 persuasissimum),
3541 4752 3635 4806 sed

378 4853 411 4907 p
430 4851 623 4906 ‘ccata,
652 4853 709 4894 ιιι
731 4840 1102 4895 Ninivitarum
1173 4839 1515 4910 aliorumque
1548 4841 1905 4910 populorum,
1941 4851 1996 4897 et
2023 4841 2312 4895 oraculum
2339 4842 2407 4896 de
2430 4840 2834 4896 lsmaclitarum
2865 4840 3030 4910 (unde
3049 4838 3247 4895 Turca:
3265 4841 3377 4894 sint
3415 4853 3624 4909 propa-

448 5024 521 5103 (ei
553 5026 672 5103 Lib.
701 5027 743 5103 12
771 5043 889 5095 cap.
914 5028 984 5103 '58
1010 5029 1167 5082 ctdl.

2058 5043 2246 5103 postea
2276 5045 2696 5103 cognoscemus.
2732 5029 2896 5083 "aut.

450 5096 530 5170 (ά)
552 5096 671 5170 Lib.
704 5097 766 5170 11,
805 5100 1006 5170 carui.
2061 5096 2074 5103 ’
2132 5096 2373 5170 (ιηϐοόῖ
2398 5103 2525 5157 203.
2557 5101 2612 5153 ltt
2648 5102 2893 5168 catalogo
2917 5115 3047 5154 mss.
3081 5096 3353 5170 Bovario,
3386 5112 3507 5166 pag.
3541 5097 3634 5162 75,

448 5168 520 5239 te)
556 5167 675 5223 Lib.
699 5169 762 5232 ΙΙ,
789 5183 910 5236 cap.
939 5169 1103 5237 Sseq.
1256 5217 1262 5223 .
1292 5238 1299 5239 ί

2061 5167 2203 5226 male
2218 5188 2483 5227 exrusutn
2504 5171 2720 5239 Φαντζῆ
2749 5167 2846 5237 pro
2890 5168 3166 5236 Φραντζῇ.

449 5237 517 5306 (Γ)
554 5239 833 5311 Phcanzes
866 5240 958 5291 lib.
993 5239 1057 5301 ll,
1087 5255 1211 5311 cap.
1247 5238 1333 5299 10.
1359 5250 1413 5294 et
1442 5240 1499 5311 in
1532 5242 1800 5309 prooemio
1829 5261 1840 5296 :
1874 5242 1953 5295 Ad
2136 5246 2210 5310 (ο)
2236 5243 2468 5311 Allatius
2506 5242 2575 5294 De
2607 5237 2869 5307 Georgiis,
2905 5257 3028 5308 pag.
3059 5240 3164 5294 426
3195 5256 3216 5292 .·
3244 5237 3539 5296 Pontanus.
3579 5240 3635 5294 in

374 5307 515 5361 hunc
542 5309 759 5382 modum
790 5324 884 5376 ego
918 5324 1121 5379 quoque
1143 5308 1401 5382 Georgius
1429 5307 1701 5368 Pltranzes
1749 5324 1798 5367 et
1830 5329 1954 5381 pro-
2064 5307 2185 5369 aliis
2216 5307 2432 5371 laudent
2465 5329 2553 5365 nec
2586 5307 3018 5364 (anteponendam
3045 5313 3361 5382 praeterims
3396 5326 3427 5361 a
3499 5327 3634 5382 nort-

375 5379 747 5452 taveuiarius,
773 5390 879 5432 etc.
968 5449 980 5452 _
1004 5376 1043 5452 μ’
1083 5449 1104 5452 _
1152 5451 1158 5452 γ
1348 5407 1383 5431 .’
1830 5376 1838 5381 ’
2065 5385 2227 5439 nullis
2261 5381 2684 5452 reprehenditur.
2709 5383 2961 5450 primum.
2987 5381 3125 5448 quod
3159 5379 3337 5433 (ἔναιρε
3369 5397 3471 5431 non
3521 5376 3635 5432 ecfi-

448 5449 524 5521 (g)
551 5447 673 5521 Lib.
703 5448 776 5521 11,
811 5463 935 5517 cap.
965 5449 1049 5521 I9.
1083 5449 1205 5506 Lib.
1228 5450 1317 5514 lll,
1344 5466 1462 5521 cap.
1496 5454 1548 5508 1.
2057 5456 2216 5519 derit,
2243 5447 2554 5516 secundum,
2603 5447 2741 5516 quod
2770 5469 2897 5518 opus
2944 5447 3314 5517 obtruncatum
3347 5466 3408 5521 ac
3444 5452 3632 5521 inept-

450 5519 528 5590 ((⁸)
554 5518 955 5590 ιίὺῖιηνυςθρε
979 5520 1033 5573 6·
1411 5518 1425 5521 ⁷
2060 5518 2237 5578 tamen
2271 5524 2564 5584 redactum,
2597 5538 2696 5574 non
2718 5534 2982 5590 integrum
3008 5524 3269 5574 emiserit.
3298 5520 3447 5572 Adde
3470 5518 3632 5571 Casi-

449 5588 515 5661 (ἦ)
544 5588 767 5661 ρριιΐετ-
798 5587 1122 5655 llanckinm,
1159 5607 1211 5659 p.
1253 5593 1349 5647 661
1387 5609 1506 5661 seq.
1680 5644 1688 5651 .
1918 5610 1921 5617 '
2061 5594 2182 5655 tniri
2220 5592 2423 5647 Oudini
2461 5587 2848 5646 contine-utar.
2877 5592 2944 5645 de
2999 5592 3362 5660 scriptoribus
3403 5589 3631 5647 cccles.,

451 5655 834 5732 (ft)_I_’hranzrs
864 5661 1053 5728 ipsein
1079 5655 1346 5729 protemio
1370 5675 1424 5718 et
1458 5655 1552 5720 lib.
1582 5664 1651 5719 111
1696 5679 1817 5726 cap.
1857 5666 1946 5721 ἐξ).
2046 5660 2188 5719 tom.
2226 5664 2318 5726 lll,
2351 5679 2472 5732 pag.
2495 5662 2637 5716 2598
2660 5677 2776 5730 seq.

447 5722 659 5804 (lj_Non
696 5729 857 5804 ιρξτ,
888 5722 949 5784 ὶιι
979 5722 1176 5802 legi-tur
1230 5737 1284 5788 in
1324 5733 1500 5789 Vossii
1533 5739 1678 5789 Hist.
1727 5722 1944 5797 Cra’cis,
2126 5738 2200 5803 (μ)
2231 5722 2314 5804 Ex:
2339 5722 2692 5804 t'ypugrapltia
2735 5722 2928 5786 Atlanti
2981 5726 3462 5804 Sartotii.__Dcin__
3487 5722 3627 5804 ξῃυιι

377 5793 474 5872 lib.
497 5793 707 5872 ilhcap.
739 5801 827 5854 50.
939 5871 965 5872 η
1935 5793 1943 5797 ’
2051 5793 2270 5872 opust-it
2300 5793 2528 5855 contain
2554 5793 2683 5872 edit.
2712 5817 2966 5872 recusem
2992 5810 3069 5855 est
3096 5815 3218 5855 cum
3245 5797 3464 5852 Genesii
3484 5793 3629 5852 HiSI.

455 5867 841 5940 (m)'l‘cntporc
870 5871 991 5926 scil.
1028 5870 1286 5943 Fabricii,
1342 5892 1487 5932 nunc
1560 5879 1762 5932 editum
1822 5894 1942 5933 esse
2049 5867 2365 5945 lij'zantitta.
2397 5873 2582 5926 Venet.
2619 5871 2769 5939 1755,
2804 5873 2896 5927 fol.
2929 5871 3094 5925 Ilant.
