4000 6486
367 379 465 442 041

1405 368 1854 441 CIIRONICON
1899 382 2173 443 MAJUS.
2215 407 2284 421 --
2325 384 2470 445 LIB.
2523 387 2569 447 ῐ.

3506 386 3619 454 642

1667 700 1903 786 ΒΙΒΛ
1918 704 2108 788 ΙΟΝ
2183 696 2309 785 Α¹.

435 1030 491 1101 6
522 1034 593 1083 α’.
634 1028 691 1082 Ὀ
715 1029 813 1098 τῆς
847 1029 1021 1099 ἀρχῆς
1072 1030 1356 1100 ἒπιϐήτωρ
1395 1031 1633 1098 Ἀλέξιος
1672 1033 1941 1103 Ἀγγελος
1974 1038 2019 1095 Α
2050 1049 2157 1093 σιν,
2187 1030 2582 1101 ιῦςέίρήσεται
2612 1045 2626 1059 ⁶
2661 992 2980 1097 ἁνδρυνθεὶς
3012 1029 3066 1081 δὲ
3093 1029 3120 1080 6
3180 1029 3422 1099 Μιχαὴλ,
3468 1029 3619 1098 πρῶ-

366 1123 394 1175 δ
437 1122 745 1190 Κομνηνὸς,
774 1122 801 1173 6
827 1121 919 1173 τὸν
942 1113 1171 1187 ἀδελφὸν
1218 1120 1488 1178 Ίσαάκιον
1540 1128 1803 1193 ’Ἄγγελον
1843 1143 1938 1179 τυ·-

371 1215 590 1283 φλώσας
617 1215 709 1265 καὶ
756 1214 856 1284 τὴν
890 1214 1172 1283 βασιλείαν
1223 1217 1426 1285 λαϐὼν,
1466 1217 1550 1287 ἐφ’
1601 1212 1661 1272 οὗ
1716 1220 1807 1270 καὶ
1850 1236 1942 1271 το-

306 1374 311 1383 ι
372 1306 542 1359 σαῦτα
577 1307 671 1357 καὶ
698 1305 925 1358 τοιαῦτα
958 1307 1105 1359 κακὰ
1156 1311 1221 1377 τῇ
1268 1308 1532 1379 Ῥωμαῖδι
1590 1311 1732 1381 ἀρχῇ
1790 1310 1943 1382 παρὰ

370 1400 477 1451 τῶν
517 1397 742 1450 Ἰταλῶν
772 1399 936 1467 ἐφύη,
979 1399 1152 1471 ἄρρεν
1183 1402 1280 1470 μὲν
1311 1402 1410 1455 οὐκ
1463 1399 1599 1471 εἶχε,
1636 1405 1943 1473 θυγατέρας

371 1489 424 1541 δὲ
454 1489 548 1542 δύο
572 1506 585 1519 ο
616 1491 712 1542 καὶ
743 1490 843 1559 τὴν
883 1491 984 1558 μὲν
1016 1494 1344 1561 πρωτογενῆ
1405 1495 1646 1565 Εἰρήνην
1704 1494 1944 1565 τοῦιομα

372 1570 624 1650 ὲρυθροῖς
654 1580 892 1644 πεδίλοις
923 1581 1284 1636 ὑποδεδέσθαι
1310 1583 1518 1649 ἔταξεν,
1572 1586 1661 1638 ἵνα
1695 1586 1837 1654 αὐτή
1884 1603 1943 1639 τε

374 1672 471 1723 καὶ
498 1673 524 1723 6
552 1671 727 1744 ταύτῃ
763 1674 1313 1744 μνηστευθησόμενος
1343 1676 1580 1745 διάδοχοι
1613 1678 1707 1730 καὶ
1741 1678 1944 1747 κληροο

373 1764 530 1830 νόμοι
562 1763 657 1830 τῆς
689 1764 973 1832 βασιλείας
998 1758 1098 1818 ὦσι
1131 1766 1273 1834 μετὰ
1302 1767 1363 1820 τὸ
1419 1767 1678 1822 τεθνάναι
1742 1769 1904 1822 αὐτόν
1928 1784 1942 1800 ·

374 1854 496 1904 ὅθεν
540 1854 736 1916 καὶεξς
768 1853 922 1923 λέχος
943 1855 1175 1909 δέδωκεν
1199 1858 1373 1926 αὐτὴν
1419 1859 1645 1928 Ἀλεξίῳ
1708 1860 1786 1922 τῷ
1834 1860 1945 1911 [11-

374 1943 668 2013 λαιολόγῴ,
702 1945 798 1997 καὶ
829 1945 992 2008 εὐθὺς
1019 1946 1185 1999 αὐτὸν
1213 1947 1485 2020 δεσπότην
1521 1952 1808 2020 τετίμηκε.
1838 1950 1949 2006 Καὶ

375 2036 425 2088 εί
456 2035 530 2105 μὴ
556 2039 619 2089 ἐκ
649 2036 744 2090 τοῦ
785 2036 903 2107 βίου
936 2037 1132 2091 τούτου
1162 2040 1403 2107 ἐγένετο.
1451 2041 1615 2104 αὐτὸς
1667 2023 1745 2094 ad
1762 2042 1951 2095 ἐϐασί-

374 2127 533 2180 λευσε
568 2129 709 2194 μετὰ
736 2129 828 2181 τὸν
868 2128 1137 2199 πενθερὸν
1154 2131 1357 2185 αὑτοῦ.
1406 2133 1554 2185 Ἐπεὶ
1612 2133 1668 2186 δὲ
1701 2133 1878 2188 θανὼν
1922 2139 1951 2189 6

377 2217 743 2284 Παλαιολόγος
793 2218 1033 2285 Ἀλέξιος
1058 2224 1340 2293 θυγατέρα
1403 2226 1575 2295 μόνην
1627 2228 1949 2295 κατέλιπεν,

2043 1141 2133 1187 τος
2163 1124 2276 1185 υἱὸς
2308 1124 2382 1176 ὣν
2414 1123 2494 1192 τῷ
2538 1123 2865 1191 Ἀνδρονίκῳ
2892 1120 3036 1174 κατὰ
3065 1123 3346 1190 γέννησιν,
3410 1120 3616 1190 μεταξὺ

2043 1217 2153 1270 τῶν
2184 1219 2240 1268 ὲν
2269 1217 2414 1269 τέλει
2441 1219 2549 1268 τῶν
2607 1216 2781 1269 ἄλλων
2812 1214 3068 1267 ἐπέκεινα
3138 1207 3217 1275 εἷς
3272 1213 3361 1283 ἦν,
3414 1213 3617 1283 πολλὴν

2044 1308 2185 1377 ἔχων
2218 1307 2314 1360 τοῦ
2344 1307 2644 1376 προσώπου
2677 1308 2779 1375 τὴν
2818 1306 3143 1377 ἱλαρότητα,
3168 1308 3234 1376 τῇ
3271 1306 3460 1377 ὁμιλίᾳ
3476 1304 3622 1376 χρη-

2047 1400 2191 1464 στὸς,
2226 1401 2441 1461 ἀστεῖος
2493 1398 2554 1450 τὸ
2605 1394 2763 1468 ἦθος,
2797 1400 2934 1468 πρὸς
2992 1402 3105 1494 τοῖς
3157 1400 3337 1461 ἄλλοις
3383 1399 3477 1451 καὶ
3521 1398 3620 1463 τὴν

2046 1494 2205 1562 χεῖρα
2231 1491 2371 1559 ἔχων
2407 1489 2713 1559 φιλότιμον.
2742 1491 2852 1541 Καὶ
2899 1490 2991 1542 διὰ
3013 1489 3218 1554 ταῦτας
3249 1489 3342 1542 οὖν
3371 1490 3470 1553 τὰς
3492 1492 3623 1558 ἀρε-

2045 1584 2145 1645 τὰς
2181 1581 2348 1634 αὑτοῦ
2380 1582 2475 1634 καὶ
2509 1583 2747 1650 χάριτας
2772 1581 2960 1634 πολλοὶ
3002 1582 3166 1634 αὐτὸν
3224 1582 3473 1649 ὴγάπουν
3523 1579 3622 1633 καὶ

2046 1676 2262 1746 ἤθελον,
2296 1676 2389 1739 καὶ
2442 1674 2499 1724 ὲν
2536 1672 2760 1742 εὐκολίᾳ
2793 1672 3007 1735 πάντας
3040 1671 3249 1734 εῖλκιζε
3285 1669 3627 1740 στρατηγοὺς

2047 1767 2346 1835 ταξιάρχα;
2377 1766 2620 1835 δημότας
2650 1767 2744 1818 καὶ
2787 1766 2883 1834 τῆς
2915 1764 3229 1834 συγκλήτου
3255 1762 3626 1823 πολλούς.Διὰ

2047 1857 2210 1910 τοῦτο
2239 1856 2372 1925 γοῦν
2399 1856 2649 1909 διαϐολαί
2698 1874 2844 1922 τινες
2886 1856 3206 1925 ἀνεφύησαν
3257 1855 3379 1907 κατ’
3432 1852 3620 1916 αὐτοῦ,

2048 1951 2131 2004 ὅτι
2162 1948 2448 2018 βασιλείας
2497 1949 2776 2019 ὀρέγεται⁴
2836 1944 2904 2017 ἦν
2957 1948 3067 2019 γὰρ
3094 1949 3220 2001 τότε
3254 1950 3281 2000 6
3325 1945 3627 2013 βασιλεύων

2060 2041 2355 2110 Ῥωμαίων
2381 2039 2664 2109 Θεόδωρος
2711 2039 2998 2110 Λάσκαρις
3030 2041 3057 2090 6
3087 2039 3226 2102 νέος.
3293 2037 3404 2091 Καὶ
3449 2034 3630 2089 ταῦτα

2048 2116 2439 2205 ψιθυρίζοντες
2468 2125 2613 2200 ἦσάν
2647 2146 2794 2192 τινες
2849 2129 2960 2182 τῶν
3023 2129 3197 2199 φίλων
3257 2127 3445 2192 αὐτοῦ,
3484 2127 3631 2195 λέγω

2050 2222 2275 2301 Μιχαῂλ
2305 2222 2401 2274 τοῦ
2432 2220 2750 2292 Κομνηνοῦ.
2813 2221 2982 2273 Ὅθεν
3030 2222 3420 2292 προστάγματι
3475 2219 3635 2289 βασι-

376 2309 534 2362 ὲλθὸν
566 2308 625 2361 δὲ
654 2311 733 2372 εἰς
760 2313 927 2379 νόμον
961 2311 1181 2380 ἡλικίας
1234 2317 1297 2368 τὸ
1342 2321 1599 2385 κοράσιον
1664 2319 1881 2390 Εἰρήνη
1913 2321 1946 2391 ἡ
1987 2389 2007 2391 _
2053 2312 2195 2383 λικῷ
2220 2312 2449 2381 ἄγουσιν
2481 2313 2650 2365 αὑτὸν
2681 2313 2760 2372 εἰς
2807 2311 3081 2375 ἐξέτασιν·
3126 2308 3311 2389 Ἦσαν
3351 2309 3408 2361 δὲ
3441 2311 3491 2361 οἷ
3519 2307 3636 2373 ἒξε-

377 2399 564 2468 μήτηρ
598 2400 769 2467 αὐτῆς
796 2402 1118 2469 συνέζευξεν
1146 2406 1319 2476 αὐτὴν
1355 2408 1684 2481 Ἀνδρονίκῳ
1721 2389 1802 2483 τῷ
1831 2389 1947 2466 Ila;
1982 2389 2025 2448 Β
2052 2406 2313 2468 τάξοντες
2336 2408 2363 2458 6
2416 2405 2859 2474 ἁρχιεπίσκοπος
2915 2403 3214 2474 Ἀρσένιος,
3264 2404 3293 2455 6
3332 2400 3425 2454 καὶ
3461 2399 3635 2453 πολλὰ

374 2489 664 2558 λαιολόγῳ,
687 2491 747 2544 ὃν
772 2493 867 2546 καὶ
909 2496 937 2547 6
968 2495 1225 2565 βασιλεὺς
1262 2499 1537 2569 θεόδωρος
1587 2502 1616 2555 6
1641 2502 1950 2573 Λάσκαρις,

376 2582 404 2633 6
429 2582 530 2649 τὴν
561 2582 755 2652 ἑτέραν
786 2584 1069 2654 θυγατέρα
1113 2588 1207 2641 τοῦ
1258 2588 1528 2657 βασιλέως
1569 2591 1810 2657 Ἀλεξίου
1872 2595 1955 2656 είς

378 2675 614 2738 γυναῖκα
640 2674 842 2745 λαϐὼν,
884 2677 1060 2746 μέγαν
1109 2678 1438 2748 δομέστικον
1491 2683 1750 2753 ἐτίμησεν
1800 2685 1956 2737 ὓστε-

384 2777 498 2829 ρον*
547 2764 595 2832 7
634 2766 693 2829 ἐξ
750 2762 811 2819 οὗ
864 2769 1241 2840 ἐγεννήθησαν
1300 2773 1408 2824 υἱοὶ
1462 2777 1633 2844 τρεῖς,
1672 2776 1893 2844 Μιχαὴλ
1928 2778 1957 2829 6

383 2852 690 2923 Κομνηνὸς,
726 2859 1144 2923 Κωνσταντῖνος
1170 2865 1197 2914 6
1232 2865 1604 2930 Παλαιολόγο;
1638 2868 1735 2919 καὶ
1766 2867 1952 2920 Ἰωάν-

381 2962 478 3014 νης
508 2947 1017 3020 διπλοπαλαιολόγοι
1047 2953 1199 3018 ὅντες
1235 2957 1505 3026 πατρόθεν
1526 2959 1621 3010 καὶ
1655 2960 1947 3030 μητρόθεν.

382 3031 511 3108 Εἶχε
543 3040 644 3109 μὲν
673 3043 967 3098 κάντεῦθεν
990 3046 1247 3118 ἀφορμὰς
1290 3048 1372 3112 εἰς
1404 3049 1505 3120 τὴν
1550 3049 1720 3120 αὐτὴν
1754 3050 1957 3104 ὑπόθε-

2050 2495 2351 2565 δυνάμενος
2377 2495 2500 2548 τότε
2543 2494 2697 2565 παρὰ
2750 2495 2828 2565 τῷ
2865 2493 3097 2565 βασιλεῖ,
3154 2492 3251 2545 καὶ
3299 2492 3477 2562 ἕτεροι
3523 2488 3634 2543 τῶν

2052 2587 2379 2657 ἐλλογίμων.
2421 2587 2718 2656 Παραστὰς
2766 2587 2824 2638 δὲ
2859 2584 3082 2655 Μιχαὴλ
3110 2586 3137 2636 ὁ
3191 2582 3482 2653 Κομνηνδς
3530 2583 3628 2634 καὶ

2055 2680 2230 2733 πολλὰ
2282 2680 2583 2749 ἐρωτηθεὶς
2615 2680 2710 2731 καὶ
2747 2680 2997 2740 εἰπόντες
3025 2677 3199 2747 αὐτῷ,
3253 2673 3372 2728 εἶτα
3420 2675 3571 2742 λέγει
3605 2674 3636 2726 6

2056 2774 2517 2846 ἁρχιεπίσκοπος.
2569 2791 2588 2823 ι
2630 2773 2724 2841 Μὴ
2783 2773 2889 2842 γὰρ
2951 2773 3066 2833 τοῖς
3118 2770 3532 2839 ἁμαρτάνουσιν
3578 2764 3638 2835 8

2058 2866 2419 2920 ἀπολείπεται
2445 2865 2750 2935 συγγνώμη
2784 2867 2843 2916 τὸ
2914 2864 3079 2933 σιγᾷν
3132 2861 3225 2914 καὶ
3272 2860 3436 2931 μηδὲν
3494 2857 3636 2928 ὑπὲρ

2060 2960 2170 3011 τῶν
2218 2959 2606 3027 γεγενημένων
2657 2953 3035 3024 φθέγγεσθαι·
3069 2950 3296 3021 εὐγενὴς
3321 2950 3415 3003 οὖν
3445 2946 3521 3001 ὣν
3540 2948 3638 3001 καὶ

2062 3052 2122 3116 ἐξ
2150 3050 2394 3118 εὐγενῶν
2425 3049 2828 3119 καταγόμενος,
2888 3045 3188 3117 τιμιώτατε
3247 3044 3402 3113 ἄνερ,
3443 3038 3635 3112 ἐρωτῶ

1543 3414 2484 3518 LIBER-PRIMUS.

460 3765 514 3821 1.
562 3766 790 3823 Alexius
841 3765 1075 3838 Angelus
1121 3764 1437 3821 Comnenus
1473 3765 1794 3835 imperator,
1845 3764 1960 3834 qui,
1989 3769 2033 3826 ιτ,
2067 3763 2440 3835 largitionum.
2476 3765 2709 3835 Propter
2736 3767 2836 3823 has
2864 3766 2980 3836 eius
3010 3770 3240 3823 virtutes
3290 3776 3344 3823 et
3378 3770 3580 3840 gratias
3611 3782 3641 3824 a

383 3868 651 3913 excaecato
675 3857 879 3913 Isaac-io
904 3856 1090 3916 fratre.
1115 3871 1346 3927 regnum
1365 3854 1673 3926 Occupavit,
1698 3858 1961 3926 cujusque

384 3948 1018 4028 fmperioltouantisque
1050 3950 1294 4005 cladibus
1345 3964 1432 4004 res
1470 3949 1717 4003 Romana
1762 3949 1831 4002 ab
1861 3948 1963 4003 Ita—

383 4041 451 4097 lis
475 4040 667 4096 amicta
697 4051 800 4105 est,
830 4041 975 4094 nulla
1001 4040 1141 4095 virili
1169 4041 1320 4110 prole
1342 4050 1620 4108 suscepta,
1650 4040 1789 4094 tilias
1826 4041 1961 4095 duas

384 4133 588 4188 habuit.
614 4133 752 4188 Natu
779 4134 1061 4205 majorem,
1088 4133 1277 4188 irenen
1312 4136 1552 4198 nomine,
1579 4133 1795 4187 calceos
1828 4148 1961 4204 pur-

300 4264 311 4269 ρ
381 4241 580 4296 pureos
607 4227 831 4281 induere
875 4225 1061 4293 jussit,
1096 4235 1155 4279 ut
1184 4227 1298 4294 ipsa
1330 4235 1384 4281 et
1421 4226 1464 4281 is
1489 4226 1575 4280 cui
1600 4227 1962 4289 despondere-

385 4327 495 4380 tur,
550 4328 725 4374 semet
765 4329 999 4383 mortuo,
1048 4332 1397 4374 successores
1425 4318 1527 4373 sibi
1566 4328 1748 4374 essent
1784 4327 1837 4374 et
1863 4318 1963 4371 im-

381 4410 518 4480 perii
579 4411 841 4487 lnrredes,
897 4410 1080 4479 Itaque
1130 4409 1379 4464 Alexium
1436 4408 1797 4479 Paiaeologum
1836 4406 1962 4464 liliae

381 4502 730 4556 matrimonio
769 4503 1016 4570 junctum
1089 4502 1349 4557 continuo
1406 4502 1669 4572 dignitate
1718 4502 1961 4572 despota':

383 4593 710 4658 honestavit,
743 4606 798 4649 et
831 4596 1095 4650 tenuisset
1121 4595 1165 4650 is
1196 4605 1317 4665 post
1365 4609 1614 4650 socerum
1645 4595 1957 4664 imperium,

384 4687 487 4741 nisi
554 4696 881 4756 praematura
942 4696 1180 4741 mortee
1218 4687 1324 4740 vita
1383 4685 1667 4742 cessisset.
1723 4685 1959 4755 Reliquit

380 4780 605 4833 Aiexius
658 4778 987 4848 Palmologns
1021 4793 1183 4831 unam
1226 4778 1391 4831 liliam
1426 4796 1442 4832 :
1473 4792 1592 4831 eam
1635 4777 1751 4830 viro
1785 4778 1951 4833 matu~

382 4888 499 4924 rant
532 4870 686 4926 lrene
739 4882 909 4925 mater
937 4871 1249 4925 Andronico
1289 4871 1591 4939 Palteologo
1648 4870 1957 4936 collocavit,

380 4978 545 5031 quem
596 4962 892 5030 imperator
920 4962 1241 5017 Theodorus
1296 4960 1565 5027 Lascaris,
1600 4963 1689 5030 qui
1731 4962 1958 5014 alteram

383 5055 559 5110 Alexii
592 5057 934 5124 imperatoris
963 5056 1128 5109 ﬁliam
1156 5055 1406 5119 duxerat,
1443 5067 1626 5122 postea
1661 5052 1959 5112 declaravit

2065 3857 2248 3910 multis
2278 3857 2608 3924 diligebatur
2650 3865 2704 3911 et
2754 3858 3059 3912 habebatur
3107 3859 3332 3926 Charus,
3366 3860 3529 3929 inque
3555 3860 3641 3914 sui

2065 3950 2309 4006 studium
2338 3965 2527 4003 omnes
2552 3949 2804 4004 trahebat
2835 3955 3025 4015 duces,
3058 3952 3431 4017 centuriones,
3460 3953 3645 4021 plebe-

2064 4044 2169 4106 ios,
2210 4057 2275 4096 ac
2302 4041 2562 4095 senatorii
2624 4041 2831 4096 ordinis
2872 4043 3191 4111 permultos.
3246 4042 3401 4098 Unde
3441 4046 3643 4099 adver-

2064 4150 2159 4191 sus
2179 4151 2303 4189 cum
2328 4133 2740 4189 criminationes
2763 4140 3011 4204 quaedam
3039 4135 3278 4190 aﬂ'eetati
3306 4137 3516 4206 imperii
3544 4154 3644 4191 nn-

2064 4238 2132 4283 tze
2157 4236 2303 4290 sunt,
2333 4229 2475 4296 quod
2508 4236 2621 4281 tum
2646 4226 2971 4283 Theodorus
2995 4225 3251 4284 Lascaris
3281 4231 3458 4282 minor
3487 4240 3641 4282 tene-

2064 4320 2180 4375 bat.
2224 4317 2365 4373 I‘alia
2399 4319 2493 4389 qui
2546 4329 2922 4381 susurrarent,
2958 4320 3009 4372 in
3044 4318 3215 4386 ipsius
3277 4313 3642 4373 numeraban-

2067 4421 2156 4466 tur
2183 4413 2396 4477 amicis,
2422 4412 2478 4466 in
2517 4412 2733 4476 amicis,
2767 4412 3011 4480 inquam,
3041 4409 3324 4467 Michaelis
3349 4413 3640 4467 Conineni.

2063 4503 2252 4573 Itaque
2296 4506 2447 4574 jussu
2497 4503 2846 4572 imperatoris
2877 4512 3106 4558 vocatur
3154 4503 3206 4556 in
3262 4503 3641 4571 quaestionem.

2066 4592 2346 4649 Habebunt
2366 4610 2484 4649 eam
2502 4593 2854 4661 quaestionem
2878 4593 3142 4648 Arsenius
3175 4594 3643 4663 archiepiscopus,

2064 4688 2221 4757 cujus
2245 4701 2438 4757 magna
2466 4697 2576 4739 tum
2599 4685 2740 4755 apud
2771 4685 3156 4754 imperatorem
3184 4686 3480 4740 auctoritas
3499 4694 3642 4750 erat,

2065 4792 2119 4834 et
2150 4780 2239 4833 alii
2281 4781 2379 4830 viri
2419 4778 2680 4832 illustres.
2709 4777 3010 4830 Adductum
3055 4775 3383 4830 Mieliaelem‘
3409 4776 3644 4831 Comneo

2066 4890 2192 4928 nttm
2219 4873 2385 4926 multa
2434 4871 2774 4941 interrogant
2800 4879 2854 4924 et
2889 4872 3268 4931 cohortantur,
3317 4872 3642 4938 tandemque

2064 4966 2508 5036 archiepiscopus
2529 4964 2631 5038 his,
2646 4965 2823 5017 verbis
2846 4964 3160 5031 compellat:
3198 4962 3331 5028 «Qui
3358 4963 3483 5031 quid
3513 4978 3642 5032 pec-

2061 5070 2277 5123 earunt,
2317 5056 2510 5125 inquit,
2548 5056 2614 5109 iis
2643 5070 2749 5109 non
2795 5056 2907 5109 haec
2934 5057 3085 5109 venia
3109 5057 3283 5118 datur,
3317 5063 3377 5109 ut
3424 5065 3643 5111 taceant

387 5165 639 5218 magnum
667 5150 1044 5203 domesticum.
1069 5144 1234 5216 llujus
1259 5157 1419 5200 erant
1445 5145 1536 5198 lilii
1566 5154 1696 5207 tres,
1720 5140 1950 5198 Michael
1988 5136 2034 5192 Ῑ)
2063 5161 2118 5205 ει
2161 5149 2293 5203 nihil
2325 5149 2620 5217 quidquam
2657 5148 3009 5216 pronuntiem,
3041 5148 3106 5201 de
3139 5156 3350 5216 pall-alo
3385 5149 3641 5203 crimine,

382 5241 733 5306 Coninenus,
789 5232 1565 5306 Constantinus‘PalamIOgus,
1611 5244 1665 5290 et
1697 5234 1960 5298 Joannes,

382 5336 451 5388 ab
485 5347 716 5403 utroque
754 5343 996 5402 parente-
1036 5329 1344 5399 Palaeologi.
1401 5331 1578 5399 Atque
1618 5328 1686 5383 ab
1724 5330 1808 5382 his
1836 5343 1965 5398 pro-

374 5424 523 5497 iecta
568 5424 739 5492 initiis
784 5436 918 5494 gens
943 5421 1266 5490 Palaeolnga,
1297 5430 1354 5474 ut
1376 5420 1488 5490 jam
1525 5420 1860 5485 narrabitur,
1894 5419 1960 5472 ad

373 5514 669 5585 5imperium
693 5514 951 5568 accessit.
978 5511 1111 5565 Nam
1139 5513 1360 5567 adultus
1392 5512 1642 5575 Michael,
1676 5513 1818 5567 illius
1848 5515 1963 5564 An-

383 5613 596 5668 dronici
628 5621 756 5664 natu
795 5610 1085 5671 maximus,
1120 5623 1262 5663 unus
1300 5608 1447 5661 inter
1482 5622 1669 5660 omnes
1705 5621 1961 5674 proceres

376 5706 705 5779 excellebat,
759 5702 987 5770 insignis
1032 5703 1305 5756 suavitate
1359 5702 1493 5765 oris,
1547 5700 1959 5757 consuetudinis

377 5791 665 5864 "cotnitate,
713 5813 922 5852 tuorum
971 5795 1237 5865 eiegantiit
1270 5803 1323 5850 et
1352 5794 1679 5849 liberalitate
1733 5795 1955 5865 insuper

2064 5244 2247 5311 Quare
2288 5251 2364 5306 tu,
2424 5243 2507 5294 vir
2553 5239 2990 5302 honoratissime,
3041 5255 3160 5293 eum
3218 5239 3294 5294 sis
3348 5254 3642 5309 generosus

2065 5348 2123 5393 et.
2176 5351 2242 5389 ex
2289 5332 2569 5404 generosis
2602 5332 2887 5395 oriundus,
2919 5331 3274 5400 interroganti
3326 5332 3455 5384 mihi
3490 5330 3637 5401 aperi

2066 5431 2349 5482 veritatem
2379 5442 2391 5477 :
2436 5424 2657 5492 quinam
2694 5433 2869 5476 tecum
2905 5423 3264 5492 conjurarunt
3319 5424 3642 5490 consiliique

2066 5519 2226 5574 istius
2255 5518 2460 5573 conscii
2493 5527 2618 5571 sunt
2649 5524 2704 5568 et
2728 5514 3020 5581 participes
3046 5516 3126 5569 vel
3161 5512 3646 5582 comprobatores?

2073 5613 2179 5677 dic,
2222 5617 2362 5681 quod
2406 5623 2491 5664 res
2519 5620 2624 5677 εει,
2652 5623 2715 5662 ac
2766 5608 2892 5678 juro
2932 5624 3028 5677 per
3070 5607 3349 5663 Chrisutm
3389 5609 3643 5660 Servato-

2070 5719 2185 5757 retn
2238 5715 2438 5763 meum,
2495 5698 2616 5753 illos
2672 5698 2880 5767 legibus
2918 5712 3105 5768 pinnas
3145 5699 3370 5751 daturos
3409 5710 3550 5759 esse,
3587 5703 3643 5749 te

2066 5795 2293 5850 liberum
2313 5791 2428 5848 fore
2452 5789 2518 5845 ab
2547 5790 2692 5847 omni
2719 5791 3032 5859 qttzestionis
3050 5804 3249 5855 genere
3269 5790 3584 5839 immunem.
3617 5804 3637 5836 ι
