4000 6424
402 383 508 444 64!

1633 375 1964 436 GEORGII
2014 377 2438 438 ΡΙΙΠΛΝΤΖΕ

3546 373 3654 437 (ill

401 517 486 559 σε.
521 500 620 552 καὶ
641 494 1007 566 δηλοποίησόν
1041 511 1133 561 μοι
1160 493 1259 558 τὴν
1286 491 1571 559 ἀλήθειαν.
1605 490 1766 548 Τίνες
1799 490 1977 558 ὐπάρ-
2010 502 2048 549 Α
2085 492 2423 560 βερόαρικόν
2461 491 2580 542 ἐστι
2618 488 2680 542 τὸ
2715 488 2946 558 πρᾶγμα
2995 488 3089 540 καὶ
3120 487 3346 549 ἄτοπον,
3380 486 3472 538 καὶ
3519 487 3660 540 ἐθνι-

401 609 561 661 χουσι
619 588 942 658 συνωμόται
1011 588 1108 640 καὶ
1166 585 1485 652 συνίστορες
1535 584 1631 634 καὶ
1687 583 1979 651 συνήγοροι

401 679 503 747 τῆς
537 676 736 748 βουλῆς
760 675 967 743 ταύτης
1001 677 1096 728 καὶ
1131 677 1179 727 οἱ
1241 673 1744 742 συμϐουλεύσαντες
1774 673 1831 724 ἐν
1860 671 1982 722 τού-

398 775 516 840 τῳς
548 771 763 838 Φράεον
801 785 892 837 μοι
927 767 1198 836 τάληθές·
1260 763 1355 817 καὶ
1401 761 1588 832 ὀμνύω
1640 779 1722 815 σοι
1787 764 1844 815 ἐν
1901 761 1979 831 τῷ

399 862 610 932 σωτῆρί
649 879 753 930 μου
783 860 1008 931 Χριστῷ
1037 861 1122 913 ὅτι
1178 859 1333 912 αὐτοὶ
1398 859 1498 926 μὲν
1545 857 1979 926 κολασθήσονται

397 955 520 1014 ταῖς
547 952 642 1005 τοῦ
670 952 840 1021 νόμου
875 952 1109 1015 ποιναῖς,
1153 951 1216 1003 σὺ
1271 949 1328 1002 δὲ
1380 947 1669 1017 ἐλεύθερος
1728 946 1827 1018 ἔσῃ
1872 947 1981 1001 ἀπὸ

398 1045 607 1104 παντὸς
681 1042 1069 1114 πειρατηρίου.
1134 1061 1152 1094 ι
1219 1037 1290 1112 τῼ
1355 1041 1728 1108 ἀπελογίσατο
1777 1035 1974 1104 οὗτος’

405 1155 424 1188 ι
484 1136 628 1204 Ἐγὼ
665 1136 763 1204 μὲν
793 1133 947 1188 είπόν
988 1152 1070 1187 σοι
1104 1133 1200 1188 καὶ
1229 1133 1375 1201 λέγω
1404 1135 1486 1186 ὅτι
1538 1132 1661 1187 οὔτε
1711 1132 1984 1202 ἐνεθυμή-

402 1227 507 1296 θην
543 1230 672 1295 περὶ
706 1231 902 1280 τούτου
942 1228 1186 1292 πώποτε,
1226 1226 1348 1279 οὔτε
1401 1233 1458 1278 ἐν
1489 1230 1554 1296 τῇ
1590 1226 1801 1296 διανοίᾳ.
1835 1227 1982 1295 μουό

401 1323 562 1391 αὐτὸς
594 1324 796 1381 axon“
825 1317 1011 1389 ἦλθεν.
1048 1319 1172 1372 οὔτε
1203 1337 1290 1381 τις
1326 1319 1523 1388 μικρὸς
1553 1319 1582 1388 ἢ
1647 1320 1820 1387 μέγας
1854 1320 1981 1386 περὶ

400 1412 665 1480 τοιαύτης
699 1411 1022 1474 ὑποθέσεως
1059 1412 1293 1481 ἀνέφερέ
1319 1428 1432 1478 μοι.
1465 1411 1558 1472 Ei;
1589 1411 1678 1463 τὸν
1707 1411 1881 1464 αίῶνα
1906 1410 1980 1479 μὴ

400 1505 644 1570 γένοιτο.
679 1505 959 1573 Μάρτυρα
986 1504 1209 1573 χρῶμαι
1240 1503 1332 1555 τὸν
1360 1502 1493 1554 Θεὸν
1525 1503 1618 1554 καὶ
1645 1503 1772 1564 τοὺς
1815 1503 1982 1569 ἀγγέ-

402 1597 528 1651 λους
554 1596 682 1658 τοὺς
712 1598 960 1665 ἀοράτως
997 1595 1450 1665 παρισταμένους
1484 1611 1594 1664 μοι.
1635 1593 1698 1646 Εί
1735 1594 1788 1647 δὲ
1817 1595 1866 1647 οῖ
1890 1612 1981 1646 συ-

401 1687 848 1757 κο-ξαντήσαντές
874 1703 941 1757 με
973 1689 1083 1748 τοῖς
1132 1687 1236 1741 ὠσὶ
1266 1687 1358 1739 τοῦ
1421 1685 1686 1756 βασιλέως
1723 1703 1823 1756 μου
1856 1686 1984 1739 ἐϐά-

405 1795 572 1849 ρυναν
593 1779 767 1849 ψεύδη
800 1779 924 1831 κατ’
967 1778 1105 1847 ἐμοῦ
1163 1779 1259 1832 τοῦ
1289 1779 1483 1833 δούλου
1535 1779 1724 1844 αὑτοῦ,
1779 1781 1875 1831 καὶ
1930 1779 1980 1831 εἰ

394 1873 464 1924 ού
491 1870 781 1924 πιστεύετέ
817 1889 932 1942 μοι,
965 1871 1066 1925 οὐκ
1097 1871 1205 1942 ἔχω
1231 1872 1281 1925 τι
1316 1874 1520 1938 λέγειν.
1557 1872 1626 1924 Ἦ
1659 1873 1744 1935 τίς
1794 1872 1981 1926 ἔσεταί

405 1976 496 2029 μοι
534 1962 750 2030 μάρτυς
770 1963 868 2031 τῆς
901 1960 1170 2030 ἀληθείας
1199 1977 1344 2029 μους
1386 1963 1448 2014 Εί
1487 1961 1584 2032 μὴ,
1643 1957 1688 2014 ὦ
1742 1961 1982 2017 δέσποτά

404 2068 531 2121 μου,
566 2054 764 2120 δέομαί
795 2068 914 2116 σου,
943 2053 1176 2119 ποίησόν
1205 2070 1298 2120 μοι
1330 2053 1513 2122 χάριν.
1550 2053 1723 2107 Βάἳον
1759 2054 1982 2123 σίδηρον

398 2149 459 2198 ἐν
490 2149 557 2216 τῇ
589 2146 753 2214 φλογὶ
786 2147 885 2215 τῆς
942 2148 1206 2214 καμίνου,
1245 2149 1342 2200 καὶ
1386 2147 1550 2201 ἔασον
1603 2148 1771 2201 αὑτὸν
1812 2149 1982 2218 ὑπερ.

404 2239 622 2308 μέτρως
653 2239 942 2307 ἐκκαῆναι,
981 2239 1075 2292 καὶ
1108 2239 1305 2309 φέρετέ
1340 2257 1431 2309 μοι
1465 2241 1646 2305 αὐτὸν,
1679 2240 1774 2292 καὶ
1801 2241 1982 2294 πιάσω

399 2333 518 2393 ταῖς
543 2331 698 2402 χερσί
734 2347 861 2399 μου,
891 2331 983 2383 καί
1011 2329 1296 2401 ἄνθρακας
1319 2331 1494 2401 πυρὸς
1524 2331 1580 2399 9
1630 2331 1726 2383 ἐπὶ
1758 2331 1818 2384 τὸ
1847 2333 1982 2399 στῆ-

399 2424 493 2486 θός
536 2439 637 2492 μου
671 2422 931 2492 θέλξομαι
955 2437 970 2452 ⁸
1002 2426 1096 2475 καὶ
1125 2423 1333 2486 ἐλπίζω
1362 2425 1440 2485 εἰς
1473 2407 1565 2475 τὸν
1605 2424 1739 2478 θεὸν
1769 2426 1861 2476 τὸν
1892 2424 1984 2475 λυ-

397 2514 692 2583 τρώσαντα
737 2516 864 2575 τοὺς
922 2516 1070 2581 τρεῖς
1105 2516 1306 2576 παῖδας
1359 2516 1423 2566 ἐκ
1473 2515 1573 2582 τῆς
1628 2514 1826 2582 φλογὸς
1883 2517 1982 2584 τῆς

399 2606 638 2670 καμίνου
671 2621 684 2634 ’
715 2606 811 2656 καὶ
852 2606 881 2656 ὁ
910 2604 1214 2665 ἀλάοαστος
1250 2603 1342 2656 καὶ
1371 2606 1399 2656 ό
1439 2604 1740 2672 ἀκοίμητος
1772 2607 1982 2668 ἐκεῖνος

397 2695 703 2764 ὀιρθαλμίρς,
740 2697 766 2747 ὁ
798 2697 1036 2764 ἐρευνῶν
1091 2695 1321 2764 καρδίας
1369 2697 1465 2748 καὶ
1511 2699 1765 2766 νεφροὺς,
1825 2688 1982 2760 ἐξδὼς

398 2789 484 2840 δτι
515 2786 634 2838 οἶκε
669 2787 1014 2856 ἐνεθυμήθην
1045 2785 1105 2838 οὖ
1122 2804 1171 2837 τε
1204 2787 1545 2856 ἐλογισάμην
1595 2789 1725 2856 περὶ
1779 2783 1854 2840 ὧν
1912 2806 1980 2856 με

398 2881 633 2948 ἐρωτᾷς.
674 2879 903 2947 φυλάξει
941 2897 1030 2946 με,
1069 2882 1117 2930 εί
1148 2879 1328 2948 τύχοι,
1361 2879 1572 2947 ἀϐλαϐῆ
1625 2881 1688 2931 ἐκ
1743 2880 1838 2932 τοῦ
1878 2895 1984 2932 πυ·

402 2972 497 3040 ρὸς
535 2970 631 3023 τοῦ
666 2973 985 3041 καιομένου.
1030 2989 1048 3022 ›
1085 2971 1252 3040 Λέγει
1282 2971 1340 3022 δέ
1385 2969 1538 3040 αὐτῷ
1572 2973 1600 3024 ό
1631 2971 1932 3035 ἐπίσκοπος
1962 2988 1977 3004 ο

405 3083 424 3114 ι
467 3063 592 3126 Τοῖς
628 3061 926 3131 Ῥωμαίοις
957 3067 1048 3117 καὶ
1087 3068 1201 3128 τοῖς
1226 3066 1410 3134 σοφοῖς
1443 3065 1702 3136 Ἕλλησιν
1732 3063 1832 3117 οὐκ
1863 3065 1982 3118 ἐστι

401 3156 566 3225 νόμος
601 3156 721 3208 οὐδὲ
752 3155 874 3218 ἕθος
933 3157 1022 3208 ῖνα
1086 3156 1419 3226 βασανίζωσι
1473 3159 1601 3221 τοὺς
1654 3157 1981 3226 ἐξεταζομέο

403 3265 554 3314 νευξ,
589 3250 687 3301 καὶ
719 3248 956 3316 μάλιστα
1005 3251 1134 3311 τοὺς
1191 3251 1432 3317 εὐγενεῖς
1479 3248 1782 3311 ὡσαύτωςο
1840 3248 1979 3302 ἀλλὰ

395 3424 496 3480 Cm
549 3425 641 3480 ilte
693 3427 774 3481 sic
807 3426 1124 3497 respondit:
1163 3445 1182 3478 ι
1213 3425 1326 3497 Ego
1356 3435 1406 3482 et
1437 3436 1594 3482 antea
1629 3427 1724 3483 tibi
1749 3428 1881 3496 dixi,
1924 3439 1981 3484 et

401 3533 544 3572 nunc
576 3518 698 3572 dico
743 3521 957 3583 iterum,
987 3534 1086 3572 nec
1128 3519 1303 3587 ipsum
1337 3535 1570 3588 unquam
1604 3535 1688 3574 me
1721 3520 1878 3575 istius
1902 3522 1978 3576 rei

397 3611 718 3679 concepisse
747 3612 1130 3678 COgitationem
1164 3612 1546 3676 consiliumve,
1579 3627 1680 3667 nec
1707 3615 1874 3668 alium
1902 3615 1980 3670 si-

399 3715 466 3754 ve
517 3699 743 3753 humilis
785 3701 899 3753 sive
963 3700 1191 3754 illustris
1227 3701 1558 3756 conditionis
1613 3703 1886 3757 hominem
1914 3707 1981 3758 de

399 3792 490 3846 tali
527 3789 737 3861 negotio
769 3808 977 3845 mecum
1003 3794 1216 3862 egisse:
1254 3795 1414 3863 idque
1455 3797 1658 3848 utinam
1703 3798 1852 3851 nullo
1882 3813 1979 3850 nn-

397 3899 562 3951 quam
599 3883 756 3938 modo
789 3883 902 3941 fiat.
933 3885 1099 3954 Cujus
1129 3886 1202 3940 rei
1243 3888 1624 3943 testesinvoco
1662 3887 1836 3943 Deum
1874 3905 1976 3957 op.

397 3979 588 4032 timum
643 3980 941 4033 maximum
996 3989 1160 4047 atque
1196 3983 1441 4050 angelos,
1497 3988 1587 4050 qui
1641 3983 1798 4037 invisi
1848 3985 1980 4038 mihi

397 4072 632 4126 adstant.
661 4070 862 4137 Quodsi
899 4073 954 4134 ii,
979 4075 1070 4144 qui
1101 4091 1184 4129 tne
1206 4076 1476 4129 criminati
1500 4085 1647 4137 sunt.
1695 4093 1854 4133 aures
1881 4080 1982 4131 im-

402 4163 671 4232 peratoris
724 4166 1023 4220 mendaciis
1076 4165 1366 4220 adversum
1422 4183 1532 4232 me,
1575 4183 1791 4221 servum
1837 4169 1978 4238 ejus,

401 4253 649 4308 confictis
673 4265 992 4316 onerarunt,
1030 4268 1131 4306 nec
1167 4255 1297 4307 nubi
1332 4256 1462 4308 fides
1507 4266 1610 4322 est,
1643 4273 1747 4309 non
1781 4260 1979 4328 habeo,

400 4345 542 4411 quod
571 4343 770 4396 dicam.
799 4343 902 4397 Aut
934 4345 1056 4412 quis
1102 4346 1226 4407 erit,
1279 4345 1368 4412 qui
1403 4361 1528 4400 vere
1570 4364 1655 4400 tne
1687 4349 1872 4405 dicere
1902 4362 1980 4406 tc-

399 4437 614 4490 stetur?
645 4446 1016 4490 verumtamen
1049 4423 1278 4491 Obsecro
1319 4449 1391 4502 te,
1436 4439 1505 4492 mi
1543 4440 1779 4505 domine,
1842 4443 1979 4499 hanc

2081 586 2176 644 κὸς
2206 583 2234 634 ό
2267 582 2453 650 νόμος.
2497 598 2515 632 ι
2553 581 2724 646 Λέγει
2751 578 2807 630 δέ
2832 576 2983 646 αὐτῷ
3007 578 3035 630 ὁ
3061 577 3350 646 Κομνηνός
3376 592 3391 608 ο
3432 593 3450 626 ι
3479 576 3658 636 Ἐπεῖ,

2083 675 2205 742 ἆγιε
2247 674 2507 734 δέσποτα.
2540 673 2640 725 οὐκ
2663 671 2811 724 ἔστιν
2848 669 2968 730 ἐθος
2997 667 3122 722 οὔτε
3155 669 3318 737 νόμος
3362 667 3662 737 Ῥωμαίοις

2081 768 2116 821 δι
2145 763 2301 821 εἶπόν
2332 783 2436 830 σοι,
2472 765 2657 825 καθὼς
2688 764 2893 831 λέγεις,
2917 762 3054 815 ἀλλὰ
3097 762 3205 818 τῶν
3243 760 3536 831 βαρϐάρων
3567 764 3661 811 καὶ

2081 859 2191 911 τῶν
2217 857 2409 922 ἐθνῶν,
2461 856 2617 919 κάγὼ
2645 859 2708 926 τῇ
2744 855 2930 926 χάριτι
2959 853 3052 906 τοῦ
3099 852 3344 923 Χριστοῦ
3403 852 3661 915 ταπεινῖς

2096 950 2373 1019 Ῥωμαῖός
2409 951 2548 1018 είμι,
2582 948 2677 1000 καὶ
2709 946 3046 1016 ἀνακρίνατέ
3102 963 3170 1015 με
3217 945 3313 996 καὶ
3359 942 3658 1009 ἐξετάσατὲ

2087 1060 2176 1112 με,
2205 1043 2256 1096 εί
2289 1045 2354 1112 τῇ
2403 1041 2651 1111 ὑμετέρᾳ
2700 1038 2863 1110 βουλῇ
2897 1037 3129 1106 ἀρεστόν
3169 1039 3308 1097 ἐστι,
3375 1037 3518 1091 κατά
3576 1036 3662 1088 νό-

2087 1153 2221 1205 μους
2261 1136 2559 1203 ⁹Ρωμαίων
2587 1137 2680 1188 καὶ
2714 1133 2833 1200 ἔθη.
2872 1134 2982 1186 Καὶ
3009 1133 3056 1184 εί
3092 1132 3191 1199 μὲν
3221 1131 3466 1198 νομίμως
3488 1129 3662 1190 αῖτιος

2084 1229 2296 1298 εὑρεθῶ
2331 1229 2655 1297 καταδίκης,
2695 1229 2842 1291 ἕλεος
2873 1227 2946 1296 μὴ
2999 1225 3138 1278 ἔστω
3174 1241 3306 1294 μοι·
3369 1226 3418 1276 εί
3449 1223 3507 1276 δὲ
3562 1225 3658 1276 καὶ

2085 1321 2330 1381 ἀναίτιος
2362 1319 2507 1374 κατὰ
2561 1321 2686 1382 τοὺς
2719 1318 2923 1385 νόμους
2978 1316 3161 1379 πάλιν,
3204 1319 3275 1385 μή
3316 1333 3406 1382 μοι
3447 1315 3505 1366 τὸ
3538 1332 3656 1382 κρι-

2083 1415 2294 1481 τήριον,
2321 1415 2414 1464 καὶ
2458 1413 2531 1480 μὴ
2567 1413 2668 1479 δρα
2704 1412 2830 1472 τοὺς
2875 1408 3069 1476 λόγους
3101 1407 3210 1460 τῶν
3248 1407 3656 1474 συκοφαντούν-

2082 1519 2192 1555 των
2234 1520 2298 1571 με
2327 1502 2534 1564 ἀδίκως
2569 1502 2668 1553 καὶ
2707 1499 3040 1570 παραλόγως
3072 1501 3262 1552 ἕνεκεν
3309 1501 3509 1566 φθόνου
3563 1498 3658 1550 καὶ

2084 1597 2285 1668 ἔριδος.
2329 1615 2347 1648 ι
2395 1597 2665 1659 Ἀκούσας
2687 1596 2741 1648 δὲ
2764 1593 2941 1648 ταῦτα
2971 1596 2996 1646 ό
3017 1594 3319 1655 ἐπίσκοπος
3361 1594 3658 1662 ἀναφέρειν

2084 1689 2208 1752 τοὺς
2237 1687 2430 1756 λόγους
2463 1687 2673 1749 πάντας
2703 1686 2779 1756 τῷ
2815 1687 2920 1756 lo
2975 1686 3189 1755 βασιλεῖ
3219 1685 3488 1751 πεποίηκε
3513 1700 3526 1716 ο
3561 1682 3658 1737 καὶ

2085 1781 2254 1834 πάλιν
2290 1781 2581 1846 ἀντέλεγον
2605 1779 2656 1831 οἱ
2688 1779 2932 1847 ἐλέγχειν
2959 1778 3226 1847 ἑτέρωθεν
3254 1777 3656 1846 προτείνοντες.

2015 1843 2060 1901 Β
2099 1867 2240 1918 Ἀλλ’
2275 1868 2375 1919 οὐκ
2426 1843 2732 1935 ἐφάνησαν,
2919 1843 3148 1939 ἀληθείᾳ
3198 1843 3377 1918 ἐδόκει
3439 1867 3530 1919 καὶ
3580 1865 3656 1927 ὡς

2083 1957 2302 2028 ψευδεῖς
2333 1958 2388 2010 αἱ
2413 1957 2662 2011 διαϐολαὶ
2694 1957 2905 2022 ἔδοξαν.
2943 1961 2990 2011 εἰ
3023 1960 3118 2011 καὶ
3145 1957 3531 2026 σχεδιάσαντος
3561 1953 3655 2009 τοῦ

2083 2049 2280 2120 καιροῦ
2311 2051 2405 2103 καὶ
2439 2050 2615 2112 οὕτως
2639 2039 2732 2118 ἦν.
2772 2051 2965 2118 Ὅμως
2996 2051 3023 2100 ό
3055 2049 3311 2120 βασιλεὺς
3340 2047 3654 2117 προστάξας

2083 2145 2323 2211 ἐνόρκως
2348 2142 2650 2212 βεϐαιῶσαι
2684 2144 2766 2196 ὅτι
2797 2143 2853 2195 αί
2889 2141 3136 2195 διαϐολαὶ
3176 2141 3390 2211 ψευδεῖς
3422 2143 3529 2193 είσι
3562 2140 3658 2195 καὶ

2081 2233 2372 2288 οὐπώποτε
2437 2233 2706 2305 ἐϐουλήθη
2752 2235 2977 2302 ποιῆσαι
3025 2233 3062 2288 ἃ
3113 2235 3549 2302 ἐσυκοφαντήοη.
3590 2237 3656 2288 '0

2082 2328 2180 2381 καὶ
2233 2328 2473 2395 ἐγένετο.
2510 2328 2621 2379 Καὶ
2656 2327 2946 2398 ἐλεύθερον
3007 2321 3147 2379 εἶναι
3194 2325 3386 2378 τοῦτον
3436 2325 3657 2379 ἐκέλευε

2085 2437 2180 2471 σεν
2212 2421 2240 2472 ό
2298 2419 2552 2488 βασιλεὺς
2595 2421 2694 2486 τῆς
2743 2419 3042 2490 καταδίκης
3075 2420 3170 2472 καὶ
3217 2420 3454 2486 ὑποψίας
3519 2420 3660 2472 ἀπά-

2085 2528 2183 2576 σης
2219 2515 2311 2564 καὶ
2357 2512 2456 2580 τὴν
2512 2514 2788 2580 προτέραν
2842 2511 3257 2578 ἀπολαμϐάνειν
3314 2512 3501 2582 τιμὴν,
3565 2511 3658 2565 καὶ

2083 2603 2183 2669 τὴν
2211 2605 2515 2672 ἡγεμονίαν
2543 2602 2801 2656 Νικαέων
2829 2604 3135 2672 ἐπέτρεψεν
3189 2604 3351 2656 αὑτὸν
3381 2605 3543 2674 ἔχειν.

2158 2697 2396 2764 Ποιήσας
2435 2697 2490 2749 δέ
2522 2714 2643 2750 τινα
2674 2697 2867 2764 καιρὸν
2899 2699 2956 2750 ἐν
2992 2700 3057 2766 τῇ
3090 2697 3333 2768 Βιθυνίᾳ,
3394 2693 3512 2749 εἶτα
3557 2715 3656 2764 φυ-

2083 2789 2194 2857 γὼν
2256 2790 2622 2858 ἀναχωρήσας
2665 2789 2818 2858 διέϐη
2874 2790 2933 2841 ἐν
2980 2789 3057 2859 τῷ
3119 2789 3512 2858 Ἰκονίῳ-πρὸς
3564 2791 3653 2841 τὸν

2084 2880 2392 2934 σουλτάνον.
2429 2881 2493 2932 Ἦ
2514 2880 2570 2933 δέ
2605 2881 2755 2932 αἰτία
2777 2880 2879 2950 τῆς
2910 2883 3088 2950 φυγῆς
3110 2880 3277 2934 αὑτοῦ
3309 2877 3376 2952 ἦν
3403 2883 3483 2933 ὅτι
3508 2881 3652 2949 ἑώρα

2081 2975 2182 3027 οὐκ
2213 2973 2431 3040 ὀλίγους
2459 2971 2584 3024 καθ’
2609 2973 2851 3039 ἐκάττην
2881 2973 3097 3042 ἡμέραν
3122 2973 3282 3026 πάλιν
3314 2974 3375 3025 ἐκ
3401 2973 3650 3041 δευτέρου

2086 3064 2288 3125 πολλὰς
2319 3065 2561 3133 μηχανὰς
2607 3064 2969 3136 πολυτρόπως
3023 3066 3362 3136 συρράπτειν
3397 3065 3524 3134 περὶ
3555 3064 3654 3118 αύ-

2009 3186 2049 3242 C
2085 3157 2180 3208 τοῦ
2207 3157 2302 3209 καὶ
2331 3156 2702 3226 συκοφαντίας
2747 3157 2884 3226 πρὸς
2922 3158 3016 3208 τὸν
3047 3156 3270 3226 βασιλέα
3299 3157 3484 3209 ἐνεκεν
3519 3156 3652 3223 φθό-

2084 3266 2174 3301 νου
2227 3250 2320 3302 κα“ι
2367 3249 2744 3320 ψιθυρισμοὺς
2780 3249 3008 3312 πολλοὺς
3064 3253 3158 3301 καὶ
3211 3250 3400 3317 λόγους
3455 3248 3650 3319 φθόνου

2081 3426 2238 3490 dicis,
2269 3425 2362 3479 sed
2398 3424 2651 3479 barbaris
2684 3424 3069 3492 gentibusque,
3112 3439 3212 3494 ego
3242 3434 3419 3478 autem
3449 3423 3652 3479 Christi

2082 3531 2305 3570 munere
2341 3515 2560 3570 humilis
2596 3513 2873 3569 Ruinanus
2911 3530 3054 3578 sum,
3115 3517 3422 3569 examinate
3471 3531 3554 3570 tne
3599 3524 3656 3570 et

2081 3610 2136 3662 in
2171 3625 2254 3663 nte
2280 3607 2558 3675 inquirite,
2593 3609 2638 3663 si
2669 3607 2740 3662 ita
2773 3608 2922 3661 vobis
2955 3608 3148 3677 placet,
3179 3608 3470 3661 secundum
3510 3609 3652 3677 leges

2082 3718 2370 3772 moresque
2404 3701 2698 3756 Romanos.
2744 3701 2800 3756 Si
2861 3702 3097 3769 legitime
3151 3703 3373 3755 videbor
3407 3702 3485 3755 cri
3510 3725 3520 3752 l
3548 3703 3653 3755 inis

2084 3812 2209 3851 reus
2265 3810 2412 3858 esse,
2455 3810 2521 3848 ne
2576 3804 2692 3848 esto
2754 3794 2938 3860 mitis;
2977 3794 3059 3848 sin
3109 3810 3172 3847 ex
3218 3794 3407 3848 iisdem
3450 3794 3654 3860 legibus

2055 3905 2188 3943 -non
2225 3903 2371 3950 reus,
2411 3903 2477 3941 ne
2511 3897 2700 3940 vocato
2739 3901 2822 3938 me
2856 3887 2909 3939 in
2937 3879 3200 3956 judicium
3257 3902 3356 3940 neu
3395 3890 3651 3954 respicite

2081 3993 2362 4033 sermones
2393 3975 2696 4039 hominum,
2733 3975 2824 4044 qui
2859 3977 3040 4044 inique
3076 3978 3203 4030 mihi
3237 3993 3300 4030 ac
3346 3992 3535 4046 praeter
3564 3994 3652 4030 ra-

2083 4069 2282 4124 tionem
2331 4070 2657 4134 ohtrectant,
2719 4069 2918 4123 invidia
2970 4069 3227 4121 commoti
3276 4070 3652 4122 etmmulazio-

2085 4175 2171 4213 ne.
2206 4178 2223 4208 ι
2261 4157 2355 4213 His
2388 4160 2590 4214 auditis
2626 4151 2914 4230 episcopus
2944 4160 3007 4212 ad
3051 4159 3428 4227 imperatorem
3460 4171 3656 4213 eunt-ta

2084 4252 2377 4304 renuntiat.
2410 4250 2619 4305 liurSus
2645 4261 2835 4305 eontra
2867 4251 3070 4315 dicunt,
3097 4254 3184 4317 qui
3233 4253 3434 4305 crimen
3465 4251 3536 4304 illi
3575 4253 3656 4304 in-
3702 4303 3724 4321 ,

2082 4342 2393 4396 tendebant.
2451 4342 2522 4396 At
2575 4357 2680 4394 non
2739 4341 3060 4395 videbantur
3127 4356 3253 4394 vere
3310 4343 3511 4404 dicere,
3558 4345 3656 4394 Sed

2083 4435 2485 4489 commenticiis
2510 4435 2584 4488 uti
2618 4434 2928 4495 calun'miis,
2959 4435 3174 4486 etiamsi
3199 4431 3439 4503 \mstea,
3477 4435 3658 4487 conci-

402 4527 534 4582 ntihi
583 4527 1012 4582 benevolentiam
1070 4537 1288 4594 pra-sta,
1325 4540 1383 4580 ut
1420 4526 1622 4582 ferrum
1679 4533 1728 4584 in
1779 4532 1975 4585 camini
2011 4535 2054 4590 D
2085 4526 2254 4580 liante
2296 4539 2558 4596 tempore,
2596 4541 2682 4582 res
2720 4529 2792 4580 ita
2827 4532 3019 4582 evenit.
3053 4524 3434 4581 Verumtamen
3469 4531 3658 4581 decre-

400 4619 647 4675 flammas
677 4623 991 4688 conjectum
1029 4630 1082 4674 et
1115 4619 1253 4674 bene
1300 4621 1681 4676 candefactum
1718 4623 1848 4677 mihi
1882 4639 1979 4693 ap-

399 4721 679 4782 portetur:
717 4713 966 4768 manibLS
995 4713 1126 4767 illud
1183 4717 1430 4768 tractabo
1473 4730 1788 4786 primasque
1818 4718 1869 4770 in
1907 4719 1982 4772 si-

402 4820 528 4860 num
587 4805 902 4870 immittam,
951 4805 1058 4860 Deo
1093 4803 1354 4870 conlisus,
1398 4807 1488 4874 qui
1538 4819 1647 4863 tres
1698 4825 1896 4877 pueros
1923 4811 1978 4864 itt

399 4893 628 4948 ardente
659 4893 880 4949 fornace
913 4895 1168 4950 servavit.
1197 4894 1444 4966 Namque
1469 4899 1661 4952 oculus
1682 4901 1770 4955 ille
1796 4902 1977 4956 omni-

399 4995 564 5041 tuens
595 5001 918 5056 semperque
953 4987 1099 5056 vigil,
1158 4989 1250 5058 qui
1293 4999 1570 5043 scrutatur
1603 4991 1770 5046 corda
1798 5001 1852 5045 et
1885 5008 1974 5047 re-

401 5093 518 5143 nes,
552 5094 639 5145 ea,
678 5094 796 5147 qua:
825 5079 1153 5150 interrogor,
1183 5095 1268 5134 me
1291 5097 1392 5136 nec
1441 5082 1628 5136 animo
1661 5088 1978 5154 concepisse

399 5186 498 5226 nec
541 5172 856 5225 meditatum
887 5187 1011 5226 esse
1036 5173 1184 5227 novit
1212 5185 1374 5241 atque
1405 5174 1632 5228 illaesum
1667 5191 1772 5239 me,
1812 5177 1854 5230 si
1884 5192 1976 5231 vo-

401 5263 585 5326 luerit,
651 5257 933 5332 praestabit
957 5277 986 5315 a
1020 5263 1068 5317 vi
1099 5263 1260 5330 ignis.
1291 5282 1309 5315 ι
1346 5262 1599 5320 Occurrit
1631 5268 1924 5338 episcopus
1956 5286 1972 5324 :

406 5374 425 5407 ι
471 5355 734 5410 Romanis
767 5365 821 5409 et
853 5356 1192 5424 sapientibus
1250 5357 1456 5412 Cra-cis
1515 5374 1615 5414 nec
1675 5359 1816 5430 lege,
1875 5346 1975 5418 nec

400 5463 552 5503 more
583 5457 854 5515 receptum
885 5457 987 5506 est.
1023 5462 1081 5503 ut
1114 5464 1254 5514 reos,
1276 5451 1488 5506 nobiles
1517 5456 1845 5520 prtesertim,
1878 5471 1972 5510 ex-

395 5548 703 5608 torqueant.
763 5537 1034 5594 Barbarus
1094 5540 1198 5595 iste
1228 5559 1343 5598 mos
1381 5554 1465 5598 est
1493 5553 1548 5599 et
1577 5544 1820 5600 nefastus
1854 5548 1972 5616 pla-

394 5648 569 5702 neque
598 5633 837 5701 gentilis.
873 5652 892 5686 i
921 5630 1020 5688 Hic
1051 5634 1381 5691 Comnenus.
1419 5655 1436 5689 ι
1465 5638 1760 5706 Quoniam,
1791 5640 1971 5694 domi-

391 5739 459 5778 ne
492 5725 823 5788 venerande,
858 5723 1056 5792 inquit,
1085 5722 1346 5780 Romanis
1379 5727 1452 5792 id,
1479 5729 1622 5797 quod
1675 5729 1842 5793 volui,
1873 5745 1971 5786 nec

391 5813 605 5885 legibus
647 5831 748 5874 nec
799 5816 1042 5872 moribus
1076 5820 1345 5875 sancitum
1399 5831 1502 5888 est,
1538 5831 1594 5876 ut
1635 5829 1691 5876 tu
1745 5823 1964 5891 quidem

2084 4620 2160 4671 vit
2185 4619 2505 4686 imperator,
2542 4630 2603 4672 nt
2665 4621 2784 4672 illas
2815 4634 2989 4672 meras
3027 4634 3146 4673 esse
3201 4619 3517 4681 calumnias,
3558 4634 3658 4673 nec

2084 4727 2319 4777 unquam
2357 4728 2414 4765 se
2449 4713 2694 4765 molitum
2723 4727 2862 4775 esse,
2901 4713 2966 4766 de
2995 4727 3101 4778 quo
3134 4721 3474 4779 argueretur,
3499 4712 3654 4780 jure-

2079 4803 2313 4874 jorando
2345 4804 2666 4873 interposito
2703 4803 2931 4858 Michael
2953 4813 3314 4858 asseveraret.
3352 4804 3464 4868 Quo
3490 4805 3652 4880 facto,

2079 4911 2205 4950 eum
2224 4899 2526 4952 etcrimine
2553 4907 2608 4952 ct
2637 4898 2947 4966 suspicione
2976 4898 3122 4951 omni
3155 4898 3516 4951 liberi-messe
3543 4897 3655 4966 pri-

2080 4991 2346 5052 stinisque
2378 4991 2672 5046 honoribus
2711 4993 2920 5046 restitui
2977 4991 3160 5062 jussit,
3192 5007 3256 5047 ac
3288 4992 3524 5062 praefecit
3560 4994 3643 5045 in-

2079 5097 2246 5147 super
2275 5084 2477 5136 civitati
2519 5082 2899 5138 Nicaeensium.

2150 5175 2621 5230 Commctnoratns
2669 5175 2982 5244 aliquandiu
3037 5177 3086 5230 in
3123 5175 3373 5246 Bithynia
3425 5174 3652 5228 Michael

2080 5283 2200 5321 mox
2239 5267 2359 5336 fuga
2413 5282 2471 5322 se
2501 5267 2744 5322 lconimn
2787 5269 2852 5320 ad
2906 5268 3185 5322 sultanum
3221 5268 3450 5336 recepit.
3483 5266 3653 5336 Cujus

2077 5358 2217 5430 fugae
2248 5375 2414 5414 causa
2445 5370 2588 5423 erat,
2634 5361 2775 5427 quod
2811 5375 3002 5414 rursus
3050 5375 3157 5413 non
3195 5373 3399 5427 paucos
3432 5357 3535 5410 sibi
3566 5359 3652 5410 in-

2078 5452 2230 5505 vidos
2266 5452 2467 5505 multas
2502 5451 2747 5522 quotidie
2789 5451 3071 5508 machinas
3096 5451 3355 5519 dolosque
3386 5449 3527 5518 apud
3551 5449 3652 5502 im-

2076 5554 2385 5613 peratorem
2427 5554 2644 5598 struere
2698 5545 3189 5605 animadvertebat,
3234 5553 3289 5597 et
3335 5557 3496 5596 aures
3531 5542 3651 5610 ejus

2077 5639 2348 5694 sentiebat
2387 5636 2868 5692 susurrationibus
2912 5637 3368 5704 sermonibusque
3402 5633 3653 5700 malignis

2074 5733 2482 5801 circmnstrepi,
2521 5742 2684 5799 atque
2730 5729 3112 5801 imperatorem
3165 5741 3423 5800 perpetuo
3449 5739 3650 5781 «contra

2074 5839 2134 5880 se
2155 5825 2398 5879 meditari
2427 5822 2694 5894 supplicia
2713 5823 3072 5895 intelligebat.
3095 5819 3457 5889 Quamobrem
3480 5818 3648 5890 quieti
