4000 6508
1004 409 1049 432 ‘3'

320 435 427 503 649

1374 436 1820 500 CHRONICUN
1860 436 2132 497 MAJUS.
2178 460 2236 471 --
2261 433 2412 495 LIB.
2450 434 2501 497 Ῑ.
2811 441 2850 488 ι’

3294 462 3303 469 ο
3358 476 3367 482 .
3473 425 3580 490 67.0

317 549 415 605 καὶ
436 546 489 601 οι
517 545 589 599 τὰ
612 546 844 600 παντοῖα
870 544 1019 599 κακᾶ
1042 545 1466 617 συρράπτοντες,
1486 545 1581 601 καί
1609 563 1757 610 τινες
1784 544 1895 599 τῶν
1924 553 1968 611 Α
1996 545 2139 598 κατά
2183 543 2389 615 κράτος
2426 542 2753 613 νικήσαντες
2783 538 2945 593 αὑτὸν
2965 539 3014 592 οἱ
3060 538 3321 607 Ῥωμαῖοι
3352 538 3584 602 πολλοὺς

322 645 381 703 ἐν
415 641 545 712 δόξῃ
578 641 675 694 καὶ
719 640 913 707 γένους
958 638 1099 713 [καὶ]
1154 640 1501 711 λαμπρότητι
1535 640 1899 710 ὑπερέχοντες

325 734 656 797 καθίσαντες
684 735 849 787 αὐτὸν
877 735 969 787 ἐπὶ
1009 734 1239 800 ἀσπίδος
1271 733 1499 805 βασιλέα
1534 732 1901 803 ἀναγορεύου-

326 847 434 884 σιν.
474 828 738 888 ’Δκούσας
755 827 809 878 δὲ
834 826 864 878 6
891 829 1239 898 πατριάρχης
1278 827 1557 897 Ἀρσένιος
1589 826 1691 893 τήν
1721 824 1904 879 τοιαύ-

324 940 428 993 την
451 919 774 992 παράνομον
811 921 1178 991 ἀναγόρευσιν
1220 918 1374 988 ξίφος
1409 919 1485 981 ὡς
1541 918 1715 971 εἰπεῖν
1745 917 1905 988 χαλε-

329 1015 436 1067 πὸν
487 1012 710 1076 ἐδέξατο
749 1013 892 1065 κατὰ
942 1013 1045 1080 τῆς
1079 1012 1331 1081 καρδίας,
1380 1013 1474 1064 καὶ
1519 1013 1576 1062 ὲν
1610 1008 1905 1080 ἀφορισμῷ

330 1105 597 1178 φρικῶδει
631 1105 984 1158 καθυπέσαλε
1039 1105 1166 1168 τούς
1201 1121 1258 1156 τε
1298 1102 1776 1173 ἀναγορεύσαντας
1810 1102 1905 1154 καὶ

329 1199 425 1250 τὸν
478 1196 924 1267 ἀνηγορευμένον
973 1197 1048 1259 ὡς
1084 1195 1373 1267 ἐπιόρκους
1420 1197 1516 1248 καὶ
1556 1194 1907 1261 παρανόμους

331 1293 427 1344 καὶ
454 1291 728 1354 ἐπιϐάτας
753 1290 849 1344 καὶ
876 1289 1169 1352 δυνάστας.
1206 1291 1438 1343 Ἔπειτα
1475 1287 1909 1356 βουλευσάμενος

331 1385 390 1435 ἔν
425 1384 490 1452 τῇ
522 1382 732 1450 διανοίᾳ.
761 1383 855 1434 καὶ
901 1382 1044 1451 μετά
1078 1394 1240 1434 τινων
1270 1380 1370 1450 τῆς
1404 1380 1714 1449 συγκλήτου
1750 1380 1909 1448 ίερωυ

335 1472 516 1541 μένων
536 1488 596 1523 τε
626 1470 722 1524 καὶ
744 1470 976 1532 λαῖκῶν,
1006 1469 1217 1542 βέλτιον
1248 1469 1498 1541 ήγήσατο
1526 1472 1710 1539 ὅρκοις
1735 1469 1941 1537 ἀσφα--

333 1564 588 1627 λίσασθαι
641 1562 1107 1631 φρικωδεστάτοις
1135 1562 1235 1645 τῂν
1281 1562 1379 1616 τοῦ
1412 1561 1600 1624 παιδὸς
1635 1559 1798 1632 ζωήν,
1836 1559 1912 1629 μὴ
1948 1642 1955 1645 _

332 1662 523 1731 χεῖρας
553 1657 792 1726 ἐπιϐάλῃ
818 1655 1113 1726 ἐπιϐουλῆς
1145 1640 1285 1727 μήτε
1317 1645 1790 1727 παρευδοκίμῆσιν
1813 1653 1914 1723 τῆς

310 1750 614 1822 -βασιλείας
659 1749 827 1802 αὐτοῦ
876 1749 910 1819 ἢ
942 1747 1240 1819 ὑστέρησῐν
1285 1766 1407 1802 τινα
1440 1746 1745 1818 ὲνθυμηθῇ.
1806 1747 1914 1798 Kal.

333 1840 508 1904 οὕτως
558 1842 828 1908 ἐγεγόνει,
860 1841 958 1893 καὶ
988 1840 1212 1911 Μιχαὴλ
1238 1840 1331 1893 τὸν
1362 1840 1652 1910 Κομνηνὸν
1682 1838 1915 1897 οἰκείαις

2002 636 2421 709 ᾐχμαλώτισαν,
2457 635 2514 686 ὲν
2555 627 2635 695 οἷς
2662 626 2740 696 εἷς
2788 628 2856 701 ἦν
2894 630 3003 684 τῶν
3034 629 3401 700 αἰχμαλώτων
3431 630 3459 681 ό
3483 629 3586 694 τῆς

2002 725 2418 793 Πελοποννήσου
2445 721 2539 776 καὶ
2585 720 2806 790 ’Δχαΐα;
2838 719 3097 789 πρίγκιψ.
3142 721 3251 774 Kal.
3275 721 3355 780 είς
3377 718 3586 789 ὥνησιν

2001 818 2103 884 τῆς
2134 815 2451 885 ἐλευθερίας
2499 813 2668 866 αὐτοῦ
2697 813 2725 866 ό
2762 811 3002 881 πρίγκιψ
3048 811 3367 882 ἐδωρήσατο
3395 811 3590 881 χώρας

2005 912 2154 981 τρεῖς
2177 911 2276 972 τὰς
2311 908 2670 979 ἰσχυροτέρας
2698 906 2800 975 τῆς
2825 906 3237 975 Πελοποννήσου
3261 905 3340 977 τῷ
3377 904 3594 976 βασιλεῖ

2019 1003 2328 1071 Ῥωμαίων,
2383 1004 2485 1072 τήν
2517 1019 2577 1054 τε
2631 1001 3024 1071 Μονεμῦασίαν
3069 1003 3168 1054 καὶ
3213 999 3282 1053 τὰ
3317 1000 3593 1068 Λεῦκτρα

2009 1095 2246 1164 Μαῖνης,
2281 1094 2316 1165 ἢ
2360 1094 2457 1147 καὶ
2480 1090 2753 1164 Ταιναρία
2795 1092 2969 1146 πάλαι
3000 1091 3149 1161 ἄκρα
3178 1093 3430 1157 ἐκαλεῖτο
3458 1092 3593 1161 παρ’

2012 1188 2265 1260 Ἕλλησι,
2318 1188 2414 1241 καὶ
2448 1188 2548 1256 τὴν
2604 1187 2930 1256 Λακωνικὴν
2968 1185 3253 1256 Σπάρτηνῖ
3284 1186 3391 1238 Καὶ
3420 1183 3599 1246 οὕτως

2011 1283 2177 1336 πάλιν
2202 1283 2252 1335 oi
2287 1280 2552 1351 Ῥωμαῖοι
2576 1281 2633 1332 ἒν
2676 1283 2788 1342 τοῖς
2818 1280 3229 1349 Πελοποννήσου
3259 1281 3418 1347 χεῖρα
3465 1278 3598 1331 ἐπέ-

2011 1372 2195 1440 6αλον,
2230 1373 2327 1426 καὶ
2368 1370 2428 1436 ἐξ
2477 1372 2659 1426 αὐτῶν
2695 1372 2804 1425 τῶν
2830 1371 2999 1439 τριῶν
3027 1371 3122 1424 καὶ
3146 1370 3338 1424 ἆπασα
3376 1370 3410 1440 ἡ
3436 1369 3602 1438 νῆσος

2023 1464 2324 1535 Ῥωμαίοις
2371 1465 2613 1533 ἐγεγόνει
2641 1464 2717 1526 ὠς
2762 1466 2859 1519 κοιλ⁹
2902 1464 2964 1516 τδ
3014 1463 3283 1533 πρότερον
3332 1457 3424 1533 ἦν,
3465 1463 3603 1529 πλήν

2014 1558 2213 1627 ὀλίγων
2248 1559 2531 1630 φρουρίων
2591 1559 2687 1610 καὶ
2739 1557 2934 1626 χωρῶν
2969 1548 3044 1609 ὧν
3097 1557 3131 1626 ή
3171 1555 3605 1627 ἀριστοκράτεια

2012 1652 2124 1708 τῶν
2169 1652 2406 1707 Ἑνετῶν
2433 1654 2710 1727 ἐγκρατὴς
2746 1653 2992 1722 ἐγένετο.

2086 1745 2195 1799 Καὶ
2225 1745 2389 1799 πάλιν
2418 1732 2583 1815 ἑτέρα
2607 1744 2733 1816 νίκη
2772 1745 3082 1817 περιφανής
3108 1747 3202 1801 καὶ
3238 1743 3454 1816 μεγάλη
3514 1742 3608 1794 καὶ

2016 1836 2145 1900 ἀξία
2177 1837 2402 1906 μνήμης
2424 1835 2649 1890 αἰωνίου
2679 1838 2737 1889 ὲν
2761 1837 2839 1907 τῷ
2861 1836 3053 1909 κόσμῳ
3082 1839 3197 1900 τοῖς
3221 1838 3437 1908 καιροῖς
3466 1835 3611 1888 ὲκεί-

335 1934 528 2005 χερσὶν
550 1935 578 1986 ὁ
608 1934 953 2002 πατριάρχης
988 1910 1283 2002 διαδήματι
1306 1932 1499 2002 ἐστεψε
1527 1933 1604 2003 τῷ
1629 1931 1915 2002 βασιλικῷ,
1953 1910 1991 1963 Β
2022 1938 2132 1985 νοις
2163 1925 2430 1991 ἐγεγόνει.
2449 1925 2558 1977 Τὸν
2573 1924 2683 1994 γὰρ
2702 1916 2962 1994 Κοῐίσαρα
3000 1924 3240 1993 Ἀλέξιον
3266 1925 3357 1978 τὸν
3376 1921 3610 1992 ἐπίκλην

337 2029 430 2081 καὶ
456 2028 517 2081 οῦ
542 2029 642 2098 τὴν
680 2027 1113 2098 αὐτοκρατορίαν
1142 2028 1407 2097 διηνεκῶς
1436 2026 1763 2098 χαρίζεταιν
1781 2025 1921 2080 ἀλλὰ

335 2112 424 2174 διὰ
455 2121 522 2175 τι
553 2121 838 2189 συμσόιντα
867 2119 962 2171 τοῦ
1001 2119 1195 2185 καιροῦ
1221 2161 1235 2181 ,
1273 2120 1370 2172 καὶ
1400 2119 1511 2172 τῶν
1570 2119 1919 2189 πραγμάτων

338 2212 783 2283 ἀναγκαζόντων,
808 2211 903 2263 καὶ
928 2210 1206 2281 διοικητὴν
1225 2210 1391 2263 αὑτὸν
1423 2212 1569 2264 ποιεί
1603 2211 1741 2280 μετά
1770 2210 1921 2273 ἐξου-

345 2304 471 2368 σίας
502 2302 814 2375 βασιλικῆς,
854 2300 1044 2372 μέχρις
1083 2303 1110 2354 ό
1149 2302 1248 2372 τῆς
1281 2301 1558 2372 βασιλείας
1583 2301 1920 2371 κληρονόμος

339 2395 624 2465 όγνήσιος
679 2394 779 2448 καὶ
821 2394 1068 2464 διάδοχος
1105 2393 1290 2466 φθάσῃ
1335 2395 1393 2447 ἐν
1448 2393 1529 2462 τῷ
1583 2395 1962 2476 προσήκοντιο

342 2485 520 2557 καιρῷ
545 2501 560 2518 ·
589 2487 712 2540 τότε
753 2486 813 2540 δὲ
848 2486 1258 2557 παραχωρῆσαι
1297 2484 1407 2538 τῶν
1435 2485 1921 2556 αὑτοκρατορικιῖιν

346 2579 575 2649 θρόνων,
607 2577 702 2632 καὶ
730 2578 841 2632 τῶν
866 2578 1071 2648 ἑτέρων
1098 2578 1357 2632 ἁπάντων
1394 2575 1694 2646 βασιλικῶν
1725 2560 1922 2647 cupida

347 2677 472 2724 λων.
503 2671 612 2724 Kal
639 2668 745 2723 ἀνά
780 2669 944 2740 μέσον
988 2668 1196 2723 τούτων
1236 2668 1399 2723 πάλιν
1428 2664 1585 2732 αὖθις
1617 2667 1769 2739 ὅρκοι
1797 2685 1919 2738 φρι-

349 2758 681 2813 κωδέστατοι
710 2758 821 2813 τῶν
847 2760 1132 2830 προτέρων
1158 2757 1460 2814 ἐτελοῦντο.

423 2851 525 2921 l7
565 2849 1015 2920 Ἀναζωσάμενος
1072 2849 1263 2922 δὲτὴν
1301 2852 1432 2922 ὃλην
1487 2849 1793 2923 βασιλείαν,
1827 2854 1927 2908 καὶ

348 2942 589 3012 πολέμου
622 2942 864 3012 μεγάλου
895 2943 1308 3014 συμϐεϐηκότος
1341 2947 1447 2998 ἀνὰ
1480 2947 1596 2999 ’τῶν
1635 2933 1926 3017 Ῥωμαίων

349 3036 446 3089 καὶ
470 3035 568 3088 τοῦ
600 3037 701 3104 τῆς
729 3036 997 3099 Αἰτωλίας
1030 3037 1125 3091 καὶ
1168 3039 1428 3108 Ἠπείρου
1461 3038 1795 3110 κρατοῦντος
1816 3041 1925 3094 Μι-

314 3160 315 3163 η
349 3126 492 3196 χαὴλ
515 3112 608 3181 τοῦ
633 3128 921 3195 δεσπότου,
945 3129 1163 3201 ἔχοντος
1192 3132 1288 3184 καὶ
1319 3135 1649 3203 συμμάχους
1683 3135 1810 3198 τοὺς
1831 3134 1927 3189 δύο

2021 2015 2527 2087 Στρατηγόπουλον,
2551 2016 2609 2081 ὃς
2632 2018 2727 2072 καὶ
2758 2016 2828 2071 τὰ
2860 2017 3101 2089 ῥηθέντα
3124 2018 3424 2089 νικητήρια
3471 2004 3577 2069 Ῥέη
3599 2045 3607 2051 -

2024 2106 2211 2176 μαίοις
2271 2109 2502 2178 ἐποίησε
2533 2108 2678 2163 κατά
2740 2108 2834 2162 τοῦ
2872 2109 2972 2178 τῆς
3028 2110 3136 2181 18
3189 2111 3455 2172 Αἰτωλίας
3513 2109 3612 2162 καὶ

2036 2200 2299 2268 Ἠπείρου
2357 2200 2737 2267 δεσπόζοντος,
2786 2200 3007 2267 στείλας
3063 2203 3227 2257 πάλιν
3279 2205 3306 2256 6
3354 2201 3612 2272 βασιλεῦς

2023 2293 2166 2345 κατὰ
2193 2290 2289 2349 τοῦ
2334 2293 2645 2348 ἀποστάτου
2694 2294 2933 2366 Μιχαὴλ,
2988 2295 3112 2360 δοὺς
3146 2295 3296 2365 αὖτῷ
3323 2313 3479 2357 τινας
3511 2295 3613 2360 τῆς

2022 2382 2132 2435 τῶν
2159 2383 2404 2436 Βιθυνῶν
2438 2385 2635 2456 μοίρας
2652 2386 2786 2441 ὡσεὶ
2816 2390 3213 2451 όκτασκοσίους
3248 2389 3486 2452 ἱππότας
3516 2389 3614 2442 καὶ

2025 2474 2247 2543 ἑτέρους
2280 2473 2623 2542 στρατιώτας
2660 2475 2877 2544 ὀλίγους
2900 2478 3128 2549 Θρᾷκας
3155 2479 3245 2531 καὶ
3266 2479 3611 2539 Μακεδόνας.

2034 2564 2094 2617 Ὀ
2123 2564 2179 2616 δὲ
2212 2566 2433 2635 Καῖσαρ
2465 2565 2635 2620 θέλων
2658 2569 2913 2638 περᾶσαι.
2932 2571 3128 2633 νυκτὸς
3150 2572 3288 2642 μετά
3316 2573 3410 2626 τοῦ
3442 2590 3612 2642 στρα-
3668 2554 3683 2573 κ

2026 2653 2122 2707 τοῦ
2153 2656 2218 2708 ὲκ
2249 2655 2342 2708 τοῦ
2380 2657 2581 2726 μέρους
2613 2658 2712 2729 τῆς
2761 2660 2973 2721 πόλεως
3015 2661 3196 2730 ὀλίγον
3228 2652 3420 2733 ἐγγὺς,
3468 2666 3612 2718 κατὰ

2028 2751 2333 2819 συγκυρίαν
2361 2753 2698 2825 συνήντησεν
2741 2757 2926 2819 αὐτοῖς
2957 2759 3186 2827 γηραιός
3216 2775 3300 2822 τις
3328 2759 3468 2830 ἀνήρ
3487 2779 3500 2791 ·
3536 2761 3643 2821 ὡς’

2025 2842 2085 2896 δὲ
2117 2838 2260 2896 εῐδον
2295 2844 2460 2898 αὐτὸν
2493 2845 2544 2897 οἱ
2602 2847 2960 2917 στρατιῶται,
2996 2850 3206 2920 ἤγαγον
3258 2852 3428 2905 αὐτὸν
3476 2854 3619 2924 πρὸς

2027 2938 2120 2993 τὸν
2150 2938 2428 3008 Καίσαρα.
2454 2940 2624 3007 Λέγει
2647 2938 2705 2993 δὲ
2743 2939 2892 3011 αὑτῷ
2915 2942 2942 2994 6
2966 2943 3205 3014 Καῖσαρο
3242 2963 3259 2994 ι
3286 2943 3456 2997 Πόθεν
3482 2945 3620 3018 ἔρχῃ

2030 3029 2125 3083 καὶ
2153 3029 2259 3082 ποῦ
2290 3030 2536 3101 πορεύῃ;
2570 3051 2589 3085 ι
2628 3027 2767 3086 Elite
2797 3033 2852 3087 δὲ
2884 3034 2913 3087 6
2944 3034 3146 3104 γέρωνο
3180 3056 3199 3087 r
3253 3036 3348 3090 Ἐκ
3374 3037 3475 3106 τῆς
3519 3038 3620 3092 πό-

2029 3121 2189 3185 λεως.
2227 3141 2246 3174 ι
2284 3122 2449 3192 Λέγει
2481 3125 2632 3197 αὐτῷ
2667 3125 2696 3178 6
2743 3126 2959 3198 Καῖσαρ
2997 3145 3017 3179 t
3050 3128 3162 3182 Οὐκ
3189 3128 3337 3183 ἔστιν
3378 3130 3559 3200 ἀληθῆ
3583 3132 3621 3185 ἃ

352 3217 641 3288 γαμϐροὺς
669 3219 840 3275 αὐτοῦ
865 3221 959 3274 τὸν
989 3222 1089 3291 τῆς
1123 3222 1378 3286 Σικελίας
1424 3226 1567 3295 ρἦα
1602 3226 1803 3297 Μαφρὲ
1831 3228 1927 3280 καὶ
1956 3245 1997 3301 c
2030 3214 2213 3281 λέγεις
2236 3230 2250 3245 ’
2281 3217 2475 3280 νυκτὸς
2498 3214 2667 3287 οὔσης
2693 3217 2811 3281 πῶς
2841 3217 3062 3290 ἐξῆλθες
3088 3220 3197 3274 τῶν
3224 3222 3456 3295 τειχῶνς
3493 3242 3513 3274 ι
3559 3222 3620 3275 ὐ

355 3306 452 3362 τὸν
471 3308 573 3391 τῆς
605 3308 1016 3382 Πελοποννήσου
1054 3315 1150 3368 καὶ
1196 3313 1422 3385 Ἀχαΐας
1480 3319 1758 3387 πρὶγκιπα
1783 3333 1800 3351 ο
1838 3321 1936 3373 καὶ

351 3495 598 3554 omnium
646 3482 1217 3554 machinatores'tum
1254 3498 1346 3556 alii
1395 3500 1642 3557 nonnulli
1691 3503 1938 3562 homines

352 3591 685 3647 auctoritate
714 3602 771 3647 et
802 3592 1016 3662 generis
1067 3589 1354 3660 splendore
1401 3593 1642 3652 illustres
1696 3597 1937 3654 Michae-

355 3683 460 3739 lem
490 3684 544 3739 in
606 3683 854 3756 clypeum
905 3688 1183 3742 sublatum
1247 3687 1634 3758 imperatorem
1683 3694 1940 3747 consalu-

360 3781 490 3830 tant.
532 3775 649 3843 Qua
701 3789 982 3859 comperta
1041 3780 1267 3850 injuria,
1322 3780 1586 3836 Arseuius
1631 3785 1939 3854 patriarcha

355 3869 508 3936 quasi
564 3868 804 3939 gladium
835 3871 939 3926 sibi
985 3872 1036 3925 in
1080 3873 1398 3941 praecordia
1439 3874 1600 3946 deligi
1634 3878 1829 3942 sensit,
1853 3888 1937 3932 at-

354 3973 460 4029 que
487 3962 849 4018 exsecrationi
895 3964 1142 4019 horribili
1178 3964 1412 4035 subjecit
1455 3977 1512 4022 et
1537 3983 1660 4024 eum
1694 3970 1786 4037 qui
1810 3984 1941 4024 con-

158 4108 167 4123 f
232 4064 245 4070 '
354 4049 624 4107 salutatus
642 4061 761 4107 erat
791 4052 1112 4121 imperator,
1155 4064 1211 4108 et
1244 4071 1273 4108 a
1298 4056 1500 4125 quibus
1537 4067 1656 4113 erat
1683 4061 1938 4114 consalu-

358 4148 522 4204 tatus,
558 4148 615 4192 ut
642 4139 890 4196 homines
931 4141 1184 4211 perjuros
1224 4153 1285 4198 et
1333 4142 1566 4211 injustas
1623 4146 1940 4201 seditiosos-

352 4245 482 4303 que.
507 4229 710 4286 Deinde
738 4246 799 4288 re
830 4233 973 4301 apud
996 4247 1057 4288 se
1095 4235 1366 4304 pensitata
1406 4245 1461 4291 et
1488 4236 1784 4314 deliberata
1816 4254 1938 4292 cum

354 4324 676 4392 proceribus
719 4324 995 4382 nonnullis
1026 4335 1138 4381 tum
1167 4327 1352 4382 clerici
1382 4334 1493 4382 tu‘tn
1532 4328 1656 4384 latci
1707 4330 1937 4395 ordinis,

356 4413 531 4468 satius
578 4415 951 4472 arbitrabatur
997 4421 1358 4475 sacramentis
1393 4420 1736 4491 gravissimis
1779 4423 1939 4492 pueri

360 4506 500 4561 tueri
534 4510 725 4573 vitam,
758 4521 828 4563 ne
860 4509 1092 4565 Michael
1117 4512 1192 4566 illi
1214 4511 1573 4569 insidiaretur
1605 4529 1743 4571 neve
1764 4515 1938 4589 impe-

2038 3306 2094 3360 δὲ
2123 3309 2301 3379 γέρων
2331 3309 2602 3374 δειλιάσας
2635 3309 2773 3382 ἔφη·
2807 3328 2827 3363 t
2855 3311 3042 3366 Ἔστιν
3064 3314 3171 3386 ὀπὴ
3197 3316 3629 3387 ὑποκεκρυμμέ·

2042 3510 2151 3554 ta‘a
2182 3498 2436 3562 victoria,
2480 3498 2682 3555 multos
2732 3514 2922 3554 eorum
2982 3511 3267 3571 ceperunt,
3313 3503 3365 3558 in
3420 3504 3625 3574 quibus

2038 3590 2404 3661 Peloponnesi
2441 3599 2505 3646 et‘
2543 3592 2763 3647 Achaia:
2793 3594 3047 3664 princeps
3080 3595 3408 3652 redimendae
3463 3597 3629 3654 liber-

2039 3684 2169 3739 tatis
2229 3700 2393 3739 causa
2454 3684 2771 3756 imperatori
2832 3686 2995 3743 urbes
3058 3695 3170 3743 tres
3229 3690 3627 3749 munitissimas

2041 3774 2404 3842 Peloponnesi
2429 3773 2673 3840 tradidit,
2690 3773 3138 3843 Mone'mbasiam,
3160 3777 3391 3834 Leuctra
3413 3781 3624 3847 διάησι,

2038 3864 2184 3934 quod
2209 3862 2514 3933 antiquitus
2544 3863 2830 3920 Tantarum
2878 3868 3314 3935 promontorium
3346 3869 3628 3926 dicebatur

2041 3971 2071 4010 a
2106 3955 2331 4020 Graecis,
2361 3964 2417 4011 et
2453 3954 2705 4025 Spartam
2733 3955 3083 4013 Laconicam.
3111 3959 3224 4028 Qua
3256 3963 3469 4018 ratione
3500 3980 3625 4020 cum

2044 4049 2279 4104 Romani
2311 4051 2364 4103 in
2404 4047 2762 4118 Peloponnesi
2789 4051 3187 4120 possessionem
3221 4069 3410 4110 rursus
3434 4062 3626 4125 pedem

2043 4142 2376 4213 posuissent,
2425 4158 2491 4197 ex
2527 4141 2700 4198 tribus
2741 4142 2851 4198 illis
2876 4142 3106 4212 profecti
3139 4148 3366 4205 urbibus
3393 4149 3628 4207 insulam

2045 4222 2437 4305 recuperarunt
2465 4234 2777 4290 universam
2821 4246 3018 4304 praeter
3047 4238 3268 4293 castella
3301 4251 3351 4295 et
3383 4243 3633 4311 regiones

2041 4328 2268 4396 aliquot,
2301 4342 2421 4396 qua:
2448 4326 2502 4380 in
2533 4334 2806 4396 potestate
2824 4326 3165 4384 .Venetorunt
3192 4312 3554 4390 'tnaouseruut.

2116 4419 2230 4472 Alia
2269 4419 2495 4488 insuper
2549 4420 2778 4474 victoria
2816 4433 3092 4490 magna-et
3140 4427 3408 4492 praeclara.
3450 4438 3505 4481 et
3536 4444 3634 4498 ρετ

2045 4520 2216 4565 totum
2255 4519 2526 4565 terrarum
2582 4511 2800 4584 orbein
2831 4523 3093 4581 perpetuo
3155 4526 3635 4573 commemoratum

361 4598 425 4650 rii
459 4598 509 4652 ei
553 4598 824 4669 eripiendi
884 4611 978 4654 aut
1028 4600 1313 4658 diﬂerendi
1346 4598 1652 4661 consilium
1703 4616 1940 4677 caperet.
1981 4594 2164 4658 Dillis
2231 4600 2572 4671 temporibus
2636 4616 2917 4673 reportata
2978 4615 3083 4660 est.
3152 4608 3401 4663 Alexium
3483 4612 3631 4665 enim

358 4688 481 4755 Quo
516 4691 683 4759 l‘acto,
727 4684 1050 4748 ‘Michaelem
1102 4692 1444 4751 Comncnum
1489 4694 1797 4766 patriarcha
1830 4698 1945 4766 ipse

360 4771 672 4840 diademate:
697 4787 912 4842 ornavit
952 4787 1122 4858 regio,
1158 4803 1258 4842 nec
1309 4801 1488 4861 tatuen
1516 4799 1838 4859 perpetuam
1869 4791 1945 4847 illi

361 4876 555 4930 tribuit
607 4871 725 4930 eam
803 4875 1147 4947 dignitatem,
1195 4880 1313 4943 sed,
1364 4893 1591 4949 cogente
1634 4889 1943 4951 temporum

359 4980 656 5034 rerumque
684 4966 917 5031 ratione,
966 4970 1042 5023 rei
1072 4971 1307 5039 publicae
1335 4986 1460 5025 eum
1501 4972 1634 5026 fecit
1685 4973 1950 5029 adminis-

363 5063 624 5110 tratorem
670 5064 943 5125 potestate
1017 5058 1391 5130 imperatoria,
1440 5062 1612 5117 donec
1673 5062 1852 5118 meres
1894 5075 1950 5119 et

361 5163 647 5206 successor
682 5150 958 5222 legitimus
1002 5162 1220 5208 aetatem
1253 5153 1606 5213 maturiorem
1638 5157 1945 5226 attigisset:

361 5252 475 5297 tum
530 5244 670 5300 solio
693 5253 750 5299 et
801 5245 1058 5309 omnibus
1125 5245 1430 5316 insignibus
1483 5248 1848 5319 imperatoriis
1892 5267 1950 5306 se

362 5330 662 5389 abdicaret.
691 5334 869 5403 Atque
904 5334 1018 5390 haec
1041 5350 1229 5391 rursus
1249 5337 1525 5394 sanctiore
1567 5339 1755 5407 etiam,
1783 5355 1949 5411 quam

234 5424 253 5439 ί
361 5422 567 5492 priora,
585 5423 944 5493 jurejurando
976 5424 1397 5482 conﬁrmantur.

401 5511 633 5569 ’Rerum
660 5516 771 5587 jam
804 5518 1007 5584 potitus
1032 5517 1342 5575 Comnenus
1374 5519 1529 5589 gravi
1566 5502 1709 5577 bello
1749 5523 1952 5577 decer-

361 5608 496 5660 tavit
547 5623 667 5662 cum
719 5606 1029 5664 Etolorum
1068 5620 1125 5667 et
1181 5612 1531 5681 Epirotarum
1578 5615 1803 5686 despota
1855 5616 1954 5671 Mi-

356 5691 570 5766 cltaele,
606 5700 697 5770 qui
732 5702 857 5754 belli
884 5701 1062 5757 socios
1104 5703 1240 5757 duos
1264 5718 1496 5773 generos
1543 5706 1757 5772 habuit,
1803 5707 1955 5761 Man-

360 5796 597 5855 lredum,
633 5794 941 5852 Siculorum
988 5814 1193 5867 regem,
1252 5810 1308 5854 et
1356 5800 1654 5869 principem
1691 5800 1954 5870 Pelopon-

361 5886 480 5941 nesi
516 5896 569 5942 et
598 5886 832 5944 Λιιιιξιὶςιι.
866 5887 1122 5952 Romani,
1161 5891 1366 5956 ingenti
1391 5890 1458 5947 de
1493 5893 1738 5948 hostibus
1772 5909 1954 5961 repor-

656 5989 929 6049 ΡΑτιιοι..
974 5991 1090 6078 ςὶιι.
1118 5988 1311 6051 CLVI.
1396 6042 1403 6045 _

2044 4693 2343 4760 Caesarem,
2394 4706 2759 4763 cognomento
2803 4694 3269 4768 Strategopulum,
3320 4704 3411 4771 qui
3464 4705 3630 4758 etiam

2048 4789 2291 4858 priorem
2331 4788 2668 4859 triumphum
2694 4788 2956 4845 Rouuanis
3003 4802 3292 4862 pepererat
3323 4808 3389 4848 ex
3435 4794 3637 4863 IEtoljs

2051 4880 2398 4957 Epironsque
2453 4891 2657 4948 actum,
2705 4882 2899 4938 iterum
2948 4883 3245 4954 imperator
3292 4896 3479 4942 contra
3535 4890 3637 4944 Mi-
3737 4909 3743 4917 ·

2052 4972 2299 5026 cbaelem
2343 4972 2597 5027 rebellem
2661 4974 2829 5028 mittit
2870 4989 2992 5029 cum
3061 4975 3312 5048 Bithynis
3360 4981 3635 5047 equitibus

2052 5065 2270 5119 circiter
2315 5065 2645 5135 octingentis
2708 5075 2764 5120 et
2840 5067 2962 5121 aliis
3035 5067 3242 5137 aliquot
3290 5072 3554 5127 militibus
3607 5088 3638 5127 e

2053 5154 2291 5213 Thracia
2339 5166 2397 5214 et
2466 5157 2781 5213 Macedonia
2837 5160 3220 5217 conductis.ls
3272 5175 3435 5220 noctu
3510 5180 3639 5220 cum

2052 5253 2227 5321 copiis
2255 5253 2370 5308 suis
2408 5264 2577 5321 prape
2600 5252 2668 5306 ad
2707 5252 3031 5322 Byzantuim
3081 5244 3432 5324 traiecturus,
3472 5258 3523 5313 in
3550 5276 3638 5315 se~

2057 5361 2180 5399 nem
2245 5349 2537 5415 quemdam
2584 5343 2725 5400 forte
2779 5346 2990 5413 incidit,
3065 5363 3228 5417 quem
3272 5351 3639 5422 interceptum

2055 5436 2259 5491 milites
2295 5437 2593 5489 adducunt.
2630 5435 2990 5506 Interroganti
3031 5438 3262 5505 Caesari,
3296 5445 3442 5498 unde
3487 5447 3640 5500 veni-

2056 5538 2139 5582 ret
2161 5539 2216 5582 et
2250 5541 2361 5597 quo
2390 5528 2658 5594 tenderet,
2693 5528 2783 5584 ille
2805 5545 2871 5585 ex
2917 5533 3050 5586 urbe
3073 5548 3131 5588 se
3174 5537 3361 5591 venire
3408 5552 3637 5604 respon-

2055 5619 2154 5673 dit.
2182 5618 2385 5685 Caesar,
2412 5637 2430 5668 ι
2460 5618 2640 5685 Falsa,
2678 5614 2876 5690 inquit,
2923 5640 3153 5679 narras:
3189 5644 3297 5681 nox
3328 5629 3471 5681 enim
3511 5614 3636 5681 cum

2055 5711 2148 5776 sit,
2184 5726 2292 5777 quo
2332 5720 2489 5777 pacto
2519 5726 2550 5765 e
2593 5713 2865 5770 mmnib’us
2914 5717 3097 5787 egredi
3147 5718 3434 5788 potueris?
3466 5737 3484 5768 ι
3507 5718 3635 5771 Ter-

2057 5800 2493 5865 rel'aetossenex,
2525 5819 2542 5851 ι
2567 5800 2828 5858 Occultus
2852 5815 2955 5867 est,
2990 5807 3231 5867 domine.
3262 5807 3460 5870 inquit,
3488 5808 3642 5859 cuiui-

2055 5891 2229 5956 culus,
2265 5900 2461 5957 praeter
2502 5909 2587 5946 me
2616 5896 2842 5962 nemini,
2877 5909 2932 5949 at
2977 5901 3100 5951 mihi
3137 5899 3247 5965 jam
3300 5901 3505 5965 pridem
3552 5914 3642 5950 «ιο-

3175 5997 3241 6055 ‘21
