4000 6440
491 357 588 417 (51

1733 355 2061 417 GEORGII
2110 358 2207 418 ΡΗ
2221 357 2539 416 ΒΑΝΤΖῈ

3632 367 3716 429 652

482 488 573 538 νη,
612 466 770 538 κύριέ
808 483 935 538 μου,
969 469 1035 538 τῇ
1060 469 1155 540 γῇ,
1186 468 1255 540 ἣν
1285 469 1460 532 οὐδεὶς
1489 467 1632 522 οἶδεν
1664 471 1712 523 εί
1746 471 1820 542 μὴ
1848 472 1980 540 ἐγὼ,
2009 473 2076 542 ἢν
2108 481 2152 536 Α
2184 486 2288 538 κην
2333 471 2431 542 τὴν
2477 472 2802 542 θαυμαστὴν
2837 472 2930 524 καὶ
2967 471 3102 542 ἔργα
3138 474 3350 544 μεγάλα
3380 474 3415 530 ἃ
3440 476 3667 547 ἐποίησεν
3695 484 3719 536 ὀ

479 563 577 617 καὶ
612 559 852 614 ἔκπαλαι
879 561 1172 628 γινώσκω·
1207 565 1304 616 καὶ
1329 563 1396 616 δι’
1429 565 1602 635 αὐτῆς
1635 564 1933 636 ἐξέρχομαι
1983 571 2076 620 καὶ

480 655 830 726 εἰσέρχομαι,
857 655 988 708 ὅταν
1021 655 1326 727 βούλωμαι,
1359 657 1800 726 ἀνεμποδίστως.
1847 679 1866 712 ι
1912 661 1998 724 Ὠς
2019 661 2076 714 δὲ

481 750 720 818 ἤκουσεν
776 749 806 801 ὀ
860 749 1080 819 Καῖσαρ
1115 749 1246 819 περὶ
1282 748 1377 803 τοῦ
1434 748 1685 802 τοιούτου
1721 750 2075 820 πράγματος,

481 842 696 912 χαρίεις
728 842 974 910 ἐγένετο.
1011 842 1119 895 Καὶ
1151 842 1304 910 λέγει
1338 842 1413 912 τῷ
1458 845 1678 912 γέροντι
1731 844 1946 924 πολλῶν
1977 845 2078 899 δω-

375 941 380 948 ”
484 935 624 1004 ρεῶν
676 935 1039 1003 ἐπαγγελίας,
1076 935 1162 988 ἵνα
1211 935 1360 1007 δείξῃ
1409 935 1558 1006 αύτῷ
1592 936 1686 988 τὸν
1713 935 1898 997 τόπον.
1928 938 2077 1000 ὅπως

483 1027 577 1080 καὶ
604 1031 632 1081 ὀ
664 1029 886 1098 Καῖσαρ
926 1028 1147 1099 εἰσέλθῃ
1190 1028 1340 1083 ἔνδον
1371 1031 1470 1100 τῆς
1519 1029 1734 1094 πόλεως
1788 1029 1932 1100 μετὰ
1979 1029 2076 1082 τοῦ

485 1118 923 1189 στρατεύματος.
961 1119 1027 1174 Ὃ
1056 1120 1150 1171 καὶ
1185 1119 1434 1189 ἐποίησε.
1473 1121 1585 1174 Καὶ
1620 1121 1936 1192 προστάξας
1962 1120 2075 1189 πῦρ

485 1212 670 1281 βαλεῖν
708 1215 764 1265 ἐν
793 1216 906 1276 τοῖς
930 1214 1124 1276 οἴκοις,
1143 1214 1304 1276 εὐθὺς
1333 1215 1605 1285 ἐνέπρησε
1631 1217 1730 1286 τὴν
1757 1217 1913 1269 πόλιν
1935 1217 2076 1270 κατὰ

482 1307 684 1367 τόπους
739 1307 839 1358 οὐκ
888 1306 1108 1373 ὀλίγους
1165 1308 1224 1359 τὸ
1285 1307 1650 1377 στράτευμα*
1831 1309 1940 1378 γὰρ
1981 1313 2075 1362 καὶ

483 1396 702 1465 πνεῦμα
750 1398 963 1466 ἀνέμου
1021 1398 1228 1468 βορέως
1283 1397 1422 1450 πολὺ
1466 1400 1630 1452 πνέον
1661 1402 1800 1454 κατά
1833 1405 1935 1472 τῆς
1976 1402 2075 1454 πό-

480 1492 642 1554 λεως.
674 1491 785 1544 Καὶ
825 1491 1094 1563 ἀνῆψενὴ
1124 1493 1276 1561 φλὸξ.
1311 1497 1410 1548 καὶ⁸
1439 1495 1801 1556 ἀλαλάζοντες
1822 1497 1870 1547 οἱ
1908 1513 2074 1564 στρα-

2187 563 2412 633 Καῖσαρ
2462 563 2542 623 είς
2571 561 2804 630 αὔξησιν
2838 563 2939 632 τῆς
2984 564 3163 634 ἀρχῆς
3199 565 3507 635 Ῥωμαίων,
3561 570 3638 624 ἴνα
3661 575 3728 635 είς

2190 656 2370 710 πᾶσαν
2404 657 2504 726 τὴν
2539 655 2718 726 ἀρχὴν
2759 656 3056 726 Ῥωμαίων
3109 659 3138 710 ὅ
3161 675 3218 710 τε
3252 661 3609 732 πατριάρχης,
3642 667 3729 736 ἀρ-

2183 747 2558 817 χιεπίσκοποι,
2590 747 2885 802 ἐπίσκοποι
2913 748 3010 800 καὶ
3040 748 3192 802 πᾶσα
3225 751 3260 818 ὴ
3305 749 3592 820 Ἐκκλησία
3615 757 3732 824 μετὰ

2184 837 2284 908 τὴν
2305 836 2401 890 τοῦ
2437 838 2847 908 αὐτοκράτορος
2894 840 3086 910 φήμην
3115 843 3479 913 εὐφημήσωσι
3503 847 3592 897 καὶ
3623 865 3735 918 μνη-

2188 929 2500 1000 μονεύσωσι
2531 931 2640 1002 20
2673 933 2766 984 τὸν
2801 933 3063 1002 Καίσαρα
3105 935 3241 1003 ὀμοῦ
3292 938 3408 999 τοῖς
3459 937 3736 1008 βασιλεῦσιν

2184 1023 2244 1074 ἐν
2274 1025 2396 1086 ταῖς
2423 1023 2593 1086 θείαις
2644 1025 2741 1078 καὶ
2773 1026 2949 1094 ἱεραῖς
2986 1025 3362 1099 λειτουργίαις
3413 1030 3506 1084 καὶ
3531 1033 3582 1085 ἐν
3609 1033 3738 1104 πάσῃ

2187 1113 2349 1185 ἑτέρα
2387 1114 2692 1186 ίεροτελετῇ
2739 1119 2833 1169 καὶ
2870 1116 3168 1190 ἀκολουθίᾳ
3219 1120 3328 1172 τῶν
3360 1119 3522 1188 ἁγίων
3564 1123 3739 1186 ἐκκλη-

2188 1203 2318 1255 σιῶν
2348 1205 2759 1274 μεγαλοφώνως
2782 1222 2798 1238 °
2840 1208 3043 1278 ὁμοίως
3092 1209 3188 1262 καὶ
3212 1210 3280 1263 τὰ
3309 1211 3605 1281 παράσημα
3657 1211 3738 1264 τού

2186 1300 2470 1371 Καίσαρος
2494 1305 2680 1371 φορεῖν
2701 1302 2826 1358 καθ’
2851 1303 3092 1374 ἑκάστην
3115 1305 3332 1375 ἡμέραν
3358 1306 3415 1357 ἐν
3436 1306 3592 1358 παντὶ
3612 1305 3741 1376 τόπῳ

2187 1394 2282 1447 καὶ
2325 1391 2448 1465 ῶρᾳ
2473 1392 2560 1462 ἐφ’
2589 1394 2720 1464 ὅλης
2759 1393 2860 1464 τῆς
2889 1393 3036 1463 ζωῆς
3059 1394 3228 1449 αὐτοῦ
3255 1396 3350 1469 καὶ
3385 1397 3442 1448 ἐν
3467 1399 3618 1448 παντὶ
3641 1413 3742 1449 κιι-

2187 1485 2270 1556 ρῷ
2298 1487 2396 1540 καὶ
2437 1487 2745 1559 θριάμᾶους
2799 1488 3075 1557 μεγάλους
3119 1492 3444 1559 ποιήσαντες
3471 1491 3631 1560 αὐτῷ,
3679 1491 3742 1552 ὡς

484 1583 699 1649 τιῶται,
743 1604 760 1636 ι
791 1585 916 1652 νίκη
951 1584 1248 1654 Ῥωμαίοις
1275 1604 1322 1653 ι,
1342 1586 1596 1657 ἔκραζον.
1621 1587 1727 1658 ιθ
1756 1589 1819 1642 Οξ
1843 1588 1898 1642 δὲ
1940 1589 2077 1640 Ἰτα-
2186 1579 2306 1643 ἔθος
2335 1575 2404 1651 ἦν
2428 1583 2604 1634 ποιεῖν
2629 1582 2742 1644 τοῖς
2762 1583 3014 1652 νικηταῖς
3050 1581 3108 1633 ἐν
3123 1584 3242 1644 ταῖς
3265 1581 3541 1646 τοιαύταις
3565 1582 3741 1644 νίκαις.

473 1677 568 1728 Jo‘t
600 1677 694 1730 τὸν
738 1676 972 1746 θόρυϐον
1008 1677 1350 1742 ἀκούσαντες
1394 1679 1572 1748 ἄφνω,
1618 1680 1794 1748 μέγας
1846 1679 2073 1733 ἐνέπεσε
2184 1668 2324 1730 Εἶτα
2349 1673 2681 1742 ἐξογκωθεὶς
2727 1674 2847 1736 ταῖς
2875 1672 2976 1744 τῆς
3007 1672 3181 1745 τύχης
3211 1675 3394 1738 νίκαις
3421 1675 3448 1727 ὀ
3490 1673 3740 1743 βασιλεὺς,

483 1768 714 1838 θόρυϐος
742 1768 829 1821 ἐπ’
851 1769 1052 1834 αὐτοὺς
1081 1769 1144 1822 ἐκ
1174 1787 1236 1823 τε
1279 1770 1376 1824 τοῦ
1409 1772 1586 1842 πυρὸς
1629 1773 1724 1826 καὶ
1754 1773 1864 1827 τῶν
1915 1774 2077 1826 πολε-
2185 1764 2466 1835 γνωρίσας
2513 1765 2607 1818 καὶ
2640 1764 2740 1835 τῆς
2769 1765 3082 1835 συγκλήτου
3121 1767 3277 1830 τινὰς
3322 1768 3418 1824 καὶ
3465 1766 3556 1821 τοῦ
3590 1767 3740 1836 δήμου

489 1861 652 1931 μεων,
709 1863 804 1914 καὶ
834 1864 1034 1931 γυμνοὶ
1067 1863 1133 1915 ἐκ
1161 1863 1271 1918 τῶν
1303 1863 1581 1918 κοιτώνων
1611 1865 1932 1936 ἐξήρχοντο,
1983 1869 2078 1921 καὶ
2107 1849 2154 1908 Β
2184 1857 2416 1921 πολλοὺς
2472 1858 2944 1927 διαφυλάττοντας
2998 1859 3138 1929 πρὸς
3192 1859 3358 1914 αὑτὸν
3407 1859 3615 1918 εὔνοιαν
3663 1860 3742 1912 καὶ

483 1956 644 2021 φόνος
689 1954 858 2018 πολὺς
883 1956 1008 2008 κατ’
1034 1955 1216 2010 αὐτῶν
1244 1956 1462 2024 ἐγένετο
1487 1957 1590 2011 καὶ
1610 1958 1880 2024 ἀπώλεια,
1912 1959 2008 2012 καὶ
2039 1961 2072 2030 ἡ
2179 1952 2404 2022 ἀγάπην
2445 1953 2544 2004 καὶ
2589 1951 2795 2017 πίστιν,
2828 1953 2924 2006 καὶ
2963 1950 3230 2024 ἐπαρθεὶς
3267 1953 3368 2023 τὴν
3397 1953 3644 2011 διάνοιαν.
3676 1952 3744 2020 μὴ

483 2049 608 2118 νίκη
638 2049 766 2111 τοῖς
793 2047 1090 2118 Ῥωμαίοις
1117 2051 1453 2122 περιφανής.
1491 2053 1600 2105 Καὶ
1634 2051 1810 2118 οὕτως
1841 2053 1875 2122 ἠ
1913 2051 2072 2122 βασι·
2179 2044 2516 2116 φορούμενος
2538 2046 2667 2107 τοὺς
2702 2043 3000 2114 φρικώδεις
3039 2047 3133 2098 καὶ
3164 2045 3434 2116 φοϐεροὺς
3453 2047 3638 2116 ὅρκους
3663 2044 3740 2106 οὓς

481 2140 719 2215 λεύουσα
740 2143 1224 2211 παντοκρατορικῇ
1251 2139 1477 2212 βοηθείᾳ
1507 2141 1602 2196 καὶ
1625 2143 1714 2196 διὰ
1746 2130 2075 2214 στρατιωτι-

475 2235 583 2302 κῆς
615 2232 912 2303 ἐμπειρίας
941 2231 1038 2285 τοῦ
1067 2232 1349 2303 Καίσαρος
1395 2232 1691 2303 Ῥωμαίοις
1724 2237 1947 2304 ἐγένετο
1979 2235 2075 2290 καὶ

482 2327 546 2378 ἐκ
574 2325 685 2378 τῶν
727 2325 1010 2380 Ἰταλικῶν
1046 2326 1250 2396 χειρῶν
1274 2327 1641 2394 ἠλευθέρωτο.
1672 2323 1782 2382 Ἦν
1813 2329 1869 2382 δὲ
1902 2329 1936 2398 ἠ
1971 2345 2073 2397 μεο

478 2417 775 2485 γαλόπολις
826 2420 1179 2491 κρατουμένη
1210 2419 1304 2473 ὑπ’
1333 2421 1514 2475 αὐτῶν
1545 2420 1641 2492 ἐτη
1675 2421 1776 2490 νθ’,
1813 2423 1992 2493 μῆνας
2022 2419 2073 2491 γ’

477 2515 574 2567 καὶ
606 2514 820 2583 ἡμέρας
849 2510 914 2568 δ’.

561 2604 929 2673 Ἀγγελθεῖσα
968 2603 1026 2656 δὲ
1052 2603 1111 2656 ἐν
1146 2603 1354 2675 Νικαίᾳ
1383 2606 1417 2674 ἡ
1446 2604 1673 2676 τοιαύτη
1699 2605 1915 2676 μεγάλη
1942 2606 2068 2678 νίκη

476 2695 556 2766 τῷ
589 2695 826 2767 βασιλεῖ,
885 2695 1169 2763 ἐθαύμασε
1199 2698 1296 2750 καὶ
1346 2697 1449 2750 οὐκ
1482 2697 1736 2750 ἐπίστευε
1783 2700 1893 2761 πῶς
1952 2701 2070 2770 μετ’

477 2791 665 2859 ὀλίγου
716 2789 860 2842 πάνυ
897 2787 1135 2855 στρατοῦ
1192 2789 1422 2856 ἐγένετο
1475 2791 1756 2859 ἐγκρατὴς
1787 2792 1815 2843 ὁ
1851 2793 2071 2859 Καῖσαρ

477 2885 574 2954 τῆς
609 2883 868 2952 τοιαύτης
890 2883 988 2937 καὶ
1019 2882 1358 2953 τηλικαύτης
1384 2882 1616 2946 πόλεως.
1651 2884 1760 2936 Καὶ
1795 2885 1858 2936 ἐκ
1887 2885 2071 2938 δευτέ-

477 2995 575 3046 ρου
624 2976 814 3045 ἕτερος
867 2975 1040 3028 ἐλθὼν
1074 2975 1338 3052 δρομαῖος
1368 2977 1467 3040 τὰς
1523 2977 1788 3046 ἀγγελίας
1821 2979 2070 3049 κομίζων
2174 2977 2404 3046 κουρίαν
2458 2977 2797 3042 ἐπεκαλεῖτο,
2857 2976 3065 3030 κλαίων
3100 2976 3191 3030 καὶ
3235 2975 3516 3042 στενάζων
3546 2973 3732 3029 καὶτὸν

475 3073 554 3142 τῷ
587 3072 804 3144 βασιλεῖ
831 3072 928 3125 καὶ
961 3073 1024 3125 ἐκ
1057 3073 1168 3126 τῶν
1204 3072 1408 3144 χειρῶν
1451 3071 1546 3126 τοῦ
1581 3073 1863 3144 Καίσαρος
1885 3075 2070 3145 γράμ-
2175 3067 2418 3136 πώγωνα
2474 3070 2665 3141 χερσὶν
2707 3070 2969 3140 ἐκριζῶν.
3006 3069 3117 3124 Καὶ
3167 3071 3321 3138 μετὰ
3365 3071 3528 3124 λίθων
3556 3066 3734 3138 ἀγρίων

480 3183 647 3237 ματα,
695 3166 772 3229 ὼς
806 3163 970 3230 εῐδεν,
1005 3165 1298 3219 ἐπίστευσε
1337 3165 1434 3219 καὶ
1461 3166 1540 3236 τῷ
1570 3166 1690 3236 Θεῷ
1732 3170 2069 3237 χαριστήρια
2093 3198 2142 3263 c
2173 3163 2234 3217 τὸ
2261 3163 2457 3234 στῆθος
2480 3166 2571 3217 καὶ
2594 3165 2663 3218 τά
2694 3165 2900 3234 γόνατα
2923 3166 3253 3236 ὀδυρόμενος
3283 3168 3517 3232 ἔτυπτε,
3542 3165 3626 3226 καὶ
3654 3162 3734 3263 τὴν

477 3261 753 3326 ἀπέδωκε,
787 3261 884 3313 καὶ
915 3259 1232 3330 προστάξας
1264 3261 1292 3313 ὀ
1323 3259 1583 3330 βασιλεὺς
1617 3264 1713 3315 καὶ
1744 3263 1773 3314 ὀ
1794 3262 2074 3333 πατριάρ-
2103 3255 2142 3263 “
2177 3258 2422 3328 κεφαλὴν
2457 3259 2552 3312 ἐπὶ
2584 3259 2680 3312 τοῦ
2719 3259 2954 3329 στήθους
3001 3258 3230 3330 έρῤιπτε
3269 3262 3504 3330 κράζων
3532 3255 3734 3327 γοερῶςο

478 3369 581 3422 χης
619 3352 762 3422 μετά
790 3350 1022 3423 γνώμης
1051 3351 1152 3422 τῆς
1185 3351 1503 3423 συγκλήτου
1537 3353 1720 3422 πάσης
1759 3353 1849 3406 διὰ
1877 3355 1977 3424 τὴν
1996 3352 2075 3405 νι-
2181 3368 2202 3402 ι
2235 3350 2299 3404 Ὢ
2349 3350 2542 3422 φρῖξον
2582 3352 2727 3423 ἥλιε,
2778 3349 2824 3404 ὦ
2856 3351 3121 3417 στέναξον
3164 3351 3262 3422 γῆ,
3305 3354 3402 3407 καὶ
3433 3348 3730 3420 κλονουμένη

2181 2137 2522 2190 κατενώπιον
2545 2135 2642 2190 τοῦ
2675 2135 2774 2189 τοῦ
2800 2135 3041 2208 Χριστοῦ
3065 2137 3315 2208 βήματος
3348 2140 3618 2208 ἐποίησεν,
3643 2137 3739 2190 ἀλλ’

2177 2229 2574 2296 ἐξαποστείλας
2616 2229 2871 2293 ἐλεεινῶς
2904 2231 3170 2301 ἐστέρησε
3209 2231 3324 2285 τῶν
3349 2231 3637 2301 ὀφθαλμῶν
3666 2229 3738 2282 τὸν

2177 2324 2422 2394 διάδοχον
2445 2323 2539 2378 καὶ
2561 2324 2900 2396 κληρονόμον
2928 2325 3027 2395 τῆς
3057 2323 3348 2394 βασιλείας
3396 2325 3642 2395 Ἰωάννην
3665 2323 3737 2376 τὸν

2177 2418 2462 2486 Λάσκαριν
2499 2416 2738 2486 δεκαετῆ
2768 2417 2925 2482 ὄντα,
2960 2419 3057 2473 καὶ
3078 2415 3224 2471 οὕτω
3247 2417 3562 2472 ἀνύποπτον
3592 2415 3735 2486 φὸὃου

2177 2512 2381 2573 παντὸς
2429 2512 2530 2582 τὴν
2579 2512 2864 2581 βασιλείαν
2921 2511 3110 2581 ἐαυτῷ
3143 2515 3545 2583 κατεστήσατο.
3585 2512 3665 2574 Ὠς
3689 2509 3736 2563 δὲ

2177 2604 2414 2675 ἤκουσεν
2461 2607 2489 2656 ὀ
2536 2607 2884 2676 πατριάρχης
2919 2606 3021 2675 τὴν
3057 2605 3153 2659 τοῦ
3173 2605 3533 2676 ταλαιπώρου
3567 2606 3734 2673 κληρο-

2175 2695 2342 2764 νόμου
2377 2695 2475 2762 τῆς
2506 2694 2791 2764 βασιλείας
2815 2697 3114 2762 τύφλωσιν,
3147 2700 3315 2768 χερσὶ
3341 2698 3440 2768 μὲν
3469 2699 3652 2751 ἔτυπτε
3680 2694 3734 2746 τα

2177 2791 2403 2860 στέρνα,
2428 2790 2574 2858 ξίφει
2597 2791 2652 2842 δὲ
2679 2788 2755 2852 ὡς
2785 2792 2962 2842 εἰπεῖν
2988 2792 3257 2861 ἐτέτρωτο
3288 2792 3392 2864 τὴν
3420 2792 3651 2862 καρδίαν.
3672 2790 3729 2858 Γῇ

2173 2885 2271 2938 καὶ
2296 2883 2434 2955 ἡλίῳ
2463 2885 2563 2954 τὴν
2591 2883 2810 2938 ἀδικίαν
2841 2884 2974 2938 ἐίόα
2996 2886 3090 2938 καὶ
3120 2886 3187 2938 τὰ
3214 2891 3461 2956 στοιχεῖα
3487 2885 3735 2956 πρδέιέπρ

2176 3537 2496 3610 imperium,
2546 3538 2668 3608 ejus
2726 3553 2924 3593 nomen
2973 3546 3086 3593 toto
3144 3553 3320 3609 regno
3352 3557 3382 3596 ιι
3430 3536 3727 3611 patriarcha,

2177 3631 2627 3702 arcliiepiscOpis,
2682 3633 2955 3700 episcoiiis
2989 3641 3046 3686 et
3091 3633 3348 3690 universa
3413 3632 3728 3691 concioueiu

2177 3724 2380 3778 divinis
2412 3723 2952 3794 sacrisqueliturgiis
2983 3732 3038 3778 et
3077 3725 3336 3782 omnibus
3362 3729 3484 3782 aliis
3537 3733 3728 3782 sancta-

2177 3834 2296 3870 rum
2323 3817 2680 3874 ecclesiarum
2711 3817 3034 3876 ⁴ειιιιίοοῖιηιε
3083 3827 3206 3888 post
3252 3819 3621 3890 imperatorem
3643 3833 3728 3872 una

2177 3925 2312 3965 cum.
2337 3911 2679 3981 principibus
2730 3910 2881 3964 clara
2923 3926 3056 3967 voce
3083 3914 3506 3970 commemorari
3535 3929 3595 3968 ac
3631 3913 3728 3965 lau-

2175 4003 2292 4057 dari
2324 4003 2513 4074 jussit.
2537 3993 3141 4071 Praeterea-constituit,
3177 4013 3235 4059 ut
3270 4006 3504 4078 insignia
3529 4003 3727 4062 Caesaris

2175 4106 2522 4166 gestarentur
2563 4095 2830 4166 quatidie,
2881 4096 3074 4165 quavis
3121 4099 3252 4152 liora
3289 4081 3345 4154 et
3401 4101 3538 4164 loco,
3583 4099 3727 4153 donec

478 3537 685 3608 gnitns,
721 3550 818 3604 per
863 3549 1050 3604 quem,
1086 3537 1302 3605 quoties
1325 3535 1479 3602 libet,
1507 3535 1683 3592 libere
1707 3538 1960 3609 egredior
1987 3539 2073 3595 in-

477 3629 828 3698 grediorque.
845 3647 862 3680 ι
891 3626 987 3683 His
1003 3627 1208 3690 auditis
1227 3627 1410 3682 Caesar
1423 3629 1645 3698 gavisus
1660 3645 1844 3686 senem
1862 3631 2074 3703 magnis

477 3721 824 3784 prtemiorum
885 3721 1297 3775 conditionibus
1359 3721 1708 3788 cohortatur,
1759 3732 1820 3778 ut
1865 3725 1968 3779 sibi
2017 3725 2070 3779 in

478 3813 667 3868 urbem
694 3829 819 3868 cum
850 3815 1096 3868 exercitu
1140 3813 1412 3868 intratum
1442 3829 1566 3868 eum
1620 3814 1803 3894 locum
1840 3815 2071 3872 demon-

477 3916 642 3962 stret.
685 3904 812 3961 Voti
875 3921 1104 3976 compos
1164 3906 1362 3973 factus,
1415 3907 1595 3976 ignem
1651 3907 1864 3964 milibus
1917 3909 2070 3979 iujici

471 3999 650 4069 jubet,
685 4009 848 4066 atque
884 3999 1028 4054 illico
1066 3999 1202 4054 loris
1233 3999 1376 4053 haud
1406 4002 1593 4068 paucis
1627 4002 1817 4062 urbem
1869 4003 2072 4056 milites

480 4093 805 4146 incendunt.
837 4091 1032 4160 Aquilo
1055 4095 1146 4161 qui
1172 4090 1311 4148 forte
1361 4092 1523 4147 ﬂabat
1555 4094 1850 4149 vehemens
1897 4097 2072 4150 susci-

477 4188 627 4240 tabat
666 4184 966 4253 ﬂammam,
1018 4186 1332 4255 militesque
1390 4190 1731 4242 exsultantes
1782 4190 2068 4244 victoriam
2174 4189 2293 4258 ejus
2348 4191 2456 4244 vita
2519 4197 2854 4257 suppeteret,
2909 4190 3198 4259 eidemque
3265 4194 3522 4263 triumphi
3572 4186 3724 4246 eximii

475 4277 917 4331 conclamabant.
988 4277 1194 4339 Latini,
1260 4279 1544 4344 repentino
1593 4280 1830 4333 tumultu
1879 4282 2066 4347 exciti,
2173 4283 2712 4352 agerentur,qualcs
2754 4281 3052 4336 victoribus
3107 4283 3158 4334 in
3199 4283 3471 4352 ejusmodi
3513 4280 3727 4338 victoriis

477 4370 714 4422 hostium
753 4377 808 4421 et
863 4367 1104 4422 incendii
1154 4378 1450 4436 conspectu
1531 4370 1881 4426 vehementer
1941 4388 2071 4426 ron-
2174 4376 2262 4442 agi
2293 4374 2565 4430 solebant.
2601 4373 2805 4428 Deinde
2832 4374 2916 4427 his
2947 4371 3179 4428 fortuna:
3203 4377 3485 4432 blanditiis
3543 4373 3722 4429 inﬂatu!

473 4471 830 4526 sternantur;
885 4461 1130 4530 plerique
1184 4462 1316 4514 nudi
1363 4476 1393 4515 e
1447 4462 1724 4516 cubilibus
1774 4466 2068 4533 presilinnt
2176 4467 2502 4535 imperator,
2574 4469 2878 4534 praesertim
2924 4481 3052 4523 cum
3102 4471 3452 4538 optimatium
3493 4482 3728 4538 quorum-

471 4567 527 4609 et
581 4557 784 4624 ingenti
846 4557 995 4611 caule
1050 4556 1430 4611 trucidantur:
1489 4556 1753 4612 Romanis
1803 4561 2064 4629 praulara
2099 4553 2140 4607 ο
2171 4562 2294 4612 dam
2326 4570 2381 4612 et
2409 4561 2764 4628 plurimorum
2802 4561 3003 4612 civium
3035 4577 3162 4630 erga
3223 4576 3284 4616 se
3316 4563 3726 4632 propensionem.

472 4657 693 4704 ronsmt
758 4650 1009 4704 victoria.
1065 4648 1181 4702 Tali
1249 4649 1409 4703 modo
1481 4649 1664 4718 Cpolis
1717 4653 1920 4707 auxilio
1957 4652 2061 4708 Dei
2172 4654 2328 4706 ﬁdem
2355 4663 2410 4705 et
2439 4652 2763 4706 cliaritatem
2789 4655 3176 4723 perspexisset,
3201 4657 3415 4710 animos
3445 4671 3508 4710 ac
3533 4653 3726 4722 spiritus

3909 2541 3914 2756 ι

3910 2913 3913 3120 ι

3909 3220 3916 3532 l

471 4743 862 4812 omnipatentis
891 4752 944 4795 et
975 4742 1208 4797 Caesaris
1242 4743 1434 4814 peritia
1466 4745 1544 4798 rei
1565 4744 1826 4800 militaris
1860 4746 2064 4800 Itoma-

472 4837 555 4889 nis
579 4836 830 4889 restituta
859 4846 943 4890 est
977 4837 1121 4891 etab
1159 4836 1414 4890 Italorum
1465 4837 1715 4892 manibus
1764 4837 2059 4905 vindicata,

471 4930 521 4981 iu
559 4946 788 4999 quorum
823 4940 1094 5000 potestate
1139 4931 1312 4985 fuerat
1350 4947 1522 4986 annos
1573 4947 1766 4988 novem
1796 4947 1853 4990 et
1899 4937 2060 5004 quin-

468 5023 747 5092 quaginta,
784 5036 1003 5076 menses
1033 5032 1142 5076 tres
1165 5031 1219 5076 et
1244 5023 1360 5076 dies
1382 5032 1633 5091 quatuor.

540 5111 796 5168 Nuntiata
829 5112 1064 5169 Nicaeam
1094 5131 1288 5184 magna
1319 5113 1436 5170 hare
1482 5117 1708 5172 vietor-ia
1739 5119 1843 5172 fide
1868 5130 2060 5172 carere

472 5204 760 5259 Videbatur
793 5207 1135 5275 imperatori,
1168 5208 1410 5272 miranti,
1448 5222 1556 5278 quo
1591 5221 1748 5278 pacto
1774 5225 1900 5265 rum
1935 5225 2060 5278 per-

467 5296 661 5363 exigua
748 5309 911 5350 manu
989 5297 1172 5352 Caesar
1223 5297 1315 5351 tali
1361 5314 1424 5354 ac
1472 5309 1619 5352 tanta
1663 5303 1796 5356 urbe
1851 5304 2057 5372 potitus

469 5393 638 5442 esset.
672 5383 970 5454 POSIquam
1007 5386 1206 5443 deinde
1232 5388 1373 5444 alius
1400 5389 1622 5445 advenit
1645 5393 1870 5447 nuntius
1895 5395 2058 5463 idque

469 5491 591 5533 cum
627 5477 825 5530 litteris
851 5479 919 5530 ab
950 5477 1068 5545 ipso
1093 5479 1310 5536 (ἷκεν-θ
1335 5483 1686 5552 conscriptis,
1709 5487 2056 5541 tumdemum

468 5567 554 5622 his
582 5567 738 5623 lectis
767 5566 1161 5624 dubitationem
1189 5587 1218 5624 a
1250 5588 1310 5627 se
1341 5575 1565 5634 amovit,
1599 5574 1817 5644 Deoque
1850 5580 2058 5646 gratias

465 5663 597 5728 egit.
632 5669 817 5730 atque,
856 5661 1323 5716 consentientibus
1353 5665 1663 5733 patriarcha
1691 5677 1745 5721 et
1779 5669 1931 5722 omni
1967 5685 2056 5724 se-

468 5763 622 5813 nutu,
661 5761 886 5821 propter
921 5752 1206 5805 victoriam
1247 5755 1393 5809 illam
1427 5757 1804 5814 admirabilem
1824 5771 1876 5814 et
1918 5777 2057 5830 prte-

467 5841 612 5896 clara
637 5842 898 5918 facinora,
944 5845 1143 5915 quibus
1188 5844 1372 5902 Caesar
1434 5850 1683 5904 aux‘sset
1749 5848 2050 5908 Runiauuin

2168 4747 2445 4814 Cupiebat,
2477 4761 2582 4800 nec
2630 4745 2927 4816 quidquam
2964 4745 3164 4801 veritus
3211 4747 3330 4800 dira
3360 4757 3415 4804 et
3442 4723 3723 4801 Ἰιοττίιιξείι

2167 4847 2536 4900 sacratttetita,
2570 4841 2768 4905 quibus
2821 4853 3004 4890 Coram
3036 4839 3241 4891 Christi
3296 4839 3546 4892 tribunali
3573 4851 3626 4890 se
3645 4838 3723 4886 oli-

2165 4931 2485 4998 su‘inxerat,
2547 4931 2818 4985 lueredetn
2880 4931 3093 4998 imperii
3137 4931 3401 4986 Joannem
3446 4928 3721 4985 Lascarini,

2165 5040 2360 5080 novem
2395 5033 2509 5079 tum
2538 5035 2954 5089 annos-natum,
3011 5023 3281 5094 ablegavit
3329 5036 3382 5080 et
3431 5019 3724 5079 miserabili-

2164 5126 2248 5172 ter
2279 5116 2453 5172 oculis
2486 5117 2740 5186 privavit,
2781 5132 2845 5171 ae
2871 5118 2952 5172 sic
2991 5120 3170 5174 omnis
3196 5133 3390 5188 expers
3419 5129 3587 5172 metus
3607 5113 3720 5170 sibi-

2163 5221 2276 5267 met
2307 5211 2604 5266 vindicavit
2653 5211 2964 5279 imperium.
3044 5211 3354 5267 Patriarclia
3393 5212 3478 5266 tibi
3524 5219 3719 5276 compe-

2163 5305 2234 5359 rit
2286 5304 2522 5359 infelicis
2561 5305 2716 5374 pueri
2768 5305 3210 5373 esca-cationcm,
3261 5307 3509 5360 manibus
3554 5310 3717 5372 pectus

2161 5398 2421 5467 plangere
2447 5406 2500 5451 et
2541 5398 2744 5466 gladio,
2792 5409 2848 5451 ιιι
2881 5398 2952 5452 ita
2981 5399 3181 5463 dicam,
3226 5401 3453 5468 perfodi,
3498 5406 3642 5450 terra:
3663 5401 3717 5441 ac

2161 5491 2302 5546 ccelo
2339 5491 2634 5545 scelestum
2680 5490 2892 5546 facinus
2933 5493 3089 5562 queri
3139 5503 3192 5547 et
3227 5493 3488 5546 elementa
3525 5489 3628 5555 ipsa
3659 5481 3716 5532 ad

2137 5582 2536 5650 ulciscendum
2559 5581 2838 5650 invocare,
2861 5585 3095 5650 gemitus
3121 5596 3171 5638 et
3206 5586 3470 5655 lacrymas
3492 5582 3715 5637 fundere,

2157 5673 2384 5728 barbam
2455 5675 2692 5730 evellere
2740 5684 2794 5729 et
2825 5689 2959 5729 saxo
3011 5691 3206 5747 aspero
3235 5684 3424 5747 pectus
3469 5689 3530 5728 ac
3559 5681 3713 5742 genua

2157 5765 2515 5830 contundere,
2564 5775 2729 5834 caput
2773 5767 3067 5823 demittere
3099 5778 3156 5824 et
3206 5767 3503 5837 lugubriter
3547 5762 3712 5817 excla—

2160 5874 2308 5914 mare
2336 5877 2348 5914 :
2382 5877 2400 5911 ι
2434 5859 2478 5914 0
2509 5859 2626 5926 sol,
2650 5860 2931 5928 horresce,
2959 5877 2992 5918 ο
3013 5860 3190 5927 tellus,
3226 5861 3512 5930 iugetttiscc
3529 5867 3576 5913 et
3593 5869 3706 5910 CUII'
