4000 6420
373 374 474 440 657

1431 387 1878 453 CHRONICON
1918 391 2184 454 MAJUS.
2229 386 2295 427 4*
2325 389 2478 451 LIB.
2525 387 2575 449 ῐ.

3510 384 3540 443 ιτ
3549 382 3626 442 58

372 497 644 551 σκάνδαλα
692 499 816 564 ἄξια
863 500 1064 570 θρήνου
1111 503 1169 556 ἐν
1216 504 1281 571 τῇ
1332 499 1634 575 Ἐκκλησία
1683 505 1944 572 γεγόνασι
1974 515 2022 575 Α
2052 503 2956 574 Κωνσταντίνονητὺνδεσπότηνἐκ
2986 501 3083 572 τῆς
3109 498 3374 571 Οὖγγρων
3396 497 3634 566 πρώτης,

372 593 523 660 παρᾶ
569 592 678 644 τῶν
725 593 845 646 τότε
881 594 1206 665 ιίιρχιερέωνι
1259 597 1368 649 Καὶ
1397 597 1457 650 τὸ
1507 597 1813 668 φιλότιμον,
1869 599 1944 662 ὡς

374 684 631 753 σύνηθες,
656 686 770 745 τοῖς
803 684 1164 754 στρατιώταις
1196 686 1388 740 ἔπειτα
1425 688 1525 756 μέν
1555 688 1792 756 ἄσμενος
1816 689 1946 754 ἐδω-

379 777 606 846 ρήσατο·
642 777 737 830 καὶ
767 776 826 828 τδ
873 777 1120 846 ὑπήκοον
1152 780 1263 833 πᾶν
1297 781 1474 856 χαρᾶς
1504 779 1942 850 ἐνεπλήσθησαν.

375 870 486 940 26
524 868 724 921 Ἐλθὼν
749 869 806 922 δὲ
841 871 898 922 ὲν
930 871 994 939 τῇ
1029 871 1206 936 πόλει,
1247 871 1342 924 καὶ
1373 873 1454 935 είς
1482 871 1703 941 μνήμην
1754 872 1948 943 ἐληλυ-

376 961 484 1024 θὼς
515 954 592 1014 ῶν
611 963 639 1014 6
668 962 849 1031 πατὴρ
879 961 1080 1031 ἔπραξε
1113 964 1252 1018 κατὰ
1277 963 1368 1017 τοῦ
1402 955 1524 1018 νέου
1569 965 1815 1018 Ἰωάννου
1848 966 1959 1020 τοῦ-

377 1050 736 1120 Λασκάρεως,
765 1044 808 1118 ᾧ
951 1053 984 1121 ή
1014 1051 1116 1120 τῆς
1146 1051 1427 1118 βασιλείας
1467 1051 1672 1120 μᾶλλον
1698 1054 1946 1122 προσῆκε

375 1144 618 1213 διαδοχὴ.
659 1147 755 1196 καὶ
782 1145 882 1213 τῆς
914 1145 1275 1213 συνειδήσεως
1310 1145 1524 1214 κέντρῳ
1553 1145 1945 1214 πληττόμενος,

377 1238 470 1287 καὶ
524 1236 746 1303 μείζονα
776 1235 885 1288 τῶν
930 1236 1144 1305 ἀρετῶν
1189 1237 1288 1306 τὴν
1318 1236 1595 1308 διάκρισιν
1639 1237 1813 1307 ἔχων,
1845 1231 1948 1308 ἦκε

377 1327 528 1396 παρὰ
564 1327 655 1379 τὸν
689 1326 1040 1393 τυφλωθέντα
1091 1327 1160 1382 δι’
1205 1327 1375 1382 αὺτδν
1418 1329 1570 1398 παρὰ
1603 1329 1698 1382 τοῦ
1738 1329 1950 1398 πατρὸς

378 1420 435 1471 ἐν
467 1435 571 1471 τινι
623 1418 884 1488 πολιχνίῳ
913 1422 1012 1490 τῆς
1066 1419 1324 1484 Βιθυνίας
1381 1422 1796 1490 εὑρισκόμενον,
1854 1421 1950 1474 καὶ

380 1510 503 1564 ἰδὼν
529 1512 694 1564 αὑτὸν
725 1512 819 1564 καὶ
867 1511 938 1564 τὰ
987 1513 1265 1582 ἀνήκοντα
1316 1513 1820 1584 παραμυθούμενος
1855 1514 1953 1566 καὶ

382 1603 599 1672 μεγάλῳ
655 1603 896 1672 σχήματι
921 1601 1310 1668 ταπεινώσεως
1375 1605 1724 1675 συγχώρησιν
1782 1604 1952 1659 αίτῶν

380 1694 513 1763 παρ’
545 1693 732 1758 αὐτοῦ,
767 1694 868 1746 οὐκ
907 1693 1067 1757 είδὼς
1098 1693 1134 1748 ἃ
1160 1694 1189 1746 6
1229 1695 1414 1764 πατὴρ
1449 1696 1696 1762 ἐποίησεο
1740 1695 1832 1748 καὶ
1855 1693 1952 1750 ἐὰν

383 1780 450 1853 ἦν
478 1784 702 1837 δυνατὶν
734 1783 829 1837 καὶ
859 1783 1087 1855 ἀρεστὸν
1121 1785 1366 1856 ὑπάρχῃ,
1404 1786 1492 1840 ἵνα
1538 1785 1639 1855 τὴν
1669 1783 1951 1855 βασιλείαν

2054 593 2219 647 αδτοῦ
2255 596 2515 663 συζύγουο
2544 598 2608 650 ἐκ
2634 595 2689 649 δέ
2713 596 2810 665 τῆς
2842 594 3102 661 δευτέρας
3137 592 3492 662 Εἰρήνηςτῆς
3517 583 3626 644 ἀπδ

2056 687 2485 756 Λογγοδαρδίας,
2512 690 2611 758 τῆς
2662 690 2750 741 ἐπ’
2780 671 2984 756 ἀδελφῇ
3016 686 3286 755 θυγατρὸς
3313 683 3407 736 τοῦ
3456 683 3627 752 ρηγὺς
3653 755 3662 766 Ι

2067 775 2369 842 Ἱσπανίας,
2395 778 2668 846 ἀπογόνου
2699 777 2758 832 δέ
2804 777 3121 846 μαρκίωνος
3163 773 3627 844 Μοντεφεῤῥάτου

2053 868 2148 922 τοῦ
2199 869 2633 939 κληρωσαμένου
2678 868 2777 939 τὴν
2806 867 3230 936 Θεσσαλονίκην,
3275 865 3349 928 ὡς
3386 864 3630 934 προέφη·

2051 975 2172 1028 μεν,
2201 960 2257 1023 ὃς
2281 964 2376 1013 καλ⁸
2403 959 2506 1030 ῥὴξ
2527 959 2823 1022 Θετταλίας
2853 959 3098 1027 ἐγεγόνει
3125 959 3211 1011 ὅτε
3234 959 3283 1009 οί
3313 956 3506 1009 Ἰταλοὶ
3532 956 3632 1023 τῆς

2065 1053 2357 1122 Ῥωμαίων
2401 1053 2504 1123 γῆς
2535 1053 2737 1122 ,ὀλίγον
2783 1053 2977 1124 καιρόν
3017 1035 3456 1120 τιναέγκρατεῖς
3509 1047 3632 1115 ἐγέ-

2051 1162 2226 1206 νοντο,
2261 1145 2550 1214 ἐγέννησεν
2587 1146 2680 1199 οὖν
2723 1146 2983 1215 Ἰωάννην
3017 1144 3298 1213 Θεόδωρον
3323 1141 3418 1195 καὶ
3449 1142 3633 1210 Δημή-

2051 1255 2204 1309 τριον
2225 1237 2319 1292 καὶ
2349 1237 2629 1307 θυγατέρα
2659 1238 2888 1309 ὀνόματι
2912 1236 3209 1306 Σιμωνίδα,
3239 1234 3306 1305 ἢν
3331 1232 3525 1286 ἔλασεν
3553 1232 3632 1294 είς

2051 1330 2288 1394 γυναῖκα
2319 1328 2348 1381 6
2392 1327 2666 1393 δεσπότης
2716 1328 2968 1399 Σερσίας.
3016 1328 3124 1380 Καὶ
3154 1329 3183 1380 6
3219 1327 3318 1396 μὲν
3379 1324 3632 1390 Ἰωάννης

2053 1421 2280 1488 γυναικὶ
2313 1421 2632 1490 συζευχθεὶς
2682 1420 2851 1484 ἄπαις
2897 1419 3163 1489 τέθνηκεν
3188 1435 3203 1450 ο
3261 1418 3378 1488 ήδέ
3420 1416 3630 1486 βασιλὶς

2053 1513 2148 1566 καὶ
2173 1512 2430 1567 δέσποινα
2481 1514 2688 1584 Εἰρήνη
2744 1514 2973 1583 ἐνήγετο
3023 1513 3102 1573 είς
3151 1511 3311 1564 τοῦτο
3373 1510 3627 1579 μάλιστα.

2053 1603 2362 1676 Ζηλότυπος
2391 1599 2460 1676 ἦν
2491 1603 2589 1668 ὡς·
2615 1604 2880 1674 μητρυιὰ,
2910 1603 3006 1657 καὶ
3052 1603 3185 1674 περὶ
3235 1601 3328 1655 τὸν
3365 1600 3632 1671 προ-γονον

2053 1697 2319 1769 ἔτρεφεν.
2367 1697 2532 1752 Ὅθεν
2553 1697 2613 1749 οὐ
2669 1695 2880 1750 διέλιπε
2942 1693 3117 1750 νύκτα
3168 1711 3228 1747 τε
3277 1694 3370 1747 καὶ
3418 1692 3634 1763 ἡμέραν

2054 1788 2354 1860 ἐνοχλοῦσα
2397 1791 2492 1844 τὸν
2547 1789 2778 1861 βασιλέα
2807 1790 2904 1844 καὶ
2939 1785 3200 1856 σύζυγον.
3255 1787 3342 1840 ἵνα
3391 1787 3483 1838 καὶ
3511 1784 3641 1843 τοὺς

387 1875 549 1926 πάλιν
582 1877 850 1944 μερίσωσι
877 1875 969 1928 καὶ
998 1875 1150 1929 πᾶσα
1193 1875 1413 1941 ἐξουσία
1439 1880 1518 1940 είς
1557 1879 1750 1949 χεῖρας
1783 1875 1952 1931 αὑτοῦ
1985 1875 2028 1934 Β
2059 1881 2211 1944 υίέας
2237 1880 2412 1951 αὐτῆς
2443 1881 2739 1945 κοινωνοὺς
2771 1880 2866 1934 καὶ
2899 1878 3286 1949 συμμεριστὰς
3318 1877 3634 1946 καταστήσῃ

383 1965 594 2033 έσηταιο
627 1965 721 2016 καὶ
743 1965 811 2016 τὰ
843 1964 980 2032 πρὸς
1007 1962 1108 2034 τήν
1137 1965 1330 2035 χρείαν
1377 1966 1626 2034 ἀφθόνως
1655 1969 1836 2022 πάντα
1859 1967 1955 2021 καὶ

383 2059 651 2120 πλουσίως
682 2059 958 2128 παρέσχεν
989 2058 1141 2130 αὐτῷ
1191 2058 1278 2112 διὰ
1323 2060 1416 2112 τοῦ
1452 2059 1588 2129 βίου.
1651 2063 1714 2114 ’0
1745 2061 1810 2134 δὴ
1858 2078 1959 2114 πε-

383 2149 610 2220 πραχὼς
632 2151 724 2202 καὶ⁵
746 2150 1083 2216 πράττεσθαι
1110 2151 1501 2222 προστεταχὼς
1523 2153 1761 2223 ἄσμενος
1788 2151 1956 2224 ἀπῄει

384 2243 521 2313 πρὶς
546 2242 642 2296 ἔω.

466 2333 807 2404 Ἀνεφύησαν
838 2334 896 2388 δέ
923 2353 1072 2399 τινες
1113 2335 1363 2391 διαϐολαὶ
1395 2337 1538 2391 κατὰ
1558 2337 1652 2392 τοῦ
1681 2355 1959 2410 πορφυρο-

384 2427 648 2496 γεννήτου
677 2429 1014 2496 αὑταδέλφου
1057 2428 1154 2482 τοῦ
1208 2428 1496 2499 βασιλέως,
1543 2431 1626 2484 ὅτι
1676 2431 1957 2502 βασιλείας

385 2517 548 2588 ἔρωτι
604 2519 867 2589 τρέφεται
897 2536 914 2553 ο
969 2523 1066 2574 καὶ
1121 2522 1339 2586 στείλας
1391 2523 1596 2586 πιάσας
1645 2523 1811 2576 αὐτὸν
1863 2523 1960 2578 καὶ

387 2609 596 2672 πάντας
634 2611 760 2672 τοὺς
793 2611 1221 2682 συνομιλοῦντας
1251 2616 1508 2685 γνησίως,
1542 2615 1602 2668 ἐν
1630 2609 1713 2678 οἷς
1739 2614 1766 2667 6
1791 2613 1961 2686 προῦ-

386 2720 496 2770 χων
545 2703 761 2774 ὑπῆρχε
810 2705 878 2758 τὰ
925 2704 1163 2775 μάλιστα
1216 2707 1312 2759 καὶ
1357 2705 1574 2776 πλούτῳ
1627 2706 1724 2760 καὶ
1767 2706 1960 2774 γένους

387 2795 735 2866 λαμπρότητι
767 2797 862 2850 καὶ
910 2799 967 2851 ἐν
995 2799 1358 2869 στρατηγίαις
1385 2798 1712 2870 περιϐόητος
1739 2799 1960 2871 Μιχαὴλ

387 2887 870 2958 Στρατηγόπουλος
898 2891 924 2942 6
958 2889 1323 2960 Μελισσηνδς,
1354 2889 1414 2954 δς
1459 2891 1556 2944 καὶ
1585 2891 1646 2943 ἐν
1679 2891 1963 2962 δεσμωτη-

393 2979 528 3048 ρίοις
565 2980 979 3050 καθείργνυται,
1004 2981 1100 3034 καὶ
1127 2981 1298 3034 πολλὰ
1322 2974 1398 3036 ὧν
1425 2981 1694 3053 ἐκέκτητο
1739 2983 1964 3052 άγαθῶν

389 3073 480 3142 ἐδη
493 3073 878 3152 μοσιεύθησαν.

463 3166 569 3235 27
613 3165 900 3236 Ἐγέννησε
928 3166 984 3221 δέ
1017 3167 1165 3231 eleb;
1197 3169 1224 3222 6
1257 3168 1513 3240 βασιλεὺς
1544 3168 1642 3224 καὶ
1667 3171 1961 3243 αὐτοκρά-

2057 1967 2152 2021 τοῦ
2173 1969 2430 2040 κράτους.
2471 1969 2531 2024 '0
2552 1969 2610 2024 δέ
2656 1969 2915 2040 βασιλεὺς
2954 1968 3216 2022 ἀδύνατον
3263 1963 3408 2022 εῖναι
3451 1968 3667 2034 ἔλεγεν.

2057 2057 2158 2128 τὴν
2223 2058 2532 2130 μοναρχίαν
2613 2059 2903 2130 Ῥωμαίων
2957 2059 3298 2130 πολυαρχίας
3366 2059 3640 2128 ποιῆσαι.

2057 2149 2236 2203 Πολλὰ
2265 2149 2320 2203 δὲ
2374 2150 2634 2222 πράξασα
2681 2154 2775 2204 καὶ
2810 2151 3044 2204 είποῦσα
3095 2152 3194 2206 καὶ
3255 2149 3366 2204 τῶν
3412 2149 3644 2204 ἐλπίδων

2056 2241 2380 2310 ψευσθεῖσα,
2418 2243 2578 2314 θυμῷ
2607 2243 2876 2313 ληφθεῖσα
2900 2245 2996 2296 καὶ
3027 2243 3196 2316 λύπῃ,
3237 2243 3467 2296 πλεῖστα
3510 2244 3645 2313 χρή-

2063 2349 2208 2402 ματα
2247 2333 2328 2404 τῷ
2363 2335 2569 2405 ἑαυτῆς
2603 2335 2706 2405 υίῷ
2757 2336 3025 2408 Θεοδώρῳ
3055 2337 3278 2390 δώσασα
3323 2336 3403 2395 είς
3436 2335 3645 2403 Λογγοτ

2060 2423 2291 2495 ϐαρδίαν
2353 2426 2672 2492 ἀπέστειλε,
2735 2427 2832 2481 καὶ
2879 2427 3174 2497 μαρκίωνα
3219 2426 3330 2497 28
3359 2425 3548 2479 τοῦτον
3578 2429 3642 2495 τῇ

2062 2516 2264 2580 ἐαυτῆς
2297 2517 2516 2588 πατρίδι
2552 2518 2882 2588 κατέστησε.
2929 2517 3144 2572 Ἐκεῖσε
3195 2519 3254 2572 δέ
3292 2519 3518 2586 γυναικὶ
3552 2536 3646 2570 συ-

2060 2605 2313 2678 ζευχθεὶς
2332 2607 2392 2663 τὸ
2416 2609 2577 2677 γένος
2599 2609 2874 2664 Σπίνουλα
2908 2610 3004 2665 καὶ
3027 2609 3179 2673 υίοὺς
3206 2610 3303 2664 καὶ
3333 2610 3645 2680 θυγατέρας

2062 2703 2379 2773 ἐγέννησεν.

2134 2802 2196 2850 ε’.
2247 2797 2336 2850 Ἐν
2369 2797 2428 2851 δέ
2469 2801 2536 2870 τῇ
2581 2798 2800 2871 βασιλία
2831 2798 2926 2854 τοῦ
2963 2800 3260 2870 εἰρημένου
3307 2799 3643 2870 αὖτοκράτο-
3731 2846 3733 2848 .

2067 2903 2158 2958 ρος
2184 2889 2248 2941 ἐκ
2279 2887 2380 2959 τῆς
2423 2889 2610 2953 Ἀσίας
2644 2893 2713 2944 τὰ
2759 2893 2997 2962 μέγιστα
3027 2892 3136 2946 τῶν
3183 2891 3371 2945 κακῶν
3414 2890 3650 2961 ἀνερρά-

2065 2996 2244 3048 γησαν
2271 2981 2509 3055 πελάγη.
2543 2985 2930 3056 Συνασπισμδν
2951 2986 3000 3039 οἱ
3024 2986 3133 3039 τῶν
3162 2986 3425 3056 Τούρκων
3451 2984 3654 3050 σατρά-

2065 3086 2166 3126 παι
2217 3075 2546 3143 ποιήσαντες
2603 3077 2796 3141 πάλιν,
2849 3079 2906 3131 ἐν
2959 3072 3055 3143 ξοῖς
3106 3078 3352 3148 ὑπῆρχεν
3409 3070 3491 3140 εἷς
3539 3077 3652 3130 τῶν

2071 3161 2369 3232 σατραπῶν
2395 3164 2490 3218 καὶ
2535 3166 2563 3217 6
2630 3165 2962 3237 Ὀτθμάνης,
2997 3169 3196 3220 νεωστὶ
3252 3169 3434 3219 πάντα
3487 3167 3652 3219 τόπον

391 3274 504 3329 τωρ
545 3257 877 3330 Ἀνδρόνικος
923 3258 1132 3325 τούσδε,
1188 3259 1413 3333 Μιχαὴλ
1455 3262 1549 3314 τὸν
1592 3261 1820 3332 βασιλέα
1869 3264 1968 3318 καὶ
1992 3251 2036 3272 ν
2071 3251 2414 3322 κατέδραμον
2452 3257 2582 3326 ἄΧρι
2619 3255 2890 3328 θαλάττης
2917 3258 3122 3313 ἀκτῶν·
3160 3257 3240 3328 Τῇ
3292 3257 3418 3330 νίκῃ
3465 3257 3650 3330 ὲκείνῦ

389 3439 660 3493 fervorem
688 3439 1031 3495 Andronicus
1089 3455 1189 3510 pro
1223 3441 1619 3498 consuetudine
1667 3441 1845 3499 libens
1876 3457 1964 3498 re-

395 3539 708 3583 muneratus
730 3539 834 3592 eSI,
878 3531 1138 3601 civesque
1200 3545 1391 3586 omnes
1451 3532 1696 3602 implevit
1754 3533 1966 3590 latitia.

395 3621 447 3673 In
485 3623 671 3675 urbem
703 3638 956 3678 reversus
983 3637 1046 3677 ac
1075 3624 1416 3688 recordatus,
1474 3638 1594 3694 quae
1621 3623 1675 3680 in
1741 3639 1968 3694 puerum

400 3709 653 3768 Joannem
707 3713 986 3769 Lascarim
1045 3724 1199 3783 pater
1261 3715 1590 3780 admisisset,
1653 3702 1971 3783 praesertim

397 3819 514 3857 cunt
587 3807 662 3860 illi
711 3809 890 3874 potius
920 3807 1213 3863 deberetur
1245 3808 1556 3876 imperium,
1586 3823 1794 3878 angore
1846 3823 1976 3863 con-

397 3897 636 3953 scientia:
688 3899 1020 3962 stimulatus,
1069 3907 1254 3969 utpote
1307 3899 1448 3969 aequi
1510 3903 1757 3970 rectique
1812 3915 1974 3955 sensu

399 3996 549 4057 putre
584 3994 953 4057 praestantior,
985 3991 1245 4059 juvenem
1298 4007 1396 4045 suo
1461 3991 1752 4046 commodo
1803 4007 1980 4047 excae-

397 4089 584 4135 catum
637 4083 688 4136 in
743 4082 1002 4152 oppidulo
1064 4084 1300 4153 quodam
1372 4083 1641 4154 Bithyniae
1693 4087 1973 4140 convenit.

397 4173 674 4228 Allortttus
742 4190 891 4238 eum,
979 4175 1446 4244 quemadmodum
1501 4176 1757 4240 decebat,
1815 4177 1970 4232 vultu

397 4263 680 4316 admodum
710 4262 953 4318 demisso
1009 4264 1222 4318 veniam
1276 4265 1410 4334 petit
1463 4278 1681 4328 eorum,
1739 4280 1862 4333 quae
1919 4279 1978 4320 se

398 4354 570 4406 inscio
622 4363 773 4424 puter
830 4355 882 4407 in
945 4353 1100 4409 illum
1154 4354 1475 4421 statuisset;
1524 4354 1976 4425 cohortatnrque,

401 4457 482 4510 ut,
510 4449 554 4502 si
595 4447 708 4500 ﬁeri
741 4459 924 4518 posset
957 4457 1009 4501 et
1051 4449 1153 4517 ipsi
1184 4458 1468 4519 acceptum
1502 4457 1672 4514 esset,
1697 4450 1975 4520 partiren-

2071 3449 2136 3488 οι
2159 3433 2538 3507 Hnngarorum
2557 3437 2698 3509 regis
2722 3439 2850 3506 lilia,
2866 3439 3099 3511 conjuge
3118 3441 3328 3510 priore;
3366 3456 3430 3496 ex
3456 3441 3648 3506 altera,

2072 3523 2248 3591 lrene,
2279 3542 2309 3579 e
2339 3525 2663 3584 Lombardis
2692 3531 2920 3587 oriunda
2949 3541 3110 3599 atque
3134 3532 3242 3586 lilia
3275 3531 3478 3587 sororis
3509 3531 3652 3599 regis

2079 3619 2350 3689 Hispaniae
2378 3632 2433 3678 et
2489 3623 2634 3693 nepti
2697 3624 3032 3679 marchionis
3102 3623 3649 3684 Montisferratensis,

2076 3712 2339 3782 ejusdem,
2361 3716 2452 3784 qui
2485 3712 2952 3777 Thessalonicam,
2981 3723 3040 3770 ut
3097 3723 3221 3768 ante
3236 3712 3650 3782 explicavimus,

2080 3815 2271 3860 nactus
2302 3815 2382 3860 est
2421 3813 2476 3860 et
2501 3803 2890 3862 Thessalorum
2927 3821 3021 3861 rex
3068 3805 3186 3870 fuit,
3219 3804 3438 3874 quando
3469 3801 3653 3858 Latini

2081 3897 2397 3965 aliquandiu
2427 3897 2795 3977 Romanorum
2849 3907 3139 3953 tenuerunt
3193 3896 3527 3968 provincias,
3587 3913 3652 3951 cx

2082 3991 2185 4045 hac
2221 3990 2385 4061 igitur
2417 3991 2722 4060 procreavit
2749 3989 3034 4050 Joannem,
3064 3989 3434 4058 Theodorum,
3463 3991 3660 4046 Demc-

2081 4083 2242 4137 trium
2274 4093 2325 4137 et
2353 4081 2515 4137 tiliam
2539 4082 2896 4149 Simonidem,
2952 4096 3114 4150 quam
3158 4082 3362 4138 Serviat
3431 4085 3651 4152 despota

2081 4176 2180 4230 sibi
2205 4174 2388 4244 junxit
2415 4177 2781 4232 matrimonio.
2827 4175 2892 4229 Et
2929 4173 3164 4230 Joannes
3213 4175 3430 4245 quidem
3498 4177 3658 4231 uxori

2081 4264 2326 4335 junctus,
2381 4265 2546 4320 nullis
2597 4273 2775 4320 tamen
2833 4266 3107 4334 susceptis
3157 4266 3341 4321 liberis
3393 4266 3656 4341 decessit.

2081 4354 2347 4410 Caeterum
2372 4354 2525 4411 lrene
2551 4355 2867 4426 imper-atris
2923 4355 3325 4412 studiosissime
3381 4371 3478 4413 sua
3509 4372 3660 4426 qua:-

2083 4449 2207 4502 dam
2256 4448 2588 4517 sequebatur
2629 4448 2883 4504 consilia.
2941 4448 3230 4517 lnvidiose,
3280 4458 3340 4504 ut
3397 4465 3653 4514 noverca,

397 4552 485 4594 tur
508 4542 791 4610 imperium
827 4554 1152 4610 summaque
1208 4542 1263 4596 in
1325 4542 1470 4597 illius
1524 4557 1720 4598 manus
1771 4541 1972 4599 rediret
2000 4546 2053 4608 ι)
2082 4539 2250 4593 ﬁlium
2279 4546 2408 4592 natu
2437 4539 2730 4592 maximqu
2765 4539 2973 4605 habuit,
3023 4554 3122 4594 nec
3146 4553 3382 4608 unquam
3420 4541 3658 4594 cessavit

396 4642 655 4701 potestas,
685 4631 766 4686 Ad
792 4635 956 4686 vitam
1009 4649 1128 4704 qum
1173 4643 1332 4689 erant
1393 4635 1728 4701 necessaria,
1784 4635 1969 4691 omnia
2081 4627 2472 4698 imperatorem
2490 4627 2743 4680 maritum
2779 4643 2992 4697 urgere,
3035 4637 3096 4682 ιιι
3125 4641 3254 4682 suos
3273 4628 3412 4681 ﬁlios
3436 4627 3682 4695 imperiis

397 4725 496 4788 illi,
525 4725 704 4794 quoad
731 4725 785 4779 in
811 4727 946 4781 vivis
979 4735 1117 4793 erat,
1150 4725 1354 4780 aﬂ‘atim
1381 4726 1786 4796 suppeditabat.
1846 4727 1973 4783 Hzee
2077 4729 2358 4774 consortes
2384 4726 2437 4774 et
2477 4720 2769 4789 participes
2809 4719 3038 4775 faceret.
3069 4717 3323 4789 Negabat
3357 4720 3658 4788 imperator

397 4834 518 4871 ιιιιιη
549 4819 767 4874 fecisset
803 4831 964 4887 atque
986 4829 1042 4874 ut
1100 4819 1315 4884 tierent,
1373 4818 1718 4888 imperasset,
1783 4821 1975 4876 hilaris
2080 4812 2195 4866 ﬁeri
2231 4827 2411 4882 ροεθθς
2440 4821 2500 4867 ιιι
2534 4812 2847 4867 ηιοητιτοιιῖδ
2900 4811 3268 4866 Romanorum
3316 4815 3382 4865 3"
3437 4814 3656 4882 βουπ-

399 4909 452 4962 ἰιι
487 4907 748 4971 orientem
782 4909 1057 4980 profectus
1102 4919 1210 4966 est.
2079 4904 2258 4958 chiam
2293 4904 2648 4974 redigeretur.
2679 4905 2864 4972 Itaque
2917 4903 3086 4958 multa
3140 4903 3302 4957 rebus
3357 4916 3420 4957 ac
3473 4904 3662 4956 verbis

475 4997 1322 5057 lutendehanturcriminationes
1345 5001 1976 5071 qumdamConstantino
2079 5009 2322 5065 experta,
2353 4999 2590 5062 tandem,
2622 5013 2747 5052 cum
2811 5010 2905 5064 spe
2949 5012 3042 5050 sua
3099 4995 3417 5059 excidisset,
3494 4994 3650 5048 iraet

401 5091 892 5163 Porpltyrogenito,
989 5093 1338 5163 imperatoris
1392 5093 1571 5160 fratri,
1632 5103 1688 5148 ut
1753 5094 1973 5164 imperii

405 5185 697 5252 appetenti.
739 5186 915 5242 Missis
948 5187 1298 5254 satellitibus,
1331 5188 1522 5266 ipsum
1559 5187 1979 5255 comprehendit

405 5287 738 5346 cunctosque
766 5277 886 5347 ejus
922 5278 1242 5344 familiares,
1279 5281 1332 5334 in
1365 5280 1563 5350 quibus
1592 5296 1702 5348 pra:
1761 5281 1979 5336 caeteris

411 5379 522 5430 tum
563 5371 769 5425 divitiis
802 5382 914 5427 tum
943 5371 1162 5440 generis
1193 5369 1445 5426 claritate
1492 5378 1546 5425 et
1605 5369 1731 5424 belli
1781 5371 1977 5439 peritia

409 5464 683 5517 eminebat
715 5463 940 5518 Michael
998 5463 1415 5535 StrategOpnlus
1442 5463 1780 5525 Melissenns,
1802 5463 1894 5532 qui
1924 5470 1982 5518 et

412 5556 527 5623 ipse
560 5571 681 5611 cum
714 5557 938 5627 reliquis
961 5557 1012 5610 in
1039 5557 1254 5612 vincula
1285 5555 1600 5624 conjicitur,
1635 5555 1823 5620 bonis,
1860 5569 1982 5624 quae

411 5648 741 5717 possidebat,
767 5665 959 5720 magna
984 5665 1048 5706 ex
1099 5659 1257 5719 parte
1283 5649 1593 5719 publicatis.

482 5738 794 5794 Procreavit
849 5739 1142 5808 imperator
1188 5739 1533 5796 Andronicus
1581 5737 1717 5791 ﬁlios
1771 5735 1979 5791 hosce:

355 5893 378 5902 ._
413 5829 724 5886 Michaelcm
755 5835 1136 5902 imperatorem
1169 5840 1225 5887 ct
1244 5831 1667 5887 Constantinum
1691 5828 1978 5899 despotam

2082 5088 2270 5144 dolore
2328 5087 2551 5154 abrepta
2641 5087 2984 5141 Theodorum
3055 5085 3222 5138 tilium
3284 5099 3410 5139 cum
3467 5088 3662 5154 grandi

2083 5179 2308 5249 pecunia
2342 5181 2394 5233 in
2426 5177 2816 5249 Longobardos
2866 5178 3018 5232 misit
3066 5187 3120 5231 et
3150 5177 3341 5245 patria:
3363 5192 3476 5231 suae
3528 5192 3659 5231 con-

2085 5273 2264 5329 ssitnit
2290 5273 2689 5326 marchionem.
2711 5269 2784 5326 lbi
2813 5271 2859 5324 is
2887 5286 2917 5325 e
2936 5280 3096 5340 gente
3114 5269 3472 5339 Spiunlnrum
3493 5268 3658 5323 ducta

2084 5371 2274 5429 u‘xorc,
2307 5363 2593 5433 utriusque
2641 5377 2804 5418 sexus
2835 5363 3035 5418 liberos
3069 5363 3376 5432 generavit.

2153 5455 2205 5509 5.
2262 5455 2572 5524 lmperante
2632 5468 2720 5518 eo,
2783 5467 2945 5522 quem
3001 5453 3263 5516 diximus,
3331 5452 3662 5513 Andronico,

2084 5546 2336 5617 ingentes
2359 5546 2724 5600 calamitatum
2765 5544 2962 5600 ﬂuctus
2985 5545 3036 5600 in
3062 5545 3186 5600 Asia
3205 5542 3466 5600 concitati
3511 5551 3660 5597 sunt.

2087 5638 2302 5693 Etenim
2336 5637 2634 5693 Turcarutn
2669 5647 2920 5706 satrapae,
2952 5637 3004 5690 in
3067 5637 3267 5704 quibus
3327 5651 3467 5689 unus
3529 5645 3652 5689 erat.

2088 5732 2414 5794 0thmanes,
2443 5731 2649 5785 findere
2689 5729 2959 5798 conjuncti
3016 5729 3186 5783 modo
3205 5742 3390 5782 attines
3442 5737 3655 5780 tractus

2089 5823 2154 5879 ad
2187 5839 2333 5880 mare
2394 5837 2566 5895 usque
2628 5820 2908 5891 pervagari
2957 5829 3254 5890 carperent,
3313 5833 3375 5874 ac
3435 5817 3683 5874 vit-toria-
