4000 6428
359 402 464 465 CM

1586 403 1910 464 GEORGII
1948 400 2388 463 PllR.—\NTZ.E

360 525 534 592 θρασύ
557 522 763 584 θέντες,
782 519 869 573 διὰ
896 518 989 572 τοῦ
1017 518 1415 592 Ἑλλησπόντου
1436 521 1496 574 ἐν
1516 523 1582 592 τῇ
1611 519 1949 593 Χερρονήσῳ
1983 518 2086 587 Ai}
2115 517 2193 581 ὡς
2223 515 2588 588 ἀνδραπόδοις
2634 497 2944 598 ἐχρήσαντο
2967 528 2982 544 ο
3028 513 3122 566 καὶ
3153 511 3255 565 οὐκ
3280 496 3478 580 ἠλέουν
3521 512 3645 566 τινὰ

357 615 460 684 τῆς
485 613 714 684 Θρᾴκης
763 612 1113 681 περάσαντες
1163 614 1274 667 πᾶν
1317 613 1489 666 κακὸν
1531 616 1626 666 καὶ
1671 614 1846 667 δεινὸν
1892 615 1951 664 ἐν

363 707 594 768 ἐκείνοις
643 708 758 767 τοῖς
817 705 1011 775 μέρεσι
1068 705 1395 772 διέπραξαν,
1451 709 1548 760 καὶ
1581 707 1754 761 πολὺν
1786 708 1953 759 τόπον

360 802 648 870 διήρχοντο
675 800 982 869 ληῖξοντες.
1008 798 1151 855 ὥστε
1181 801 1322 870 μήτε
1347 801 1610 872 ἀροτριᾷν
1635 803 1771 871 μήτε
1804 802 1956 853 σπεί-

365 909 484 962 ρειν
516 889 644 944 οὔτε
678 891 787 962 τῶν
827 891 1038 944 πόλεων
1069 892 1275 958 ἐξιέναι
1308 893 1571 947 ἐδύναντο
1603 895 1696 945 ἐπὶ
1747 893 1866 956 ἐτος
1895 892 1956 945 ἓν

365 983 462 1037 καὶ
500 983 677 1053 μῆνας
706 984 843 1037 δέκα
866 1023 878 1036 .
917 981 1119 1054 Ἔτυχε
1155 985 1212 1038 δὲ
1261 987 1356 1038 καὶ
1385 983 1547 1050 τοῦτο
1578 988 1635 1038 ἐν
1667 987 1783 1048 τοῖς
1827 1003 1957 1042 και-

369 1077 483 1144 ροῖς
513 1077 768 1140 ἐκείνοις,
799 1079 1066 1147 ἐμπεσεῖν
1095 1079 1324 1133 Λατῖνόν
1355 1098 1477 1134 τινα
1497 1123 1511 1144 ,
1544 1079 1866 1135 Καταλόινον
1896 1080 1957 1133 τὸ

363 1170 546 1236 γένος,
592 1169 872 1239 Ῥογέριον
915 1169 1181 1241 τοῦνομα.
1240 1171 1534 1242 Ἀθροίσσις
1560 1174 1624 1226 ἐκ
1655 1175 1754 1243 τῆς
1803 1175 1957 1226 κάτω

378 1259 615 1332 Ἰϐηρίας
653 1261 1045 1331 στρατόπεδον,
1087 1264 1183 1315 καὶ
1221 1265 1471 1333 τριήρεις
1518 1263 1790 1333 τέτταρας
1820 1262 1958 1333 πλη·

367 1353 574 1424 ρὼσας,
604 1353 901 1425 λῃστρικὸν
938 1347 1114 1419 ἀδεῶς
1161 1356 1353 1428 μετῄει
1383 1355 1522 1427 βίον,
1555 1339 1865 1420 δεινότατος
1900 1357 1959 1408 ἐν

362 1448 542 1515 τούτῳ
590 1448 935 1515 γενόμενος·
990 1450 1049 1501 ού
1109 1449 1272 1518 μόνον
1334 1453 1443 1520 γάρ
1495 1450 1658 1504 ναυσὶ
1711 1450 1956 1520 φορτίοις

363 1539 667 1604 ἐπετίθετο,
697 1525 835 1594 ἀλλὰ
875 1541 971 1593 καὶ
1015 1541 1188 1605 αὐτὰς
1217 1542 1282 1612 δὴ
1315 1543 1415 1607 τὰς
1447 1544 1697 1612 μεγάλας
1725 1544 1958 1614 τῶννή·

366 1648 477 1686 σων
510 1629 844 1708 ἐσκύλευσίεἸ
885 1636 982 1689 καὶ
1031 1637 1264 1708 φοϐερὸς
1319 1639 1378 1691 ἐν
1411 1641 1476 1710 τῇ
1512 1640 1663 1693 κάτω
1709 1639 1959 1712 θαλάσση

363 1727 540 1780 ἐδόκει
573 1725 736 1784 εἶναι.
789 1725 980 1795 Ἔδοξε
1009 1729 1195 1784 τοίνυν
1237 1730 1413 1802 τούτῳ
1453 1731 1533 1801 τῷ
1583 1731 1806 1802 ἄρχοντι
1844 1731 1961 1784 δια-

363 1820 846 1892 πρεσϐευσαμένῳ
914 1823 1053 1892 πρὸς
1123 1805 1216 1878 τδν
1287 1824 1518 1895 βασιλέα

367 1919 744 1987 συμμαχῆσαι
777 1918 923 1988 αὐτῷ
961 1911 1114 1973 κατὰ
1134 1921 1245 1974 τῶν
1275 1912 1542 1992 Τούρκων
1568 1937 1580 1949 ·
1615 1920 1714 1973 καὶ
1743 1923 1769 1972 ὁ
1803 1921 1958 1990 βασι-

361 2009 492 2072 λεὺς
519 2011 619 2081 τὴν
654 2011 961 2081 πρεσϐείαν
992 2011 1310 2083 δεξάμενος,
1343 2003 1484 2083 ἄρας
1516 2003 1725 2077 ἐκεῖνος
1759 2014 1826 2066 ἐκ
1849 2011 1960 2065 τῶν

364 2089 639 2173 ἐσπερίων
809 2105 946 2176 πρὸς
973 2106 1035 2158 τὸ
1059 2107 1355 2172 Βυζάντιον
1385 2107 1630 2178 ἔρχεται,
1662 2107 1805 2176 ἔχων
1833 2105 1958 2177 μεθ’

357 2195 574 2248 ἑαυτοῦ
598 2196 896 2266 δισχιλίους
931 2197 1134 2266 ἄνδρας
1164 2200 1452 2268 μαχικούς.
1494 2190 1602 2253 Καὶ
1627 2201 1653 2251 ὁ
1701 2197 1958 2269 βασιλεὺς

361 2287 441 2357 τῷ
467 2287 563 2340 τοῦ
612 2291 854 2358 μεγάλου
911 2275 1102 2355 eam;
1159 2294 1402 2363 όφφικίῳ
1449 2291 1642 2346 τοῦτον
1700 2292 1958 2360 ἐτίμησε.

361 2381 502 2436 Μετ’
534 2381 715 2449 ὀλίγον
746 2383 802 2436 δὲ
831 2384 960 2454 ἥκει
999 2387 1093 2438 καὶ
1136 2382 1322 2456 ἕτερος
1357 2386 1682 2448 Καταλάνος
1713 2382 1962 2451 τοῠυομα

364 2477 724 2548 Πιριγκέριος
779 2477 1068 2544 Τέντζας,
1133 2470 1408 2546 συγγενὴς
1466 2478 1562 2531 τοῦ
1634 2477 1957 2546 Ῥογερίου.

365 2569 479 2622 Καὶ
505 2571 532 2622 ὁ
557 2569 812 2638 βασιλεὺς
849 2570 948 2639 μὲν
975 2571 1076 2640 τὴν
1100 2570 1208 2622 τῶν
1239 2571 1547 2640 χρημάτων
1577 2569 1828 2636 δαπάνην
1859 2567 1960 2638 τὴν

361 2661 649 2731 ἀρκοῦσαν
704 2664 837 2731 περὶ
890 2665 957 2714 τὰ
1004 2662 1234 2715 ἐκείνων
1282 2663 1558 2732 ἐνδύματα
1611 2662 1708 2715 καὶ
1749 2660 1960 2731 δωρεάς

364 2756 462 2806 καὶ
493 2753 562 2805 τὰ
592 2754 850 2807 ἐπίλοιπα
891 2756 1181 2824 σιτηρέσια
1219 2757 1297 2817 εἰς
1331 2755 1656 2826 πλησμονὴν
1679 2755 1916 2809 δέδωκεν
1943 2772 1956 2786 ’

362 2846 551 2913 ὀλίγου
601 2846 658 2898 δέ
721 2846 919 2917 καιροῦ
973 2847 1344 2918 παρελθόντος
1403 2848 1665 2916 διέϐησαν
1727 2849 1810 2912 είς
1862 2845 1961 2915 τὴν

357 2940 570 3010 -Ἅσίαν
625 2933 768 3004 μετὰ
822 2940 1061 3009 στρατοῦ
1093 2939 1188 2993 τοῦ
1242 2939 1508 3008 πολεμεῖν
1542 2939 1668 3004 τοὺς
1699 2926 1957 3009 ἐχθρούς.

363 3031 477 3086 Kal.
507 3033 567 3084 οὐ
622 3034 754 3102 περὶ
797 3033 908 3085 τῶν
941 3020 1153 3104 ἐχθρῶν
1205 3034 1394 3095 αὐτοῖς
1438 3031 1660 3102 ἔμελεν,
1711 3032 1850 3084 ἀλλὰ
1901 3030 1962 3084 τὸ

369 3127 618 3196 ὑπήκοον
647 3127 880 3181 πλεῖστα
911 3126 1173 3183 ἐλύπουν.
1203 3119 1317 3182 Καὶ
1349 3128 1402 3181 τί
1436 3128 1542 3198 χρὴ
1572 3126 1756 3195 λέγειν
1784 3123 1962 3177 ὁπόσα

1611 1826 1957 1898 Ἀνδρόνικον
1991 1842 2008 1898 ;

2054 610 2385 680 δακρύοντα,
2417 607 2556 664 ἀλλὰ
2589 610 2702 671 τοῖς
2737 597 3004 677 ὑπηκόοις
3031 605 3233 677 μᾶλλον
3257 597 3476 658 ἐποίουν
3500 604 3645 659 κακὰ

2056 701 2196 774 ὑπὲρ
2227 696 2447 765 ἀσεϐεῖς
2473 683 2569 755 καί
2591 699 2846 771 ἐχθρούς.
2875 698 2984 754 Kal.
3003 697 3072 772 ἦν
3107 700 3237 754 ἰδεῖν
3261 699 3321 753 οὐ
3352 700 3518 768 μόνον
3546 700 3648 761 τὰς

2055 799 2248 860 οὐσίας
2299 792 2652 868 ἁρπάζοντας
2682 795 2793 848 τῶν
2850 793 3226 864 ταλαιπώρων
3277 793 3644 866 Χριστιανῶν,

2057 892 2196 945 ἀλλὰ
2229 891 2547 962 θυγατέρας
2577 893 2674 964 καὶ
2702 891 2980 957 γυναῖκας
3011 888 3361 958 ὑϐρίζοντας.
3395 885 3647 958 Πρεοϐῠ-

2055 1002 2150 1038 ται
2207 985 2266 1038 δέ
2297 983 2394 1037 καὶ
2449 977 2626 1054 ἱερεῖς¹
2675 979 3036 1053 ἐδεσμεύοντο
3095 982 3191 1034 καὶ
3225 980 3645 1050 ἐμαστιγοῦντο.

2059 1063 2247 1130 ταῦτα
2296 1068 2488 1147 μαθὼν
2534 1071 2564 1129 ὁ
2609 1074 2870 1146 βασιλεὺς
2901 1073 3062 1144 Θυμῷ
3091 1075 3326 1143 ἐτήκετο
3358 1072 3453 1127 καί
3502 1089 3651 1134 τινος

2063 1169 2316 1239 μηχανῆς
2375 1167 2687 1239 βοηθούσης
2738 1159 2940 1220 ἐδέετο.
2994 1158 3311 1220 Διαϐαίνειν
3367 1162 3504 1232 πρὸς
3553 1166 3650 1234 τὴν

2059 1251 2284 1334 Θρᾴκην
2316 1260 2407 1315 τὸν
2455 1248 2734 1332 Ῥογέριον
2786 1262 2925 1330 μετὰ
2970 1259 3067 1312 τοῦ
3119 1259 3495 1329 στρατοπέδου
3527 1258 3651 1311 ἐκέ-

2059 1341 2224 1407 λευσε
2253 1353 2393 1425 πρὸς
2424 1354 2485 1406 τὸ
2514 1355 2612 1422 τῆς
2644 1353 3107 1415 Καλλιουπόλεως
3137 1353 3423 1422 φρούριον.
3461 1351 3571 1405 Καὶ
3593 1349 3653 1402 τὸ

2063 1432 2434 1517 στρατόπεδον
2479 1447 2600 1499 ἐκεῖ
2650 1444 2972 1499 καταλιπὼν
3026 1445 3164 1515 πρὸς
3207 1445 3300 1499 τδν
3351 1443 3578 1513 βασιλέα
3625 1445 3653 1495 ι

2074 1535 2354 1609 Ῥογέριος
2407 1539 2550 1609 μετὰ
2597 1536 2764 1592 τινῶν
2823 1539 2906 1601 είς
2955 1537 3334 1610 προσκύνησιν
3381 1535 3649 1607 ἔρχεται.

2063 1619 2138 1685 Οὔ
2169 1633 2466 1701 γενομένου
2653 1631 2682 1686 6
2714 1618 2976 1700 βασιλεὺς
3006 1633 3132 1694 τοὺς
3178 1630 3550 1700 παρεστῶτας
3577 1629 3652 1694 Et-

2063 1721 2263 1795 φῆρεις
2294 1724 2612 1796 προστάξας
2641 1726 2870 1789 τούτους
2905 1724 3235 1794 κατέκοψαν.
3273 1725 3556 1786 Μαθόντες
3598 1723 3655 1776 δὲ

2063 1807 2112 1870 οἱ
2147 1816 2328 1889 ἕτεροι
2360 1818 2584 1871 Λατῖνοι
2611 1817 2660 1870 ol
2688 1819 2747 1869 ἐν
2769 1817 2836 1890 τῇ
2863 1813 3264 1871 Καλλίουπόλει
3291 1817 3361 1872 τὰ
3388 1816 3654 1884 γενόμενα

2065 1910 2145 1972 εἰς
2199 1910 2541 1964 ἀποστασίαν
2591 1903 2939 1990 ἐτράπησαν,
2974 1910 3072 1964 καὶ
3117 1905 3246 1973 τοὺς
3292 1911 3474 1962 ἐκεῖσε
3517 1908 3652 1963 Ῥω-

2067 2001 2264 2072 μαίους
2289 2001 2676 2073 κατέσφαξαν,
2725 2004 2794 2057 τὰ
2816 2001 2876 2058 δὲ
2903 1997 3059 2074 τείχη
3090 2003 3492 2074 ὀχυρώσαντες
3520 2001 3629 2070 κρά
3653 2036 3658 2040 -

2063 2087 2247 2150 τιστον
2281 2099 2623 2169 ὁρμητήριον
2681 2091 2831 2168 εἶχον
2883 2081 2984 2152 καλ
3032 2097 3172 2167 μετά
3223 2095 3337 2150 τῶν
3395 2094 3657 2166 Τούρκων

2062 2186 2468 2257 ὁμονοήσαντες
2511 2188 2594 2251 είς
2650 2187 2900 2258 φανεράν
2956 2189 3222 2259 λῃστείαν
3262 2187 3360 2240 καὶ
3396 2186 3657 2256 ἁρπαγὴν

2065 2281 2313 2351 ἐξῆλθον.
2365 2281 2423 2334 '0
2449 2281 2506 2334 δέ
2541 2282 2803 2358 βασιλεὺς
2852 2281 3208 2360 Μιχαὴλ-τὰς
3253 2281 3537 2352 Θρᾳκικὰς
3565 2278 3656 2332 καὶ

2065 2363 2449 2439 Μακεδονικὰς
2478 2361 2745 2447 δυνάμεις
2772 2375 2955 2430 λαϐὼν
2987 2369 3121 2446 ἦλθε
3154 2375 3278 2429 κατ’
3311 2374 3518 2435 αὐτῶν,
3564 2372 3661 2425 καὶ

2065 2465 2364 2538 συμϐαλὼν
2388 2471 2576 2534 αὐτοῖς
2611 2469 2768 2524 οὐδὲν
2811 2463 3074 2540 ἐποίησεν
3095 2510 3108 2533 ,
3137 2469 3276 2539 ἀλλὰ
3325 2467 3422 2521 καὶ
3459 2465 3660 2538 μᾶλλον

2065 2557 2446 2630 ἐζημιωμένος
2472 2559 2910 2632 ἐπανέστρεψεν.
2945 2557 3084 2616 Εἶτα
3123 2562 3170 2613 οί
3204 2559 3439 2631 ἄρχηγοῖ
3478 2555 3658 2612 αύτῶν

2063 2643 2455 2723 διαφερόμενοι
2481 2651 2883 2725 ἐμερίσθησαν,
2927 2654 3024 2730 καὶ
3069 2652 3212 2716 τίνές
3244 2651 3344 2723 μὶν
3373 2643 3511 2722 πρὸς
3565 2649 3657 2704 τὸν

2068 2743 2297 2817 βασιλέα
2329 2741 2517 2818 ἦλθον,
2548 2747 2728 2818 ἐτεροι
2755 2747 2814 2802 δὲ
2854 2746 2992 2818 μετὰ
3027 2748 3138 2800 τῶν
3169 2743 3432 2817 Τούρκιιιν
3461 2743 3660 2816 mps-

2065 2833 2246 2906 τευον,
2273 2833 2453 2911 ἕτεροι
2479 2833 2536 2893 δέ
2569 2839 2935 2916 λῃστεύοντες
2975 2843 3042 2896 τὰ
3072 2823 3212 2914 πρός
3239 2841 3298 2894 τὸ
3325 2839 3428 2911 ζῇν
3473 2838 3659 2909 ἐπορί-

2067 2927 2247 3000 ζοντο,
2275 2932 2382 2997 ἕως
2408 2935 2507 2987 καὶ
2541 2936 2624 2999 είς
2651 2933 2805 2998 τέλος
2830 2920 3293 3007 ἐξουθενήθησαν.

2152 3027 2214 3081 Ὅ
2245 3012 2302 3081 δέ
2329 3026 2589 3099 βασιλεὺς
2641 3020 2868 3101 Μιχαὴλ
2910 3031 3147 3098 στρατὸν
3180 3021 3342 3086 πάλιν
3369 3028 3655 3103 συναθροί-

2069 3139 2169 3201 σας
2186 3121 2409 3194 ἔρχεται
2431 3123 2573 3194 πρὸς
2588 3122 2687 3192 τὴν
2709 3123 3064 3194 Χερρόνησον
3087 3123 3228 3178 κατὰ
3248 3124 3354 3177 τῶν
3372 3123 3651 3193 Τούρκων,

369 3217 702 3287 εἰργάσαντο
755 3217 902 3272 κακὰ
951 3219 1247 3288 παριόντες
1292 3219 1391 3273 καὶ
1419 3218 1610 3284 δεινάς
1644 3220 1773 3280 Τοῖς
1823 3217 1961 3288 Χρι-
1992 3210 2036 3269 C
2071 3215 2167 3268 καλ⁵
2204 3210 2463 3268 τοσοῦτον
2495 3215 2733 3286 ἐσφάλη·
2767 3217 2863 3270 καὶ
2889 3217 3178 3288 αἰφνιδίως
3209 3219 3303 3272 τὸν
3335 3217 3567 3288 στρατὸν
3609 3217 3658 3269 οι

370 3312 615 3373 στιανοῖς
663 3311 897 3381 ἀνδράσι
949 3328 1009 3363 τε
1080 3313 1174 3365 καὶ
1229 3313 1479 3381 γυναιξὶν
1529 3312 1686 3364 οὐδὲν
1734 3312 1962 3382 ἄμεινον

367 3483 604 3554 feroces,
635 3489 730 3558 per
761 3487 1169 3558 Hellespontum
1192 3490 1244 3543 in
1287 3489 1693 3547 Chersonesum
1715 3489 1965 3548 Thraciae

369 3586 608 3656 trajecti,
644 3600 807 3641 omne
833 3585 1098 3640 malorum
1131 3585 1512 3655 scelerumque
1550 3602 1724 3657 genus
1778 3588 1965 3644 edide—

366 3687 496 3734 runt
516 3677 936 3750 latrociniisque
965 3677 1170 3734 multas
1213 3678 1470 3748 regiones
1527 3678 1600 3733 ita
1657 3689 1958 3744 vexarunt,

370 3781 430 3826 ιιι
451 3785 551 3826 nec
583 3785 766 3837 arare,
799 3785 904 3826 nec
933 3784 1118 3826 serere
1152 3784 1255 3826 nec
1281 3785 1348 3826 ex
1380 3770 1598 3842 oppidis
1628 3771 1815 3843 egredi
1864 3785 1962 3843 per

369 3880 535 3920 unum
583 3880 787 3919 annum
837 3873 894 3920 et
947 3880 1169 3921 menses
1232 3865 1420 3921 decem
1484 3865 1967 3922 liceret.-Accidit

367 3959 560 4013 eodem
618 3965 890 4028 tempore,
972 3967 1031 4012 ιιι
1095 3957 1324 4035 Latinus
1375 3958 1598 4029 quidam
1653 3958 1963 4022 adveniret,

370 4049 593 4106 natione
615 4050 946 4117 Catelanus,
982 4051 1204 4106 nomine
1229 4051 1525 4122 Rogerius.
1587 4047 1660 4114 ls,
1691 4064 1758 4105 ex
1815 4047 1959 4105 infe-

367 4144 513 4200 riore
543 4144 721 4200 Iberia
755 4145 1002 4202 collectis
1033 4147 1206 4215 copiis
1233 4155 1288 4200 ct
1353 4145 1676 4202 triremibus
1727 4152 1967 4214 quatuor

365 4237 626 4305 impletis,
662 4237 837 4294 libere
867 4239 1154 4310 piraticam
1206 4237 1472 4307 faciebat,
1521 4240 1576 4294 in
1635 4253 1745 4308 qua
1797 4253 1965 4294 exer-

365 4325 728 4386 citatissimus
756 4339 897 4385 erat.
936 4331 1148 4386 Etenim
1174 4346 1286 4386 non
1314 4331 1490 4386 solum
1541 4345 1708 4388 naves
1769 4346 1965 4388 onera-

367 4425 478 4478 rias
501 4422 949 4495 aggrediebatur,
989 4423 1085 4478 sed
1143 4423 1310 4478 etiam
1368 4437 1596 4494 magnas
1649 4423 1958 4494 depopula-

2065 3299 2305 3362 ἐναντίοι
2339 3301 2897 3378 περικυκλῶσαντες,
2932 3311 3014 3372 είς
3048 3310 3230 3381 φυγὴν
3266 3310 3588 3378 ἐτράπησαν
3609 3308 3660 3360 οἱ

2069 3479 2253 3544 mitius
2271 3474 2732 3559 quam.mancipia
2767 3477 3110 3554 habuerunt;
3137 3490 3340 3546 nullius
3387 3489 3659 3560 lacrymas

2071 3583 2337 3649 miserati,
2377 3585 2619 3656 gravius,
2641 3599 2807 3662 quam
2835 3586 2940 3656 ipsi
2971 3585 3156 3642 hostes
3220 3594 3275 3642 et
3325 3586 3500 3657 impii,
3545 3585 3654 3640 Ro-

2071 3689 2262 3728 manos
2291 3673 2580 3731 vexarunt.
2618 3675 2847 3732 Videres
2869 3677 3312 3733 Christianorum
3355 3677 3660 3732 infelicium

2071 3785 2176 3824 non
2211 3769 2386 3824 solum
2421 3755 2562 3824 bona
2595 3770 2831 3842 direpta,
2857 3772 2954 3827 sed
2987 3772 3154 3827 etiam
3188 3772 3328 3827 ﬁlias
3356 3782 3412 3829 et
3457 3785 3659 3826 uxores

2069 3865 2312 3930 vitiatas,
2338 3878 2498 3920 senes
2525 3874 2578 3920 et
2607 3864 2926 3922 sacerdotes
2982 3866 3196 3922 vinctos
3222 3876 3278 3921 et
3336 3866 3658 3938 ﬂagellatos.

2067 3957 2198 4024 Qum
2229 3966 2286 4012 ut
2317 3953 2543 4014 rescivit
2574 3959 2894 4028 imperator,
2919 3960 3000 4014 ira
3033 3959 3321 4016 contabuit
3365 3976 3464 4015 nec
3529 3976 3662 4014 con-

2066 4049 2248 4106 silium
2283 4051 2507 4121 reperit,
2538 4065 2650 4122 quo
2669 4052 2754 4107 his
2789 4053 2945 4108 malis
2992 4053 3328 4108 mederetur.
3380 4052 3436 4107 In
3481 4053 3662 4107 Thra-

2068 4142 2208 4197 ciam
2245 4145 2313 4196 ad
2337 4141 2593 4215 oppidum
2623 4141 2970 4214 Calliopolim
3018 4158 3143 4203 cum
3203 4139 3380 4214 Copiis
3427 4143 3663 4198 transire

2063 4233 2569 4306 jussusliogerius,
2605 4235 2796 4291 relicm
2828 4235 2938 4292 illic
2992 4236 3259 4300 exercitu,
3290 4252 3414 4290 cum
3468 4240 3654 4304 paucis

2069 4330 2136 4384 ad
2177 4328 2525 4384 salutandum
2583 4328 2968 4397 imperatorem
3021 4329 3192 4383 venit.
3234 4331 3352 4397 Qua
3387 4329 3478 4386 ille
3533 4345 3665 4386 usus

2069 4422 2384 4488 occasione,
2409 4420 2764 4486 satellitibus,
2796 4422 2890 4493 qui
2951 4431 3150 4493 praesto
3192 4425 3440 4488 aderant,
3475 4424 3662 4476 statim

366 4521 525 4572 batur
581 4517 789 4573 insulas
820 4525 875 4573 et
897 4533 1050 4572 mare
1091 4515 1332 4572 inferum
1383 4517 1619 4574 habebat
1668 4518 1954 4574 infestum.
1993 4543 2037 4600 υ
2073 4517 2318 4582 mandat,
2364 4530 2425 4571 ut
2485 4515 2781 4586 Rogerium
2809 4524 2864 4570 et
2893 4518 3120 4572 comites
3153 4516 3272 4587 ejus
3310 4518 3662 4572 obtruncant.

374 4610 510 4666 lluic
545 4611 708 4682 igitur
737 4611 866 4666 duci
895 4613 1071 4668 visum
1106 4622 1213 4679 est,
1241 4612 1516 4682 legatione
1537 4615 1603 4668 ad
1654 4614 1958 4683 imperato-

367 4717 481 4756 rem
542 4701 922 4757 Andronicum
958 4702 1150 4769 missa,
1204 4704 1527 4758 societatem
1592 4719 1717 4760 cum
1765 4706 1960 4760 eodem

366 4803 557 4849 contra
583 4792 791 4849 Tui-cas
822 4794 1050 4864 pacisci.
1074 4795 1290 4865 Legatis
1312 4797 1380 4852 ab
1405 4797 1720 4854 Andronico
1737 4799 1957 4860 auditis,

369 4886 483 4954 ipse
535 4883 829 4953 Rogerius',
883 4901 1008 4941 cum
1080 4887 1344 4943 bellicoso
1425 4893 1670 4944 exercitu
1719 4889 1961 4946 duorum

366 4980 598 5034 millium
655 4995 722 5036 ex
787 4981 1077 5036 occidente
1129 4981 1344 5050 Cpolim
1406 4983 1716 5052 profectus,
1780 4985 1960 5054 magni

365 5074 518 5128 ducis
545 5075 812 5144 dignitate
841 5073 910 5129 ab
940 5075 1276 5144 imperatore
1308 5087 1563 5130 ornatur.
1617 5075 1788 5130 Paulo
1841 5087 1965 5146 post

364 5166 505 5222 alius
551 5165 845 5222 Catelanus
927 5168 1266 5237 supervenit,
1325 5167 1664 5224 Pirincerius
1727 5168 1963 5226 Tcnlzas

368 5259 862 5332 nomine,Rogerii
916 5271 1208 5333 cognatus.
1269 5263 1552 5318 lnhorum
1613 5265 1961 5331 vestimenta,

179 5409 228 5425 ε,
299 5405 302 5408 .
364 5353 622 5407 donativo
645 5361 700 5408 et
735 5369 847 5408 rem
875 5353 1295 5410 frumentariam
1329 5355 1423 5411 ubi
1461 5358 1763 5427 imperator
1814 5373 1964 5413 sum-

365 5455 515 5513 ptum
546 5443 678 5500 fecit
708 5444 1114 5510 liberalissime,
1161 5446 1312 5504 brevi
1348 5457 1596 5519 tempore
1649 5449 1960 5520 interjecto,

363 5535 419 5590 in
454 5536 640 5592 Asiam
673 5551 798 5592 cum
859 5537 1103 5592 exercitu
1155 5537 1433 5608 trajiciunt
1494 5541 1560 5594 ad
1610 5541 1964 5597 debellandos

366 5633 573 5687 hostes.
630 5631 698 5685 At
728 5631 795 5686 de
831 5629 1086 5687 hostibus
1113 5630 1190 5687 illi
1237 5647 1430 5702 parum
1467 5633 1714 5699 solliciti,
1765 5631 1966 5687 Roma-

365 5740 468 5781 nos
540 5726 863 5796 gravissime
942 5736 1220 5796 prenmnt.
1309 5725 1450 5792 Quid
1504 5741 1962 5790 commemorem,

363 5825 569 5885 quanta
646 5833 976 5887 quocunque
1038 5829 1325 5885 venerunt,
1369 5819 1510 5874 mala
1577 5819 1852 5875 ediderint
1910 5829 1965 5872 et

367 5908 618 5964 scelera?
646 5909 987 5966 Christianos
1025 5921 1137 5965 tum
1174 5912 1321 5965 viros
1359 5920 1472 5963 tum
1524 5909 1756 5966 feminas
1780 5911 1950 5967 nihilo

2068 4609 2221 4680 Quod
2284 4625 2408 4664 cum
2469 4609 2756 4665 audissent
2809 4609 3004 4679 reliqui
3095 4607 3298 4674 Latini,
3357 4611 3449 4679 qui
3507 4618 3666 4664 erant

2067 4702 2380 4774 Cailiopoii,
2405 4703 2472 4757 ad.
2510 4702 2869 4758 defectionem
2898 4705 3155 4758 conversi
3207 4703 3483 4758 lioiiianos
3540 4715 3654 4756 trn-

2070 4800 2360 4866 cidarunt;
2399 4798 2600 4853 deinde
2646 4799 2848 4868 oppido
2902 4799 3075 4868 probe
3125 4798 3490 4861 communito,
3545 4805 3663 4852 ute-

2070 4891 2273 4946 bantur
2293 4906 2360 4948 eo
2401 4899 2461 4945 ut
2488 4889 2841 4960 receptaculo
2862 4890 3205 4956 firmissimo,
3267 4899 3452 4960 atque.
3517 4889 3662 4944 facta

2070 4999 2196 5039 cum
2225 4981 2422 5038 Turcis
2453 4981 2884 5051 conspiratione,
2908 4979 2966 5034 in
3002 4989 3195 5050 aperta
3252 4978 3545 5034 latrocinia
3598 4993 3663 5031 ac

2073 5077 2296 5148 rapinas
2355 5075 2737 5146 erumpebant.
2805 5073 3060 5140 Michael,
3117 5089 3241 5130 cum
3300 5072 3556 5128 Thraciis
3605 5082 3663 5127 et

2073 5170 2442 5226 Macedonicis
2481 5169 2656 5240 copiis
2718 5177 2912 5224 contra
2941 5183 3038 5224 eos
3095 5167 3398 5238 profectus.
3455 5166 3658 5220 fruStra

2073 5264 2623 5328 cnmiisdeccrtavit,
2657 5262 2768 5316 imo
2798 5277 2928 5316 vero
2949 5276 3075 5316 cum
3120 5263 3326 5318 damno
3357 5268 3413 5316 et
3443 5260 3661 5330 jactura

2081 5360 2264 5417 rediit.
2293 5357 2416 5413 Mox
2443 5371 2627 5414 autem
2686 5357 2903 5412 illorum
2951 5358 3120 5413 duces
3170 5356 3457 5412 discordes
3505 5354 3659 5417 facti,

2073 5453 2272 5526 partim
2315 5453 2369 5506 in
2406 5461 2588 5520 partes
2641 5448 3013 5520 imperatoris,
3067 5449 3263 5519 partim
3335 5448 3400 5502 ad
3449 5446 3662 5502 Turcas

2079 5551 2518 5602 concesserunt:
2555 5543 2814 5599 nonnulli"
2838 5544 3124 5597 etiamtum
3156 5540 3458 5596 latrociniis
3509 5555 3663 5609 qua:-

2071 5624 2321 5693 sivcrunt
2349 5637 2572 5702 victum,
2607 5638 2783 5691 donec
2811 5644 3092 5704 postremo
3119 5633 3430 5704 consumpti
3481 5633 3659 5701 perie-

2073 5740 2220 5786 runt.

2144 5824 2450 5891 Imperator
2501 5822 2754 5886 Michael,
2797 5831 2991 5878 coacto
3039 5837 3232 5878 rursus
3285 5819 3551 5882 exercitu,
3604 5820 3658 5871 in

2062 5914 2469 5970 Chersonesum
2523 5923 2716 5968 contra
2751 5912 2960 5969 Tun-as
2996 5895 3390 5984 .prciiciscitur
3421 5926 3483 5965 ac
3525 5895 3654 5980 gra-
