4000 6416
345 311 449 374 C63

1603 319 1934 380 GEORGII
1979 318 2424 386 I’IIIiAN'I'ZfE'

3468 384 3479 395 _
3519 313 3624 381 6"!

337 413 510 479 aOat.‘
540 425 878 495 ’Λνδρυνθεὶς
901 425 957 480 δὲ
993 427 1212 498 νύκτωρ
1235 427 1487 498 ἐκώμαζε
1535 431 1671 499 πρὸς
1693 431 1926 498 γυναῖκα
1969 437 2002 489 Α
2105 441 2183 498 ς’.
2215 435 2354 488 Κατ’
2383 437 2588 488 ἐκεῖνον
2627 432 2716 486 τὸν
2751 432 2944 503 καιρδν
2969 433 2998 485 6
3050 430 3146 486 τοῦ
3186 429 3452 501 βασιλέως
3508 430 3621 493 υῐδς

335 533 462 570 τινα
494 518 717 590 ἑταίραν
739 519 949 586 ὡραίαν
975 521 1141 587 πάνυ,
1169 521 1262 574 καὶ
1299 521 1504 592 ταύτης
1560 521 1816 591 ἐρασθεὶς
1857 517 1929 593 ἦν

338 609 772 679 καὶέρὼμενοςο
806 612 900 665 καὶ
968 611 1270 684 ζηλοτυπία
1327 614 1435 685 γάρ
1487 631 1570 677 τις
1632 614 1931 684 ἐπυρπόλει

336 707 436 770 τὴν
471 701 665 755 ἑαυτοῦ
688 703 887 776 ψυχὴν,
921 707 1014 758 καὶ
1041 705 1375 778 ξιφηφόρους
1402 708 1496 760 καὶ
1520 706 1740 771 τοξότας
1763 706 1869 777 ὴνά
1881 723 1936 775 {-

338 798 471 859 καζε
540 800 872 867 προσμένειν
946 801 1041 852 καὶ
1101 800 1442 871 προλοχίζειν
1494 801 1624 868 περὶ
1677 799 1776 870 τὴν
1832 799 1935 866 τῆς

340 889 607 958 ἑταιρῖδοε
634 891 832 945 οίκίαν.
891 893 980 946 Ἐν
1017 895 1115 964 μιᾷ
1146 893 1204 946 δὲ
1257 893 1414 946 νυκτὶ
1441 919 1446 926 ·
1473 894 1504 946 6
1562 892 1789 961 ἀδελφὸς
1837 893 1934 946 καὶ

245 1011 248 1014 -
337 979 887 1054 δεσπότηςΜανουὴλ
916 985 1008 1038 τὸν
1065 985 1289 1054 βασιλέα
1320 987 1414 1038 καὶ
1471 984 1699 1056 ἀδελφὸν
1753 984 1934 1054 ζητῶν

343 1070 500 1139 ἔτυχε
528 1073 784 1145 παριέναι
811 1075 1022 1142 τὴντῆς
1057 1076 1324 1148 ἑταιρίδος
1377 1075 1556 1129 οἰκίαν
1593 1092 1606 1106 ο
1656 1075 1715 1128 ὃν
1739 1075 1788 1128 οί
1835 1072 1932 1127 τοῦ

340 1163 574 1233 ἀδελφοῦ
619 1158 809 1220 σκόποι
845 1169 1192 1238 θεασάμενοι,
1217 1169 1309 1222 καί
1357 1169 1445 1222 διὰ
1499 1170 1559 1222 τὸ
1609 1169 1804 1231 σκότος
1855 1169 1933 1238 μὴ

341 1257 561 1322 γνόντες
590 1259 669 1323 τίς
701 1255 791 1332 ἦν,
825 1260 967 1314 ἀλλ’·
999 1263 1444 1334 ὑποτοπήσαντες
1491 1272 1613 1316 τινα
1645 1262 1754 1316 τῶν
1791 1263 1935 1332 ἔρω-

346 1349 524 1417 μένων
545 1345 686 1404 εἶναι
714 1353 813 1422 τῆς
843 1354 1122 1421 γυναικὸς,
1156 1354 1288 1424 βέλη
1323 1355 1561 1422 συνεχῶς
1593 1354 1712 1408 κατ’
1763 1354 1930 1407 αὐτοῦ

347 1445 620 1512 ῥίπτουσι,
652 1449 747 1500 καὶ
781 1446 1082 1518 πλήξαντες
1117 1449 1280 1501 αὑτὸν
1305 1448 1562 1502 ἀπέθανε.
1620 1445 1826 1502 Μαθὼν
1876 1448 1934 1501 δὲ

344 1532 499 1586 τοῦτο
522 1536 578 1586 ὲν
614 1539 681 1605 τῇ
703 1535 1085 1607 Θεσσαλονίκῃ
1116 1536 1339 1606 Μιχαὴλ
1358 1537 1386 1588 6
1415 1534 1672 1604 βασιλεὺς
1704 1538 1798 1588 καὶ
1823 1553 1933 1589 πα·
1973 1535 1982 1541 “

345 1627 449 1696 tri-,9
477 1627 644 1680 αὐτοῦ
670 1629 734 1681 ὲκ
765 1629 862 1698 τῆς
894 1630 1058 1700 χολῆς
1089 1631 1182 1682 καὶ
1213 1629 1310 1698 τῆς
1341 1629 1542 1698 πολλῆς
1573 1628 1750 1698 λύπης
1774 1627 1937 1681 ἀσθε-

345 1719 466 1790 νείᾳ
495 1719 813 1790 περιπεσὼν
877 1721 1157 1794 βαρυτάτῃ
1205 1722 1263 1788 ἐξ
1313 1721 1617 1792 ἀνθρώπων
1675 1722 1936 1789 ἐγεγόνει.

359 1814 450 1875 Ὠς
480 1815 536 1866 δὲ
561 1815 617 1868 αἱ
642 1814 846 1884 ἡμέραι
882 1816 977 1868 τοῦ
1029 1816 1260 1897 πένθους
1302 1816 1603 1886 παρῆλθον,
1654 1817 1682 1868 ὁ
1713 1815 1936 1878 πάππος
1973 1801 2012 1856 Β

354 1908 445 1959 καὶ
483 1905 739 1975 βασιλεὺς
760 1909 850 1960 τὸν
875 1907 1102 1977 βασιλέα
1156 1909 1498 1978 Ἀνδρόνικον
1555 1908 1937 1978 προσκαλεσά-

355 2017 536 2068 μενος,
569 2001 706 2069 μετὰ
879 2001 1160 2071 κλαυθμοῦ
1184 2003 1449 2056 νουθετῶν
1471 2003 1635 2056 αὑτὸν
1666 2003 1762 2055 καὶ
1795 2002 1938 2054 ὀνει-

348 2091 526 2157 δίσας,
560 2091 636 2154 ὼς
672 2092 791 2156 ἔθος
817 2095 930 2156 τοῖς
963 2094 1205 2164 πατράσι
1246 2097 1419 2148 ποιεῖν
1471 2095 1608 2166 πρὸς
1641 2096 1768 2157 τοὺς
1822 2093 1941 2162 φιλ-

349 2178 544 2241 τὰτους
577 2179 792 2244 παῖδας,
826 2173 982 2244 οὗτος
1021 2182 1122 2252 μὲν
1174 2183 1426 2254 κατηφὴς
1457 2183 1750 2254 γενόμενος
1786 2184 1941 2236 οὐδὲν

351 2269 715 2341 ἀπεκρίνατο,
775 2272 912 2326 ἀλλὰ
945 2274 1104 2346 θυμῷ
1136 2275 1363 2346 ληφθεὶς
1393 2279 1487 2330 καὶ
1518 2276 1798 2345 φοϐηθεὶς,
1852 2275 1942 2328 ἵνα

359 2361 433 2430 μὴ
461 2361 549 2414 διὰ
575 2362 664 2416 τὸν
693 2364 923 2418 θάνατον
956 2365 1050 2418 τοῦ
1077 2365 1308 2436 ἀδελφοῦ
1342 2371 1434 2422 καὶ
1482 2370 1581 2431 τὰς
1615 2369 1811 2436 ἑτέρας
1840 2369 1954 2436 τῆς,

354 2453 606 2525 νεότητος
635 2458 1039 2522 ἀκαταστασίας
1070 2459 1136 2522 ἃς
1166 2462 1341 2514 ἐποίει
1367 2462 1633 2534 γυμνώσῃ
1651 2461 1752 2528 τῆς
1784 2460 1942 2530 βασι-

354 2545 504 2610 λείας
555 2547 718 2601 αὑτὸν
777 2551 806 2600 6
862 2553 1086 2616 πάππος
1128 2553 1222 2606 καὶ
1249 2553 1328 2623 τῷ
1372 2553 1504 2624 θείῳ
1544 2556 1944 2627 Κωνσταντίνῳ

353 2641 524 2710 αὐτὴν
553 2641 722 2715 δώσῃ,
763 2647 900 2714 μετὰ
923 2647 1084 2701 τινῶν
1118 2647 1527 2718 συνηλικιώτων
1576 2651 1670 2702 καὶ
1701 2651 1946 2719 συνωμό-

351 2751 463 2786 των
493 2737 757 2804 φυγόντες
790 2741 848 2789 ὲν
865 2738 943 2807 τῷ
970 2739 1341 2811 Διδνμοτείχῳ
1360 2742 1634 2813 ἀπῆλθον,
1668 2745 1762 2797 καὶ
1781 2761 1945 2813 στραι-

354 2829 448 2878 τ“ιν
481 2828 936 2898 συναθροίσαντες
971 2833 1054 2895 είς
1095 2833 1275 2904 μάχην
1305 2833 1532 2903 ἐξῆλθον
1555 2837 1697 2889 κατὰ
1715 2837 1810 2890 τοῦ
1841 2836 1942 2908 βα-

357 2921 551 2983 σιλέως
575 2921 670 2975 καὶ
701 2923 928 2978 πάππου
960 2924 1148 2990 αὐτοῦ,
1185 2927 1280 2980 καὶ
1317 2927 1530 2982 πολλῶν
1558 2928 1809 3000 πολέμων
1845 2933 1943 3000 ἐμ-

358 3015 564 3081 φυλίων
597 3017 900 3084 γεγονότων
949 3019 1044 3072 καὶ
1096 3020 1275 3089 φόνων
1307 3021 1470 3076 πάλιν
1505 3025 1585 3086 είς
1642 3023 1944 3094 συμϐάσεις

2030 525 2306 594 Θεόδωρος
2335 525 2363 577 6
2394 522 2665 594 μαρκίων,
2691 523 2721 574 6
2750 523 2858 592 πρὸ
2886 523 3025 574 ἑτῶν
3056 520 3267 590 συχνῶν
3299 521 3378 582 είς
3399 518 3498 590 τὴν
3524 519 3622 586 τῆς

2035 616 2240 685 μητρὸς
2269 616 2503 685 πατρίδα
2528 613 2821 683 πεμφθεὶς,
2871 613 2946 677 ὡς
2969 614 3301 685 εἰρήκαμεν,
3340 613 3478 681 μετὰ
3534 611 3626 665 τὸν

2029 707 2233 775 ταύτης
2265 707 2492 759 θάνατον
2530 706 2770 771 ἐπανῆκε
2825 706 2961 774 πρὸς
2991 706 3085 757 τὸν
3139 704 3378 774 πατέρα,
3430 704 3625 764 παῖδας

2029 803 2124 852 καὶ
2155 801 2390 867 γυναῖκα
2423 801 2598 852 ἐκεῖσε
2633 797 2950 852 καταλιπών
2973 813 2987 828 ’
3015 798 3165 858 ὅστις
3193 797 3286 849 καὶ
3306 793 3498 864 γνώμῃ
3531 793 3626 846 καὶ

2045 894 2226 946 πίστει
2251 893 2347 946 καὶ
2377 892 2618 962 σχήματι
2644 894 2739 944 καὶ
2791 891 3017 958 γενείων
3055 890 3231 960 κουρᾷ
3286 890 3512 950 Λατῖνος
3559 882 3626 956 ἦν

2037 984 2368 1054 ἀκραιφνὴς.
2406 983 2516 1036 Καὶ
2543 981 2874 1052 κηδεμονίας
2921 981 3142 1048 ἀπάσης
3189 981 3282 1032 καὶ
3337 976 3627 1048 εὐμενείας

2034 1077 2131 1131 καὶ
2157 1076 2422 1146 χορηγίας
2460 1076 2763 1144 χρημάτων
2795 1075 2824 1126 6
2849 1074 3034 1144 πατὴρ
3083 1071 3381 1152 ἐχαρίντο
3405 1084 3419 1099 '
3469 1069 3629 1130 αύτός

2030 1171 2095 1225 ⁹δὲ
2118 1171 2210 1223 τὸν
2261 1168 2465 1223 Ἰούδαν
2490 1169 2698 1221 ἐκεῖνον
2735 1167 3121 1238 μιμησάμενος
3160 1163 3424 1236 προδότης
3458 1161 3631 1215 είλετο

2036 1262 2297 1332 γενέσθαι
2327 1260 2424 1314 τοῦ
2461 1259 2728 1332 βασιλέως
2756 1260 2847 1314 καὶ
2879 1259 3111 1328 πατρὸς,
3163 1257 3262 1311 καὶ¹
3300 1254 3630 1326 θερμότερος
3683 1247 3688 1252 ’

2039 1361 2259 1414 πάντων
2288 1358 2396 1430 35
2418 1357 2612 1428 ἐχθρὸς
2641 1355 2879 1425 ἐγένετο,
2913 1355 3010 1410 καὶ
3051 1353 3236 1407 πᾶσαν
3263 1351 3398 1405 αἰδῶ
3437 1365 3632 1418 πατρι-

2037 1453 2141 1523 κὴν
2169 1453 2346 1505 ὀπίσω
2365 1451 2538 1505 λιπὼν
2567 1449 2704 1520 πρὸς
2744 1449 2837 1501 τὸν
2865 1445 2986 1504 νέον
3011 1447 3238 1520 βασιλέα
3277 1445 3374 1499 καὶ
3417 1442 3632 1511 ἀνεψιὸν

2037 1544 2337 1614 αὐτόμολος
2361 1543 2748 1612 παραγίνεται,
2769 1543 2866 1594 καὶ
2887 1540 3067 1593 πλεῖον
3088 1539 3150 1592 τδ
3173 1537 3472 1592 σκάνδαλον
3488 1534 3608 1586 ὲποί

2039 1653 2158 1708 ησι.
2229 1636 2366 1689 Τότε
2399 1635 2498 1700 μὲν
2545 1635 2633 1686 διὰ
2683 1635 2808 1696 τοὺς
2853 1630 3154 1702 ἐμφυλίους
3214 1629 3486 1698 πολέμους
3539 1628 3631 1679 καὶ

2038 1731 2137 1792 τὰς
2165 1728 2579 1789 ἀκαταστασίας
2607 1725 2636 1777 6
2668 1724 2970 1794 Ὀτθμάνος
2998 1722 3026 1774 6
3057 1721 3155 1792 τῆς
3202 1719 3454 1780 Βιθυνίας
3501 1734 3634 1786 κρα-

2043 1822 2151 1876 τῶν
2183 1821 2468 1890 εὐκαιρίαν
2494 1819 2669 1888 εύρὼν
2697 1819 2761 1871 ἐκ
2787 1817 2879 1871 τοῦ
2909 1813 3390 1882 ὲναπολειφθέντος
3428 1810 3627 1880 μέρους

2043 1916 2157 1975 τοῖς
2199 1913 2494 1982 Ῥωμαίοις
2515 1913 2616 1964 οὐκ
2637 1910 2819 1977 ὀλίγον
2841 1907 3055 1962 ἐλαϐεν.
3115 1906 3181 1960 Ἡ
3220 1905 3280 1958 δὲ
3304 1904 3508 1965 εἴσοδος
3539 1902 3632 1955 τοῦ

2044 2007 2165 2060 νέου
2228 2004 2496 2073 βασιλέως
2544 2003 2696 2066 ἔντος
2741 2001 2840 2072 τῆς
2894 1998 3103 2063 πόλεως
3153 1997 3329 2058 οὕτως
3379 1995 3632 2063 ἐγένετοο

2045 2097 2302 2166 προδόται
2335 2094 2391 2148 δὲ
2417 2093 2511 2148 δύο
2536 2095 2617 2158 εἰς
2641 2094 2702 2146 τὸ
2731 2092 3098 2166 στρατόπεδον
3146 2089 3416 2154 ἐλθόντες,
3453 2085 3637 2140 τοῦνο-

2049 2208 2124 2259 μα
2154 2192 2182 2242 6
2219 2183 2299 2252 εἷς
2331 2187 2672 2249 Καστελάνος
2699 2189 2794 2241 καὶ
2821 2189 2848 2241 6
2888 2186 3076 2258 ἔτερος
3102 2185 3381 2255 Κάμαρις,
3419 2181 3467 2235 οἳ
3497 2176 3638 2250 ἦσαν

2046 2281 2287 2349 φύλακες
2324 2280 2380 2333 ἐν
2407 2297 2514 2333 τινι
2545 2280 2696 2348 τόπῳ
2731 2279 2830 2346 τῆς
2859 2277 3068 2341 πόλεως
3113 2277 3282 2346 ἐγγὺς
3309 2276 3410 2344 τῆς
3461 2271 3639 2341 πύλης

2045 2373 2143 2443 τῆς
2164 2373 2465 2443 λεγομένης
2505 2372 3022 2442 ’Δδριανουπόλεως,
3049 2370 3148 2424 καὶ
3171 2368 3470 2441 συμϐάσεις
3501 2365 3638 2437 μετὰ

2045 2465 2140 2518 τοῦ
2176 2467 2294 2518 νέου
2325 2464 2589 2535 βασιλέως
2626 2464 2908 2534 ἐποίησαν.
2939 2464 3049 2516 Καὶ
3083 2460 3252 2514 ἐλθὼν
3303 2463 3330 2512 ὁ
3389 2458 3637 2525 στρατὸς,

2047 2559 2242 2621 νυκτὸς
2265 2561 2323 2612 ὲν
2355 2558 2433 2628 τῷ
2458 2558 2612 2626 τόπῳ
2644 2556 2838 2626 ἐκείνῳ
2864 2555 2962 2613 τὰς
2998 2554 3276 2626 κλίμακας
3301 2551 3512 2612 ἔϐαλον,
3544 2551 3639 2602 καὶ

2047 2651 2157 2704 ἔσω
2186 2653 2285 2720 τῆς
2307 2651 2517 2714 πόλεως
2542 2650 2708 2721 μέρος
2742 2649 2802 2714 ἐξ
2828 2649 3008 2701 αὐτῶν
3060 2638 3346 2716 γενόμενοι
3389 2645 3484 2697 καὶ
3547 2644 3641 2712 τὴν

2049 2745 2226 2814 πύλην
2252 2744 2714 2806 ἀναπετάσαντες,
2741 2744 2768 2796 6
2797 2740 3212 2810 ἐναπολειφθεὶς
3242 2735 3471 2804 στρατὸς
3505 2735 3639 2805 μετὰ

2048 2837 2142 2890 τοῦ
2177 2837 2296 2890 νέου
2328 2836 2591 2906 βασιλέως
2620 2835 2770 2888 ἔνδον
2796 2835 3007 2900 γέγονε.
3063 2833 3172 2886 Καὶ
3217 2830 3378 2889 εὐθὺς
3441 2845 3641 2896 συγκα·

2047 2927 2211 2990 λέσας
2239 2928 2417 2981 πάντα
2446 2927 2539 2980 τὸν
2585 2927 2676 2996 ὑφ’
2725 2923 2903 2996 ἑαυτῷ
2953 2928 3182 2996 στρατὸν
3246 2923 3642 2993 παρεκελεύετο

2053 3019 2200 3090 μάλα
2226 3020 2473 3088 σφοδρῶς
2509 3019 2646 3088 μήτε
2681 3021 2841 3090 χεῖρα
2873 3017 3198 3088 φονεύτριαν
3231 3019 3367 3088 μήτε
3391 3014 3642 3084 γλῶσσαν

355 3105 542 3178 ἦλθον.
577 3111 688 3164 Καὶ
717 3111 838 3181 μετ’
861 3112 1040 3182 ὀλίγον
1063 3113 1152 3168 διὰ
1193 3118 1399 3186 μικρὰς
1430 3117 1614 3180 αἰτίας
1660 3111 1816 3180 αὖθις
1846 3118 1944 3182 τὰς
1975 3145 2016 3202 c
2052 3115 2377 3184 ὑϐρέστριαν
2409 3115 2723 3180 ἐπενεγκεῖν
2753 3113 2892 3182 μήτε
2921 3112 2999 3182 τῷ
3020 3113 3234 3181 πάππῳ
3284 3111 3378 3164 καὶ
3437 3109 3646 3179 βασιλεῖ

356 3202 664 3270 συμϐάσεις
691 3205 787 3258 καὶ
824 3207 1099 3277 συνθήκας
1123 3209 1372 3280 ηθέτουν,
1412 3210 1507 3264 καὶ
1545 3206 1616 3282 ἦν
1665 3211 1735 3266 τὰ
1783 3211 1948 3265 σκάν-

355 3295 494 3349 δαλα
533 3297 779 3351 πλεῖστα.

363 3478 652 3534 dronicum
693 3497 826 3537 avus
876 3485 1176 3555 imperator
1213 3484 1448 3544 habebat
1484 3489 1644 3561 longe
1685 3491 1950 3550 charissi-

363 3587 532 3636 mnm,
562 3581 615 3626 et
651 3573 704 3627 in
745 3577 892 3645 regia
945 3578 1168 3635 educari
1208 3581 1394 3648 jussit.
1433 3581 1504 3648 Is,
1565 3581 1656 3636 ubi
1692 3583 1947 3650 adolevit,

360 3679 526 3722 noctu
571 3671 637 3722 ad
669 3669 947 3728 mulierem
985 3675 1202 3745 egregie
1239 3675 1724 3748 formosam,._qu:e
1750 3678 1798 3734 ei
1833 3688 1953 3734 erat

359 3758 415 3811 in
450 3759 662 3816 deliciis
689 3761 743 3816 et
787 3765 1090 3832 amoribus,
1121 3768 1478 3824 comissatum
1507 3769 1640 3831 ibat.
1679 3786 1766 3834 ac.
1799 3771 1951 3826 zelo-

364 3851 508 3920 typia
541 3850 822 3920 incensus,
854 3857 1119 3912 satellites
1145 3853 1342 3928 gladiis
1372 3861 1682 3917 etarcnbus
1709 3871 1952 3925 armatos

358 3944 568 3999 circum
604 3948 748 4002 aedes
779 3950 1142 4006 meretriculre
1167 3950 1398 4020 jubebat
1453 3955 1749 4010 excubare.
1798 3953 1948 4021 Qua—

361 4037 486 4090 dam
520 4049 679 4094 nocte
701 4039 915 4097 Mannel
949 4043 1429 4111 despota,fratrem
1468 4047 1790 4116 quaeritans,
1811 4047 1952 4103 forte

361 4133 429 4187 ad
465 4136 637 4190 scorti
672 4137 820 4192 :Pdes
856 4139 1093 4194 devenit.
1117 4139 1500 4208 Speculatores
1516 4160 1643 4198 cum
1667 4159 1791 4199 eum
1819 4159 1954 4198 con-

361 4231 600 4300 spiciunt
659 4245 760 4286 nec
799 4241 1111 4302 agnoscunt
1147 4240 1372 4301 prOpter
1408 4234 1690 4300 tenebras,
1727 4247 1948 4293 amato-

361 4340 479 4378 rem
515 4325 828 4393 quempiam
863 4324 1108 4379 mulieris
1140 4325 1428 4394 suspicati,
1458 4327 1561 4381 tela
1593 4328 1646 4382 in
1675 4343 1798 4384 eum
1831 4346 1952 4386 cre-

366 4417 462 4469 hra
503 4415 802 4486 conjiciunt
853 4424 910 4469 et
959 4431 1283 4486 percussum
1316 4418 1598 4475 occidunt.
1635 4420 1792 4487 Quod
1824 4439 1948 4478 ctttn

2059 3209 2184 3277 μήτ’
2210 3208 2382 3260 οὐδενὶ
2409 3207 2517 3260 τῶν
2559 3207 2733 3261 ἄλλων
2769 3204 3024 3259 ἁπάντων
3052 3220 3066 3236 ’
3117 3223 3136 3258 t
3173 3205 3247 3258 Οὐ
3279 3206 3387 3275 γὰρ
3426 3223 3444 3255 ι
3481 3203 3646 3273 φησὶν

2063 3321 2082 3349 ε
2115 3299 2274 3368 ἡμεῖς
2295 3298 2410 3350 ἀλλ’
2431 3300 2458 3350 6
2484 3298 2616 3360 θεὸς
2641 3296 3106 3369 ταύτηιηπαρέσχε
3140 3296 3236 3367 τὴν
3261 3296 3439 3364 νίκην,
3480 3313 3497 3346 ι
3550 3293 3648 3347 καὶ

2055 3486 2266 3542 etiones
2293 3493 2344 3540 et
2371 3491 2636 3539 conventa
2670 3480 3059 3536 rescinduntur
3085 3479 3368 3548 turbaeque
3393 3475 3644 3531 excitan-

2059 3591 2146 3632 tur
2176 3577 2445 3648 plurimae.

2130 3672 2183 3727 6.
2210 3671 2307 3726 Illo
2334 3679 2577 3740 tempore
2611 3667 2952 3737 imperatoris
2983 3665 3126 3722 filius
3164 3665 3483 3720 Theodorus
3508 3677 3650 3716 mar-
3684 3691 3704 3700 κ

2056 3764 2200 3830 chio,
2232 3763 2324 3833 qui
2351 3771 2478 3817 ante
2513 3760 2714 3818 multos
2747 3773 2921 3816 annos
2951 3759 3005 3814 in
3045 3759 3238 3815 matris
3278 3773 3391 3813 sua:
3416 3757 3647 3826 patriam

2058 3855 2258 3910 missus
2289 3851 2493 3922 fuerat,
2523 3861 2581 3906 ut
2609 3867 2774 3923 supra
2804 3851 3170 3918 narravimus,
3200 3861 3323 3920 post
3342 3848 3504 3920 hujus
3525 3847 3648 3903 obi-

2059 3958 2174 4002 tum
2210 3947 2275 4001 ad
2312 3957 2524 4016 patrem
2556 3947 2738 4013 rediit,
2763 3945 2971 4001 relictis
2993 3944 3136 4000 domi
3165 3943 3355 3998 liberis
3383 3951 3438 3997 et
3458 3955 3648 3996 uxore.

2059 4043 2133 4108 Is,
2167 4041 2375 4106 animo,
2404 4039 2684 4111 religione,
2703 4039 2850 4094 cultu
2880 4048 2934 4095 et
2967 4049 3122 4092 tonsu
3151 4039 3330 4092 barbae
3357 4038 3514 4104 plane
3541 4034 3651 4090 La.

2059 4136 2228 4200 tinus,
2255 4150 2377 4189 cum
2419 4133 2568 4188 omni
2591 4148 2758 4201 curat,
2789 4131 3138 4202 benignitatis
3168 4147 3233 4186 ac
3265 4129 3652 4188 munificentia:

2057 4242 2260 4299 genere
2299 4243 2328 4281 a
2366 4239 2520 4296 patre
2549 4237 2776 4282 ornatus
2807 4237 2975 4290 esset,
3013 4223 3208 4280 Judam
3244 4225 3390 4279 illum
3447 4222 3654 4278 imitari

2058 4331 2112 4374 et
2150 4330 2358 4391 patrem
2394 4319 2783 4390 imperatorem
2818 4317 3053 4388 prodere
3102 4317 3316 4386 maluit,
3367 4327 3526 4386 atque
3557 4319 3653 4370 ho-

2059 4421 2160 4473 stis
2193 4417 2314 4488 ejus
2345 4416 2521 4471 factus
2541 4415 2768 4485 reliquis
2795 4415 3195 4480 vehementior,
3229 4413 3475 4484 deposita
3501 4412 3649 4466 omni

363 4507 664 4576 imperator
701 4505 935 4560 Michael
986 4515 1143 4578 pater
1176 4507 1586 4566 Thessalonicae
1626 4512 1950 4582 accepisset,
1984 4500 2030 4553 Ῐ)
2062 4528 2191 4581 erga
2242 4526 2365 4568 eum
2420 4511 2754 4573 reverentia,
2804 4509 2874 4564 ad
2909 4508 3186 4579 juniorem
3241 4508 3648 4577 imperatorem,

363 4616 428 4653 ex
464 4600 544 4654 ira
590 4608 643 4653 et
681 4599 1007 4670 aegritudine
1047 4601 1241 4656 morbo
1276 4611 1566 4674 correptus
1601 4606 1956 4673 gravissimo,

362 4712 393 4746 e
425 4696 534 4750 vita
562 4695 754 4752 cessit.
789 4695 1088 4766 Postquam
1144 4697 1262 4752 dies
1291 4697 1470 4753 luctus
1513 4700 1787 4766 exierunt,
1820 4715 1958 4756 avus

365 4789 665 4858 imperator
685 4789 1060 4844 Andronicum
1091 4790 1158 4845 ad
1183 4805 1242 4845 se
1265 4791 1599 4848 arcessitum
1630 4793 1812 4849 multis
1833 4808 1955 4848 cum

365 4882 624 4952 lacrymis
640 4883 890 4952 objurgat
912 4883 1364 4954 cohortaturque,
1383 4885 1842 4952 quemadmodum
1864 4900 1958 4954 pa-

362 4988 550 5033 rentes
581 4977 780 5034 liberos
807 4976 1174 5032 amatissimos
1201 4977 1479 5033 cohortari
1508 4979 1706 5034 solent.
1731 4979 1828 5033 Ille
1860 4979 1957 5034 de-

372 5071 574 5125 missus
604 5067 740 5123 nihil
775 5067 1090 5135 respondet,
1140 5067 1238 5122 sed
1294 5066 1376 5122 ira
1411 5077 1724 5124 commotus
1751 5081 1814 5122 ac
1847 5082 1954 5122 me.

364 5172 549 5225 tuens,
581 5177 649 5217 ne
683 5171 904 5231 prOpter
936 5177 1122 5215 necem
1155 5159 1451 5216 fraternam
1487 5171 1544 5216 et
1571 5162 1778 5230 reliqua
1800 5161 1962 5230 juve-

370 5254 497 5308 nilis
547 5253 857 5308 insolentia!
890 5252 1158 5319 facinora,
1200 5269 1323 5322 quae
1353 5263 1651 5324 patrasset,
1693 5268 1827 5322 avus
1857 5255 1958 5307 im-

366 5348 579 5414 perium
613 5346 717 5402 sibi
768 5344 1088 5414 abrogatum
1145 5346 1199 5400 in
1231 5346 1655 5402 Constantinum
1699 5359 1956 5416 patruum

368 5440 716 5506 transferret,
773 5457 898 5496 cum
958 5442 1285 5511 quibusdam
1340 5440 1642 5511 aequalibus
1682 5442 1959 5508 sociisque

369 5534 808 5606 Ditlymotiehum
863 5535 1093 5604 aufugit,
1128 5531 1313 5605 ibique
1339 5534 1587 5589 collectis
1623 5534 1792 5603 copiis
1829 5534 1958 5586 hel-

370 5641 478 5684 tum
513 5629 778 5684 adversus
804 5643 964 5682 avum
996 5629 1386 5696 imperatorem
1410 5636 1615 5683 movet.
1644 5627 1953 5691 Poetremo,

373 5724 554 5777 multis
585 5723 789 5791 prmliis
817 5723 1074 5779 civilibus
1109 5723 1268 5779 factis
1295 5722 1671 5792 cantibusque,
1701 5737 1824 5775 cum
1861 5737 1955 5775 eo-

375 5816 490 5870 dem
521 5817 572 5870 in
612 5832 798 5884 pacem
832 5818 991 5875 redit.
1026 5818 1096 5872 At
1132 5834 1256 5876 mox
1293 5816 1508 5875 levibus
1544 5817 1612 5872 de
1643 5815 1826 5875 causis
1862 5828 1955 5880 pa-

2066 4605 2255 4660 fratris
2283 4603 2479 4670 ﬁlium,
2512 4603 2733 4660 transiit
2770 4604 3032 4672 auxitque
3064 4603 3141 4656 rei
3184 4601 3412 4670 publica:
3441 4601 3644 4655 turbas.

2063 4699 2202 4754 Tum
2239 4698 2406 4762 enim,
2436 4713 2465 4752 c
2493 4697 2651 4754 bellis
2681 4697 2764 4752 his
2791 4697 3110 4758 domesticis
3142 4705 3196 4751 et
3219 4711 3398 4750 rerum
3438 4707 3648 4762 pertur-

2065 4793 2284 4847 batione
2325 4793 2490 4861 petita
2529 4792 2846 4856 occasione,
2903 4789 3230 4856 Othmanes,
3267 4789 3360 4861 qui
3398 4788 3646 4858 Bithynis

2066 4888 2393 4956 imperabat,
2435 4889 2501 4943 dc
2531 4897 2678 4942 terra
2714 4884 2982 4941 Romanis
3012 4884 3222 4956 reliqua
3259 4893 3471 4954 partem
3508 4883 3648 4938 haud

2064 4985 2318 5047 exiguam
2372 4981 2683 5050 occupavit.
2721 4979 2921 5036 Urbem
2976 4978 3166 5048 junior
3202 4976 3496 5046 imperator
3545 4977 3650 5030 hoc

2066 5073 2228 5127 modo
2247 5071 2816 5126 intravit.Proditores
2837 5070 2969 5138 duo,
2988 5068 3127 5124 alter
3145 5069 3494 5133 (Iastelanus,
3516 5067 3650 5122 alter

2062 5165 2314 5220 Camaris
2339 5166 2581 5226 nomine.
2607 5164 2805 5234 quibus
2839 5163 2988 5234 regio
3019 5163 3265 5232 quaedam
3300 5162 3451 5217 urbis
3482 5175 3650 5232 prope

2064 5268 2274 5329 portam
2303 5273 2466 5328 quam
2497 5258 2686 5319 tliwnt
2717 5256 3260 5326 AdrianOpolitanam
3291 5253 3646 5311 custodienda

2063 5352 2260 5407 tradita
2283 5360 2424 5417 erat,
2449 5352 2504 5406 in
2540 5350 3144 5421 imperatorisjunioris
3175 5365 3355 5406 castra
3383 5349 3646 5420 profecti,

2064 5445 2376 5515 pactionem
2411 5459 2536 5499 cum
2564 5445 2756 5499 eodem
2782 5453 3233 5514 composuerunt.
3263 5442 3452 5512 Itaque
3484 5450 3646 5495 noctu

2063 5537 2365 5592 adveniens
2418 5539 2696 5593 exercitus
2744 5537 2797 5589 in
2837 5537 2932 5590 illo
2986 5536 3107 5591 loco
3165 5535 3337 5591 scalas
3375 5533 3650 5587 mtrnibus

2063 5631 2340 5691 admovet,
2375 5645 2471 5700 per
2505 5643 2638 5697 quas
2667 5628 2915 5683 nonnulli
2976 5629 3028 5681 in
3059 5631 3246 5682 urbem
3282 5626 3490 5695 trajecti
3526 5639 3650 5693 por-

2066 5734 2172 5775 tam
2225 5725 2496 5793 aperiunt.
2561 5723 2884 5791 Imperator,
2926 5733 3214 5792 postquam
3262 5736 3384 5774 cum
3437 5717 3647 5787 reliquo

2061 5815 2308 5872 exercitu
2339 5816 2491 5871 intus
2533 5815 2709 5883 adest,
2741 5815 3034 5870 confestim
3083 5821 3413 5870 convocatos
3445 5809 3647 5865 milites
