4000 6424
344 325 452 388 6⁴ἶ5

1404 337 1851 403 CIIRONICON
1883 345 1935 404 M
1954 345 2162 410 AJUS.
2185 371 2255 385 -··
2295 348 2452 412 LIB.
2497 349 2551 412 Ι.

3515 350 3622 416 66.6

339 438 470 507 περὶ
631 437 726 492 τοῦ
755 441 1104 538 ςπάτξξπουᾲκαεὶ
1135 444 1400 515 βασιλέως
1461 451 1607 524 ζωῆς
1660 457 1911 526 ὲφρόντι-
1939 468 1985 530 Α
2017 462 2152 529 πρὸς
2202 463 2262 516 τὸ
2320 465 2502 517 κλῖναι
2557 464 2740 532 ὀλίγον
2955 467 3130 538 ἀρχὴν
3167 467 3405 533 ἐποίουν,
3447 471 3544 521 καὶ
3591 472 3621 522 6

345 545 455 584 σεν.
501 530 815 602 ’Ἑγκρατὴς
846 533 903 587 δὲ
943 536 1040 604 τῆς
1093 539 1303 604 πόλεώς
1337 544 1432 595 καὶ
1474 547 1574 614 τῆς
1638 545 1922 615 βασιλείας

341 625 632 693 γενόμενος
667 627 760 678 τοῦ
788 627 1012 682 πάππου
1037 630 1115 685 ἔτι
1155 633 1378 701 ζῶντος,
1408 636 1688 709 λῃστρικῷ
1732 643 1926 712 τρόπῳ

341 717 441 784 τῆς
498 715 771 785 βασιλείας
817 722 1006 776 τοῦτον
1052 724 1302 790 ἐξέωσεν.
1381 729 1730 786 Ἐϐασίλευσε
1789 734 1926 802 μετὰ

340 807 435 860 τοῦ
453 809 571 863 υἱοῦ
605 811 823 882 Μιχαὴλ
853 815 880 866 6
904 815 1126 885 γηραιὸς
1171 817 1529 889 Ἀνδρόνικος,
1560 822 1664 887 ἕως
1700 825 1760 878 οὗ
1792 825 1928 890 ἐξώ-

343 904 445 972 σοη
474 905 582 975 36
618 905 722 958 ὑπο
752 906 848 960 τοῦ
889 909 1115 977 ὲγγόνου
1150 915 1319 967 αὐτοῦ
1349 916 1446 970 καὶ
1479 917 1599 970 νέου
1647 918 1924 987 Ἀνδρονί-

317 1014 463 1060 -κου,
508 997 602 1067 έτη
639 997 749 1068 με’,
784 997 895 1052 ἔτει
917 1001 1026 1054 ἀπὸ
1052 1002 1151 1071 μὲν
1180 1005 1282 1073 τῆς
1323 1006 1564 1074 Χριστοῦ
1613 1008 1928 1079 γεννήσεως

342 1096 536 1159 {non},
569 1091 675 1143 ἀπὸ
699 1092 755 1146 δὲ
787 1093 1017 1156 κτίσεως
1053 1097 1266 1164 κόσμου,
1300 1098 1514 1162 ,ςωλςκ

413 1183 480 1248 ζ’.
525 1185 634 1237 Καὶ
667 1185 996 1256 παραλαϐὼν
1023 1187 1124 1257 τὴν
1165 1187 1448 1258 βασιλείαν
1498 1190 1591 1244 καὶ
1637 1191 1738 1262 τὴν
1771 1191 1931 1252 πόλιν

343 1279 372 1329 ὁ
401 1279 522 1340 νέος
571 1277 912 1348 Ἀνδρόνικος
938 1281 1062 1334 καθ’
1087 1281 1144 1334 ὃν
1180 1283 1383 1354 τρόπον
1437 1285 1770 1356 εἰρήκαμεν,
1835 1287 1931 1340 καὶ

346 1372 533 1441 κύριος
565 1373 661 1426 καὶ
700 1371 969 1443 δεσπότης
995 1377 1076 1438 είς
1109 1377 1293 1430 πᾶσαν
1351 1377 1600 1442 ἐξουσίαν
1639 1380 1932 1448 γενόμενος

345 1462 436 1514 τδν
459 1461 682 1515 πάππον
710 1466 803 1518 καὶ
825 1464 1053 1535 βασιλέα
1077 1466 1419 1537 προμηθείας
1461 1469 1656 1536 ἱκανῆς
1684 1469 1779 1523 τοῦ
1812 1470 1931 1541 βίον

347 1555 559 1614 κα).εοῦ
591 1555 689 1627 ζῇν
707 1556 932 1628 ἠξίωσε,
954 1559 1045 1612 τδν
1071 1560 1128 1614 δὲ
1152 1560 1294 1614 θεῖον
1323 1561 1490 1614 αὐτοῦ
1517 1563 1934 1617 Κωνσταντῖνον

350 1650 550 1713 πιάσας
581 1649 639 1703 ὲν
672 1650 863 1722 εἱρκτῇ
895 1652 1213 1723 ὲζοφωμένῃ
1239 1652 1415 1716 ἔθετο,
1447 1653 1656 1707 καὶτοῦ
1692 1654 1932 1722 μεγάῐου

347 1742 631 1809 λογοθέτου
661 1744 755 1798 τοῦ
784 1746 1106 1813 Μετοκίτου,
1139 1745 1233 1798 τοῦ
1268 1747 1422 1811 ζποτὲ
1471 1745 1932 1809 άνακαινίσαντος

2027 555 2247 623 ἀμηρᾶς
2269 559 2348 618 είς
2381 555 2584 608 δειλίαν
2625 559 2876 612 ἐνέπεσε.
2900 558 3006 611 Τοῦ
3031 561 3087 612 δὲ
3124 561 3363 629 πολέμου
3428 560 3618 612 isosy-

2025 664 2116 710 τος
2141 648 2226 700 διὰ
2272 647 2323 700 τὸ
2345 649 2405 700 τὸ
2425 644 2616 712 σκότος
2640 651 2738 718 τῆς
2762 653 2954 713 νυκτὸς
2971 649 3253 719 ἐγγίζειν,
3281 652 3484 722 εὑρέθη
3528 669 3619 704 τε-

2026 740 2307 810 τρωμένος
2335 740 2425 794 τὸν
2456 743 2598 796 πόδα
2633 746 2662 796 6
2690 743 2946 814 βασιλεὺς
2974 745 3203 814 ἐλαφρῷ¹
3255 749 3364 799 τινὶ
3423 746 3570 814 βέλει
3605 759 3619 774 ⁸

2030 834 2126 887 καὶ
2151 834 2398 898 Θέλοντος
2446 835 2715 890 είσελθείν
2751 836 2830 897 είς
2871 837 2931 888 τὸ
2961 838 3059 902 τῆς
3099 837 3420 908 Φιλοκρινῆς
3471 837 3625 889 πολί-

2029 943 2181 995 χνιον
2212 926 2439 980 πλείστα
2484 929 2653 996 ἐγγὺς
2684 928 2743 981 ὃν
2776 928 3074 998 θεραπείας
3124 929 3287 981 ἓνεκα
3318 928 3412 982 τοῦ
3449 930 3621 993 ποδὸς,

2029 1018 2130 1070 οὒκ
2152 1012 2271 1070 οἶδα
2297 1018 2436 1083 πῶς,
2469 1018 2533 1084 ἐξ
2557 1020 2852 1089 ἁμαρτιῶν
2877 1019 3203 1092 ἐψιθυρίσθη
3256 1023 3314 1074 ὲν
3345 1023 3422 1090 τῷ
3455 1039 3623 1090 στρα-

2029 1109 2130 1180 τῷ.
2158 1109 2256 1177 τὴν
2285 1111 2466 1164 αἰτίαν
2492 1112 2566 1180 μὴ
2595 1113 2816 1176 εἰδότες.
2845 1114 2982 1166 ἀλλὰ
3013 1114 3240 1184 φεύγειν
3271 1116 3461 1168 τοῦτον
3506 1115 3622 1169 ὲνόο

2035 1201 2192 1272 μιζον
2229 1203 2338 1255 ἀπὸ
2367 1202 2570 1265 δειλίας
2599 1205 2792 1269 αὐτοῦ,
2838 1206 2930 1259 καὶ
2959 1209 2986 1260 6
3019 1208 3252 1278 στρατὸς
3279 1209 3387 1271 πᾶς
3437 1210 3617 1261 ἀσυν-

2034 1295 2255 1359 τάκτως
2278 1296 2374 1349 καὶ
2413 1299 2552 1367 μετά
2577 1298 2694 1368 βίας
2745 1299 2972 1368 φεύγειν
3003 1300 3273 1372 ὥρμησαν
3320 1302 3454 1378 ὖπόδ
3483 1320 3628 1362 τινος

2036 1393 2114 1462 μὴ
2152 1393 2500 1463 διωκόμενοι.
2537 1395 2651 1447 Καὶ
2675 1397 2732 1448 ἐν
2759 1396 2834 1464 τῷ
2859 1395 3082 1466 φεύγειν
3113 1397 3202 1451 διὰ
3223 1398 3284 1451 τὸ
3313 1375 3503 1459 σκότος
3535 1397 3628 1451 ὑπ’

2033 1485 2286 1553 ἀλλήλων
2312 1487 2794 1558 κατεπατήθησαν,
2817 1489 2911 1541 καὶ
2943 1489 3126 1543 πολλοί
3154 1507 3294 1554 τινες
3319 1490 3422 1543 ἀνὰ
3459 1490 3629 1560 μέσον

2035 1577 2382 1648 ἐτρώθησαν.
2417 1565 2524 1632 Καὶ
2569 1581 2626 1633 έν
2656 1583 2768 1645 τοῖς
2797 1581 3074 1651 ὀρύγμασι
3099 1582 3194 1636 τοῦ
3220 1582 3496 1653 πολιχνίου
3528 1582 3627 1652 μέ·-

2040 1688 2132 1741 ρος
2149 1661 2455 1739 φθάσαντες
2483 1672 2664 1726 αὐτῶν
2689 1673 3042 1736 ἀσυντάκτως
3075 1675 3580 1743 κατεκρημνίζοντο
3611 1689 3626 1704 ο

2037 1763 2189 1817 ἄλλοι
2224 1763 2280 1815 δὲ
2301 1764 2360 1816 ιν
2397 1764 2476 1834 τῷ
2509 1764 2748 1834 αἰγιαλῷ
2771 1764 3107 1833 φθάσαντες,
3138 1766 3322 1819 πολλοὶ
3363 1767 3419 1832 ἐξ
3449 1766 3633 1819 αὐτῶν

349 1838 448 1908 τὴν
480 1837 645 1908 μονὴν
671 1837 763 1890 τοῦ
800 1839 1072 1892 Ζωοδότου
1105 1840 1204 1906 τὴν
1252 1839 1595 1911 καλουμένην
1646 1841 1746 1911 τῆς
1802 1840 1929 1894 Κάν
1968 1825 2010 1883 Β
2037 1857 2422 1926 ἀπεπνίγησαν
2444 1825 2532 1912 διὰ
2554 1825 2614 1910 τὸ
2653 1825 2828 1926 Eia-66v
2864 1825 3075 1927 πλῆθος
3096 1825 3162 1912 γὲν
3199 1861 3314 1921 τοῖς
3363 1825 3630 1921 ἀκατίοις.

355 1947 474 1995 ρας,
505 1931 573 1984 τὰ
608 1931 859 2000 κτήματα
901 1933 1080 1985 πάντα
1111 1934 1205 1986 καὶ
1231 1932 1488 2002 χρήματα
1521 1931 1931 2004 ὲδημοσίευσενο

351 2020 471 2076 εἶτα
501 2024 724 2094 ὕστερον
758 2024 924 2077 πάλιν
964 2025 1252 2096 συμπαθὴς
1300 2026 1377 2078 ὢν
1434 2027 1462 2078 δ
1496 2025 1751 2095 βασιλεὺς
1807 2026 1937 2088 τοὺς

354 2118 561 2179 πάντας
592 2117 1069 2188 ὲπρομηθεύσατο.
1103 2119 1266 2188 ’Ἄρτι
1290 2118 1346 2171 δὲ
1371 2119 1470 2187 τῆς
1509 2117 1662 2187 ὥρας
1707 2116 1937 2170 ὲπιστάο

353 2229 454 2280 σης
475 2212 567 2264 τοῦ
597 2213 754 2280 ἔαρος
787 2213 886 2276 τὰς
906 2211 1016 2266 τῶν
1050 2211 1624 2281 Ῥωμαίωνζδυνάμεις
1649 2211 1938 2279 συναθροί-

355 2324 453 2369 σας
485 2307 629 2360 κατά
659 2305 754 2359 τοῦ
791 2306 1052 2376 Ὀρχάνου
1083 2305 1174 2358 τοῦ
1207 2308 1305 2376 τῆς
1330 2305 1586 2368 Βιθυνίας
1616 2305 1930 2375 ἀμηρεύον-

351 2416 443 2460 τος
473 2399 718 2467 περάσας
748 2399 1100 2468 ἐστράτευσε,
1154 2399 1250 2450 καὶ
1298 2399 1398 2464 τὴν
1447 2396 1937 2466 προκαθεζομένην

349 2489 450 2560 τῆς
481 2489 735 2550 Βιθυνίας
766 2487 918 2539 πόλιν
945 2487 1179 2540 Νίκαιαν
1207 2485 1378 2553 διπλῇ
1435 2479 1658 2555 πολέμῳ
1717 2485 1938 2553 πολιορ-

353 2581 627 2650 κουμένην
659 2580 754 2632 καὶ
781 2577 1202 2633 κινδυνεύουσαν
1245 2579 1325 2640 εἰς
1356 2577 1525 2647 ἄκρον
1571 2576 1712 2644 ὁρῶν
1737 2575 1937 2646 βοηθῆ-

359 2694 448 2728 σαι
478 2675 637 2742 ἔγνω.
669 2671 751 2726 Τά
769 2671 863 2726 οὖν
892 2669 1003 2724 τῶν
1046 2669 1336 2740 Ῥωμαίων
1389 2669 1704 2738 ἐσφάλησαν
1752 2668 1938 2738 τρόπῳ

355 2768 568 2837 τοιῷδε.
614 2765 812 2820 Ἐλθὼν
844 2767 872 2818 6
901 2763 1154 2834 βασιλεὺς
1205 2762 1304 2814 καὶ
1333 2759 1634 2830 συμϐαλὼν
1679 2762 1794 2822 τοῖς
1853 2761 1941 2830 έχ-

357 2862 527 2931 θροῖς,
550 2841 650 2912 καὶ
680 2856 1102 2928 ἀκροϐολισμῶν
1137 2853 1446 2924 γενομένων
1481 2854 1575 2905 καὶ
1609 2851 1936 2923 συμπλοκῆς

355 2956 417 3009 τὸ
459 2953 569 3007 τῶν
609 2951 897 3020 Ῥωμαίων
952 2952 1272 3021 στράτευμα
1321 2948 1385 3000 ὲκ
1434 2945 1536 3016 τῆς
1579 2946 1750 3014 ἕκτης
1791 2944 1941 3014 ὧρας

354 3049 455 3116 τῆς
481 3045 696 3117 ἡμέρας
727 3044 832 3108 ἕως
871 3045 969 3112 τῆς
1022 3040 1262 3110 ἑσπέρας
1295 3039 1482 3098 καλῶς
1520 3038 1616 3092 καὶ
1673 3038 1941 3102 ἀνδρείως

2040 1945 2102 1996 0i
2143 1943 2200 1997 δὲ
2229 1944 2424 1998 σκόποι
2451 1943 2548 1997 τοῦ
2575 1943 2878 2014 ’⁵ορχάνου,
2907 1947 3040 2002 ὡσεὶ
3061 1947 3364 2016 τριακόσιοι
3390 1946 3630 2015 ἔφιπποι

2040 2037 2370 2105 στρατιῶται
2398 2037 2573 2102 ὄντες,
2603 2036 2705 2108 τὴν
2743 2038 3083 2092 ἀσύντακτον
3116 2038 3298 2108 φυγὴν
3337 2039 3430 2090 καὶ
3465 2037 3628 2105 θόρυ-

2039 2129 2133 2183 ϐον
2180 2130 2420 2200 δρῶντες
2465 2133 2606 2200 μετά
2654 2131 2851 2199 φωνῶν
2893 2131 3056 2200 μόνον
3106 2129 3304 2192 αὐτοὺς
3349 2129 3627 2198 ὲδίωχνον,

2039 2225 2135 2276 καὶ
2158 2224 2444 2292 ἐγκρατεῖς
2469 2223 2568 2294 τῆς
2618 2223 2826 2293 σκηνῆς
2855 2224 2953 2292 τῆς
2983 2221 3268 2294 βασιλικῆς
3317 2223 3412 2274 καὶ
3442 2222 3629 2288 πάσης

2039 2318 2396 2385 παρασκευῆς
2421 2317 2514 2368 καὶ
2548 2314 2731 2368 ἵππων
2779 2315 3082 2385 βασιλικῶν
3136 2316 3234 2368 καὶ
3290 2313 3628 2383 ἐφεστρίδιον

2041 2407 2360 2476 πολυτίμων
2395 2405 2526 2476 παρέ
2554 2407 2749 2460 ἐλπίδα
2783 2407 2962 2477 κύριοι
2995 2407 3278 2476 γεγόνασι,
3321 2407 3415 2459 καὶ
3469 2406 3629 2473 νίκην

2043 2496 2290 2566 μεγάλην
2321 2498 2492 2568 χωρὶς
2525 2497 2764 2567 πολέμου
2801 2497 3124 2568 ἐκέρδησαν.
3182 2499 3243 2549 ’0
3277 2497 3334 2551 δὲ
3377 2495 3637 2566 βασιλεὺς

2042 2589 2099 2639 ἐν
2133 2585 2208 2657 τῷ
2239 2587 2500 2658 πολιχνίῳ
2551 2589 2743 2659 ἐκείνῳ
2789 2589 3125 2660 προσμείνας
3182 2590 3400 2660 ἡμέρας
3457 2589 3632 2658 τρεῖς,

2046 2681 2184 2748 μετὰ
2203 2681 2383 2745 λύπης
2413 2681 2656 2752 μεγάλης
2702 2683 2800 2736 καὶ
2856 2681 3110 2753 δακρύων
3166 2682 3624 2752 ἀπαραμυθήτων

2042 2775 2142 2843 τὴν
2187 2774 2297 2826 τῶν
2333 2775 2626 2844 Ῥωμαίων
2657 2775 2947 2845 δυστυχίαν
2980 2775 3184 2828 κλαίων
3228 2776 3320 2828 ἐπὶ
3347 2774 3446 2845 τὴν
3478 2775 3639 2827 Κων-

2045 2861 2326 2914 σταντίνου
2355 2863 2745 2934 ἐπανέστρεψε.
2779 2864 2890 2935 38
2915 2865 3023 2919 Καὶ
3052 2865 3080 2917 6
3115 2865 3342 2935 ἀμηρᾶς
3395 2864 3511 2934 μετ’
3531 2865 3644 2918 όλί-

2043 2970 2146 3021 γας
2173 2953 2384 3024 ἡμέρας
2413 2955 2686 3027 ἐγκρατὴς
2717 2959 2816 3026 τῆς
2853 2957 3060 3018 πόλεως
3113 2958 3330 3024 ἐγένετο
3379 2955 3638 3019 Νικαίας.

2115 3043 2188 3115 η’.
2226 3043 2336 3098 Τοῦ
2394 3045 2450 3098 δὲ
2499 3046 2843 3117 φθινοπώρου
2895 3049 3190 3118 ἱσταμένου
3245 3049 3642 3117 συλλεξάμενος

360 3137 706 3205 ἀντελέγοντο
737 3138 850 3199 τοῖς
879 3132 1221 3203 ’Λγαρηνοῖςο
1253 3132 1349 3184 καὶ
1375 3130 1423 3184 οἶ
1470 3129 1705 3198 Τούρκοι
1756 3126 1942 3197 σχεδὸν
1973 3171 2021 3232 C
2049 3138 2170 3192 ὅσαι
2219 3138 2288 3192 ἂν
2334 3133 2475 3211 ἦσαν
2514 3141 2762 3211 τριήρεις
2822 3140 3138 3212 Ῥωμαίοις,
3189 3141 3329 3194 κατὰ
3359 3140 3640 3212 Μαρτίνου

357 3318 708 3380 severissime
726 3325 892 3380 vetat,
915 3331 986 3370 ne
1006 3315 1058 3368 in
1081 3313 1467 3383 imperatorem
1489 3327 1649 3364 avum
1677 3311 1760 3367 vel
1780 3310 1944 3367 alium

359 3425 686 3482 quemquam
713 3411 763 3464 vi
817 3419 910 3464 aut
930 3405 1274 3464 contumeliis
1306 3413 1553 3461 utantur.
1586 3425 1604 3456 ι
1631 3404 1747 3461 Non
1773 3407 1945 3470 enim,

363 3502 561 3572 inquit,
579 3503 704 3571 ipsi,
724 3501 818 3556 sed
842 3501 987 3556 Deus
1008 3501 1151 3557 hanc
1173 3500 1328 3554 nobis
1352 3499 1636 3553 victoriam
1662 3501 1895 3575 paravit.
1921 3517 1940 3550 ι

364 3594 594 3647 Omnino
634 3608 780 3648 cura:
820 3591 1010 3646 habuit
1041 3592 1126 3645 avi
1163 3589 1393 3644 salutem
1431 3607 1447 3644 :
1487 3605 1797 3659 quanquam
1846 3604 1950 3643 avo

373 3685 662 3755 superstite
705 3687 837 3740 urbe
887 3695 943 3738 et
977 3682 1211 3753 imperio
1250 3679 1478 3751 potitus,
1522 3681 1572 3734 in
1616 3682 1837 3736 modum
1871 3681 1951 3736 la-

371 3778 537 3833 tronis
567 3794 732 3849 regno
762 3793 886 3832 eum
917 3775 1148 3846 expulit.
1187 3777 1568 3842 lmperaverat
1598 3771 1950 3829 Andronicus

367 3871 540 3940 major
563 3882 686 3926 cum
718 3870 984 3925 Michaele
1023 3868 1158 3934 lilio,
1191 3868 1369 3922 donec
1406 3867 1476 3922 ab
1509 3865 1825 3928 Andronico
1849 3867 1951 3920 mi-

365 3979 498 4019 nore
526 3964 847 4019 deturbatus
875 3974 979 4028 est,
1013 3975 1184 4016 annos
1207 3961 1450 4030 quinque
1480 3967 1535 4013 et
1566 3956 1948 4028 quadraginta,

365 4053 420 4108 b.
459 4068 509 4106 e.
541 4053 609 4123 ad
662 4067 866 4106 annum
897 4067 928 4106 a
953 4051 1177 4107 Christo
1206 4060 1335 4106 nato
1371 4049 1535 4115 1528,
1558 4051 1625 4103 ab
1657 4049 1792 4103 orbe
1823 4063 1953 4104 con-

364 4145 395 4197 d
404 4147 476 4199 ito
507 4143 667 4200 6856.
869 4140 872 4143 ’

437 4238 491 4292 7.
517 4236 721 4294 Urbem
755 4248 808 4293 et
837 4237 1124 4307 imperium
1143 4237 1334 4308 junior
1350 4235 1702 4290 Andronicus
1725 4250 1814 4300 eo,
1843 4250 1953 4306 quo

363 4331 625 4399 diximus,
659 4330 819 4386 modo
853 4330 1085 4402 adeptus
1140 4340 1304 4402 atque
1333 4329 1591 4385 dominus
1637 4338 1692 4383 et
1733 4329 1952 4396 despota

365 4441 488 4479 cum
524 4441 739 4488 summa
771 4441 957 4480 rerum
1011 4425 1258 4480 omnium
1317 4435 1590 4496 potestate
1621 4425 1818 4489 factus,
1854 4438 1955 4477 avo

2052 3327 2278 3373 strenue
2323 3326 2658 3389 pugnarunt,
2719 3327 2781 3372 ut
2836 3317 3032 3374 Turea:
3065 3318 3180 3386 jam
3247 3317 3644 3374 inclinarentur

2053 3424 2220 3480 prope
2241 3420 2296 3466 et
2325 3423 2538 3464 ameras
2570 3408 2962 3478 percelleretur
2984 3409 3207 3463 timore.
3231 3409 3338 3465 Sed
3365 3408 3646 3478 dirempto

2053 3503 2242 3574 przclio
2277 3514 2501 3575 prepter
2530 3503 2834 3574 ingruentis
2862 3503 3042 3568 noctis
3077 3502 3353 3567 tenebras,
3383 3517 3508 3558 cum
3548 3502 3645 3555 im-

2053 3605 2296 3666 perator,
2333 3597 2434 3650 levi
2464 3596 2659 3665 sagitta
2695 3596 2753 3650 in
2796 3596 2933 3664 pede
2987 3595 3332 3659 vulneratus,
3366 3594 3646 3649 Philocre-

2056 3704 2186 3752 ιιι-η,
2217 3687 2534 3756 oppidulum
2580 3687 2634 3740 in
2669 3687 2920 3756 proximo
2955 3687 3146 3750 situm,
3197 3685 3419 3741 curandi
3460 3684 3646 3739 vulne-

2055 3771 2138 3834 ris
2165 3793 2329 3834 causa
2360 3779 2566 3833 intrare
2588 3777 2772 3843 vellet,
2791 3778 2982 3833 nescio
3001 3793 3108 3847 quo
3130 3777 3289 3832 modo
3316 3777 3518 3830 factum
3537 3784 3646 3843 est,

2056 3883 2114 3927 ut
2149 3886 2340 3927 errore
2381 3870 2638 3934 militum,
2691 3870 2813 3941 ejus
2850 3869 2930 3925 rei
2977 3884 3201 3924 causam
3255 3868 3646 3936 ignorantium,

2054 3966 2199 4022 lanna
2231 3965 2430 4029 exiret,
2468 3962 2820 4033 perterritum
2847 3961 3232 4032 imperatorem
3266 3959 3393 4027 fuga
3415 3960 3646 4015 salutem

2052 4071 2320 4128 quaerere.
2349 4057 2536 4126 Itaque
2560 4055 2742 4110 cuncti
2801 4053 2950 4109 nullo
2979 4053 3174 4108 ordine
3201 4061 3259 4107 et
3293 4066 3487 4120 magna
3514 4064 3648 4105 con-

2057 4149 2320 4214 tentione,
2366 4160 2396 4200 a
2444 4143 2660 4200 nemine
2694 4144 2894 4212 pressi,
2927 4141 2994 4196 ad
3058 4139 3243 4211 fugam
3291 4137 3646 4205 incumbunt,

2058 4243 2112 4297 in
2149 4241 2274 4312 iuga
2309 4246 2536 4310 propter
2587 4239 2844 4294 tenebras
2875 4237 3110 4293 invicem
3141 4234 3563 4299 conculcantur,
3596 4240 3650 4304 et

2057 4351 2162 4392 nou
2193 4335 2350 4401 pauci
2377 4333 2651 4389 laeduntur
2685 4331 2926 4405 graviter
2959 4346 2974 4384 :
3007 4345 3136 4400 pars
3173 4331 3224 4384 in
3257 4327 3434 4385 fossas
3462 4324 3650 4396 oppidi

2056 4428 2283 4485 confuse
2311 4441 2370 4482 se
2409 4425 2793 4497 praecipitant:
2829 4423 2925 4480 alii
2951 4422 3020 4478 ad
3052 4423 3204 4479 littus
3228 4421 3392 4476 delati
3416 4420 3652 4490 scaphas

365 4517 432 4570 de
457 4517 568 4570 vita
606 4517 896 4578 cOtIImOde
931 4521 1140 4586 agenda
1194 4518 1496 4588 ρτοερθκὶι,
1531 4508 1953 4574 (Σοηεῑδηιίηιιίη
1981 4533 2037 4594 D
2065 4523 2371 4588 inveniunt,
2407 4520 2731 4590 quibuscum
2790 4518 2958 4573 nimia
3014 4515 3362 4571 multitudine
3401 4512 3650 4584 gravatis

366 4617 548 4661 autem
598 4619 850 4678 patruum
885 4610 1341 4679 comprehensum
1384 4611 1437 4666 in
1492 4626 1768 4666 carcerem
1806 4620 1958 4664 tene-

367 4701 590 4754 brosum
640 4701 902 4770 coniecit,
956 4714 1010 4758 et
1063 4704 1376 4758 Mi-tochita:
1417 4703 1599 4774 magni
1641 4702 1957 4774 logothetze,

367 4795 459 4862 qui
497 4795 770 4862 quondam
797 4797 1186 4852 monasterium
1215 4796 1416 4850 Christi
1444 4795 1770 4861 Salvatoris,
1812 4797 1959 4866 quod

365 4884 560 4940 Cborze
591 4887 928 4964 nominatur,
956 4888 1682 4952 instauraverat,lacullates
1718 4879 1962 4962 Opesque

368 4991 560 5029 oiiines
579 4979 894 5044 publicavit.
917 4981 1022 5034 Sed
1048 4996 1197 5045 mox,
1219 4981 1594 5037 misericordia
1621 4993 1958 5052 commotus,

371 5070 588 5124 cunctis
625 5070 766 5126 bene
815 5072 1112 5127 censuluit.
1150 5071 1248 5126 Vix
1283 5073 1506 5130 ineunte
1537 5089 1666 5129 vere
1701 5075 1964 5138 collectas

375 5163 744 5220 ltonnmorum
807 5169 991 5237 copias
1046 5179 1237 5222 contra
1293 5167 1627 5238 Orchanem,
1691 5169 1962 5241 Bithyniae

373 5273 638 5324 a'uerant,
669 5261 839 5326 ducit,
869 5273 924 5315 et
958 5261 1216 5331 Nicaeam,
1245 5265 1432 5319 urbem
1460 5262 1730 5336 Bithyniae
1759 5265 1964 5334 primao

379 5352 538 5417 riam,
581 5353 778 5422 duplici
811 5355 1053 5410 exercitu
1085 5357 1503 5412 circumsessam
1529 5367 1697 5429 atque
1729 5359 1782 5414 in
1811 5375 1964 5416 sum-

378 5464 522 5502 mum
557 5451 844 5505 adductam
877 5450 1212 5520 periculum,
1248 5450 1483 5506 liberare
1522 5451 1786 5508 decrevit.
1825 5451 1963 5510 Suc-

376 5546 564 5600 cubuit
615 5561 701 5602 res
732 5545 978 5600 Romana
1024 5545 1130 5600 hoc
1182 5545 1362 5600 modo.
1396 5543 1691 5618 Postquam
1747 5546 1967 5604 advenit

382 5641 682 5709 imperator
732 5650 787 5694 et
837 5639 1082 5709 praelium
1113 5639 1409 5708 commisit,
1453 5639 1688 5694 Romani
1727 5641 1962 5712 primum

351 5780 354 5782 γ
379 5735 595 5789 eminus
623 5733 940 5804 iaculando,
963 5733 1158 5788 deinde
1173 5733 1479 5790 dimicando
1501 5744 1754 5790 conserta
1776 5749 1964 5800 manu,

383 5839 412 5877 a
439 5831 592 5878 sexta
652 5823 759 5879 diei
795 5825 928 5879 bora
969 5823 1036 5879 ad
1078 5839 1358 5894 vesperam
1411 5841 1580 5896 usque
1617 5825 1876 5896 prarclarc
1913 5839 1967 5882 ct

2064 4617 2219 4673 multi
2247 4622 2714 4686 summerguntur.
2745 4611 3136 4682 Speculatores
3168 4607 3463 4672 Orehauis,
3491 4605 3653 4673 cqui-

2067 4721 2147 4766 tes
2177 4707 2398 4764 circiter
2432 4700 3105 4771 trecenti,auitnadversa
3137 4713 3324 4756 eorum
3356 4698 3653 4752 tumultua-

2066 4802 2143 4856 ria
2181 4801 2306 4872 fuga
2339 4808 2393 4854 et
2413 4798 2847 4870 perturbatione,
2879 4796 3121 4850 clamore
3152 4793 3536 4848 duntaxateos
3571 4787 3652 4841 in-
3701 4797 3708 4803 ‘

2063 4893 2261 4974 secuti,
2285 4889 2638 4949 tabernaculo
2661 4887 3009 4959 imperatoris
3035 4900 3158 4941 eum
3187 4883 3336 4939 omni
3363 4889 3652 4951 apparatu,

2065 4989 2222 5058 equis
2249 4987 2368 5058 ejus
2397 4997 2453 5042 et
2484 4985 2740 5054 pretiosis
2773 4980 3114 5037 vestimentis
3152 4988 3352 5048 prater
3373 4990 3524 5043 spem
3551 4987 3652 5042 po-

2069 5080 2280 5135 tiuntur
2311 5087 2366 5131 et
2389 5077 2708 5148 praeclaram
2735 5083 3022 5142 reportant
3054 5069 3344 5126 victoriam
3385 5065 3525 5121 citra
3557 5079 3654 5134 pu-

2067 5189 2252 5244 gnam.
2288 5172 2594 5242 lmperator
2627 5170 2680 5225 in
2713 5166 2975 5240 oppidulo
2996 5166 3088 5221 illo
3112 5175 3229 5219 tres
3259 5161 3380 5233 dies
3411 5174 3655 5214 commo-

2069 5279 2240 5334 ratus,
2265 5275 2430 5336 atque
2469 5280 2594 5322 cum
2643 5263 2848 5335 ingenti
2883 5275 3122 5316 lllCBI‘Ol‘e
3161 5256 3528 5329 lacrymisque
3564 5269 3655 5309 as-

2070 5362 2245 5417 siduis
2279 5358 2656 5415 Romanorum
2705 5365 3041 5424 conquestus
3098 5351 3404 5413 fortunam,
3451 5347 3656 5417 Cpolim

2070 5453 2315 5511 revertit.
2347 5453 2579 5524 Ameras
2605 5450 2794 5520 paucis
2822 5449 3018 5506 diebus
3043 5456 3172 5518 post
3202 5443 3438 5499 Nicmam
3466 5439 3522 5495 in
3560 5454 3656 5496 no-

2070 5558 2327 5606 tes'atcm
2374 5561 2530 5601 suam
2569 5544 2803 5616 redegit.

2139 5641 2193 5697 8.
2212 5643 2487 5696 Autumno
2509 5638 2752 5701 ineunte,
2773 5635 3017 5693 collectis
3033 5641 3302 5704 quotquot
3314 5639 3472 5687 erant
3496 5635 3642 5682 trtro

2073 5731 2677 5792 mibusliomanorum,
2731 5738 2921 5783 contra
2966 5725 3263 5780 Martinum
3332 5716 3658 5790 quemdam,

2071 5827 2190 5882 Chii
2223 5825 2667 5898 procuratorem,
2688 5822 2988 5893 profectus,
3021 5818 3253 5874 insulam
3291 5812 3444 5868 nullo
3467 5809 3657 5866 labore
