4000 6442
334 401 444 464 669

1421 400 1865 461 (IllliONlCON
1913 403 2188 464 MAJUS.
2232 428 2296 438 -
2343 404 2492 463 LIB.
2543 403 2588 464 l.

3507 391 3618 459 6‘70

335 515 656 587 βἰυλόμενος
690 513 868 567 τείσειν
895 513 1146 579 ὲξουσίιν
1185 515 1280 568 κῖὶ
1325 515 1501 586 ἀρχὴν
1532 516 1621 583 ὑφ’
1653 517 1758 588 @1-
1789 520 1916 572 ἑαυ-
1949 531 1993 587 Αε
2020 537 2180 592 χανῃ.
2209 522 2321 575 Καὶ
2347 519 2508 583 αὐτὸς
2534 520 2672 590 μετὰ
2705 519 2878 591 Ampi;
2904 517 3000 588 τὴν
3051 515 3266 584 αἴτησιν
3297 514 3616 582 δεξάμενοςο

333 611 412 680 τῷ
445 609 539 662 καὶ
566 609 680 670 τοῖς
713 609 849 671 υίοῑς
881 607 1049 662 αὑτοῦ
1098 608 1520 678 κληροπσιῆσαι.
1567 611 1702 680 Περὶ
1733 612 1789 664 δὲ
1821 611 1916 664 τοῦ

336 700 604 770 βασιλέως
624 698 889 782 ,Ἰωάννου
918 701 1012 753 καὶ
1036 700 1291 770 γαμϐροῦ
1313 701 1479 754 αὑτοῦ
1531 702 1714 756 οὐκέτι
1771 704 1921 773 αὑτῷ

335 790 552 858 ἔμελεν.
582 785 927 860 ’Δνδρυνθεὶς
947 785 1045 842 οὖν
1071 793 1137 860 τῇ
1169 790 1358 860 ἡλικία
1378 791 1406 842 6
1435 791 1692 861 Ἰωάννης
1723 793 1922 864 ἀπῄτει

334 883 436 951 τὴν
473 879 755 950 βασιλείαν
778 881 964 932 λαϐεῖν
992 881 1072 942 ὡς
1091 883 1311 950 γνήσιος
1360 879 1611 952 διάδοχος
1652 884 1749 937 καὶ
1787 885 1922 952 κλη-

339 973 566 1042 ρονόμος
590 971 787 1024 ἐκτῶν
819 972 912 1024 τοῦ
963 972 1229 1042 πενθεροῦ
1289 975 1506 1044 χειρῶν.
1577 976 1813 1037 Ἐκεῖνος
1869 977 1928 1030 δὲ

336 1064 440 1117 οὐκ
471 1063 748 1126 ἐϐούλετο,
779 1063 895 1116 ἀλλ’
925 1063 1103 1129 ἐαυτῷ
1132 1064 1226 1117 καὶ
1255 1067 1364 1127 τοῖς
1395 1067 1529 1129 υίοῖς
1546 1066 1712 1120 αὑτοῦ
1744 1067 1919 1120 θέλων

337 1157 540 1226 κλῆρον
567 1157 811 1226 ποιῆσαι.
836 1155 948 1210 Καὶ
980 1155 1175 1209 πολλαὶ
1217 1157 1393 1225 μάχαι
1423 1158 1518 1211 καὶ
1563 1157 1792 1228 πόλεμοι
1822 1160 1921 1228 ὲμ-

340 1249 858 1318 φύλιοιάναμεταξὺ
889 1247 1000 1301 τῶν
1041 1249 1300 1303 ⁴ιιοιοὺειςιιυν
1343 1250 1625 1320 διαφορῶν
1680 1251 1930 1318 ἐγένοντο

339 1342 435 1395 καὶ
459 1341 702 1400 κάκωσις
733 1339 829 1392 καὶ
873 1339 1051 1409 φθορὰ
1073 1340 1284 1411 μεγάλη
1325 1342 1418 1392 καὶ
1447 1341 1570 1393 οὐαὶ
1605 1342 1700 1394 καὶ
1724 1342 1927 1394 κλαυθ-

344 1439 432 1502 μοὶ
456 1434 532 1491 είς
560 1432 618 1482 τὸ
639 1433 879 1500 ὑπήκοον
911 1431 972 1484 τὸ
993 1432 1360 1502 ταλαίπωρον.
1413 1435 1524 1487 Καὶ
1559 1436 1588 1487 6
1661 1435 1928 1503 Ὀρχάνης

339 1524 461 1577 τότε
484 1525 666 1587 ἁδείας
694 1525 790 1577 καὶ
819 1525 1102 1594 εὐκαιρίας
1131 1525 1471 1596 δραξάμενος
1520 1527 1588 1579 τὰ
1640 1527 1932 1596 ὲναπομεί-

342 1634 510 1670 ναιντα
545 1615 786 1686 ὑποτελῆ
829 1617 1122 1686 Ῥωμαίοις
1171 1621 1233 1678 ἐν
1262 1621 1327 1691 τῇ
1360 1619 1584 1690 Βιθυνίᾳ
1616 1621 1707 1689 ὑφ’
1739 1621 1934 1674 ἑαυτὸν

300 1718 312 1727 ’
343 1710 662 1780 ἐποιήσατο,
683 1712 778 1762 καὶ
812 1706 967 1771 αὖθις
995 1713 1053 1762 ἐν
1083 1714 1149 1781 τῇ
1178 1711 1368 1784 Θρᾴκῃ
1407 1713 1545 1782 προς
1598 1713 1695 1782 τὴν
1727 1714 1935 1784 Χερῤο-

319 1797 495 1855 ’νείαν
528 1803 772 1872 περάσας
817 1802 1073 1873 πολίχνια
1131 1823 1254 1857 τινα
1299 1805 1394 1857 καὶ
1458 1804 1696 1876 φρούρια
1749 1803 1929 1858 ἕλαὸε.

2027 615 2120 665 καὶ
2153 613 2386 681 μάλιστα
2411 611 2506 665 διὰ·
2524 611 2622 680 τὴν
2641 613 2987 678 συγγένειαν,
3027 609 3120 662 καὶ
3147 606 3474 676 τὰ,φρούρια
3507 606 3543 659 ὃ.
3565 608 3622 658 ἐν

2025 705 2090 774 τῇ
2117 705 2307 776 Θρᾴκῃ
2339 704 2689 773 διερχόμενος
2744 704 2863 771 ἦτοι
2921 703 3167 771 περάσας
3218 700 3413 752 ἐλαϐεν
3461 698 3622 758 αὖθις

2025 795 2102 865 τῷ
2135 795 2343 864 βασιλεί
2383 795 2606 864 Ἰωάννῃ
2636 793 2714 861 τῷ
2741 792 2939 844 ἑαυτοῦ
2974 790 3389 858 γυναικαδὲλφῳ
3437 789 3624 857 ἐχαρί-

2029 904 2178 940 σατο.
2209 888 2318 938 Καὶ
2347 885 2416 937 τὰ
2450 886 2588 954 πρὸς
2618 885 2808 955 χρείαν
2833 885 2956 946 δοὺς
2990 882 3138 952 αὑτῷ
3169 882 3286 933 οἷαν
3337 880 3616 942 ἐδούλετο,

2029 979 2124 1030 καὶ
2156 981 2212 1029 ἐν
2247 979 2313 1047 τῇ
2363 977 2520 1028 πόλει
2565 978 2810 1046 περάσας
2868 975 2960 1028 τόν
3014 973 3470 1042 Καντακουζηνδν
3526 970 3625 1022 καὶ

2029 1070 2290 1139 πενθερδν
2323 1069 2487 1123 αὑτοῦ
2521 1071 2583 1121 ἐκ
2628 1069 2729 1138 τῆς
2761 1068 3041 1137 βασιλεὶας
3073 1067 3270 1133 ἐξέωσε
3299 1069 3390 1119 καὶ
3421 1067 3623 1132 ἐγκρα-

2029 1163 2126 1231 τὴς
2145 1161 2327 1231 πάσης
2354 1161 2628 1230 πατρικῆς
2659 1159 2834 1228 ἀρχῆς
2889 1139 3127 1226 ἐγένετο
3174 1159 3234 1210 ’ἃ
3278 1157 3336 1209 δὲ
3401 1159 3623 1209 Καντα-

2031 1250 2290 1320 κουζηνδς
2317 1251 2391 1313 ὡς
2417 1251 2592 1320 φυγὰς
2626 1251 2683 1304 ἐν
2713 1254 2778 1320 τῇ
2809 1249 3009 1321 Σερδία
3035 1251 3171 1319 πρὸς
3215 1249 3307 1302 τὸν
3371 1245 3626 1316 γαμὸρδν

2031 1344 2198 1396 αὑτοῦ
2229 1344 2320 1396 τὸν
2346 1345 2563 1412 ταύτης.
2605 1342 2917 1414 κρατοῦντα
2970 1341 3144 1393 ἐλθὼν
3193 1341 3290 1403 τὰς
3343 1337 3626 1406 διατριϐὰς

2034 1439 2292 1502 ἐποιεῖτο,
2352 1439 2642 1508 ἡσυχάζων
2687 1437 2776 1490 διὰ
2824 1437 2916 1489 τὸν
2958 1435 3124 1504 φόὅον
3164 1432 3258 1487 τοῦ
3313 1431 3622 1505 Ὀρχάνου·

2034 1532 2130 1582 καὶ
2157 1530 2340 1600 ἐζήτει
2376 1530 2610 1582 πάντοτε
2637 1529 2832 1598 καιρὸν
2861 1530 3192 1592 ἐπιτήδειον,
3220 1527 3334 1590 ἴνα,
3365 1528 3414 1578 εἰ
3459 1525 3624 1577 δυνα-

2036 1623 2148 1684 τὸν,
2207 1623 2373 1677 πάλιν
2426 1623 2733 1691 δοκιμάσας
2795 1621 2894 1690 τὴν
2950 1619 3231 1690 βασιλείαν
3296 1617 3385 1683 ὑφ’
3434 1614 3628 1668 ἑαυτὸν

2039 1716 2263 1784 ποιῆσαι
2289 1715 2485 1769 ἐλθεῖν.
2531 1715 2797 1778 Ἀκούσας
2817 1714 2872 1766 δὲ
2912 1713 3004 1765 τὸν
3035 1711 3128 1764 τοῦ
3170 1710 3435 1779 Ὀρχάνου
3461 1707 3630 1762 θάνα-

2039 1825 2156 1874 τον,
2191 1806 2433 1869 καὶπῶς
2461 1807 2489 1858 6
2537 1806 2654 1868 υἱὸς
2684 1805 2851 1859 αὑτοῦ
2909 1803 3257 1874 Ἀμουράτης
3305 1801 3403 1871 τὴν
3453 1800 3630 1868 ἀρχὴν

346 1898 455 1950 Καὶ
483 1896 627 1958 τινὲς
649 1895 749 1964 μὲν
772 1895 880 1948 τῶν
912 1896 1140 1960 ἐνδόξων
1181 1897 1274 1950 καὶ
1309 1897 1547 1965 εὐγενῶν
1587 1897 1683 1950 καὶ
1708 1896 1900 1965 τοῦ.δὴ
1966 1889 2012 1950 Β
2039 1898 2334 1965 διεδέξατο,
2374 1899 2604 1970 στρατὸν
2631 1897 2999 1970 οἰκονομήσας
3024 1896 3085 1948 ἐκ
3111 1912 3171 1948 τε
3234 1894 3331 1962 τῆς
3402 1892 3632 1961 Σερϐίας

349 2005 451 2059 μου
473 1989 564 2042 τὸν
599 1989 970 2054 Παλαιολόγον
993 1989 1068 2051 ὡς
1086 1989 1331 2057 διάδοχον
1370 1991 1600 2058 γνήσιον
1624 1991 1717 2042 καὶ
1743 1988 1932 2058 κληρο-

346 2079 512 2149 νόμον
556 2080 654 2149 τῆς
707 2081 881 2150 ἀρχῆς
933 2079 1155 2149 βασιλέα
1197 2081 1413 2150 ἤθελον,
1466 2081 1789 2152 βοηθοῦντες
1839 2082 1934 2134 καὶ

349 2168 754 2238 συμπονοῦντες
789 2170 938 2240 αὑτῷ
970 2185 984 2198 ·
1009 2171 1153 2231 τινὲς
1176 2171 1235 2223 δὲ
1267 2169 1431 2224 πάλιν
1450 2170 1520 2224 τά
1551 2170 1770 2224 ἐναντία
1797 2187 1936 2242 φροο

347 2261 579 2324 νοῦντες·
597 2261 782 2330 ἔλεγον
813 2263 882 2314 τὰ
912 2263 1012 2315 ὅσα
1041 2263 1069 2314 ὁ
1125 2262 1347 2333 Μιχαὴλ
1388 2265 1416 2316 6
1446 2262 1708 2334 βασιλεὺς
1741 2265 1770 2316 6
1795 2278 1934 2332 προ-

348 2354 576 2417 πάππος
601 2352 768 2407 αὐτοῦ
799 2353 1022 2421 ἐποίησε
1073 2353 1150 2423 τῷ
1195 2355 1421 2426 Ἰωάννῃ
1485 2353 1564 2424 τῷ
1627 2355 1932 2425 Λασκάρει,

348 2445 636 2512 τυφλώσας
660 2446 825 2499 αὑτὸν
850 2448 946 2501 καί¹
973 2448 1073 2518 τὴν
1113 2447 1397 2518 βασιλείαν
1415 2447 1599 2501 λαϐὼν
1623 2451 1729 2500 ’καὶ
1768 2447 1932 2510 αὐτὸς

348 2539 377 2590 6
406 2539 625 2604 ἔκγονος
649 2537 818 2590 αὑτοῦ
845 2539 914 2591 τὰ
949 2539 1046 2592 νῦν
1087 2539 1193 2592 ὑπὸ
1216 2540 1273 2591 ὲτ
1285 2539 1424 2610 έρων
1472 2539 1890 2592 άνταποδίδοται
1919 2555 1934 2568 ·

348 2631 442 2684 καὶ
474 2630 551 2700 τῷ
589 2633 772 2700 μέτρῳ
803 2624 848 2698 ᾧ
872 2632 1184 2702 ἐμέτρησαν
1225 2633 1278 2685 of.
1332 2633 1439 2702 πρὸ
1474 2632 1641 2687 αὑτοῦ
1699 2634 1794 2686 καὶ⁴
1839 2633 1938 2702 τὴν

350 2723 632 2794 βασιλείαν
659 2724 872 2786 ἔλαϐον,
906 2725 1003 2777 καὶ
1025 2723 1182 2788 οὗτος
1211 2726 1281 2777 τὰ
1324 2725 1420 2778 νῦν
1471 2723 1943 2794 ἀντιμετρηθήσε-

349 2833 465 2870 ται.
499 2816 656 2868 Καὶό
683 2815 1046 2884 Παλαιολόγος
1077 2815 1380 2884 ἀπορηθεὶς
1408 2817 1501 2868 καὶ
1546 2815 1627 2878 είς
1691 2816 1942 2882 ἀπόγνωο

353 2926 439 2963 σιν
467 2909 660 2972 ἐλθὼν,
687 2909 779 2961 καὶ
809 2910 910 2961 οὐκ
941 2909 1079 2978 ἔχων
1105 2926 1158 2962 τι
1185 2907 1294 2980 42
1325 2908 1513 2978 ἕτερον
1544 2909 1770 2978 πρᾶξαι,
1805 2907 1943 2977 πρὶς

352 3001 442 3054 τὸν
475 3001 986 3072 Τούρκωνάμηρᾶν
1032 3002 1306 3071 Ὀρχάνην
1353 3001 1644 3070 διέδραμεν
1686 3000 1943 3070 βοήθειαν

350 3093 536 3154 αἰτῶν,
553 3095 639 3146 ἵνα
657 3093 756 3164 τῆς
785 3093 1058 3162 βασιλείας
1085 3093 1187 3162 τῆς
1204 3094 1478 3163 πατρικῆς
1498 3092 1770 3162 ἐγκρατὴς
1786 3092 1946 3162 γένηο

349 3203 462 3252 ται,
488 3188 580 3239 καὶ
602 3185 699 3257 τὴν
724 3187 959 3257 ἀδελφὴν
979 3186 1142 3240 αὐτοῦ
1169 3188 1253 3251 είς·
1277 3189 1514 3254 γυναῖκα
1534 3186 1704 3239 δῶσαι
1727 3186 1806 3256 τῷ
1821 3187 1944 3255 ’ορ-

357 3378 556 3436 matur,
580 3385 643 3425 ac
661 3367 949 3439 conjugem
975 3365 1032 3423 ut
1049 3369 1325 3424 dominam
1351 3376 1645 3424 coronatet
1669 3368 1782 3424 filio
1807 3378 1936 3422 natu

357 3461 594 3516 maximo
617 3460 830 3515 calceos
861 3475 1170 3528 purpureos
1221 3459 1493 3528 impertit,
1533 3459 1801 3514 minorem
1847 3459 1942 3514 de-

363 3565 579 3624 spotam
613 3555 824 3620 Sparta
852 3553 1121 3620 declarat,
1158 3568 1320 3608 omne
1375 3554 1668 3621 imperium
1705 3561 1944 3622 potesta-

364 3654 582 3714 temque
607 3647 709 3701 sibi
734 3657 787 3720 et
815 3645 939 3701 ﬁliis
966 3648 1085 3701 suis
1116 3661 1439 3715 comparare
1473 3645 1648 3701 nisus.
1696 3645 1940 3716 Impera-

368 3750 539 3793 toretn
582 3737 859 3809 Joannem,
911 3756 1206 3811 generum,
1259 3741 1394 3794 nihil
1443 3748 1616 3794 curat.
1675 3737 1777 3794 Hic
1816 3753 1940 3793 cum

357 3832 578 3888 adultus
609 3834 892 3902 imperiunm
926 3842 984 3888 ut
1007 3833 1181 3888 haeres
1224 3847 1516 3904 germanus
1561 3843 1619 3884 et
1665 3831 1944 3902 legitimus

314 3996 322 4001 η
355 3945 386 3982 e
421 3927 668 3982 manibus
698 3929 872 3982 soceri
909 3930 1155 3998 recipere
1187 3934 1448 3996 cuperet,
1500 3926 1795 3981 recusabat
1831 3924 1940 3990 ille,

359 4022 462 4076 sibi
527 4037 592 4075 ac
645 4022 773 4076 filiis
849 4023 1253 4091 possessionem
1312 4021 1434 4089 ejus
1489 4018 1628 4074 tueri
1687 4019 1941 4074 studens.

359 4116 526 4170 Multa
576 4115 873 4170 certamina
924 4131 989 4187 ac
1031 4115 1171 4170 bella
1221 4114 1527 4170 domeStica
1575 4128 1640 4167 ex
1696 4113 1797 4189 his‘
1833 4111 1944 4186 dis-

361 4210 513 4263 sidiis
545 4219 663 4263 orta
697 4218 848 4274 sunt,
884 4208 1028 4263 unde
1057 4222 1251 4276 magna
1279 4207 1592 4272 calamitas,
1646 4205 1940 4275 pernicies,

361 4303 595 4357 lamenta
645 4300 990 4368 fletusquein
1043 4302 1273 4356 miseros
1333 4299 1482 4354 cives
1541 4298 1942 4354 redundarent.

359 4395 665 4460 Orchanes,
682 4405 793 4448 tum
816 4393 1128 4448 facultatem
1148 4401 1339 4447 nactus
1360 4391 1803 4455 etoccasioncm,
1826 4403 1947 4459 qua:

361 4485 625 4541 Romanis
654 4487 902 4542 adhucin
930 4487 1184 4558 Bithynia
1223 4486 1512 4540 tributaria
1550 4493 1727 4550 erant,
1756 4487 1808 4538 in
1847 4499 1946 4554 po—

362 4590 611 4636 testatem
642 4596 796 4634 suam
823 4581 1048 4651 redegit;
1079 4593 1144 4632 ac
1193 4593 1381 4632 rursus
1432 4578 1487 4632 in
1540 4579 1944 4632 Chersonesum
1980 4607 2023 4661 ι)

361 4675 608 4728 Thraciae
631 4673 912 4743 trajectus,
931 4672 1126 4742 oppida
1158 4671 1415 4726 nonnulla
1450 4682 1503 4725 et
1528 4671 1750 4726 castella
1773 4686 1946 4740 expu-

361 4766 568 4835 gnavit.
601 4766 872 4820 Caeterum
919 4780 950 4819 e
989 4764 1308 4830 proceribus
1359 4763 1834 4832 optimatibusque
1883 4777 1950 4818 ac

361 4858 519 4926 plebe
550 4857 642 4910 alii
663 4855 1052 4926 Pal-.eologum.
1086 4864 1143 4906 ut
1165 4869 1544 4909 successorem
1567 4864 1622 4907 et
1669 4854 1946 4907 bznredem

360 4951 572 5020 imperii
607 4950 936 5020 legitimum,
959 4948 1344 5016 imperatorem
1373 4960 1496 5001 esse
1518 4945 1775 5000 volebant
1795 4959 1950 4998 eumv

359 5060 466 5114 que
489 5044 818 5111 adjuvahaut
849 5041 1364 5110 sustentabantque,
1397 5039 1516 5104 alii,
1541 5039 1634 5107 qui
1665 5039 1947 5091 contraria

360 5137 650 5201 sentirent,
674 5136 1022 5199 dictitabant,
1051 5151 1171 5204 quae
1192 5136 1492 5199 imperator
1512 5129 1773 5192 Michael,
1801 5130 1949 5185 illius

353 5227 591 5292 abavus,
616 5223 946 5279 inJoaunem
970 5223 1246 5281 Lascariut
1268 5223 1510 5286 fecisset,
1528 5237 1650 5278 cum
1671 5236 1793 5274 eum
1821 5235 1946 5274 ocu-

363 5321 430 5375 lis
459 5335 583 5374 cuin
618 5318 848 5387 imperio
867 5320 1130 5387 privaret,
1161 5331 1350 5369 eorum
1387 5330 1533 5370 nunc
1560 5328 1752 5384 poenas
1772 5313 1947 5366 abne-

360 5420 538 5478 potem
557 5410 677 5479 ejus
696 5409 818 5464 aliis
841 5411 1027 5475 luere;
1061 5419 1116 5462 et
1142 5424 1246 5476 qua
1276 5387 1532 5462 mensura
1561 5405 1797 5474 majores
1828 5403 1948 5473 ejus

359 5503 483 5558 aliis
511 5505 682 5556 mensi
715 5502 949 5557 fuissent
989 5502 1435 5570 eripuisseutque
1485 5501 1797 5570 imperium,
1851 5512 1948 5554 ea-

359 5597 481 5648 dem
513 5595 585 5648 illi
612 5611 756 5650 nunc
785 5595 1118 5651 metiendum
1148 5609 1292 5650 esse.
1343 5594 1708 5664 PalanIOgus,
1763 5593 1948 5648 consi-

358 5685 420 5739 lii
446 5685 604 5754 inops
632 5695 686 5740 et
722 5685 882 5742 rebus
914 5686 1030 5752 suis
1064 5686 1292 5749 difﬁsus,
1323 5701 1445 5739 cum
1463 5667 1609 5741 aliud
1631 5683 1779 5755 quod
1804 5683 1950 5740 face-

359 5784 441 5832 ret
470 5793 580 5832 nou
612 5779 864 5843 haberet,
897 5778 961 5831 ad
989 5778 1297 5834 Orchanem
1332 5778 1639 5834 Turcarum
1697 5793 1940 5834 auteratn

355 5869 623 5937 confugit,
646 5869 880 5944 ejusque
910 5885 1067 5940 opem
1093 5872 1158 5924 ad
1183 5883 1471 5941 paternum
1500 5884 1726 5941 regnum
1761 5870 1940 5925 vindi-

2036 1993 2130 2044 καὶ
2158 1991 2256 2060 τῆς
2279 1990 2642 2061 Βουλγαρίας,
2705 1991 2806 2044 ἵνα·
2838 1989 3003 2045 πάλιν
3039 1987 3183 2040 κατὰ
3226 1984 3320 2038 τοῦ
3376 1981 3633 2053 γαμϐροῦ

2035 2086 2144 2138 καὶ
2173 2084 2439 2155 βασιλέως
2469 2085 2721 2139 Ἰωάννου
2753 2083 2905 2154 ἔλθῃ.
2971 2081 3031 2134 '0
3055 2081 3110 2132 δὲ
3144 2078 3400 2148 βασιλεὺς
3443 2075 3633 2130 Ἰωάνο-

2037 2194 2134 2248 νης
2161 2180 2335 2232 ταῦτα
2373 2177 2564 2247 μαθὼν
2583 2176 2788 2231 ἔστειλε
2817 2175 3060 2246 πρέσϐυν
3085 2173 3222 2243 πρλς
3246 2169 3338 2222 τὸν
3369 2167 3634 2238 πενθερὸν

2041 2269 2158 2341 μετ’
2179 2270 2472 2340 ἐπιστολῆς
2497 2266 2862 2340 πειρεχούσης
2893 2265 3092 2328 οὕτως·

2113 2368 2162 2417 ι’.
2206 2381 2225 2414 ι
2249 2362 2392 2430 Ἐγὼ
2424 2363 2524 2430 μὲν
2552 2360 2814 2422 πολλάκις
2837 2346 2980 2412 κατᾶ
3009 2357 3136 2410 νοῦν
3167 2352 3626 2423 συλλογιζόμενος

2039 2455 2329 2524 ἐθαύμασα
2356 2454 2474 2516 πῶς
2505 2455 2538 2524 ἡ
2576 2451 2888 2514 συνείδησις
2921 2451 3018 2502 καὶ
3062 2452 3094 2519 ἡ
3125 2449 3405 2516 διάκρισις
3435 2444 3532 2499 καὶ
3562 2443 3624 2494 τὸ

2040 2551 2220 2619 γῆρας
2263 2547 2364 2600 οὐκ
2392 2546 2500 2618 43
2533 2545 2868 2616 ἠλέγχησεν,
2899 2543 2989 2597 ἵνα
3021 2544 3120 2596 καὶ
3161 2542 3231 2594 τὰ
3259 2540 3355 2591 νῦν
3383 2538 3631 2606 ὲνθυμη·

2042 2645 2140 2712 θῇς
2165 2643 2258 2696 τὸν
2294 2641 2530 2696 θάνατον
2566 2645 2663 2694 καὶ
2712 2639 2811 2708 τὴν
2869 2637 3054 2708 κρίσιν
3100 2635 3194 2687 τοῦ
3230 2631 3631 2702 ἀπροσωπολή-

2044 2752 2181 2788 πτου
2214 2733 2424 2786 ἐκείνου
2454 2730 2672 2799 κριτοῦ,
2706 2731 2764 2782 ὲν
2877 2728 3148 2798 μέλλομεν
3197 2724 3399 2784 πάντες
3428 2724 3638 2790 γυμνοὶ

2045 2829 2142 2881 atati.
2190 2822 2686 2894 τετραχηλισμένοι
2744 2817 3153 2892 παρίστασθαι,
3197 2817 3291 2870 καὶ
3343 2814 3486 2866 κατὰ
3539 2811 3637 2872 τὰς

2045 2919 2278 2989 πράξεις
2327 2917 2420 2970 καὶ
2469 2915 2610 2985 ἔργα
2643 2914 2813 2968 αὐτοῦ
2875 2913 3111 2970 ἕκαστος
3143 2911 3243 2978 τὴν
3301 2904 3634 2976 ἀντάμειψιν

2044 3012 2299 3080 λήψεται.
2337 3009 2484 3062 Ἔδει
2511 3007 2623 3079 γάρ
2649 3023 2708 3059 σε
2735 3006 2809 3070 ὡς
2840 3005 3062 3058 συνετὸν
3090 3005 3179 3057 καὶ
3204 3000 3510 3072 πρακτικὸν
3542 2996 3640 3048 καὶ

2045 3104 2143 3168 τὰς
2175 3102 2403 3173 Γραφᾶς
2433 3099 2616 3163 καλῶς
2639 3099 2819 3153 εἰδότα
2853 3098 2951 3152 καὶ
2979 3098 3058 3160 είς
3091 3095 3274 3150 πάντ).
3302 3091 3635 3162 ὲπὶτήδειον,

2048 3195 2122 3255 ὡς
2155 3196 2218 3249 σὺ
2252 3194 2439 3263 λέγεις
2490 3193 2585 3246 καὶ
2636 3189 3003 3262 μεγαλαυχεῖς
3052 3188 3148 3242 καὶ
3195 3183 3514 3256 ἐπαίρεσαι,
3544 3182 3636 3234 ἵνα

2043 3372 2276 3432 candum
2307 3377 2579 3445 implorat,
2608 3389 2801 3430 sorore
2819 3373 2893 3427 illi
2920 3373 2970 3427 iu
2995 3371 3406 3426 matrimonium
3425 3368 3634 3426 oblata.

2043 3467 2342 3533 Orchanes,
2370 3481 2488 3523 eam
2510 3467 2905 3532 conditionem,
2929 3474 3151 3533 propter
3181 3461 3500 3517 affinitatem
3521 3475 3636 3520 ma-

2046 3561 2212 3627 xime,
2240 3558 2438 3628 cupide
2464 3535 3052 3626 amplexusicastella,
3081 3568 3203 3624 quae
3234 3552 3288 3606 in
3347 3549 3639 3604 Thraciam

2046 3654 2307 3722 trajectus
2341 3659 2754 3719 occupaverat,
2807 3647 3128 3714 imperatori
3176 3643 3378 3700 Joanni
3407 3684 3422 3704 .
3477 3641 3635 3696 fratri

2049 3741 2258 3806 uxoris.
2299 3740 2546 3798 donavit.
2603 3737 2812 3793 Deinde
2855 3737 3134 3798 Inannes,
3194 3736 3496 3789 instructus
3560 3733 3632 3788 ab

2045 3832 2234 3887 eodem
2284 3831 2447 3908 rebus
2481 3830 2737 3884 omnibus
2767 3869 2784 3896 ,
2838 3828 3040 3897 quibus
3083 3835 3290 3898 egeret,
3332 3835 3389 3877 et
3418 3819 3643 3894 Cpolim’

2045 3924 2294 3986 adortus,
2313 3921 2758 3978 Cantacuzenum
2782 3934 3036 3974 socerum
3063 3919 3293 3987 imperio
3319 3917 3636 3972 deturbavit

2041 4025 2103 4094 et
2127 4025 2415 4082 paternum
2451 4029 2680 4086 regnum
2714 4013 3083 4081 recuperavit.
3108 4011 3524 4066 Cantacuzcnus
3552 4011 3608 4066 fu
3631 4039 3646 4052 -
3716 4039 3718 4042 ν

2047 4125 2112 4180 ga
2135 4121 2194 4163 se
2218 4106 2272 4162 in
2305 4105 2550 4162 Serviam
2579 4105 2644 4160 ad
2667 4119 2951 4175 generum,
3002 4105 3124 4175 ejus
3148 4103 3388 4173 regionis
3440 4103 3648 4172 princi-

2049 4193 2196 4268 pem,
2221 4198 2454 4267 recepit,
2485 4195 2670 4266 ibique
2690 4195 2878 4265 quiete
2909 4195 3124 4266 agebat,
3154 4203 3404 4249 metuens
3430 4193 3537 4249 sibi
3576 4195 3646 4246 ab

2050 4293 2325 4356 Orchane,
2360 4299 2526 4362 atque
2573 4299 2792 4358 tempus
2845 4287 3203 4356 exspectabat
3247 4275 3643 4356 opportunum,

2051 4401 2181 4458 quo,
2215 4385 2262 4440 si
2287 4391 2497 4452 posset,
2526 4379 2787 4446 efficeret,
2819 4391 2878 4435 ut
2902 4382 2956 4435 i’u
2979 4394 3173 4434 manus
3202 4393 3333 4434 suas
3354 4378 3644 4448 imperium

2055 4479 2274 4535 rediret.
2297 4474 2487 4547 Itaque
2516 4474 2718 4537 audito.
2762 4470 3076 4528 O‘rchanem
3124 4472 3308 4526 obisse
3365 4458 3648 4537 fifiumquc

2053 4573 2172 4643 ejus
2199 4572 2517 4624 Amuratem
2544 4566 2860 4634 suscepisse
2909 4566 3222 4634 imperium,
3267 4577 3298 4617 e
3354 4562 3541 4617 Servis
3593 4567 3650 4614 et

2054 4661 2304 4734 Bulgaris
2328 4659 2630 4716 exercitum
2657 4666 2834 4726 parat,
2863 4657 3128 4711 adversus
3177 4653 3442 4709 Joannem
3485 4666 3649 4722 gene-

2051 4771 2171 4810 rum
2205 4750 2578 4824 prof'ecturus.
2612 4753 2942 4820 Imperator,
2973 4761 3032 4801 re
3065 4755 3368 4814 comperta,
3403 4745 3644 4813 legatum

2051 4847 2118 4903 ad
2147 4859 2394 4900 socerum
2424 4844 2549 4899 cum
2579 4839 2811 4914 epistola
2844 4841 2992 4897 misit
3019 4840 3073 4894 in
3096 4839 3246 4894 hunc
3261 4853 3481 4893 sensum
3503 4852 3636 4890 con-

2051 4941 2253 5008 scripta
2291 4956 2307 4995 :
3422 4935 3428 4938 ’

2124 5029 2212 5089 lt).
2249 5053 2267 5086 ι
2309 5035 2699 5101 Saepenumero
2726 5025 2990 5098 cogitanti
3036 5024 3166 5079 mihi
3214 5025 3412 5078 mirum
3473 5024 3644 5076 visum

2051 5137 2155 5188 cst.
2190 5125 2465 5197 quomodo
2488 5120 2854 5184 conscientia,
2891 5117 3183 5188 prudentia
3214 5113 3269 5169 et
3294 5126 3552 5170 senectus
3597 5127 3648 5172 te

2054 5237 2157 5274 non
2185 5215 2594 5278 admonuerint,
2629 5221 2685 5266 ut
2709 5209 2927 5266 tandem
2961 5209 3028 5264 de
3073 5217 3248 5263 morte
3296 5220 3386 5262 tua
3436 5207 3648 5276 cOgita-

2054 5315 2257 5365 tionem
2284 5310 2619 5378 susciperes,
2649 5312 2704 5359 et
2730 5303 2932 5375 judicis
2963 5302 3131 5364 illius,
3166 5301 3258 5369 qui
3293 5301 3495 5354 nullius
3545 5301 3646 5354 ho-

2055 5404 2218 5457 minis
2253 5401 2476 5471 respicit
2509 5411 2823 5468 personam,
2864 5393 3234 5463 perpendercs
3271 5391 3556 5461 judicium,
3591 5391 3642 5444 in

2053 5510 2371 5565 quoomnes
2397 5491 2524 5546 nudi
2553 5499 2607 5544 et
2641 5487 2921 5544 manifesti
2970 5486 3259 5550 sistemur,
3302 5495 3362 5558 et
3419 5499 3642 5540 suorum

2053 5581 2307 5656 quisque,
2335 5585 2639 5638 facinorqu
2675 5591 2729 5636 et
2775 5594 2999 5648 operum
3050 5577 3284 5646 accipiet
3315 5573 3645 5629 mercedem.

2053 5678 2352 5748 Oportebat
2381 5675 2526 5730 enim
2553 5683 2630 5738 te,
2653 5672 2955 5736 hominem,
2976 5681 3034 5725 ut
3063 5680 3117 5724 tu
3163 5669 3380 5739 quidem
3413 5665 3641 5737 gloriari

2053 5773 2220 5836 soles,
2255 5768 2540 5824 cordatum
2573 5777 2629 5824 et
2658 5780 2838 5821 rerum
2879 5779 2978 5820 usu
3011 5764 3200 5817 tritum
3248 5770 3304 5815 et
3353 5759 3404 5813 in
3462 5758 3640 5813 sacris

2055 5865 2254 5923 litteris
2289 5861 2538 5934 apprime
2570 5866 2845 5915 versatum
2868 5865 2922 5911 et
2955 5855 3022 5908 ad
3046 5851 3228 5908 omnia
3285 5848 3519 5904 habilem
3559 5857 3644 5903 at-
