4000 6420
430 395 538 461 679

1683 391 2011 454 GEORGII
2047 389 2472 482 mumsz

3583 385 3605 442 ί
3616 385 3685 446 εξ)

428 513 788 582 ἐκατὼρθωσε
815 511 903 565 διὰ
935 511 996 564 τὸ
1025 511 1487 581 περισπωμένους
1527 507 1670 564 εἶναι
1697 512 1898 577 αὐτοὺς
1921 511 2015 564 καὶ
2043 509 2092 566 Δ
2121 508 2350 577 ριολγὴς
2397 507 2640 574 ἐγένετο.
2690 502 3170 572 Διισχυριζόμενος
3213 499 3396 568 ἔλεγεν
3426 500 3510 554 δτι
3543 503 3686 554 κατὰ

427 606 743 676 ἀναμεταξὺ
786 605 967 673 μάχας
1000 606 1094 657 καὶ
1127 604 1403 658 σκάνδαλα
1442 605 1692 674 ἔχοντας.
1735 606 1847 658 Καὶ
1872 621 2009 674 χρη-

429 700 614 765 μάτων
663 697 824 762 μόνον
881 697 1087 765 πλῆθος
1127 697 1415 759 ἀναλώσας
1470 698 1568 748 καὶ
1613 696 1806 749 δάνεια
1837 697 2010 749 πολλὰ

425 787 605 840 λαϐὼν
625 788 714 841 διὰ
738 789 798 840 τὺ
829 783 973 841 εἶναι
1003 789 1255 858 μεγάλην
1285 787 1384 857 τὴν
1415 790 1472 840 ἐν
1517 787 1714 858 Ἰταλία
1739 789 2010 859 δαπάνην,

425 883 516 934 κιίι
548 882 624 937 εἰς
657 881 904 934 Ἐνετίαν
927 881 1274 950 ἀναστρέψας
1303 882 1510 949 ἔγραφε
1544 881 1632 934 διά
1662 880 2009 950 ταχυδρόμου

425 973 506 1044 τῷ
534 973 636 1042 υἱῷ
667 975 835 1026 αὑτοῦ
887 974 1217 1044 Ἀνδρονίκῳ
1248 974 1335 1026 ἴνα
1376 976 1580 1045 ποιήσῃ
1623 976 1828 1045 τρόπον
1871 977 2012 1027 στεῖ-

425 1067 517 1121 λαι
566 1067 716 1135 αὐτῷ
759 1067 1044 1138 χρήματα.
1077 1067 1228 1123 ὅπως
1263 1068 1330 1120 τά
1360 1068 1544 1120 δάνεια
1579 1066 1613 1120 δ.
1647 1067 1840 1119 ἐλαϐεν
1871 1068 2009 1120 άπο-

425 1159 596 1230 δώσῃ,
625 1162 720 1211 και
753 1154 1012 1230 ἀναλώσῃ
1060 1159 1164 1229 53
1215 1141 1400 1213 tn'tv
1435 1163 1500 1230 τῇ
1550 1159 1675 1227 ὀδῷ.
1722 1161 1895 1222 asse,
1951 1159 2008 1211 δὲ

426 1253 662 1304 πάντοτε
699 1251 778 1320 τῷ
815 1251 914 1321 τῆς
949 1252 1126 1319 ἀρχῆς
1179 1250 1522 1320 τρεφόμενος
1571 1250 1738 1320 ἔρωτι
1783 1252 1879 1305 καὶ
1925 1253 2007 1314 είς

425 1348 618 1416 χεῖρας
668 1344 875 1414 ταύτην
925 1343 1107 1396 λαϐὼν
1157 1345 1316 1398 οὐδὲν
1369 1343 1660 1415 ἐφρόντιζε
1713 1347 1842 1414 περὶ
1877 1339 1951 1397 ὧν
1981 1349 2007 1398 ὁ

425 1437 686 1505 βασιλεὺς
716 1439 811 1490 καὶ
845 1437 1032 1506 πατὴρ
1065 1437 1330 1506 ἔγραφεν,
1357 1437 1494 1490 ἀλλὰ
1522 1437 1746 1506 μᾶλλον,
1770 1436 1845 1500 ὡς
1878 1437 2006 1508 εἴπῃ

423 1549 526 1593 τις,
559 1530 656 1593 τὰς
689 1531 784 1583 τοῦ
823 1531 1031 1600 πατρὸς
1064 1530 1393 1600 προστάξεις
1443 1532 1538 1583 καὶ
1587 1531 1808 1599 γραφάς
1838 1531 1909 1591 ὼε
1948 1533 2006 1583 ἐν

423 1624 576 1678 ὕδατι
619 1624 1016 1694 γεγραμμένας
1054 1623 1364 1689 ἐλογίσατο.
1408 1623 1676 1686 Ἀκούσας
1705 1623 1784 1677 ,δὲ
1828 1624 2004 1678 ταῦτα

422 1721 482 1771 ἐν
524 1721 590 1790 τῇ
622 1717 998 1788 Θεσσαλονίκῃ
1047 1718 1154 1784 κὺρ
1206 1717 1464 1783 Μανουὴλ
1509 1718 1536 1770 ὁ
1563 1715 1830 1784 νεώτερος
1862 1718 1999 1779 υἱὸς.

2117 598 2242 661 τοὺς
2296 599 2492 668 νόμους
2531 594 2821 664 Ῥωμαίων
2871 595 3024 660 τάξιν
3076 611 3136 646 τε
3187 593 3284 647 καὶ
3323 592 3610 662 συνήθειαν
3650 593 3683 663 ἡ

2117 691 2367 761 βασιλεία
2400 689 2581 758 ἐαυτῷ
2611 689 2707 743 καὶ
2732 689 2813 758 τῷ
2837 687 2940 757 υίῷ
2972 687 3137 740 αὐτοῦ
3170 686 3402 757 ἁρμόζει
3430 685 3505 748 ὡς
3540 703 3689 756 πρωο

2115 782 2384 848 τοτόκοις,
2416 780 2524 854 54
2551 783 2580 835 ό
2605 781 2663 834 δέ
2689 779 2871 850 πατὴρ
2901 779 2998 833 καὶ
3028 779 3283 848 βασιλεὺς
3313 777 3402 832 τδν
3430 779 3684 847 Μανουὴλ

2115 873 2448 942 ὑστερογενῆ
2481 872 2612 925 ὅντα
2639 871 2988 942 προτιμῆσαι
3021 871 3164 924 Θέλει
3195 871 3289 924 καὶ
3318 870 3560 939 διάδοχον
3588 871 3684 939 τῆς

2114 966 2400 1035 βασιλείας
2448 965 2682 1036 ἀφῆσαι.
2737 965 2848 1018 Καὶ
2886 960 2956 1034 ἦν
2999 963 3234 1016 πάντοτε
3290 963 3538 1032 έστηκὼς
3591 962 3684 1015 καὶ

2110 1057 2576 1128 διαλογιζόμενος,
2624 1057 2804 1127 ζητῶν
2861 1057 3057 1127 καιρόν
3115 1056 3426 1126 ἐπιτήδειον
3485 1055 3684 1124 τρόπον

2111 1150 2336 1220 ποιῆσαι
2377 1151 2475 1203 καὶ
2509 1150 2708 1220 βουλὴν
2743 1151 2892 1213 ὅπως
2928 1151 2962 1219 ἡ
3003 1148 3253 1220 βασιλεία
3281 1147 3456 1218 ἐαυτῷ
3486 1149 3581 1202 καὶ
3609 1146 3684 1216 τῷ

2112 1242 2213 1311 υἱῷ
2243 1241 2413 1296 αὑτοῦ
2458 1241 2681 1314 ’ῐωάννῃ
2711 1242 2875 1294 πάλιν
2905 1242 3217 1312 γενήσεται.

2181 1339 2277 1402 ιγ’.
2337 1333 2732 1397 Ἀποθανόντος
2752 1333 2806 1386 δὲ
2830 1332 2925 1386 τοῦ
2955 1335 3150 1406 ἀμηρᾶ
3190 1334 3244 1386 Ἀ
3257 1333 3501 1404 μουράτη
3523 1333 3551 1385 δ
3573 1335 3684 1398 υίὸς

2106 1428 2274 1481 αὖτοῦ
2305 1425 2719 1496 Μπαγιαζήτης
2753 1426 3080 1498 ’Δλευτορὴς
3110 1427 3209 1498 τὴν
3243 1427 3416 1497 ἀρχὴν
3447 1427 3680 1492 ἐδέξατο.

2117 1519 2180 1574 '0
2207 1514 2303 1573 οὖν
2331 1521 2436 1592 κὺρ
2475 1519 2820 1591 Ἀνδρόνικος
2849 1521 2879 1571 ό
2910 1519 3114 1588 τυφλὸς
3143 1519 3335 1588 καιρὸν
3365 1519 3542 1590 εὑρὼν
3570 1521 3683 1572 ἐπιο

2104 1611 2327 1683 τήδειον
2358 1613 2532 1682 ἐφάνη
2565 1610 2716 1682 αὑτῷ
2750 1611 2842 1664 ἵνα
2871 1609 2966 1664 τοῦ
3011 1611 3352 1680 ποθουμένου
3383 1611 3524 1684 τύχῃ
3549 1628 3563 1644 ο
3588 1612 3683 1664 καὶ

2109 1705 2251 1774 μετά
2277 1719 2441 1757 τινων
2469 1704 2578 1756 τῶν
2600 1703 2773 1772 φίλων
2802 1702 2970 1755 αὑτοῦ
3004 1701 3558 1771 συμϐουλευσάμενος
3591 1704 3685 1755 καὶ

427 1810 566 1881 μετὰ
585 1809 821 1878 σπουδῆς
841 1809 936 1863 καὶ
957 1807 1269 1880 προθυμίας
1289 1807 1524 1874 συνάξας
1546 1811 1810 1879 χρήματα
1831 1810 2003 1864 πολλὰ
2038 1857 2075 1881 η
2106 1797 2214 1849 τῶν
2246 1797 2345 1866 τῆς
2383 1796 2642 1864 γυναικὸς
2675 1795 2842 1848 αὐτοῦ
2896 1795 3183 1863 συγγενῶν
3216 1799 3311 1851 καὶ
3346 1796 3442 1848 τοῖ’)
3494 1795 3686 1848 πενθε··

421 1905 515 1956 τὸν
540 1903 773 1972 ἀριθμὸν
805 1902 1030 1972 χρυσίου
1061 1902 1153 1956 καὶ
1187 1903 1456 1972 ἀργυρίου
1493 1903 1567 1966 ὡς
1605 1903 1685 1957 ἔνι
1713 1906 1806 1958 καὶ
1835 1905 1993 1974 τριή-

424 2012 539 2063 ρεις
570 1993 888 2060 ἑτοιμάσας,
915 1994 1092 2061 ἐμϐὰς
1122 1994 1180 2046 ἐν
1207 1995 1273 2064 τῇ
1311 1993 1510 2065 Ἰταλίᾳ
1534 1992 1624 2046 τὸν
1647 1994 1839 2058 ’ντὶ-οὗν,
1863 1994 1997 2048 ὅπου

421 2085 490 2158 ἦν
513 2091 539 2141 ό
571 2089 778 2157 πατὴρ,
812 2087 1036 2156 ἐποίησε
1063 2103 1076 2117 ·
1112 2089 1206 2139 καὶ
1259 2089 1655 2158 προσκυνήσας
1705 2087 1871 2140 αὑτὸν
1902 2087 1998 2140 καὶ
2069 2131 2077 2146 ,

421 2182 806 2250 καταφιλήσας
839 2182 1030 2250 χεῖρας
1064 2180 1160 2234 καὶ
1189 2179 1384 2245 πόδας,
1415 2179 1512 2231 καὶ
1540 2181 1657 2240 τοῖς
1689 2179 2000 2240 δανεισταῖς

419 2276 480 2328 τὸ
532 2275 747 2328 δάνειον
779 2273 979 2336 δώσας,
1012 2271 1102 2326 τδν
1138 2272 1356 2341 πατέρα
1410 2273 1504 2324 καὶ
1559 2271 1783 2340 βασιλέα
1816 2271 2000 2324 λαϐὼν

421 2369 480 2421 ἐν
513 2369 579 2439 τῇ
615 2365 1192 2421 Κωνσταντινουπόλει
1225 2365 1628 2434 ὲ-πανέστρεψε.
1665 2363 1764 2416 Διὰ
1795 2364 2004 2434 ταύτην

418 2455 515 2512 οὗν
541 2459 643 2528 τὴν
669 2459 850 2511 αίτίαν
885 2459 982 2512 καὶ
1008 2458 1290 2526 ὑποταγὴν
1325 2459 1352 2509 ὁ
1381 2456 1641 2525 Μανουὴλ
1670 2455 1737 2508 τὰ
1771 2455 2004 2526 μέγιστα

419 2552 527 2604 ὑπὸ
559 2549 655 2604 τοῦ
691 2549 898 2620 πατρὸς
956 2551 1052 2603 καὶ
1109 2551 1293 2618 πάσης
1341 2549 1443 2617 τῆς
1479 2547 1788 2616 συγκλήτου
1819 2542 1888 2618 ἦν
1915 2566 2005 2616 φι-

417 2644 706 2714 λούμενος,
735 2645 762 2694 δ
797 2643 853 2696 δὲ
899 2642 1238 2712 ’Δνδρόνικος
1273 2643 1378 2694 sua
1409 2643 1502 2694 τοῦ
1532 2643 1740 2710 πατρδς
1772 2643 1868 2694 καὶ
1901 2641 2006 2694 ὑπὸ

421 2737 646 2789 πάντων
678 2729 746 2804 ἦν
802 2734 1156 2802 μισούμενος.
1213 2733 1322 2786 Καὶ
1351 2733 1378 2784 δ
1411 2733 1594 2803 πατὴρ
1647 2734 1746 2786 σὺν
1777 2737 1842 2803 τῇ
1878 2749 2009 2801 συγ-

421 2829 609 2897 κλήτῳ
645 2827 798 2895 πάσῃ
828 2825 920 2878 τὸν
973 2825 1234 2893 Μανουὴλ
1288 2827 1366 2888 είς
1401 2807 1627 2893 βασιλέα
1674 2826 2004 2894 ἐψηφίσατο,

418 2919 511 2971 τὸν
538 2918 595 2971 δὲ
645 2917 990 2988 Ἀνδρόνικον
1017 2917 1326 2970 ἀπώσαντο.
1359 2918 1468 2972 Καὶ
1496 2918 1828 2989 προσμένειν
1857 2922 1914 2970 ἐν
1938 2919 2005 2988 τῇ

419 3010 572 3064 πόλει
615 3008 927 3078 προστάξας
961 3011 988 3062 ὀ
1024 3011 1209 3080 πατὴρ
1255 3011 1351 3064 καὶ
1383 3010 1618 3081 ἐρυθροῦ
1660 3010 1878 3063 πεδίλου
1913 3026 2007 3079 με·

420 3102 660 3155 τέδωκεν
695 3101 868 3172 αὐτῷ,
904 3101 1000 3154 καὶ
1035 3101 1282 3170 διάδοχος
1312 3101 1412 3170 τῆς
1442 3101 1722 3172 βασιλείας
1747 3101 1853 3155 ἀπὸ
1875 3101 2011 3155 πάν-

2111 1889 2204 1960 ροῦ
2237 1887 2402 1943 αὑτοῦ
2449 1889 2680 1959 Μάρκου
2725 1886 2820 1941 τοῦ
2869 1887 2966 1954 τῆς
3017 1888 3356 1958 Βουλγαρίας
3392 1888 3472 1940 ἐτι
3524 1889 3689 1957 μέρος

2105 1981 2484 2046 δεσπόζοντος,
2512 1981 2608 2033 καὶ
2641 1981 2778 2050 μετὰ
2809 1980 2906 2034 τοῦ
2940 1979 3056 2033 υίοῦ
3087 1978 3256 2034 αὐτοῦ
3299 1980 3550 2034 Ἰωάννου
3583 1998 3688 2049 φυ-

2107 2071 2402 2143 γὼν“πρδς
2431 2074 2524 2125 τὸν
2555 2073 2781 2142 ἀμηρᾶν
2811 2073 2866 2126 Μ
2877 2071 3222 2142 παγιαζήτην
3251 2067 3414 2142 ἦλθον
3440 2071 3684 2141 δεόμενοι

2107 2165 2258 2227 ὅπως
2302 2164 2491 2226 αὐτοῖς
2526 2162 2776 2234 βοηθήσῃ
2824 2164 2921 2216 καὶ
2966 2163 3065 2232 τῆς
3104 2162 3390 2233 βασιλείας
3423 2162 3687 2228 γένωνται

2109 2256 2428 2323 ἐγκρατεῖς,
2449 2254 2482 2323 ἢ
2505 2253 2647 2306 κατὰ
2672 2253 3042 2324 κληρονομίαν
3062 2256 3154 2308 καὶ
3177 2253 3373 2322 νόμους
3401 2250 3688 2322 Ῥωμαίων

2110 2349 2206 2399 καὶ
2249 2347 2541 2416 συνήθειαν
2584 2347 2771 2409 αὐτοῖς
2818 2345 3050 2415 ἁρμόζει
3098 2347 3173 2407 ὡς
3220 2346 3589 2416 πρωτοτόκοις
3618 2363 3632 2377 ·
3661 2347 3690 2399 δ

2111 2442 2167 2494 δὲ
2199 2441 2385 2510 πατὴρ
2415 2441 2512 2493 καὶ
2544 2440 2766 2502 πάππος
2803 2439 3058 2510 βούλεται
3089 2441 3342 2510 ἀδικῆσαι
3376 2441 3572 2502 αὐτοὺς
3595 2441 3689 2493 καὶ

2113 2532 2190 2602 τῷ
2223 2533 2600 2603 ὐστερογενεῖ,
2633 2533 2705 2595 ὡς
2734 2535 2988 2600 εἴπομεν,
3024 2533 3214 2588 δῶσαι.
3253 2533 3688 2602 Ἐπηγγείλαντο

2113 2627 2194 2679 ἔτι
2223 2625 2401 2678 τελεῖν
2431 2625 2508 2696 τῷ
2539 2628 2729 2696 ἀμηρᾷ
2754 2627 3014 2689 κατ’ἔτος
3041 2625 3267 2695 χρυσίου
3299 2627 3394 2678 καὶ
3423 2626 3686 2696 ἀργυρίου

2114 2719 2448 2790 κεντηνάρια
2500 2720 2601 2772 οὐκ
2652 2719 2812 2787 ὀλίγα
2849 2720 2946 2772 καὶ
2987 2717 3263 2788 προνόμιά
3291 2737 3412 2773 τινα
3447 2718 3591 2792 ἐχειν
3625 2721 3688 2771 ἐκ

2113 2812 2211 2881 τῆς
2240 2811 2472 2874 πόλεως.
2508 2810 2570 2865 Ὀ
2598 2809 2689 2863 οὖν
2709 2813 2823 2880 άμη
2836 2813 2938 2881 ρᾶς
2965 2811 3064 2874 τὰς
3096 2812 3362 2880 διχονοίας
3392 2813 3487 2865 καὶ
3511 2813 3688 2881 μάχας

2116 2903 2298 2958 αὐτῶν
2329 2904 2556 2972 θεωρῶν
2586 2904 2858 2974 ἠγάλλετο
2893 2904 3036 2957 κατὰ
3064 2906 3155 2956 τὸν
3183 2904 3341 2971 λόγον
3372 2906 3462 2958 τὸν
3486 2904 3689 2971 ἐπιχώ-

2119 3017 2230 3068 ριον
2259 2997 2352 3053 τὸν
2379 2999 2634 3064 λέγοντα,
2676 3016 2694 3050 ι
2739 2997 2801 3053 Ὀ
2823 2997 2986 3060 λύκος
3019 2997 3076 3049 τὸ
3106 2997 3198 3050 τοῦ
3236 2996 3436 3067 ἀνέμου
3466 2998 3690 3068 σφοδρὸν

2119 3092 2257 3164 μετὰ
2292 3091 2575 3161 κονιορτοῦ
2620 3089 3044 3161 ίδὼνςῆγάλλετο
3075 3090 3180 3160 55
3208 3090 3417 3157 πηδῶν.
3465 3109 3484 3141 ι
3523 3086 3690 3142 Εἶπεν

349 3197 352 3200 ’
419 3212 530 3248 των
584 3193 806 3262 ἐλέγετο
838 3191 998 3248 εἷναι.
1037 3193 1096 3245 '0
1127 3193 1183 3245 δέ
1213 3194 1482 3261 δεσπότης
1518 3195 1628 3260 κὺρ
1668 3193 2006 3263 Ἀμυδρόνικος
2037 3211 2081 3276 ρ
2125 3203 2142 3234 ι
2184 3182 2436 3276 Ἀγαοζι
2463 3180 2656 3254 καιρὸς
2705 3181 2775 3276 διδ
2811 3182 2944 3276 ἐμὲ,
2981 3199 3001 3233 ³
3053 3181 3151 3235 ἀι’ι
3195 3182 3337 3252 μετὰ
3378 3183 3549 3276 χαρᾶς
3596 3182 3692 3252 τὴν
3743 3262 3763 3276 κ

418 3289 445 3338 ὁ
476 3286 674 3355 τυφλὸς
726 3287 1057 3354 μαινόμενος
1085 3281 1152 3354 ἦν
1184 3285 1264 3354 τῷ
1296 3284 1455 3354 θυμῷ
1491 3287 1587 3338 καὶ
1620 3285 1699 3355 τῷ
1732 3285 1880 3356 ζήλῳ
1912 3285 2007 3337 καὶ
2039 3274 2068 3357 ,ἡ
2115 3276 2337 3346 αἴτησιν
2362 3274 2657 3344 δεξάμενος
2683 3275 2778 3328 καὶ
2804 3275 2983 3339 δὼσας
3011 3277 3196 3340 αὐτοῖς
3227 3275 3459 3348 στρατὸν
3485 3278 3692 3329 ἱππέων

426 3377 529 3443 τὴν
565 3376 784 3429 ἀδικίαν
838 3374 1002 3445 βοῶν,
1049 3375 1143 3427 καὶ
1175 3376 1240 3426 ἐκ
1271 3375 1369 3444 τῆς
1406 3379 1860 3447 περιφρονήσεως
1907 3393 2004 3428 πε-

418 3563 474 3609 et
497 3555 650 3626 gravi
704 3562 988 3609 contracto
1017 3566 1125 3606 tere
1152 3550 1329 3606 alieno
1353 3561 1573 3621 propter
1600 3560 1910 3622 sumptuum
1952 3551 2008 3605 in

416 3645 568 3702 Italia
630 3643 1082 3714 magniludincm,
1148 3641 1400 3698 Venetias
1468 3657 1742 3708 reversus,
1837 3641 2009 3698 faselo

417 3725 608 3803 misso,
633 3737 948 3794 Andronico
995 3737 1104 3792 tilio
1158 3735 1355 3791 litteris
1411 3735 1708 3800 mandavit,
1756 3742 1814 3790 ut
1846 3750 2009 3805 pecu-

416 3835 560 3889 niam
618 3828 936 3886 mittendam
989 3836 1232 3891 curaret,
1264 3841 1370 3898 qua
1425 3841 1499 3880 aes
1543 3821 1816 3902 alienum,
1863 3829 2005 3897 quod

413 3926 797 3988 contraxisset,
830 3921 1064 3978 solveret
1094 3932 1149 3975 et
1188 3919 1241 3974 in
1272 3919 1447 3973 reditu
1485 3927 1757 3990 sumptum
1778 3919 2007 3974 faceret.

413 4016 618 4082 Atille,
648 4023 909 4087 perpetuo
941 4013 1154 4082 imperii
1190 4027 1375 4066 amore
1425 4011 1661 4082 ﬂagrans
1701 4019 1867 4082 atque
1893 4027 2010 4064 ma-

414 4129 484 4167 nu
527 4112 580 4167 id
616 4120 826 4176 tenens,
873 4107 1007 4163 nihil
1039 4105 1285 4168 curabat,
1336 4105 1478 4172 quod
1510 4103 1796 4157 mandarat
1835 4113 2008 4171 pater,

410 4205 506 4263 sed
535 4205 653 4274 ejus
691 4203 843 4273 iussa
877 4201 930 4255 in
952 4193 1114 4269 aqua.
1155 4205 1214 4252 ut
1245 4199 1514 4267 quispiam
1545 4195 1766 4256 dixerit.
1804 4195 2009 4265 scrmta

409 4295 781 4354 existimabat.
803 4293 874 4345 At
895 4287 1299 4348 Thessalonica:
1354 4285 1498 4340 ﬁlius
1553 4286 1730 4340 minor
1770 4283 2009 4348 Manuel,

414 4404 473 4444 re
522 4394 826 4454 comperta,
877 4392 1098 4437 strenue
1133 4394 1197 4433 ac
1247 4377 1488 4433 studiose
1529 4377 1648 4431 auri
1689 4375 2012 4446 argentique

411 4489 674 4553 quantum
699 4483 907 4545 poterat
955 4472 1304 4539 conquisivit,
1325 4468 1642 4541 paratisque
1669 4468 2006 4536 triremibus,

2117 3367 2360 3440 χιλιάδας
2390 3367 2450 3433 ἒξ
2473 3367 2570 3420 καὶ
2603 3366 2786 3432 πεζῶν
2817 3368 3090 3438 τέσσαρας
3117 3363 3285 3440 ἦλθον
3311 3369 3452 3422 κατὰ
3473 3368 3570 3437 τῆς
3595 3371 3692 3423 πό-

2118 3564 2258 3614 rem,
2289 3548 2391 3604 sibi
2427 3547 2674 3619 praeferri
2705 3557 2758 3605 et
2798 3547 3068 3617 designari
3109 3563 3500 3616 successorem,
3525 3551 3691 3622 perti-

2118 3642 2325 3695 naciter
2347 3641 2402 3695 in
2426 3639 2698 3696 sententia
2733 3639 3032 3710 perstabat,
3065 3654 3242 3710 neque
3271 3641 3514 3696 cessabat
3534 3656 3690 3696 occa-

2116 3731 2326 3786 sionem
2381 3747 2445 3787 ac
2488 3732 2629 3784 viam
2696 3731 2968 3796 meditari,
3019 3746 3124 3798 qua
3193 3729 3479 3800 imperium
3504 3731 3600 3785 sibi
3634 3740 3688 3786 ct

2116 3826 2307 3880 Joanni
2332 3825 2439 3880 lilio
2459 3824 2779 3881 vindicaret.
3489 3833 3499 3838 '

2190 3919 2278 3974 l3.
2310 3921 2574 3973 Amurate
2603 3934 2785 3973 amera
2811 3928 3047 3985 mortuo,
3084 3917 3227 3975 illius
3257 3918 3376 3990 ejus
3412 3917 3688 3990 Bajazctes

2117 4013 2403 4068 Aleutores
2433 4027 2656 4084 regnum
2685 4012 2943 4081 suscepit.
2977 4010 3095 4066 Jam
3149 4011 3486 4068 Andronicus
3513 4029 3688 4069 caecus

2118 4103 2229 4169 ille,
2281 4103 2649 4168 occasionem,
2707 4112 2767 4158 ut
2797 4103 2901 4159 sibi
2961 4103 3269 4172 videbatur,
3333 4114 3686 4176 opportunam

2119 4205 2333 4261 nactus,
2369 4211 2473 4266 qua
2503 4196 2617 4251 voti
2645 4209 2865 4266 compos
2919 4199 3098 4264 ﬁeret,
3152 4212 3275 4252 cum
3327 4199 3520 4255 amicis
3573 4200 3688 4268 qni-

2119 4290 2344 4347 busdam
2376 4301 2431 4346 et
2474 4290 2721 4361 conjugis
2779 4292 3096 4361 propinquis
3130 4303 3186 4346 et
3244 4289 3422 4346 Marco
3477 4307 3685 4358 socero,

2117 4385 2210 4454 qui
2237 4383 2404 4439 etiam
2436 4393 2547 4437 tum
2583 4393 2789 4451 partem
2829 4382 3094 4452 Bulgaria:
3125 4384 3362 4452 tenebat,
3400 4400 3458 4440 re
3494 4385 3690 4440 delibe-

2121 4487 2263 4542 rata,
2301 4491 2406 4530 una
2432 4492 2554 4530 cum
2583 4473 2794 4531 Joanne
2843 4475 2954 4530 [ilio
2979 4478 3046 4531 ad
3093 4476 3396 4543 Bajazetem
3427 4478 3687 4546 confugit,

321 4547 340 4567 ο
412 4547 467 4624 iit
507 4565 713 4622 Italiam
744 4565 810 4620 ad
841 4571 1050 4633 patrem
1111 4575 1329 4615 cursum
1377 4560 1630 4617 tetendit.
1679 4558 2012 4616 Reverenter
2039 4567 2092 4629 Β
2119 4583 2354 4638 eumque
2383 4569 2618 4639 rogavit,
2651 4578 2707 4623 ut
2746 4583 2804 4623 se
2843 4569 3125 4637 adjuVaret
3157 4571 3221 4624 ad
3261 4572 3685 4639 recuperandum

411 4675 534 4714 cum
572 4655 844 4721 salutavit,
880 4671 1075 4710 manus
1128 4653 1402 4724 pedesque
1441 4650 1561 4719 eius
1610 4651 1910 4719 osculatus,
1941 4667 2005 4728 ac

413 4751 675 4822 pecunia.
719 4749 1091 4804 creditoribus
1145 4761 1267 4815 qua:
1325 4744 1647 4810 debebatur,
1694 4755 2005 4812 numerata,

409 4862 532 4901 cum
566 4845 756 4898 eodem
781 4842 994 4913 Cpolim
1028 4841 1213 4896 rediit.
1261 4840 1492 4908 Propter
1525 4840 1666 4895 hanc
1689 4855 1910 4897 causam
1943 4850 2004 4896 et

409 4942 666 5010 pietatem
704 4935 920 4991 Mauuel
973 4951 1001 4989 a
1053 4944 1204 5004 patre
1259 4943 1312 4986 et
1365 4933 1621 4988 universo
1665 4944 1859 4987 senatu
1894 4950 2003 4988 non

412 5036 594 5088 minus
634 5031 982 5101 diligebatur,
1017 5045 1176 5098 quam
1204 5029 1397 5083 iisdem
1421 5045 1619 5084 exosus
1644 5039 1762 5084 erat
1791 5032 2005 5084 Andro-

412 5128 602 5181 nicus:
659 5126 826 5186 unde,
862 5122 1066 5191 reiecto
1098 5121 1433 5187 Andronico,
1471 5122 1682 5177 Manucl
1713 5139 1740 5174 a
1772 5133 1926 5192 patre
1949 5134 2006 5179 et

410 5229 598 5272 senatu
643 5218 942 5285 imperator
967 5216 1311 5286 designatus,
1342 5216 1394 5271 in
1431 5219 1568 5271 urbe
1595 5233 1821 5278 manere
1845 5216 2006 5286 jube-

411 5322 521 5373 tur,
576 5319 631 5364 et
674 5311 965 5378 purpureis
1020 5320 1249 5363 ornatur
1296 5310 1696 5364 calceamentis
1736 5319 1897 5378 atque
1936 5309 2004 5363 ab

409 5401 664 5455 omnibus
723 5400 956 5454 habetur
1012 5402 1437 5470 liaaresimperii.
1469 5403 1667 5456 Contra
1698 5417 1874 5456 caecus
1905 5402 2005 5454 iste

411 5494 760 5548 Andronicus
802 5496 882 5548 ira
918 5495 1230 5564 invidiaque
1263 5493 1510 5548 insanire
1536 5487 1873 5563 etinjuriam
1899 5495 2002 5549 sibi

415 5589 624 5641 illatam
695 5589 958 5654 clamare,
992 5596 1369 5656 contemptum
1400 5591 1599 5643 acerbe
1644 5587 1808 5654 ferre,
1839 5595 2004 5654 atque

410 5681 685 5744 dictitare,
718 5696 748 5735 e
792 5681 1020 5750 legibus,
1073 5680 1338 5734 institutis
1378 5690 1434 5734 et
1462 5681 1704 5734 moribus
1735 5679 2004 5734 Romano-

407 5772 678 5825 rum-sibi
722 5787 785 5825 ac
824 5772 934 5826 lilio
965 5788 1084 5836 suo,
1136 5783 1197 5827 ut
1244 5772 1652 5842 primogenitis,
1707 5773 1997 5840 imperium

407 5859 624 5921 deberi:
658 5879 685 5916 a
717 5875 875 5923 patre
923 5865 1257 5926 imperatore
1289 5861 1619 5930 Manuclcm,
1657 5875 1782 5919 natu
1819 5863 2001 5918 miue~

2111 4663 2422 4729 imperium,
2453 4663 2598 4731 quod
2641 4677 2705 4716 ex
2737 4662 2948 4728 legibus
2980 4672 3034 4717 et
3065 4663 3457 4718 consuetudine
3493 4662 3691 4716 Ruina-

2113 4770 2300 4810 norum
2337 4755 2652 4810 inmeditate
2681 4757 2745 4809 ad
2783 4755 2930 4824 ipsos
2966 4756 3296 4823 pertineret,
3335 4765 3391 4809 ut
3424 4757 3690 4825 primoge-

2110 4849 2276 4911 nitos,
2315 4865 2343 4902 a
2387 4859 2541 4920 patre
2575 4857 2756 4903 autem
2793 4860 2846 4904 et
2875 4864 2977 4902 avo
3008 4863 3106 4916 per
3135 4857 3402 4902 summam
3435 4849 3686 4917 injuriaut

2109 4938 2366 5004 Manueli,
2429 4941 2625 4994 minori
2679 4951 2830 5006 natu,
2871 4942 3260 4995 destinaretur.
3315 4940 3690 4995 Promisernut

2109 5045 2390 5102 praetcrea.
2419 5047 2620 5087 amere
2655 5048 2714 5087 se
2735 5033 3027 5102 quotannis
3055 5035 3170 5086 auri
3199 5042 3253 5086 et
3307 5032 3518 5098 argenti
3553 5046 3688 5084 cen-

2111 5127 2322 5179 tenaria
2358 5125 2531 5179 multa
2560 5139 2827 5196 pensuros
2852 5139 2975 5180 esse
3024 5134 3078 5179 et
3107 5125 3159 5179 in
3213 5125 3345 5180 urbe
3373 5141 3494 5195 Jnra
3548 5137 3692 5189 quai-

2110 5221 2236 5272 dam
2265 5218 2536 5288 praecipua
2587 5216 3101 5272 concessuros.,llle
3133 5211 3332 5288 gaudio
3360 5217 3686 5281 exsultabat,

2109 5326 2228 5364 cum
2281 5324 2469 5362 eorum
2530 5306 2861 5362 discordiam
2920 5307 3130 5362 videret
3180 5308 3435 5376 litesque,
3497 5321 3554 5361 ut
3606 5320 3688 5362 est

2108 5400 2330 5470 vulgare
2383 5399 2766 5468 proverbium:
2809 5416 2826 5449 t
2868 5399 3170 5454 Exsiliebat
3225 5401 3400 5468 lupus,
3487 5399 3575 5452 ubi
3636 5401 3685 5453 vi

2109 5494 2250 5546 venti
2270 5491 2494 5545 excitari
2519 5489 2790 5560 pulverem
2817 5489 2968 5544 vidit.
3009 5510 3025 5542 ι
3073 5509 3092 5542 ι
3125 5488 3684 5561 Opportuna,inquit,

2110 5583 2244 5638 Inibi
2291 5583 2394 5638 ista
2438 5597 2525 5637 res
2579 5595 2684 5646 εει,
2727 5601 2745 5632 ι
2793 5593 2955 5651 atque
3002 5582 3125 5638 lmte
3180 5598 3366 5636 eorum
3424 5582 3686 5636 voluntati

2106 5679 2426 5740 obsecutus,
2464 5677 2709 5745 equitnm
2749 5676 2915 5729 millia
2945 5691 3036 5731 sex
3071 5685 3126 5730 et
3177 5676 3414 5743 peditum
3449 5683 3688 5743 quatuor

2108 5771 2177 5825 iis
2229 5769 2524 5835 concessit,
2563 5769 2887 5837 quibuscum
2924 5772 3184 5822 adversus
3218 5768 3405 5822 urbem
3438 5767 3683 5835 prolicie-

2107 5870 2323 5917 cuntur.
2357 5860 2492 5914 Cum
2522 5875 2587 5914 ex
2613 5860 2908 5928 improviso
2939 5869 3291 5928 noctu.prope
3317 5857 3499 5912 urbem
3526 5853 3686 5907 adve-
