4000 6466
405 354 510 419 683

1640 347 1970 411 GEORGII
2010 346 2444 411 ΡΗΒΑΝΤΖᾸΞ

3566 347 3660 411 684

404 475 468 528 ὲκ
510 469 710 528 πολλοῦ
732 469 764 522 ὁ
788 467 995 538 ¹πατὴρ,
1020 461 1142 522 εἶτα
1165 465 1262 520 καὶ
1287 465 1452 530 αὐτὸς
1471 464 1571 536 τὴν
1592 464 1864 535 διοίκησιν
1883 469 1985 536 τὴν
2010 465 2063 527 Δ
2085 466 2178 518 τὸν
2226 465 2472 536 άμηρᾶν,
2505 463 2692 531 έλεγεν
2725 461 2807 515 ὅτι
2843 461 2944 515 οὐκ
2978 455 3046 531 ἦν
3090 457 3302 513 δίκαιον
3339 459 3489 528 φίλοι
3517 461 3660 524 ὄντες

404 558 500 620 τοῦ
533 564 743 632 πατρὸς
774 559 1076 633 προστάξει
1125 559 1222 614 τοῦ
1281 557 1550 630 βασιλέως
1575 555 1866 623 διεδέξατο,
1897 559 1985 613 διὰ

408 658 560 714 δὲτὸ
595 659 804 727 μάκρος
860 653 957 708 τοῦ
1011 653 1205 722 χρόνου
1256 652 1512 722 ἀφορμὴν
1564 650 1744 720 εὑρὼν
1795 667 1987 720 περιεο

377 789 382 794 -
407 751 617 804 ποιεῖτο
658 747 720 800 τὸ
765 745 903 801 ἄστυ
934 746 1011 808 ὡς
1038 746 1225 816 κτῆμα
1257 744 1415 798 ίδιον.
1462 743 1736 798 Ἑνεκάλει
1767 745 1859 798 τὸν
1888 743 1984 797 τοῦ

410 840 676 912 βασιλέως
717 839 946 912 ἀδελφὸν
979 838 1119 906 πρὸς
1153 837 1244 890 τὸν
1283 836 1528 907 ἀμηρᾶν,
1559 834 1868 889 ἀδικεῖσθαι
1895 835 1986 889 λέ-

407 910 523 1001 γων
556 933 652 986 ὐπ’
676 931 869 997 αὐτοῦ,
901 910 996 999 καὶ
1017 931 1118 1000 τὴν
1142 928 1534 999 Μονεμϐασίαν
1559 929 1624 981 ὲκ
1647 927 1758 982 τῶν
1786 929 1987 999 χειρῶν

411 1024 580 1078 αὐτοῦ
630 1023 972 1084 δυναστικῶς
1023 1020 1266 1088 ἐξέλασε,
1302 1021 1397 1074 καὶ
1454 1021 1591 1090 μετὰ
1648 1020 1860 1089 ὕϐρεως
1893 1021 1988 1073 καὶ

408 1116 638 1186 ἀτιμίας
664 1116 763 1170 καὶ
791 1115 1057 1185 αἰσχύνης
1087 1115 1152 1167 ἐκ
1200 1111 1311 1170 τῶν
1345 1113 1557 1167 ἐκεῖθεν
1594 1112 1802 1178 ἐδίωξε.
1840 1113 1900 1166 '0
1930 1113 1986 1167 δὲ

407 1209 699 1276 Μαμωνᾶς
751 1200 908 1269 οὗτος
943 1206 1222 1277 γνώριμος
1251 1200 1320 1276 ἦν
1351 1205 1415 1258 ὲκ
1444 1205 1643 1258 πολλοῦ
1667 1204 1746 1275 τῷ
1771 1205 1983 1277 ἀμηρᾷ.

407 1295 688 1371 Λυπτηθεὶς
714 1298 808 1353 οὖν
840 1300 981 1370 μετὰ
1026 1296 1205 1368 θυμοῦ
1236 1299 1264 1350 6
1291 1298 1514 1368 άμηρᾶς
1550 1301 1800 1368 μηνύσας
1831 1294 1988 1352 εἶπεν

406 1395 484 1466 τῷ
516 1396 733 1466 βασιλεῖ
755 1395 930 1458 οὕτως
963 1395 1045 1448 ὅτι
1088 1413 1107 1447 t
1150 1394 1253 1446 οὐκ
1299 1395 1463 1464 ἀρκεῖ
1495 1394 1626 1463 ὑμῖν
1658 1391 1984 1462 εἰρηνεύειν,

406 1489 546 1543 ἀλλὰ
591 1488 768 1552 οὕτως
813 1488 1003 1543 θέλετε
1054 1488 1322 1558 πράττειν
1355 1486 1497 1540 κατὰ
1530 1484 1639 1538 τῶν
1670 1484 1818 1552 ὲμῶν
1853 1483 1988 1536 ὐπο-

407 1583 636 1653 χειρίων
665 1599 682 1648 ;
713 1581 823 1650 ἑγὼ
849 1583 962 1651 γὰρ
993 1579 1183 1651 ὀμνύω
1214 1597 1298 1633 σοι
1323 1580 1406 1643 εἰς
1432 1577 1527 1632 τὸν
1566 1577 1724 1644 Θεὸν,
1759 1577 1986 1631 παιδεῦ-

411 1690 501 1730 σαι
528 1673 638 1745 ἔχω
665 1672 790 1737 τούς
815 1675 885 1727 τά
916 1673 1146 1726 τοιαῦτα
1180 1670 1521 1742 τολμῶντας.
1564 1688 1582 1721 ι
1625 1670 1738 1723 Καὶ
1764 1668 1987 1739 ἐτέρους

2089 559 2148 612 ὲν
2176 559 2240 627 τῇ
2294 556 2608 627 Βουλγαρίᾳ
2654 554 2940 608 ἐπιϐαλεῖν
2972 556 3134 624 χεῖρα
3183 555 3274 606 τὸν
3307 555 3558 624 ἀμηρᾶν,
3588 557 3664 608 ὅτι

2088 652 2233 707 κατὰ
2263 651 2324 705 τὸ
2358 651 2660 722 προνόμιον
2706 653 2806 718 τῆς
2841 648 3120 720 βασιλείας
3151 647 3322 702 αὐτοῦ
3350 651 3379 701 ὁ
3427 650 3661 713 τοιοῦτος

2088 744 2255 808 τόπος
2288 745 2460 799 ἐστίν.
2515 743 2796 804 Ἐλθόντος
2838 742 2895 797 δὲ
2923 741 3017 795 τοῦ
3047 741 3339 810 πρέσϐεως
3368 743 3463 795 καὶ
3494 741 3662 796 ταῦτα

2087 838 2336 902 εἰπόντος
2373 837 2453 908 τῷ
2501 838 2905 908 Μπαγιαζήτῃ,
2948 837 3102 889 οὐδὲν
3146 835 3342 906 ἕτερον
3388 838 3661 907 ἀπεκρίθη

2089 932 2243 1003 αὐτῷ
2285 933 2334 986 εί
2369 931 2446 1002 μὴ
2483 931 2643 1000 μόνον
2674 933 2738 986 ὲκ
2786 934 2885 1003 τῆς
2917 931 3102 1002 χειρὸς
3137 930 3478 1002 παραλαϐὼν
3507 931 3664 984 αὐτὴν

2090 1023 2296 1089 ἔδειξεν
2345 1019 2494 1078 οἶκόν
2549 1040 2673 1078 τινα
2710 1022 2888 1091 τούτῳ
2943 1023 3117 1092 μέγαν
3163 1022 3418 1093 γέμοντα
3465 1022 3664 1076 ἔσωθεν

2089 1116 2199 1171 ἀπὸ
2232 1116 2504 1170 παντοίων
2535 1116 2785 1186 ὀργάνων
2808 1116 3140 1186 πολεμικῶν,
3165 1117 3461 1188 ρομφαίων
3485 1134 3544 1170 τε
3574 1118 3666 1170 καὶ

2092 1205 2286 1276 ξίφων,
2317 1205 2354 1260 ἃ
2395 1206 2577 1270 καλῶς
2617 1206 3006 1276 ήτοιμασμένα
3039 1206 3134 1259 καὶ
3165 1207 3667 1276 παρεσκευασμένα

2089 1302 2358 1372 ὑπῆρχον.
2392 1295 2526 1355 Εἶτα
2558 1302 2707 1370 λέγει
2739 1301 2818 1371 τῷ
2847 1302 3074 1380 πρέισϐει
3102 1315 3118 1333 ⁶
3160 1302 3368 1368 «Λέξον
3393 1302 3567 1354 ταῦτα
3592 1302 3665 1371 τῷ

2090 1391 2324 1464 αὐθέντῃ
2362 1409 2457 1448 σου
2485 1392 2562 1461 τῷ
2607 1393 2844 1462 βασιλεῖ,
2877 1395 2960 1448 ὃτι
2991 1394 3054 1446 τὸ
3087 1395 3222 1465 έμδν
3246 1393 3492 1456 δίκαιον,
3514 1394 3542 1447 6
3563 1395 3666 1464 ἔχω

2089 1484 2150 1536 έν
2174 1485 2240 1553 τῇ
2273 1482 2604 1553 Βουλγαρίᾳ,
2633 1482 2742 1554 59
2768 1483 2948 1537 ταῦτα
2971 1485 3042 1538 τὰ
3075 1483 3215 1537 ὅπλα
3247 1484 3348 1538 καὶ
3393 1485 3449 1537 ai
3494 1501 3671 1554 παρα-

2093 1578 2285 1630 σκευαὶ
2302 1575 2372 1640 ἃς
2393 1571 2539 1641 εῐδας
2561 1577 2721 1632 εἰσίν.
2750 1593 2771 1629 ι
2803 1578 2915 1632 Καὶ
2951 1575 3046 1633 τοῦ
3075 1577 3368 1649 πρέσϐεως
3393 1579 3668 1648 ἀναφορὰν

2090 1667 2420 1738 ποιήσαντος
2450 1667 2529 1738 τῷ
2553 1667 2768 1738 βασιλεῖ
2787 1669 3130 1740 Σιγισμόνδῳ
3153 1670 3212 1722 ἐν
3239 1668 3322 1739 τῷ
3352 1668 3667 1723 ἐπανελθεῖν

413 1767 610 1835 λόγους
646 1765 920 1838 σκληροὺς
950 1765 1122 1833 ἔφησε
1156 1764 1301 1817 κατὰ
1331 1763 1426 1815 τοῦ
1473 1759 1738 1833 βασιλέως
1761 1761 1988 1814 καὶτῶν
2024 1832 2059 1838 _
2093 1765 2231 1834 πρὸς
2265 1764 2431 1819 αὐτὸν
2462 1766 2593 1835 περὶ
2643 1765 2878 1832 τούτων,
2910 1767 2940 1820 ὁ
2971 1763 3230 1835 βασιλεὺς
3265 1764 3518 1836 ὲλυπήθη
3549 1764 3666 1818 λίαν

408 1832 616 1928 ἑτέρων
649 1832 926 1910 αὐθεντῶν
957 1832 1329 1926 Χριστιανῶν,
1361 1853 1472 1924 58
1502 1854 1632 1924 περὶ
1664 1849 1738 1906 ῶν
1765 1853 1994 1923 είρήκα-
2021 1832 2065 1892 Β
2093 1832 2184 1912 διὰ
2232 1857 2294 1914 τὸ
2347 1832 2582 1910 ἀκοῦσαι
2614 1855 2720 1909 ὐπὸ
2750 1855 2848 1910 τοῦ
2897 1832 3182 1926 πρέσϐεως
3211 1857 3282 1910 τὰ
3314 1832 3545 1910 τοιαῦτα
3579 1858 3672 1909 καὶ

412 1966 534 2020 μεν.
585 1949 649 2001 Οἱ
683 1947 740 2000 δὲ
791 1947 1133 2009 ἀκούσαντες
1177 1945 1283 2008 ἕως
1329 1944 1564 2014 καρδίας
1609 1943 1988 2013 ἐλυπήθησαν,

409 2042 505 2095 καὶ
533 2041 721 2094 ἔκτοτε
763 2040 995 2110 ἐζήτουν
1051 2037 1266 2108 καιρδνξ
1298 2037 1608 2106 ἐπιτήδειον
1643 2036 1737 2090 καὶ
1767 2035 1990 2103 εὔλογον

409 2133 591 2186 αἰτίαν
619 2132 707 2184 ἵνα
745 2131 844 2194 τὰς
875 2131 1205 2200 ὐποσχέσεις
1238 2131 1333 2183 καὶ
1383 2130 1696 2198 συμϐάσεις
1729 2131 1822 2184 καὶ
1851 2131 1990 2183 ὐπο-

404 2227 599 2294 ταγὴν,
645 2223 713 2294 ἢν
766 2217 914 2292 εἶχον
966 2223 1108 2290 μετὰ
1160 2221 1257 2276 τοῦ
1308 2223 1529 2294 ἀμηρᾶ,
1562 2222 1834 2291 φύγωσιν.
1881 2220 1992 2275 Καὶ

406 2315 716 2387 συμϐάσεις
750 2315 847 2368 καὶ
876 2315 1079 2385 ὅρκους
1104 2315 1371 2384 φρικτούς
1395 2314 1574 2383 λάθρα
1595 2314 1870 2384 ἀναμέσον
1897 2316 1994 2367 αὐ-

404 2409 518 2464 τῶν
547 2405 1013 2478 ποιήσαντεςτοῦ
1045 2402 1190 2461 εῖναι
1221 2407 1422 2479 γνώμῃ
1449 2407 1546 2461 καὶ
1579 2405 1728 2477 ψυχῇ
1764 2407 1863 2477 μιᾷ
1885 2406 1993 2470 ἕως

408 2502 668 2566 θανάτου,
713 2501 795 2555 διὸ
849 2499 1198 2571 βεϐαιότερον
1231 2499 1332 2566 τῆς
1365 2499 1588 2568 ἀγάπης
1617 2497 1834 2554 καὶτοῦ
1861 2485 1994 2550 συν-

405 2595 610 2666 δέσμου
661 2592 858 2649 τούτου
912 2593 1152 2663 ἔστησαν
1191 2591 1280 2644 ἵνα
1329 2592 1358 2644 ὀ
1404 2590 1664 2661 βασιλεὺς
1712 2591 1819 2658 κύρ
1867 2589 1992 2644 Μα-

411 2687 578 2760 νουὴλ
607 2687 688 2751 είς
722 2687 958 2756 νοΊλιμον
993 2686 1232 2755 γυναῖκα
1281 2683 1422 2755 λάϐῃ
1451 2684 1551 2750 τὴν
1587 2681 1867 2752 θυγατέρα
1895 2683 1992 2736 τοῦ

408 2781 515 2852 κύρ
539 2777 962 2833 Κωνσταντίνου
986 2778 1081 2831 τοῦ
1111 2774 1402 2846 Δραγάση.

482 2869 702 2926 ιδ’.·ῗοῦ
727 2869 786 2923 δὲ
817 2870 1014 2940 ἁμηρᾶ
1045 2867 1460 2938 Μπαγιαζήτου
1497 2868 1750 2932 ἐλθόντος
1777 2869 1871 2923 καὶ
1897 2885 1996 2922 πο-

407 2961 510 3015 λύν
537 2962 642 3031 τῆς
689 2957 1032 3029 Βουλγαρίας
1076 2957 1244 3011 τόπον
1278 2956 1597 3021 άλὼσαντος
1629 2958 1711 3010 ἔτι
1744 2957 1842 3012 καὶ
1870 2958 1996 3012 δου-

409 3053 709 3120 λώσαντος,
757 3051 786 3105 6
834 3052 934 3124 τῆς
979 3051 1294 3121 Γερμανίας
1335 3037 1996 3121 βασιλεύξΣιγισμόνδος

2093 1949 2196 2018 τὴν
2227 1947 2322 2002 τοῦ
2358 1948 2554 2019 ἀμηρᾶ
2583 1947 3039 2020 ὑπερηφάνειανο
3081 1949 3178 2001 καλ⁸
3224 1947 3396 2010 εὐθὺς
3442 1947 3668 2016 στρατὸν

2096 2040 2492 2113 μισθοφορικὸν
2521 2040 2694 2094 πολὺν
2725 2040 2987 2109 συνάξας,
3014 2040 3112 2095 καὶ
3138 2038 3231 2093 τὸν
3260 2037 3438 2093 αὐτοῦ
3473 2039 3670 2109 μᾶλλον

2093 2131 2390 2201 ἑτοιμάσας
2422 2135 2518 2186 καὶ
2548 2132 2781 2196 πολλοὺς
2813 2133 3040 2204 ἑτέρους
3062 2131 3336 2196 αὐθέντας
3366 2131 3672 2202 προσκαλε-

2095 2225 2330 2294 σάμενος
2356 2224 2437 2288 είς
2471 2224 2751 2296 βοήθειαν,
2794 2224 2924 2278 ἄνευ
2957 2225 3102 2289 τινὸς
3139 2223 3342 2296 μισθοῦ
3374 2225 3408 2296 ἢ
3439 2224 3668 2294 ὀψωνίου

2095 2318 2190 2370 καὶ
2241 2317 2380 2388 μετὰ
2423 2316 2686 2386 πλείστης
2715 2318 2892 2389 χαρᾶς
2939 2319 3032 2371 καὶ
3079 2317 3335 2385 γενναίας
3363 2317 3547 2388 ψυχῆς
3583 2317 3674 2369 καὶ

2094 2406 2354 2479 ἀνδρικοῦ
2409 2408 2766 2478 φρονήματος
2818 2395 3074 2480 διήρχετο
3129 2409 3157 2462 6
3209 2407 3476 2479 λαμπρὸς
3524 2401 3673 2469 οὗτος

2097 2497 2351 2568 στρατὸς,
2397 2499 2494 2551 καὶ
2541 2499 2722 2552 πάντα
2756 2503 2873 2562 τοῖς
2920 2501 3081 2553 ποσὶν
3131 2499 3452 2555 ὑπέτασσεν
3475 2502 3545 2556 τά
3574 2499 3674 2554 τῶν

2093 2589 2358 2658 Τούρκων
2408 2590 2666 2660 φρούρια,
2717 2589 2864 2645 ἁλῶν
2896 2589 2992 2644 καὶ
3035 2590 3326 2646 σκυλεύων
3358 2593 3456 2647 καὶ
3481 2593 3673 2661 ἀφανί-

2095 2682 2226 2749 ζων,
2248 2681 2356 2746 ἕως
2401 2683 2614 2751 καὶτῆς
2638 2681 2992 2745 Νικοπόλεως
3017 2681 3370 2752 περάσαντες
3415 2682 3670 2752 ἔφθασαν,

2095 2771 2351 2843 καθάπερ
2374 2771 2478 2842 ὐλη
2510 2772 2843 2844 ὲπιτυχοῦσα
2876 2773 3036 2842 φλογὶ
3065 2775 3290 2846 ἰσχυρᾷ.
3316 2771 3450 2829 Εἶτα
3477 2776 3506 2828 6
3534 2774 3672 2844 βασι-

2094 2865 2221 2928 λεὺς
2275 2865 2652 2934 Σιγισμὸνδος,
2700 2865 2796 2919 καὶ
2829 2866 3031 2935 ἑτέρως
3062 2865 3234 2920 θέλων
3300 2867 3669 2938 στρατηγῆσαι

2096 2957 2239 3010 κατὰ
2270 2955 2365 3010 τοῦ
2399 2955 2800 3026 Μπαγιαζήτη,
2829 2955 3077 3025 πρέσϐυν
3099 2955 3313 3010 ἔστειλε
3341 2957 3520 3028 λάθρα
3542 2958 3670 3026 πρὶς

2097 3049 2191 3102 τὸν
2237 3049 2461 3118 βασιλέα
2513 3049 2620 3119 κύρ
2655 3047 2917 3119 Μανουὴλ
2947 3049 3042 3102 καὶ
3075 3049 3201 3112 τοὺς
3229 3050 3464 3121 ἐτέρους
3491 3051 3670 3104 aridit-

407 3147 584 3216 ἔμαθε
608 3145 681 3200 τὰ
706 3142 1002 3213 γενόμενα.
1056 3139 1118 3195 '0
1155 3139 1630 3212 οὖνμΣιγισμόνϐος
1650 3142 1746 3212 τῆς
1775 3142 1996 3214 Γερμα-
2021 3171 2065 3230 c
2099 3158 2224 3209 τας,
2241 3139 2334 3204 οὒς
2367 3141 2712 3230 προέφᾼημεν,
2748 3140 2834 3195 ’ίνα
2879 3140 3091 3212 ἕτοιμοι
3125 3143 3219 3197 καὶ
3257 3163 3669 3218 προπαρεσκευ-

409 3241 534 3303 νίας
565 3241 595 3292 ὁ
627 3236 882 3308 βασιλεὺς
931 3233 1179 3304 πρέσϐυν
1210 3233 1431 3297 στείλας
1455 3235 1601 3305 ’πρὸς
1648 3234 1834 3302 αὐτὸν,
1868 3235 1993 3308 ήτοι

412 3417 917 3483 ησοιιηνὶἀοηθθιη,
953 3417 1144 3471 urbem
1183 3415 1286 3472 sibi
1334 3426 1392 3472 ut
1417 3418 1698 3489 propriam
1742 3418 1994 3475 vindica-

412 3517 516 3566 rat.
549 3510 599 3566 Is
641 3510 812 3580 igitur
863 3507 1085 3563 fratrem
1143 3508 1488 3578 imperatoris
1550 3511 1697 3580 apud
1749 3525 1993 3567 ameram

411 3601 828 3664 criminabatur,
883 3601 1029 3670 quod
1091 3599 1514 3656 Monembasiam
1572 3602 1836 3658 violenter
1891 3604 1995 3659 sibi

408 3695 720 3766 eripuisset,
761 3694 993 3764 indeque
1046 3701 1267 3748 secum
1323 3693 1672 3760 contumelia,
1731 3695 1996 3751 dedecore

409 3797 468 3844 et
495 3784 716 3841 infamia
745 3783 1085 3853 *expulisset.
1148 3782 1282 3838 Erat
1342 3794 1523 3839 autem
1575 3785 1853 3842 Mamonus
1905 3784 1998 3840 hic

409 3893 610 3934 amem
639 3877 842 3932 dudum
879 3885 1074 3931 notus:
1117 3877 1277 3932 unde
1328 3878 1375 3934 is
1407 3877 1852 3948 indignabundus
1886 3879 1996 3934 im-

406 3978 719 4042 peratorem
747 3970 820 4024 ita
851 3969 1130 4038 increpat:
1169 3987 1189 4021 ι
1229 3965 1370 4023 Num
1419 3969 1572 4024 vobis
1602 3970 1737 4025 satis
1762 3985 1888 4048 non
1914 3979 1998 4026 est

407 4079 545 4136 pace
572 4063 703 4128 frui,
740 4063 835 4118 sed
869 4062 975 4118 isto
1028 4063 1189 4117 modo
1240 4076 1393 4118 meos
1453 4061 1655 4118 habere
1718 4064 1995 4133 subjectos

409 4155 663 4211 audetis?
715 4153 982 4226 Equidem
1033 4169 1132 4225 per
1162 4153 1333 4209 Deum
1361 4155 1486 4224 juro
1523 4155 1658 4222 tibi,
1697 4171 1856 4226 posse
1888 4172 1997 4220 me,

409 4247 540 4303 talia
575 4248 669 4319 qui
725 4247 984 4312 audeant,
1033 4246 1250 4315 punire.
1294 4263 1314 4297 ι
1355 4245 1474 4300 Alia
1507 4257 1768 4315 praeterea
1799 4264 1996 4317 aspera

411 4340 577 4394 verba
629 4338 893 4392 adversus
929 4337 1312 4404 imperatorem
1350 4344 1403 4390 et
1459 4336 1697 4405 reliquos
1725 4339 1998 4407 principes

412 4427 775 4490 Christianos,
809 4427 876 4481 de
921 4425 1119 4495 quibus
1167 4425 1424 4488 diximus,
1484 4427 1747 4495 jnctavit:
1803 4429 1999 4496 quibus

2098 3234 2328 3305 ασμένοι
2356 3228 2504 3288 οὗτοι
2531 3228 2634 3288 ὦσι
2684 3235 2780 3288 καὶ
2812 3233 2905 3288 τὸν
2955 3234 3151 3308 ἐχθρὸν
3198 3237 3304 3309 τῆς
3340 3238 3598 3305 πίστεως,
3622 3240 3666 3292 εἰ

2097 3431 2218 3488 qum
2244 3414 2366 3483 iure
2391 3417 2456 3471 ad
2510 3417 2594 3471 sui
2629 3417 2780 3484 regni
2831 3416 3140 3486 provincias
3197 3419 3518 3487 pertineret.
3554 3418 3667 3474 Haec

2098 3507 2299 3563 dicenti
2330 3508 2512 3578 legato
2544 3507 2824 3577 Bajazetes
2858 3507 2992 3563 nihil
3024 3510 3330 3577 respondit,
3361 3512 3454 3566 scd
3511 3525 3659 3564 manu

2098 3599 2442 3670 apprehenso
2479 3601 2699 3655 domum
2751 3599 2984 3670 amplam
3020 3601 3289 3666 ostendit,
3324 3605 3469 3659 omni
3499 3618 3667 3658 armo-

2097 3707 2217 3749 rum
2249 3706 2472 3762 genere,
2527 3691 2857 3762 rhumphais
2915 3693 3218 3764 gladiisque
3249 3696 3392 3750 bene
3444 3694 3664 3764 disposi-

2097 3786 2170 3841 tis
2198 3795 2253 3840 et
2284 3784 2588 3852 adornatis,
2621 3783 2903 3840 refertam.
2928 3785 3065 3840 Tum
3095 3786 3338 3856 legatum
3369 3789 3659 3843 allocutus:

2105 3896 2125 3930 ε
2168 3875 2319 3943 Haec,
2352 3875 2548 3946 inquit.
2598 3875 2734 3944 regi,
2791 3873 3012 3930 domino
3068 3884 3196 3944 tuo,
3257 3879 3543 3934 renuntia:
3583 3876 3665 3943 jus

2099 3985 2304 4035 meum,
2340 3971 2481 4038 quod
2513 3968 2565 4023 in
2615 3967 2865 4040 Bulgaria
2916 3982 3167 4036 exerceo,
3229 3971 3348 4027 bace
3381 3986 3500 4028 esse
3529 3983 3663 4024 arma

2099 4075 2504 4133 apparatusque
2534 4104 2548 4128 ,
2617 4077 2759 4132 quos
2810 4061 3020 4118 vidisti.
3066 4079 3086 4114 ι
3150 4060 3534 4132 Sigismundus
3583 4076 3662 4113 rex

2095 4157 2215 4212 haec
2241 4171 2367 4210 cum
2418 4156 2660 4209 audisset
2703 4169 2732 4207 a
2763 4154 2958 4222 legato,
3005 4169 3070 4210 ex
3098 4169 3163 4210 eo
3207 4156 3401 4211 nuntio
3428 4163 3481 4209 ct
3529 4166 3668 4207 arro-

2100 4251 2284 4320 gantia
2319 4263 2517 4304 amerae
2579 4263 2798 4317 gravem
2855 4247 3096 4302 dolorem
3146 4249 3426 4319 percepit;
3466 4257 3518 4302 et
3548 4261 3666 4302 con-

2099 4342 2284 4398 festini
2319 4356 2517 4411 magno
2551 4341 2791 4397 exercitu
2827 4344 3163 4400 mercenaria
3215 4353 3403 4400 coacto
3460 4356 3509 4398 et
3565 4341 3666 4395 suis

2100 4437 2271 4506 ipsius
2297 4436 2466 4504 copiis
2501 4434 2786 4490 instructis
2838 4435 3072 4504 aliisque
3123 4437 3309 4493 multis
3344 4433 3662 4507 principibus

413 4520 491 4577 illi
524 4517 854 4588 aliquamdiu
887 4516 1092 4582 amicti,
1138 4531 1263 4571 mox
1292 4516 1636 4573 occasionem
1667 4519 2000 4583 idoneam,et
2026 4511 2310 4583 D-auxitio
2339 4527 2564 4593 voratis,
2597 4527 2714 4582 sine
2763 4526 2871 4581 ulla
2903 4529 3155 4584 mercede
3202 4529 3282 4583 vel
3345 4527 3506 4593 victu,
3538 4539 3662 4594 pm!-

413 4627 638 4668 causam
699 4608 1004 4679 speciosam
1063 4609 1430 4678 quaesiverunt
1462 4647 1478 4674 ,
1541 4624 1645 4678 qua
1702 4613 1996 4681 promissa,

414 4715 574 4773 pacta
602 4710 657 4758 et
687 4700 885 4766 ollicia,
944 4699 1144 4770 quibus
1197 4714 1400 4754 aluerat
1457 4715 1518 4755 se
1569 4701 1998 4771 obstrinxerant,

413 4799 736 4865 ellugerent.
763 4793 950 4863 itaque
973 4800 1262 4863 postquam
1293 4793 1648 4864 pactionibus
1675 4805 1730 4850 et
1753 4797 1888 4852 diris
1913 4813 2003 4852 sas-

378 4887 717 4964 ‘lcramentis
767 4884 906 4940 clam
944 4899 1006 4940 se
1060 4886 1291 4942 invicem
1343 4886 1726 4952 devinxerunt,
1781 4899 1838 4941 ut
1867 4903 2001 4944 con-

374 4971 383 4988 ¹
414 4977 726 5035 sensionem
749 4987 802 5032 et
845 4978 1191 5034 concordiam
1220 4988 1503 5033 servarent
1551 4993 1725 5049 usque
1751 4981 1816 5035 ad
1850 4995 2000 5037 mor-

414 5080 547 5136 tem,
609 5083 719 5140 quo
763 5067 972 5124 ﬁrmius
1018 5081 1165 5126 esset
1222 5069 1383 5140 bujus
1427 5070 1650 5126 (cedet-is
1696 5072 1997 5138 vinculum,

414 5175 744 5231 Statuerunt,
783 5175 841 5219 ut
878 5167 1172 5234 imperator
1200 5163 1421 5219 Manuel
1477 5163 1820 5220 Constantini
1857 5166 1998 5221 Dra-

417 5259 563 5327 gasis
642 5258 808 5314 tiliam
895 5257 1245 5314 matrimonio
1313 5255 1556 5326 legitimo
1630 5256 1734 5312 sibi
1797 5259 1995 5330 junge-

415 5361 519 5406 ret.

493 5441 583 5495 η.
619 5439 757 5495 Cum
810 5439 1089 5510 Bajazetes
1137 5454 1352 5497 emeras
1383 5441 1550 5497 multa
1583 5441 1848 5512 Bulgaria:
1874 5444 1994 5499 loca

413 5539 652 5601 cepisset
679 5539 734 5584 et
757 5531 812 5590 in
849 5540 1177 5600 potestatem
1229 5546 1384 5587 suam
1438 5533 1756 5603 redegisset,
1821 5535 1996 5604 Sigis-

413 5625 673 5687 mundus,
707 5615 1016 5678 Germania
1046 5637 1162 5690 rex,
1219 5624 1287 5678 de
1312 5638 1376 5678 ea
1432 5639 1490 5680 re
1549 5626 1754 5680 certior
1791 5627 1990 5692 tactus,

416 5715 597 5781 legato
637 5717 704 5770 ad
734 5731 858 5771 eum
915 5717 1104 5784 misso,
1154 5731 1372 5787 aequum
1412 5731 1536 5773 esse
1589 5718 1834 5787 negavit,
1865 5733 1990 5774 cum

416 5812 601 5865 essent
644 5809 825 5876 amici,
870 5822 1115 5866 ameram
1173 5824 1394 5866 manum
1452 5808 1677 5882 injicere
1711 5807 1979 5882 Bulgaria

2111 4625 2317 4676 clarum
2353 4621 2499 4676 hunc
2527 4629 2578 4676 et
2613 4621 2862 4690 generosi
2901 4621 3068 4675 animi
3097 4622 3425 4693 spiritusque
3458 4623 3657 4688 pleumu

2109 4719 2414 4770 exercitum
2443 4715 2644 4780 educit,
2677 4714 2765 4783 qui
2793 4714 2978 4768 omnia
3005 4712 3308 4770 Turcarum
3341 4712 3556 4768 castella
3582 4725 3664 4762 ca-
3732 4777 3736 4794 |

2113 4811 2209 4880 pit,
2269 4804 2534 4875 subiicit,
2593 4807 2816 4876 diripit,
2870 4806 3102 4870 evertit,
3155 4807 3327 4861 donec
3381 4800 3658 4868 Nicopolim

2111 4908 2424 4968 perventum
2456 4907 2561 4958 est.
2595 4898 2741 4953 velut
2768 4897 2963 4953 silvam
2985 4897 3242 4952 invadens
3267 4898 3504 4953 ﬂamma.
3535 4889 3657 4944 Tum

2111 4988 2492 5059 Sigismun'dus
2551 5003 2645 5044 rex
2698 4990 2864 5044 etiam
2918 4989 3136 5044 aliunde
3190 4989 3488 5061 Bajazetem
3535 4981 3658 5036 bella

2105 5082 2377 5138 lacessere
2397 5083 2643 5152 cupiens,
2677 5083 2816 5137 ciam
2862 5082 2928 5137 ad
2959 5081 3340 5152 imperatorem
3379 5075 3577 5134 Μηίων-1
3613 5088 3655 5124 ιιι

2105 5185 2161 5230 et
2211 5175 2449 5243 reliquos
2501 5175 2798 5244 principes,
2835 5188 2972 5242 quos
3020 5189 3184 5244 supra
3237 5162 3656 5230 commemoravi.

2105 5265 2341 5334 legatum
2400 5267 2571 5332 misit,
2627 5275 2690 5321 ut
2745 5265 2983 5336 prompti
3035 5276 3090 5320 et
3143 5265 3315 5336 parati
3367 5267 3541 5318 essent
3593 5253 3652 5305 ad

2105 5359 2318 5414 hostem
2362 5359 2504 5414 hunc
2535 5360 2657 5414 fidei
2699 5359 2965 5426 funditus,
2999 5359 3046 5414 si
3090 5369 3332 5428 possent,
3363 5354 3512 5410 delun
3535 5351 3650 5398 lum-

2104 5444 2183 5501 llli
2237 5446 2398 5501 talem
2438 5447 2806 5511 occasionem,
2843 5455 2901 5501 ut
2957 5449 3147 5504 sitiens
3204 5461 3344 5504 terra
3399 5452 3578 5511 aqua"!
3625 5444 3651 5483 ο

2105 5539 2267 5599 οωιο.
2299 5548 2698 5608 exspectantes,
2737 5539 2978 5610 legatum
3025 5540 3311 5596 laetabundi
3346 5530 3653 5601 exceperit!“

2104 5640 2160 5686 et
2215 5629 2412 5685 bellum
2471 5631 2573 5699 ipsi
2629 5646 2848 5701 quoque
2875 5633 3085 5687 occulte
3133 5632 3415 5703 parabant.
3453 5616 3650 5703 interim

2102 5719 2409 5788 Baiazetos,
2464 5721 2796 5791 Sigismuudi
2835 5722 2976 5792 regis
3015 5701 3251 5777 adventu
3282 5720 3560 5785 comperto,

2109 5811 2290 5871 varias
2340 5813 2697 5884 cogitationes
2753 5822 3065 5886 metumque
3129 5813 3335 5877 incidit,
3394 5813 3447 5863 et
3499 5802 3650 5866 00PM
