4000 6452
423 392 530 458 68⁵7

1663 385 1993 455 GEORGII
2036 379 2472 456 PIIRANTZ/E

3583 388 3677 465 688

423 506 520 563 τοῦ
559 507 666 580 κὺρ
727 491 984 576 Ἶωάννην
1036 504 1358 561 καταλιπὼν
1409 506 1498 560 ἵνα
1552 507 1728 579 διοικῇ
1760 508 1852 561 καὶ
1879 522 1998 562 ’κυ-
2037 513 2079 570 Α
2111 511 2472 584 χωρουμένην
2501 511 2607 565 ὑπὸ
2643 511 2807 584 λιμοῦ
2833 513 3054 580 πολλοῦ,
3085 513 3286 584 ὁμοίως
3351 515 3442 568 καὶ
3470 514 3556 568 τὶν
3582 517 3675 585 τῆς

426 601 602 672 ϐερνᾷ
625 598 726 671 τὴν
755 599 914 653 πόλιν
953 599 1049 653 καὶ
1077 599 1452 671 ἀντιμάχηται
1481 601 1598 664 τοῖς
1653 601 1940 668 ἐναντίοις,
1973 601 2002 654 ό

424 694 482 748 δὲ
507 692 767 764 βασιλεὺς
797 693 899 763 τὴν
932 693 1226 748 δέσποιναν
1259 694 1356 748 καὶ
1384 693 1616 763 σύζυγον
1673 693 1859 748 λαϐὼν
1908 695 2002 749 καὶ

423 784 507 848 είς
538 782 953 852 Πελοπόννησον
983 781 1157 837 ἐλθὼν
1201 783 1259 836 ἐν
1294 784 1361 853 τῇ
1428 781 1655 852 Σπάρτη
1701 780 1870 849 ἐγγὺς
1905 778 2001 832 τού

381 881 384 883 ’
421 875 659 943 ἀδελφοῦ
687 877 797 947 atin
820 874 1102 947 Θεοδώρου
1130 875 1336 946 ταύτην
1363 878 1549 929 εἴασεν
1569 890 1582 905 ·
1615 878 1642 928 6
1673 874 1730 928 δέ
1765 877 1823 928 ἐν
1861 875 2000 926 Ἰτα-

421 968 514 1040 λίᾳ
544 970 742 1024 ὁδεύει.
770 971 987 1034 Φθάσας
1019 971 1114 1024 οὖν
1164 969 1193 1023 6
1234 969 1490 1040 βασιλεὺς
1539 970 1599 1024 ἐν
1642 969 1860 1042 Ἑνετίᾳ
1897 969 2000 1023 κά-

421 1059 604 1112 κεῖθεν
635 1059 774 1129 πρὸς
817 1058 909 1113 τὸν
935 1059 1104 1114 δοῢκα
1134 1058 1486 1128 Μεδιολάνων
1519 1055 1696 1111 ἐλθὼν
1731 1057 1882 1126 παρὰ
1904 1054 2000 1109 τοῦ

419 1153 615 1216 ἃουκὸς
658 1151 796 1222 μετά
826 1154 997 1222 τιμῆς
1059 1152 1304 1223 μεγάλης
1355 1153 1450 1207 καὶ
1495 1149 1785 1222 δαψιλείας
1825 1149 1905 1202 ἔτι
1943 1147 2000 1202 δὲ

421 1234 516 1296 καὶ
542 1244 873 1316 δορυφορίας
905 1245 1126 1317 ἐδέχθη,
1159 1246 1256 1300 καὶ
1286 1243 1494 1309 ἵππους
1525 1246 1622 1299 καὶ
1654 1243 2000 1314 στρατιώτας

420 1334 654 1402 πολλοὺς
687 1336 865 1400 δώσας
894 1338 1044 1410 αὐτῷ
1070 1340 1158 1392 ἵνα
1186 1339 1330 1410 πρὸς
1366 1339 1459 1393 τὸν
1509 1340 1655 1410 ρἧα
1709 1337 2000 1408 Φραγκίας

418 1426 571 1501 ἔλθη,
591 1429 1068 1498 ἐπαγγειλάμενος
1103 1431 1130 1483 6
1157 1430 1284 1494 δοὺξ
1317 1429 1397 1500 τῷ
1420 1428 1654 1498 βασιλεῖ,
1696 1429 1793 1484 ἐὰν
1829 1428 1922 1482 καὶ
1950 1427 1999 1479 οί

415 1522 596 1592 ἕτεροι
629 1523 1078 1592 όμοφρονήσωσι,
1115 1523 1210 1575 καὶ
1267 1523 1429 1584 αὐτὸς
1465 1525 1493 1576 ό
1532 1521 1660 1586 δοὺξ
1719 1522 1865 1584 ἰδίως
1905 1520 1999 1575 καὶ

416 1616 745 1681 αὐτομάτως
773 1616 904 1686 ἔλθῃ
943 1617 1038 1669 καὶ
1066 1615 1144 1684 τῷ
1200 1614 1413 1684 βασιλεῖ
1470 1615 1568 1669 καὶ
1599 1618 1666 1688 τῇ
1713 1615 2000 1685 Ῥωμαίων

418 1708 562 1777 ἀρχῇ
600 1707 848 1779 βοηθήσῃ
878 1709 971 1761 καὶ
999 1699 1102 1778 μὴν
1129 1707 1268 1778 ἐάσῃ
1306 1706 1748 1760 κινδυνεύουσαν.
1795 1705 1998 1760 Ἐλθὼν

2110 604 2524 675 Πελοποννήσου
2557 606 2818 676 πόλεμον,
2842 607 2941 662 καὶ
2964 606 3180 678 βλέπων
3209 608 3293 661 ὅτι
3351 608 3525 672 οὐδεὶς
3572 610 3671 662 τῶν

2104 695 2454 766 Χριστιανῶν
2480 698 2760 753 αὐθεντῶν
2787 698 2980 768 ἤθελεν
3023 700 3205 762 αὐτοῖς
3239 699 3534 770 βοηθῆσαι,
3583 705 3672 755 καί

2103 785 2407 855 ἀπορηθεὶς
2429 786 2589 853 ὅλως,
2624 789 2870 860 περάσας
2899 789 2956 842 ἐν
3013 792 3078 860 τῇ
3126 788 3289 858 Ῥόδῳ
3345 791 3486 859 μετά
3528 791 3672 860 τριή-

2108 893 2249 946 ρεως
2283 876 2382 946 τὴν
2411 881 2512 949 τῇς
2559 879 2817 951 Σπάρτης
2839 878 3016 950 ἀρχὴν
3049 881 3404 950 ἐπεπωλήκει
3430 885 3493 951 τῇ
3529 882 3672 933 ἀδελ-

2104 969 2300 1038 φότητι
2324 970 2420 1022 τοῦ
2451 972 2738 1041 προφήτου
2763 973 2855 1026 καὶ
2889 970 3198 1026 Βαπτιστοῦ
3243 972 3512 1028 Ἰωάννου.
3531 975 3675 1026 Στεί-

2105 1063 2298 1126 λαντες
2327 1061 2480 1132 οὖνὴ
2517 1064 2818 1136 ἀδελφότης
2839 1066 2992 1128 τινὰς
3029 1065 3139 1118 τῶν
3189 1067 3580 1136 σταυροφόρων
3619 1072 3672 1118 iv

2102 1155 2167 1224 τῇ
2195 1153 2421 1225 Σπάρτῃ
2454 1155 2543 1208 ἵνα
2575 1157 2869 1226 ἐγκρατεῖς
2907 1157 3010 1225 τῆς
3035 1156 3214 1227 ἀρχῆς
3249 1156 3325 1219 ὡς
3350 1157 3533 1225 κύριοι
3585 1159 3675 1209 καὶ

2103 1245 2752 1321 δεσπόταιηγενήσωνται,
2788 1247 2967 1310 όολαδς
3007 1247 3084 1310 ὡς
3133 1245 3273 1301 εἶδεν
3331 1248 3531 1309 αὐτοὺς
3582 1251 3674 1301 καὶ

2103 1339 2309 1410 ήκουσε
2335 1339 2403 1392 τά
2427 1341 2720 1409 γενόμενα,
2755 1341 3026 1411 ὥρμησαν
3071 1340 3209 1409 μετὰ
3241 1338 3417 1406 ξύλων
3461 1339 3555 1393 καὶ
3581 1355 3674 1391 πε-

2101 1431 2251 1502 τρῶν
2287 1431 2428 1501 μετὰ
2460 1433 2638 1504 θυμοῦ
2673 1435 3001 1504 δραμόντες,
3041 1434 3126 1486 ἵνα
3167 1435 3294 1497 τοὺς
3337 1432 3680 1501 ἀπεσταλμέ-

2101 1541 2231 1586 νους
2265 1525 2685 1594 σταυροφόρους
2736 1525 3133 1579 ἀποκτείνωσι.
3176 1524 3237 1578 Ὀ
3294 1523 3353 1577 δέ
3389 1523 3675 1594 ἀρχιερεὺς

2101 1617 2198 1672 τοῦ
2235 1617 2405 1672 τόπου
2443 1616 2660 1681 σταθεὶς
2710 1617 2805 1670 καὶ
2835 1618 3131 1688 ὁμιλήσας,
3168 1617 3258 1671 ἵνα
3310 1616 3387 1688 μὴ
3449 1616 3675 1686 τοιαύτη

2101 1707 2300 1774 ἀταξία
2329 1708 2651 1778 γενήσηται,
2693 1707 2964 1761 ἐδυσώπει
3009 1708 3100 1762 τὸν
3133 1708 3284 1776 λαὸν,
3344 1709 3444 1762 καί
3499 1707 3679 1761 πειθό-

423 1798 520 1853 οὖν
547 1801 575 1852 6
601 1799 862 1869 βασιλεὺς
895 1802 988 1853 καὶ
1029 1800 1170 1870 πρὸς
1199 1802 1294 1853 τδν
1327 1800 1474 1870 ρἧα
1518 1801 1789 1871 Φραγκῶν
1836 1792 1998 1869 εὗρεν
2031 1863 2036 1866 _
2105 1817 2260 1871 μενοι
2295 1801 2408 1863 τοῖς
2465 1799 2661 1853 τούτου
2723 1799 2907 1868 λόγοις
2931 1801 3046 1862 τοῖς
3075 1798 3478 1870 σταυροφὸροις
3511 1798 3677 1869 τριῶν

417 1891 582 1945 αὑτὸν
608 1893 667 1944 ἐν
688 1893 944 1962 ἀσθενείᾳ
976 1891 1258 1963 βαρυτάτῃ
1283 1894 1480 1962 ἔχοντα
1505 1893 1602 1947 καί¹
1644 1892 1751 1960 ἐξω
1780 1892 1997 1961 φρενῶν
2029 1874 2075 1935 Β
2104 1891 2331 1963 ήμερῶν
2351 1890 2560 1962 διορίαν
2595 1891 2822 1957 ἐδωσαν,
2859 1893 2946 1946 ἵνα
2979 1890 3162 1945 ἐκτῶν
3188 1893 3357 1963 ὁρίων
3381 1891 3483 1960 τῆς
3499 1892 3676 1961 Σπάρ-

387 1980 740 2057 ’ὑπάρχονίτα
766 1999 780 2014 ⁶
813 1985 908 2039 καὶ
931 1986 982 2039 οί
1016 1984 1318 2052 σύμδουλοι
1356 1984 1520 2038 αὐτοῦ
1575 1984 1675 2037 οὐκ
1733 1979 1883 2055 εἶχόν
1942 2002 1993 2038 τι

389 2074 790 2146 ’ἀποκριθῆναι
816 2074 990 2145 μόνοι.
1039 2072 1102 2126 ’0
1143 2075 1243 2143 μέν
1281 2072 1539 2143 βασιλεὺς
1576 2073 1864 2143 ἄπρακτος
1901 2073 1996 2126 ἐπὶ

389 2165 396 2171 ’
415 2167 519 2238 τὴν
551 2161 1564 2233 Κωνσταντινούπολινἐπανέστρεψεν
1582 2163 1677 2219 ἐπὶ
1689 2161 1843 2228 ἐτους
1866 2169 1994 2236 ⁴αυε¹

413 2251 790 2330 Σεπτεμϐρίου
825 2257 914 2328 ιγ’.
1831 2305 1836 2309 .

395 2361 398 2365 ’
489 2358 590 2419 ις’.
636 2343 726 2407 Ἕν
756 2353 933 2423 τούτῳ
970 2351 1048 2422 τῷ
1088 2350 1200 2404 ἔτει
1241 2353 1270 2405 6
1313 2350 1539 2422 ἀμηρᾶς
1585 2346 1994 2420 Μπαγιαζήτης

412 2447 558 2501 κατὰ
598 2446 697 2516 τῆς
751 2445 1168 2514 Πελοποννήσου
1228 2443 1322 2498 τὸν
1369 2441 1852 2498 Γιακούπ-πασιᾶν
1899 2441 1995 2497 καὶ

410 2543 506 2595 τὸν
533 2539 819 2610 Βρενάζην
850 2539 1057 2594 ἔστειλε
1099 2540 1238 2601 μετά
1282 2538 1520 2609 στρατοῦ
1577 2537 1835 2609 χιλιάδων
1868 2552 1996 2589 πεν-

411 2634 690 2703 τήκοντα·
730 2632 828 2686 καὶ
859 2635 918 2687 ἐν
947 2632 1029 2704 τῷ
1053 2631 1401 2704 ἀπέρχεσθαι
1432 2629 1541 2704 63
1585 2629 1808 2694 αὐτοῦ(
1828 2629 1887 2683 ἐν
1923 2629 1992 2700 τῇ

411 2723 517 2796 ὁδῷ
549 2727 647 2781 καὶ
675 2725 826 2780 ἔνδον
853 2725 954 2795 τῆς
985 2726 1406 2793 Πελοποννήσου
1453 2723 1765 2794 φθάσαντες
1821 2720 1996 2776 πολλά

413 2818 562 2872 κακὰ
590 2818 688 2871 καὶ
714 2816 867 2871 δεινά
892 2816 992 2872 καὶ
1037 2815 1519 2888 ἀνδραποδισμοὺς
1576 2817 1692 2880 τοῖς
1721 2813 1992 2884 Χριστιαο

411 2913 525 2975 νοῖς
554 2909 856 2981 ἐπέθηκαν,
882 2908 1069 2974 καθὼς
1094 2909 1151 2962 ἐν
1177 2908 1347 2979 ὀλίγῳ
1402 2907 1497 2961 ἐπὶ
1547 2905 1648 2977 τῆς
1699 2906 1846 2977 ζωῆς
1897 2901 1993 2958 τοῦ

410 2994 820 3073 Μπαγιαζήτου
850 3003 1175 3074 ῥηθήσεται.
1230 3001 1290 3056 '0
1319 3000 1379 3056 δὲ
1432 2999 1704 3071 δεσπότης
1732 2999 1838 3070 κῦρ
1864 2997 1995 3051 Θεό-

409 3095 586 3165 δωρος
634 3082 862 3168 θεωρῶν
917 3097 984 3150 τά
1035 3095 1148 3149 τῶν
1210 3093 1505 3166 Ῥωμαίων
1552 3095 1860 3164 πράγματα
1909 3091 1993 3144 ὅτι

410 3179 588 3252 οὕτως
643 3191 834 3254 κακῶς
887 3191 1182 3257 διέκειντο,
1225 3189 1322 3243 καὶ
1360 3188 1464 3260 τὴν
1529 3187 1688 3241 πόλιν
1735 3183 1991 3240 τοσοῦτον
2018 3218 2065 3282 c

411 3281 607 3350 καιρὸν
641 3283 1062 3337 κινδυνεύουσαν
1111 3280 1632 3350 ἀποκεκλεισμένην
1685 3280 1781 3334 καὶ
1812 3295 1995 3333 στενο-

360 3474 373 3532 λ,
412 3468 652 3525 hostium
689 3465 1111 3537 propulsandum
1167 3466 1404 3537 reliquit.
1439 3465 1560 3536 ipse
1588 3479 1710 3521 cum
1756 3464 1995 3533 impera-

409 3565 551 3620 trice
590 3561 818 3630 coujuge
867 3559 920 3614 in
963 3558 1392 3630 Peloponnesum
1437 3557 1732 3628 profectus,
1788 3558 1996 3627 Spartae

413 3669 536 3709 eam
580 3653 721 3725 apud
747 3652 1088 3708 Theodorum
1122 3645 1345 3706 fratrem
1399 3649 1652 3720 deposuit
1680 3659 1734 3706 et
1786 3648 1993 3706 Italiam

412 3757 602 3800 versus
662 3745 946 3814 processit.
1004 3742 1254 3798 Primum
1310 3740 1568 3798 Venetias
1617 3741 1812 3808 venit;
1869 3742 1994 3799 inde

413 3837 480 3891 ad
511 3838 705 3893 ducem
728 3835 1210 3892 Mediolanensium
1254 3834 1514 3904 perrexit,
1547 3835 1637 3904 qui
1674 3849 1797 3890 eum
1822 3835 1994 3890 hono-

412 3931 819 3985 rificentissime
851 3937 1015 3998 atque
1044 3944 1245 3998 magno
1265 3944 1388 3984 eum
1421 3936 1641 3999 sumptu
1676 3939 1876 3983 etcum
1907 3943 1994 3985 sa-

411 4022 676 4078 tellitibus
693 4021 926 4090 excepit,
951 4019 1237 4090 eidemque
1250 4020 1490 4089 equitum
1509 4020 1856 4091 peditumque
1880 4035 1994 4073 ma-

411 4129 574 4186 gnum
599 4114 914 4170 comitatum
940 4113 1007 4168 ad
1031 4127 1208 4182 regem
1251 4110 1584 4166 Francorum
1622 4111 1790 4176 dedit,
1829 4110 1990 4181 polli-

411 4209 576 4273 citus,
637 4207 684 4263 si
735 4206 918 4260 caeteri
969 4203 1366 4266 consentirent,
1415 4212 1591 4260 semet
1620 4203 1696 4258 illi
1727 4213 1782 4258 et
1815 4203 1991 4274 impe-

411 4300 496 4355 rio
523 4296 768 4353 Romano
791 4312 893 4352 sua
923 4303 1114 4365 sponte
1137 4297 1341 4351 auxilio
1383 4307 1670 4352 venturum
1708 4309 1773 4350 ac
1797 4295 1993 4351 discri-

412 4405 538 4446 men
564 4389 914 4460 depulsurum
949 4403 1091 4443 esse.
1120 4387 1200 4444 Ad
1233 4402 1412 4458 regem
1472 4386 1810 4443 Francorum
1863 4400 1988 4440 cum

408 4483 676 4545 venisset,
714 4481 904 4536 morbo
961 4479 1282 4552 gravissimo
1333 4495 1455 4535 eum
1507 4479 1908 4534 conflictantem
1935 4487 1991 4533 et

2096 1997 2210 2052 της.
2233 1980 2369 2052 μετά
2403 1983 2629 2051 εἰρήνης
2655 1983 3113 2053 ἀναχωρήσωσινο
3153 1985 3204 2037 εί
3238 1983 3296 2036 δὲ
3325 1983 3514 2045 ἄλλως
3537 1984 3677 2052 πρά·

2098 2071 2284 2140 ξωσιν,
2319 2073 2473 2127 αὐτοὶ
2499 2073 2748 2143 ὄψονται.
2795 2072 3020 2139 Ἰδόντες
3072 2071 3168 2130 οὖν
3199 2070 3352 2131 οὗτοι
3399 2078 3482 2131 δτι
3529 2077 3675 2129 οὐδὲν

2097 2166 2445 2237 κατώρθουν,
2475 2165 2614 2221 ἀλλὰ
2677 2165 2880 2237 μᾶλλον
2942 2167 3176 2238 θόρυϐος
3241 2169 3340 2222 καὶ
3409 2168 3676 2223 σκάνδαλα

2095 2257 2340 2327 ἐγίνοντο
2373 2258 2469 2311 καὶ
2504 2255 2607 2329 τὴν
2646 2257 2798 2328 ζωὴν
2835 2258 3077 2328 μάλιστα
3109 2259 3492 2326 ἐκινδύνευον,
3526 2262 3679 2332 ἐγερο

2096 2351 2284 2416 θέντες
2311 2350 2423 2424 64
2451 2350 2872 2423 ἐπανέστρεψαν
2906 2352 3117 2406 οἴκαδε.
3155 2353 3220 2405 Οί
3243 2352 3301 2405 δέ
3333 2353 3674 2423 Σπαρτιᾶται

2093 2443 2186 2499 τὸν
2209 2445 2476 2518 πρόεδρον
2510 2443 2692 2500 αὐτῶν
2734 2445 2832 2496 καὶ
2855 2443 3026 2498 δοῦκα
3065 2443 3354 2514 ἐψήφισαν
3384 2439 3554 2507 εἶναι,
3581 2444 3674 2496 καὶ

2097 2537 2396 2602 πολιτικῶς
2427 2537 2550 2593 ,καὶ
2611 2537 3092 2608 ἐκκλησιαστικῶς
3136 2536 3335 2608 ἤθελον
3392 2537 3672 2606 κρίνεσθαι

2095 2629 2196 2683 καὶ
2245 2627 2628 2700 κυϐερνᾶσθαι
2687 2629 2779 2683 ὑπ’
2811 2629 3000 2684 αὑτοῦ.
3045 2628 3106 2681 '0
3149 2627 3205 2682 δὲ
3255 2629 3533 2699 δεσπότης
3575 2629 3675 2698 κὺρ

2095 2721 2378 2792 Θεόδωρος
2409 2721 2485 2784 ῶς
2510 2716 2620 2775 εἶδε
2650 2720 2750 2785 τὰς
2773 2720 3398 2790 ἐλπίδαςψευσθείσας,
3446 2722 3514 2775 τὰ
3546 2721 3674 2791 χρή-

2099 2829 2248 2885 ματα
2281 2813 2316 2866 ἃ
2356 2813 2524 2870 ἔλαϐε
2551 2817 2621 2884 τῇ
2661 2814 2992 2885 ἀδελφότητι
3027 2814 3254 2876 ἐκτίνας
3296 2814 3546 2880 ὄπισθεν,
3596 2815 3672 2876 είς

2095 2908 2357 2980 Σπάρτην
2387 2910 2444 2962 ἐν
2466 2910 2532 2981 τῇ
2568 2908 2733 2962 αὑτοῦ
2791 2909 2938 2980 ἀρχῇ
2981 2908 3154 2962 θέλων
3187 2907 3397 2972 ἐλθεῖν,
3422 2909 3522 2960 οὐκ
3559 2905 3673 2976 ήθεο

2093 3002 2184 3056 λεν
2210 3001 2469 3074 δεχθῆναι
2491 3002 2656 3055 αὐτὸν
2685 3003 2711 3054 6
2730 2994 3087 3071 δῆμος,’άλλά
3123 3001 3369 3070 μάλιστα
3397 3000 3494 3054 καὶ
3514 2998 3668 3066 ὕϐρε-

2096 3102 2183 3148 σιν
2207 3093 2524 3149 ἐνέπλυνον.
2570 3094 2682 3148 Καὶ
2722 3092 2936 3146 πολλῶν
2989 3093 3171 3162 λόγων
3227 3093 3544 3164 γενομένων
3580 3087 3669 3141 καὶ

2096 3187 2410 3242 σκανδάλων
2441 3187 2595 3251 τέλος
2625 3187 2982 3257 ἐμεσίτευσεν
3006 3187 3032 3239 6
3060 3186 3384 3255 ἀρχιερεὺς,
3445 3183 3539 3238 καὶ
3567 3181 3663 3234 πά-

2096 3279 2182 3335 λιν
2221 3279 2524 3352 ἐδὲχθησαν
2555 3272 2649 3334 καί
2682 3278 2949 3351 ἔστερξαν
2977 3277 3142 3333 αὑτὸν
3169 3272 3315 3331 εἶναι
3357 3278 3432 3339 ὡς
3475 3274 3570 3329 καὶ
3603 3271 3662 3326 τὸ

2096 3441 2349 3517 Rhodum
2401 3461 2675 3531 trajectus,
2722 3460 2934 3532 Spartzn
3001 3460 3370 3530 principatum
3432 3456 3667 3515 societati

2094 3554 2322 3612 Joannis
2362 3555 2637 3629 propheta
2671 3565 2724 3610 et
2769 3555 3018 3626 baptista:
3067 3555 3333 3610 vendidit.
3391 3555 3533 3609 Misit
3601 3566 3661 3607 ea

2096 3649 2330 3705 societas
2381 3647 2632 3719 Spartam
2681 3647 2997 3717 crucigeros
3032 3646 3235 3717 aliquot
3279 3651 3354 3702 ad
3382 3662 3499 3702 eam
3544 3657 3662 3715 prec

2094 3740 2331 3796 vinciam
2360 3738 2728 3808 occupandam
2759 3750 2817 3796 et
2843 3739 2946 3797 sibi
2983 3739 3368 3796 vindicandam
3393 3751 3452 3795 ut
3496 3737 3664 3794 domi-

2096 3833 2202 3890 nis.
2234 3831 2444 3899 Quibus
2480 3831 2672 3888 incola:
2703 3831 3010 3902 conspectis
3037 3843 3091 3886 et
3131 3832 3357 3896 auditis,
3387 3846 3503 3903 quae
3555 3837 3669 3883 acta

2094 3933 2300 3990 essent,
2337 3925 2588 3980 hortante
2620 3924 2926 3990 iracundia,
2957 3939 3082 3979 cum
3134 3925 3307 3979 clavis
3335 3935 3391 3980 et
3443 3922 3662 3979 saxisal

2093 4032 2188 4074 eos
2216 4019 2541 4074 occidendos
2575 4026 2924 4088 procurrunt.
2973 4017 3042 4071 At
3074 4020 3466 4088 superveniens
3509 4028 3556 4071 et
3586 4017 3666 4068 in-

2095 4117 2379 4170 tercedens
2411 4114 2526 4182 ejus
2555 4115 2794 4185 regionis
2846 4114 3157 4186 episcopus,
3205 4127 3271 4168 ne
3317 4113 3454 4174 tales
3508 4109 3664 4165 turbae

2093 4207 2736 4278 orirentur,objurgabat
2768 4208 3192 4274 multitudinem,
3213 4222 3338 4277 qua:
3363 4207 3522 4262 dictis
3553 4205 3663 4272 ejus

2092 4297 2376 4368 obsecuta,
2422 4300 2584 4355 trium
2636 4300 2846 4355 dierum
2896 4303 3135 4372 spatium
3201 4299 3500 4370 crucigeris
3542 4309 3664 4351 con-

2094 4391 2281 4456 cessit,
2313 4407 2421 4461 quo
2452 4407 2483 4446 e
2517 4389 2728 4460 Spartae
2769 4377 2973 4448 ﬁnibus
3008 4390 3190 4461 quiete
3222 4395 3564 4448 excederent.
3608 4385 3666 4438 Si-

2093 4496 2258 4538 secus
2289 4481 2562 4547 iecissent,
2599 4484 2746 4552 ipsos
2775 4467 3121 4554 ex-perturos,
3166 4500 3274 4554 quo
3306 4500 3368 4538 ea
3429 4498 3512 4536 res
3545 4493 3663 4533 ενειδ

412 4574 612 4631 mentis
645 4557 900 4643 impotem
944 4574 1183 4643 reperit;
1213 4586 1313 4628 nec
1365 4571 1642 4626 habebant
1691 4569 1990 4625 consiliarii
2018 4557 2072 4619 Ῑ)
2097 4586 2224 4626 sura
2278 4583 2442 4629 esset.
2484 4571 2584 4640 illi,
2636 4591 2759 4630 cum
2804 4576 2938 4632 nihil
2971 4590 3030 4632 se
3072 4576 3305 4652 edicere,
3353 4573 3446 4630 sed
3487 4573 3660 4625 turbas

410 4669 552 4734 eius,
601 4665 704 4722 soli
753 4659 1022 4735 quod'illi
1079 4679 1399 4735 responsum
1455 4665 1669 4717 darent.
1709 4660 1894 4731 itaque
1934 4673 1993 4716 re

411 4755 610 4813 infecta
633 4757 932 4826 imperator
961 4753 1168 4824 Cpolim
1202 4751 1388 4820 rediit,
1417 4765 1559 4806 anno
1586 4749 1748 4816 1405,
1787 4751 1993 4838 mensis

365 4901 382 4915 η
411 4845 744 4915 Septembris
788 4843 876 4898 die
911 4843 995 4897 l5.
1041 4859 1045 4862 ·

480 4935 568 4992 16.
601 4935 802 4991 Eodem
828 4947 972 4990 anno
1007 4931 1290 5002 Bajazetes
1327 4942 1541 4984 ameras
1567 4925 1990 5000 Giacup-pasia-

410 5045 534 5088 nem
563 5029 948 5086 et-Brenazem
1004 5024 1060 5080 in
1086 5023 1521 5092 Peloponnesum
1569 5037 1693 5078 eum
1743 5023 1992 5078 exercitu

409 5121 803 5194 quinquaginta
828 5116 1054 5172 millium
1101 5105 1287 5170 misit:
1323 5114 1414 5183 qui
1445 5124 1498 5170 et
1531 5114 1584 5169 in
1639 5116 1757 5184 ipso
1793 5114 1988 5171 itinere

411 5221 466 5268 et
495 5212 551 5266 in
587 5209 962 5279 Peloponneso
995 5203 1182 5259 multis
1234 5203 1616 5270 incommodis,
1659 5203 1986 5259 calamitati-

408 5307 519 5361 bus
557 5319 622 5359 ac
673 5292 934 5357 servitiis
962 5296 1302 5353 Christianos
1349 5295 1675 5363 ainixerunt,
1711 5307 1773 5351 ut
1823 5297 1994 5367 paulo-

408 5393 552 5449 infra
579 5394 633 5447 in
661 5392 772 5449 vita
833 5388 1104 5461 Bajazetis
1161 5389 1488 5444 narrabitur.
1521 5387 1840 5444 Theodorus
1889 5387 1983 5442 de-

409 5493 588 5554 spota,
615 5497 738 5536 cum
779 5497 893 5537 rem
935 5479 1231 5537 Romanam
1285 5490 1393 5536 tam
1445 5482 1586 5536 male
1616 5479 1867 5535 atl‘ectam
1930 5489 1984 5534 et

410 5572 601 5630 urbem
636 5584 744 5629 tam
795 5575 886 5629 diu
947 5573 1368 5646 periclitantem,
1407 5573 1685 5630 obsessam
1718 5584 1772 5629 et
1829 5575 1981 5642 gravi

412 5664 556 5722 fatue
587 5678 926 5736 oppressam,
961 5664 1154 5721 deinde
1182 5663 1608 5736 Peloponnesum
1649 5663 1788 5719 bello
1823 5677 1990 5719 vexa--

409 5765 546 5826 tam,
571 5769 626 5814 et
663 5759 1094 5815 tiliristianorum
1127 5758 1432 5830 principum
1467 5759 1668 5814 nullum
1698 5757 1802 5816 sibi
1831 5751 1982 5811 auxi-

412 5849 664 5906 liaturuni
714 5851 946 5919 videret,
988 5855 1147 5921 omni
1192 5867 1288 5924 spe
1336 5852 1566 5922 abiecta,
1616 5867 1719 5906 una
1771 5851 1977 5907 triremi

2095 4678 2162 4718 ac
2188 4663 2454 4720 tumultus
2479 4665 2708 4721 excitari
2755 4674 2920 4736 atque
2947 4666 3111 4721 vitam
3163 4681 3317 4721 suam
3378 4666 3430 4718 in
3469 4657 3653 4716 discri-

2095 4758 2217 4811 men
2246 4755 2442 4811 adduci
2470 4749 2738 4824 viderent,
2765 4751 2963 4813 castris
3013 4759 3196 4822 motis,
3231 4758 3452 4813 domum
3487 4753 3652 4808 redie-

2093 4856 2244 4903 runt.
2277 4846 2531 4918 Spartani
2560 4848 2870 4918 episcopum
2911 4850 3078 4905 etiam
3136 4847 3415 4921 praesidem
3465 4845 3651 4900 suifra-

2092 4936 2198 5008 giis
2224 4939 2628 4993 constituerunt
2656 4947 2710 4993 et
2735 4939 2806 4994 ab
2842 4954 2909 4994 eo
2947 4954 3060 4993 rem
3084 4955 3238 5017 suam
3291 4949 3399 4993 tam
3447 4934 3648 4992 civilem

2092 5041 2257 5100 quam
2293 5030 2721 5087 ecclesiasticam
2748 5031 3120 5087 administrari
3156 5031 3462 5087 voluerunt.
3484 5024 3672 5106 Tlieo-_

2092 5121 2280 5190 dorus,
2335 5136 2458 5178 eum
2490 5137 2553 5178 se
2579 5136 2675 5193 spe
2723 5120 2918 5178 falsum
2949 5137 3072 5178 esse
3120 5123 3366 5186 vidisset,
3406 5116 3644 5188 pecunia,

2088 5215 2253 5285 quam
2331 5224 2640 5283 acceperat,
2687 5215 2935 5270 societati
2986 5217 3258 5281 restituta,
3302 5213 3542 5284 Spartam
3591 5206 3639 5260 in

2088 5305 2423 5377 provinciam
2454 5321 2604 5361 suam
2643 5307 2938 5374 rediturus,
2983 5321 3090 5362 non
3115 5305 3468 5377 recipiebatur
3493 5315 3520 5352 a
3553 5311 3642 5364 po-

2089 5397 2238 5467 pulo,
2271 5397 2366 5453 sed
2402 5398 2780 5467 exagitabatur
2807 5397 3089 5453 conviciis.
3129 5395 3257 5453 Post
3303 5394 3498 5450 multos
3530 5399 3642 5441 tau-

2088 5471 2212 5545 dem
2279 5503 2560 5544 sermones
2598 5499 2653 5544 et
2687 5485 2972 5555 tumultus,
3007 5475 3340 5546 conciliante
3385 5483 3644 5552 episeopO.

2088 5595 2210 5638 eum
2242 5580 2514 5650 recipiunt
2540 5592 2594 5635 et
2617 5582 2907 5650 pristinum
2957 5581 3204 5638 obtinere
3247 5577 3484 5654 gradum
3529 5566 3652 5640 Pali:

2088 5681 2272 5726 untur.
2305 5669 2628 5741 Priusquam
2671 5681 2849 5728 tamen
2899 5673 3299 5738 restitueretur,
3365 5673 3653 5724 sacramen-

2087 5763 2158 5818 tis
2191 5776 2314 5817 eum
2365 5763 2796 5833 obstrinxerunt,
2826 5779 2896 5822 ne
2942 5779 3180 5834 unquam
3236 5771 3459 5822 memor
3504 5755 3653 5812 esset,

2086 5867 2204 5922 qua:
2243 5851 2518 5908 fecissent.
