4000 6418
360 378 468 436 689

1423 383 1872 444 (ΣΗΙὶΟΝίΟἿΝ
1922 384 2195 445 MAJUS.
2239 385 2482 448 -LlB.
2535 385 2580 452 io.

3518 379 3626 440 690

361 493 650 565 πρότερον.
692 491 838 562 Πλὴν
867 489 996 564 πρὶν
1021 491 1114 546 τοῦ
1145 493 1244 562 τὴν
1277 494 1512 568 κατοχὴν
1538 497 1723 550 λαϐεῖν
1742 499 1927 566 αὐτὸν,
1966 505 2003 556 Α
2036 497 2166 568 περὶ
2199 499 2291 551 τοῦ
2317 499 2554 551 θανάτου
2599 495 2695 550 τοῦ
2730 495 2999 566 βασιλέως
3031 495 3138 563 κὺρ
3181 493 3434 550 Ἰωάννου
3467 493 3525 544 ὲν
3551 495 3617 561 τῇ

363 584 641 653 συνθήκας
673 582 814 654 μετά
858 583 1039 653 ὅρκων
1071 586 1436 656 συνέστησαν,
1471 588 1560 642 ἵνα
1611 589 1686 662 μὴ
1735 593 1814 655 εἰς
1849 592 1940 646 τὸν

362 676 538 730 αίῶνα
560 675 850 747 ὲνθυμηθῇ
878 675 979 731 ὅσα
1010 679 1303 749 ἐποίησαν.

440 768 528 832 ιζ’.
573 769 663 821 Ἐν
690 769 746 822 δὲ
765 769 841 839 τῷ
869 770 1050 841 καιρῷ
1077 773 1275 841 ἐκείνῳ
1304 774 1396 827 ἐπὶ
1432 775 1611 839 ἔτους.
1634 815 1648 830 .
1679 817 1692 830 .
1722 815 1760 840 .,
1791 778 1946 848 δι’ἥν

364 863 549 918 αἰτίαν
599 863 932 932 εἰρήκαμεν,
977 864 1072 918 καὶ
1118 868 1146 918 6
1179 865 1464 937 δεσπότης
1498 869 1606 939 κὺρ
1674 871 1946 941 Ἀνδρόνι-

365 971 461 1016 κος
521 953 624 1025 τὴν
665 954 1078 1026 Θεσσαλονίκην
1133 959 1198 1027 τῇ
1274 956 1384 1011 τῶν
1442 957 1678 1014 Ἑνετῶν
1747 978 1951 1034 γερουτ

368 1045 460 1115 σίᾳ
489 1046 884 1116 ἔμπεπωλήκει
919 1047 1010 1101 διὰ
1044 1046 1257 1118 φλωρία
1288 1049 1532 1120 χιλιάδας
1577 1053 1944 1124 πεντήκοντα.

448 1136 517 1189 Ἦ
537 1136 595 1189 δὲ
620 1136 910 1208 ἐλευθερία
952 1139 1054 1207 τῆς
1098 1139 1310 1210 πόλεως
1341 1141 1407 1195 ὲκ
1432 1141 1528 1195 τοῦ
1567 1142 1946 1214 ἀποκλεισμοῦ

366 1228 542 1293 οὕτως
583 1230 834 1298 γέγονεν.
881 1231 1152 1296 ’Δκούσας
1174 1235 1202 1285 6
1231 1233 1453 1304 ἀμηρᾶς
1481 1235 1562 1288 ὅτι
1605 1235 1634 1288 6
1663 1234 1948 1308 Ντεμίρης

368 1325 396 1377 6
430 1321 691 1392 βασιλεὺς
733 1323 960 1400 Σκυθῶν
992 1325 1088 1379 καὶ
1138 1326 1522 1395 Μασσαγετῶν
1564 1327 1789 1399 ἔρχεται
1824 1328 1946 1384 κατ’

369 1415 538 1468 αὐτοῦ
569 1416 670 1470 ἵνα
693 1416 835 1487 μετά
872 1421 1109 1490 στραιοῦ
1144 1421 1410 1492 μυριαρίθ
1421 1439 1525 1492 μου
1557 1421 1800 1491 πόλεμον
1828 1440 1952 1476 συν-

371 1509 504 1580 άρῃ,
537 1509 710 1564 θέλων
733 1512 828 1566 καὶ
865 1512 941 1584 μὴ
966 1513 1300 1584 βουλόμενος
1364 1515 1466 1587 τὴν
1505 1515 1826 1586 πολιορκίαν
1854 1515 1952 1570 καὶ

370 1602 464 1654 τὸν
503 1600 743 1671 πόλεμον
795 1605 893 1657 καὶ
943 1605 1324 1677 ἀποκλεισμδν
1363 1608 1464 1678 τῆς
1519 1609 1732 1672 πόλεως
1766 1608 1948 1673 ἔλυσε,

372 1695 470 1746 καὶ
501 1694 726 1764 ἀγάπην
755 1697 898 1765 μετά
921 1697 1016 1750 τοῦ
1036 1698 1310 1770 βασιλέως
1344 1701 1571 1770 ἐποίησε
1599 1701 1720 1770 μεθ’
1745 1702 1949 1772 ὅρκων,

2043 590 2415 662 Θεσσαλονίκῃ
2440 589 2533 645 καὶ
2555 588 2656 655 τῆς
2695 588 2965 652 ἐλεύσεως
2995 589 3183 642 ἐκεῖσε
3202 585 3300 641 τοῦ
3357 584 3628 655 βασιλέως

2045 684 2148 756 κὺρ
2171 683 2430 754 Μανουὴλ
2455 683 2548 738 καὶ
2573 684 2691 738 υἱοῦ
2717 683 2912 751 αὑτοῦ,
2942 683 3038 736 καὶ
3067 682 3170 753 τῆς
3195 681 3291 737 τοῦ
3317 680 3434 734 υἱοῦ
3457 676 3625 748 αὐτοῦ

2043 776 2306 832 δεσπότου
2328 776 2433 846 κὺρ
2453 773 2800 846 Ἀνδρονίκου
2832 776 2950 828 ἐκεῖ
2972 773 3498 835 ἀποκαταστάσεως,
3530 773 3640 833 καὶι

2046 869 2141 925 τοῦ
2173 869 2410 926 θανάτου
2440 868 2538 922 τοῦ
2562 866 2830 921 δεσπότου
2865 867 2970 938 κὺρ
3021 866 3306 938 Θεοδώρου
3357 863 3452 922 τοῦ
3489 881 3627 932 πορ-

2019 963 2459 1047 ιφυρογεννήτου
2495 963 2577 1026 είς
2616 963 2717 1032 τὴν
2750 960 3195 1032 Λακεδαιμονίαν
3223 961 3396 1031 ἡγουν
3415 960 3497 1022 είς
3527 957 3628 1024 τὴν

2049 1053 2334 1126 Σπάρτην,
2363 1053 2574 1108 καὶτοῦ
2607 1052 2877 1123 βασιλέως
2917 1053 3013 1107 καὶ
3051 1049 3285 1120 ἀδελφοῦ
3315 1047 3483 1104 αὑτοῦ
3521 1048 3629 1118 κὺρ

2049 1147 2314 1218 Μανουὴλ
2352 1149 2412 1201 ὲν
2469 1149 2538 1219 τῇ
2591 1147 2996 1218 Πελοποννήσῳ
3035 1144 3328 1207 ἐλεύσεως.
3386 1143 3498 1196 Καὶ
3537 1141 3630 1194 τὸν
3667 1202 3672 1211 _

2051 1239 2286 1295 θάνατον
2320 1239 2415 1292 τοῦ
2452 1240 2648 1311 ἀμηρᾶ
2698 1238 3132 1308 Μουσουλμάνου
3169 1237 3282 1314 66
3337 1235 3490 1303 παρά
3535 1232 3632 1287 τοῦ

2050 1330 2285 1402 ἀδελφοῦ
2347 1330 2514 1385 αὐτοῦ
2557 1332 2734 1401 Μωσῆ
2782 1331 3137 1401 διηγήσομαι,
3198 1329 3301 1383 καὶ
3351 1329 3479 1395 περὶ
3527 1325 3629 1393 τῆς

2051 1423 2312 1496 τριετοῦς
2355 1423 2540 1494 μάχης
2571 1422 2739 1478 αὑτοῦ
2761 1423 2827 1495 δὴ
2862 1422 2960 1477 τοῦ
2991 1423 3183 1496 Μωσῆ
3203 1421 3343 1492 μετά
3375 1419 3471 1474 τοῦ
3533 1419 3635 1489 βαο

2056 1516 2248 1582 σιλέως
2285 1517 2391 1586 κὺρ
2425 1516 2718 1587 Μανουὴλ,
2757 1515 2982 1585 καὶτῆς
3033 1515 3162 1586 περὶ
3212 1513 3284 1566 τὰ
3340 1513 3486 1582 μέρη
3535 1512 3636 1579 τῆς

2053 1605 2340 1680 Λαρίσσης
2381 1603 2786 1681 ἐκτυφλώσεως
2825 1603 3095 1674 Ὀρχάνου
3117 1601 3216 1656 τοῦ
3241 1601 3362 1655 υίοῦ
3379 1603 3475 1656 τοῦ
3487 1602 3638 1655 Μου-

2056 1697 2374 1769 σουλμάνου
2413 1698 2566 1769 παρὰ
2595 1695 2693 1750 τοῦ
2735 1697 2885 1750 θείου
2913 1695 3082 1749 αὐτοῦ
3134 1696 3335 1766 Monii,
3393 1695 3490 1748 xei.
3539 1694 3663 1763 τῆς·

374 1787 469 1838 καὶ
503 1787 560 1840 ὲν
595 1785 703 1858 65
739 1790 806 1860 τῇ
859 1790 1023 1860 Ἀσίᾳ
1057 1791 1308 1862 περάσας
1325 1792 1418 1846 τοῦ
1441 1792 1696 1864 δεχθῆναι
1723 1794 1818 1847 τὸν
1857 1795 1951 1849 πό-
1985 1837 2026 1864 η
2056 1790 2324 1854 ἐλεύσεως
2357 1791 2472 1846 ἀπὸ
2501 1793 2604 1862 τῆς
2635 1791 2912 1862 ἀνατολῆς
2944 1791 3025 1853 είς
3055 1791 3155 1860 τὴν
3187 1790 3342 1844 δύσιν
3365 1788 3460 1844 τοῦ
3487 1788 3643 1842 ἀδελ-

371 1877 536 1948 λεμον
577 1884 674 1934 καὶ
717 1883 816 1954 τὴν
873 1882 1064 1951 ἔφοδον
1122 1883 1215 1936 τοῦ
1249 1885 1502 1958 Ντεμίρη
1561 1887 1655 1941 τὸν
1719 1885 1953 1956 στρατὸν
1987 1877 2029 1898 ’³
2060 1884 2164 1954 φοῦ
2191 1885 2359 1939 αὑτοῦ
2390 1885 2654 1956 Μεεμέτη
2697 1885 2793 1938 τοῦ
2821 1886 2917 1939 καὶ
2945 1885 3220 1956 Κυρίτζη,
3249 1885 3344 1940 καὶ
3374 1884 3473 1952 τῆς
3504 1883 3641 1936 ἁπο-

371 1976 688 2045 ἡτοίμαζεν.

445 2065 534 2119 ιθ⁹.
593 2067 722 2120 Ἐπὶ
749 2069 848 2136 τῆς
891 2066 1180 2135 βασιλείας
1209 2067 1398 2122 λοιπὸν
1440 2068 1595 2122 τοῦδε
1632 2067 1740 2122 τοῦ
1790 2072 1953 2124 αύτο-

374 2159 644 2228 κράτορος
678 2161 786 2231 κὺρ
812 2160 1096 2230 Μανουὴλ,
1127 2162 1186 2215 ὲν
1211 2160 1291 2232 τῷ
1315 2161 1676 2234 ἀποκλεισμῷ
1703 2163 1800 2233 τῆς
1853 2163 1957 2216 πόα

369 2256 528 2323 λεως,
562 2253 640 2324 τῷ
670 2253 792 2307 τότε
819 2253 1002 2325 καιρῷ
1031 2254 1339 2325 ἐγεννήθην
1375 2255 1488 2324 ἐγὼ
1530 2255 1640 2329 ἔτει
1677 2257 1785 2310 ἀπὸ
1834 2257 1954 2312 κτίτ

376 2364 514 2411 cam;
546 2348 758 2416 κόσμου
811 2345 983 2416 5%0',
1015 2347 1334 2418 Αὐγούστου
1382 2345 1450 2412 λ’,
1482 2349 1856 2420 ἀνεγεννήθην
1898 2349 1956 2421 δὲ

374 2437 463 2491 διὰ
493 2437 590 2493 τοῦ
625 2437 778 2492 θείου
814 2438 1205 2510 βαπτίσματος
1240 2438 1346 2492 ὑπὸ
1375 2440 1475 2506 τῆς
1508 2441 1813 2510 όσιωτάτης
1847 2457 1956 2511 μη-

371 2532 500 2601 τρὸς
521 2532 686 2598 ἁγίας
718 2532 1032 2602 Θωμαῖδος,
1093 2533 1226 2604 περὶ
1265 2527 1331 2604 ἧς
1383 2534 1439 2586 ὲν
1491 2533 1570 2602 τῷ
1621 2535 1958 2604 προσήκοντι

375 2626 529 2696 τόπῳ
559 2626 656 2686 καὶ
688 2627 994 2700 ἀρμόζοντι
1031 2627 1418 2698 διηγησόμεθα
1454 2627 1712 2696 τάληθές.
1753 2630 1871 2698 Ἀφ’
1895 2623 1957 2683 οὗ

371 2719 430 2775 δὲ
462 2719 556 2783 τοῦ
601 2719 833 2780 δεκάτου
894 2719 1052 2782 ἔτους
1095 2721 1258 2792 μέχρι
1295 2723 1392 2774 καὶ
1422 2720 1518 2774 τοῦ
1590 2721 1958 2792 ὀγδοηκοστοῦ

371 2811 534 2888 ἕκτου
572 2812 786 2870 πολλῶν
817 2815 1139 2883 γενομένων
1195 2815 1518 2882 ἀναγκαίων
1576 2817 1673 2868 xei.
1733 2816 1958 2887 μνήμης

372 2904 544 2968 ἀξίων
587 2905 867 2976 βούλομαι,
893 2905 1294 2976 διηγήσασθαι.
1329 2907 1489 2975 Λέγω
1515 2906 1579 2975 δή
1619 2909 1676 2959 ὲν
1713 2906 1964 2978 πρώτοις,

373 2998 508 3064 περὶ
541 2999 642 3068 τῆς
675 2999 755 3061 είς
782 2997 882 3070 τὴν
903 2997 1055 3051 δύσιν
1090 2997 1337 3067 ἀφίξεως
1375 2999 1491 3050 τῶν
1518 2998 1682 3050 πέντε
1715 2998 1846 3050 υίῶν
1864 2998 1960 3066 τοῦ

371 3089 570 3169 ἁμηρᾶ
595 3088 689 3143 τοῦ
722 3087 1154 3161 Μπαγιαζήτου,
1182 3091 1356 3160 ήγουν
1372 3089 1466 3143 τοῦ
1493 3089 1750 3143 Μουσουλ
1761 3089 1960 3159 μάνου,

2059 1979 2302 2048 στροφῆς
2331 1980 2412 2041 εἰς
2446 1978 2546 2048 τὴν
2573 1979 2845 2051 ἀνατολὴν
2877 1979 2972 2031 καὶ
3012 1978 3180 2033 πάλιν
3229 1976 3501 2038 ἐλεύσεως
3541 1975 3667 2031 αὑ·-

2059 2069 2152 2122 τοῦ
2186 2070 2276 2122 διὰ
2306 2071 2407 2138 τῆς
2470 2070 2683 2134 πόλεως
2722 2051 2781 2124 ἑν
2813 2071 2880 2141 τῇ
2932 2069 3122 2141 Θρᾴκῃ
3163 2069 3283 2138 ἦτοι
3315 2070 3375 2123 ὲν
3435 2070 3502 2139 τῇ
3534 2069 3666 2122 Eii-:-

2062 2161 2244 2234 ρὼπῃ,
2277 2163 2376 2217 καὶ
2406 2164 2505 2234 τῆς
2539 2162 2700 2232 νίκης
2729 2163 2921 2217 αὐτοῦ.
2981 2163 3092 2218 Καὶ
3117 2161 3212 2218 τὸν
3267 2161 3502 2218 θάνατον
3543 2158 3658 2215 τοῦ·

2059 2255 2232 2324 Μωσῆ
2264 2257 2426 2318 εῐπω,
2471 2255 2553 2308 ἔτι
2588 2256 2646 2310 δὲ
2679 2255 2896 2310 καὶτοῦ
2923 2254 3182 2326 δευτέρου
3213 2253 3332 2308 υἱοῦ
3356 2253 3453 2308 τοῦ
3485 2253 3646 2324 βασι-

2060 2349 2193 2412 λέως
2224 2350 2330 2420 κὺρ
2364 2347 2650 2422 Μανουὴλ,
2674 2348 2770 2403 τοῦ
2797 2348 2907 2419 πρὸ
2948 2346 3046 2401 τοῦ
3076 2347 3526 2412 Κωνσταντίνου,
3548 2346 3643 2400 τὸν

2061 2439 2292 2495 θάνατον
2329 2443 2388 2496 ὲν
2416 2444 2482 2514 τῇ
2509 2441 2901 2515 Μονεμὸασίᾳ.
2947 2442 3112 2496 Ἀλλά
3141 2442 3239 2496 καὶ
3268 2441 3398 2510 περὶ
3427 2439 3520 2493 δύο
3548 2439 3644 2496 θυ-

2059 2535 2313 2605 γατέρων
2369 2535 2562 2602 αὑτοῦ,
2619 2537 2716 2590 καὶ
2774 2536 2872 2604 τῆς
2902 2536 3222 2606 γεννήσεως
3250 2533 3346 2590 τοῦ
3377 2532 3642 2589 αὐθεντο-

2064 2629 2265 2682 πούλου
2313 2629 2420 2701 κὺρ
2456 2628 2701 2700 Μιχαὴλ,
2755 2629 2851 2682 καὶ
2897 2628 2993 2682 τοῦ
3022 2629 3260 2683 θάνατου
3314 2625 3480 2681 αὑτοῦ
3539 2627 3644 2680 ὑπὸ

2061 2720 2364 2792 λοιμώδους
2395 2723 2730 2794 νοσήματος.
2767 2722 3013 2792 Ὀμοίως
3044 2720 3252 2776 καὶτοῦ
3289 2719 3527 2774 θανάτου
3548 2717 3642 2773 τοῦ

2061 2814 2301 2884 τζελεπῆ
2335 2815 2442 2880 κὺρ
2477 2813 2797 2886 Δημητρίου
2827 2813 2924 2866 τοῦ
2941 2811 3062 2877 υἱοῦ
3097 2812 3192 2866 τοῦ
3229 2813 3466 2867 σουλτὰν
3491 2812 3649 2865 Mrta.-

2065 2907 2308 2978 γιαζήτη
2353 2908 2450 2962 καὶ⁹
2481 2908 2713 2978 ἀδελφοῦ
2777 2907 2874 2961 τοῦ
2915 2908 3110 2978 ἀμηρᾶ
3142 2907 3408 2976 Μεεμέτη
3439 2923 3454 2937 ο
3485 2905 3650 2972 αὐτὸς

2062 3000 2120 3053 δὲ
2147 3001 2442 3070 γενόμενος
2471 3000 2833 3072 Χριστιανὸς,
2885 2999 2962 3063 ὡς
3021 2999 3130 3070 πρὸ
3169 2997 3354 3069 ὀλίγου
3406 2998 3644 3067 ἔφημεν,

2067 3091 2168 3146 καὶ
2200 3092 2276 3162 τῷ
2299 3093 2432 3164 θείῳ
2471 3093 2816 3164 βαπτίσματι
2875 3093 3244 3165 ἀνεγεννήθη,
3277 3092 3374 3146 καὶ
3426 3093 3454 3144 ό
3492 3091 3653 3161 βασι-

374 3185 471 3237 τοῦ
490 3184 690 3255 Μωσῆ,
715 3183 813 3256 τοῦ,
837 3183 1065 3247 Ἰεσσαὶ,
1083 3181 1179 3235 τοῦ
1194 3182 1456 3252 Μεεμέτη
1478 3183 1574 3235 καὶ
1598 3179 1693 3234 τοῦ
1709 3181 1962 3252 Ἰωσοὺφ,
1994 3176 2038 3237 C
2070 3186 2200 3250 λεὺς
2238 3187 2335 3240 καὶ
2363 3188 2391 3240 6
2411 3187 2638 3257 ἀμηρᾶς
2672 3188 2966 3257 Μεεμέτης
2987 3189 3014 3240 6
3041 3185 3270 3255 ἀδελφὸς
3305 3185 3475 3239 αὑτοῦ
3499 3185 3656 3240 πλεῖν

373 3275 434 3339 ὃς
456 3275 704 3346 ἐγεγόνει
730 3276 1065 3348 Χριστιανὸς
1088 3274 1183 3332 καὶ
1209 3275 1525 3345 Δημήτριος
1542 3274 1949 3345 ἐπωνομάσθη,

451 3461 540 3532 1-7.
571 3461 668 3516 Illo
697 3471 961 3533 tempore,
995 3475 1162 3517 anno.
1201 3501 1216 3516 .
1257 3499 1275 3516 .
1307 3502 1321 3516 .
1356 3473 1581 3533 propter
1623 3479 1772 3530 eam,
1801 3481 1962 3534 quam

377 3557 944 3620 commemoravimus,
973 3570 1217 3620 causam,
1251 3557 1415 3612 etiam
1469 3559 1819 3615 Andronicus
1868 3561 1965 3616 de-

375 3659 531 3717 spota
562 3641 1009 3704 Thessalonicam
1065 3647 1397 3705 Venetorum
1434 3652 1648 3707 senatui
1690 3653 1964 3724 quinqua-

377 3743 530 3810 genis
561 3741 894 3796 ﬂorenornm
946 3742 1187 3798 millibus
1227 3745 1493 3798 vendidit.

448 3829 594 3894 Urbs
624 3832 942 3888 obsessione
979 3832 1083 3887 hoc
1111 3831 1272 3887 modo
1315 3832 1541 3888 liberata
1577 3841 1678 3888 est.
1712 3833 1960 3899 Ameras,

379 3926 585 3989 audito,
611 3925 909 3990 Demircm,
960 3922 1293 3996 Scytharum
1323 3934 1377 3979 et
1403 3923 1830 3996 Massagetarum
1880 3939 1967 3988 re:

377 4032 522 4081 netu,
568 4031 701 4086 cum,
753 4007 1055 4072 innumeris
1100 4017 1276 4086 COpiiS
1322 4025 1510 4071 contra
1542 4032 1602 4070 se
1670 4016 1962 4086 proficisci,

377 4110 627 4179 quamvis
655 4109 878 4172 invitus,
917 4118 1101 4164 tamen
1145 4107 1485 4164 obsidionem
1521 4120 1575 4164 et
1605 4110 1964 4179 Oppugnatio-

379 4218 502 4258 nem
537 4203 688 4258 urbis
718 4203 902 4268 solvit,
928 4214 1093 4272 atque
1126 4217 1260 4272 pace
1291 4217 1416 4256 cum
1453 4205 1787 4274 imperatore
1823 4201 1963 4256 facta

377 4306 432 4352 et
467 4297 824 4351 sacramentis
857 4297 1205 4362 conﬁrmata,
1250 4298 1303 4350 in
1339 4296 1528 4372 Asiani
1585 4296 1867 4366 trajectus,
1899 4294 1966 4351 ad

377 4389 728 4458 excipiendos
769 4391 1002 4459 impetus
1035 4388 1269 4454 Demiris
1307 4392 1608 4445 exercitum
1642 4387 1892 4456 parabat.

453 4482 541 4539 l8.
575 4484 841 4542 Caeterum
880 4494 1139 4554 regnante
1176 4483 1278 4547 hoc
1323 4485 1671 4553 imperatore,
1716 4479 1967 4535 Mattuele
2001 4520 2042 4574 ο

379 4577 620 4640 domino,
655 4577 781 4632 dum
816 4576 950 4639 urbs
997 4575 1298 4639 obsidetur,
1347 4589 1447 4643 ego
1488 4575 1540 4628 in
1566 4575 1740 4628 lucem
1786 4574 1968 4628 editus

378 4687 522 4736 sum,
553 4685 696 4724 anno
734 4670 802 4724 ab
842 4670 975 4725 orbe
1021 4670 1244 4728 condito
1273 4668 1432 4732 6909.
1467 4669 1556 4722 die
1598 4667 1827 4738 Augusti
1873 4667 1969 4720 tri-

383 4765 609 4818 cesimo.
666 4762 1037 4832 Regeneratus
1085 4777 1204 4830 sum
1263 4775 1360 4831 per
1421 4776 1639 4816 sacrum
1696 4762 1967 4830 baptisma

381 4841 542 4925 opera
563 4856 896 4912 venerabilis
936 4855 1132 4910 matris
1183 4852 1526 4920 Thoinaidis,
1573 4855 1643 4908 de
1686 4869 1796 4924 qua
1848 4854 1968 4908 loco

381 4964 689 5022 opportuno
713 4953 779 5007 ad
813 4955 1097 5004 veritatem
1142 4949 1374 5002 referam
1399 4946 1501 5017 (Ι).
1533 4948 1574 5000 Α
1603 4947 1819 5004 decimo
1870 4963 1972 5004 au-

383 5053 490 5099 tem
520 5058 666 5096 anno
693 5042 758 5094 ad
806 5038 1200 5110 octogesimum
1247 5047 1462 5096 sextum
1495 5052 1618 5107 qua:
1662 5037 1967 5094 acciderint

384 5135 570 5188 multa:
584 5142 638 5187 et
659 5131 1048 5186 memorabiles
1069 5127 1430 5194 calamitates,
1455 5128 1748 5184 enarrabo.
1778 5127 1967 5206 Dicam

383 5227 615 5298 primum
640 5228 706 5280 de
733 5224 973 5294 quinque
1003 5221 1275 5292 Bajazetis
1328 5235 1529 5276 amerae
1574 5221 1698 5275 (iliis
1725 5220 1780 5275 in
1822 5219 1970 5276 occi-

386 5321 601 5374 dentem
635 5316 901 5386 trajectis,
928 5315 1298 5380 lllusnlmano,
1323 5313 1492 5378 Mosa,
1521 5310 1727 5376 Jessai,
1777 5311 1967 5370 Mehe-

385 5421 528 5475 mete
556 5421 612 5464 et
643 5407 910 5478 Josupho,
936 5410 1030 5478 qui
1069 5408 1417 5463 Christianus
1443 5405 1620 5459 factus
1659 5404 1970 5459 Demetrius

385 5502 691 5572 appellatus
727 5510 834 5564 est,
873 5503 940 5556 de
966 5502 1299 5568 imperatore
1326 5497 1535 5552 Joanne
1562 5496 1970 5552 Thessalonicae

386 5606 627 5654 inortnn.
671 5604 725 5652 et
763 5594 1012 5649 Manuele
1065 5593 1421 5662 imperatore,
1477 5591 1587 5645 {ilio
1639 5590 1782 5661 ejus,
1843 5588 1974 5644 illuc

386 5687 654 5759 proiecto,
690 5699 744 5744 et
771 5689 889 5760 ejus
933 5687 1068 5754 lilio,
1099 5687 1427 5752 .Andronico
1471 5686 1722 5756 despera.
1773 5683 1970 5739 ibidem

465 5871 542 5941 (ι)
575 5868 708 5926 Vide
737 5884 860 5940 tap.
887 5869 918 5922 5
944 5867 1039 5923 lib.
1087 5881 1145 5922 ιι.

2066 3297 2169 3358 στα
2198 3281 2492 3351 σιτηρέσια
2525 3281 2739 3335 ἐδωσαν
2772 3279 2949 3352 αὐτῷ,
2977 3278 3152 3352 ζήσας
3184 3279 3326 3350 μετά
3352 3279 3412 3334 τὸ
3453 3279 3654 3350 βαπτιτ

2066 3465 2339 3530 restitnto,
2372 3464 2438 3519 de
2466 3463 2758 3520 Theodoro
2805 3463 3266 3536 porphergenito
3301 3464 3526 3534 despora
3549 3462 3653 3518 La-

2065 3558 2379 3612 cedaemone
2411 3557 2529 3612 sive
2571 3555 2782 3626 Spartae
2818 3556 3114 3621 exstincto,
3139 3563 3195 3611 et
3222 3556 3288 3611 de
3323 3555 3656 3625 imperatore

2066 3649 2339 3716 Manuele,
2372 3649 2541 3704 fratre
2591 3649 2734 3720 ejus,
2787 3647 3035 3718 profecto
3074 3651 3129 3702 in
3180 3646 3654 3718 Peloponnesum;

2067 3743 2266 3801 deinde
2291 3757 2583 3814 exponam,
2603 3743 2879 3814 quomodo
2904 3741 3079 3797 Moses
3095 3741 3439 3799 Musulmano
3456 3757 3657 3798 amere

2068 3835 2224 3892 fratri
2248 3850 2350 3892 suo
2379 3845 2610 3892 mortem
2655 3835 2920 3898 intulerit.
2968 3850 3094 3892 cum
3142 3834 3387 3891 Manuele
3426 3835 3659 3905 impera-

2069 3937 2187 3986 tore
2219 3943 2318 4000 per
2351 3937 2464 3984 tres
2491 3943 2668 3984 annos
2699 3927 2899 3984 bellum
2923 3927 3158 4000 gesserit
3180 3938 3235 3982 et
3277 3927 3422 3984 circa
3473 3926 3658 3990 Laris.-

2067 4039 2184 4080 sam
2248 4021 2604 4079 cxcaacaverit
2666 4019 2998 4089 Orchanem,
3039 4019 3370 4076 Musuimani
3441 4021 3655 4087 tilium;

2067 4114 2344 4186 quomodo
2385 4111 2548 4182 hujus
2577 4111 2750 4168 frater
2778 4110 3156 4176 Mehemetes,
3189 4110 3282 4182 qui
3341 4110 3509 4170 etiam
3555 4111 3660 4182 Cy-

2070 4208 2234 4263 ritzes
2269 4205 2592 4277 appellatur,
2625 4221 2690 4262 ex
2717 4205 2928 4260 oriente
2956 4204 3012 4260 in
3043 4203 3385 4261 occidentem
3422 4204 3660 4262 transie-

2071 4299 2311 4363 rit,-inde
2345 4298 2571 4353 redierit
2594 4297 2648 4350 in
2679 4295 2968 4374 orientem,
2995 4305 3048 4350 et
3073 4309 3260 4351 rursus
3291 4303 3444 4369 trans
3467 4294 3660 4348 urbem
3745 4323 3750 4327 -

2070 4391 2127 4446 in
2170 4388 2463 4445 Thraciam
2521 4387 2606 4443 vel
2659 4386 2933 4460 Europam
2983 4385 3262 4457 trajectus,
3307 4384 3666 4455 reportaverit

2072 4483 2380 4539 victoriam.
2453 4480 2590 4536 Tum
2645 4482 2851 4542 obitum
2901 4479 3068 4536 Mosis
3120 4476 3420 4549 explicabo,
3479 4486 3538 4533 et
3571 4476 3662 4532 lilii

2071 4575 2296 4631 secundi
2363 4572 2632 4628 Manuelis
2679 4572 3052 4642 imperatoris,
3112 4570 3204 4640 qui
3238 4571 3661 4624 Constantinum

2071 4664 2372 4735 praecessit,
2421 4673 2672 4724 mortem,
2722 4675 2828 4730 qua
2860 4661 2904 4715 is
2961 4657 3348 4713 Monembasiaa
3411 4657 3702 4738 decessit._

2076 4757 2256 4812 Dicam
2289 4755 2452 4810 etiam
2491 4753 2559 4808 de
2583 4751 2795 4808 duobus
2833 4744 2957 4804 (iliis
2997 4747 3139 4817 ejus,
3169 4758 3348 4816 atque.
3388 4745 3664 4802 Michaelis

2074 4849 2338 4921 principis
2368 4847 2532 4902 natali
2565 4862 2631 4902 ae
2671 4852 2843 4898 morte
2885 4841 3188 4912 pestilentia
3223 4838 3270 4895 ei
3305 4839 3493 4893 allata.
3528 4836 3666 4892 Item

2074 4924 2306 4997 mortem
2348 4939 2606 5010 attingam
2644 4933 2902 4990 Demetrii
2949 4930 3220 5002 Tzelepis,
3263 4928 3530 5001 Bajazetis
3553 4929 3665 4984 sul-

2077 5033 2190 5104 tani
2220 5032 2336 5104 lilii,
2377 5041 2430 5086 et
2470 5029 2787 5086 Mehemetis
2821 5041 3019 5082 amerte
3037 5023 3245 5090 fratris,
3273 5023 3365 5093 qui
3396 5021 3667 5078 Christia-

2080 5095 2179 5179 nus
2239 5095 2435 5187 factus,
2482 5129 2536 5174 ut
2574 5119 2734 5190 pauio
2763 5127 2892 5172 ante
2935 5115 3266 5181 monuimus,
3311 5123 3541 5168 etsacro
3571 5115 3666 5166 ba-

2077 5218 2331 5288 ptismate
2360 5223 2732 5283 regeneratus,
2765 5209 2834 5264 ab
2859 5209 3187 5278 imperatore
3208 5217 3260 5260 et
3277 5205 3444 5260 fratre
3471 5203 3662 5258 Melie-

2081 5318 2224 5366 mete
2246 5321 2430 5362 amera
2465 5319 2657 5376 magna
2689 5303 2886 5358 salaria
2914 5299 3144 5368 accepit,
3169 5309 3221 5355 et
3253 5313 3427 5352 annos
3455 5306 3661 5367 septem

2080 5411 2372 5473 postquam
2405 5399 2712 5466 baptizatus
2741 5403 2880 5462 erat,
2923 5395 2989 5449 ad
3024 5390 3313 5447 Dominum
3336 5390 3620 5454 concessit
3646 5404 3662 5451 ;

2081 5496 2366 5565 dicamque
2393 5493 2462 5547 de
2507 5489 2732 5546 Thomas
2777 5487 3038 5558 principis
3089 5483 3290 5540 natali:
3335 5489 3498 5553 atque
3551 5481 3667 5535 ha'c

2082 5573 2299 5661 quidem
2340 5596 2558 5659 propter
2609 5586 2788 5640 atatis
2836 5583 3201 5637 maturitatem
3241 5579 3376 5634 bene
3408 5584 3459 5631 et
3498 5587 3664 5638 acea-3

2087 5695 2202 5739 rate
2231 5683 2422 5739 doctus
2449 5699 2468 5754 ί
2495 5696 2616 5753 qua:
2653 5689 2830 5734 autem
2873 5685 3000 5732 ante
3033 5689 3119 5730 me
3147 5683 3346 5741 natum.
3367 5667 3510 5736 facta
3532 5679 3663 5722 nar-
