4000 6466
438 466 545 530 6‘9

1670 462 1717 523 G
1732 458 1993 518 EORGII
2036 454 2469 517 PHRANTZ/E

3589 440 3695 507 700'

435 578 492 631 δὲ
525 577 653 646 ἄχρι
673 575 769 628 καὶ
793 575 894 644 τῆς
934 573 1100 644 νήσου
1128 571 1223 626 τοῦ
1256 572 1499 636 Πέλοπος
1532 569 1821 624 καὶπολλὰ
1852 569 2023 622 σκῦλα
2058 576 2097 627 Α
2126 565 2194 619 τὰ
2225 565 2284 619 δὲ
2317 563 2533 618 ἐκεῖθεν
2563 561 2730 632 μέχρι
2752 558 3007 633 Σμύρνης
3030 558 3129 615 καὶ
3149 556 3256 612 τῶν
3293 554 3575 628 παραλίων
3597 556 3687 628 τῆς

437 671 696 739 ποιήσας,
721 667 814 721 τὸν
835 667 1004 721 πλοῦν
1030 666 1237 739 τρέψας
1270 670 1328 721 ὲν
1358 669 1423 739 τῇ
1449 666 1609 738 Ἀσίᾳ
1639 664 2018 734 ἑπανέστρεψε

441 759 583 830 μετὰ
614 760 857 832 πλήθους
916 760 1280 830 αἰχμαλώτων
1322 759 1418 816 καὶ
1459 758 1719 812 πλούτου.
1774 759 1885 821 Καὶ
1916 757 2022 810 ὑπὸ

438 854 659 906 πάντων
705 852 817 906 τῶν
858 850 1061 921 ἑτέρων
1097 837 1394 921 σατραπῶν
1425 851 1520 903 καὶ
1548 847 1642 902 τοῦ
1678 846 1861 909 κοινοῦ
1884 845 2020 900 λαοῦ

434 941 726 1005 ἀσπασίως
764 941 982 1011 ἐδέχθη,
1037 941 1134 994 καὶ
1170 941 1308 1011 μετὰ
1359 939 1558 1010 φωνῶν
1588 939 1814 1007 ὲτίμουν
1857 936 2023 990 αὐτὸν

434 1037 485 1086 οἱ
534 1034 836 1105 βάρϐαροιο
879 1035 973 1087 καὶ
999 1034 1063 1087 ἐκ
1087 1034 1197 1086 τῶν
1231 1033 1527 1100 σατραπῶν
1560 1031 1747 1084 ἔκτοτε
1780 1029 2023 1098 μάλιστα

434 1122 504 1196 ἦν
536 1126 955 1197 εὐλαϐούμενος.
980 1128 1076 1180 καὶ
1102 1127 1472 1196 προτιμητέος
1506 1126 1570 1177 ὲκ
1597 1124 1814 1177 πάντων
1841 1123 1930 1176 διὰ
1961 1121 2024 1176 τὸ

437 1216 644 1280 ἱκανῶς
672 1217 982 1297 πλέεινκαὶ
1010 1218 1459 1286 θαλαττουργείν,
1506 1216 1643 1268 διότι
1682 1215 1784 1283 μὲν
1808 1214 1911 1269 οὐκ
1942 1216 2023 1267 εἰ·

438 1312 524 1361 σιν
558 1308 756 1376 ἁγαθοὶ
802 1309 862 1361 τὸ
893 1309 1051 1377 γένος
1092 1308 1253 1363 τοῦτο
1285 1308 1394 1361 τῶν
1443 1308 1487 1359 Τ
1492 1308 1707 1379 ούρκων
1737 1308 1796 1359 ὲν
1829 1309 1896 1376 τῇ
1928 1305 2026 1361 θα-

432 1397 615 1473 λάσσῃ
649 1399 856 1463 πλέειν,
894 1398 1056 1463 αὐτὸς
1083 1398 1141 1452 δὲ
1162 1399 1259 1452 διὰ
1279 1401 1338 1451 τὸ
1368 1397 1555 1451 πλέειν
1579 1397 1686 1467 7⁷
1712 1397 1834 1450 τότε
1864 1395 2024 1451 πλέον

432 1488 501 1560 ἦν
537 1490 981 1562 θαυμαζόμενος.
1019 1485 1191 1554 Οὗτος
1240 1490 1410 1562 γεννᾷ
1455 1488 1550 1541 τὸν
1608 1488 1934 1559 Ὄτθμάνον,
1966 1505 2026 1553 ες

434 1575 497 1636 οὗ
529 1582 622 1636 καὶ
666 1582 1053 1651 Ὀτθμανλίδες
1095 1584 1156 1636 τὸ
1185 1585 1338 1651 γένος
1369 1582 1579 1653 ἐκλήθη
1604 1581 1777 1636 ἆπαν.

508 1680 618 1743 κγ’.
655 1672 1094 1736 Ἀποϐιὼσαντος
1124 1673 1217 1729 οὖν
1244 1674 1338 1727 τοῦ
1370 1673 1768 1745 Ἐρτογρούλου
1803 1672 2026 1738 σταθεὶς

435 1765 494 1816 ὲν
523 1766 587 1834 τῇ
613 1765 756 1835 ἀρχῇ
787 1764 815 1817 6
851 1765 969 1827 υίὸς
1023 1764 1191 1819 αὑτοῦ
1253 1764 1601 1837 Ὀτθμὰνης,Δ
1644 1764 1721 1829 ὡς
1770 1767 2022 1835 εἴπομεν,

435 1854 534 1925 τὴν
554 1856 626 1926 ἀρ
631 1858 731 1926 χὴν
764 1856 866 1928 τὴν
891 1858 1167 1927 πατρικὴν
1199 1858 1280 1920 είς
1301 1859 1494 1928 χεῖρας
1525 1857 1740 1922 ἐλαϐεν,
1775 1857 1887 1911 ἔτει
1915 1857 2026 1911 ἀπὸ

436 1947 672 2011 κτίσεως
707 1945 917 2020 κόσμου
952 1948 1152 2022 ,ςψογζ
1188 1953 1285 2004 καὶ
1312 1953 1369 2004 ὲν
1397 1950 1569 2020 ὀλίγῳ
1596 1948 1775 2020 καιρῷ
1805 1950 2026 2018 ὀμοφω-
2056 1935 2098 1991 Β

436 2046 609 2116 νήσας
646 2043 786 2114 μετὰ
834 2043 944 2096 τῶν
1001 2043 1204 2112 έέρων
1242 2044 1559 2115 σατραπῶν,
1610 2044 1709 2097 καὶ
1751 2042 2022 2112 πολέμους

439 2134 594 2198 τινὰς
626 2139 860 2206 ποιήσας
910 2134 1054 2188 κατὰ
1088 2134 1200 2188 τῶν
1252 2136 1512 2206 ὑπηκόων
1551 2134 1881 2205 Ῥωμαίωνο
1929 2134 2025 2188 καὶ

436 2225 508 2300 ἦν
544 2229 614 2283 τὰ
648 2229 826 2284 πάντα
878 2228 976 2283 τοῦ
1009 2229 1253 2299 πολέμου
1296 2229 1521 2283 διοικῶν
1557 2230 1653 2283 καὶ
1676 2227 1967 2297 κυϐερνῶν
1997 2227 2026 2281 6

449 2320 781 2392 Ὀτθμάνης.
844 2317 977 2374 Εἶτα
1017 2322 1118 2375 οὐκ
1166 2323 1367 2394 ἡρεσεν
1415 2321 1564 2391 αὐτῷ
1603 2321 1694 2375 ἵνα
1744 2302 1944 2384 κοινῶς
1975 2320 2026 2373 oi

438 2413 643 2475 πάντες
668 2412 727 2467 ἓν
756 2407 892 2468 ὦσιν
915 2416 1012 2469 καὶ
1055 2414 1232 2479 οὐδεὶς
1289 2414 1380 2468 ἀεὶ
1417 2413 1658 2486 διαφέρῃ
1682 2414 1780 2466 τοῦ
1808 2412 2023 2483 ἑτέρου.

441 2505 601 2559 Μετὰ
635 2506 838 2577 μικρᾶς
868 2507 1017 2572 τινος
1061 2507 1322 2576 ἀφορμῆς
1348 2506 1543 2560 αίτίαν,
1565 2497 1743 2576 εὗρεν,
1788 2506 1883 2557 καὶ
1907 2503 2027 2557 δια·

443 2598 619 2666 φορᾶς
642 2599 916 2668 ἀναμέσον
932 2598 1235 2669 γενομένης
1269 2599 1349 2661 είς
1372 2595 1647 2667 σύμϐασιν
1678 2595 1843 2669 ἦλθον
1875 2596 2027 2659 ὅπως

386 2706 389 2709 ⁷
438 2690 507 2741 τὰ
525 2690 626 2742 ὅσα
648 2691 713 2742 ὲκ
734 2686 834 2759 τῆς
863 2691 1341 2761 ἁρχῆςῬωμαίων
1364 2691 1671 2763 ἐκέρδησαν
1693 2689 2023 2760 μερίσωσιν,

436 2780 526 2833 ἴνα
550 2781 780 2845 ἕκαστος
810 2782 889 2845 είς
912 2783 973 2835 τὺ
1006 2783 1171 2853 τυχδν
1200 2783 1393 2855 κύριος
1428 2784 1522 2836 καὶ
1556 2783 1830 2847 δεσπότης
1865 2782 2028 2853 μόνον

436 2874 798 2942 γνωρίζηται.
836 2876 947 2929 Καὶ
990 2874 1211 2944 πρῶτον
1236 2876 1335 2943 μὲν
1367 2876 1418 2929 oi
1461 2875 1555 2929 τοῦ
1600 2875 1861 2947 ’Δμορίου
1896 2876 2028 2928 παῖ-

439 2965 550 3029 δες,
596 2968 624 3019 6
651 2966 879 3051 Χασσάν
912 2967 1009 3022 καὶ
1066 2969 1368 3039 Μαχουμὲτ
1390 3008 1406 3034 ,
1441 2968 1636 3021 ἔλαϐον
1681 2967 1751 3022 τὰ
1791 2966 1900 3021 ἀπὸ
1929 2964 2025 3021 τοῦ

440 3059 774 3130 Σαγγάρεως
797 3061 1048 3133 ποταμοῦ
1081 3062 1246 3133 μέχρι
1278 3058 1686 3130 Παφλαγονίας,
1712 3060 1783 3113 τὰ
1812 3058 1873 3113 δὲ
1894 3057 2028 3129 περὶ

438 3153 541 3221 τὴν
567 3154 893 3225 Μαγνησίαν
921 3156 1020 3211 καὶ
1038 3155 1337 3227 Πέργαμον
1366 3153 1461 3210 καὶ
1492 3154 1727 3225 Ἔφεσον
1757 3151 1787 3205 6
1815 3150 2023 3219 Σασάν,

439 3349 506 3389 ex
535 3334 660 3390 ιΕιιί
693 3345 748 3392 et
784 3338 1110 3395 Pcritheorii
1142 3340 1425 3410 provincia
1453 3353 1560 3393 non
1611 3350 1819 3407 paucos
1857 3332 2022 3391 Chri-

439 3429 654 3485 stianos
690 3432 936 3499 captivos
959 3432 1184 3486 abducit
1211 3442 1290 3498 et,
1309 3433 1376 3487 ad
1401 3430 1663 3486 Euboeam
1695 3441 1866 3497 usque
1898 3441 2025 3497 pro-

445 3537 689 3587 gressus,
717 3523 883 3577 etiam
904 3523 1122 3580 Graacite
1147 3526 1262 3579 loca
1294 3526 1538 3594 quaedam
1556 3532 1741 3579 vexat.
1762 3521 1820 3576 in
1844 3520 2021 3591 ipsam

444 3616 580 3700 adeo
624 3617 1055 3684 Peloponnesum
1100 3621 1371 3689 pervenit,
1407 3619 1572 3678 unde.
1603 3632 1798 3687 magna
1823 3616 2027 3671 ditatus

441 3711 638 3780 praeda,
665 3709 718 3783 in
753 3711 936 3767 Asiam
976 3727 1198 3767 cursum
1226 3713 1509 3767 reﬂexitct
1527 3725 1651 3766 cum
1672 3710 2021 3781 captivorum

437 3810 494 3858 et
530 3802 841 3858 divitiarmn
869 3821 1062 3875 magna
1099 3806 1450 3860 multitudine
1485 3803 1668 3870 rediit,
1703 3818 1735 3860 a
1794 3801 2026 3871 reliquis

440 3897 675 3961 satrapis
700 3904 754 3950 et
805 3899 1062 3953 universo
1108 3900 1306 3966 pepulo
1357 3899 1591 3967 benigne
1641 3904 1905 3966 exceptus
1972 3902 2029 3950 et

441 3985 806 4042 Bnrbarorum
839 3991 1161 4044 honestatus
1180 3990 1685 4045 acclamatinttibus.
1703 3987 1782 4043 Ex
1802 4002 1866 4044 eo
1886 3996 2029 4042 tem-

443 4094 579 4148 pore
610 4095 721 4149 prae
748 4083 967 4137 caeteris
1024 4085 1261 4149 satrapis
1308 4085 1571 4150 dignitate
1591 4092 1647 4138 et
1694 4081 2028 4137 auctoritate

443 4172 671 4243 insignis
694 4182 813 4228 erat
837 4184 1057 4245 propter
1079 4190 1259 4231 rerum
1281 4175 1682 4230 maritimarum
1722 4173 2032 4229 navalium-

442 4281 549 4343 que
587 4266 860 4337 peritiam,
890 4268 1325 4337 quandoquidem
1364 4266 1668 4324 Turcarum
1719 4282 1852 4338 gens
1891 4264 2028 4320 mari

446 4375 555 4418 nun
597 4358 897 4418 exercitata
936 4369 1043 4421 est,
1089 4360 1181 4413 ille
1223 4371 1402 4415 autem
1444 4377 1509 4415 ex
1567 4359 1861 4428 navigandi
1912 4369 2031 4413 arte

449 4465 547 4506 sua
614 4450 829 4509 laudem
892 4460 1044 4505 tanto
1101 4451 1362 4520 majorem
1430 4453 1873 4508 nauciscebatur.
1932 4448 2032 4507 Hic

447 4540 772 4596 0thmanem
810 4543 1017 4615 genuit,
1052 4559 1079 4594 a
1108 4558 1215 4616 quo
1271 4545 1522 4600 universa
1576 4543 1780 4598 familia
1834 4557 2031 4597 nomen

447 4631 897 4697 Othmanidarum
932 4636 1161 4699 invenit.

512 4728 603 4781 25.
638 4724 927 4800 Ertogrule
979 4741 1215 4794 mortuo,
1243 4731 1362 4799 ejus
1387 4732 1529 4791 ﬁlius
1583 4729 1907 4790 Otlnnanes.
1970 4729 2026 4783 in

445 4837 638 4891 regno,
667 4833 724 4876 ut
753 4824 1016 4890 diximus,
1045 4826 1365 4889 collocatus,
1398 4836 1687 4894 paternum
1734 4813 2029 4891 imperium

443 4914 704 4984 suscepit,
726 4930 871 4971 anno
892 4917 1081 4973 mundi
1108 4917 1269 4972 6775.
1308 4917 1360 4971 ls
1393 4916 1715 4985 aliquandiu
1775 4931 1896 4973 cum
1922 4929 2032 4972 ca:-

446 5008 579 5061 teris
650 5011 887 5078 satrapis
947 5024 1205 5078 concors,
1264 5010 1404 5066 bella
1465 5013 1711 5082 qumdam
1769 5013 2031 5070 adversus

446 5098 720 5155 Romanos
751 5103 939 5171 gessit,
967 5103 1080 5172 ipse
1109 5118 1329 5158 omnem
1376 5118 1486 5159 rem
1542 5104 1792 5160 bellicam
1854 5107 2031 5162 admi—

446 5192 685 5246 nistrans
707 5195 1082 5249 etadornans.
1127 5195 1244 5251 Mox
1300 5196 1479 5251 eidem
1516 5212 1621 5253 non
1681 5200 1909 5266 placuit,
1970 5208 2032 5255 ut

444 5286 755 5339 communia
792 5297 987 5341 cuncta
1018 5274 1431 5351 haberent,uec
1463 5289 1754 5360 quisquam
1807 5306 1906 5347 sua
1953 5290 2025 5347 ab

445 5374 637 5429 alienis
697 5387 1035 5432 secerneret.
1091 5377 1257 5433 Facili
1307 5395 1474 5448 opera
1525 5396 1744 5443 causam
1800 5383 2026 5453 reperit,

444 5468 585 5521 umle
617 5478 808 5521 exorto
838 5468 1087 5532 dissidio,
1116 5473 1331 5524 tandem
1374 5474 1714 5545 pepigerunt,
1744 5487 1825 5539 ut,
1880 5492 2029 5546 quae-

443 5571 678 5625 cumque
705 5557 773 5613 de
815 5558 1060 5615 Romano
1114 5563 1342 5633 imperio
1395 5566 1783 5629 detraxissent,
1840 5567 2030 5621 distri-

444 5648 673 5703 buerent
705 5649 843 5705 inter
869 5664 1052 5717 se,et,
1103 5670 1224 5725 qua:
1280 5658 1472 5727 cuique
1533 5673 1659 5728 pars
1710 5658 2020 5728 obtigisset,

444 5740 564 5809 ejus
591 5740 637 5796 is
664 5742 917 5800 dominus
940 5756 992 5800 et
1019 5750 1272 5817 princeps
1314 5764 1480 5806 esset.
1512 5753 1591 5809 Ac
1646 5754 1879 5822 primum
1905 5756 2029 5824 qui-

445 5829 570 5884 dem
596 5832 800 5889 Atnnrii
862 5835 975 5901 (illi,
1016 5839 1258 5899 Cinis-an
1294 5850 1347 5897 et
1383 5842 1750 5911 illahumettts,
1798 5860 2025 5916 act-epe-

452 5931 599 5991 ΐυῐιίο
630 5927 891 5999 quidquid
922 5940 1184 5993 terraruzn
1229 5957 1254 5990 n
1318 5934 1585 6009 Songrrio
1646 5936 1808 5992 ﬂuvio
1856 5954 2023 6010 usque

2047 3303 2096 3365 σ

2137 659 2344 720 Ἰωνίας
2370 658 2401 710 6
2434 655 2741 727 εαρχάνης,
2772 655 2839 707 τὰ
2864 652 2918 705 δὲ
2950 650 3177 705 πλείονα
3202 650 3300 719 τῆς
3316 649 3687 720 Μεσοφρυγίας

2126 751 2222 803 καὶ
2252 749 2331 802 ἔτι
2359 748 2520 818 μέχρι
2550 745 2909 815 Φιλαδελφίας
2943 745 3041 798 καὶ
3078 743 3189 797 τῶν
3216 742 3452 812 ιγγιστα
3479 741 3687 797 πάντων

2125 843 2234 896 ἀπὸ
2253 838 2349 894 τοῦ
2378 838 2694 910 Μαιάνδρου
2721 835 2968 906 ποταμοῦ
3010 834 3342 904 ’Δντιοχείας
3368 836 3397 887 ὁ
3431 832 3688 902 Καραμά-

2124 953 2216 999 νος
2253 933 2645 1005 Ἀλισσούριος,
2676 932 2744 987 τὰ
2768 931 2826 985 δὲ
2851 929 2961 985 ἀπὸ
2989 931 3087 998 τῆς
3112 929 3316 992 Λυδίας
3350 928 3448 982 καὶ
3468 926 3690 988 Αἰολίδος

2125 1028 2238 1099 ’18
2263 1027 2392 1099 ἄχρι
2423 1027 2641 1089 Μυσίας
2671 1025 2767 1091 τῆς
2813 1021 2953 1094 πρὸς
2977 1022 3070 1076 τὸν
3109 1018 3504 1091 Ἑλλήσποντον
3537 1021 3563 1071 ὁ
3585 1018 3692 1071 Κα-

2123 1122 2307 1192 λάμης
2362 1124 2460 1174 καὶ
2511 1121 2541 1174 6
2571 1116 2687 1183 υίδς
2741 1115 2910 1171 αὐτοῦ
2944 1113 3230 1186 Καράσης,
3261 1113 3333 1168 τὰ
3367 1113 3424 1167 δὲ
3459 1114 3586 1182 περὶ
3609 1112 3695 1166 τδν

2130 1214 2415 1284 Ὄλυμπον
2446 1212 2542 1265 καὶ
2586 1211 2686 1266 ὅσα
2714 1212 2815 1281 τῆς
2853 1208 3110 1270 Βιθυνίας
3145 1206 3273 1276 ἑξῆς
3298 1208 3328 1259 6
3373 1204 3692 1275 Ὀτθμάνης.

2127 1308 2238 1362 Καὶ
2260 1305 2435 1369 οὕτως
2462 1306 2564 1375 τήν
2600 1302 2954 1376 αἰχμάλωτον
2978 1301 3085 1373 γῆν
3132 1300 3354 1363 ἐκείνην
3383 1298 3695 1370 μερίσαντες

2126 1402 2221 1456 καὶ
2250 1402 2376 1471 ὅρια
2432 1398 2736 1469 ἐπιθέντες,
2767 1397 2798 1451 6
2844 1393 3169 1465 'OrOpdvoc‘
3207 1393 3471 1463 φίλαρχος
3502 1391 3577 1445 ὢν
3607 1390 3696 1443 καὶ

2127 1490 2462 1560 πλεονέκτης
2493 1488 2594 1542 οὐκ
2630 1485 2939 1559 ἠρέμησεν,
2972 1483 3113 1540 ἀλλὰ
3159 1483 3461 1551 ἀποπηδῶν
3484 1482 3552 1535 τὰ
3580 1482 3696 1552 ὅρια

2127 1584 2237 1639 τῶν
2269 1582 2499 1653 ἑτέρων,
2530 1577 2734 1639 ἀδικῶν
2780 1578 3005 1646 αὐτοὺς,
3034 1576 3207 1633 πολὺν
3246 1576 3416 1630 τόπον
3448 1576 3507 1644 ἐξ
3528 1576 3696 1631 αὐτῶν

2128 1674 2560 1747 περιεποιήσατο
2589 1671 2684 1726 καὶ
2732 1669 2908 1726 πολλὰ
2937 1668 3131 1724 ἐλύπει
3149 1668 3373 1734 αὐτούς.
3406 1669 3515 1724 Καὶ
3540 1667 3696 1721 θέλων

2129 1767 2573 1838 παντοιοτρὸπως
2592 1766 2693 1821 ἵνα
2724 1765 2938 1838 αὐξήσῃ
2967 1762 3067 1836 τὴν
3123 1763 3324 1818 ἑαυτοῦ
3377 1762 3569 1834 μερίδα
3611 1763 3695 1814 καὶ

2129 1860 2332 1933 ἀρχὴν,
2371 1854 2489 1914 εἶτα
2509 1858 2750 1928 πόλεμον
2782 1858 3020 1930 ποιήσας
3041 1857 3185 1911 κατὰ
3224 1855 3513 1924 Ῥωμαίων
3539 1852 3691 1924 μέρος

2125 1957 2226 2022 τῆς
2263 1953 2524 2017 Βιθυνίας
2575 1951 2667 2022 ὑφ’
2707 1951 2902 2006 ἑαυτὸν
2930 1949 3250 2020 ιποιήσατο,
3303 1948 3401 2002 καὶ
3434 1945 3567 2015 μετὰ
3610 1944 3723 1998 τοῦ·

2126 2049 2225 2121 τῆς
2263 2040 2584 2118 περιφήμού
2612 2045 2821 2112 πόλεως
2847 2042 3180 2108 Σεϐαστείας
3202 2040 3578 2112 ἀμηρεύοντος
3608 2038 3694 2089 πό-

2124 2138 2294 2211 λεμον
2333 2137 2571 2209 ποιήσας
2622 2137 2719 2193 καὶ
2774 2138 2979 2201 πιάσας
3027 2134 3194 2189 αὑτὸν
3247 2133 3561 2194 ἀπέκτεινε,
3609 2129 3694 2182 και

2126 2230 2407 2303 ἐγκρατὴς
2453 2231 2550 2284 καὶ
2581 2225 2777 2298 κύριος
2808 2227 3032 2296 ἐγένετο
3059 2226 3162 2298 τῆς
3189 2224 3457 2294 τοιαύτης
3501 2220 3694 2275 πόλεως

2125 2324 2223 2377 καὶ
2247 2321 2542 2393 ιπαρχίας,
2565 2320 2664 2374 καὶ⁸
2692 2321 2881 2375 πᾶσαν
2912 2318 3015 2391 τὴν
3064 2316 3243 2390 ἀρχὴν
3269 2316 3490 2386 ἐκείνην
3513 2312 3698 2368 ὑπέτα-

2126 2413 2239 2482 ξεν.
2282 2414 2531 2469 Ἐκεῖθεν
2559 2413 2594 2483 ἡ
2620 2410 2871 2481 βασιλεία
2901 2409 3073 2466 αὐτοῦ
3097 2409 3280 2482 ἀρχὴν
3302 2406 3547 2462 λαϐοῦσα
3571 2407 3696 2473 teq-

2127 2508 2300 2580 μίσθη
2323 2507 2420 2563 καὶ
2447 2504 2820 2577 ἑμεγαλύνθη.
2854 2501 2988 2559 Είτα
3028 2503 3197 2558 πάλιν
3221 2499 3492 2572 στραφεὶς
3523 2497 3591 2550 τὰ
3608 2497 3698 2548 ὅσα

2125 2601 2363 2674 ἰδυνήθη
2409 2599 2517 2655 ὑπὸ
2548 2599 2659 2655 τῶν
2692 2598 2896 2669 ἑτέρων
2935 2594 3230 2667 ὁμοφύλων
3279 2591 3576 2664 σατραπῶν
3610 2587 3695 2640 καὶ

2128 2694 2448 2767 συντρόφων
2479 2690 2643 2747 αὑτοῦ
2700 2691 2802 2761 τῆς
2839 2688 3069 2743 ἐκείνων
3115 2688 3340 2759 μοίρας,
3402 2679 3695 2756 λῃστρικῶς

2126 2788 2224 2843 καί
2243 2786 2384 2858 μετὰ
2412 2785 2767 2856 συμϐάσεως.
2798 2784 2958 2846 τινὰς
2988 2781 3192 2845 τόπους
3216 2781 3317 2835 καὶ
3339 2777 3570 2852 φρούρια
3589 2773 3697 2826 ἐλαι

2126 2880 2244 2936 ϐεν.
2306 2876 2443 2937 Εἶτα
2498 2879 2799 2947 ἀπέθανεν,
2843 2877 3175 2948 βασιλεύσας
3232 2874 3335 2946 ἐτη
3392 2876 3502 2941 κη’.
3554 2867 3694 2927 ἔτους

2131 2978 2310 3040 gmw,
2345 2971 2678 3039 ίνδικτιῶνος
2727 2972 2820 3034 ια’,
2862 2972 2957 3026 καὶ
2993 2971 3023 3024 6
3073 2971 3187 3033 υίδς
3232 2966 3406 3022 αὐτοῦ
3446 2961 3692 3033 Ὀρχάνης

2124 3065 2403 3140 δγκρατὴς
2431 3064 2535 3138 τῆς
2571 3064 2855 3138 πατρικῆς
2881 3063 3061 3136 ἀρχῆς
3091 3054 3347 3132 γέγονεν.

2126 3346 2191 3403 ad
2208 3346 2630 3419 Paphlagoniam
2658 3347 2992 3420 porrigitur;
3023 3343 3381 3416 Magnesiam,
3398 3339 3693 3408 Pergamum

2126 3437 2397 3504 Ephesum
2429 3444 2486 3492 et
2518 3452 2645 3508 qua
2691 3438 2778 3494 his
2842 3437 3062 3508 oppidis
3118 3436 3379 3502 adjacent
3432 3431 3686 3500 regiones,

2126 3516 2301 3588 Sasan
2350 3531 2600 3600 accepit;
2648 3530 2778 3586 inde
2840 3532 2909 3587 ad
2968 3530 3257 3599 Smyrnam
3279 3537 3337 3584 et
3388 3522 3692 3580 maritimam

2126 3638 2283 3681 oram
2339 3622 2537 3679 Ioniae
2569 3638 2688 3693 qua
2737 3623 3033 3695 pertinent,
3092 3620 3335 3677 obtinuit
3376 3614 3694 3674 Sardianos;

2127 3716 2393 3785 majorem
2418 3725 2628 3789 partem
2653 3715 2905 3788 Phrygia:
2942 3715 3175 3785 Magnae,
3221 3713 3473 3778 adeoque
3532 3701 3696 3759 Phila-

2129 3809 2429 3881 delphiam
2477 3825 2675 3879 usque,
2740 3821 2796 3866 et
2835 3811 3086 3879 proxima
3140 3809 3331 3864 omnia
3360 3823 3389 3862 a
3447 3800 3696 3859 Maeandro

2128 3900 2296 3961 ﬂuvio
2329 3916 2504 3973 usque
2549 3902 2920 3968 Antiochiam,
2974 3903 3326 3957 Caramanus
3379 3894 3692 3953 Alissurius;

2132 4002 2335 4052 terram
2365 4010 2396 4050 a
2435 3993 2602 4066 Lydia
2626 4003 2684 4050 et
2710 3992 2924 4049 )Eolide
2967 3995 3231 4065 usquead
3285 3992 3536 4064 Mysiam,
3586 3994 3691 4051 quae

2129 4099 2214 4145 est
2253 4087 2308 4144 in
2366 4085 2742 4156 Hellesponto,
2786 4086 3038 4143 Calamus
3090 4100 3213 4141 cum
3299 4085 3502 4140 Carase
3553 4077 3686 4132 tilio:

2132 4178 2361 4234 ﬁnitima
2393 4177 2608 4250 Olympi
2638 4187 2695 4233 et
2725 4177 2852 4233 inde
2883 4190 3006 4247 quat
3039 4184 3190 4246 patet
3238 4191 3368 4247 pars
3425 4167 3690 4241 Bithynia

2132 4270 2430 4327 Othmancs
2458 4270 2667 4326 habuit.
2723 4268 2883 4325 nunc
2946 4269 3000 4323 in
3051 4268 3273 4324 modum
3338 4279 3501 4329 terra,
3547 4269 3691 4331 quam

2133 4367 2303 4422 armis
2325 4373 2757 4435 occupaverant,
2791 4363 3088 4420 distributa
3135 4371 3186 4418 et
3215 4357 3527 4419 constitutis
3580 4353 3691 4407 tini-

2134 4444 2261 4521 bns,
2311 4452 2633 4523 Othmanes,
2684 4454 3000 4509 dominandi
3063 4453 3411 4522 habendique
3455 4442 3691 4514 cupidine

2134 4541 2415 4609 incensus,
2474 4547 2754 4613 quiescere
2809 4559 2917 4598 nou
2970 4543 3166 4612 potuit,
3236 4545 3333 4599 sed
3389 4542 3524 4594 ultra
3573 4532 3692 4587 ﬂues

2063 4671 2109 4727 ι)
2135 4639 2413 4707 evagatus,
2439 4637 2676 4708 reliquos
2699 4638 3018 4700 laedebat,ac
3038 4637 3207 4691 multa
3231 4636 3298 4691 iis
3319 4636 3435 4691 loca
3451 4625 3692 4696 eripiebat

2137 4729 2518 4802 aﬂligebatque
2544 4745 2639 4787 eos
2661 4734 2932 4802 graviter;
2955 4740 3118 4800 atque
3146 4730 3295 4786 omni
3328 4727 3484 4782 modo
3535 4721 3689 4775 uisus.

2134 4834 2194 4880 ut
2226 4834 2446 4896 augeret
2471 4838 2698 4895 regnum
2769 4838 2956 4888 suum,
3018 4837 3146 4878 mox
3203 4824 3367 4877 etiam
3438 4817 3687 4871 Ennianus

2132 4918 2302 4974 armis
2349 4916 2572 4973 adortus
2599 4927 2684 4971 est
2709 4923 2766 4971 et
2790 4923 2997 4986 partem
3037 4902 3303 4985 Bithynia:
3327 4911 3426 4969 sibi
3456 4901 3685 4974 subjecit.

2137 5025 2203 5067 ac
2230 5009 2529 5081 principem
2563 5007 2850 5074 Sebastite,
2883 5007 3034 5064 urbis
3094 5007 3434 5070 clarissitntt’,
3490 5006 3688 5068 aggrcs'

2131 5118 2249 5170 sus,
2287 5103 2463 5173 ipsum
2488 5111 2705 5171 captum
2757 5101 2979 5167 occidit,
3032 5100 3219 5155 urbem
3277 5098 3394 5168 ejus
3440 5101 3491 5148 et
3537 5093 3684 5140 10W“

2131 5194 2468 5266 provinciam
2502 5192 2554 5246 iu
2600 5188 2933 5262 potestatem
2995 5206 3149 5246 suam
3222 5188 3428 5257 redegit
3487 5177 3686 5243 sibidue

2130 5286 2452 5343 vindicavit.
2481 5285 2562 5339 Ab
2595 5285 2684 5342 his
2717 5283 3021 5354 proiectum
3058 5283 3256 5352 initiis,
3305 5287 3527 5351 regnum
3580 5266 3686 5334 eius

2135 5380 2392 5436 inclaruit
2417 5389 2474 5436 et
2500 5389 2720 5435 auctum
2751 5388 2856 5434 est.
2879 5378 3085 5435 Deinde
3115 5394 3304 5435 rursus
3336 5375 3400 5429 ad
3463 5367 3677 5424 aliorum

2133 5482 2487 5542 satraparum
2578 5471 2928 5542 popularium
2985 5470 3360 5541 sodaliumque
3401 5450 3683 5533 provincias

2131 5580 2461 5628 conversus,
2489 5564 2755 5634 quidquid
2787 5562 2914 5617 inde
2942 5563 3122 5631 potuit
3149 5562 3390 5618 locorum
3425 5565 3476 5610 et
3502 5545 3680 5644 rastel'

2129 5656 2325 5724 lorum,
2351 5660 2466 5714 sive
2484 5657 2532 5711 vi
2555 5657 2669 5711 sive
2689 5655 2860 5725 pactis
2881 5655 3180 5724 usurpavit.
3201 5651 3461 5710 Tandem.
3486 5636 3683 5707 θκΡ¹θιί³

2129 5754 2182 5807 in
2221 5768 2389 5823 regno
2419 5752 2585 5807 annis
2629 5751 3063 5822 duodetriginta,
3119 5759 3370 5804 mortuus
3416 5746 3509 5795 est.
3556 5734 3683 5783 anno

2130 5846 2295 5909 6801,
2366 5846 2662 5902 indictione
2743 5844 3075 5915 il,h:crcde
3134 5844 3395 5916 Orchane
3456 5828 3555 5885 ﬁlio
3603 5828 3682 5871 ΓΒ·

2131 5939 2276 5999 Ηυίος
