4000 6420
355 425 452 490 701

1415 437 1864 500 CHRONICON
1899 441 2176 504 MAJUS.
2216 471 2285 480 -
2324 447 2470 509 LIB.
2517 449 2568 507 l.
3532 453 3634 509 't‘?!

3600 501 3636 518 α

425 533 526 593 κδ’.
569 537 841 609 Ὀρχάνης
865 539 923 594 δὲ
947 581 964 605 ,
1016 542 1092 606 ὡς
1126 543 1380 614 εἴπομεν,
1435 547 1625 616 κύριος
1651 551 1750 617 τῆς
1784 548 1937 618 βασι-
1964 554 2011 610 Δ
2045 553 2408 624 πολύτροπος,
2443 559 2539 610 καὶ
2575 559 2633 611 ὲν
2678 562 2792 623 τοῖς
2823 559 3082 629 πολέμοις
3111 560 3286 625 δεξιος
3319 561 3458 630 ὑπὲρ
3492 569 3633 614 παν-

354 629 506 694 λείας
531 633 827 701 γενόμενος
851 634 947 688 τοῦ
978 638 1187 708 πατρὸς
1210 639 1288 710 τῷ
1334 641 1503 711 πατρὶ
1544 644 1625 705 εἰς
1656 645 1835 697 πάντα
1865 638 1936 713 ἦν

359 723 722 792 μιμούμενος.
773 725 870 780 καὶ
897 727 1006 796 79
1036 727 1155 798 ᾔτει
1179 731 1384 799 τρόπον
1423 733 1519 786 καὶ
1555 734 1810 803 ἀφορμὰς
1846 735 1936 787 ἵνα

359 814 635 878 πλουσίως
664 817 881 889 αὐξήσῃ
902 820 992 873 τὸν
1025 820 1231 890 κλῆρον
1260 824 1354 875 καὶ
1395 823 1495 892 τήν
1524 825 1806 894 βασιλείαν
1836 827 1937 878 αὐ-

355 906 470 967 τοῦ,
504 909 599 962 καὶ
632 909 850 979 ἡμέραν
876 929 936 964 τε
965 912 1056 965 καὶ
1085 916 1255 967 νύκτα
1287 916 1386 985 οὐχ
1419 918 1696 992 ἡσύχαζεν,
1725 918 1814 970 ἀεὶ
1835 936 1937 972 πο-

354 994 555 1068 λέμους
584 1000 728 1068 ἔχειν
775 1003 870 1055 καὶ
902 1004 1293 1072 ἀγωνίζεσθαι.
1339 1008 1448 1061 Καὶ
1493 1009 1674 1079 μάχην
1714 1009 1936 1081 ἐγείρας

359 1089 497 1141 κατὰ
519 1091 628 1142 τῶν
656 1093 948 1162 ὁμοφύλων
975 1096 1141 1149 αὑτοῦ
1167 1099 1468 1170 άμηράδων
1499 1102 1594 1154 καὶ
1625 1103 1827 1166 πολλὰς
1857 1103 1937 1155 νί-

356 1200 452 1246 κας
485 1184 655 1254 ήρατο
704 1188 802 1240 καὶ
860 1191 1040 1242 πᾶσαν
1097 1192 1196 1262 τὴν
1251 1194 1471 1248 Μυσίαν
1500 1195 1654 1265 νόμῳ
1693 1196 1933 1264 πολέμου

356 1275 640 1347 ἐκέρδησε,
679 1278 988 1335 Λυκαονίαν
1022 1285 1118 1338 καὶ
1151 1287 1398 1357 Φρυγίαν
1427 1289 1524 1341 καὶ
1577 1289 1793 1358 Καρίαν
1838 1291 1936 1344 καὶ

355 1367 460 1432 ἕως
495 1369 768 1442 Θαλάττης
809 1374 908 1444 τῆς
961 1377 1094 1446 περὶ
1121 1378 1215 1431 τὸν
1245 1379 1630 1451 Εὐρυμέδοντα
1660 1383 1932 1452 ποταμὸν,

360 1460 455 1512 καὶ
481 1460 543 1513 τὸ
571 1463 968 1535 ὲναπολειφθὲν
1023 1469 1190 1537 μέρος
1219 1475 1320 1540 τῆς
1373 1473 1650 1539 Βιθυνίας,
1686 1477 1936 1546 Νικομήο

358 1550 507 1604 δειαν
555 1553 656 1606 καὶ
674 1553 910 1624 Νίκαιαν
940 1558 1036 1610 καὶ
1065 1558 1229 1631 ἕτερα
1255 1561 1503 1633 πολίχνια
1532 1565 1635 1618 οὐκ
1657 1565 1814 1631 ὀλίγα
1840 1566 1938 1620 καὶ

2042 663 2140 708 τας
2177 647 2304 711 τοὺς
2335 651 2640 719 προγόνους
2692 651 2885 712 αὑτοῦ,
2928 653 3019 705 καὶ
3056 653 3226 704 πολλὰ
3262 653 3627 721 κατώρθωσεν

2041 736 2180 805 ἔργα
2214 741 2434 810 μνήμης
2476 739 2603 807 ἄξια
2633 745 2713 804 είς
2745 743 2972 814 αὔξησιν
3003 746 3102 814 τῆς
3132 747 3297 798 αὐτοῦ
3334 746 3510 815 ἀρχῆς
3537 747 3658 811 καὶ.

2043 831 2344 900 βασιλείας.
2380 827 2549 899 Οὗτος
2583 835 2802 904 πρῶτος
2833 836 2950 905 μὲν,
2975 838 3053 901 ὡς
3078 840 3400 909 εἰρήκαμεν,
3437 841 3493 890 ἐν
3517 843 3628 899 τοῖς

2040 925 2140 990 τῆς
2194 926 2469 994 Εὐρώπης
2531 929 2725 998 μέρεσι
2766 931 3013 1002 περάσας
3067 932 3168 1000 τήν
3227 933 3626 985 Καλλιούπολιν
3714 955 3717 958 ·

2039 1016 2363 1082 κατέλαϐεν,
2400 1013 2519 1071 εἶτα
2570 1020 2666 1072 καὶ
2715 1022 2816 1091 τὴν
2859 1022 3325 1091 Ἀδριανούπολιν.
3389 1024 3624 1088 Ὁμοίως

2038 1108 2134 1159 καὶ
2165 1108 2354 1173 ἕτερον
2388 1109 2487 1162 οὐκ
2516 1111 2699 1178 ὀλίγον
2732 1114 2900 1183 μέρος
2929 1115 3029 1181 τῆς
3058 1115 3284 1185 Θρᾴκης
3309 1115 3405 1168 καὶ
3440 1117 3627 1168 Μακε-

2037 1196 2214 1261 δονίας
2248 1199 2464 1258 ἐλαϐεν.
2501 1203 2771 1274 ’Υστερον
2796 1204 2852 1257 δὲ
2883 1207 3108 1277 ἀγάπην
3141 1207 3234 1259 καὶ
3271 1208 3624 1276 ὁρκωμοσίαν

2041 1291 2182 1358 μετά
2209 1290 2304 1344 τοῦ
2345 1293 2609 1362 βασιλέως
2661 1297 2767 1367 κὺρ
2813 1296 3061 1352 Ἰωάννου
3114 1299 3394 1370 ἐποίησεν.
3459 1301 3623 1352 Ἀπο-

2040 1385 2426 1453 στατησάντων
2449 1387 2612 1440 τινῶν
2633 1389 2741 1441 τῶν
2770 1391 3067 1460 σατραπῶν
3099 1390 3264 1444 αὑτοῦ
3288 1393 3346 1444 ὲν
3379 1395 3444 1461 τῇ
3475 1391 3624 1460 Ἰῧῴᾳ

2041 1478 2181 1545 μετά
2217 1481 2312 1532 τοὺ
2363 1478 2630 1549 βασιλέως
2693 1484 2940 1550 περάσας
2995 1485 3349 1554 ὁμοθυμαδὸν
3395 1484 3624 1546 τούτους

2036 1569 2392 1640 ὲτροπώσατο
2411 1586 2424 1600 ·
2455 1573 2557 1626 καὶ
2575 1571 2755 1642 μάχην
2779 1574 3012 1642 ποιήσας
3039 1576 3178 1643 μετὰ
3209 1575 3319 1626 τῶν
3343 1575 3437 1628 τοῦ
3461 1575 3517 1627 Ἀ
3529 1593 3627 1644 μο·

360 1643 559 1708 ἄστυα,
611 1646 708 1700 καὶ
756 1648 856 1718 τὴν
891 1653 1206 1724 περίφημον
1253 1656 1348 1710 καὶ
1378 1656 1589 1727 ὡραίαν
1643 1659 1798 1713 πόλιν
1833 1659 1937 1728 τῆς
2041 1663 2158 1730 ρίου
2215 1661 2501 1731 ἀπογόνων
2551 1667 2736 1718 πᾶσαν
2795 1665 3184 1734 Παφλαγονίαν
3233 1668 3326 1719 καὶ
3378 1667 3486 1728 ἕως
3526 1643 3624 1719 ’έοῦ

361 1737 634 1810 Προύσης,
678 1742 712 1812 ἢ
749 1746 927 1798 κεῖται
964 1745 1069 1799 ὑπὸ
1115 1748 1240 1810 τοὺς
1274 1749 1442 1812 πόδας
1491 1751 1587 1804 τοῦ
1630 1751 1932 1822 Ὀλύμπου,
2039 1750 2289 1821 ποταμοῦ
2318 1751 2413 1806 τοῦ
2446 1755 2779 1825 Σαγγάρεως
2807 1756 3007 1819 αὐτοὺς
3032 1756 3266 1825 νικήσας
3300 1756 3396 1808 καὶ
3429 1755 3626 1819 διώξας

361 1830 590 1886 ὑπὸτῶν
631 1832 921 1905 Ῥωμαίων
953 1839 1267 1911 ἀρχομένην
1303 1841 1622 1911 ἐκέρδησεν.
1671 1844 1760 1896 Ἐν
1787 1845 1934 1898 ἐκεῖ·
1964 1830 1994 1899 Ϊῖ³
2037 1844 2342 1914 ἐκυρίευσε.
2389 1848 2498 1899 Καὶ
2529 1849 2588 1899 έν
2616 1847 2694 1917 τῷ
2737 1848 2955 1916 μέλλειν
2992 1850 3232 1917 περᾶσαι
3282 1847 3438 1910 αὖθις
3472 1849 3527 1898 ὲν
3555 1848 3622 1917 τῇ

358 1941 436 1994 νῳ
468 1923 546 1995 τῷ
575 1927 799 1999 πολέμῳ
827 1933 928 2001 τῆς
955 1931 1208 2004 Προύσης
1237 1934 1331 1987 καὶ
1363 1936 1454 1987 τδν
1472 1935 1611 1990 πόδα
1635 1936 1726 1990 τὸν
1757 1938 1934 2002 δεξιὸν
1965 1928 2007 1983 Β
2040 1935 2278 2006 Εὐρώπῃ
2334 1935 2522 2003 μαθὼν
2552 1937 2636 1990 ὅτι
2686 1941 2714 1990 ό
2746 1939 2863 1997 υίὸς
2907 1939 3074 1992 αὑτοῦ
3103 1938 3306 2007 Μωσῆς
3344 1939 3483 2007 μετά
3526 1936 3623 1989 τοῦ

358 2016 593 2089 ἐπλήγη,
628 2020 882 2090 Περάσας
903 2023 960 2077 δὲ
992 2025 1086 2078 καὶ
1113 2026 1172 2079 ὲν
1205 2029 1271 2098 τῇ
1305 2027 1636 2099 Χερρονήσῳ
1662 2028 1762 2098 τῆς
1791 2030 1935 2101 Θρᾴ-
2031 2027 2126 2081 τοῦ
2162 2027 2427 2098 βασιλέως
2447 2029 2563 2082 υίοῦ
2592 2029 2687 2082 τοῦ
2710 2030 2817 2100 κὺρ
2850 2029 3189 2099 Ἀνδρονίκου
3208 2030 3622 2095 άπεστάτησαν,

359 2125 464 2176 κης
492 2110 750 2182 πολίχνιά
778 2130 902 2168 τινα
954 2115 1277 2186 πολεμήσας
1329 2119 1537 2190 ἐπῆρεν
1559 2135 1575 2152 ο
1614 2120 1843 2190 ὕστερον
1877 2121 1934 2175 δὲ
2033 2120 2154 2174 λίαν
2188 2121 2529 2190 λυπούμενος
2548 2118 2639 2194 ἦν.
2666 2123 2776 2176 Καὶ
2810 2123 3153 2194 περάσαντες
3187 2122 3395 2192 ταχέως
3421 2117 3616 2192 ἦλθον,

358 2200 458 2270 τὴν
488 2203 724 2276 ἀδελφήν
752 2207 848 2260 τοῦ
879 2207 1148 2278 βασιλέως
1190 2211 1442 2267 ’ῐωάννου
1473 2215 1555 2276 είς
1579 2217 1815 2282 γυναῖκα
1838 2214 1935 2267 λα-

362 2292 472 2345 ϐὼν
500 2294 589 2350 διά
612 2296 712 2365 τήν
734 2300 1056 2368 συγγένειαν
1076 2301 1154 2371 τῷ
1202 2303 1414 2374 βασιλεῖ
1450 2305 1528 2374 τῷ
1561 2306 1654 2358 καὶ
1672 2323 1937 2374 γυναικα-

358 2385 536 2458 δέλφῳ
567 2389 636 2444 τά
689 2393 747 2444 ἐν
779 2394 844 2462 τῇ
884 2392 1214 2466 Χερρονήσῳ
1258 2397 1495 2468 φρούρια
1540 2396 1699 2462 αὖθις
1750 2401 1937 2470 ἐχαρί-

361 2496 512 2546 σατο,
547 2480 621 2544 ὡς
678 2481 917 2553 ἀλλαχοῦ
973 2484 1210 2556 ἔφημεν,
1261 2489 1472 2560 καὶτῷ
1517 2493 1936 2565 γυναικαδέλφῳ

363 2569 636 2642 βοηθήσας
681 2575 762 2637 είς
815 2576 918 2646 τὴν
951 2577 1234 2647 βασιλείαν
1272 2581 1372 2650 τὴν
1403 2583 1680 2654 πατρικὴν
1724 2586 1940 2639 ἀποκα-

362 2663 646 2734 τέστησεν.
679 2663 812 2720 Εἶτα
861 2669 1167 2737 ἀπέθανεν,
1209 2672 1269 2737 ὃς
1303 2674 1648 2730 ἐϐασίλευσεν
1675 2676 1770 2745 ἐτη
1805 2694 1935 2730 πεν-

365 2756 603 2825 τήκοντα
633 2760 728 2814 καὶ
756 2761 894 2817 ἑπτά
936 2764 1032 2816 καὶ
1055 2765 1240 2842 μῆνας
1272 2767 1429 2820 ἐννέα
1457 2769 1553 2822 καὶ
1597 2770 1810 2840 ἡμέρας
1845 2768 1936 2840 ιβ’,

364 2848 463 2904 καὶ
517 2849 547 2903 ὁ
600 2851 718 2914 υίὸς
770 2853 932 2907 αὑτοῦ
997 2855 1346 2929 ’Δμουράτης
1398 2859 1499 2932 τὴν
1545 2861 1720 2933 ἀρχὴν
1769 2863 1938 2915 διεδέ·

367 2938 515 3005 ξατο.

450 3030 548 3087 κε’.
580 3033 737 3088 Μετά
765 3036 858 3091 τὸν
891 3037 1119 3096 θάνατον
1148 3041 1241 3097 οὖν
1270 3045 1363 3098 τοῦ
1380 3047 1642 3117 ὀρχάνου
1671 3051 1700 3103 ό
1745 3050 1940 3118 Ἀμου-

2033 2214 2131 2266 καὶ
2157 2213 2389 2281 στρατὸν
2422 2215 2734 2276 στείλαντες
2767 2215 2891 2267 κατ’
2924 2215 3128 2279 αὐτῶν,
3165 2215 3493 2284 νικήσαντες
3521 2212 3622 2264 αὑ-

2034 2305 2181 2368 τοὺς,
2201 2304 2424 2372 ἔφυγον.
2458 2306 2724 2376 ’Υστερον
2753 2306 3046 2366 πιάσαντες
3064 2305 3268 2368 αὐτοὺς
3293 2307 3320 2357 ὁ
3353 2305 3450 2374 μὲν
3471 2305 3622 2372 ἀμη-

2039 2400 2138 2468 ρᾶς
2170 2397 2262 2451 τὸν
2293 2398 2409 2452 υίὸν
2439 2399 2606 2452 αὑτοῦ
2635 2399 2795 2461 εὐθὺς
2821 2398 3187 2462 ἐθανάτωσεν,
3225 2397 3253 2448 ὀ
3275 2397 3330 2450 δὲ
3369 2396 3622 2466 βασιλεὺς

2034 2493 2127 2547 τὸν
2168 2493 2283 2547 υίὸν
2327 2493 2492 2547 αὑτοῦ
2548 2491 2888 2560 ἐτύφλωσεν.
2947 2485 3078 2544 Εἶτα
3109 2489 3290 2560 μάχην
3340 2488 3481 2541 κατά
3515 2487 3618 2554 τῆς

2036 2584 2374 2658 Βουλγαρίας
2408 2585 2502 2638 καὶ
2555 2583 2783 2654 Σερϐίας
2843 2584 3082 2653 ποιήσας
3135 2582 3273 2635 πολὺ
3327 2581 3496 2651 μέρος
3525 2577 3619 2645 ὑφ’

2038 2678 2229 2730 ἑαυτὸν
2263 2677 2561 2748 ἐποιήσατο
2590 2677 2685 2730 καὶ
2711 2676 2868 2739 νίκας
2896 2674 3143 2743 μεγάλας
3176 2673 3371 2743 ήρατο.
3408 2668 3618 2739 Καιροῦ

2038 2769 2096 2824 δέ
2133 2771 2238 2841 81
2264 2786 2407 2831 τινος
2441 2769 2801 2839 παρελθόντος
2836 2767 2999 2820 πάλιν
3047 2765 3190 2820 κατὰ
3219 2765 3314 2818 τοῦ
3345 2765 3610 2817 δεσπότου

2037 2862 2296 2933 Λαζάρου
2323 2860 2418 2914 τοῦ
2443 2861 2543 2930 τῆς
2578 2859 2813 2929 Σερϐίας
2839 2855 3174 2928 κρατοῦντος
3196 2855 3436 2924 πόλεμον
3466 2855 3620 2905 ἐποι-

2040 2951 2227 3021 ήσατο.
2261 2949 2481 3020 Τρέψας
2517 2949 2614 3002 καὶ
2653 2948 2885 3018 νικήσας
2931 2945 3096 3000 αὐτὸν
3144 2943 3356 3010 έδῖωξε,
3387 2944 3486 2997 καὶ
3525 2941 3619 2995 τὸν

2041 3043 2274 3114 στρατὸν
2302 3041 2467 3096 αὐτοῦ
2517 3041 2890 3110 διεσκόρπισε,
2917 3038 3016 3092 καὶ
3047 3037 3250 3100 πολλὰς
3293 3037 3484 3099 πόλεις
3517 3034 3616 3088 καὶ

371 3121 542 3195 ράτης
565 3126 676 3196 80
702 3130 782 3190 εἱς
815 3132 1008 3201 χεῖρας
1027 3134 1210 3191 λαϐὼν
1233 3138 1336 3208 τὴν
1364 3140 1464 3208 τῆς
1488 3141 1766 3209 βασιλείας
1789 3143 1941 3208 egon.
2039 3133 2226 3206 χώρας
2250 3131 2352 3198 τῆς
2396 3130 2632 3202 Σερϐίας
2657 3128 2812 3192 αὖθις
2839 3129 3136 3198 ικράτησε.
3175 3125 3485 3195 Τριάκοντα
3521 3124 3622 3178 καὶ

368 3215 513 3321 uti”.
554 3219 612 3269 εν
644 3218 754 3274 Em
781 3227 993 3296 ιςωνηι,
1032 3228 1363 3294 ινδικτιῶνος
1411 3230 1497 3302 ιβ’⁹
1531 3233 1590 3296 δς
1622 3229 1690 3306 ἦν
1742 3236 1824 3298 εις
1869 3236 1938 3288 τὰ
1961 3257 2008 3321 C
2041 3224 2184 3279 ἐπτά
2209 3223 2389 3294 μάχας
2414 3223 2654 3291 ποιήσας
2691 3219 2938 3290 μεγάλας
2969 3219 3201 3321 πάντοτε
3229 3212 3296 3287 ἦν
3324 3214 3621 3321 τροπαιοῦ-

367 3303 545 3364 πάντα
570 3307 894 3380 ἐπιτήδειος,
922 3314 1165 3387 ἀνδρεῖος
1195 3319 1287 3376 καὶ
1313 3321 1573 3391 ἀγχίνους
1605 3303 1817 3396 ὑπῆρχε
1841 3324 1935 3379 καὶ
1964 3303 2008 3321 ν
2039 3336 2133 3392 χος
2161 3317 2258 3372 καὶ
2292 3316 2540 3387 νικητής.
2570 3314 2842 3386 ’Ὕστερον
2867 3312 2926 3366 δὲ
2959 3311 3067 3366 ὑπὸ
3087 3309 3182 3364 τοῦ
3207 3308 3619 3380 προρῤηθέντος

433 3487 525 3548 24.
549 3489 832 3551 Orchanes
856 3496 1021 3568 igitur
1063 3514 1230 3570 regno
1277 3510 1502 3572 paterno
1545 3505 1773 3573 potitus,
1841 3520 1939 3576 pa-

363 3591 499 3636 trem
531 3583 582 3638 in
614 3586 870 3642 omnibus
887 3591 1050 3646 rebus
1077 3591 1411 3658 imitabatur,
1437 3609 1502 3650 ac
1539 3597 1756 3652 modum
1787 3611 1937 3665 qua:-

363 3674 515 3730 rcbat
548 3680 996 3750 occasionesque,
1023 3697 1153 3750 opes
1178 3693 1234 3739 et
1265 3701 1510 3754 regnum,
1535 3697 1792 3755 quantum
1814 3704 1938 3758 pos-

361 3777 465 3834 set,
535 3771 790 3842 augepdi,
841 3788 939 3828 nec
998 3791 1235 3845 unquam
1291 3777 1544 3832 cessabat
1587 3794 1936 3834 commovere

365 3860 502 3916 bella
559 3873 612 3918 et
689 3866 1014 3924 certamina.
1076 3867 1261 3939 Itaque
1315 3870 1606 3939 populares
1660 3871 1937 3942 principes

361 3953 603 4020 adortus,
637 3955 832 4010 multas
861 3957 926 4012 de
944 3958 1010 4014 iis
1031 3959 1286 4016 victorias
1313 3961 1631 4030 reportavit,
1659 3962 1939 4032 armisque

361 4043 464 4097 sibi
492 4045 889 4112 paravittotam
923 4050 1176 4120 Mysiam,
1221 4051 1569 4123 Lycaoniam,
1623 4054 1936 4125 Phrygiam,

361 4134 604 4204 Cariam,
641 4154 817 4209 usque
841 4142 908 4195 ad
948 4157 1101 4197 mare
1132 4151 1185 4199 et
1218 4143 1674 4216 Eurymedontem
1707 4146 1935 4204 ﬂuvium

363 4244 702 4300 progressus.
745 4231 889 4290 Idem
920 4236 1186 4306 reliquam
1216 4249 1423 4308 partem
1449 4240 1741 4313 Bithyniae,
1777 4241 1940 4298 Nico-

365 4323 594 4376 mediam
623 4323 929 4380 etNicaeam
993 4338 1045 4383 et
1077 4329 1178 4383 alia
1235 4345 1342 4385 non
1398 4347 1567 4400 pauca
1627 4334 1828 4403 oppida
1885 4341 1941 4388 et

365 4415 544 4477 urbes,
563 4419 730 4488 jnque
747 4419 934 4487 primis
947 4420 1429 4476 celebratissimam
1447 4431 1500 4478 et
1520 4424 1937 4495 pulcherrimam

365 4505 614 4572 Ptusam,
659 4509 726 4564 ad
787 4511 1004 4568 radices
1054 4511 1265 4586 Olympi
1329 4517 1528 4571 montis
1577 4518 1762 4585 sitam,
1817 4535 1938 4589 quas

2041 3502 2235 3574 peritia
2265 3500 2341 3557 rei
2375 3499 2585 3556 bellica:
2615 3513 2782 3567 supra
2811 3510 3008 3553 omnes
3061 3495 3298 3565 majores
3363 3492 3616 3563 insignis,
3710 3492 3728 3520 ‘~

2041 3598 2206 3650 multa
2268 3593 2530 3663 praeclara
2589 3589 2833 3646 facinora
2895 3589 2962 3644 ad
3015 3588 3324 3659 augendum
3387 3599 3616 3655 regnum

2037 3687 2227 3742 edidit.
2257 3685 2501 3754 Namque
2527 3682 2736 3752 primus
2776 3681 2829 3735 in
2891 3678 3161 3750 Europam
3226 3677 3518 3747 trajectus,
3557 3684 3618 3730 ut

2038 3791 2204 3846 supra
2230 3774 2534 3837 docuimus,
2561 3771 2921 3840 Calliopolim,
2949 3784 3074 3826 mox
3131 3770 3295 3824 etiam
3347 3768 3618 3821 Adriano-

2040 3869 2228 3942 polim,
2261 3877 2424 3935 atque
2451 3865 2615 3920 aliam
2646 3864 2788 3918 haud
2813 3863 3066 3934 exiguam
3105 3872 3314 3926 partem
3368 3859 3617 3914 Thracias

2038 3968 2096 4015 et
2117 3958 2444 4014 Macedoniae
2500 3955 2809 4024 occupavit.
2838 3954 3037 4010 Postea
3075 3955 3255 4009 foedus
3304 3962 3360 4008 et
3420 3950 3618 4006 amici-

2040 4053 2172 4106 tiam
2206 4065 2328 4104 cum
2357 4046 2572 4104 Joanne
2625 4047 2961 4116 imperatore
2997 4045 3151 4110 iniit;
3189 4054 3243 4101 et
3271 4059 3392 4100 cum
3424 4044 3616 4098 eodem

2041 4147 2095 4202 in
2135 4144 2317 4200 Asiam
2375 4141 2654 4213 trajectus,
2708 4141 2974 4210 quosdam
3009 4154 3039 4194 e
3093 4139 3331 4206 satrapis
3385 4135 3522 4202 suis,
3587 4149 3618 4190 a

2043 4239 2149 4295 ﬁde
2201 4237 2602 4300 desciscentes,
2673 4233 2980 4303 conjunctis
3005 4231 3216 4286 viribus
3263 4230 3330 4285 ad
3384 4228 3621 4284 oiiicium

2041 4332 2338 4396 revocavit,
2370 4337 2534 4397 atque
2560 4325 2765 4381 Amorii
2808 4327 3044 4396 posteris
3073 4324 3374 4380 certamine
3405 4322 3623 4378 divictis

2042 4424 2370 4494 fugatisque,
2408 4431 2520 4478 tota
2553 4420 2922 4490 Paphlagonia
2951 4433 3124 4488 usque
3185 4417 3252 4473 ad
3290 4415 3618 4487 Sangarium

2042 4518 2242 4574 ﬂumen
2273 4516 2480 4587 potitus
2513 4523 2617 4570 est.
2660 4514 2865 4569 Deinde
2895 4514 2948 4567 in
2973 4515 3246 4582 Europam
3277 4523 3622 4574 reversurus,

366 4601 527 4654 etiam
569 4611 680 4656 tum
707 4603 966 4659 Romanis
995 4607 1240 4673 parebat,
1271 4609 1386 4662 suis
1417 4609 1715 4676 provinciis
1772 4610 1934 4665 addi-
1971 4601 2014 4659 Ι)
2043 4610 2245 4667 Mosen]
2275 4608 2442 4663 illium
2475 4623 2599 4662 cum
2641 4605 2974 4670 Andronico,
3013 4602 3241 4659 Joannis
3291 4601 3424 4683 lilio,
3475 4599 3624 4655 dele.

323 4707 336 4732 ί
370 4693 466 4747 alii.
506 4693 560 4747 In
600 4693 740 4748 bello
775 4695 1028 4752 Prusensi
1064 4697 1116 4752 in
1150 4700 1378 4755 dextero
1430 4703 1564 4769 pede
1616 4703 1938 4759 uulneratus

365 4795 469 4839 est.
504 4784 689 4854 Copiis
715 4787 839 4840 item
882 4787 934 4841 in
975 4788 1373 4846 Chersonesum
1407 4791 1656 4848 Thraciae
1684 4795 1937 4850 transdu-

367 4878 703 4948 ctis,oppida
730 4882 980 4935 nonnulla
1000 4885 1350 4952 expugnavit,
1369 4899 1490 4954 quae
1519 4897 1699 4940 tamen
1730 4897 1940 4956 postea,

369 4971 712 5040 imperatoris
781 4970 1008 5028 Joannis
1091 4988 1334 5028 sororem
1396 4977 1449 5029 in
1529 4979 1940 5034 matrimonium

367 5067 618 5132 adeptus,
651 5065 772 5118 huic
797 5073 852 5120 et
884 5066 1072 5120 uxoris
1131 5065 1286 5120 fratri
1339 5079 1563 5136 preptcr
1621 5069 1938 5125 allinitatem

369 5155 516 5210 ultro
550 5157 841 5221 concessil,
878 5165 939 5210 ut
998 5157 1124 5212 alibi
1189 5157 1456 5226 diximus;
1521 5171 1684 5229 atque
1737 5163 1940 5220 auxilio

371 5265 470 5302 suo
505 5248 706 5312 cﬂecit,
742 5259 799 5302 ut
829 5249 966 5306 levir
1020 5249 1074 5304 it:
1115 5259 1398 5320 paternum
1456 5252 1742 5319 imperium
1787 5256 1945 5310 resti-

371 5350 637 5395 tueretur.
693 5341 896 5396 Deinde
957 5353 1201 5398 mortuus
1254 5352 1354 5408 est,
1407 5354 1688 5413 postquam
1776 5327 1944 5414 regno

370 5433 785 5500 prchuitaunos
855 5447 1069 5492 Septem
1133 5444 1188 5490 et
1254 5437 1671 5507 Quinquaginta,
1723 5454 1940 5494 menses

370 5542 584 5589 novem,
619 5527 738 5584 dies
761 5529 1046 5584 duodecim
1077 5544 1174 5597 ;ac
1202 5531 1441 5600 suscepit
1489 5531 1774 5598 imperium
1802 5531 1944 5587 titius

366 5620 485 5690 ejus
537 5621 846 5676 Amurates.

437 5709 528 5763 25.
589 5708 719 5766 Post
771 5721 997 5766 mortem
1035 5712 1326 5771 Orchanis
1374 5713 1664 5769 Amuratcs
1712 5714 1945 5784 imperio

371 5801 578 5865 pOtitur
603 5817 745 5856 armo
773 5803 938 5869 6858,
973 5804 1266 5860 iud'ctiouc
1298 5806 1384 5861 ιε.
1412 5805 1456 5860 Is
1481 5807 1534 5860 iu
1576 5807 1734 5861 rebus
1767 5806 1946 5860 omni-

369 5890 472 5965 bus
497 5903 772 5968 strenuus.
829 5897 982 5968 fortis,
1031 5909 1089 5954 et
1130 5901 1324 5960 δοίη-ε.
1385 5910 1548 5964 atque
1594 5899 1835 5957 versutia
1891 5912 1946 5957 et

2040 4703 2184 4758 cisse
2215 4715 2410 4771 magno
2427 4715 2549 4755 cum
2574 4698 2759 4754 dolore
2785 4696 3018 4752 audivit.
3044 4693 3343 4750 Confestim
3377 4691 3617 4762 trajecti,

2040 4795 2339 4852 exercitum
2369 4789 2631 4847 adversus
2661 4803 2756 4844 eos
2809 4787 3056 4855 mittunt,
3117 4785 3344 4838 vincunt
3403 4797 3498 4837 eos
3536 4781 3621 4834 lu-

2041 4897 2276 4958 gantque
2301 4904 2316 4954 ;
2343 4901 2467 4942 mox
2501 4884 2692 4939 iisdem
2728 4879 3158 4947 comprehensis,
3179 4891 3397 4932 emeras
3428 4875 3615 4930 statim

2046 4981 2212 5037 ﬁlium
2280 4994 2437 5035 suum
2493 4985 2665 5030 morte
2744 4974 3020 5034 multavit,
3125 4973 3422 5038 imperator
3447 4983 3609 5023 suum

2044 5073 2279 5145 privavit
2304 5072 2496 5125 octtlis.
2528 5069 2665 5124 Tum
2691 5067 2940 5137 Bulgaris
2967 5077 3022 5122 et
3060 5064 3273 5120 Serviis
3300 5062 3443 5118 bello
3471 5061 3621 5116 illato

2043 5175 2098 5219 et
2149 5162 2423 5233 praclaris
2467 5161 2758 5230 reportatis
2791 5157 3062 5221 vietoriis,
3115 5171 3366 5222 magnam
3394 5154 3463 5208 iis
3491 5169 3623 5221 pro-

2045 5256 2346 5309 vinciarutv
2386 5262 2600 5322 partem
2624 5251 2840 5319 eripuit.
2866 5249 3184 5303 lntermisso
3198 5248 3380 5315 aliquo
3409 5259 3624 5316 tempo-

2044 5363 2123 5413 re,
2147 5346 2434 5405 Lazarum,
2456 5345 2658 5398 Serrize
2682 5346 2964 5412 despotam
2988 5380 3006 5408 ,
3032 5339 3176 5395 bello
3202 5339 3380 5393 denuo
3402 5352 3626 5408 aggres-

2045 5455 2160 5502 sus,
2201 5436 2748 5506 devicitfugavitque,
2781 5443 2836 5490 et
2864 5434 3130 5502 dissipato
3185 5434 3304 5503 ejus
3351 5431 3622 5491 exercitu,

2048 5531 2246 5582 multas
2273 5542 2464 5582 rursus
2488 5530 2652 5583 urbes
2686 5537 2739 5582 et
2779 5528 3027 5597 regiones
3099 5525 3306 5583 Servis:
3357 5526 3410 5578 in
3467 5535 3624 5590 pote~

2047 5631 2248 5676 statem
2299 5636 2451 5673 suam
2510 5623 2739 5695 redegit,
2799 5633 3004 5694 septem
3050 5633 3104 5674 ct
3134 5621 3356 5688 triginta
3416 5620 3627 5686 magnis

2046 5713 2249 5784 praliis
2300 5712 2667 5778 conﬂictatus,
2691 5727 2722 5765 e
2754 5715 2952 5782 quibus
2973 5713 3228 5766 omnibus
3256 5710 3508 5778 superior
3557 5725 3624 5764 ae

2049 5808 2223 5861 victor
2240 5807 2513 5862 discessit.
2535 5805 2776 5860 Tandem
2797 5805 2864 5860 ab
2881 5820 2968 5870 eo,
2984 5820 3142 5872 quem
3171 5811 3298 5856 ante
3321 5802 3624 5867 nominavi,

2052 5897 2258 5957 Lazaro
2279 5897 2405 5952 dolo
2443 5908 2668 5957 necatus
2696 5905 2802 5962 est,
2871 5910 3036 5964 regno
3070 5894 3277 5963 potitus
3301 5908 3478 5955 annos
3513 5904 3624 5949 tres
