4000 6420
337 375 449 449 ’7οό

1421 381 1872 451 CHRONICON
1904 380 2052 443 MAJ
2061 379 2180 447 US.
2214 406 2284 421 ’-
2319 382 2468 445 LIB.
2515 385 2565 448 Ῑ.

3502 389 3610 453 706

326 501 523 559 καὶτὰ
551 503 706 575 τείχη
756 503 930 575 αὐτῆς
982 501 1322 574 χαλάσαντες
1357 503 1568 573 ἔρημον
1599 499 1921 564 κατέλιπον,
1952 496 2000 555 Α
2026 493 2223 550 καὶτὰ
2270 497 2414 551 ὅπλα
2469 497 2652 551 αὐτῶν
2705 497 2875 570 ᾕρουν
2926 500 3022 554 καὶ
3069 499 3317 570 γυμνοὺς
3358 501 3620 558 ἀπέλυον.

327 601 386 654 ἐν
415 598 529 654 ἔτει
555 603 736 670 ,ςῇγπ
769 599 1104 664 ίνδικτιῶνος
1136 605 1201 656 ε’.
1229 601 1384 664 Δῖνος
1403 599 1460 654 δὲ
1503 601 1530 654 6
1564 598 1788 668 ἀμηρᾶς
1824 596 1922 652 καὶ

325 694 376 747 oi
422 693 604 764 ἕτεροι
633 693 683 746 oi
718 691 820 763 τῆς
851 693 1028 764 ἀρχῆς
1066 689 1399 759 ἐξωσθέντες
1441 690 1598 762 παρὰ
1626 687 1721 743 τοῦ
1754 691 1922 744 Μπα-

327 784 617 854 γιαζήτου,
675 785 926 847 ἐλθόντες
981 783 1119 854 πρὸς
1179 785 1272 837 τὸν
1319 784 1545 854 βασιλέα
1588 781 1918 854 Ντεμίρην,

325 877 610 942 κλαίοντες
652 878 754 948 τὴν
793 878 1009 932 ἀδικίαν
1037 879 1107 950 ἣν
1138 879 1482 948 ἠδικήθησαν
1504 893 1516 906 ·
1548 878 1640 931 καὶ
1661 879 1687 931 6
1711 876 1920 946 Ντεμί-

329 985 427 1038 ρης
460 967 634 1020 θέλων
675 969 862 1030 αὐτοῖς
915 967 1204 1039 βοηθῆσαι,
1259 968 1475 1030 στείλας
1519 967 1764 1037 πρέσϐυν
1797 968 1920 1022 τινὰ

326 1060 407 1122 είς
431 1059 524 1112 τὸν
572 1059 991 1130 Μπαγιαζήτην
1048 1060 1225 1127 λέγων
1273 1061 1490 1114 ὅτιούκ
1545 1060 1663 1113 ἔστι
1711 1060 1919 1113 δίκαιον

325 1151 468 1204 κατὰ
489 1149 599 1204 τῶν
629 1150 922 1221 ὁμοφύλων
952 1152 1158 1222 μᾶλλον
1180 1153 1275 1205 καὶ
1305 1152 1623 1222 όμοπίστων
1655 1151 1918 1221 πράττειν

324 1242 522 1310 οὕτως,
553 1245 650 1298 καὶ
680 1242 920 1317 παρῄνει
973 1245 1136 1299 αὐτὸν
1169 1245 1258 1300 ἵνα
1292 1247 1392 1316 τὴν
1423 1245 1598 1317 ἀρχὴν
1643 1247 1761 1310 ὲνὸς
1789 1245 1918 1298 ἐκά-

328 1353 457 1390 στου
503 1335 657 1401 αὖθις
716 1337 882 1411 δώσῃ.
916 1341 966 1393 εἰ
1010 1339 1156 1392 θέλει
1195 1341 1283 1394 ἵνα
1334 1342 1480 1410 φίλοι
1510 1341 1765 1403 έσωνται.
1804 1340 1918 1413 84

336 1427 396 1483 Ὀ
429 1429 486 1483 δὲ
520 1431 744 1502 ἁμηρᾶς
770 1432 941 1507 ἄκρον
996 1434 1331 1505 πλεονέκτης
1376 1436 1454 1488 ὢν
1511 1438 1602 1490 καὶ
1659 1437 1916 1490 οὐδέποτε

325 1523 552 1594 ἠρκεῖτο
584 1526 820 1579 πλούτου
871 1522 964 1582 καί.
997 1529 1205 1596 τρόπου
1229 1544 1242 1557 ·
1275 1531 1582 1600 ὁρμητικὸς
1616 1531 1712 1584 καὶ
1743 1531 1916 1594 δεινὸς

323 1615 399 1670 ὢν
425 1616 520 1670 τοῦ
567 1617 854 1685 πρέσϐεως
884 1621 1009 1684 τοὺς
1042 1621 1238 1690 λόγους
1281 1624 1361 1686 είς
1394 1624 1548 1678 οὐδὲν
1599 1625 1912 1694 ἐλογίσατο,

324 1709 421 1763 καὶ
451 1709 545 1763 τὸν
595 1709 882 1783 Ντεμίρην
914 1713 1005 1766 τὸν
1036 1713 1308 1786 αὐθέντην
1351 1714 1518 1771 αὑτοῦ
1546 1718 1621 1782 ὡς
1651 1717 1913 1789 ἄγροικον

323 1799 497 1869 λέγων
533 1803 846 1868 ἐνέπαιζεν.
887 1803 947 1857 Ὀ
987 1802 1041 1857 δὲ
1077 1805 1368 1877 Ντεμίρης
1402 1807 1645 1872 ἀκούσας
1677 1809 1783 1861 ὑπὸ
1816 1808 1911 1862 τοῦ

323 1894 611 1963 πρέσϐεως
637 1894 706 1950 τὰ
737 1897 837 1949 ὅσα
868 1897 1176 1966 ἐφθέγξατο
1205 1900 1349 1954 κατὰ
1379 1899 1570 1954 τούτου
1607 1904 1635 1955 6
1666 1901 1914 1972 ἀμηρᾶς.

327 1985 421 2037 καὶ
455 1985 554 2047 τὴν
584 1986 898 2051 κενοδοξίαν
949 1986 1117 2040 αὐτοῦ
1151 1985 1308 2051 εἰδὼς
1347 1987 1631 2058 ἐθυμώθη,
1666 1989 1757 2042 καὶ
1781 1988 1917 2041 πάν-

323 2093 394 2134 τα
419 2077 512 2130 τὸν
544 2079 779 2148 στρατὸν
804 2079 972 2133 αὐτοῦ
1012 2079 1382 2151 συναθροίσας
1421 2080 1542 2134 κατ’
1571 2081 1735 2134 αὑτοῦ
1765 2081 1915 2151 βαδί-

324 2171 432 2235 ζων
453 2163 545 2240 ἦν.
593 2169 682 2234 Ὧς
712 2171 768 2224 δὲ
791 2171 997 2242 ἤκουσε
1034 2171 1128 2226 καὶ
1155 2175 1184 2226 ό
1211 2173 1646 2245 Μπαγιαζήτης,
1695 2175 1792 2238 τὰς
1823 2174 1919 2228 αύ-

321 2263 415 2317 τοῦ
445 2263 707 2335 δυνάμεις
741 2265 1113 2336 συναθροίσας
1164 2267 1308 2336 μετὰ
1339 2268 1578 2337 σπουδῆς
1611 2270 1692 2330 εἰς
1722 2269 1928 2336 συνὰνι,

324 2372 479 2424 τησιν
527 2355 623 2410 τοῦ
655 2358 913 2430 Ντεμίρη
945 2353 1013 2430 ἦν
1041 2359 1348 2430 ἱρχόμενος
1371 2360 1638 2430 ἀνδρείως
1663 2359 1760 2412 καὶ
1788 2357 1920 2429 θαρ-

325 2449 531 2514 σαλέως
567 2451 709 2521 μετὰ
739 2451 988 2523 μεγάλης
1016 2451 1220 2522 ψυχῆς.
1246 2452 1498 2523 ’Υπῆρχε
1531 2451 1585 2506 δὲ
1622 2455 1650 2505 ό
1685 2453 1918 2521 στρατὸς

323 2541 420 2596 τοῦ
454 2544 648 2614 ἀμηρᾶ
679 2543 920 2615 χιλιάδες
969 2545 1318 2614 πεντήκοντα
1349 2544 1444 2598 καὶ
1478 2543 1694 2627 ἑκατὸν,
1729 2542 1825 2596 τού
1858 2543 1918 2596 δὲ

323 2634 574 2706 Ντεμίρη
608 2635 848 2708 χιλιάδες
893 2630 1034 2701 ἦσαν
1074 2637 1398 2690 ὀκτακόσιαι
1440 2638 1535 2690 καὶ
1561 2634 1770 2689 εἴκοσι·
1825 2635 1918 2689 καὶ

325 2727 488 2780 πάλιν
520 2729 554 2799 ἠ
613 2729 998 2800 μεγαλοψυχία
1031 2727 1125 2781 τοῦ
1174 2729 1580 2798 Μπαγιαζήτου
1634 2731 1713 2792 είς
1761 2731 1916 2784 οὐδὲν

322 2820 415 2873 τὸν
439 2821 727 2891 Ντεμίρην
758 2821 1058 2891 ὶλογίζετο.
1091 2822 1400 2886 Φθάσαντες
1427 2824 1496 2877 τὰ
1527 2823 1918 2894 στρατεύματα

325 2915 405 2976 είς
433 2915 502 2965 τὰ
527 2912 670 2984 μέρη
698 2913 801 2988 τῆς
826 2914 1065 2985 Φρυγίας
1103 2918 1470 2988 συνήντησαν,
1500 2917 1595 2970 καὶ
1625 2919 1651 2971 6
1678 2919 1916 2988 πόλεμος

327 3003 425 3056 καὶ
461 3004 495 3075 η
531 2987 788 3070 σύνταξις
838 3005 934 3059 καὶ
985 3008 1017 3078 ή
1057 2987 1352 3079 συμπλοκὴ
1387 3010 1604 3080 μεγάλη
1645 2987 1914 3080 ἐγεγόνει.

328 3089 496 3158 Τέλος
547 3095 598 3147 oi
633 3094 726 3148 τοῦ
772 3097 1151 3169 Μπαγιαζήτη
1207 3101 1286 3164 είς
1340 3099 1521 3171 φυγὴν
1559 3101 1914 3173 ἐτράπησαν·

2032 588 2144 643 Καὶ
2170 589 2230 641 ὲν
2254 588 2331 660 τῷ
2374 589 2600 658 φεύγειν
2629 593 2727 646 καὶ
2756 592 2851 648 τὸν
2881 594 3291 665 Μπαγιαζήτην
3323 595 3624 659 πιάσαντες

2031 681 2126 753 καὶ
2153 679 2253 752 τὴν
2299 684 2538 751 γυναῖκα
2587 685 2754 738 αὐτοῦ
2787 687 2883 740 καὶ
2929 689 3020 740 τὸν
3060 689 3174 741 υἱὸν
3209 688 3378 742 αὐτοῦ
3411 691 3621 758 Μωσῆν

2030 774 2127 825 καὶ
2152 774 2377 845 ἐτέρους
2396 777 2624 840 πολλοὺς
2660 779 2933 849 ἄρχοντας
2958 784 3058 842 τῆς
3090 780 3260 848 αύλῆς
3287 782 3451 834 αὐτοῦ
3486 783 3624 853 πρὸς

2027 864 2121 917 τὸν
2149 865 2430 938 Ντεμίρην
2451 869 2680 939 ἤγαγον.
2721 871 2826 924 Καὶ
2861 872 2888 923 6
2930 873 3216 943 Ντεμίρης
3244 876 3490 944 ἐπλήσθη
3525 895 3624 944 χα-

2031 959 2132 1029 ρᾶς
2161 959 2249 1012 διὰ
2276 959 2375 1031 τὴν
2403 962 2596 1032 νίκην,
2619 964 2715 1015 καὶ
2753 963 2903 1026 λέγει
2936 964 3012 1034 τῷ
3059 967 3437 1037 Μπαγιαζήτῃ
3463 984 3477 998 ·
3510 967 3621 1038 85

2034 1068 2053 1103 ι
2091 1050 2254 1123 Κακὴ
2304 1053 2542 1123 κεφαλὴ,
2575 1055 2662 1107 διὰ
2693 1055 2745 1107 τί
2781 1057 2879 1118 τὰς
2914 1055 3124 1126 ὀρέξεις
3153 1061 3251 1118 τὰς
3289 1061 3465 1120 κακὰς
3520 1062 3620 1126 τῆς

2029 1143 2129 1214 σῆς
2158 1143 2386 1214 γνώμης
2417 1146 2517 1199 οὐκ
2548 1148 2945 1219 ἐκυῦἑρνησας,
2987 1149 3070 1201 ἵνα
3109 1149 3184 1220 μὴ
3225 1153 3307 1213 εἰς
3342 1151 3496 1204 τοῦτνλ
3534 1155 3620 1203 ξλ-

2003 1233 2169 1310 ’θῃες
2207 1240 2307 1292 οὑκ
2338 1236 2485 1304 οἶδας
2531 1241 2614 1293 ὅτι
2650 1243 2829 1305 οὐδεὶς
2870 1243 3099 1298 δύναται
3136 1245 3214 1315 τῷ
3249 1245 3368 1316 ἐμῷ
3399 1247 3620 1316 στρατῷ

2025 1331 2381 1400 ἀντισῖῆναις
2411 1351 2428 1382 ι
2465 1329 2599 1387 Εἶτα
2633 1335 2933 1404 θαυμάζων
2969 1339 2994 1387 6
3018 1338 3304 1406 Ντεμίρης
3341 1339 3624 1410 τὴνβασι-

2024 1424 2185 1496 λικὴν
2220 1427 2584 1499 παρασκευὴν
2615 1427 2708 1481 τοῦ
2735 1430 3140 1502 Μπαγιαζήτου
3168 1433 3260 1484 καὶ
3291 1435 3499 1499 ὡραίαν
3526 1435 3622 1484 καὶ

2023 1518 2123 1580 τὰς
2155 1520 2364 1590 σκηνὰς
2390 1521 2610 1584 ὲκείνας
2639 1521 2737 1585 τὰς
2761 1522 3105 1596 θαυμαστὰς,
3140 1528 3203 1577 τὰ
3249 1526 3492 1578 τοσαῦτα
3527 1527 3622 1594 ὅρ-

2024 1629 2118 1664 νεα
2156 1612 2251 1664 καὶ
2305 1611 2475 1677 κύνας
2509 1615 2910 1683 κυνηγετικοὺς
2962 1615 3055 1680 οὒς
3096 1613 3231 1688 εἶχε,
3264 1618 3414 1685 λέγει
3456 1619 3620 1671 πάλιν

2023 1706 2173 1777 αὐτῷ
2196 1722 2212 1738 ⁸
2245 1725 2263 1758 ι
2295 1706 2434 1761 Εἰπέ
2477 1725 2588 1777 μοι,
2613 1701 2657 1762 ὧ
2681 1708 2808 1760 σαλὲ
2827 1711 2921 1763 καὶ
2943 1709 3270 1781 παράφρων,
3305 1713 3386 1774 τίς
3408 1713 3439 1781 ἡ
3472 1711 3618 1777 ὡσέ-

2021 1800 2142 1854 λεια
2202 1800 2300 1870 τῆς
2343 1800 2586 1871 μεγάλης
2646 1819 2740 1855 σου
2799 1801 3108 1868 κενοδοξίας
3167 1805 3306 1870 μετὰ
3345 1804 3618 1872 τοσαύτης

2023 1893 2421 1962 παρασκευῆςς
2450 1914 2467 1944 ι
2511 1893 2861 1964 Ἀποκριθεὶς
2892 1895 2947 1947 δὲ
2978 1896 3431 1965 ὁΜπαγιαζήτης
3470 1896 3618 1964 λέγει

2021 1979 2366 2058 τῷΝτεμίρῃ
2386 2000 2400 2016 ⁸
2446 2005 2464 2037 ι
2491 1982 2620 2040 Οἶδα
2649 1985 2853 2063 καλῶς,
2885 1987 2973 2040 διὰ
3001 1988 3062 2039 τὸ
3101 1983 3243 2040 εἶναί
3268 2007 3326 2040 σε
3359 1989 3620 2058 ἄγροικον

2020 2077 2239 2147 Σκύθην
2273 2079 2366 2131 καὶ
2398 2078 2456 2143 ἐξ
2489 2067 2711 2148 ἀσήμου
2746 2067 3075 2148 γένους,’ὂτι
3103 2083 3158 2134 αἱ
3195 2081 3480 2150 βασιλικαὶ
3514 2101 3615 2135 πα-

2023 2169 2292 2240 ρασκευαὶ
2343 2170 2443 2224 οὐκ
2489 2171 2754 2242 ἁρὲσουσί
2801 2189 2914 2236 σοι,
2963 2174 3099 2226 διότι
3145 2173 3401 2226 οὐδέποτε
3441 2173 3617 2226 ταῦτα

2021 2261 2267 2332 ἐπρεπόν
2297 2279 2418 2316 σοι·
2461 2262 2575 2332 ἐγὼ
2608 2265 2720 2334 γὰρ
2747 2263 2822 2327 ὡς
2860 2265 2976 2328 υίὸς
3013 2263 3108 2318 τοῦ
3153 2267 3468 2337 Ἀμουράτη
3523 2267 3620 2320 καὶ

2021 2353 2246 2425 ἔγγονος
2275 2355 2372 2409 τοῦ
2414 2357 2682 2428 Ὀρχάνου
2709 2359 2802 2412 καὶ
2827 2358 3143 2427 δισέγγονος
3171 2359 3268 2414 τοῦ
3311 2359 3616 2430 Ὀτὺμάνου

2021 2449 2118 2502 καί⁵
2151 2450 2507 2521 τρισέγγονος
2559 2451 2664 2504 ’τοῦ
2713 2451 3108 2524 Ἑρτογρούλη,
3156 2453 3251 2506 καὶ
3297 2451 3473 2505 ταῦτα
3521 2458 3616 2506 καὶ

2021 2541 2246 2596 πλείονα
2297 2545 2508 2613 πρέπον
2561 2543 2653 2614 μοί
2681 2545 2799 2597 ἐστι
2832 2545 3012 2597 ποιεῖν
3058 2543 3347 2614 καὶέχειν.
3393 2563 3410 2594 ι
3467 2543 3525 2597 Ὀ
3557 2545 3614 2596 δὲ

2019 2633 2312 2706 Ντεμίρης
2361 2637 2605 2695 ἀκούσας
2637 2634 2762 2701 τοὺς
2796 2638 3049 2702 αὐθάδεις
3093 2637 3290 2707 λόγους
3321 2639 3416 2691 τοῦ
3450 2639 3618 2691 Μπα-

2022 2729 2310 2801 γιαζήτου,
2358 2731 2655 2804 θυμωθεὶς,
2699 2732 3052 2786 κουϐούκλιον
3078 2734 3141 2786 ἐκ
3186 2733 3411 2802 σιδήρου
3452 2734 3614 2802 ποιή-

1975 2817 1992 2830 “
2022 2837 2121 2884 σας
2168 2819 2277 2873 ἔσω
2311 2821 2475 2875 αὐτὸν
2507 2823 2733 2898 ἐνέϐαλε
2767 2826 2864 2898 καὶ
2898 2823 3018 2896 μετ’
3053 2823 3235 2893 ὀλίγον
3271 2823 3434 2876 αὐτὸν
3472 2824 3602 2877 ἀπέκ

2023 2930 2227 2980 κτεινε,
2281 2913 2612 2984 βασιλεύσας
2644 2917 2738 2986 ἔτη
2772 2915 2832 2982 ἓξ
2877 2917 3015 2986 πρὸς
3045 2917 3387 2982 τοῖςείκοσι,
3441 2916 3617 2987 ζήσας

2021 3004 2078 3058 δὲ
2123 3006 2181 3058 ὲν
2213 3008 2282 3076 τῇ
2307 3005 2660 3080 αἰχμαλωσίᾳ
2692 3007 2872 3077 μῆνας
2901 3007 3068 3062 όκτώ.
3313 3077 3316 3082 _

2093 3094 2198 3162 κζ’.
2230 3098 2677 3170 Τοιουτοτρόπως
2728 3097 2820 3154 οὖν
2847 3101 2956 3154 τῶν
2996 3101 3486 3176 πραγμάτων,,ὡς
3534 3105 3614 3156 εί-

325 3187 422 3241 καὶ
453 3189 512 3240 ὲν
549 3187 626 3259 τῷ
662 3189 890 3258 φεύγειν
935 3190 1137 3254 αὐτοὺς
1189 3192 1421 3258 πολλοὺς
1466 3194 1789 3258 πιάσαντες,
1831 3188 1909 3259 οἷς
1941 3203 1989 3266 c
2023 3192 2296 3263 ρήκαμεν,
2325 3192 2615 3258 ἐλθόντων,
2666 3195 2760 3246 καὶ
2813 3193 2911 3252 τοῦ
2957 3196 3148 3266 ἀμηρᾶ
3207 3197 3614 3266 Μπαγιαζήτου

324 3279 478 3333 οὐδὲν
511 3280 702 3352 ἕτερον
726 3283 954 3356 ἀνιαρὸν
988 3284 1209 3340 ὲποίουν
1231 3285 1281 3339 εἱ
1313 3285 1390 3358 μὴ
1423 3288 1584 3358 μόνον
1615 3289 1683 3343 τὰ
1715 3289 1911 3360 ἱμάτια

323 3474 573 3533 eamque,
618 3465 835 3537 triginta
869 3469 1104 3539 amplius
1164 3467 1406 3526 millibus
1460 3471 1802 3544 captivorum
1856 3477 1936 3542 in_

322 3552 506 3611 Asiam
539 3558 720 3616 missis
748 3559 1109 3633 deductisque
1139 3563 1190 3616 in
1216 3563 1485 3631 colonias,
1518 3568 1726 3623 eversis
1773 3583 1930 3644 mm—I

328 3648 506 3716 nibus,
538 3651 809 3707 desertam
863 3651 1231 3724 reliquerunt,
1296 3671 1442 3712 anno
1504 3660 1692 3714 mundi
1745 3660 1908 3725 6905,

325 3739 624 3798 indictione
654 3743 709 3798 ὅ.
739 3743 952 3800 Interea
985 3745 1156 3802 Dinus
1191 3763 1405 3805 ameras
1445 3759 1499 3804 et
1563 3749 1780 3822 reliqui,
1816 3753 1910 3823 qui

325 3849 356 3889 a
387 3835 641 3904 Bajazete
681 3836 906 3893 sedibus
937 3841 1053 3896 suis
1087 3841 1224 3911 pulsi
1266 3841 1782 3918 fuerant,Demirem
1822 3861 1934 3914 res

325 3945 444 4002 gem
475 3930 746 4001 adierant,
775 3932 1020 4001 injurias,
1052 3950 1189 4006 quas
1249 3929 1636 4006 accepissent,
1669 3953 1934 4009 conque-.

324 4032 525 4078 rentes.
557 4023 829 4091 Demires,
859 4027 1187 4084 succurendi
1220 4027 1287 4084 iis
1310 4029 1564 4099 cupidus,
1599 4045 1698 4100 per
1756 4032 1905 4103 lega.

325 4107 439 4172 tum
468 4113 704 4187 Bajazeti
741 4121 1031 4188 suadebat,
1054 4122 1319 4193 injustum
1343 4139 1486 4190 esse,
1507 4139 1634 4195 erga
1660 4126 1910 4183 homines

323 4208 571 4280 ejusdem
637 4213 813 4282 gentis
879 4201 934 4268 et
987 4215 1270 4285 religionis
1332 4216 1440 4271 isto
1507 4217 1667 4274 modo
1720 4234 1906 4290 agere,

321 4317 558 4374 eumque
584 4304 999 4374 cohortabatur,
1042 4318 1102 4362 ut
1138 4323 1292 4364 suam
1350 4311 1548 4381 cuique
1608 4315 1909 4384 satrapiam

326 4396 658 4459 restitueret,
691 4395 809 4452 sise
841 4398 1077 4452 amicum
1122 4399 1225 4454 sibi
1255 4399 1437 4456 vellet.
1470 4401 1720 4472 Ameras,
1747 4405 1910 4462 homo

323 4486 636 4556 inexplebili
689 4490 918 4572 avaritia
958 4501 1012 4547 et
1045 4491 1276 4548 habendi
1308 4495 1630 4565 cupiditate,
1657 4497 1911 4570 idemque

2023 3283 2583 3354 αἰχμαλωτισθέντος,
2617 3287 2697 3350 είς
2729 3287 2959 3353 ἀταξίαν
3014 3288 3108 3342 καὶ
3142 3289 3390 3344 κίνδυνον
3439 3291 3616 3362 μεγά-
3687 3323 3690 3326 ι

2022 3464 2162 3520 nihil
2199 3465 2346 3521 aliud
2395 3466 2661 3523 molestia:
2705 3465 2929 3532 factum,
2990 3469 3094 3523 nisi
3123 3470 3270 3541 quod
3297 3471 3541 3528 vestibus
3562 3482 3619 3528 et

2019 3561 2188 3614 armis
2216 3559 2400 3614 nudati
2465 3561 2902 3615 dimittebantur.
2962 3560 3083 3630 Ipse
3143 3560 3428 3629 Bajazetes
3481 3581 3605 3620 cum

1971 3664 1976 3668 δ
2018 3642 2191 3704 uxore
2213 3657 2268 3702 et
2288 3643 2404 3703 ﬁlio
2439 3647 2586 3704 Mose
2611 3649 2840 3719 aliisque
2864 3651 3052 3706 multis
3075 3652 3212 3706 aula:
3237 3670 3349 3710 suae
3372 3658 3615 3724 proceri-

2019 3743 2122 3800 bus
2151 3745 2600 3813 comprehensus,
2635 3743 2700 3795 ad
2729 3742 3001 3797 Demircm
3058 3745 3328 3801 adductus
3353 3759 3457 3801 est.
3507 3749 3619 3815 Qui

2019 3845 2247 3906 propter
2273 3835 2584 3900 victoriam,
2619 3847 2779 3902 quam
2817 3845 3215 3903 reportaverat,
3267 3837 3458 3893 laetitia
3513 3856 3614 3894 ch

2019 3921 2259 3991 su'ltans,
2320 3926 2629 3996 Bajazetem
2688 3925 3002 3982 allocutus:
3080 3925 3286 3984 «Homo
3348 3947 3613 4002 nequam,-

2020 4021 2216 4092 inquit,
2257 4035 2356 4074 cur
2390 4019 2570 4090 pravis
2601 4018 2766 4073 animi
2804 4019 2880 4072 tui
2947 4020 3337 4090 cupiditatibus
3361 4040 3468 4079 non
3505 4027 3613 4081 im-

2019 4115 2245 4185 perasti,
2279 4128 2350 4168 ne
2378 4114 2486 4168 huc
2519 4113 2913 4168 devolverere?
2939 4128 3006 4168 an
3043 4115 3244 4182 nescis,
3274 4118 3410 4173 meis
3433 4122 3620 4189 cupiis

2018 4207 2296 4266 neminem
2335 4221 2518 4278 parem
2561 4206 2720 4261 esse?
2761 4224 2780 4258 ι
2807 4206 3010 4262 Deinde
3046 4209 3251 4277 regium
3292 4209 3411 4280 ejus
3449 4227 3624 4266 orna--

2020 4311 2136 4358 tum
2158 4310 2212 4358 et
2240 4300 2590 4371 elegantiam,
2641 4309 2694 4356 et
2722 4303 2958 4357 tentoria
2990 4303 3083 4358 illa
3114 4304 3317 4360 eximia
3371 4314 3610 4362 tantam:-

2019 4412 2127 4470 qne
2158 4397 2338 4452 avium
2375 4403 2430 4449 et
2483 4408 2682 4448 canum
2752 4395 3135 4450 venaticorum
3193 4395 3604 4453 multitudinem

2020 4491 2272 4552 miratus.
2301 4500 2520 4541 rursus.
2545 4483 2673 4538 tDic
2702 4485 2859 4550 mihi,
2889 4486 3087 4556 inquit,
3111 4487 3272 4541 homo
3291 4490 3622 4546 turbulente

238 4610 247 4615 -
323 4580 623 4638 vehemens
645 4591 700 4639 et
719 4599 984 4656 praeceps,
1009 4587 1316 4643 orationem
1333 4589 1497 4661 legati
1514 4591 1666 4646 nihili
1682 4595 1915 4652 aestima-

2021 4592 2076 4639 et
2113 4596 2332 4646 excors,
2361 4577 2454 4649 qui
2487 4589 2570 4633 est
2605 4577 2782 4632 fastus
2815 4578 2890 4632 tui
2949 4593 3072 4632 cum
3132 4587 3284 4632 tanto
3340 4592 3606 4648 apparatu

322 4675 420 4736 vit,
453 4683 507 4730 et
527 4673 821 4745 Demirem,
841 4677 1123 4735 dominum
1143 4681 1283 4750 ejus,
1305 4674 1610 4748 ludiﬁcans
1632 4687 1909 4742 rusticum

323 4769 640 4839 appellavit.
680 4771 947 4838 Demires,
997 4787 1122 4827 cum
1165 4775 1412 4832 audisset
1454 4793 1521 4833 ex
1553 4778 1754 4851 legato,
1789 4797 1910 4852 quae

325 4863 380 4917 in
415 4878 473 4919 se
495 4863 722 4919 dixisset
756 4859 995 4930 ameras,
1029 4865 1260 4936 ejusque
1291 4877 1479 4924 nosset
1505 4859 1907 4937 ambitionem.

324 4954 407 5010 ira
446 4955 726 5020 incensus,
765 4954 1012 5011 collectis
1043 4956 1297 5012 omnibus
1325 4959 1499 5028 copiis
1543 4945 1679 5028 suis,
1713 4963 1913 5019 adver-

325 5064 421 5104 sus
457 5063 581 5104 eum
613 5056 796 5126 castra
831 5051 1018 5104 movit.
1051 5047 1129 5104 Re
1177 5060 1475 5120 comperta,
1533 5054 1696 5109 etiam
1752 5053 1912 5126 Baja-

323 5152 494 5206 zetes,
517 5125 808 5196 confestim
843 5140 961 5197 Suis
987 5140 1232 5197 collectis
1283 5144 1482 5214 capiis,
1525 5143 1736 5202 Demeri
1769 5125 1912 5202 stre-

324 5248 431 5288 nne
457 5240 512 5288 et
537 5233 751 5289 fortiter
775 5229 1230 5304 conﬁdenterque
1264 5233 1481 5289 obviam
1519 5237 1908 5306 proﬁciscitur.

321 5326 624 5382 Constabat
644 5341 845 5382 amem
874 5319 1392 5384 exercitus'centum
1423 5338 1478 5384 et
1507 5329 1904 5403 quinquaginta

322 5421 564 5476 millibus
618 5437 634 5476 :
711 5419 947 5476 Demiris
990 5421 1308 5492 octingenta
1382 5431 1438 5478 et
1494 5424 1682 5494 viginti
1737 5427 1906 5481 millia

320 5525 510 5580 erant;
546 5524 600 5568 at
622 5512 954 5569 conﬁdentia
981 5512 1251 5586 Bajazctis
1277 5514 1431 5570 nihili
1466 5515 1702 5572 faciebat
1721 5518 1905 5573 Demi-

320 5623 458 5664 rem.
492 5605 627 5661 Cum
665 5603 717 5661 in
744 5604 1037 5678 Phrygiam
1086 5607 1156 5663 ab
1205 5608 1453 5678 utrisque
1474 5618 1693 5664 ventum
1737 5621 1904 5675 esset,

317 5710 720 5756 concurrerunt
795 5701 1072 5756 exercitus
1143 5715 1510 5771 magnumque
1581 5712 1763 5756 ortum
1825 5715 1908 5760 est

320 5793 589 5864 pretium.
648 5791 892 5849 Tandem
945 5791 1216 5864 Bajazetis
1269 5794 1552 5850 exercitus
1610 5793 1664 5848 in
1721 5791 1903 5864 fugam

321 5883 901 5968 σουρξξυὶἶὲιὲ
919 5886 1244 5971 an_multi
1297 5886 1440 5958 capti
1495 5896 1642 5956 sum,
1707 5888 1912 5958 quibus
1945 5969 1972 5974 μ

463 5959 558 5968 -ρ-
591 5957 901 5968 -η-η-ηυ-

2020 4673 2301 4732 ﬂuctus?»
2337 4670 2474 4726 Tum
2512 4671 2603 4724 ille
2637 4686 2652 4724 :
2689 4668 2867 4723 «Bene
2899 4671 3043 4734 novi,
3108 4685 3217 4723 nun
3278 4669 3608 4739 placiturum

2017 4771 2137 4835 tibi,
2163 4777 2221 4825 ut
2248 4767 2447 4838 agresti
2474 4763 2691 4835 Scythae
2710 4773 2763 4817 et
2779 4777 2841 4817 cx
2865 4762 3098 4817 obscuro
3119 4777 3315 4833 genere
3337 4765 3603 4832 oriundo,

2021 4871 2345 4933 apparatum
2377 4859 2608 4928 regium,
2665 4855 2756 4927 qui
2792 4872 3070 4921 nunquam
3109 4867 3160 4912 te
3194 4856 3395 4911 decuit.
3425 4858 3493 4910 At
3521 4875 3606 4912 me

2017 4959 2195 5021 decet,
2247 4951 2525 5006 Amuratis
2572 4950 2738 5003 tilium
2803 4957 2858 5003 et
2913 4945 3181 5002 On-hanis
3237 4959 3490 5018 nepotem
3551 4952 3610 5006 (δι’

2015 5047 2274 5104 Osmanis
2305 5056 2658 5113 pronepotem
2705 5041 3090 5109 etErtngrulis
3111 5042 3457 5108 abnepotem,
3488 5043 3613 5100 hacc’

2015 5128 2067 5197 ei
2095 5141 2247 5211 pitlra
2279 5138 2459 5191 facere
2481 5147 2646 5205 atque
2676 5133 2926 5186 habere.)
2968 5131 3251 5186 Sermonis
3309 5133 3610 5190 insolentia“

2016 5235 2191 5289 iratus
2223 5231 2491 5288 Demires,
2555 5243 2778 5280 caveam
2807 5223 3043 5280 ferream
3101 5223 3358 5279 fabricari
3410 5225 3607 5294 jussit,

2013 5326 2065 5380 in
2097 5339 2257 5396 quam
2287 5338 2412 5376 eum
2448 5319 2755 5389 conjectum
2808 5316 2967 5387 paulo
3002 5317 3362 5387 postoccidit.
3391 5314 3613 5390 Regna:

2013 5428 2168 5474 verat
2193 5431 2365 5470 annos
2384 5427 2477 5469 sex
2506 5429 2559 5468 ιιι
2582 5411 2796 5482 viginti,
2832 5411 3082 5482 captivus
3138 5410 3320 5466 fuerat
3381 5421 3614 5489 menscsi

2012 5523 2156 5569 OCIO.

2083 5598 2171 5660 27.
2219 5603 2398 5659 Rebus
2427 5604 2508 5659 sic
2538 5603 2855 5667 transactis,
2887 5611 2945 5656 ut
2992 5603 3374 5672 exposuimus,
3406 5612 3460 5656 et
3491 5588 3596 5655 οξτ-

2005 5701 2182 5772 jazetu
2213 5707 2391 5768 capto,
2423 5697 2475 5751 in
2521 5696 2988 5767 perturbationem
3020 5704 3074 5750 et
3107 5709 3359 5763 magnum
3406 5694 3613 5748 diser?!

2013 5810 2133 5848 men
2172 5791 2628 5849 Othmanidarum
2660 5789 2955 5860 imperium
2992 5788 3183 5843 incidit
3237 5795 3461 5858 propter
3490 5789 3608 5842 ἀίει

2016 5889 2153 5968 sidia
2195 5887 2442 5965 quaedam
2473 5898 2526 5945 et
2566 5885 2706 5944 bella
2762 5885 2902 5943 inter
2933 5883 3072 5941 ﬁlios
3109 5883 3223 5956 ejus
3260 5885 3609 5969 enasci-utin,
