4000 6424
435 292 542 354 707
1679 309 2018 373 GEORGII

2124 315 2494 378 meum:
3322 407 3325 412 ί
3593 334 3686 402 tos

433 408 586 477 λονή
619 405 729 459 τῶν
772 407 1182 479 Ὀτθμανλίδων
1238 413 1486 484 βασιλεία
1512 417 1626 491 86
1654 420 1885 476 ἐνέπεσε
1949 423 2041 478 διά
2067 428 2114 487 Α
2142 425 2434 498 διατρίψας
2475 428 2670 498 ἐξῆλθε
2729 431 2870 486 κατὰ
2917 432 3011 492 τοῦ
3068 437 3263 504 Moesi).
3322 407 3430 496 (Kal
3482 447 3688 522 πολέμου

417 518 584 564 τινας
615 500 884 572 διαφορὰς
916 503 1014 555 καὶ
1040 505 1316 577 πολέμους
1343 509 1454 562 τῶν
1487 511 1620 565 υίῶν
1651 513 1746 568 τοῦ
1773 518 2039 587 Μπαγια-

428 595 616 664 ζήτου,
656 595 705 647 οἳ
731 595 807 660 ὡς
846 597 1096 667 ἤκουσαν
1133 601 1267 670 περὶ
1298 601 1392 655 τοῦ
1432 603 1669 660 Θανάτου
1703 607 1796 660 τοῦ
1826 615 2038 679 πατρὸς

427 689 632 754 αὐτῶν,
678 689 1024 757 ἠγωνίζοντο
1064 693 1150 747 ἵνα
1205 696 1443 760 ἕκαστος
1477 699 1572 768 τῆς
1606 699 1889 769 βασιλείας
1937 707 2037 775 τῆς

427 783 702 852 πατρικῆς
734 784 926 856 κύριος
974 789 1226 859 γένηται.
1260 792 1370 845 Καὶ
1414 795 1761 864 περάσαντες
1801 799 1883 862 είς
1934 800 2036 870 τὴν

427 878 706 951 Εὐρώπην
737 883 787 932 οἱ
827 882 1098 955 τέσσαρες
1149 887 1504 958 αὐτάδελφοι,
1537 891 1627 944 διὰ
1685 892 1776 946 τὸν
1824 895 2035 968 Μωσῆν

423 967 500 1032 ὡς
523 972 835 1040 είρὴκαμεν
861 975 1214 1044 αἰχμάλωτον
1247 980 1390 1047 μετὰ
1421 980 1516 1033 τοῦ
1565 985 1774 1056 πατρὸς
1831 987 2030 1041 ἑναπου

428 1063 718 1132 μείναντα.
762 1067 1116 1137 Ἰωσοὺφ,ιώς
1147 1073 1400 1142 εἴπομεν,
1445 1077 1740 1143 φωτισθεὶς
1771 1080 1836 1150 τῇ
1870 1081 2031 1153 αἴγλῃ

423 1157 519 1210 τοῦ
577 1159 736 1226 ἁγίου
797 1161 1118 1230 Πνεύματος
1167 1167 1496 1235 Χριστιανὸς
1547 1174 1816 1242 ἐγεγόνει,
1884 1177 1932 1229 οἱ
1974 1176 2033 1230 δὲ

424 1251 608 1320 ἕτεροι
665 1253 943 1320 ἀναμέσον
986 1257 1325 1328 διεφέροντο,
1361 1263 1459 1314 καὶ
1502 1266 1687 1337 μάχης
1725 1271 2032 1341 γενομένης

423 1347 492 1395 τὰ
532 1346 622 1397 τοῦ
669 1347 873 1400 Ἰεσσαὶ
914 1349 1096 1418 ὀλίγον
1128 1352 1322 1420 καιρὸν
1383 1355 1747 1428 ὑπερίσχυσε.
1782 1361 1894 1414 Καὶ
1940 1381 2031 1432 cpt-

421 1438 543 1490 λίαν
574 1441 823 1509 μεγάλην
860 1442 1002 1512 ἔχων
1029 1446 1167 1516 μετὰ
1200 1449 1296 1502 τοῦ
1324 1449 1595 1517 βασιλέως
1621 1454 1729 1524 κύρ
1771 1452 2027 1527 Μανουὴλ

421 1535 518 1587 καὶ
551 1538 783 1603 στρατὸν
813 1539 1184 1606 συναθροίσας
1212 1546 1356 1597 κατὰ
1373 1546 1470 1598 τοῦ
1497 1548 1671 1619 ρηγὸς
1700 1551 2027 1624 Οὐγγαρίας

425 1627 601 1681 ἐλθὼν
635 1631 790 1683 οὐδὲν
822 1631 1183 1702 κατώρθωσε.
1242 1636 1354 1691 Καὶ
1415 1642 1557 1693 κατὰ
1612 1639 1706 1695 τοῦ
1759 1642 2024 1699 δεσπότου

421 1719 655 1788 Σερϐίας
691 1721 864 1776 ἐλθὼν
893 1723 1048 1777 οὐδὲν
1097 1727 1249 1796 αὐτῷ
1282 1732 1560 1800 χρήσιμον
1605 1735 1872 1804 ἐγεγόνει.
1913 1739 2025 1792 Καὶ

423 1812 672 1880 περάσας
702 1817 760 1867 ὲν
798 1817 868 1883 τῇ
905 1816 1066 1887 Ἀσίᾳ.
1121 1817 1210 1871 ἵνα
1266 1821 1396 1893 ἔλθῃ
1433 1825 1574 1878 κατὰ
1619 1825 1715 1879 τοῦ
1783 1828 2022 1898 ἀδελφοῦ

421 1903 881 1976 Μουσουλμάνου,
913 1909 1011 1962 καὶ
1061 1912 1142 1974 είς
1173 1911 1244 1966 τὰ
1305 1914 1452 1986 μέρη
1489 1917 1590 1984 τῆς
1639 1919 2026 1978 Καππαδοκῶν

419 1997 698 2068 ἐπαρχίας
749 2003 1191 2072 συναντήσαντος
1232 2007 1446 2061 ἐκείνου
1513 2009 1714 2065 Ἰεσσαὶ
1765 2015 2028 2084 ἡττηθεὶς

420 2094 611 2160 ἔφυγε,
647 2096 738 2146 καὶ
765 2096 825 2146 ἐν
853 2095 933 2164 τῷ
973 2097 1200 2164 φεύγειν
1247 2101 1550 2167 πιάσαντες
1611 2105 1777 2158 αὐτὸν
1818 2113 2026 2178 προσή-

419 2193 593 2257 γαγον
617 2188 694 2258 τῷ
726 2189 945 2261 ἀδελφῷ
972 2209 986 2221 ·
1023 2193 1052 2244 6
1082 2192 1139 2246 δὲ
1188 2195 1558 2264 ὲναπέπνιξεν
1590 2199 1752 2253 αὐτὸν
1804 2201 2025 2268 σταθεὶς

418 2285 478 2336 ἐν
520 2285 586 2355 τῇ
628 2285 772 2356 ἀρχῇ
807 2284 1009 2354 μῆνας.
1053 2325 1069 2342 .
1107 2324 1122 2340 .

490 2383 602 2448 κη’.
658 2379 768 2432 Καὶ
829 2381 856 2433 6
909 2381 1344 2453 Μουσουλμόινος
1395 2387 1673 2459 ἐγκρατὴς
1727 2391 2024 2464 γενόμενος

417 2471 520 2540 τῆς
554 2471 754 2543 ἀρχῆς.
812 2473 842 2526 6
875 2474 1161 2546 Ντεμίρης
1198 2476 1393 2532 ἔπειτα
1424 2481 1519 2535 τὸν
1580 2483 1815 2554 ἀδελφὸν
1851 2485 2022 2540 αὐτοῦ

417 2565 628 2636 Μωσῆν
665 2566 1064 2638 ἠλευθέρωσεν,
1095 2570 1154 2633 6;
1203 2573 1460 2642 περάσας
1486 2577 1718 2646 κρυφῶς
1744 2573 1914 2651 ἦλθεν
1964 2582 2023 2635 ὲν

417 2663 484 2728 τῇ
519 2659 784 2731 Εὐρώπῃ,
819 2661 970 2715 καὶὸ
1015 2663 1286 2735 δεσπότης
1339 2667 1574 2736 Σερὸίας
1620 2673 1778 2741 χεῖρα
1830 2672 2023 2744 ἱκανὴν

417 2753 600 2818 δώσας
635 2755 731 2810 καὶ
763 2755 1038 2828 βοηθήσας
1075 2755 1245 2829 αὐτῷ,
1277 2759 1425 2830 λέγω
1474 2763 1552 2831 τῷ
1585 2765 1782 2837 Mani},
1815 2766 2020 2837 ἐγκρα-

418 2849 520 2920 τὴς
548 2851 696 2905 κατὰ
739 2850 841 2918 τῆς
894 2851 1170 2924 Εὐρώπης
1204 2855 1476 2924 ἐγεγόνει.
1509 2857 1713 2914 Μαθὼν
1756 2861 1814 2914 δὲ
1865 2859 2024 2915 τοῦτο

416 2945 448 2998 6
477 2943 708 3013 ἁδελφὸς
731 2943 899 2998 αὐτοῦ
929 2945 1362 3017 Μουσουλμάνος
1395 2951 1454 3004 ὲν
1516 2954 1582 3024 τῇ
1626 2953 1785 3025 Ἀσίᾳ
1848 2956 2022 3024 περά-

419 3053 519 3099 σας
539 3035 626 3091 διὰ
653 3035 755 3107 τῆς
797 3035 1006 3101 πόλεως
1039 3037 1150 3109 87
1187 3039 1362 3094 ἐλθεῖν
1419 3043 1566 3097 κατὰ
1621 3043 1716 3097 τοῦ
1760 3045 2018 3114 ἀδελφοῦ,

2143 523 2487 588 γεγονότοςό
2522 524 2955 595 Μουσουλμάνος
2999 529 3105 582 ὐπὸ
3133 532 3226 584 τοῦ
3268 534 3426 607 Μωσῆ
3475 540 3687 620 ἐνικήθη,

2141 620 2236 668 καὶ
2274 617 2530 682 πιασθεὶς
2566 618 2661 671 ὐπ’
2688 620 2855 674 αὐτοῦ
2889 622 3230 698 ἐθανατώθη.

2210 707 2314 762 κθ’.
2337 711 2446 762 Καὶ
2469 713 2497 765 ό
2533 711 2741 782 Μωσῆς
2772 715 3070 785 γενόμενος
3100 720 3200 789 τῆς
3245 721 3370 792 ὅλης
3400 725 3564 798 ἀρχῆς
3606 729 3694 785 κύ.

2139 817 2258 870 ριος
2305 802 2494 855 στόλον
2520 805 2788 874 ἡτοίμασε
2821 807 2911 861 διὰ
2943 806 3224 882 θαλάσσης
3255 813 3348 867 καὶ
3377 820 3592 888 στρατὸν
3617 818 3694 877 διὰ

2139 890 2311 961 ξηρᾶς
2353 892 2533 947 ἐλθεῖν
2567 898 2712 949 κατὰ
2742 899 2842 969 τῆς
2894 901 3124 966 πόλεως.
3196 905 3394 960 Μαθὼν
3446 907 3499 964 δὲ
3543 909 3692 970 ταῦτα

2133 987 2162 1037 6
2197 985 2454 1054 βασιλεὺς
2481 987 2592 1040 τῶν
2632 984 2946 1055 Ῥωμαίων,
2989 991 3302 1064 Ῥωμαϊκὸν
3341 1001 3516 1055 στόλον
3566 1005 3692 1059 ἑτοι-

2138 1079 2321 1149 μάσας
2363 1081 2460 1134 καὶ
2509 1083 2902 1156 οἰκονομήσας.
2968 1081 3336 1159 δρουγγάριον
3372 1098 3695 1168 καταστήσας

2133 1172 2392 1244 Μανουὴλ
2416 1173 2508 1226 τὸν
2537 1173 2693 1228 νόθον
2737 1177 2986 1246 ἀδελφὺν,
3043 1183 3140 1233 καὶ
3177 1183 3342 1252 ἐγγὺς
3401 1186 3494 1257 τῆς
3549 1193 3695 1260 νήσου

2131 1266 2229 1337 τῆς
2265 1266 2570 1338 λεγομένης
2612 1268 2833 1340 Πλάτης
2881 1272 2932 1325 oi
2985 1275 3163 1328 στόλοι
3221 1280 3641 1351 συναντηθὲντες,
3671 1285 3698 1338 ό

2130 1359 2224 1413 τοῦ
2251 1361 2428 1430 Μωσῆ
2468 1363 2657 1426 στόλος
2693 1361 2929 1436 ἐσφάλη,
2969 1367 3067 1420 καὶ
3105 1367 3272 1440 μέρος
3302 1371 3400 1440 μέν
3449 1389 3498 1425 τι
3551 1391 3698 1430 κατε·

2130 1453 2396 1523 ποντίσθη
2434 1455 2600 1526 μέρος
2632 1455 2686 1510 δὲ
2718 1457 3003 1528 ἐϐυθίσθη,
3032 1461 3127 1516 καὶ
3155 1463 3224 1517 τὰ
3264 1465 3702 1541 ἐναπολειφθέντα

2131 1548 2276 1602 πάνυ
2303 1547 2463 1616 ὀλίγα
2487 1549 2748 1619 πλοιάρια
2772 1553 2961 1616 κακῶς
2995 1555 3222 1624 ἔφυγον,
3243 1560 3340 1613 καὶ
3362 1561 3394 1630 ἡ
3424 1563 3543 1634 νίκη
3575 1561 3696 1617 Ῥω·

2132 1641 2314 1707 μαίοις
2352 1634 2440 1713 ἦν.
2477 1642 2588 1695 Καὶ
2639 1643 2703 1696 ἐκ
2753 1645 2854 1715 τῆς
2899 1645 3074 1719 ξηρᾶς
3128 1649 3197 1704 τὰ
3249 1652 3408 1723 ὃμοια
3454 1654 3483 1708 6
3514 1656 3697 1727 Μωσῆς

2129 1733 2356 1790 ἔπαθεν.
2419 1733 2662 1788 Ἀκούων
2697 1738 2873 1793 ταῦτα
2910 1741 3225 1814 ἀνεχώρησε
3268 1747 3408 1815 μετὰ
3437 1748 3692 1820 αἰσχύνης.

2131 1827 2244 1880 Kal.
2273 1823 2430 1892 αὖθις
2459 1831 2488 1882 6
2515 1828 2773 1898 βασιλεὺς
2805 1834 3116 1903 μεθοδεύων
3157 1841 3411 1909 μηχανὰς
3453 1841 3534 1896 ἴνα
3575 1860 3696 1897 παν-

2128 1919 2300 1984 τελῶς
2348 1922 2552 1994 νικήσῃ
2599 1922 2693 1978 τὸν
2751 1924 3016 1996 Μωῦσῆν,
3074 1930 3295 1996 στείλας
3328 1935 3386 1986 ιν
3441 1937 3506 2006 τῇ
3564 1935 3700 2007 Ἀσίᾳ

2129 2013 2294 2084 ἔφερε
2325 2013 2417 2068 τδν
2444 2013 2543 2070 τοῦ
2591 2017 3027 2088 Μουσουλμάνου
3065 2022 3180 2075 υίὸν
3251 2023 3517 2098 Ὀρχάνην
3540 2029 3624 2082 καὶ
3648 2031 3697 2082 ὲν

2128 2109 2194 2176 τῇ
2226 2105 2466 2179 Εὐρώπῃ
2490 2107 2761 2181 αὐθέντην
2793 2109 3052 2167 ἐπέϐαλε.
3079 2112 3191 2166 Καὶ
3220 2115 3460 2186 πολέμου
3495 2116 3699 2185 γεγονό-

2127 2219 2219 2266 τος
2251 2202 2320 2255 τὰ
2381 2201 2480 2256 τοῦ
2535 2201 2809 2273 Ὀρχάνου
2864 2206 3204 2276 ἐσφάλησαν,
3246 2209 3699 2273 ὲπιὸουλευθέντος

2128 2295 2286 2366 παρὰ
2338 2294 2433 2348 τοῦ
2500 2295 2847 2369 κυδερνήτου
2897 2300 2990 2353 καὶ
3047 2299 3272 2371 πρώτου
3321 2303 3509 2376 βεζίρη
3554 2301 3699 2357 αὐτοῦ

2127 2389 2425 2459 Σαμπάνη,
2457 2391 2554 2444 καὶ
2588 2391 2795 2454 πιάσας
2829 2391 2992 2448 αὐτὸν
3022 2395 3050 2448 6
3083 2396 3294 2468 Μωσῆς
3327 2399 3355 2451 6
3385 2397 3523 2458 θεῖος
3550 2390 3697 2451 αὐτοῦ

2125 2476 2436 2546 ἐτύφλωσε.
2501 2480 2798 2552 Μεεμέτης
2844 2481 2900 2536 δὲ
2951 2486 2980 2538 6
3034 2485 3402 2558 ὑστερογενὴς
3455 2488 3565 2552 υίὸς
3616 2485 3700 2542 τοῦ

2125 2570 2535 2640 Μπαγιαζήτου
2567 2571 2655 2626 διὰ
2686 2573 2746 2626 τὸ
2774 2570 2918 2627 εἶναι
2967 2577 3032 2630 ὲκ
3059 2577 3286 2633 πάντων
3316 2579 3572 2652 νεώτερος
3617 2578 3700 2633 καὶ

2125 2661 2233 2714 ὐπὸ
2267 2663 2378 2716 τῶν
2409 2663 2523 2734 88
2567 2664 2817 2734 ἀδελφῶν
2875 2669 3096 2722 πάντων
3155 2672 3494 2745 φοϐούμενος
3533 2672 3698 2743 φυγὼν

2085 2805 2090 2810 ,
2125 2747 2289 2823 ἦλθεν
2320 2755 2377 2807 ἓν
2411 2773 2516 2807 τινι
2546 2756 2697 2825 τόπῳ
2731 2757 2872 2825 μετά
2902 2776 3047 2823 τινος
3098 2762 3352 2831 τεχνίτου
3405 2760 3697 2830 τοξοποιοῦ,

2123 2845 2222 2898 καὶ
2271 2848 2390 2900 ἐκεῖ
2447 2849 2720 2917 μισθωτὸς
2776 2849 3018 2918 ἐγένετο,
3053 2841 3167 2906 ’ἵνα
3212 2854 3296 2927 μὴ
3347 2853 3560 2927 γνωσθῇ
3601 2854 3698 2916 τοῖς

2125 2939 2378 3009 ἀδελφοῖς
2418 2956 2431 2970 '
2482 2942 2802 3012 ἁνδρυνθεὶς
2860 2944 2918 2998 δὲ
2971 2947 3038 3016 τῇ
3093 2946 3292 3020 ἡλικίᾳ
3339 2949 3518 3019 όλίγον
3577 2948 3698 3020 μετὰ

2125 3033 2387 3104 τοιαύτης
2408 3037 2736 3106 κακουχίας,
2768 3035 2996 3108 θεωρῶν
3033 3038 3210 3106 οὕτως
3241 3043 3438 3116 ἔχοντα
3469 3043 3537 3098 τὰ
3575 3041 3697 3112 πρά-

417 3131 516 3186 καὶ
564 3129 752 3201 φιλίαν
787 3131 1032 3201 μεγάλην
1083 3133 1228 3200 μετὰ
1259 3134 1355 3188 τοῦ
1400 3135 1669 3206 βασιλέως
1719 3138 1880 3210 ἔχων,
1925 3142 2020 3194 καὶ
2050 3138 2092 3194 c
2125 3145 2334 3196 γματαν
2368 3129 2462 3181 καὶ
2496 3128 2659 3196 αὐτὸς
2705 3133 2771 3202 τῇ
2813 3131 2917 3201 τῆς
2961 3133 3134 3205 τύχης
3173 3139 3324 3210 φορᾷ
3376 3138 3699 3212 χρησάμενος

417 3225 521 3296 τὴν
586 3224 863 3297 θυγατέρα
932 3228 1029 3279 τοῦ
1086 3226 1352 3283 δεσπότου
1400 3231 1495 3283 τοῦ
1562 3233 1669 3308 κύρ
1733 3234 2016 3305 Θεοδώρου

416 3315 596 3381 δώσας
623 3317 774 3388 αὐτῷ
796 3319 878 3382 είς
914 3319 1174 3388 γυναῖκα,
1206 3323 1236 3390 ἡ
1247 3321 1314 3390 μέ
1325 3340 1426 3393 ρας
1453 3322 1639 3394 ὀλίγας
1671 3326 1729 3378 ἐν
1774 3330 1839 3398 τῇ
1863 3327 2017 3382 πόλει

419 3500 537 3571 qui,
567 3499 752 3555 audita
787 3509 960 3556 morte
985 3503 1178 3572 patris,
1209 3519 1307 3575 pro
1330 3521 1389 3560 se
1417 3507 1648 3576 quisque
1677 3510 2018 3580 nitebantur,

418 3605 476 3649 ut
508 3609 676 3666 regno
709 3603 939 3664 paterno
973 3598 1304 3663 potirentur.
1355 3597 1675 3659 Transeunt
1728 3603 1781 3658 in
1839 3603 2017 3662 Euro-

417 3703 538 3756 patn
565 3687 761 3742 fratres
785 3688 1030 3757 germani
1055 3701 1325 3758 quatuor;
1345 3691 1548 3748 Mosem
1572 3697 1717 3750 enim
1743 3699 2016 3769 captivum

417 3781 592 3837 fuisse
625 3797 748 3836 cum
806 3792 980 3850 patre,
1017 3785 1364 3852 monuimus;
1421 3787 1662 3844 diximus
1699 3791 1890 3858 etiam,
1919 3791 2018 3848 Joo

417 3876 674 3946 suplmm,
701 3872 938 3945 Spiritus
966 3879 1140 3933 sancti
1167 3878 1372 3936 lumine
1401 3880 1711 3953 impletum,
1741 3885 2016 3944 Christia-

416 3985 546 4024 num
603 3967 801 4024 factum
853 3985 998 4025 esse.
1051 3967 1266 4039 Ras-liqui
1317 3973 1459 4029 inter
1513 3991 1574 4031 se
1628 3977 2013 4037 dissidebant.

417 4060 613 4116 Prmlio
643 4061 806 4125 facto,
848 4077 998 4116 arma
1043 4060 1228 4118 Jesses
1259 4065 1574 4136 aliquandiu
1623 4071 2012 4138 praevalebant.

416 4158 488 4223 ls,
537 4167 688 4212 arcta
742 4155 985 4211 amicitia
1023 4173 1147 4212 cum
1207 4159 1536 4228 imperatore
1585 4162 1832 4220 Manuele
1885 4180 2018 4220 con-

411 4252 659 4317 junctus,
694 4251 941 4306 collectis
973 4254 1169 4322 capiis,
1206 4255 1476 4310 adversus
1510 4253 1895 4327 Hungarorum
1931 4273 2016 4313 re-

415 4358 534 4413 gem
565 4343 846 4415 profectus
887 4355 992 4410 est,
1035 4360 1135 4400 nec
1165 4353 1345 4400 tamen
1379 4348 1678 4418 quidquam
1732 4352 1880 4422 egit;
1915 4362 2014 4409 nec

418 4438 622 4493 Servis:
679 4438 962 4508 despotam
1023 4453 1302 4509 aggressa,
1365 4440 1735 4510 expeditionis
1799 4443 2014 4502 fructus

2123 3223 2296 3276 ταῦτα
2331 3222 2706 3292 συλλογίξεται
2729 3228 2826 3282 καὶ
2860 3229 2997 3299 πρὸς
3027 3230 3120 3285 τὸν
3171 3231 3406 3305 ἀμηρᾶν
3445 3231 3697 3307 Καραμά·

2122 3332 2216 3370 νον
2269 3318 2327 3369 ἐν
2375 3319 2440 3390 τῇ
2503 3320 2879 3395 Καππαδοκίᾳ
2931 3323 3164 3396 ἔρχεταί
3221 3325 3485 3401 βοήθειαν
3528 3325 3696 3382 αίτῶν.

2124 3499 2315 3553 movit.
2354 3497 2556 3556 Prmlio
2585 3502 2908 3569 commisso,
2975 3501 3356 3564 Musulmanus
3389 3523 3418 3563 a
3450 3505 3593 3564 Moss
3619 3503 3702 3560 dc-

2123 3593 2316 3656 victus,
2351 3605 2544 3662 captus
2576 3603 2630 3648 et
2667 3606 2893 3650 necatus
2924 3605 3031 3651 est.

2190 3683 2283 3739 9.9.
2310 3683 2506 3748 Moses,
2535 3687 2792 3740 universo
2859 3701 3026 3757 regno
3049 3688 3281 3758 potitus,
3309 3689 3533 3747 classem
3561 3688 3703 3744 ador-

2124 3785 2238 3841 nat,
2278 3792 2385 3847 qua
2411 3779 2571 3842 mari,
2607 3781 2935 3844 exercitum,
2973 3795 3085 3851 quo
3119 3789 3270 3838 terra
3313 3787 3505 3838 urbem
3531 3797 3700 3853 aggre-

2122 3868 2368 3923 deretur.
2408 3867 2524 3934 Qua
2558 3884 2620 3924 re
2655 3880 2958 3941 comperta,
2999 3871 3312 3942 imperator
3339 3890 3553 3948 quoque
3601 3875 3697 3927 lto-

2122 3977 2408 4016 manorum
2432 3963 2658 4018 classem
2697 3973 2928 4034 paratet
2952 3967 3194 4029 instruit.
3243 3971 3339 4024 cui
3369 3967 3698 4039 drungarium

2120 4056 2358 4123 praefecit
2397 4054 2720 4122 ManueIem,
2756 4058 2976 4112 fratrem
3010 4063 3266 4116 nothum.
3296 4061 3377 4118 Ad
3416 4061 3598 4117 Piaten
3627 4059 3699 4113 in-

2119 4148 2296 4203 sulam
2333 4149 2539 4202 classes
2562 4149 2671 4203 sibi
2698 4159 2998 4205 occurrunt
3030 4171 3043 4206 :
3071 4165 3241 4208 naves
3261 4154 3430 4212 Musis
3467 4154 3696 4216 devictze,

2119 4243 2317 4311 partim
2336 4242 2620 4309 demersae,
2641 4245 2838 4310 partim
2861 4255 3036 4314 captae
3051 4255 3208 4301 sunt:
3230 4263 3409 4319 pauca
3428 4247 3699 4306 admodum

2119 4337 2362 4407 navigia,
2391 4352 2514 4407 quae
2533 4325 2846 4401 restabant,
2881 4340 3114 4410 turpiter
3159 4339 3454 4410 fugerunt:
3491 4339 3696 4396 victoria

2119 4447 2286 4502 penes
2306 4430 2585 4487 Romanos
2619 4433 2792 4488 stetit.
2825 4433 3071 4488 Similem
3104 4435 3154 4490 in
3195 4447 3344 4490 terra
3371 4437 3578 4494 cladem
3599 4431 3688 4489 ﬂo-

415 4533 698 4588 constitit:
727 4538 805 4595 et,
836 4545 960 4586 cum
999 4531 1050 4586 in
1081 4531 1266 4586 Asiam
1322 4534 1652 4604 traiecisset,
1705 4534 2010 4592 Musulma-

2124 4541 2207 4581 ses
2229 4525 2462 4595 accepit.
2493 4523 2620 4580 Haec
2651 4524 2740 4580 ubi
2761 4526 2954 4594 audiit,
2972 4542 3098 4582 cum
3119 4528 3418 4597 ignominia
3469 4526 3697 4585 recessit.

417 4642 546 4682 num
574 4625 798 4680 fratrem
822 4624 1137 4686 adorturus,
1167 4626 1220 4678 in
1249 4624 1638 4697 Cappadocum
1661 4629 1861 4685 finibus
1882 4645 2008 4685 cum

412 4732 481 4772 eo
507 4731 860 4786 congressus,
895 4715 1117 4786 fugatus
1145 4725 1227 4771 est
1266 4728 1346 4782 et,
1381 4719 1433 4772 in
1485 4718 1609 4790 fuga
1646 4725 2010 4790 comprehen-

414 4827 528 4874 sus,
568 4812 634 4865 ad
664 4810 889 4864 fratrem
921 4812 1213 4875 adductus,
1249 4814 1338 4880 qui
1369 4827 1493 4867 eum
1533 4815 1867 4886 strangulari
1887 4816 2012 4886 jus-

410 4904 500 4959 sit.
541 4903 769 4972 imperio
802 4903 1031 4971 potitum
1062 4917 1273 4957 nienses
1387 4943 1400 4956 .

479 4997 575 5055 28.
604 4995 794 5068 [legito
825 5012 855 5052 a
891 4994 1232 5052 Musulmano
1264 5007 1553 5066 occupato,
1596 4998 1840 5058 Demires
1889 5002 2004 5058 Mo—
2053 5049 2060 5058 .

409 5105 547 5155 sem,
604 5089 836 5144 fratrem
869 5088 1010 5158 ejus,
1049 5089 1275 5144 liberum
1338 5089 1569 5157 dimisit,
1620 5093 1712 5162 qui
1750 5094 1890 5149 clam
1950 5095 2002 5150 in

408 5183 683 5252 Europam
726 5191 1110 5249 transgressus
1132 5193 1184 5236 et
1217 5197 1245 5236 a
1275 5183 1499 5252 despota
1552 5185 1759 5240 Servire
1800 5187 2005 5243 sollici-

407 5284 533 5329 ente
570 5289 730 5328 manu
795 5274 1099 5328 inStruclus
1133 5284 1189 5328 et
1244 5275 1484 5346 adjutus,
1523 5292 1586 5331 ea
1625 5288 1780 5349 parte
1833 5295 2004 5351 supe—

411 5368 516 5420 rior
549 5369 627 5420 lit.
661 5363 770 5419 iloc
799 5381 920 5418 cum
951 5367 1187 5433 primum
1215 5365 1615 5438 Musulmanus,
1663 5372 1834 5426 frater
1861 5371 2001 5442 ejus,

407 5459 462 5513 in
485 5459 612 5512 Asia
662 5459 891 5526 accepit,
915 5459 966 5511 in
997 5457 1271 5529 Europam
1301 5460 1542 5532 trajecit,
1569 5474 1628 5519 ut
1655 5480 1749 5535 per
1800 5463 2007 5537 Byzan-

409 5553 544 5606 tium
589 5552 738 5605 fratri
770 5551 983 5604 obviam
1019 5553 1158 5619 iret;
1190 5562 1266 5618 et,
1299 5554 1558 5624 quoniam
1602 5571 1724 5611 eum
1749 5575 1854 5614 non
1891 5560 2007 5615 vul-

405 5641 552 5709 garis
583 5641 820 5696 amicitia
853 5657 975 5696 cum
1037 5643 1374 5715 imperatore
1433 5645 1819 5719 coniungebat,
1850 5652 2004 5723 isque

321 5801 324 5804 ,
408 5735 677 5791 Theodori
711 5736 952 5807 despotze
974 5737 1204 5794 liliamci
1230 5737 1458 5794 dederat
1482 5740 1536 5796 in
1564 5743 2000 5812 matrimonium,

410 5826 528 5883 dies
561 5830 761 5891 aliquot
816 5830 872 5886 in
915 5831 1045 5888 urbe
1103 5841 1492 5896 commoratus.
1553 5842 1745 5892 contra
1795 5830 2000 5896 Moscm

2120 4619 2420 4690 Imperator
2443 4623 2621 4675 denuo
2651 4621 2973 4692 excogitatis
3005 4623 3237 4689 artibus,
3263 4625 3466 4695 quibus
3491 4634 3700 4693 prorsus

2120 4713 2434 4768 devinceret
2493 4711 2719 4777 Mosem,
2747 4715 2934 4770 missis
2957 4715 3011 4770 in
3033 4715 3220 4771 Asiam
3249 4717 3470 4788 legatis,
3506 4713 3700 4771 Orchao

2119 4823 2267 4874 nem,
2299 4807 2621 4864 Musulmani
2646 4807 3140 4876 filinm,arcessivit
3163 4820 3214 4864 et
3238 4811 3523 4882 inEuropa
3545 4806 3705 4864 domi-
3743 4879 3759 4894 .

2119 4918 2246 4957 num
2264 4903 2577 4971 constituit,
2593 4914 2651 4958 at
2667 4903 2882 4958 collatis
2899 4903 3092 4974 signis,
3111 4903 3396 4960 succubuit
3413 4903 3699 4966 Orcbanes,
3755 4905 3768 4916 “
3850 4944 3862 4959 .

2117 5011 2147 5050 a
2167 4995 2304 5051 duce
2333 5011 2435 5051 suo
2452 5005 2507 5048 et
2527 4997 2787 5065 primario
2814 4997 2998 5052 veziro
3025 4995 3244 5052 Sabaue
3281 4996 3550 5068 proditus.
3575 4995 3702 5063 Cap-

2117 5099 2228 5146 tum
2261 5089 2439 5146 Moses
2467 5073 2696 5159 patruus
2727 5090 2904 5145 oculis
2951 5088 3206 5160 privavit.
3244 5089 3573 5145 Mebemetes
3611 5102 3702 5141 au.

2117 5194 2250 5250 tem,
2283 5184 2428 5239 tilius
2458 5181 2731 5253 Bajazetis
2764 5191 2893 5238 natu
2926 5183 3205 5250 minimus,
3262 5178 3498 5238 fratrum
3530 5181 3698 5237 omni-

2116 5293 2206 5332 um
2239 5285 2406 5344 metu,
2437 5291 2563 5330 cum
2601 5277 2838 5344 quodam
2890 5270 3102 5330 artifice
3143 5276 3398 5329 arcuario
3456 5276 3506 5330 iu
3532 5275 3699 5328 locum

2113 5367 2409 5439 quemdam
2446 5367 2678 5438 aufugit,
2709 5368 2796 5422 ubi
2827 5367 3202 5422 mercenarius
3237 5365 3394 5428 risit,
3426 5378 3493 5418 ne
3521 5361 3700 5418 fratri-

2115 5462 2220 5519 bus
2287 5464 2678 5517 lnnotcscerct.
2713 5456 2898 5517 Αῖιοιε
2933 5459 3096 5528 paulo
3125 5459 3390 5531 grandior
3443 5457 3613 5512 factus
3651 5456 3698 5508 in

2114 5557 2204 5610 vili
2271 5555 2374 5610 bac
2403 5557 2736 5621 conditione,
2769 5570 2937 5625 quum
2987 5567 3167 5608 rerum
3220 5560 3428 5606 statum
3464 5548 3692 5605 conside.

2113 5658 2313 5713 rasset,
2353 5649 2466 5718 ipse
2501 5663 2720 5719 quoque
2753 5648 2984 5702 fortuna:
3010 5659 3070 5701 se
3102 5644 3371 5717 permisit,
3413 5652 3468 5698 et
3501 5642 3566 5696 ad
3596 5639 3694 5694 Ca-

2114 5757 2400 5796 ramanum
2429 5756 2670 5795 ameralu
2698 5742 2753 5795 in
2787 5737 3562 5822 Cappadociamconfugiens,
3587 5731 3696 5800 ejus

2112 5835 2376 5893 auxilium
2411 5835 2701 5904 implorat:
2736 5837 2911 5892 amice
2934 5837 3002 5894 ab
3033 5850 3097 5894 co
3121 5840 3371 5901 receptus
3394 5839 3448 5887 ct
3472 5831 3696 5885 instruc-
