4000 6418
288 349 402 439 τοο

1380 334 1829 400 CHRONICON
1873 335 2143 400 MAJUS.
2172 360 2243 374 -⁴
2285 335 2430 402 LIB.
2480 338 2525 398 ῐ.

3469 339 3574 402 710

291 431 406 525 ιέαὶ
434 469 465 521 δ
494 465 719 536 ἀμηρᾶς
755 459 1097 531 Καραμάνος
1150 431 1446 525 δεξάμενος
1489 454 1655 509 αὐτὸν
1712 453 1884 524 ἡδέως
1919 454 1964 512 Δ
1992 452 2202 520 ἐδίωξε,
2234 453 2337 525 τὴν
2358 453 2632 508 Γαλατίαν
2662 454 3069 508 Καππαδοκίαν
3106 471 3175 523 τε,
3215 455 3310 508 καὶ
3371 455 3578 510 Πόντον

293 563 393 617 καὶ
418 562 583 630 χεῖρα
610 556 792 618 δώσας
823 552 1050 624 ἐξῆλθεν
1073 543 1230 613 οὗτος
1285 551 1428 602 κατὰ
1473 546 1570 600 τοῦ
1620 544 1881 600 αύταδέλ-

294 672 400 723 φου
431 649 628 719 Μωσῆ.
676 647 911 720 Πρώτης
943 646 1038 699 καὶ
1065 644 1328 713 δευτέρας
1365 643 1544 712 μάχης
1578 637 1880 707 γενομένης

292 749 321 803 ὁ
353 744 447 800 τοῦ
486 743 664 812 Μωσῆ
694 742 926 811 στρατὸς
968 739 1304 810 ὑπερίσχυσε
1353 737 1447 788 καὶ
1500 737 1528 788 ὁ
1589 732 1880 801 Μεεμέτης

293 840 434 894 καὶό
460 835 692 908 στρατὸς
736 833 906 887 αὐτοῦ
957 828 1483 902 διεσκορπίσθησαν.
1550 827 1645 879 Ἐκ
1694 825 1879 894 τρίτου

294 931 351 984 δὲ
377 929 476 1000 τὴν
501 924 674 1000 τύχην
695 926 1059 994 λογισάμενος
1101 922 1420 992 δοκιμάσαι,
1477 920 1618 989 πρὸς
1653 921 1747 971 τδν
1779 917 1881 986 τῆς

299 1021 528 1092 Σερὸίας
555 1027 654 1074 καὶ
685 1016 1032 1087 Βουλγαρίας
1067 1013 1333 1084 αὐθέντην
1362 1011 1458 1067 καὶ
1491 1013 1628 1081 πρὸς
1669 1012 1758 1065 τὸν
1792 1008 1882 1077 βα-

301 1114 461 1168 σιλέα
519 1112 693 1167 ιλθὼν
752 1111 1011 1180 βοήθειαν
1069 1109 1294 1178 αἰτῆσαι
1361 1107 1495 1176 παρ’
1541 1105 1744 1169 αὐτῶν,
1789 1105 1882 1158 καὶ

296 1205 567 1268 δὼσαντες
598 1203 747 1273 αὐτῷ
789 1204 948 1273 χεῖρα
983 1200 1179 1269 ἱκανὴν
1232 1201 1327 1253 καὶ
1373 1197 1608 1270 στρατὸν
1662 1196 1882 1267 ἐξῆλθεν

293 1298 454 1361 αὖθις
511 1297 653 1352 κατὰ
694 1296 788 1350 τού
839 1294 1017 1361 Μωσῆ
1051 1311 1066 1326 ⁸
1113 1295 1205 1347 καὶ
1267 1293 1445 1362 μάχης
1501 1292 1800 1361 γενομένης
1856 1292 1882 1342 ὁ

296 1391 589 1461 Μεεμέτης
635 1390 922 1458 ἀπατήσας
967 1389 1106 1458 μετὰ
1151 1386 1453 1457 χρημάτων
1500 1384 1728 1445 πολλοὺς
1771 1380 1884 1434 τῶν

299 1485 534 1556 πρώτων
589 1482 938 1553 στρατηγοὺς
983 1480 1082 1534 καὶ
1137 1479 1482 1549 κυϐερνήτας
1532 1478 1626 1530 τοῦ
1683 1475 1882 1542 Μωσῆ,

298 1580 528 1648 ἀφέντες
553 1577 720 1631 αὐτὸν
755 1575 956 1644 ἔφυγον
987 1572 1125 1643 πρὸς
1181 1570 1273 1625 τὸν
1325 1570 1635 1638 Μεεμέτην.
1707 1567 1768 1622 '0
1827 1567 1883 1620 δὲ.

297 1673 505 1741 Μωσῆς
537 1670 661 1724 ἰδὼν
685 1671 782 1723 καὶ
813 1665 974 1730 αὐτὸς
1003 1667 1085 1728 είς
1135 1664 1315 1734 φυγὴν
1367 1663 1584 1732 ἐτράπη
1649 1662 1740 1713 καὶ
1793 1661 1882 1714 ὲλ-

303 1762 413 1818 θὼν
441 1763 499 1817 έν
548 1779 660 1816 τινι
696 1759 850 1831 τόπῳ
911 1757 1106 1812 ύλώδει
1169 1756 1422 1825 ὲκρύεηο
1472 1753 1531 1806 δν
1578 1753 1753 1822 εὑρών
1799 1752 1940 1831 τιςέ

1987 547 2082 600 καὶ
2115 547 2215 600 ὅσα
2243 547 2346 616 τῆς
2374 546 2584 602 ἄνωθεν
2626 547 2816 609 Ἀσίας
2848 547 3131 618 ἐκέρδησε.
3182 547 3288 599 Τὸν
3353 548 3579 614 Ἰσμαὶλ

1985 639 2212 709 ἀμηρᾶν
2237 638 2332 693 τοῦ
2379 637 2657 692 Σινωπίου
2717 638 2955 708 ὑποτελῆ
3014 639 3260 709 ἐποίησε,
3315 639 3411 691 καὶ
3468 639 3581 691 ἀπὸ

1984 732 2188 793 Λυδίας
2231 732 2335 796 ἕως
2370 733 2615 793 Αἰολίδος
2677 733 2771 786 καὶ
2832 733 2962 803 ἄχρι
3007 735 3226 793 Mucia;
3284 733 3384 803 τῆς
3441 734 3578 802 τρες

1987 825 2081 878 τὸν
2145 824 2549 895 Ἑλλήσποντον
2604 825 2792 894 κύριος
2848 826 3087 894 ἐγένετο,
3153 827 3246 878 καὶ
3300 827 3436 893 μετὰ
3483 828 3582 887 τῆς

1989 917 2285 986 γερουσίας
2305 917 2414 972 τῶν
2459 917 2697 972 Ἐνετῶν
2750 919 2929 988 μάχην
2961 919 3218 988 ποιήσας.
3268 919 3328 970 ⁸0
3355 918 3447 971 οὖν
3469 918 3581 970 τῶι

1997 1009 2234 1063 Ἐνετῶν
2267 1011 2454 1072 στόλος
2483 1005 2633 1080 εἶχεν
2659 1010 2944 1080 ναυάρχην
2967 1011 3059 1062 τὸν
3086 1009 3296 1080 Πέτρον
3323 1011 3532 1080 Λορδᾶν
3559 1028 3573 1041 ·

1989 1101 2085 1155 καὶ
2116 1102 2286 1170 ἄμφω
2312 1103 2362 1154 οἱ
2388 1103 2567 1154 στόλοι
2593 1101 3048 1170 συναντηθέντες,
3083 1101 3227 1169 λέγω
3261 1099 3369 1155 τῶν
3430 1099 3582 1153 Ἐνε-

1987 1193 2096 1248 τῶν
2127 1194 2220 1247 καὶ
2242 1193 2337 1248 τοῦ
2362 1195 2575 1265 ἀμηρᾶ,
2603 1195 2880 1264 ἀναμέσον
2903 1197 3280 1264 Προικονήσου
3303 1195 3397 1246 καὶ
3432 1194 3582 1248 Καλ-

1988 1288 2340 1349 λιουπόλεως,
2373 1287 2467 1341 καὶ
2498 1288 2805 1357 ναυμαχίας
2844 1288 3148 1357 γενομένης
3178 1286 3373 1339 πολλαὶ¹
3422 1289 3581 1355 τριή-

1991 1399 2106 1452 ρεις
2137 1382 2232 1434 καί¹
2263 1382 2388 1444 νῆες
2423 1381 2532 1433 τῶν
2560 1381 2822 1450 Τούρκων
2851 1398 2981 1434 κατε
2995 1381 3360 1450 ποντίσθησαν
3388 1397 3399 1409 -
3440 1379 3579 1446 μετὰ

1987 1475 2045 1531 δὲ
2083 1469 2258 1528 ταῦτα
2279 1473 2503 1542 ἀγάπην
2531 1473 2820 1543 ἐποίησαν.
2862 1475 3082 1540 Ἠγάπα
3120 1475 3175 1526 δὲ
3206 1475 3298 1527 τὴν
3352 1471 3578 1536 βασιλέα

1988 1565 2095 1633 scin
2149 1565 2409 1632 Μανουὴλ
2434 1560 2587 1627 οὗτος
2610 1566 2639 1617 ὁ
2673 1565 2894 1636 ἀμηρᾶς
2922 1566 3017 1618 καὶ
3050 1567 3176 1628 τοὺς
3212 1566 3432 1634 ἐτέρους
3482 1565 3578 1617 αὖ·-

1989 1660 2182 1721 θέντας
2209 1657 2575 1726 Χριστιανοὺς
2597 1659 2727 1721 τοὺς
2781 1659 2947 1726 ἐγγὺς
2988 1658 3098 1712 τῶν
3137 1660 3302 1728 ὁρίων
3358 1658 3524 1710 αὑτοῦ
3562 1673 3574 1684 ·

1991 1753 2085 1803 καὶ
2149 1752 2208 1802 ὲν
2253 1751 2330 1819 τῷ
2396 1751 2615 1819 μέλλειν
2668 1751 2831 1804 αὑτὸν
2879 1751 3144 1820 τελευτᾷν
3193 1753 3304 1822 90
3351 1751 3426 1818 τῷ
3477 1751 3580 1820 υίῷ

305 1856 613 1926 στρατηγὸς
645 1854 739 1909 τοῦ
776 1817 1039 1922 Mentem
1081 1853 1200 1904 ἐκεῖ
1239 1817 1516 1915 ’ἀπέπνιξε
1585 1817 1882 1916 προστάξει
1919 1817 1957 1870 Β
1999 1817 2315 1926 Ἀμουράτη
2341 1817 2715 1914 παρήγγειλεν
2746 1843 2815 1897 ίν⁹
2852 1844 3045 1912 ἕσηται
3087 1817 3239 1910 etB-0';
3264 1817 3363 1895 ὶαι
3389 1817 3578 1912 βοηθὸς

299 1950 396 2004 τοῦ
423 1948 687 2002 αύθέντου
719 1945 908 2001 αὑτοῦ.
952 1944 1189 2010 Ἐστάοη
1215 1941 1310 1997 οὖν
1359 1943 1391 2011 ή
1446 1941 1586 2010 αὐτὴ
1633 1941 1885 2010 βασιλεία

303 2041 690 2098 κινδυνεύουσα
734 2040 824 2096 διά
879 2040 979 2100 τὰς
1033 2037 1303 2108 διχονοίας
1345 2035 1445 2100 τὰς
1505 2035 1564 2088 ἑν
1629 2035 1882 2103 ἀλλήλοις

302 2138 415 2200 τοῖς
443 2137 741 2206 τέσσαρσιν
779 2131 1032 2203 ἀδελφοῖς
1071 2131 1168 2198 ἔτη
1221 2129 1351 2200 τρία
1410 2129 1504 2182 καὶ
1541 2131 1716 2198 μῆνας
1766 2126 1882 2192 δύο,

303 2228 596 2299 Μεεμέτης
624 2227 680 2280 δὲ
709 2225 988 2298 ἐγκρατὴς
1016 2224 1199 2294 πάσης
1230 2223 1330 2291 τῆς
1361 2220 1540 2291 ἀρχῆς
1576 2220 1670 2273 καὶ
1729 2221 1888 2290 βασι-

303 2323 454 2385 λείας
485 2322 582 2391 τῆς
618 2319 734 2392 89
764 2315 1046 2387 πατρικῆς
1080 2314 1219 2386 μετὰ
1264 2313 1541 2367 τοσούτων
1571 2311 1759 2367 κόπων
1791 2311 1887 2366 καὶ

307 2414 519 2468 ὀδυνῶν
547 2410 775 2480 γέγονεν
812 2407 871 2462 ὲν
895 2406 1008 2459 ἔτει
1035 2405 1178 2472 QC,
1205 2401 1538 2464 ίνδικτιῶνος
1561 2399 1632 2470 γ’.

372 2502 440 2557 λ’.
471 2500 690 2572 Πρῶτον
725 2497 822 2568 μὲν
847 2496 1010 2565 ἔργον
1046 2493 1187 2564 μετὰ
1231 2493 1294 2545 τι
1315 2491 1504 2545 λαϐεῖν
1554 2490 1653 2560 τὴν
1709 2489 1888 2561 ἀρχῆν

305 2595 527 2664 ἐποίησε
594 2590 776 2645 τοῦτο.
831 2589 915 2642 Τὰ
972 2585 1105 2656 τέλη
1160 2584 1265 2655 τῆς
1325 2582 1741 2652 Μολδοῦλαχίας
1794 2583 1888 2636 καὶ

305 2685 683 2756 Μπογδανίας,
705 2684 831 2738 ὅσον
863 2676 933 2753 ἦν
965 2677 1212 2743 δυνατὸν,
1245 2677 1503 2748 ἐϐάρυνε,
1555 2678 1651 2729 καὶ
1707 2676 1888 2728 πᾶσαν

307 2779 497 2851 χώραν
530 2777 625 2832 καὶ
659 2777 826 2830 τόπον
884 2775 944 2828 ὲν
992 2775 1061 2844 τῇ
1120 2771 1277 2842 Ἀσία
1331 2771 1389 2824 ὲν
1443 2764 1526 2833 οἷς
1583 2770 1635 2823 oi
1682 2767 1890 2822 Σκύθαι

309 2870 553 2937 ἐγίνοντο
577 2865 866 2936 ἐγκρατεῖς
898 2862 1034 2933 μετὰ
1066 2860 1168 2932 τὴν
1196 2858 1582 2930 αἰχμαλωσίαν
1633 2857 1730 2912 τοῦ
1782 2874 1891 2912 πα-

311 2960 461 3028 τρὸς,
497 2958 658 3010 πάλιν
691 2955 808 3026 μετ’
833 2953 1017 3022 ὀλίγον
1059 2952 1148 3022 ὑφ’
1176 2951 1366 3004 ἑαυτὸν
1421 2949 1834 3019 ἀπεκατέστησε
1872 2965 1886 2980 ·

314 3054 411 3106 καὶ
449 3053 576 3114 τοὺς
611 3049 920 3120 ὁμοφύλους
947 3051 1038 3102 καὶ
1069 3047 1400 3116 ὑμοπίστους
1446 3045 1708 3106 αὐθέντας
1739 3041 1836 3105 οὓς
1862 3043 1892 3095 ό

1983 1938 2063 2008 τῷ
2117 1937 2331 2008 βασιλεῖ
2389 1938 2497 2006 κὺρ
2551 1937 2834 2003 Μανουήλ.
2888 1928 3058 2000 Οὗτος
3125 1935 3346 2006 πρῶτος
3403 1938 3458 1988 ἐν
3509 1940 3577 2004 τῇ

1998 2028 2442 2099 Ἀδριανουπόλει
2475 2029 2574 2100 τὴν
2613 2029 2882 2098 καθέδραν
2927 2029 3210 2098 ἐποίησεν,
3253 2028 3322 2099 ῆν
3375 2029 3424 2079 oi
3472 2026 3584 2093 πρὸ

1987 2122 2234 2176 αύτοῦἐν
2257 2124 2322 2192 τῇ
2353 2121 2572 2193 Προύσῃ
2602 2119 2771 2191 εἶχον.
2817 2119 3063 2190 ’Υπῆρχε
3105 2120 3162 2172 δὲ
3195 2120 3317 2174 λίαν
3352 2119 3578 2190 φιλόδω-

1991 2233 2080 2286 ρος
2102 2216 2196 2270 καὶ
2226 2220 2336 2279 τοῖς
2362 2216 2539 2282 φίλοις
2577 2217 2806 2286 ἄριστος
2839 2230 2854 2245 ’
2883 2214 3082 2284 ὁμοίιος
3110 2214 3167 2267 δὲ
3212 2215 3326 2276 τοῖς
3360 2212 3582 2283 ἐχθροῖς

1986 2307 2093 2370 ’ἐως
2121 2306 2310 2370 τέλους
2335 2307 2484 2377 ζωῆς
2516 2303 2897 2376 καμηλοειδῶς
2933 2304 3194 2370 διέκειτο,
3219 2305 3313 2358 καὶ
3343 2306 3578 2358 πάντοτε

1989 2399 2084 2454 νέα
2120 2399 2487 2469 ὲφευρήματα
2517 2399 2612 2452 κοιλ⁸
2642 2399 2897 2469 μηχανάς
2935 2396 3204 2467 γυρεύων,
3241 2397 3328 2450 ἵνα
3362 2396 3582 2467 βλάπτῃ
3617 2417 3620 2420 ·

1973 2481 2086 2547 ’καὶ
2107 2492 2345 2566 ἀφανίζῃ
2377 2494 2504 2557 τοὺς
2535 2493 2724 2553 κακῶς
2771 2493 3156 2560 διακειμένους
3218 2491 3335 2560 μετ’
3385 2490 3578 2546 αὑτοῦ.

2001 2586 2267 2641 Ἀπέθανε
2287 2587 2344 2641 δὲ
2379 2586 2710 2656 βασιλεύσας
2739 2585 2834 2656 ἔτη
2895 2586 3027 2639 δέκα
3066 2586 3161 2638 καλ.
3192 2585 3355 2640 ἑπτά.

2061 2678 2165 2736 λα’.
2211 2678 2600 2742 Ἀποθανόντος
2631 2678 2725 2732 οὖν
2771 2677 2868 2732 τοῦ
2922 2679 3122 2747 ἀμηρᾶ
3175 2676 3433 2748 Μεεμέτη
3491 2676 3590 2730 καὶ

1991 2773 2237 2845 Κυρίτζη
2263 2772 2702 2844 ὀνομαζομένου,
2759 2773 2787 2824 ὁ
2840 2771 2971 2836 υίὸς·
3011 2771 3178 2825 αὐτοῦ
3239 2770 3584 2840 Ἀμουράτης

1991 2865 2168 2920 ἐλθὼν
2209 2865 2309 2936 τὴν
2335 2865 2514 2936 ἀρχὴν
2577 2863 2856 2930 διεδέξατο
2927 2865 2986 2917 ὲν
3031 2864 3144 2916 ἔτει
3195 2862 3403 2936 ,ςθκδκ
3457 2862 3587 2915 ίνδι-

1993 2961 2221 3024 κτιῶνος
2280 2957 2352 3029 η’,
2411 2962 2510 3015 καὶ
2563 2958 2658 3014 τοῦ
2727 2957 3076 3030 φθινοπώρου
3130 2959 3424 3027 ἱσταμένου
3483 2957 3589 3009 οὐκ

1990 3053 2242 3124 ἠρέμησε
2265 3052 2353 3106 διὰ
2374 3052 2467 3106 τὸν
2494 3051 2765 3122 χειμῶνα,
2797 3050 2934 3104 ἀλλὰ
2981 3049 3075 3103 τὸν
3133 3049 3364 3120 στρατὸν
3415 3048 3584 3102 αὐτοῦ

314 3139 499 3209 πατὴρ
556 3139 751 3204 ἐξέωσε
789 3141 889 3207 τῆς
942 3139 1120 3208 ἀρχῆς
1151 3137 1246 3190 καὶ
1281 3137 1310 3190 δ
1374 3135 1656 3205 Νεεμίρης
1714 3132 1886 3186 ἐλθὼν
1915 3156 1964 3218 c
1997 3145 2231 3211 συνάξας
2259 3144 2638 3216 ἔρχεταικατὰ
2668 3142 2766 3196 τοῦ
2821 3143 2970 3197 θείου
3029 3142 3198 3196 αὑτοῦ
3253 3143 3586 3208 Μουσταφᾶ,

311 3234 474 3287 πάλιν
503 3232 808 3304 μετέδωκεν
836 3232 1044 3296 αὐτοῖς,
1077 3222 1232 3295 οὗτος
1266 3231 1418 3302 νόμῳ
1444 3229 1681 3300 πολέμου
1734 3226 1890 3292 αὖθις

311 3424 398 3469 tus
431 3413 624 3483 capiis,
660 3411 923 3468 adversus
979 3411 1181 3468 Mosem
1217 3411 1438 3466 fratrem
1497 3408 1890 3480 proﬁciscitur.

310 3511 540 3578 Atquee
591 3504 768 3575 primo
823 3503 1044 3572 quidem
1091 3514 1146 3559 et
1197 3505 1434 3559 secundo
1487 3501 1674 3571 praelio
1728 3501 1893 3557 Mosis

313 3599 588 3655 exercitus
656 3597 909 3668 superior
958 3596 1231 3664 discessit,
1289 3595 1618 3650 Mehemetes
1667 3596 1893 3666 ejusque

313 3693 585 3750 exercitus
613 3691 780 3764 fugati
803 3699 964 3757 sunt;
1012 3694 1107 3745 sed
1142 3690 1360 3745 tertium
1422 3689 1694 3744 lortuuam
1732 3703 1896 3757 expe-

237 3793 244 3796 ’
312 3781 555 3844 riendam
585 3801 710 3843 esse
747 3794 918 3848 ratus,
971 3784 1267 3854 principem
1305 3783 1509 3838 Serviat:
1543 3791 1596 3835 et
1627 3780 1892 3850 Bulgarite

313 3889 364 3934 et
416 3879 800 3948 imperatorem
836 3876 970 3932 adiit
999 3891 1299 3944 eorumque
1350 3874 1657 3943 imploravit
1707 3887 1890 3944 opem,

317 3983 479 4042 atque
503 3972 742 4042 acceptis
777 3971 846 4025 ab
893 3970 962 4025 iis
997 3970 1168 4037 copiis
1209 3968 1444 4034 idoneis,
1480 3969 1656 4022 denuo
1695 3967 1892 4021 adver—

314 4082 410 4122 sus
459 4065 660 4121 Mosem
699 4063 873 4119 duxit.
936 4063 1131 4118 Prmlio
1162 4063 1316 4126 inito,
1349 4077 1378 4116 e
1418 4061 1696 4131 primariis
1737 4059 1892 4114 multi

315 4157 480 4212 duces
505 4155 962 4224 centurionesque
1013 4153 1201 4221 Musis,
1253 4153 1482 4224 pecunia
1530 4167 1558 4206 a
1589 4151 1892 4206 Mehemete

314 4250 576 4319 corrupti.
624 4247 714 4302 illo
749 4246 964 4311 relicto,
1024 4248 1090 4302 ad
1146 4248 1288 4302 hunc
1344 4243 1735 4314 transfugiunt.
1773 4242 1891 4300 Hoc

310 4353 433 4394 eum
471 4339 943 4394 animadvertisset
975 4336 1177 4400 Moses,
1213 4337 1266 4392 iu
1292 4337 1474 4408 fugam
1503 4333 1558 4392 ét
1596 4337 1710 4405 ipse
1754 4351 1892 4390 con-

311 4447 523 4497 versus,
561 4432 614 4486 in
652 4432 774 4486 loco
803 4431 1005 4487 silvoso
1026 4430 1259 4495 delituit,
1291 4431 1385 4485 sed
1417 4447 1444 4484 a
1476 4431 1612 4485 duce
1655 4432 1890 4500 quodam

1992 3241 2087 3294 καὶ
2113 3238 2346 3310 νικήσας
2372 3237 2536 3292 αὑτὸν
2568 3236 2903 3291 ἐθανάτωσε.
2935 3237 3048 3292 Καὶ
3079 3234 3242 3300 εὐθὺς
3277 3237 3421 3307 μετὰ.
3479 3235 3585 3307 τὴν

1995 3425 2225 3494 Sinopes
2288 3435 2554 3488 ameram,
2601 3418 2920 3490 vectigalem
2960 3418 3107 3481 fecit,
3144 3427 3197 3472 et
3229 3433 3257 3471 a
3306 3416 3474 3488 Lydia
3517 3415 3584 3471 ad

1993 3515 2266 3574 Eolidem
2300 3529 2474 3585 usque
2493 3525 2547 3569 et
2572 3512 2826 3584 Mysiam,
2855 3528 2975 3582 qua:
3006 3521 3090 3568 est
3121 3513 3174 3567 in
3205 3510 3583 3580 Hellesponto,

1995 3607 2406 3672 dominabatur,
2436 3607 2603 3673 etiam
2649 3623 2774 3662 eum
2808 3607 3034 3662 Venetis
3075 3607 3262 3676 praelia
3301 3606 3580 3662 conﬂicta-

1995 3704 2103 3760 tus,
2138 3709 2368 3765 qnorum
2399 3695 2558 3751 classi
2614 3696 2812 3752 Petrus
2856 3693 3074 3752 Lorclan
3137 3705 3391 3764 praeerat.
3446 3696 3582 3750 Cum

1995 3788 2172 3844 ambas
2223 3787 2451 3852 classes,
2516 3787 2852 3842 Venetorum
2885 3798 2938 3842 et
2967 3802 3192 3848 ameras.
3261 3788 3408 3844 inter
3453 3790 3588 3842 Pro-

1994 3896 2292 3937 connesum
2333 3888 2387 3935 et
2423 3879 2762 3949 Calliopolim
2789 3889 2974 3935 essent
3029 3895 3340 3950 congressa:
3387 3890 3442 3935 et
3483 3896 3584 3948 pu-

1995 3989 2098 4044 gna
2123 3972 2437 4037 commissa,
2474 3972 2658 4026 multae.
2683 3971 2988 4027 Turcarum
3039 3989 3205 4028 naves
3235 3983 3288 4028 et
3331 3974 3590 4030 trireuws

1995 4063 2271 4132 depressa:
2319 4067 2473 4115 sunt.
2538 4059 2741 4115 Deinde
2775 4076 2877 4128 pax
2937 4063 3078 4116 inter
3107 4077 3203 4118 eos
3249 4066 3578 4134 composita.

1994 4153 2186 4209 Amice
2214 4153 2304 4208 hic
2326 4165 2546 4206 ameras
2577 4151 3012 4222 amplectebatur
3042 4153 3433 4224 imperatorem
3468 4155 3586 4208 Ma-

1996 4245 2210 4302 nuelem
2246 4252 2301 4300 et
2334 4244 2572 4312 reliquos
2603 4244 2876 4314 principes
2930 4245 3272 4302 Christianos
3321 4247 3422 4302 sibi
3454 4248 3586 4302 viei-

1994 4353 2114 4406 nos,
2138 4346 2194 4394 et
2223 4338 2582 4393 moribundus
2630 4341 2906 4393 Amuratae
2937 4338 3046 4394 ﬁlio
3108 4340 3413 4403 mandavit,
3445 4351 3504 4396 ut
3540 4343 3588 4399 is

1995 4446 2209 4503 quoque
2238 4430 2446 4486 amicus
2476 4441 2532 4485 et
2564 4431 2747 4486 socius
2797 4441 2943 4487 esset
2975 4431 3238 4490 Manueli.
3278 4431 3425 4489 Idem
3477 4434 3592 4505 pri—

310 4522 628 4578 Meheutelis
683 4530 951 4590 repertus,
1009 4521 1173 4590 hujus
1227 4519 1381 4590 jussu
1439 4519 1740 4575 suﬂ'ocatus
1789 4527 1893 4575 est.
1925 4506 1972 4563 ι)
2003 4541 2125 4581 mus
2181 4525 2533 4594 Adrianopoli
2566 4528 2748 4580 sedem
2811 4527 3015 4594 regiam
3053 4526 3365 4592 collocavit,
3411 4543 3580 4597 quam

317 4615 543 4670 Versata
614 4615 778 4684 igitur
828 4614 882 4669 in
944 4613 1259 4670 discrimine
1326 4613 1502 4668 fuerat
1577 4610 1740 4680 hujus
1793 4611 1894 4666 imo

315 4708 453 4777 perii
486 4708 638 4762 salus
663 4717 885 4777 prepter
920 4706 1215 4761 intestinas
1248 4712 1482 4773 quatuor
1510 4700 1743 4754 fratrum
1775 4700 1894 4754 dis-

312 4799 530 4854 cordias
552 4815 724 4855 annos
755 4809 864 4854 tres
889 4810 942 4854 et
961 4811 1175 4853 menses
1210 4796 1372 4860 duos,
1418 4803 1582 4864 atque
1617 4792 1894 4848 Meheme-

315 4902 397 4946 tes
420 4893 654 4947 universi
678 4892 827 4961 regni
849 4899 898 4945 et
919 4889 1133 4958 imperii
1150 4887 1363 4958 paterni
1384 4901 1504 4940 eum
1522 4886 1687 4939 tantis
1703 4873 1899 4939 terum-

313 4986 398 5041 nis
427 4996 479 5040 et
513 4985 775 5040 molestiis
791 4984 992 5052 potitus
1013 4989 1098 5036 est
1136 4995 1279 5035 anno
1304 4978 1470 5043 6907,
1522 4979 1820 5034 indictione
1841 4978 1898 5032 5.

387 5077 481 5132 50.
519 5074 765 5131 Primum
804 5084 932 5144 post
970 5082 1286 5142 susceptum
1315 5072 1601 5142 imperium
1633 5085 1770 5140 opus
1796 5069 1898 5123 hoc

315 5171 509 5224 edidit.
558 5166 968 5223 Moldolrlaehite
1014 5173 1069 5220 et
1125 5164 1414 5233 Bogdanite
1474 5163 1680 5218 tributa
1732 5177 1896 5232 quam

316 5271 530 5332 poterat
583 5259 910 5331 gravissima
952 5256 1278 5325 imperabat,
1325 5264 1383 5310 et
1420 5253 1682 5324 quidquid
1720 5255 1900 5324 regio-

314 5369 447 5406 num
484 5354 538 5406 in
568 5353 693 5408 Asia
727 5349 966 5421 Scythas,
1004 5355 1164 5416 capto
1199 5349 1318 5414 ejus
1375 5357 1548 5415 patre,
1592 5360 1898 5415 occupave-

320 5453 460 5509 rant,
492 5443 643 5499 brevi
680 5441 964 5497 intervallo
995 5441 1221 5510 recepit,
1258 5447 1421 5507 atque
1480 5454 1592 5494 suae
1629 5438 1807 5508 gentis
1835 5453 1901 5494 ac

316 5537 598 5606 religionis
653 5534 930 5606 principes
971 5547 1090 5595 eos.
1124 5547 1261 5604 quos
1290 5548 1318 5585 a
1368 5541 1522 5601 patre
1553 5531 1772 5586 sedibus
1805 5546 1902 5587 ex-

313 5629 498 5695 pulsos
550 5628 798 5683 Demires
831 5626 1168 5690 restituerat,
1231 5625 1300 5679 de
1331 5625 1546 5695 integro
1605 5623 1792 5694 ejecit,
1847 5633 1904 5679 et

313 5720 609 5784 Galatiam,
664 5719 1090 5789 Cappadociam,
1127 5716 1359 5772 Pontum
1405 5725 1683 5785 totamque
1713 5716 1898 5770 Asiam

313 5815 650 5886 superiorem
683 5815 736 5867 in
768 5818 1089 5882 potcStatem
1123 5825 1277 5865 suam
1329 5809 1558 5880 redegit,
1594 5807 1898 5877 lsmaelem,

1997 4615 2241 4687 majores
2260 4615 2381 4686 ejus
2407 4615 2590 4671 Prusae
2621 4617 2946 4672 habuerant.
2966 4615 3101 4671 Erat
3129 4619 3583 4675 muniﬁcentissi-

1997 4723 2145 4774 mus,
2175 4715 2230 4761 et
2261 4706 2400 4761 sicut
2431 4705 2483 4760 in
2505 4705 2712 4761 amicos
2751 4706 3188 4770 liberalissimus,
3220 4707 3293 4762 ita
3333 4709 3584 4765 hostibus

1997 4812 2170 4867 usque
2207 4799 2273 4852 ad
2302 4799 2461 4852 ﬁnem
2497 4798 2620 4854 vitae
2671 4797 3100 4865 infensissimus,
3131 4813 3454 4870 semperque
3487 4819 3584 4856 nu-

1998 4906 2190 4947 varum
2251 4891 2454 4946 artium
2494 4892 2984 4962 machinarumque
3022 4892 3327 4957 studiosus,
3385 4893 3586 4964 quibus

1999 4986 2142 5042 male
2188 5001 2314 5057 erga
2371 5001 2430 5042 se
2464 4986 2720 5040 anintatis
2782 4989 3040 5042 damnum
3079 4995 3242 5056 atque
3294 4986 3584 5041 interitum

2000 5076 2246 5133 aﬂerret.
2271 5075 2519 5133 Mortuus
2542 5087 2626 5132 est
2646 5093 2788 5133 anno
2815 5078 2966 5148 regni
2988 5079 3201 5134 decimo
3223 5080 3481 5148 septimo.

2070 5169 2161 5225 3i.
2201 5169 2414 5225 Mortuo
2452 5168 2756 5225 Mehemete
2799 5185 3004 5236 amera,
3041 5171 3132 5238 qui
3166 5173 3592 5242 cognominatur

2001 5260 2274 5332 Cyritzes,
2297 5260 2606 5323 Amurates,
2623 5262 2740 5330 ejus
2764 5261 2929 5329 ﬁlius,
2952 5263 3238 5334 imperium
3270 5266 3586 5335 capessivit,

2001 5365 2148 5406 anno
2196 5350 2360 5418 6924,
2397 5351 2712 5407 indictione.
2734 5352 2792 5418 8,
2837 5362 3211 5424 autumnoque
3246 5353 3488 5420 ineunte,
3528 5367 3596 5411 ut

2002 5444 2336 5512 quiesceret,
2373 5441 2612 5497 instante
2641 5441 2817 5497 hieme
2847 5447 3180 5499 commoveri
3205 5461 3310 5500 non
3339 5455 3582 5516 poterat,

2005 5534 2121 5600 sed,
2151 5533 2383 5590 collecto
2403 5536 2670 5603 exercitu,
2703 5545 2957 5605 patruum
2985 5537 3328 5610 Mustapbam
3359 5554 3583 5610 aggres-

2003 5640 2098 5681 sus
2125 5636 2231 5694 est,
2263 5627 2575 5697 victumque
2608 5629 2829 5684 occidit.
2861 5631 2938 5684 Ae
2962 5631 3150 5685 statim
3183 5641 3306 5700 post
3323 5645 3442 5684 eam
3473 5631 3588 5686 vic-

2007 5717 2200 5772 toriam
2226 5720 2508 5788 praemisso
2529 5719 2738 5790 Cpolim
2767 5722 3160 5792 Michaelbego,
3193 5724 3307 5792 ipse
3323 5738 3590 5792 superve-

2006 5810 2086 5866 nit
2141 5824 2371 5882 eamque
2427 5818 2619 5872 urbem
2645 5816 2894 5872 obsedit:
2950 5815 3108 5886 cujus
3139 5816 3216 5871 rei
3248 5830 3410 5873 causa
3443 5826 3589 5886 erat,
