4000 6430
453 357 555 423 711

1680 352 2009 416 GEORGII
2068 346 2500 415 PHRANTZ/E

3599 354 3694 422 ἨΞ

449 461 617 547 νίκην
658 473 758 529 καὶ
808 472 904 527 τδν
949 472 1385 543 Μιχαὴλ-μπέην
1441 473 1677 540 στείλας,
1726 475 1899 527 ἐλθὼν
1949 474 2049 542 τὴν
2079 480 2122 536 Α
2155 473 2366 542 ἐσφάλη
2397 487 2411 502 ·
2477 470 2571 523 καὶ
2629 469 2862 537 νικήσας
2919 466 3086 520 αὐτὸν
3145 463 3426 519 ἀπέκτεινε
3482 469 3567 522 καὶ
3613 475 3693 525 τὸν

449 571 604 624 πόλιν
628 566 947 620 ἀπέκλεισε.
992 565 1061 618 Ἥ
1094 566 1248 619 αίτία
1275 561 1343 638 ἦν
1377 567 1462 619 δτι
1497 567 1573 635 τῷ
1611 567 1936 638 Μουσταφᾷ,
1969 567 2046 630 ὡς
2155 565 2390 635 στρατὸν
2429 557 2598 616 αὐτοῦ
2637 561 3013 614 διεσκέδασεν.
3077 554 3210 612 Εἶτα
3250 557 3519 629 ἐξέρχεται
3569 565 3693 617 κατὰ

444 660 764 732 ἔμπροσθεν
796 659 876 722 είς
925 657 1130 720 πλάτος
1165 657 1487 729 ῥηθήσεται,
1516 661 1564 710 οἱ
1598 659 1838 727 βασιλεῖς
1885 659 2045 728 E6013-

445 754 600 806 Θουν.
637 747 770 805 Είτα
799 753 895 805 καὶ
926 751 1092 812 αὐτὸς
1139 751 1311 805 ἐλθὼν
1352 754 1446 806 καὶ
1475 753 1630 806 οὐδὲν
1688 755 2044 826 κατορθώσας

446 846 672 915 ἀγάπην
703 846 844 915 μετὰ
889 846 998 898 τῶν
1034 845 1301 914 βασιλέων
1334 847 1580 916 ἐποίησε,
1641 848 2041 916 μεσιτευσάσης

446 938 545 1003 τῆς
573 937 748 1002 κυρᾶς
767 935 977 1004 Μάρως
998 936 1095 998 τῆς
1130 937 1409 1006 μητρυιᾶς
1437 936 1630 992 αὐτοῦ.
1666 934 1796 992 Εἶτα
1821 938 2041 1008 ἔρχεται

448 1029 592 1079 κατὰ
647 1026 746 1100 τῆς
801 1027 1212 1096 Θεσσαλονίκης
1270 1029 1659 1098 κρατουμένης
1710 1029 1880 1099 οὔσης
1937 1030 2042 1084 ὑπὸ

448 1119 559 1172 τῶν
623 1119 855 1172 Ἐνετῶν
890 1135 906 1149 ο
972 1121 1039 1190 ἣν
1099 1121 1474 1192 πολιορκήσας
1531 1122 1624 1174 καὶ
1706 1121 2042 1187 ἀποκλείσας

450 1211 634 1264 ἔλαϐε.
683 1210 794 1263 Καὶ
845 1212 910 1264 ἐκ
958 1210 1060 1279 τῆς
1113 1211 1436 1283 Ούγγαρίας
1504 1214 1670 1282 μέρος
1709 1214 1809 1267 οὐκ
1861 1214 2039 1282 ὀλίγον

451 1303 854 1366 ἐδούλωσε,καὶ
889 1303 1071 1374 μάχην
1109 1307 1348 1375 ποιήσας
1390 1305 1493 1375 91
1529 1305 1667 1374 μετὰ
1715 1306 1812 1359 τοῦ
1872 1308 2038 1378 eum

449 1396 754 1448 Λαδισλάου
803 1397 965 1448 αὐτὸν
1029 1397 1302 1464 ἐνίκησεν.
1372 1397 1574 1449 Ἐλθὼν
1629 1398 1684 1449 δὲ
1735 1399 1878 1452 κατὰ
1929 1400 2040 1452 τῶν

449 1489 671 1556 Βλάχων
700 1491 793 1541 καὶ
820 1489 1216 1559 Μολδοϐλάχων
1261 1491 1413 1542 οὐδὲν
1453 1492 1841 1560 κατώρθωσεν,
1902 1493 2038 1546 ἀλλὰ
2071 1529 2074 1532 -

447 1578 800 1652 ζημιωμένος
875 1581 1309 1650 ὲπανὲστρεῲεν.
1384 1579 1517 1635 Εἶτα
1569 1580 1726 1646 αὖθις
1785 1585 2038 1654 δεύτερον

449 1672 740 1744 στρατεύει
782 1673 906 1725 κατ’
942 1674 1120 1726 αὐτῶν
1157 1691 1169 1702 ·
1207 1676 1301 1727 καὶ
1333 1677 1382 1727 oi
1426 1676 1625 1746 Βλάχοι
1660 1679 1738 1739 εἰς
1781 1678 2035 1747 βοήθειαν

445 1765 573 1826 τοὺς
604 1765 928 1833 Οὑγγάρους
957 1767 1488 1844 προσκαλεσάμενοι,
1525 1769 1618 1821 καὶ
1651 1771 1890 1837 πολέμου
1943 1788 2036 1838 γε·-

447 1859 679 1919 νομένου
709 1859 741 1925 ή
770 1857 894 1926 νίκη
929 1857 1008 1926 τῷ
1040 1859 1236 1928 άμηρᾷ
1265 1854 1333 1918 ἦν
1380 1859 1476 1911 καὶ
1516 1860 1671 1912 αὐτοὶ
1717 1863 2036 1932 διεσκορπί-

449 1953 659 2023 σθησαν
703 1951 1030 2018 φεύγοντες.
1087 1951 1324 2018 Λέγουσι
1377 1953 1430 2004 δὲ
1485 1953 1567 2005 ὅτι
1638 1955 1909 2007 ἀπέθανον
1979 1958 2036 2007 ἐν

446 2047 630 2118 ἐκείνῃ
669 2047 734 2114 τῇ
765 2045 912 2114 μάχῃ
955 2043 1138 2098 πλεῖον
1191 2044 1224 2116 ἢ
1265 2046 1560 2114 τριάκοντα
1621 2047 1857 2117 χιλιάδες
1893 2047 2053 2114 Οὕγ-ιν

446 2141 611 2209 γαροί
644 2157 704 2192 τε
739 2139 834 2191 καὶ
870 2137 1090 2208 Βλάχοι,
1123 2137 1358 2206 Τοῦρκοι
1383 2139 1439 2191 δὲ
1497 2139 1640 2191 πάνυ
1693 2139 1884 2206 ὀλίγοι.
1923 2138 2037 2209 Τῆς

445 2231 691 2295 παλαιᾶς
731 2231 998 2300 Ἠπείρου
1043 2231 1211 2300 μέρος
1237 2231 1334 2283 καὶ
1381 2231 1659 2292 Λίτωλοὺς
1696 2232 1788 2284 καὶ
1841 2232 2038 2298 Ἀκαρι

443 2326 572 2386 νοϋς
610 2323 798 2392 Θῆὁάν
835 2341 895 2376 τε
948 2325 1043 2377 καὶ
1101 2322 1336 2392 Ἀθῆναν
1396 2326 1490 2378 καὶ
1540 2326 1721 2376 πᾶσαν
1772 2323 2035 2379 Βοιωτίαν

444 2416 543 2472 καὶ
579 2417 808 2470 Ἐλλάδα
842 2419 936 2470 καὶ
981 2416 1263 2470 ’ῐωάννινα
1304 2415 1572 2469 ἐδούλωσε
1633 2417 1878 2488 πολέμῳ,
1940 2419 2035 2471 καὶ

443 2513 540 2564 τὸν
572 2511 670 2578 τῆς
716 2510 1056 2580 Καισαρείας
1097 2511 1324 2581 άμηράν
1364 2513 1443 2574 εἰς
1475 2512 1627 2574 τέλος
1685 2508 1907 2581 ἐνίκησε
1941 2514 2036 2566 καὶ

445 2602 705 2671 ἠφάνισε,
747 2601 843 2653 καὶ⁵
879 2601 1069 2672 κύριος
1115 2600 1218 2670 τῆς
1247 2603 1424 2670 ἀρχῆς
1452 2602 1581 2672 ὅλης
1637 2602 1851 2672 ἐκείνης
1908 2603 2034 2670 ἐγέ-

448 2712 596 2756 νετο,
639 2695 803 2762 ἄχρις
851 2693 909 2746 δέ
961 2710 1128 2746 τινων
1188 2693 1487 2762 φρουρίων,
1526 2694 1559 2746 ἃ
1595 2676 1738 2763 ἦσαν
1778 2692 1834 2744 ἐν
1889 2708 2034 2746 τισιν

446 2788 633 2859 ὄρεσιν
669 2785 1049 2854 ὑψηλοτάτοις,
1092 2783 1219 2836 ἔνθα
1257 2779 1421 2854 ἦλθεν
1474 2785 1502 2835 δ
1541 2783 1881 2852 Καραμάνος
1938 2777 2036 2835 uel.

446 2882 548 2946 τὴν
623 2869 948 2949 κατοίκησιν
1000 2879 1258 2931 ἐποιεῖτο.
1325 2877 1433 2930 Καὶ
1492 2879 1520 2930 ὁ
1568 2877 1671 2948 ρὴξ
1733 2874 2034 2943 Λαδισλάος

447 2971 809 3040 δμοφωνήσας
853 2971 989 3038 μετὰ
1023 2968 1191 3020 τινῶν
1219 2969 1428 3038 ἐτέρων
1467 2967 1744 3023 αὐθεντῶν
1769 2970 2035 3041 Χριστια-

447 3062 558 3114 νῶν
584 3062 805 3130 έρχεται
833 3060 988 3123 αὖθις
1019 3061 1180 3114 ,κατὰ
1209 3060 1304 3113 τοῦ
1358 3061 1726 3132 Ἀμουράτου,
1772 3063 1866 3116 καὶ
1927 3051 2046 3126 ἕως

445 3155 545 3221 τῆς
586 3155 796 3217 πόλεως
823 3153 1040 3224 Βάρνης
1067 3153 1376 3222 φθάσαντες
1412 3156 1506 3207 καὶ
1560 3156 1680 3208 ἐκεῖ
1735 3154 1874 3225 μετὰ
1935 3151 2028 3207 τοῦ

447 3248 644 3318 ἀμηρᾶ
706 3248 1156 3316 συναντηθὲντες,
1225 3240 1285 3313 ἐξ
1325 3237 1681 3315 ἀγνωσίαςὸ
1735 3236 2032 3309 Λαδισ).άος

449 3421 596 3492 quod
631 3421 952 3494 Mustapbte,
997 3432 1057 3476 ut
1089 3432 1284 3492 postea:
1310 3421 1481 3477 fusius
1503 3423 1757 3484 .dicetur,
1795 3422 2034 3491 impera:

451 3528 597 3571 tores
638 3509 900 3570 auxilium
933 3517 1194 3572 tulerant.
1219 3515 1423 3571 Verum
1464 3512 1587 3572 cum
1612 3529 1712 3570 nec
1737 3516 1852 3586 lpsc
1874 3512 2032 3584 quiti-

448 3625 614 3679 quam
680 3610 990 3680 proliceret,
1049 3608 1348 3663 amicitiam
1416 3624 1540 3662 cum
1602 3608 2032 3678 imperatoribus

448 3705 772 3771 composuit,
810 3701 1138 3756 conciliante
1165 3703 1320 3756 Maro
1351 3699 1592 3763 domina,
1633 3699 1752 3769 ejus
1774 3714 2026 3754 noverca.

447 3795 579 3851 lude
597 3794 1066 3857 Thessalonicam,
1084 3791 1310 3848 Venetis
1333 3802 1444 3847 tum
1459 3791 1782 3860 subjectam,
1809 3807 2030 3862 aggres-

446 3903 544 3944 sus
580 3896 664 3942 est
693 3903 918 3956 eamque
943 3888 1224 3942 obsessam
1253 3893 1730 3956 oppuguatamque
1773 3889 1825 3939 in
1873 3893 2027 3953 ροισι

450 3988 646 4036 atatem
693 3995 848 4036 suam
886 3979 1118 4050 redegit.
1151 3978 1328 4032 Etiam
1359 3975 1652 4047 Hungariaa
1680 3986 1886 4047 partem
1921 3991 2026 4030 non

446 4071 698 4140 exiguam
741 4071 840 4126 sibi
870 4070 1101 4139 subjecit
1138 4084 1223 4136 ac,
1279 4069 1464 4138 praelia
1495 4084 1618 4123 cum
1655 4069 1908 4123 Ladislao
1942 4084 2026 4122 re-

447 4178 512 4233 ge
553 4173 831 4227 conserto,
895 4162 1150 4231 superior
1197 4161 1478 4217 discessit.
1536 4161 1733 4216 Contra
1799 4160 2029 4214 Blachos

449 4270 631 4311 autem
659 4269 715 4311 et
741 4255 1145 4311 Moldoblacbos
1181 4253 1484 4325 profectus,
1529 4267 1788 4309 successu
1824 4253 2024 4319 caruit,

448 4349 561 4404 lmo
619 4363 742 4403 cum
789 4349 1118 4404 detrimento
1148 4350 1396 4404 recessit.
1431 4347 1551 4400 Mox
1594 4346 1790 4400 iterum
1847 4344 1898 4397 in
1935 4358 2028 4398 eos

451 4442 637 4496 ducit:
695 4439 878 4494 Blacbi
913 4439 1198 4512 Huugaros
1224 4441 1464 4496 subsidio
1492 4446 1725 4505 vocant;
1776 4440 1868 4492 sed
1893 4453 2026 4492 cou-

2151 660 2252 728 τῆς
2287 657 2402 710 ἅνω
2439 655 2680 718 Μυσίας,
2752 657 2846 709 καὶ
2887 654 3024 707 πολὺ
3091 654 3254 723 μέρος
3304 653 3549 728 ὑποτελὲς
3601 654 3695 724 9³

2152 726 2403 817 ἐποίησε,
2465 747 2560 799 καὶ
2599 745 2697 814 τὴν
2737 745 3001 798 Μπόσναν
3053 743 3150 797 καὶ
3201 742 3292 796 τὸν
3361 726 3697 814 Καστριὼτην

2163 841 2424 909 Ἰωάννην
2455 841 2534 902 είς
2574 837 2744 903 ἄκρον
2780 836 3098 890 ἐδούλωσεν.
3144 831 3314 898 Οὗτος
3345 835 3550 904 πρῶτος
3596 839 3698 899 τοις

2144 936 2520 1003 ῑαννιτζάροις
2581 935 2652 986 τὰ
2708 931 2986 1003 προνόμια
3043 929 3079 984 ἃ
3141 928 3353 999 ἔχουσιν
3411 929 3696 999 ἐχαρίσατο,

2150 1030 2244 1083 καὶ
2267 1030 2348 1091 είς
2382 1027 2538 1092 τάξιν
2575 1027 2641 1098 ἣν
2663 1027 2770 1089 ἕως
2795 1025 2892 1094 τῆς
2911 1025 3153 1094 σήμερον
3173 1022 3329 1088 ἔταξε
3347 1021 3659 1092 πορεύεσθαι
3681 1034 3696 1053 ⁸

2150 1121 2445 1176 παλαιόθεν
2473 1121 2571 1191 μὲν
2591 1121 2651 1173 τὶ)
2689 1119 2820 1172 αὐτὸ
2863 1119 3050 1188 τάγμα
3074 1111 3160 1170 ἑτέ
3172 1134 3268 1184 ρας
3310 1116 3586 1186 συνηθείας
3613 1113 3700 1167 καί⁵

2147 1216 2330 1280 τάξεις
2357 1217 2450 1268 καὶ
2490 1215 2770 1284 ἐνδύματα
2805 1208 2975 1284 εἶχον.
3025 1215 3140 1268 Καὶ
3173 1215 3441 1280 γυναῖκας
3477 1209 3547 1280 μὴ
3571 1210 3699 1277 λαμ-

2148 1309 2335 1362 ϐάνειν
2375 1309 2586 1372 ἔταξεν,
2631 1309 2716 1361 ἵνα
2753 1309 2826 1376 μὴ
2905 1307 3248 1382 ἀσχολῶν-ται
3308 1305 3395 1358 διὰ
3447 1303 3698 1372 γυναικῶν

2147 1403 2242 1454 καὶ
2275 1401 2481 1453 παίδων
2509 1401 2719 1470 τροφὰς
2759 1398 2857 1452 καὶ
2893 1397 3202 1467 φροντίδας,
3244 1397 3377 1452 ἀλλὰ
3410 1393 3543 1461 μετὰ
3582 1411 3700 1461 προ-

2146 1493 2346 1562 θυμίας
2371 1494 2429 1545 ἐν
2451 1492 2530 1560 τῷ
2558 1492 2778 1560 πολέμῳ
2818 1490 3409 1560 πάντοτε’άμερίμιιως
3464 1488 3694 1543 ἕπωνται.

2145 1585 2240 1636 καὶ
2271 1585 2423 1646 uicit;
2449 1583 2616 1636 αὐτοῦ
2665 1583 2954 1636 καλεῖσθαι
3011 1582 3291 1636 ἐκέλευσε.
3369 1579 3603 1646 ’Υπῆρχε
3647 1575 3696 1626 δέ

2144 1678 2223 1738 είς
2256 1676 2382 1737 τοὺς
2430 1675 2708 1744 ὑπηκόους
2742 1672 2906 1726 αὑτοῦ
2947 1675 3089 1727 πάνυ
3124 1673 3356 1735 δίκαιος,
3393 1667 3697 1742 προθεωρῶν

2144 1768 2211 1820 τὰ
2241 1767 2539 1838 ἐρχόμενα.
2571 1764 2779 1820 Οὐδένα
2833 1767 3044 1820 ἀδικεῖν
3073 1766 3204 1819 ποτὲ
3252 1769 3380 1828 τοὺς
3426 1760 3698 1832 σατραπῶν

2141 1854 2235 1913 καὶ
2285 1858 2491 1928 κριτῶν
2549 1860 2760 1922 πάντας
2803 1858 3002 1928 μᾶλλον
3066 1859 3404 1927 ἐπρόσταττε
3432 1873 3446 1887 ο
3488 1857 3576 1908 καὶ
3616 1845 3700 1905 ἐὰν

2139 1970 2223 2014 τις
2257 1951 2318 2005 τὸ
2359 1952 2695 2023 πρόσταγμα
2733 1951 2932 2020 μικρὸν
2983 1951 3314 2022 παρέϐαινε,
3350 1950 3517 2028 χωρίς
3569 1963 3699 2007 τινος

2141 2045 2492 2114 συμπαθείας
2520 2043 2833 2113 κεφαλικῶς
2879 2044 3080 2107 αὐτοὺς
3131 2044 3441 2097 ἐπαίδευεν.
3505 2036 3606 2093 Ἦν
3648 2031 3698 2090 δέ

2141 2140 2199 2191 ἐν
2231 2140 2353 2200 ταῖς
2398 2137 2602 2208 μάχαις
2666 2134 3063 2206 ῥιψοκίνδυνος,
3099 2137 3196 2191 καὶ
3231 2139 3262 2206 ἡ
3315 2135 3451 2205 τύχη
3491 2135 3697 2186 πάντοτε

2139 2228 2291 2297 αὐτῷ
2331 2227 2652 2298 ἐϐοήθησεν.
2716 2227 2986 2298 ’Ὕστερον
3038 2229 3215 2299 ἐφάνη
3267 2229 3416 2297 αὐτῷ
3468 2224 3699 2294 ᾱρὸίσκ

2134 2321 2393 2391 γενέσθαι
2425 2321 2598 2391 ἤγουν
2639 2321 2893 2394 μοναχὸς,
2929 2321 3026 2376 καὶ
3053 2319 3113 2375 ἐν
3147 2324 3215 2393 τῇ
3282 2317 3502 2392 Προύσῃ
3539 2317 3692 2386 aspi-

2143 2433 2240 2474 σας
2278 2415 2522 2482 ἐγένετο,
2569 2415 2664 2466 καὶ
2718 2413 2829 2479 ζῶν
2871 2416 2964 2468 ἐτῐ
3002 2415 3083 2486 τῷ
3157 2415 3282 2488 υίῷ-
3317 2411 3569 2484 Μεεμέτῂ
3616 2407 3702 2475 τὴν

2139 2509 2323 2561 πᾶσαν
2364 2504 2615 2570 ἐξουσίαν
2653 2505 2748 2557 καὶ
2801 2501 3082 2576 βασιλείαν
3132 2507 3325 2574 ἐδωσε,
3395 2499 3698 2576 βασιλεύσας

2137 2602 2236 2670 ετη
2267 2601 2566 2671 τριάκοντα
2597 2591 2694 2654 καὶ
2749 2601 3012 2670 τέσσαρα.

2208 2693 2309 2764 λβ’.
2351 2693 2646 2766 Ἐλθούσης
2678 2695 2735 2750 δέ
2778 2695 2959 2764 πάσης
2988 2698 3086 2768 τῆς
3109 2695 3293 2768 ἀρχῆς
3319 2695 3416 2749 uel.
3475 2687 3699 2758 ἐξουσίας

2139 2782 2233 2842 ἐπὶ
2281 2789 2374 2842 τὸν
2411 2778 2696 2858 Μεεμέτην
2735 2787 2793 2845 ἐν
2825 2790 2937 2844 ἔτει
2976 2791 3183 2860 ,ς’ᾓνηθ,
3247 2785 3576 2846 ίνδικτιῶνος
3625 2781 3695 2844 ιδί

2136 2881 2224 2936 διὰ
2262 2883 2323 2934 τὸ
2351 2875 2493 2935 εἶναι
2532 2880 2641 2953 93
2697 2883 2866 2937 αὐτὸν
2912 2883 3058 2936 πάνυ
3110 2883 3232 2935 νέον
3274 2881 3420 2943 τινὲς
3467 2876 3573 2932 τῶν
3607 2880 3694 2942 γηε

2139 2976 2310 3047 ραιῶν
2363 2976 2651 3049 βεζιρίδων
2706 2976 2894 3047 ἔλεγον
2946 2976 3026 3048 τῷ
3102 2975 3422 3048 Ἀμουράτῃ
3480 2973 3558 3027 ὅτι
3608 2967 3694 3021 οὐκ

2136 3069 2348 3134 ἔξεστιν
2412 3064 2852 3142 ἐμπιστευθῆναι
2917 3069 3016 3142 τὴν
3071 3071 3350 3137 τοσαύτην
3413 3065 3579 3138 ἀρχὴν
3626 3059 3694 3113 ἔτι

2061 3186 2103 3247 c
2133 3159 2212 3230 τῷ
2243 3162 2362 3234 υἱῷ,
2393 3162 2481 3217 ἵνα
2514 3161 2588 3234 μὴ
2624 3163 2673 3216 οξ
2709 3162 2812 3233 τῆς
2861 3162 3115 3231 νεότητος
3169 3162 3378 3216 καπνοὶ
3434 3158 3530 3228 τὴν
3564 3153 3698 3247 βασιδ

2141 3247 2292 3308 λείαν
2355 3254 2704 3310 κινδυνεύσαι
2760 3256 3088 3326 ποιήσωσιν.
3164 3252 3225 3309 '0
3295 3252 3389 3309 οὖν
3434 3246 3696 3319 Μεεμὲτης

2137 3432 2414 3500 dispersus
2448 3440 2550 3486 est.
2583 3429 2699 3487 Jam
2755 3432 3039 3488 Amuratcs
3094 3430 3325 3501 Mysiam
3385 3424 3694 3496 superiorem

2137 3525 2434 3594 ῖιιὲτθεδυς,
2470 3539 2721 3591 magnam
2750 3523 2870 3592 ejus
2894 3534 3101 3592 partem
3148 3523 3253 3578 sibi
3295 3520 3599 3592 vectigalem
3629 3513 3698 3568 fe-

2133 3613 2228 3682 cit,
2263 3633 2325 3669 ac
2355 3616 2590 3670 Bosnam
2623 3624 2677 3670 et
2717 3614 2981 3670 Joannem
3029 3616 3366 3672 Castriotam
3409 3615 3559 3684 plane
3604 3606 3694 3662 sibi

2135 3708 2387 3777 subjecit.
2410 3707 2554 3761 Idem
2577 3705 3083 3776 primusjanitzaris
3099 3707 3246 3778 jura,
3270 3723 3391 3779 quae
3410 3702 3694 3760 illibabenlo

2134 3801 2407 3872 praecipua
2444 3794 2761 3867 impertivit,
2814 3813 3017 3864 eosque
3067 3813 3154 3864 eo,
3208 3815 3322 3871 quo
3353 3800 3513 3855 etiam
3557 3792 3696 3850 hodie

2131 3906 2378 3956 tttuutur,
2402 3893 2664 3948 exercitio
2695 3894 2771 3945 uti
2816 3892 2998 3962 jussit.
3041 3893 3365 3965 Antiquitas
3399 3893 3540 3948 enim
3589 3888 3695 3955 ejus

2133 3989 2364 4056 legionis
2430 3988 2550 4041 aliae
2587 3976 3035 4050 consuetudines,
3095 3987 3199 4063 alia
3263 3987 3549 4050 exercitia,
3597 3981 3688 4036 alia

2130 4083 2458 4136 vestimenta
2519 4092 2696 4135 erant.
2735 4079 2913 4133 Vetuit
2947 4080 3162 4135 eosdem
3207 4079 3551 4136 matrimonia
3581 4089 3695 4130 con;

2133 4175 2368 4239 trahere,
2394 4191 2461 4230 ne
2487 4174 2862 4231 detinerentur
2888 4187 3118 4229 uxorum
3138 4172 3552 4245 liberorumque
3577 4181 3689 4225 cura

2129 4276 2183 4321 et
2215 4267 2384 4332 victu,
2417 4268 2511 4321 sed
2541 4265 2707 4320 alacri
2735 4276 2788 4320 et
2823 4267 3000 4322 soluto
3046 4273 3266 4336 semper
3311 4270 3493 4324 animo
3526 4267 3576 4322 in
3607 4263 3692 4317 nti-

2135 4357 2245 4412 litia
2279 4367 2647 4423 versarentur,
2673 4358 2951 4428 voluitque
2982 4361 3197 4416 eosdem
3260 4363 3400 4417 filios
3449 4375 3571 4416 SIIOS
3605 4369 3687 4423 ap-

2130 4450 2346 4520 pellari.
2377 4450 2434 4504 In
2466 4450 2742 4519 subjectos
2767 4449 2983 4521 egregie
3026 4451 3226 4520 justus,
3262 4463 3317 4508 et
3343 4452 3508 4507 futuri
3547 4446 3688 4502 intel-

449 4546 797 4598 sertamanu,
818 4533 1044 4588 victoria
1078 4547 1244 4602 penes
1265 4548 1503 4586 ameram
1535 4541 1650 4596 est;
1682 4531 1755 4584 illi
1776 4530 2022 4598 dissipati

2136 4542 2302 4611 Iigens
2331 4551 2482 4610 erat;
2530 4557 2718 4597 severe
2749 4545 2983 4612 satrapis
3031 4552 3084 4598 et
3114 4545 3394 4616 judiclbus
3452 4542 3687 4598 omnibus

452 4626 689 4694 fugiunt.
726 4626 782 4679 ln
816 4640 878 4679 ea
914 4639 1090 4694 pugna
1156 4624 1537 4692 Hungarorum
1595 4618 2028 4694 Blacborumqne

448 4720 687 4790 'atuplius
747 4719 968 4788 triginta
999 4720 1194 4786 millia,
1239 4719 1539 4774 Turcarum
1559 4721 1858 4786 perpaucos
1886 4719 2032 4773 ceci-

449 4813 594 4866 ιιίεειτ
634 4811 839 4867 dicunt.
865 4809 1082 4866 Partem
1117 4811 1319 4866 veteris
1374 4808 1544 4879 Epiri,
1597 4803 1831 4870 IEtolos,
1864 4812 2031 4864 Acar-

450 4917 640 4968 nanes,
666 4903 904 4967 Thebas,
933 4903 1194 4966 Athenas,
1223 4910 1391 4956 totam
1415 4901 1702 4966 Btnotiant,
1751 4901 2026 4957 llellatlem

447 5004 500 5048 et
556 4992 863 5050 Jobanniua
901 4994 1041 5048 bello
1093 4995 1198 5048 sibi
1236 4992 1549 5054 vindicavit,
1578 5005 1738 5064 atque
1786 5009 2028 5050 ameram

452 5089 715 5141 Ca'sarca:
739 5099 1073 5157 postremum
1100 5085 1300 5138 devicit
1329 5085 1656 5155 delevitque,
1683 5098 1736 5141 et
1773 5091 2028 5143 universa

452 5179 541 5232 llla
571 5180 778 5234 «titione
803 5179 1008 5248 potitus
1027 5187 1134 5238 est,
1151 5177 1396 5245 exceptis
1416 5179 1740 5246 quibusdam
1765 5181 2026 5245 castellis,

454 5280 576 5342 qna:
627 5275 680 5326 iu
715 5271 994 5326 mentibus
1029 5269 1311 5325 altissimis
1359 5279 1536 5336 erant,
1581 5273 1669 5326 ubi
1704 5275 1884 5329 sedem
1919 5276 2031 5330 col-'-

452 5356 725 5419 l..c‘averat
765 5365 1120 5417 Caratnanus.
1156 5362 1437 5419 Ladislaus
1469 5375 1580 5430 rex,
1618 5381 1739 5420 cum
1765 5366 1884 5421 aliis
1913 5369 2032 5436 qui-

455 5457 684 5511 busdam
747 5455 1084 5524 principibus
1141 5455 1467 5512 Christianis
1523 5457 1729 5514 [aedere
1783 5460 2028 5529 junctus,

454 5547 638 5600 denuo
663 5556 851 5600 contra
875 5547 1190 5602 Amuratem
1221 5551 1462 5620 suscepit
1482 5551 1903 5620 expeditionem,
1931 5552 2029 5607 sed

455 5624 696 5692 Varnam
728 5653 901 5708 usque
938 5649 1262 5708 pragressus
1287 5639 1470 5711 ibique
1503 5657 1628 5696 eum
1675 5655 1856 5696 amera
1891 5657 2030 5711 prae-

458 5726 620 5795 latus,
649 5730 918 5802 imperitia
952 5731 1028 5785 rei
1064 5731 1268 5788 bellicae
1300 5747 1413 5788 rem
1453 5734 1595 5787 male
1627 5733 1818 5802 gessit.
1865 5733 2029 5787 [\‘am-

457 5830 558 5889 que
581 5825 874 5880 cet-tamine
911 5825 1156 5884 devictus
1183 5833 1235 5883 ct
1255 5827 1490 5893 occisus,
1516 5827 1891 5897 exercituSque
1914 5829 2030 5895 ejus

2128 4631 2398 4696 edicebat,
2428 4647 2495 4690 ne
2519 4632 2775 4700 cuiquam
2801 4633 3056 4701 lnjuriam
3090 4635 3375 4704 facerent;
3406 4637 3544 4706 quod
3563 4634 3694 4688 edice

2132 4730 2246 4775 tum
2277 4722 2320 4776 si
2355 4723 2478 4792 quis
2509 4723 2595 4776 vel
2624 4723 2849 4778 minime
2880 4725 3160 4790 violasset,
3211 4727 3356 4781 nulla
3401 4726 3694 4780 misericow

2129 4811 2658 4882 diamrobibebatur,
2691 4820 2986 4884 quominus
3017 4833 3139 4872 eum
3194 4820 3374 4889 capite
3433 4817 3689 4870 multaret.
3727 4811 3729 4813 ’

2131 4903 2415 4980 ln‘proaliis
2436 4925 2494 4963 se
2509 4910 2799 4980 objiciebat
2824 4903 3097 4982 periculis.
3118 4923 3280 4984 atque
3297 4927 3569 4983 nunquam
3599 4920 3692 4961 non

2133 5001 2266 5056 favit
2292 5002 2340 5056 ei
2373 5001 2617 5056 fortuna.
2649 5000 2932 5057 Postremo
2971 5001 3021 5057 ei
3071 5004 3246 5060 visum
3301 5012 3407 5065 est,
3438 5011 3489 5054 ttt
3525 4995 3684 5053 derbi-

2132 5109 2222 5149 ses
2254 5096 2366 5148 sive
2395 5095 2698 5148 monachus
2725 5095 2901 5149 ﬁeret.
2927 5094 3117 5165 Itaque
3149 5095 3376 5149 Prusam
3407 5092 3688 5164 profectus.

2133 5185 2374 5242 derbises
2408 5184 2585 5241 factus
2609 5195 2691 5238 est
2744 5187 3123 5256 concessitque
3161 5187 3340 5242 adhuc
3399 5185 3550 5240 vivus
3597 5179 3694 5233 Me-

2134 5281 2331 5334 ltemeti
2365 5277 2476 5332 lilio
2535 5283 2761 5348 regnum
2827 5289 2882 5335 et
2939 5295 3156 5335 omnem
3211 5279 3581 5334 auctoritatem
3622 5285 3697 5323 re-

2133 5373 2296 5442 giam,
2335 5379 2616 5441 postquam
2677 5370 2794 5440 ipse
2829 5371 3047 5428 functus
3099 5383 3183 5429 est
3239 5373 3472 5441 imperio
3529 5377 3689 5421 annos

2134 5463 2352 5531 triginta
2387 5471 2644 5531 quatuor.
3352 5473 3360 5483 ··

2204 5553 2295 5607 52.
2329 5552 2619 5607 Translata
2638 5547 2924 5608 Mcliemeti
2959 5565 3125 5623 regno
3151 5553 3410 5620 omnique
3445 5546 3694 5617 potestate

2133 5647 2282 5715 regia
2335 5659 2476 5699 anno
2503 5644 2665 5708 8958,
2702 5644 2999 5700 indictione
3050 5646 3137 5709 Μ,
3165 5645 3424 5715 quoniam
3456 5642 3499 5694 is
3525 5638 3694 5691 admo-

2132 5739 2262 5794 dum
2293 5737 2609 5792 adolescens
2631 5737 3002 5806 erat,quitlam
3031 5738 3280 5793 scnories
3305 5733 3512 5787 venires
3542 5730 3694 5782 Amu-

2134 5840 2303 5886 ratem
2335 5837 2682 5894 monuerunt,
2730 5829 2938 5884 licitum
2985 5845 3092 5899 non
3135 5845 3285 5894 esse,
3331 5833 3529 5880 tautant
3563 5815 3694 5888 "38""
