4000 6426
327 370 435 454 ῗὶ3

1406 376 1857 441 CHRONICON
1906 378 2176 440 MAJUS.
2219 402 2291 414 --
2328 376 2473 437 LIB.
2512 376 2562 438 Ι.

3496 364 3602 436 714

314 498 499 554 amita.
532 494 1205 565 αἰσθανόμενοςεέμαίνετο
1255 494 1377 548 κατ’
1408 495 1611 559 αὑτῶν,
1649 495 1744 548 καὶ
1786 493 1918 547 πολ·
1946 498 1994 557 Α
2022 493 2289 547 Σινωπίου
2322 494 2391 563 ἢν
2424 492 2664 564 ὑποτελῆ
2697 493 2746 545 οί
2782 491 2886 561 πρὸ
2916 490 3084 546 αὐτου
3113 490 3404 559 ἐποθωαν,
3449 488 3607 559 οὗτος

327 592 455 652 λοὺς
508 589 742 659 ὕστερον
777 585 1113 652 ἐθανάτωσε,
1178 587 1273 640 καὶ
1338 586 1785 657 παιδαριογέρων
1864 586 1920 638 ἐν

327 683 447 745 ταῖς
480 681 683 751 μάχαις
711 681 806 735 καὶ
836 681 958 742 ταῖς
995 678 1329 748 διοικήσεων
1363 681 1443 741 είς
1472 678 1642 751 άκρον
1680 678 1917 747 ἐγένετο.

331 768 441 826 Ἦν
465 773 579 826 δέὸ
618 773 739 835 νέος
797 772 1089 842 δραστικὸς
1142 771 1235 825 καὶ
1285 771 1458 835 δεινὸς
1515 773 1664 830 κατὰ
1717 774 1919 835 πάντα,

331 864 460 927 τοὺς
490 864 786 933 ἐναρέτους
824 863 924 917 καὶ
975 864 1175 931 σοφοὺς
1239 864 1441 936 ἄνδρας
1489 864 1725 933 ἀγαπῶν
1760 883 1773 895 ·
1825 864 1922 918 καὶ

335 956 503 1020 αὑτὸς
541 958 645 1011 οὑκ
691 955 999 1027 άμέθεκτος
1041 951 1109 1027 ἦν
1152 957 1369 1025 σοφίας,
1417 957 1515 1010 καὶ
1558 958 1659 1026 τὴν
1721 962 1922 1030 τέχνην

332 1049 435 1118 τῆς
477 1049 845 1116 ἀστρολογίας
884 1049 985 1102 οὑκ
1041 1048 1222 1117 ὀλίγον
1274 1050 1613 1120 γευσάμενος
1653 1053 1921 1121 ἀναγινώ-

330 1156 485 1193 σκειν
516 1141 605 1195 ἀεὶ
650 1140 867 1210 ὴγάπα.
906 1140 989 1193 Τά
1036 1157 1097 1192 τε
1155 1140 1563 1211 κατορθώματα
1617 1146 1712 1198 καὶ
1772 1144 1921 1214 βίους

344 1230 701 1300 Ἀλεξάνδρου
749 1230 845 1293 τοῦ
915 1232 1230 1304 Μακεδόνος
1296 1235 1391 1286 καὶ
1463 1233 1557 1287 τοῦ
1634 1236 1919 1308 Ὀκταϐίου

335 1322 642 1392 Καίσαρος,
714 1324 1131 1406 Κωνστοψτίνου
1209 1325 1304 1379 τοῦ
1370 1327 1636 1396 μεγάλου,
1678 1329 1773 1383 τοῦ
1826 1332 1921 1384 καὶ

226 1406 232 1413 ’
334 1414 567 1468 Φλαϐίου
595 1415 691 1469 καὶ
719 1415 1003 1483 Θεοδοσίου
1044 1413 1140 1471 τοῦ
1195 1417 1258 1482 ἐξ
1305 1418 1592 1484 Ἱσπανίας
1655 1421 1922 1492 βασιλέως

338 1507 973 1572 Κωνσταντινουπόλεως
1000 1508 1393 1576 ἀνεγίνωσκεν,
1435 1511 1607 1565 αἰτῶν
1640 1514 1735 1579 καὶ
1765 1516 1923 1583 ἐρευ-

330 1598 437 1651 νῶν
475 1598 726 1668 μηχανὰς
758 1600 845 1654 ἵνα
874 1599 1001 1662 τοὺς
1056 1602 1268 1664 πάντας
1314 1602 1526 1674 ὑπερϐῇ
1563 1605 1753 1659 καὶτὰ
1793 1608 1918 1677 ὅρια

331 1689 432 1752 τῆς
485 1688 769 1758 βασιλείας
830 1689 997 1743 αὑτοῦ
1052 1693 1362 1763 είςάκρον
1416 1693 1631 1767 αὐξήσῃ
1667 1711 1681 1726 ⁸
1737 1697 1766 1749 ὃ
1826 1699 1920 1751 καὶ

330 1783 608 1852 ἐποίησεν.
696 1782 971 1848 ’Δκοὺσας
1027 1780 1120 1839 οὖν
1180 1788 1310 1858 περὶ
1376 1787 1470 1842 τοῦ
1533 1788 1767 1844 θανάτου
1823 1792 1917 1846 τοῦ

2028 582 2253 651 πολέμῳ
2284 584 2378 637 τὸν
2412 583 2584 652 αὑτῆς
2614 584 2842 654 άμηρᾶν
2869 584 3102 653 νικήσας
3163 581 3353 653 κύριος
3401 578 3608 649 τέλειος

2023 675 2242 744 ἐκείνης
2262 675 2365 745 τῆς
2391 675 2565 744 ἀρχῆς
2597 675 2838 742 ἐγένετο.
2872 669 3008 730 Εἶτα
3054 668 3154 745 τὴν
3185 676 3409 746 ἀγάπην
3435 675 3607 740 λύσας

2023 768 2092 838 ἥν
2143 765 2254 839 ε’χε
2292 770 2435 839 μετὰ
2494 768 2606 823 τῶν
2659 767 2935 822 δεσπότων
2986 768 3271 839 στρατεύει
3315 768 3458 824 κατὰ
3508 774 3612 840 τῆς
3694 796 3701 801 -

2024 859 2464 931 Πελοποννήσου,
2515 862 2612 914 καὶ
2659 862 2788 925 τοὺς
2851 860 3118 925 δεσπότας
3179 861 3377 927 διώξας
3426 865 3610 919 πᾶσαν

2023 951 2124 1021 τὴν
2154 952 2565 1023 Πελοπόννησον
2596 953 2778 1021 ἔλαϐε.
2813 955 2923 1009 Καὶ
2970 953 3032 1006 τὸ
3071 956 3460 1026 ἐναπολειφθέν
3512 959 3609 1027 τῆς

2027 1044 2265 1115 Σερϐίας
2295 1044 2487 1116 μέρος,
2524 1048 2620 1100 καὶ
2645 1046 2736 1099 τὸν
2780 1046 3055 1116 δεσπότην
3085 1049 3255 1117 αὑτῆς
3287 1044 3484 1115 διώξας
3514 1054 3610 1106 καὶ

2024 1138 2125 1207 τὴν
2156 1140 2374 1211 μητέρα
2405 1139 2952 1214 πολέμῳ,ἐγκρατὴς
3000 1145 3079 1206 είς
3146 1144 3323 1201 πάντα
3369 1145 3607 1212 ἐγένετο.

2003 1228 2237 1287 ,Χίονδέ
2287 1231 2386 1304 τὴν
2439 1234 2603 1300 νῆσον
2650 1236 2743 1286 καὶ
2789 1234 2999 1288 Λέσϐον
3044 1236 3173 1289 ἄνευ
3220 1237 3458 1309 πολέμου
3520 1239 3610 1309 ὑφ’

2030 1317 2214 1388 ἐαυτῷ
2249 1318 2534 1384 ὑποτελεῖς
2553 1322 2814 1390 ἐποίησεν
2834 1340 2862 1398 f
2895 1323 3128 1395 ὓστερον
3166 1326 3221 1379 δὲ
3246 1327 3344 1398 τῆς
3398 1330 3608 1384 Λέσϐου

2026 1410 2212 1481 πάσης
2246 1412 2373 1466 καθ’
2411 1413 2535 1468 ὅλου
2583 1396 2858 1488 ἐγκρατὴς
2907 1419 3148 1485 ἐγένετο.
3202 1396 3334 1474 Εῐτα
3389 1421 3608 1494 ἔρχεται

2030 1503 2171 1557 κατὰ
2207 1504 2304 1573 τῆς
2344 1507 2508 1574 νήσου
2540 1506 2796 1577 Κύπρου,
2828 1511 2921 1562 καὶ
2974 1512 3113 1579 μετὰ
3168 1512 3261 1565 τοῦ
3311 1516 3481 1585 ῥηγὺς
3530 1520 3611 1581 είς

2026 1594 2333 1663 συμϐάσεις
2383 1597 2651 1664 ἐλθόντες,
2684 1600 2839 1665 τέλος
2885 1602 3044 1668 ἔταξε
3075 1605 3275 1661 διδόναι
3310 1609 3458 1678 αὑτῷ
3516 1613 3610 1664 καὶ

2023 1687 2198 1753 οὕτως
2231 1691 2608 1771 ἀνεχώρησεν.
2656 1692 2789 1749 Εἶτα
2837 1697 3023 1752 στόλον
3076 1698 3261 1770 ἕτερον
3287 1702 3608 1771 ἑτοιμάσας,

2022 1784 2165 1835 κατὰ
2198 1784 2296 1853 τῆς
2337 1769 2501 1857 νήσου
2553 1786 2740 1842 Ῥόδου
2813 1789 2986 1845 ἐλθὼν
3041 1769 3326 1863 ἄπρακτος
3389 1769 3455 1849 ἐκ
3503 1797 3611 1849 τῶν

343 1874 658 1944 ’Δμουράτη
687 1876 716 1928 ὁ
746 1863 1082 1953 Καραμάνος
1129 1875 1468 1947 Ἀλισοὺριος
1496 1881 1561 1931 ἐκ
1595 1878 1703 1933 τῶν
1736 1879 1915 1944 ὀρέων
1949 1868 1990 1925 Β
2018 1873 2234 1928 ἐκεῖθεν
2260 1874 2438 1945 διέϐη,
2474 1879 2568 1931 καὶ
2618 1878 2807 1932 πολλοὶ
2863 1880 2928 1934 ἐκ
2990 1880 3084 1934 τοῦ
3152 1882 3389 1953 στρατοῦ
3440 1883 3608 1937 αὑτοῦ

329 1967 576 2030 καταϐὰς
611 1966 784 2021 πολὺν
820 1948 984 2021 τόπον
1019 1968 1199 2040 ἑαυτῷ
1249 1972 1705 2043 περιεποιήσατο.
1745 1973 1805 2026 '0
1850 1972 1908 2025 δὲ

338 2058 457 2120 νέος
495 2048 769 2129 αὐθέντης
800 2061 827 2112 ό
866 2058 1156 2132 Μεεμέτης
1188 2062 1421 2131 στρατὸν
1470 2062 1771 2132 ἑτοιμάσας
1823 2065 1912 2134 ἐρ-

332 2167 490 2220 χεται
528 2156 656 2204 κατ’
686 2151 854 2205 αὑτοῦ
891 2166 906 2183 ⁹
944 2153 1107 2218 αὐτὸς
1136 2154 1194 2208 δὲ
1238 2154 1429 2224 φυγὼν
1477 2155 1641 2210 πάλιν
1674 2157 1757 2219 είς
1814 2155 1913 2241 τὰς

330 2245 581 2313 κορυψὰς
613 2243 725 2297 τῶν
759 2245 937 2314 όρέςον
971 2244 1246 2318 διήρχετο,
1305 2247 1411 2309 ἕως
1475 2242 1538 2301 οὗ
1590 2247 1734 2317 μετά
1793 2266 1915 2302 τινα

330 2337 521 2407 καιρὸν
551 2334 838 2400 παντελῶς
867 2334 1174 2407 ἠφανίσθη.
1204 2332 1364 2393 Μετὰ
1417 2339 1474 2392 δὲ
1498 2340 1561 2393 τὺ
1617 2340 1917 2412 διωχθῆναι

330 2428 424 2482 τὸν
454 2430 795 2500 Καραμάνον
832 2431 1082 2499 περάσας
1140 2433 1199 2485 ἐν
1253 2433 1319 2503 τῇ
1368 2432 1769 2487 Καλλιουπόλει
1823 2434 1917 2493 καὶ

328 2522 411 2585 είς
478 2520 957 2591 Ἀνδριανοὺπολιν
1010 2521 1123 2593 94
1176 2523 1394 2591 φθάσας
1458 2525 1770 2597 ἡτοιμάσοη
1825 2529 1918 2582 καὶ

326 2608 460 2683 ἦλθε
486 2615 630 2668 κατὰ
664 2615 764 2684 τῆς
817 2614 1030 2677 πόλεως
1086 2616 1183 2668 καὶ
1253 2615 1549 2687 Ῥωμαίων
1612 2620 1914 2690 βασιλείας,

328 2708 546 2776 καὶτῆς
575 2707 832 2777 τοιαύτης
865 2709 1074 2778 περιφή
1085 2724 1188 2779 μου
1215 2710 1429 2773 πόλεως
1458 2712 1651 2780 κύριος
1676 2714 1917 2782 ἐγένετο,

330 2798 425 2852 καὶ
491 2799 643 2868 ἡμᾶς
708 2798 920 2852 ἐκεῖθεν
974 2800 1333 2871 ᾐχμαλώτισε
1392 2802 1488 2856 καὶ
1529 2804 1765 2874 ἠφάνισε
1825 2807 1919 2859 καὶ

330 2889 590 2955 ἐξέωσεν.
620 2886 751 2942 Εἶτα
782 2891 1068 2960 στρατεύει
1104 2894 1246 2947 κατὰ
1290 2895 1392 2963 τῆς
1445 2894 1725 2964 βασιλείας
1778 2896 1919 2968 Τρα-

332 2979 652 3046 πεζοῦντος,
719 2982 816 3035 καὶ
871 2984 930 3036 ἐν
986 2985 1211 3058 εὐκολίᾳ
1275 2988 1393 3056 μετ’
1436 2988 1618 3059 ὀλίγον
1681 2990 1918 3061 πόλεμον

336 3072 521 3125 πᾶσαν
551 3073 764 3144 ἐκείνην
788 3073 889 3145 τὴν
935 3076 1115 3148 ἀρχὴν
1165 3078 1349 3145 ἔλαϐε,
1407 3081 1505 3135 καὶ
1545 3083 1639 3137 τὸν
1689 3083 1918 3154 βασιλέα

242 3202 244 3206 μ
331 3161 503 3231 αὑτῆς
545 3163 707 3216 Δαϐὶδ
736 3164 825 3218 τὸν
852 3167 1140 3237 Κομνηνὸν
1164 3170 1511 3241 αἰχμάλωτον
1533 3176 1592 3228 ἐν
1642 3177 1710 3246 τῇ
1764 3178 1917 3233 πόλει

333 3254 744 3310 Κωνσταντίνου
774 3257 994 3331 ἔφερεν.
1050 3261 1162 3316 Καὶ
1218 3263 1321 3332 τὴν
1381 3264 1715 3338 περιϐόητον
1762 3268 1919 3327 πόλιν

331 3437 525 3499 molem
550 3438 662 3509 jam
689 3452 803 3496 tum
836 3445 1111 3502 committi
1142 3446 1275 3513 ﬁlio,
1295 3464 1367 3505 ne
1392 3451 1622 3520 spiritus
1646 3452 1920 3522 juveniles

331 3545 500 3601 regno
525 3534 829 3593 excitarent
849 3538 1116 3606 pericula.
1148 3539 1482 3599 Mehemetes
1507 3545 1621 3601 haec
1670 3546 1760 3601 ubi
1788 3561 1918 3602 sen-

328 3624 425 3689 sit,
464 3624 541 3677 ira
572 3622 810 3691 furebat,
847 3627 1161 3699 multosque
1190 3632 1256 3686 de
1291 3632 1378 3687 bis
1415 3635 1689 3691 veziribus
1727 3647 1917 3707 postea

330 3714 629 3783 interemit,
653 3718 705 3770 in
740 3717 902 3772 rebus
936 3727 1049 3772 tum
1079 3720 1399 3778 domesticis
1434 3734 1546 3778 tum
1579 3726 1790 3781 bellicis
1818 3729 1917 3783 ad-

337 3807 711 3863 ministrandis
774 3809 1099 3877 sapientiam
1164 3812 1321 3881 plane
1363 3817 1590 3870 senilem
1628 3829 1912 3885 praestans.

329 3896 459 3952 Erat
483 3898 711 3967 impiger
741 3911 796 3955 et
826 3915 954 3955 acer
976 3902 1028 3956 in
1057 3902 1217 3957 rebus
1238 3903 1516 3970 eninibus,
1539 3916 1702 3976 atque
1730 3922 1919 3967 amore

334 3989 770 4058 amplectebatur
817 3991 1067 4049 homines
1104 3997 1317 4051 virtutis
1356 4006 1411 4051 et
1458 3998 1763 4056 litterarum
1798 4014 1918 4058 stu-

329 4079 515 4136 diosos
542 4098 561 4146 ;-
585 4097 688 4136 nec
705 4083 820 4150 ipse
840 4085 991 4139 rudis
1009 4094 1126 4139 erat
1149 4088 1330 4141 littera
1342 4091 1607 4154 runt,etin
1628 4093 1916 4164 disciplina

326 4173 655 4242 astrologica
707 4189 1028 4242 progressus
1053 4193 1161 4232 non
1196 4180 1502 4235 mediocres
1533 4182 1737 4239 fecerat
1767 4204 1785 4253 ;
1827 4204 1917 4245 as.

326 4260 482 4316 sidua
507 4261 742 4318 lectione
765 4276 1089 4335 occupatus,
1114 4283 1201 4322 res
1234 4280 1418 4340 gestas
1441 4282 1498 4327 et
1522 4274 1660 4331 vitas
1677 4277 1915 4333 Alexan-

325 4354 410 4406 dri
457 4352 797 4420 MacedOnis,
857 4358 1065 4414 Octavii
1097 4360 1349 4429 Cwsaris,
1377 4361 1547 4421 Flavii
1576 4368 1918 4427 Constantini

326 4440 527 4514 Magni,
577 4444 923 4515 imperatoris
944 4447 1238 4506 Theodosii
1262 4451 1485 4524 Hispani
1507 4457 1740 4528 legebat,
1769 4478 1922 4531 quas-

2017 1966 2444 2039 άπεκτάνθησαν
2474 1969 2561 2024 διὰ
2591 1970 2650 2024 τὸ
2681 1970 2858 2026 ἐλθεῖν
2890 1973 3079 2027 στόλον
3110 1974 3235 2029 τινὰ
3252 1977 3314 2027 ὲκ
3331 1976 3429 2046 τῆς
3470 1977 3611 2031 Ἰτα-

2015 2053 2133 2116 λίας
2182 2060 2264 2121 είς
2298 2059 2578 2129 βοήθειαν.
2613 2061 2790 2125 sese;
2840 2063 2897 2116 δὲ
2951 2063 3108 2134 θυμῷ
3156 2065 3465 2135 καχλάζων,
3523 2066 3611 2120 ἵνα

2021 2148 2122 2221 τὴν
2151 2152 2497 2223 άνταμοιϐὴν
2525 2157 2641 2217 τοῖς
2684 2155 2909 2219 Ἰταλοῖς
2934 2159 3159 2228 ποιήσῃ,
3190 2158 3377 2213 στόλον
3435 2159 3610 2233 βαρὺν

2019 2244 2319 2312 ἑτοιμάσας
2373 2247 2511 2315 μετὰ
2578 2248 2810 2318 στρατοῦ
2869 2249 3070 2304 πολλοῦ
3112 2251 3339 2305 ίππικοῦ
3397 2269 3460 2305 τε
3514 2255 3611 2305 καὶ

1992 2410 2005 2417 ί
2018 2320 2184 2398 πε.ζοὺ
2197 2335 2402 2390 ἔστειλε
2423 2341 2567 2395 κατὰ
2583 2342 2679 2409 τῆς
2708 2340 2818 2412 95
2835 2342 3152 2416 Καλαϐρίας
3169 2349 3264 2400 καὶ
3293 2349 3392 2417 τῆς
3420 2348 3613 2401 Ἀπου-

2019 2423 2162 2491 λίας,
2196 2428 2290 2481 καὶ
2319 2429 2379 2481 ἐν
2428 2429 2505 2500 τῷ
2533 2431 2877 2503 ἀπέρχεσθαι
2940 2436 3031 2521 τὸν
3080 2438 3266 2494 στόλον
3329 2439 3609 2494 Ζάκυνθ.ν

2021 2517 2117 2572 καὶ
2146 2519 2492 2589 Κεφαλονίαν
2528 2524 2812 2590 ὑποτελεϊς
2873 2517 3102 2601 ἐποίησε
3133 2545 3149 2561 ο
3204 2531 3425 2600 φθάσας
3481 2533 3538 2587 δὲ
3580 2535 3610 2587 6

2023 2611 2209 2674 στόλος
2276 2615 2335 2666 ἐν
2403 2618 2470 2685 τῇ
2513 2616 2825 2690 Καλαϐρίᾳ,
2897 2619 2956 2674 τὸ
3016 2622 3280 2695 φρούριον
3327 2625 3387 2680 τὸ
3433 2628 3491 2681 ἐν
3537 2630 3605 2699 τῇ

2033 2705 2296 2777 Ἀπουλίᾳ
2316 2709 2374 2763 τὸ
2418 2707 2717 2780 λεγόμενον
2754 2704 3347 2783 ’Υδροῦςίὰποκλείσας
3378 2722 3476 2776 καὶ
3504 2735 3606 2773 πο-

2020 2798 2321 2869 λιορκήσας
2357 2800 2489 2888 αὑτὸ
2538 2802 2720 2871 ἔλαϐε,
2756 2805 2852 2858 καὶ
2886 2807 3051 2880 ἕτερα
3087 2809 3328 2882 φρούριά
3356 2830 3478 2868 τινα
3507 2816 3606 2869 λα-

2021 2894 2132 2948 ϐὼν
2164 2896 2351 2980 πρόσω
2379 2899 2697 2967 ἐπορεύετο.
2726 2901 2838 2955 Καὶ
2867 2901 2963 2956 ἐὰν
2998 2904 3075 2975 μὴ
3095 2905 3279 2973 ὀΘεὺς
3307 2908 3368 2972 ἐξ
3394 2909 3609 2980 ἀνθρώ-

2022 3007 2141 3044 πων
2178 2979 2437 3062 ἐποῒησεν
2468 2993 2631 3048 αὑτὸν
2662 2991 2746 3059 οἷς
2776 2991 2883 3051 οἶδε
2919 2999 3167 3070 τρόποις,
3205 3002 3274 3056 τὰ
3320 3003 3483 3074 ὅμοια
3503 2979 3606 3068 id);

2023 3083 2124 3136 atati.
2156 3083 2315 3153 ἡμεῖς
2357 3085 2407 3138 οί
2448 3085 2644 3140 Ἰταλοὶ
2671 3087 2872 3142 ἔπαθον
2899 3090 2986 3147 ἄν.
3037 3092 3349 3159 ’Δκουσθεὶς
3381 3095 3483 3149 δέό
3513 3095 3608 3149 θά-

1946 3209 1990 3268 c
2026 3193 2183 3242 νατος
2217 3178 2382 3233 αὑτοῦ
2409 3179 2469 3233 ἐν
2498 3183 2563 3251 τῇ
2610 3180 2835 3253 Ἰταλίᾳ,
2882 3184 2932 3236 οί
2966 3185 3248 3256 σατράπαι
3282 3190 3376 3242 καὶ
3411 3191 3460 3243 οἱ
3504 3207 3605 3243 κυ-

2022 3270 2285 3342 ϐερνῆται
2314 3272 2408 3326 τοῦ
2446 3273 2637 3327 στόλου
2692 3277 2787 3328 καὶ
2817 3274 2912 3328 τοῦ
2936 3279 3193 3349 στρατοῦ⁴
3214 3283 3354 3351 μετὰ
3389 3283 3608 3354 συμϐά-

1986 3473 2255 3528 -cumque
2287 3460 2700 3516 celeberrimam
2763 3461 2950 3519 urbem
2990 3462 3231 3535 Sinopen
3285 3468 3608 3526 decessores

2020 3554 2140 3624 cjus
2157 3553 2533 3609 tantummodo
2550 3555 2867 3624 vectigalem
2889 3557 3230 3621 habuissent.
3251 3559 3603 3628 Meliemetes,

2019 3642 2191 3698 armis
2223 3643 2438 3699 devicto
2474 3643 2595 3712 ejus
2626 3660 2834 3712 anicra,
2869 3663 3097 3716 prorsus
3125 3664 3244 3703 eam
3283 3652 3336 3705 in
3352 3664 3606 3722 ipotesla-

2023 3744 2128 3789 tem
2160 3749 2315 3789 suam
2351 3735 2582 3806 redegit.
2639 3734 2849 3793 Deinde
2901 3749 3058 3809 rupta
3088 3757 3242 3822 pace,
3274 3760 3437 3813 quam
3480 3764 3604 3802 cum

2019 3824 2261 3893 despotis
2294 3824 2544 3890 habebat,
2592 3827 2643 3879 in
2672 3824 3107 3896 Peloponnesum
3141 3833 3316 3899 duxit,
3349 3842 3602 3907 eamque.

2019 3916 2192 3983 pulsis
2221 3916 2482 3984 despotis,
2515 3927 2685 3973 totam
2723 3922 3033 3990 occupavit,
3081 3925 3222 3981 sicut
3267 3922 3434 3984 etiam
3474 3932 3605 3985 reli-

2020 4022 2185 4075 quam
2219 4018 2429 4077 partem
2471 4008 2695 4075 Serviat.
2741 4012 2859 4082 ejus
2897 4018 3120 4084 despota
3157 4032 3281 4072 cum
3314 4032 3488 4076 matre
3519 4023 3607 4085 fu-

2020 4109 2170 4168 gato,
2205 4100 2435 4169 imperio
2469 4118 2572 4158 suo
2624 4105 2878 4176 subjecit.
2931 4107 3130 4163 Chium
3161 4123 3218 4166 et
3245 4112 3481 4170 Lesbum
3523 4119 3605 4170 in-
3686 4115 3695 4165 ἰ

2020 4188 2172 4244 sules
2218 4192 2357 4246 citra
2400 4192 2599 4248 bellum
2637 4196 2741 4251 sibi
2772 4199 3094 4265 tributarias
3121 4199 3252 4256 fecit
3282 4224 3294 4257 :
3331 4204 3395 4258 ac
3424 4205 3604 4262 Lesbo

2021 4281 2238 4352 quidem
2280 4298 2403 4338 mox
2436 4286 2687 4343 universa
2722 4292 2930 4359 potitus
2966 4304 3070 4350 est.
3122 4295 3329 4353 Deinde
3363 4299 3601 4373 Cyprum

2021 4389 2337 4444 aggressus,-
2368 4383 2490 4433 cum
2530 4381 2660 4450 ejus
2691 4399 2816 4456 rege
2852 4388 2917 4441 de
2972 4388 3175 4446 tributo
3208 4392 3309 4448 sibi
3344 4396 3606 4450 solvendo

2025 4477 2238 4535 pactum
2266 4469 2569 4539 iniitatque
2596 4472 2667 4526 ita
2697 4476 2948 4531 recessit.
2974 4477 3095 4532 Mox
3128 4480 3232 4537 alia
3250 4482 3426 4538 classe
3454 4501 3606 4541 com-

326 4551 450 4590 rens
478 4547 534 4592 et
580 4539 842 4607 indagans
871 4553 1042 4611 artes,
1083 4548 1283 4616 quibus
1337 4566 1531 4608 omnes
1559 4557 1914 4612 antecelleret
1947 4551 1992 4606 D
2020 4568 2208 4628 parata
2232 4568 2286 4613 et
2304 4568 2491 4616 contra
2523 4562 2776 4620 Rhodum
2801 4567 2989 4636 ducta,
3024 4585 3086 4624 re
3117 4571 3316 4628 infecta
3365 4577 3490 4632 inde
3520 4594 3607 4631 re-

322 4638 378 4682 ct
414 4631 560 4697 regni
592 4631 726 4686 fines
747 4633 1015 4701 proferret
1038 4653 1202 4707 quam
1235 4640 1504 4700 latissime
1533 4649 1727 4716 :quod.
1742 4650 1905 4704 etiam

319 4720 598 4789 pra-stitit.
628 4721 827 4780 Audita
876 4738 1051 4784 morte
1094 4732 1397 4801 Amuratis,
1431 4736 1768 4796 Caratnanus
1797 4742 1910 4795 Ali-

322 4804 505 4868 surius
537 4828 568 4867 c
600 4818 881 4873 montibus
912 4821 1193 4883 descendit
1214 4826 1493 4896 multaque
1509 4830 1611 4884 sibi
1640 4833 1755 4887 loca
1777 4834 1913 4887 sub-

329 4903 487 4972 jecit.
555 4904 778 4968 Juvenis
812 4925 906 4963 rex
968 4911 1324 4982 Mebemetes,
1376 4933 1691 4995 comparata
1725 4939 1910 4988 manu,

323 4996 590 5053 adversus
625 5011 752 5052 eum
795 5000 1164 5067 proficiscitur
1194 5023 1211 5072 ;
1264 5008 1355 5076 qui
1385 5008 1438 5063 in
1481 5012 1663 5082 fugam
1699 5029 1911 5078 versus,

323 5103 516 5146 rursus
548 5090 908 5154 inmontium
939 5095 1070 5167 juga
1125 5113 1186 5154 se
1221 5101 1390 5168 abdit,
1429 5105 1602 5161 donec
1632 5107 1911 5178 aliquanto

322 5191 445 5248 post
462 5183 687 5240 omnino
702 5186 937 5245 deletur.
960 5189 1330 5249 Caramanum
1350 5207 1691 5267 persecutus,
1708 5199 1910 5255 Callio-

322 5272 512 5339 pelim,
537 5276 735 5332 deinde
758 5279 1177 5353 Adrianopolim
1199 5289 1495 5354 concessit,
1517 5291 1677 5354 unde,
1704 5290 1910 5347 instru-

318 5366 422 5420 ctis
451 5368 644 5434 copiis,
670 5373 936 5429 adversus
965 5377 1155 5430 urbem
1190 5386 1244 5432 et
1281 5377 1569 5448 imperium
1604 5380 1907 5438 [tertiarium

322 5459 711 5528 proficiscitur,
754 5479 819 5518 ac
853 5477 999 5520 tanta
1053 5472 1155 5525 hac
1190 5478 1414 5541 tamque
1449 5475 1615 5529 nobili
1650 5475 1782 5531 urbe
1811 5492 1909 5544 po-

318 5550 471 5614 titus,
501 5561 717 5607 nosmet
752 5557 877 5610 inde
906 5561 1148 5627 captivos
1177 5563 1382 5631 expulit
1414 5573 1468 5619 et
1504 5568 1903 5625 exterminavit.

317 5638 437 5705 Mox
473 5640 966 5710 Trapezuntiorum
1016 5665 1239 5720 regnum
1279 5654 1528 5721 adortus,
1568 5655 1709 5712 facili
1740 5674 1905 5728 Opera

314 5730 445 5786 illud
488 5748 710 5804 quoque
769 5736 922 5792 brevi
971 5739 1115 5795 bello
1151 5744 1255 5798 sibi
1293 5745 1608 5811 vindicavit,
1639 5760 1693 5803 et
1726 5766 1903 5819 regem

313 5824 432 5896 ejus
464 5827 726 5883 Davidem
770 5828 1110 5887 Cotnnenntn
1169 5839 1446 5904 captivum
1479 5840 1688 5910 Cpolitn
1723 5842 1880 5900 duxit

642 5923 919 5988 PATROL.
959 5929 1076 5991 Gn.
1124 5932 1298 5994 CLVI

2019 4648 2137 4712 diit,
2170 4652 2388 4707 amissis
2419 4669 2526 4708 non
2558 4656 2744 4722 paucis
2796 4660 3087 4721 militibus.
3112 4666 3377 4734 quoniam
3408 4667 3603 4726 classis

2019 4756 2086 4794 ex
2114 4740 2263 4796 Italia
2296 4743 2499 4800 auxilio
2528 4757 2773 4804 venerat.
2807 4749 2927 4819 Ipse
2962 4751 3040 4806 ira
3093 4764 3149 4808 et
3202 4759 3454 4824 cupidine
3494 4777 3602 4818 res-

2020 4839 2178 4886 tuans
2201 4830 2368 4888 Italos
2397 4834 2719 4901 ulciscendi,
2742 4836 2969 4894 classem
2989 4841 3260 4913 ingentem
3294 4851 3483 4904 multis
3511 4850 3599 4907 in-

2017 4931 2286 4978 Structam
2342 4927 2619 4995 peditibus
2672 4937 2728 4983 et
2767 4932 3044 5001 equitibus
3087 4937 3140 4989 in
3190 4934 3502 4996 Calabriam
3545 4959 3601 4999 et

2015 5013 2263 5081 Apuliam
2288 5018 2457 5083 misit,
2483 5023 2715 5088 atquein
2742 5024 2936 5078 itinere
2957 5023 3295 5096 Zacynthum
3312 5042 3367 5086 et
3387 5032 3599 5105 Cepha-

2016 5102 2215 5161 leniam
2242 5108 2531 5179 vertigales
2552 5110 2700 5167 fecit.
2719 5114 2959 5184 Appulsa
2982 5119 3158 5175 classe
3177 5121 3244 5176 ad
3261 5102 3593 5194 Calabriam,

2015 5197 2269 5266 oppidum
2302 5200 2510 5269 Apulia
2533 5201 2871 5273 Ilydruntem
2899 5208 3114 5265 obsedit
3134 5215 3405 5284 cepitque,
3432 5230 3599 5290 atque
3669 5268 3675 5273 .

2013 5288 2135 5345 aliis
2167 5292 2496 5355 quibusdam
2525 5297 2740 5366 oppidis
2775 5303 3079 5370 occupatis,
3109 5306 3253 5362 ultra
3306 5288 3593 5379 processit.

1980 5419 1983 5424 .
2013 5385 2112 5446 Ac,
2140 5383 2242 5437 nisi
2276 5386 2419 5440 Deus
2442 5402 2589 5453 eum,
2628 5389 2826 5458 quibus
2856 5395 2996 5449 solet
3038 5398 3361 5469 rationibus,
3397 5419 3428 5458 e
3458 5407 3595 5459 vivis

2012 5474 2354 5543 abstulisset,
2380 5495 2640 5536 aerumnae
2685 5487 2890 5542 neSIris
2921 5504 3075 5557 pares
3117 5494 3414 5549 subeunda:
3445 5497 3594 5550 Italis

2013 5564 2266 5622 fuissent.
2313 5570 2601 5641 Comperta
2625 5573 2746 5644 ejus
2784 5589 2955 5633 morte
2992 5581 3043 5633 in
3069 5581 3252 5647 Italia,
3283 5597 3595 5652 satraptcrt

2011 5659 2178 5714 duces
2208 5660 2395 5717 classis
2412 5673 2572 5734 atque
2602 5668 2875 5725 exercitus
2904 5675 3006 5726 sub
3038 5675 3446 5729 conditionibus
3470 5681 3595 5746 qni-

2009 5749 2240 5804 busdam
2260 5754 2455 5822 oppida
2494 5759 2848 5815 restituerunt
2867 5772 2920 5816 et
2944 5779 3007 5818 ex
3042 5765 3194 5819 Italia
3218 5756 3590 5822 dccesi‘erunt.

2011 5840 2119 5898 Res
2157 5842 2211 5900 in
2240 5844 2491 5904 Calabria
2533 5844 2794 5923 igiturita
2838 5866 3159 5918 evenerunt.
3200 5857 3465 5930 Regnavit
3493 5876 3591 5916 an-
