4000 6420
365 386 473 454 715

1599 380 1931 442 GEORGII
1967 381 2399 443 PIIRANTZ:E

3529 379 3636 446 716

367 527 505 572 σεως
535 507 602 560 τά
627 503 860 574 φρούρια
891 501 1121 570 ἀφέντες
1153 497 1216 550 ἐκ
1262 497 1360 567 τῆς
1396 494 1627 559 Ἰταλίας
1659 493 1946 565 ἀνεχώρη-
1979 500 2024 555 Α
2055 498 2385 568 ἀειμνήστου
2441 497 2679 567 μεγάλου
2747 493 3145 557 ⁸1ουστινιανοῦ,
3178 493 3276 566 οὑχ
3304 495 3445 567 ὑπὲρ
3475 499 3643 566 ἀνάγ-

367 618 470 654 σιν
491 617 504 631 ·
540 599 633 652 καὶ
666 595 837 657 οὓτως
859 594 927 647 τὰ
961 593 1018 645 ἐν
1043 589 1426 660 τῇ-Καλαϐρίᾳ
1455 588 1769 656 γεγόνασιν.
1787 585 1948 639 Ἐϐα-

367 696 610 749 υίλευσεν
639 690 695 742 δέ
728 687 826 756 ἐτη
882 687 976 739 δύο
1010 685 1108 737 καὶ
1137 683 1457 754 τριάκοντα,
1489 681 1587 734 καὶ
1626 680 1761 733 δέκα
1793 678 1948 748 βασι-

365 784 515 846 λείας
547 777 785 843 ὑπέταξε
832 775 928 830 καὶ
959 775 1248 836 ἐδούλωσε,
1310 773 1405 826 καὶ
1433 770 1716 833 διακοσίας
1762 769 1951 832 πόλεις

365 887 436 931 εκ
456 876 564 930 τῶν
592 870 940 945 Χριστιανῶν
970 868 1154 922 ἔλαϐε.
1187 867 1352 919 Πέντε
1377 865 1433 922 δέ
1459 865 1804 929 διαλέκτους,
1841 880 1951 932 χω·

369 971 453 1040 ρὶς
480 967 583 1038 τῆς
623 965 814 1030 αὑτοῦ,
849 962 1026 1033 ὀρθῶς
1071 960 1288 1030 ὡμίλει,
1335 956 1678 1029 Ἑλληνικὴν,
1730 958 1952 1010 Λατινι-

368 1062 492 1132 κὴν,
537 1059 858 1129 Ἀραῦικὴν,
900 1053 1213 1120 Χαλδαῖκὴν
1253 1053 1349 1104 καὶ
1375 1051 1678 1120 Περσικήν.
1722 1049 1860 1102 Λίαν
1886 1043 1954 1118 ἦν

370 1154 798 1224 εὖφραινὸμενος
823 1149 1031 1219 ὁμιλεῖν
1077 1148 1170 1200 καὶ
1196 1145 1549 1213 διαλέγεσθαι
1600 1142 1738 1214 μετά
1775 1143 1956 1211 σοφῶν

371 1245 468 1298 καὶ
502 1243 736 1296 συνετῶν
768 1241 1009 1312 ἀνδρῶν·
1047 1239 1134 1293 διὰ
1166 1238 1326 1292 τοῦτο
1357 1237 1572 1292 καὶτὸν
1603 1237 1956 1307 πατριάρχην

375 1337 481 1404 κὺρ
512 1333 796 1388 Γεννάδιον
825 1333 1017 1402 ἠγάπα
1051 1333 1145 1384 καὶ
1196 1331 1396 1402 ήκουεν
1429 1326 1600 1383 αὑτοῦ
1633 1330 1726 1381 καὶ
1757 1328 1958 1397 συχνάά

376 1449 464 1493 κις
489 1429 682 1499 ὡμίλει
713 1427 885 1496 αὑτῷ.
914 1426 1110 1494 Ἔλεγε
1162 1425 1219 1477 δὲ
1240 1426 1322 1478 ὄτι
1360 1425 1424 1476 ἐκ
1454 1423 1552 1493 τῆς
1589 1421 1698 1474 τῶν
1739 1419 1957 1490 ἄστρων

378 1523 648 1592 κινήσεως
677 1517 974 1588 ἐγνώριζεν
1008 1517 1091 1570 ὅτι
1145 1516 1386 1585 βασιλεῖς
1417 1515 1645 1586 ἔμελλεν
1686 1513 1958 1578 ὑποτάξαι

380 1615 475 1666 καὶ
505 1611 738 1673 πολλοὺς
767 1610 966 1672 τόπους
999 1607 1266 1661 δουλῶσαι
1325 1608 1417 1660 καὶ
1445 1606 1617 1671 οὕτως
1651 1607 1888 1675 ἐγένετο.

452 1701 563 1755 Καὶ
583 1699 756 1763 οὑτως
793 1701 914 1769 μὲν,
960 1697 1142 1762 καθὼς
1188 1699 1562 1770 ἱστορήσαμεν
1611 1701 1731 1752 κατ’
1780 1701 1963 1752 ἐπιτο-

387 1794 516 1862 μὴν,
545 1793 577 1862 ή
603 1791 745 1860 ἀρχὴ
776 1789 871 1842 :06
905 1791 1103 1871 γένους
1135 1789 1230 1841 :06
1267 1790 1459 1859 ἀμηρᾶ
1501 1788 1808 1857 Ὀτθμάνου
1864 1789 1960 1841 καὶ

2055 608 2158 660 κης
2188 591 2291 659 (ὅτι
2323 591 2484 652 αὑτὸς
2538 589 2648 660 γὰρ
2700 589 2883 659 σχεδὸν
2911 589 3088 643 εἰπεῖν
3110 589 3201 642 τὸν
3240 588 3446 658 κόσμον
3467 590 3640 645 ἅπαν·

2054 704 2121 739 τα
2155 683 2438 751 ὑπέταξε),
2490 681 2629 735 ἀλλά
2670 682 2832 752 μόνον
2883 683 3060 748 ἐφάνη
3096 681 3246 750 αὑτῷ
3286 680 3484 734 καλόν’
3521 681 3644 732 ἐπεὶ

2055 779 2148 832 καὶ
2175 777 2343 840 ἄλλας
2369 777 2561 847 ἐτέρας
2592 775 2803 834 κτίσεις
2859 774 2954 827 καὶ
2988 771 3282 842 οἰκοδομὰς
3314 772 3513 837 ἐποίει,
3543 774 3642 836 τὴν

2067 871 2356 940 Ῥωμαίων
2387 868 2562 939 ἀρχὴν
2599 865 2964 930 καλλωπίζων
2994 908 3008 933 ,
3047 866 3229 932 ἔδοξεν
3283 865 3435 933 αὑτῷ
3481 867 3575 920 καὶ
3606 865 3640 936 ή

2059 963 2237 1025 κτίσις
2262 961 2358 1014 τοῦ
2395 955 2639 1027 Ἰσθμοῦ.
2679 957 3002 1028 Προστάξας
3051 956 3276 1023 ἐγένετο
3307 960 3364 1008 ἐν
3390 955 3466 1024 τῷ
3494 955 3644 1026 τόπῳ

2057 1057 2186 1108 ἔνθα
2216 1054 2273 1106 έν
2306 1069 2412 1108 τινι
2453 1051 2632 1122 καιρῷ
2673 1053 2771 1103 καὶ
2801 1051 2830 1103 ό
2865 1048 3160 1117 πατρίκιος
3195 1047 3444 1117 Νικήτας
3472 1049 3499 1100 ό
3520 1049 3646 1100 ἐπο-

2059 1147 2430 1216 νομαζόμενος
2479 1142 2741 1213 Ὀρειφᾶς
2775 1142 2868 1205 τὰς
2902 1141 3038 1210 νῆας
3067 1141 3233 1208 ήγουν
3259 1139 3357 1203 τὰς
3398 1141 3645 1209 τριήρεις

2057 1240 2166 1310 97
2201 1240 2301 1301 τὰς
2337 1236 2656 1306 Ῥωμαϊκὰς
2707 1233 2799 1288 διὰ
2833 1234 2932 1303 τῆς
2983 1232 3157 1302 ξηρᾶς
3190 1231 3281 1286 :06
3325 1231 3542 1301 Ἰσθμοῦ
3582 1233 3646 1285 ἐκ

2059 1336 2159 1404 τῆς
2197 1331 2516 1398 Ἐλλαδικῆς
2544 1329 2817 1398 Θαλάττης
2864 1329 2946 1385 εἱς
2996 1327 3096 1396 τὴν
3123 1325 3350 1396 δοτικὴν
3399 1324 3646 1394 περάσας

2059 1426 2186 1488 τοὺς
2229 1424 2458 1494 Κρῆτας
2495 1421 2833 1491 Ἀγαρηνοὺς
2881 1418 3254 1490 ἐτροπώσατο.
3325 1417 3491 1471 Ἀλλὰ
3529 1415 3645 1479 πῶς

2062 1518 2159 1572 καὶ
2184 1516 2274 1571 διὰ
2303 1516 2354 1570 τί
2388 1515 2449 1568 τὺ
2479 1514 2609 1568 αὑτὸ
2639 1515 2784 1583 μέγα
2818 1513 3190 1582 στρατήγημα
3220 1510 3318 1563 καὶ
3352 1508 3512 1579 ἔργον
3549 1525 3647 1561 πε-

2067 1609 2293 1682 ριφανὲς
2329 1609 2422 1662 καὶ
2459 1608 2609 1672 ἄξιον
2639 1607 2862 1676 μνήμης
2891 1604 3160 1672 ἐγεγόνει,
3192 1605 3293 1655 οὑκ
3321 1601 3646 1668 ἐγκαταλεί-

2063 1706 2170 1775 ψω,
2201 1703 2337 1757 ἀλλὰ
2365 1706 2432 1773 τῇ
2464 1699 2716 1771 ήμετέρᾳ
2763 1699 2950 1752 ἐνώσω
2994 1697 3273 1765 διηγήσει,
3314 1695 3392 1748 ἔτι
3445 1694 3500 1747 δὲ
3550 1697 3644 1746 καὶ

2067 1798 2184 1862 πῶς
2215 1801 2248 1869 ή
2289 1800 2452 1868 νῆσος
2485 1795 2674 1866 Κρήτη
2722 1795 2822 1848 καὶ
2854 1794 2962 1845 τίνι
3005 1791 3194 1860 τρόπῳ
3229 1789 3335 1842 ὑπὸ
3359 1788 3457 1857 τὴν
3497 1786 3645 1850 ἐξου-

378 1885 488 1938 τῶν
512 1883 571 1949 ἐξ
601 1880 768 1936 αὐτοῦ
795 1865 1080 1950 ἀπογόνὲυν
1105 1881 1218 1952 θθ
1247 1883 1373 1953 ἄχρι
1418 1883 1514 1936 καὶ
1566 1881 1660 1935 τοῦ
1696 1881 1956 1951 Μεεμέτη
1990 1862 2037 1922 Β
2070 1892 2192 1944 σίαν
2221 1862 2686 1958 τῶν-Ἀγαρηνῶν
2733 1886 2892 1956 ἔτυχε
2927 1883 3206 1952 γενέσθαι,
3230 1882 3325 1934 καὶ
3351 1875 3505 1942 αὖθις
3532 1879 3646 1940 πῶς

379 1976 576 2046 ἀμηρᾶ
622 1975 682 2028 ἐν
719 1974 840 2036 ταῖς
885 1973 1053 2038 ζωαὶς
1088 1973 1269 2026 αὐτῶν
1317 1973 1498 2044 μάχας
1540 1971 1638 2024 καὶ
1689 1970 1963 2038 πολέμους

381 2067 476 2122 καὶ
505 2068 662 2129 νίκας
715 2064 1148 2134 ἐπολιτείιθησαν
1197 2065 1294 2118 καὶ
1344 2064 1632 2131 ἐποίησαν.
1675 2063 1870 2132 Ἱιμεῖς
1907 2062 1964 2114 δέ

377 2156 612 2234 τῆςτῆς
642 2160 888 2230 ἱστορίας
918 2157 1040 2212 ὀδοῦ
1074 2157 1404 2224 κατατάξιν
1453 2156 1610 2221 αὖθις
1640 2153 1964 2228 ἀρξώμεθα.

453 2259 562 2327 λγ’.
597 2256 688 2309 Ἐν
705 2255 762 2308 δέ
782 2252 861 2324 τῷ
895 2249 1103 2322 Ἰουλίῳ
1127 2253 1263 2322 μηνὶ
1291 2250 1387 2304 :06
1411 2253 1602 2321 5%x0'
1624 2249 1783 2314 ἔτους
1811 2247 1966 2319 ἐξῆλ-

383 2352 478 2406 θεν
509 2349 618 2405 ἀπὸ
639 2347 739 2417 τῆς
762 2346 972 2409 πόλεως
998 2345 1028 2396 ό
1058 2343 1312 2414 βασιλεὺς
1337 2343 1444 2414 κὺρ
1464 2344 1749 2414 Μανουήλ.
1768 2343 1966 2398 Ἀπελ-

382 2446 491 2501 θὼν
526 2445 608 2508 εἱς
654 2442 752 2514 τὴν
799 2440 967 2510 νῆσον
1011 2438 1191 2493 Θάσον
1245 2439 1454 2510 ἐπῇρεν
1508 2437 1680 2510 αὑτήν
1723 2441 1782 2492 ἐν
1832 2440 1967 2508 μηνὶ

383 2534 748 2606 Σεπτεμϐρίῳ
777 2530 872 2587 τοῦ
909 2531 1099 2605 ,ς-ἓκβ
1149 2532 1344 2593 ἔτους·
1395 2531 1492 2586 καὶ
1542 2526 1700 2592 αὖθις
1753 2531 1964 2584 ἐκεῖθεν

383 2628 629 2700 ἀπῆλθεν
661 2629 742 2687 εἱς
789 2627 889 2698 τὴν
927 2623 1358 2692 Θεσσαλονίκην,
1411 2619 1532 2676 εἶτα
1575 2623 1658 2686 εἱς
1694 2623 1786 2676 τδν
1836 2623 1968 2677 Μω-

387 2727 539 2792 ρέαν,
580 2719 712 2773 ἔνθα
737 2717 1060 2788 ᾠκοδόμησε
1093 2717 1156 2767 τδ
1195 2713 1512 2782 Ἐξαμίλιον
1551 2716 1610 2768 ἐν
1649 2716 1845 2784 ἐκείνῳ
1888 2714 1967 2785 τῷ

385 2815 539 2883 τόπῳ
573 2815 709 2866 ὅπου
745 2809 842 2863 καὶ
883 2811 939 2863 ἐν
967 2808 1184 2878 ἑτέροις
1202 2809 1422 2878 «αιροὶς
1453 2805 1806 2878 ᾠκοδομήθη,
1837 2807 1968 2862 ὅταν

385 2907 414 2960 ό
456 2903 826 2976 Ἀρταξέρξης
858 2905 886 2956 ό
927 2901 1187 2973 βασιλεὺς
1231 2901 1482 2971 περάσας
1525 2901 1591 2953 ἐκ
1635 2905 1736 2982 τῆς
1780 2899 1970 2963 Ἀσίας

394 2997 534 3068 μετά
579 2996 670 3050 τοῦ
727 2993 1176 3066 μυριαριθμήτου
1229 2993 1441 3045 ἐκείνου
1493 2991 1729 3062 στρατοῦ
1769 2991 1969 3062 ήρχετο

391 3091 514 3144 κατ’
543 3087 746 3144 αὑτῶν.
805 3083 942 3142 Εἶτα
970 3085 1060 3138 διά
1082 3084 1146 3138 τὸ
1188 3084 1398 3155 μάκρος
1427 3083 1522 3136 :06
1552 3082 1747 3154 καιροῦ
1796 3084 1857 3135 τὸ
1901 3083 1970 3135 τὰ

2068 1985 2174 2038 ὑπὸ
2223 1983 2322 2054 τὴν
2371 1982 2624 2048 ἐξουσίαν
2665 1978 2957 2048 Ῥωμαίων
2991 1975 3231 2044 ἐγένετο,
3281 1974 3518 2038 καὶπῶς
3544 1971 3645 2023 ὑπὸ

2062 2077 2164 2148 τὴν
2195 2075 2446 2140 ἐξουσίαν
2482 2075 2582 2144 τῆς
2633 2072 2932 2143 γερουσίας
2965 2070 3076 2123 τῶν
3141 2068 3370 2121 Ἐνετῶν
3401 2066 3643 2119 ἐνέπεσε.

2068 2170 2178 2224 Καὶ
2213 2171 2375 2223 πάλιν
2424 2167 2519 2221 τοῦ
2564 2167 2837 2237 ἡμετέρου
2893 2164 3056 2234 ἔργου
3111 2159 3381 2231 ἁψώμεθα
3426 2155 3646 2212 καὶτὸν

2069 2261 2238 2317 πλοῦν
2264 2261 2363 2332 τῆς
2394 2261 2522 2324 νέας
2560 2259 2806 2329 ἱστορίας
2844 2258 3187 2327 ποιήσωμεν.

2140 2352 2235 2408 λδ’.
2267 2355 2331 2408 Οἱ
2359 2353 2455 2406 τοῦ
2496 2351 2812 2422 καταράτου
2841 2349 3092 2418 Μωάμεθ
3129 2349 3386 2416 ἀπόγονοι
3416 2344 3650 2416 διὰδοχοί

2067 2461 2128 2498 τε
2156 2443 2251 2496 καὶ
2280 2441 2613 2513 κληρονόμοι
2637 2440 2737 2510 τῆς
2765 2439 2934 2496 αὑτοῦ
2971 2437 3148 2509 ἀρχῆς
3175 2438 3390 2508 πρῶτον
3419 2437 3517 2505 μὲν
3544 2435 3645 2504 τῆς

2068 2537 2178 2591 τῶν
2215 2535 2442 2606 Περσῶν
2463 2535 2640 2604 ἀρχῆς
2678 2535 2966 2604 ἐγκρατεῖς
2996 2531 3282 2600 γενόμενοι
3313 2529 3408 2582 καὶ
3435 2527 3647 2597 Μηδίας

2069 2633 2166 2686 καὶ
2189 2629 2510 2692 Βαὸυλῶνος
2537 2627 2633 2681 καὶ
2673 2626 2982 2696 Ἀσσυρίων
3008 2625 3420 2696 κυριεύσαντες,
3467 2623 3565 2692 ήδη
3590 2621 3647 2674 δὲ

2072 2727 2165 2779 καὶ
2185 2723 2465 2791 Αἱγὺπτου
2497 2720 2590 2773 καὶ
2619 2719 2821 2786 Συρίας
2852 2717 2949 2770 καὶ
2983 2716 3282 2786 Ἀσσυρίας
3312 2719 3405 2769 καὶ
3445 2712 3647 2768 Παλαι·

2073 2817 2260 2888 στίνης
2290 2815 2383 2868 καὶ
2404 2811 2610 2882 Λιϐύης
2640 2809 2737 2864 καὶ
2765 2809 3040 2879 ’Λφρικῆς
3066 2810 3160 2862 καὶ
3189 2809 3387 2878 μέρους
3409 2807 3508 2859 οὑκ
3533 2805 3644 2858 ὀλί-

2071 2927 2172 2980 γου
2200 2910 2263 2960 ἐκ
2287 2907 2385 2975 τῆς
2422 2904 2716 2976 Εὐρώπης,
2754 2902 2891 2974 μετά
2923 2901 2979 2954 δέ
3027 2918 3150 2954 τινα
3181 2901 3372 2968 καιρὸν
3399 2898 3642 2968 ἀλλήλοις

2076 3000 2493 3065 στασιάσαντες,
2551 2999 2584 3068 ή
2625 2996 2723 3067 μία
2763 2995 2902 3066 αὕτη
2944 2994 3154 3066 μεγάλη
3193 2993 3334 3064 ἀρχὴ
3365 2995 3445 3056 εἰς
3474 2992 3642 3046 πολλὰ

2073 3091 2420 3164 διεμερίσθη,
2450 3092 2546 3143 καὶ
2573 3088 2734 3144 ἄλλον
2774 3087 2874 3158 μὲν
2901 3088 3147 3158 ἀρχηγὸν
3173 3081 3320 3155 εῖχεν
3357 3086 3390 3155 ή
3419 3085 3641 3153 Περαία,

391 3181 572 3236 πάντα
601 3179 847 3251 δαμάζον
875 3179 968 3233 καὶ
992 3177 1400 3246 ἀνεπιμέλητον
1430 3177 1633 3245 ἀφεθέν
1663 3176 1929 3247 διεφθάρη
1950 3192 1968 3210 ·
1997 3204 2040 3262 c
2074 3182 2235 3237 ἄλλον
2264 3181 2322 3234 δὲ
2367 3182 2400 3250 ή
2444 3177 2728 3242 Βαϐυλὼν,
2763 3177 2954 3246 ἕτερον
2987 3176 3042 3228 δέ
3077 3174 3148 3229 τὰ
3185 3178 3282 3244 τῆς
3321 3173 3506 3236 Ἀσίας
3536 3173 3644 3226 ἄνω

391 3279 456 3329 ἐκ
489 3275 746 3344 δευτέρου
793 3273 852 3325 δὲ
874 3270 1092 3326 κτισθὲν
1132 3265 1203 3342 ἧν
1256 3269 1412 3341 παρὰ
1439 3269 1535 3323 τοῦ
1563 3270 1624 3323 ἐν
1653 3268 1970 3339 βασιλεῦσιν

398 3470 498 3510 ltos
531 3453 671 3508 duos
706 3463 762 3506 et
802 3453 1019 3522 triginta
1055 3470 1069 3518 ;
1100 3451 1391 3520 acquisivit
1421 3437 1477 3504 et
1503 3448 1736 3517 subjecit
1763 3449 1864 3504 sibi
1896 3465 1975 3505 rea

395 3561 496 3616 gna
539 3546 748 3611 decem,
780 3553 834 3599 et
877 3543 1207 3600 Christianis
1239 3543 1400 3597 urbes
1451 3543 1715 3596 ducentas
1748 3541 1970 3611 eripuit.

401 3635 653 3705 Quinque
688 3633 904 3702 linguas
935 3641 1129 3702 praeter
1162 3647 1315 3686 suam
1345 3633 1512 3701 probe
1549 3639 1792 3696 noverat,
1828 3631 1972 3686 Crat.

393 3741 540 3792 cam,
587 3724 860 3790 Latinam,
892 3723 1208 3788 Arabicam,
1251 3723 1624 3788 Chaldaicam,
1674 3724 1970 3781 Persicam.

398 3818 456 3872 In
492 3815 882 3886 congressibus
922 3827 976 3872 et
1007 3815 1295 3884 colloquiis
1329 3831 1450 3870 cum
1505 3817 1815 3872 hominibus
1843 3833 1973 3872 eru-

393 3911 526 3966 ditis
551 3924 614 3964 ac
646 3907 1006 3980 prudentibus
1032 3907 1221 3964 hilaris
1247 3917 1366 3962 erat
1393 3925 1408 3961 :
1437 3923 1604 3980 quare
1635 3910 1796 3965 etiam
1834 3909 1976 3966 Gen-

397 4003 619 4069 nadium
650 4001 1019 4073 patriarcbam
1055 3999 1315 4070 diligebat
1349 4009 1404 4056 et
1425 4001 1682 4058 audiebat
1718 4003 1976 4074 frequen-

390 4104 586 4162 terque
608 4091 995 4148 conveniebat.
1022 4090 1263 4156 Dicebat,
1301 4091 1562 4150 didicisse
1592 4108 1651 4149 se
1689 4107 1757 4149 ex
1791 4103 1975 4150 astro:-

396 4200 516 4240 rum
539 4181 1014 4246 conversionibus,
1041 4196 1101 4237 se
1121 4196 1278 4252 reges
1298 4193 1353 4239 et
1373 4183 1495 4241 loca
1525 4184 1694 4240 multa
1718 4183 1977 4241 subactu-

395 4292 512 4332 rum
543 4285 668 4332 esse
693 4292 710 4329 :
750 4277 804 4330 id
834 4275 982 4345 quod
1012 4289 1144 4330 sane
1163 4275 1368 4331 evenit.

464 4366 599 4424 Tale
631 4369 818 4438 igitur,
847 4367 1008 4438 quale
1035 4368 1222 4436 paucis
1253 4367 1716 4435 adumbravimus,
1751 4366 1978 4426 Otltma-

395 4461 481 4516 uis
503 4476 702 4516 amet-ee
722 4459 950 4531 ejusque
966 4467 1308 4529 posterorum
1331 4473 1506 4528 genus
1525 4474 1698 4530 usque
1717 4461 1782 4513 ad
1801 4460 1978 4517 Mehe-

396 4565 592 4610 metem
621 4569 862 4611 emeram
901 4552 1024 4620 fuit,
1061 4552 1510 4621 eorumdemque,
1543 4552 1668 4606 dum
1701 4553 1972 4621 vixerunt,

395 4648 496 4704 ista
527 4648 692 4716 bella,
723 4661 918 4718 pugnae
949 4654 1004 4701 et
1026 4645 1289 4701 vietorize.
1322 4643 1478 4700 Nunc
1503 4645 1570 4699 ad
1606 4645 1972 4715 interruptum

395 4739 639 4794 historiae
655 4739 900 4794 ordinem
925 4746 1289 4793 revertamur.

463 4829 554 4884 55.
616 4827 804 4883 Hense
860 4825 1003 4882 Julio
1050 4826 1179 4880 anni
1229 4823 1364 4879 69Ξὶ
1410 4823 1703 4894 imperator
1763 4828 1974 4886 Manuel

396 4920 550 4988 Cpoli
566 4919 838 4978 discessit.
862 4917 1104 4973 Thasum
1124 4917 1360 4972 insulam
1383 4917 1680 4986 profectus,
1699 4934 1974 4992 expugna.-

397 5014 472 5068 vit
511 5029 630 5068 eam
680 5026 867 5066 mense
902 5007 1213 5077 Septembri
1266 5008 1392 5063 anni
1419 5008 1558 5064 6922
1587 5027 1603 5076 ;
1633 5010 1757 5066 inde
1789 5027 1974 5067 rursus

394 5102 840 5160 Thessalonicam
893 5099 1048 5163 abiit,
1080 5098 1274 5154 deinde
1296 5099 1349 5153 in
1387 5099 1648 5170 Moream,
1677 5105 1765 5158 ubi
1799 5103 1976 5160 Hexa-

393 5193 604 5247 milium
637 5189 911 5248 exstruxit
929 5203 994 5244 eo
1019 5188 1164 5252 loco,
1194 5204 1304 5258 quo
1329 5202 1456 5245 ante
1485 5202 1829 5249 exstructum
1860 5197 1976 5252 t'ue-

394 5293 499 5353 rat,
533 5283 753 5354 quando
794 5283 1128 5335 Artaxerxes
1160 5295 1255 5335 rex
1291 5297 1410 5336 cum
1443 5283 1654 5339 inﬁnito
1689 5287 1781 5340 illo
1816 5303 1975 5342 exer-

393 5375 504 5432 citu
558 5389 624 5428 ex
671 5372 798 5426 Asia
851 5382 1041 5428 contra
1084 5373 1302 5429 Graecos
1335 5376 1568 5445 trajecit.
1605 5378 1820 5446 Postea,
1847 5385 1970 5434 cum

395 5462 758 5517 diuturnitate
781 5462 1040 5531 temporis
1067 5463 1248 5518 omnia
1276 5469 1645 5524 consumentis
1673 5479 1730 5523 et
1762 5470 1970 5526 incuria

395 5555 682 5608 hominum
715 5555 1011 5624 collapsum
1038 5554 1248 5620 luisset,
1276 5557 1633 5614 instauratum
1657 5571 1822 5615 erata
1858 5579 1973 5618 ma-

392 5639 846 5710 gnoJustiniano,
880 5643 1208 5711 imperatore
1235 5649 1564 5717 sempiterna
1601 5651 1830 5707 colendo
1855 5669 1972 5710 me-

393 5736 582 5802 moria,
614 5749 722 5790 non
767 5737 985 5807 quidem
1019 5750 1238 5810 propter
1284 5741 1668 5796 necessitatem
1702 5745 1968 5814 aliquam,

302 5883 306 5886 _
395 5827 830 5902 quandoquidem
859 5829 908 5886 ei
939 5831 1160 5901 parebat
1191 5833 1341 5892 orbis
1376 5842 1649 5890 terrarum
1676 5851 1817 5906 pene
1845 5839 1968 5895 uni~

2076 3277 2168 3329 καὶ
2197 3276 2346 3330 κάτω
2381 3273 2524 3345 μέρη
2550 3289 2566 3306 ·
2599 3271 2695 3326 ἕνα
2731 3271 2831 3342 μὲν
2871 3269 3119 3342 ἀρχηγὸν
3157 3263 3304 3340 εἶχεν
3340 3269 3372 3338 ἡ
3414 3265 3644 3338 Ταρσδς,

2075 3474 2288 3524 versus,
2316 3457 2410 3515 sed
2439 3455 2566 3526 quia
2585 3453 2858 3510 laudabile
2885 3467 3007 3509 esse
3031 3461 3339 3522 susceptum
3366 3451 3414 3506 ei
3438 3448 3650 3504 videba-

2077 3564 2204 3607 tur:
2229 3566 2353 3605 nam
2382 3550 2524 3605 sicut
2556 3547 2661 3603 alia
2694 3545 2944 3616 quaedam
2969 3543 3193 3599 aedilicia
3225 3543 3514 3608 exstruxit,
3537 3541 3651 3610 qui-

2075 3646 2176 3700 bus
2206 3643 2434 3698 ornabat
2460 3640 2748 3711 imperium
2785 3637 3116 3698 Romanum,
3150 3640 3221 3689 ita
3257 3633 3651 3689 lsthmummu-

2075 3736 2196 3790 nire
2227 3733 2402 3789 cidem
2431 3731 2658 3802 placuit.
2680 3729 2904 3784 Factum
2931 3727 3183 3796 estjussu
3202 3725 3321 3795 ejus
3347 3726 3396 3778 in
3420 3738 3483 3779 eo
3510 3723 3645 3786 loco,

2078 3824 2131 3878 in
2185 3837 2296 3892 quo
2355 3821 2630 3892 quondam
2680 3817 2945 3889 patricius
2995 3814 3236 3878 Nicetas,
3283 3825 3649 3886 cognomento

2079 3916 2336 3986 Uriphas,
2367 3925 2538 3966 naves
2565 3911 2680 3966 sive
2735 3909 2988 3965 triremes
3019 3907 3292 3963 Romanas
3325 3921 3420 3977 per
3475 3909 3650 3960 conti-

2078 4015 2296 4062 nentem
2321 4013 2525 4058 terram
2544 4001 2734 4057 Isthmi
2761 4015 2826 4056 ex
2861 4002 2995 4055 mari
3028 4000 3215 4055 ϐιωρο
3237 4002 3288 4055 in
3315 3999 3645 4057 occidentale

2078 4094 2245 4151 traxit
2279 4093 2526 4162 fuditque
2578 4094 2860 4162 Agarenos
2889 4090 3200 4145 Cretenses.
3233 4089 3516 4157 Quomodo
3545 4105 3645 4142 au-

2080 4196 2184 4242 tem
2217 4194 2273 4240 et
2312 4198 2482 4254 quare
2519 4184 2620 4238 hoc
2657 4182 2975 4253 praeclarum
3022 4189 3346 4250 strategema
3384 4191 3439 4235 et
3473 4195 3652 4250 perpe-

2081 4289 2174 4333 tuo
2202 4278 2582 4334 celebrandum
2619 4275 2831 4331 facinus
2865 4283 3133 4342 patratum
3166 4273 3348 4340 fuerit,
3382 4289 3486 4328 non
3516 4288 3653 4342 prae.

2081 4371 2378 4426 termittam
2423 4371 2624 4434 dicere,
2656 4369 2750 4424 sed
2799 4367 3095 4422 narrationi
3133 4378 3335 4423 nostra:
3365 4371 3593 4424 inseram
3632 4385 3647 4434 ;

2083 4463 2210 4517 item
2251 4462 2718 4523 commemorabo,
2751 4476 2859 4530 quo
2889 4471 3049 4529 pacto
3087 4461 3252 4516 Creta
3280 4461 3452 4515 insula
3483 4461 3534 4516 in
3557 4477 3651 4531 po-

2085 4561 2332 4608 testatem
2361 4552 2737 4623 Agarenorum
2762 4552 3060 4617 venerit,et
3081 4565 3292 4614 rursus,
3317 4567 3423 4621 qua
3444 4553 3650 4608 ratione

2082 4645 2147 4698 ad
2182 4643 2457 4700 Romanos
2509 4643 2752 4709 redierit,
2800 4654 2856 4698 et
2886 4641 3105 4698 tandem
3165 4642 3267 4698 sub
3326 4644 3646 4699 Venetorum

2079 4739 2341 4793 ditionem
2389 4736 2723 4793 concesserit
2758 4752 2771 4790 :
2806 4744 2918 4790 tum
2966 4735 3204 4805 denique
3235 4736 3302 4791 ad
3346 4736 3650 4793 institutum

2081 4829 2382 4885 redibimus
2411 4839 2464 4884 et
2495 4829 2819 4886 recentioris
2845 4827 3086 4882 historia:
3111 4829 3257 4882 illum
3286 4841 3646 4899 pertexemus.

2147 4922 2237 4976 54.
2268 4919 2596 4976 Exsecrandi
2634 4919 2955 4975 Mobametis
2995 4923 3196 4988 posteri
3233 4929 3287 4976 et
3310 4935 3651 4978 successores

2077 5024 2132 5068 et
2157 5013 2364 5082 imperii
2405 5010 2526 5080 ejus
2561 5011 2826 5076 hteredes,
2863 5011 3098 5080 primum
3151 5009 3440 5067 Persarum
3485 5028 3649 5083 regno

2077 5116 2242 5174 atque
2287 5104 2486 5170 Media,
2533 5103 2830 5174 Babylonia
2861 5114 2918 5158 et
2953 5103 3181 5173 Assyria
3231 5101 3408 5172 potiti,
3455 5106 3648 5159 deinde

2076 5203 2240 5254 etiam
2295 5197 2614 5268 Egyptum,
2649 5196 2888 5267 Syriam,
2945 5196 3248 5266 Assyriam,
3283 5194 3646 5264 Palastinam,

2077 5293 2324 5363 Libyam,
2355 5291 2594 5346 Africam
2620 5300 2676 5345 et
2714 5289 2945 5360 Europa:
3001 5290 3251 5360 regiones
3304 5305 3412 5344 non
3448 5305 3648 5358 paucas

2075 5384 2374 5449 consecuti,
2420 5383 2877 5452 aliquanto-post
2903 5380 3185 5436 discordes
3235 5381 3379 5436 inter
3421 5396 3482 5437 se
3526 5382 3648 5436 facti

2067 5465 2222 5540 sunt,
2243 5473 2385 5528 unde
2416 5489 2584 5528 unum
2616 5473 2745 5528 iilttd
2775 5488 3029 5543 magnum
3073 5471 3361 5542 imperium
3390 5473 3443 5527 in
3487 5473 3648 5528 multa

2076 5581 2240 5636 regna
2273 5565 2504 5621 divisum
2529 5572 2634 5632 est,
2669 5573 2726 5618 et
2758 5564 2926 5618 alium
2962 5565 3259 5634 principem
3284 5565 3468 5620 Persis
3489 5577 3646 5620 nacta

2073 5670 2176 5726 est,
2207 5660 2375 5716 alium
2405 5659 2626 5731 Babylo,
2675 5659 2841 5713 alium
2881 5658 3132 5726 superior
3160 5667 3215 5712 et
3243 5655 3471 5714 inferior
3495 5659 3642 5723 Asia,

2074 5751 2236 5807 alium
2271 5751 2498 5817 Tarsus,
2538 5750 2702 5805 alium
2735 5751 2933 5822 Tyrus,
2973 5752 3142 5807 alium
3175 5751 3441 5815 Iconium,
3483 5752 3642 5805 alium

2075 5843 2262 5904 multis
2314 5843 2406 5900 illa
2435 5851 2488 5902 et
2520 5843 2796 5915 praeclaris
2827 5847 2990 5902 rebus
3036 5843 3325 5903 abundans
3371 5841 3631 5910 Meliteue‘
