4000 6420
399 315 505 409 πο

1634 315 1961 378 GEORGII
1992 310 2425 378 PHRANTZ/E

3533 317 3626 380 τεο
3682 276 3691 283 ’

404 442 679 513 ρασκευῆς
710 438 1030 494 ἀπέστειλεν
1066 438 1093 489 ό
1139 437 1389 506 βασιλεὺς
1442 438 1497 489 ὲν
1547 439 1614 507 τῇ
1648 434 1845 506 Κρήτῃ
1896 435 1977 495 είς
2004 439 2050 496 Α
2082 452 2217 499 πους
2238 450 2250 464 ·
2274 434 2343 489 τά
2369 435 2426 490 δὲ
2454 435 2555 508 ὅρη
2581 436 2751 507 αὐτῆς
2771 435 2872 491 οὐκ
2891 436 3149 492 ἐλάττονα
3169 434 3262 491 τοῦ
3288 437 3545 506 Ταϋγέτου
3574 444 3624 497 ὲν

396 536 650 606 βοήθειαν
695 532 790 585 τοῦ
833 530 1145 601 στρατηγοῦ
1188 528 1492 593 Φωτεινοῦ,
1550 530 1647 582 καὶ
1675 528 1969 590 ὲνωθέντες

396 627 535 695 μετὰ
578 625 684 678 τῶν
726 625 1044 692 Ἀγαρηνῶν
1078 622 1231 675 οὐδὲν
1276 622 1551 693 χρήσιμον
1602 622 1791 683 αὐτοῖς
1816 619 1971 681 τέλος

390 718 634 787 ἐγεγόνει
659 733 691 781 ο,
723 712 1031 788 προσϐολῆς
1057 715 1114 767 δὲ
1142 715 1445 785 γενομένης
1487 714 1515 767 ὁ
1548 713 1820 783 Δαμιανὺς
1848 718 1975 768 καιέ

390 815 521 878 pio):
546 809 780 880 πληγεὶς
809 808 1038 867 καὶτοῖς
1059 809 1269 870 λοιποῖς
1292 806 1502 876 τροπῆς
1528 806 1753 874 γέγονεν
1769 806 1966 869 αἴτιος,

384 905 479 957 καὶ
503 904 530 953 ό
558 903 824 962 Φωτεινδς
853 899 1009 972 μόλις
1034 901 1092 953 ἐν
1134 899 1376 969 δρόμωνι
1406 898 1734 963 διασώζεται
1766 900 1861 952 καὶ
1888 899 1966 969 τῷ

385 994 596 1062 βασιλεῖ
632 994 868 1060 ἄγγελος
918 992 1154 1059 γίνεται.
1203 991 1481 1059 Ἐγεγόνει
1518 990 1574 1043 δὲ
1607 990 1767 1054 αὐτὸς
1811 993 1838 1044 ὁ
1867 992 1967 1045 πό-

381 1084 550 1152 λεμος
593 1083 689 1136 καὶ
732 1086 765 1154 ή
799 1084 1071 1154 προσϐολὴ
1102 1083 1398 1154 μακρόθεν,
1455 1083 1583 1137 ἔνθα
1610 1085 1643 1153 ή
1698 1084 1850 1146 πόλις
1873 1082 1966 1137 τοῦ

383 1176 667 1239 Χάνδακος
687 1176 1071 1253 ᾠκοδόμηται,
1108 1177 1241 1230 ὡσεὶ
1277 1176 1530 1240 σταδίους
1578 1175 1779 1240 εἴκοσι,
1827 1176 1967 1246 πρὸς

381 1270 451 1321 τὰ
485 1269 625 1340 μέρη
659 1268 753 1321 τοῦ
779 1272 946 1323 τόπου
974 1268 1070 1322 τοῦ
1104 1269 1406 1340 λεγομένου
1441 1267 1738 1338 Ἀλμυροῦ,
1766 1270 1828 1321 ὲν
1855 1267 1966 1322 ἔτει

382 1366 553 1431 ,ς-τμνι
592 1360 702 1413 Καὶ
727 1360 889 1414 πάλιν
928 1361 1042 1424 τοῖς
1085 1359 1412 1429 ’Λγαρηνοίς
1441 1357 1504 1411 οὐ
1545 1355 1785 1410 διέλιπον
1803 1371 1964 1427 φρον-

381 1451 524 1514 τίδες
551 1451 646 1504 καὶ
674 1450 925 1520 λογισμοὶ
956 1451 1053 1504 καὶ
1102 1449 1281 1503 δειλία
1309 1448 1406 1503 καὶ
1439 1447 1660 1516 ταραχὴ
1693 1446 1784 1499 καὶ
1813 1446 1969 1515 μέρι-

383 1562 511 1612 μνα.
553 1545 665 1598 Καὶ
694 1543 878 1597 αὐτῶν
905 1544 1081 1606 οὕτως
1114 1543 1348 1612 ἐχόντων
1379 1541 1616 1610 μοναχός
1640 1556 1724 1603 τις
1758 1540 1822 1592 ὲκ
1855 1537 1966 1591 τῶν

380 1639 553 1709 ὀρέων
584 1640 682 1707 τῆς
727 1640 894 1708 νήσου
931 1638 1272 1699 ὲπικαταόὲς
1304 1636 1646 1707 ἁμαρτάνειν
1680 1634 1887 1705 ἔφησεν
1914 1632 1965 1687 οἳ

381 1730 638 1799 ἀσφαλῶς
671 1730 1123 1800 ὑπολαμεάνουσι
1156 1731 1509 1795 κατοικήσειν
1565 1710 1962 1798 οίκοδομήσαν-

2075 526 2153 597 τῷ
2181 525 2311 597 ὕψει
2331 542 2344 557 ·
2370 527 2489 598 ἔχει
2511 528 2566 582 δὲ
2600 527 2788 592 πόλεις
2815 528 3069 592 παλαιὰς,
3089 528 3334 594 πλείονας
3366 531 3399 602 ἦ
3426 531 3526 585 τῶν
3552 535 3626 587 ὲν-

2071 620 2394 689 νενήκοντα,
2453 621 2718 690 μεγίστας
2762 622 2819 676 δὲ
2874 623 2971 677 καὶ
3000 624 3427 692 ἐπιφανεστάτας
3454 628 3623 694 τρεῖς,

2073 709 2356 777 Κνωσσδν,
2386 713 2662 783 Γόρτυναν
2695 716 2792 768 καὶ
2811 715 3121 769 Κυδωνίαν.
3137 707 3239 770 Ὧν
3264 718 3291 770 ὁ
3316 718 3475 789 Mitto;
3497 719 3527 773 δ
3544 718 3629 789 βα⁹

2074 801 2257 865 σιλεὺς
2280 805 2532 875 Κρήτης,
2558 805 3021 876 θαλαττοκρατῶν
3042 821 3194 870 ποτε,
3226 808 3325 877 τὴν
3351 809 3506 878 νῆσον
3524 827 3629 880 τριο-

2071 893 2144 964 χῆ
2177 895 2388 964 διελὼν,
2416 898 2474 950 ἐν
2502 898 2720 968 ἑκάστῳ
2751 902 2908 969 μέρει
2936 900 3131 964 κτίσας
3159 901 3330 967 πόλιν,
3343 901 3437 972 τήν
3460 903 3632 958 Κνωσί-

2074 987 2541 1060 σδνοκατάντικρυ
2585 993 2684 1060 τῆς
2741 991 3197 1063 Πελοποννήσουο
3250 992 3391 1065 αὕτη
3420 993 3476 1048 δέ
3519 994 3629 1048 ἐστι

2070 1078 2460 1149 προσϐόρειος.
2494 1080 2668 1145 Οὗτος
2690 1083 2717 1134 ό
2748 1082 3007 1151 βασιλεὺς
3035 1085 3063 1137 ὁ
3092 1085 3285 1151 Μῖνος,
3319 1087 3391 1149 ὼς
3416 1086 3631 1156 ἱστορεῖς

2068 1187 2182 1234 ται,
2229 1173 2445 1240 πρῶτος
2502 1172 2602 1243 τὴν
2660 1174 2883 1245 Κρήτην
2942 1164 3303 1246 ἐξημερώσας
3352 1176 3631 1247 νομοθέτης

2072 1262 2296 1329 ἐγένετο
2326 1264 2655 1329 σπουδαῖος
2698 1265 2783 1320 διὸ
2830 1267 2981 1336 λέγει
3037 1269 3132 1323 καὶ
3181 1271 3211 1324 ὁ
3240 1269 3466 1339 ποιητὴς
3513 1271 3632 1339 περὶ

2067 1353 2231 1406 αὐτοῦ
2250 1370 2266 1386 ο
2302 1372 2323 1406 ι
2364 1356 2461 1410 Διά
2483 1357 2582 1424 τὴν
2611 1357 2786 1428 ἄκραν
2822 1346 3177 1430 δικαιοσύνην
3199 1362 3368 1424 Μῖνος
3402 1362 3495 1415 καὶ
3516 1360 3633 1414 Ῥα-

2066 1444 2363 1513 δάμανθος,
2394 1449 2620 1517 Κρῆται
2650 1450 2831 1517 ὄντες,
2878 1451 2982 1505 ὑπὸ
3003 1452 3098 1507 τοῦ
3126 1448 3246 1516 Ᾱιδς
3278 1455 3458 1522 κριταὶ
3481 1450 3632 1506 iturae

2067 1538 2350 1609 στάθησαν
2376 1541 2534 1612 102
2560 1544 2619 1596 ἐν
2646 1547 2767 1607 ταῖς
2796 1545 2910 1598 τῶν
2937 1545 3208 1616 μακάρων
3230 1547 3438 1617 νήσοις.
3476 1560 3496 1597 ι
3530 1542 3632 1597 Καὶ

2064 1630 2238 1685 ταῦτα
2263 1634 2393 1703 περὶ
2419 1633 2516 1688 τοῦ
2550 1636 2788 1700 Μίνωος.
2817 1636 2892 1691 Ἥ
2911 1637 2968 1691 δὲ
2995 1638 3240 1710 Γόρτυνα
3268 1641 3444 1692 κεῖται
3470 1640 3522 1690 ἰν
3546 1653 3633 1689 πε-

2065 1723 2163 1795 δίῳ
2196 1726 2333 1796 πρὸς
2360 1726 2421 1780 τὸ
2449 1727 2660 1798 Λιϐύης
2691 1728 2952 1796 πέλαγος,
2988 1730 3185 1801 ἀπέχει
3216 1731 3275 1785 δὲ
3323 1728 3418 1799 τῆς
3449 1728 3632 1782 θαλάτ-

380 1797 474 1884 τες-
501 1823 558 1874 ἐν
606 1820 742 1890 τᾷδε
774 1797 865 1891 τῷί
880 1821 1063 1891 τόπῳ·
1102 1822 1197 1873 καὶ
1228 1820 1344 1889 ἅμα
1365 1820 1540 1887 λέγων
1580 1819 1746 1870 τόπον
1786 1797 1960 1881 δεξιὸν
1998 1797 2038 1850 Β
2067 1832 2168 1886 της
2204 1818 2454 1881 σταδίους
2491 1797 2780 1889 ἑξήκοντα,
2821 1797 3130 1876 παλαιόθεν
3174 1823 3280 1893 μὶν
3306 1797 3649 1892 τετειχισμέο’

379 1915 471 1967 καὶ
497 1915 669 1983 εὐφυῆ
703 1914 840 1983 πρὸς
895 1915 1077 1967 πᾶσαν
1123 1913 1419 1982 εὐετηρίαν
1455 1911 1725 1978 ὑπέδειξε.
1758 1912 1869 1965 Καὶ
1902 1912 1961 1963 ὲν

378 2005 552 2075 τούτῳ
583 2004 861 2075 φρούριον
885 2006 1039 2074 101
1098 2003 1422 2075 ἱδρύσαντες
1452 2004 1548 2057 καὶ
1577 2002 1762 2066 καλῶς
1792 2004 1959 2073 ἀκρο-

377 2100 722 2164 πολίσαντες,
749 2100 777 2154 δ
799 2101 894 2153 καὶ
911 2100 1170 2155 Χάνδακοι
1195 2100 1513 2169 ὠνόμασαν,
1540 2101 1635 2154 καὶ
1667 2100 1732 2152 ὲκ
1760 2098 1956 2152 τούτου

274 2250 281 2255 ,
375 2191 687 2261 ὁρμώμενοι
723 2194 821 2260 τὴν
849 2193 980 2264 ὃλην
1011 2194 1176 2263 νῆσον
1228 2193 1563 2263 κατέτρεχον
1591 2193 1689 2246 καὶ
1718 2193 1817 2255 τὰς
1844 2193 1958 2246 λοι-

376 2285 482 2347 πὰς
528 2285 706 2349 πάσας
748 2286 934 2348 πόλεις
963 2287 1063 2356 τῆς
1112 2287 1278 2355 νήσου
1311 2285 1638 2347 ἐδούλωσαν,
1687 2285 1829 2353 πλὴν
1858 2286 1957 2350 τῆς

332 2416 337 2420 .
374 2374 649 2444 Γορτύνης
692 2378 785 2428 καὶ
820 2375 1125 2437 Κυδωνίας.
1153 2376 1260 2429 Καὶ
1290 2373 1466 2437 οὕτως
1507 2375 1606 2444 μὲν
1630 2375 1662 2444 ὴ
1690 2375 1881 2444 Κρήτη
1920 2376 1952 2444 ή

378 2463 485 2531 μία
502 2465 611 2517 τῶν
637 2466 972 2536 περιφήμων
1004 2466 1145 2519 ἑπτά
1175 2464 1429 2535 μεγάλων
1460 2466 1648 2532 νήσων
1675 2464 1821 2518 ἑάλω
1850 2463 1955 2517 ὑπὸ

372 2554 481 2608 τῶν
516 2555 788 2610 Ἱσπανῶν
826 2557 1184 2626 Σαρακηνῶν.
1220 2557 1333 2611 Καὶ
1365 2554 1523 2619 αὖθις
1567 2557 1706 2626 μετὰ
1748 2556 1868 2621 ἔτος
1898 2557 1957 2612 ἓν

372 2645 680 2716 όβασιλεὺς
714 2649 939 2718 Μιχαὴλ
1009 2648 1203 2719 ἕτερον
1263 2648 1452 2702 στίλον
1506 2649 1788 2718 ἐκπέμπει
1832 2649 1957 2703 κατ’

373 2739 576 2802 αὐτῶν,
609 2741 702 2793 καὶ
732 2741 886 2793 οὐδὲν
914 2740 1065 2806 ἄξιον
1104 2739 1266 2811 ἔργον
1292 2740 1559 2809 ἐποίησαν
1581 2755 1597 2772 ο
1652 2739 1751 2793 καὶ
1773 2741 1821 2793 οἱ
1846 2740 1953 2793 Σαο

375 2833 606 2901 ρακηνοὶ
638 2831 733 2885 τοῦ
783 2832 977 2886 λοιποῦ
1036 2832 1360 2902 ἀμερίμνως
1388 2832 1598 2899 διῆγον,
1634 2832 1733 2885 καὶ
1772 2832 1957 2900 πάσης

372 2923 474 2992 τῆς
519 2923 686 2994 νήσου
736 2923 1069 2994 κληρονόμοι
1132 2928 1228 2977 καὶ
1259 2924 1443 2991 κύριοι
1489 2922 1800 2992 γεγόνασιν,
1859 2925 1959 2977 καὶ

374 3014 559 3068 πολλοὶ
619 3016 940 3084 Χριστιανοὶ
973 3015 1114 3085 ὑπὲρ
1148 3015 1248 3085 τῆς
1300 3015 1491 3084 ὑγιοῦς
1515 3015 1674 3086 ήμῶν
1711 3016 1955 3080 πίστεως

373 3106 452 3177 τῷ
494 3108 673 3178 καιρῷ
710 3108 907 3178 ἐκείνῳ
966 3098 1385 3193 ἔμαρτῦρησαν.
1421 3108 1581 3159 Ἔστι
1624 3107 1680 3160 δὲ
1732 3108 1959 3178 ήνῆσος
1987 3140 2027 3193 C

374 3200 513 3270 αὕτη
548 3201 735 3272 ὀρεινὴ
766 3203 859 3255 καὶ
887 3201 1098 3265 δασεῖα,
1129 3200 1242 3272 ἔχει
1269 3201 1325 3255 δὲ
1346 3201 1443 3255 καὶ
1480 3200 1731 3280 αὐλῶνας⁵
1753 3201 1962 3270 εὐκάρ-

375 3388 525 3449 totii.
556 3401 680 3442 cum
715 3387 916 3459 ingenti
946 3385 1190 3442 exercitu
1217 3396 1272 3441 et
1317 3395 1578 3455 apparatu
1634 3384 1690 3439 in
1740 3383 1959 3440 Cretam

376 3481 444 3536 ad
474 3480 625 3535 illum
657 3478 1021 3548 adiuvandum
1058 3478 1228 3532 misit.
1262 3478 1460 3533 Verum
1514 3476 1813 3541 enimvero,
1835 3491 1963 3530 con-

367 3571 578 3639 junctis
602 3570 729 3625 licet
755 3569 983 3633 viribus,
1020 3569 1154 3623 nihil
1183 3570 1472 3623 adversum
1523 3568 1800 3637 Agareuos
1832 3581 1958 3636 pro-

375 3667 646 3721 fecerunt.
670 3661 878 3730 Quippe
905 3662 1098 3732 prcelio
1120 3662 1438 3723 commisso,
1467 3658 1782 3725 Datniauus,
1803 3661 1957 3731 plaga

348 3759 653 3827 ‘mortii‘era
705 3757 1047 3821 vulneratus,
1100 3755 1268 3828 etiam
1330 3753 1560 3823 reliquis
1592 3768 1759 3807 causa
1821 3753 1959 3823 iugte

372 3849 498 3910 fuit,
524 3849 587 3905 et'
628 3848 894 3903 Photinus
924 3842 980 3901 in‘
1014 3860 1158 3916 equo
1183 3830 1354 3899 veloci
1393 3859 1536 3914 :rgre
1567 3854 1842 3909 servatus,
1879 3844 1955 3900 rei

368 3940 620 3995 nuntium
675 3938 993 4009 imperatori
1057 3937 1263 3991 attulit.
1300 3932 1462 3991 Facta
1499 3945 1583 3991 est
1629 3937 1743 3992 inec
1775 3953 1955 4007 pugna

369 4030 491 4086 loco
510 4030 578 4083 ab
600 4028 734 4084 urbe
751 4028 1042 4083 Chandace
1074 4023 1271 4079 stadiis
1288 4024 1509 4080 circiter
1530 4026 1718 4094 viginti
1741 4027 1954 4091 dissito,

369 4123 457 4176 cui
496 4136 690 4176 nomen
742 4119 959 4190 Aimyri
992 4129 1099 4182 est,
1131 4130 1276 4170 anno
1309 4117 1491 4171 mundi
1526 4117 1686 4173 6540.
1720 4116 1954 4171 Rursum

368 4215 647 4285 Agareuos
670 4228 780 4269 non
805 4213 1129 4268 deﬁciebant
1157 4226 1322 4276 eum,
1351 4210 1727 4279 cogitationes,
1768 4208 1952 4291 timor,

371 4304 711 4374 perturbatio
748 4316 802 4358 et
839 4320 1010 4374 angor
1042 4319 1058 4369 ;
1097 4312 1263 4373 atque
1314 4303 1388 4356 ita
1422 4303 1528 4356 illis
1562 4301 1795 4365 allectis,
1837 4315 1955 4353 mo-

373 4398 580 4451 nachus
609 4397 824 4464 quidam
852 4411 884 4452 e
929 4395 1206 4450 montibus
1246 4394 1433 4453 insulae
1468 4392 1751 4449 descendit
1784 4405 1837 4446 et
1864 4407 1953 4447 er-

2071 1925 2160 1975 νη,
2184 1905 2415 1977 ὕστερον
2444 1909 2501 1962 δὲ
2540 1910 2648 1963 ὑπὸ
2677 1910 2772 1965 τοῦ
2805 1910 3000 1984 καιροῦ
3031 1911 3099 1966 τὰ
3127 1914 3285 1983 τείχη
3306 1912 3568 1983 φθαρέντα
3599 1912 3630 1979 ή

2071 1999 2318 2053 πολιτεία
2343 2000 2482 2070 αὐτὴ
2511 2001 2706 2071 ἤθελον
2738 2002 2902 2057 πάλιν
2932 2004 3192 2074 τειχίσαι,
3218 2005 3315 2058 καὶ
3340 2002 3506 2072 ἀρχὴν
3537 2001 3629 2055 λα-

2067 2087 2241 2142 ϐοῦσα
2276 2088 2567 2153 κτίσαντες
2588 2093 2769 2160 τεῖχος
2798 2091 2988 2146 στάδια
3019 2091 3377 2162 ὀγδοήκοντα,
3404 2090 3497 2143 καὶ
3518 2086 3632 2141 στά-

2067 2198 2210 2245 σεως
2232 2183 2535 2253 γενομένης
2558 2184 2840 2251 άναμέσον
2869 2183 2930 2237 τδ
2955 2184 3118 2253 ἔργον
3146 2184 3338 2246 ἀτελὲς
3359 2181 3630 2252 διέμεινεν.

2074 2270 2143 2323 Ἦ
2170 2271 2226 2323 δὲ
2269 2272 2521 2326 Κυδωνία
2555 2272 2785 2342 μεγίστη
2830 2274 2931 2345 τὴν
2963 2273 3290 2344 προσθήκην
3334 2268 3426 2345 ᾖν,
3470 2273 3636 2324 κεῖται

2064 2360 2122 2414 δὲ
2157 2360 2294 2432 αὕτη
2330 2363 2362 2430 ἡ
2397 2363 2553 2426 πόλις
2585 2364 2723 2434 πρὸς
2754 2366 2867 2426 τοῖς
2915 2364 3193 2435 ἑσπερίοις
3229 2365 3329 2430 τῆς
3360 2363 3519 2434 νήσου
3550 2358 3636 2413 πέ-

2067 2473 2216 2527 ρασι,
2244 2457 2315 2510 τά
2366 2455 2423 2510 δὲ
2452 2458 2553 2527 δρη
2590 2458 2659 2511 τὰ
2706 2459 2875 2527 ἐγγὺς
2906 2457 3078 2526 αὐτῆς
3107 2458 3173 2510 τὰ
3202 2455 3385 2527 ὑψηλὰ
3420 2454 3635 2522 Τίτυρος

2065 2548 2402 2603 καλοῦνται·
2433 2546 2649 2618 ἵδρυται
2677 2550 2735 2603 δὲ
2764 2551 2858 2603 ἐπὶ
2891 2549 3193 2619 θαλάσσης,
3217 2550 3488 2619 βλέπουσα
3514 2543 3638 2614 πρὸς

2065 2639 2170 2709 τήν
2196 2639 2527 2708 Λακωνικήν
2555 2640 2807 2708 πεδιάδα,
2850 2640 3034 2711 ἀγαθὴ
3064 2642 3158 2694 καὶ
3198 2638 3320 2694 λίαν
3343 2636 3640 2704 πανεύμορ-

2065 2749 2168 2800 φος
2197 2731 2293 2784 καὶ
2326 2732 2496 2786 πολλὰ
2546 2732 2832 2786 κύκλωθεν
2867 2733 3089 2802 ἔχουσα.
3126 2731 3335 2786 Λοιπὸν
3360 2732 3437 2792 εἰς
3465 2727 3636 2799 τρίαή

2063 2822 2251 2892 νῆσος,
2285 2824 2359 2887 ὡς
2395 2824 2760 2896 προείπομεν,
2800 2826 3163 2895 μεμέρισται,ι
3183 2825 3287 2877 καὶ
3310 2823 3370 2875 τὸ
3395 2821 3488 2891 μὲν
3513 2818 3638 2889 πρὸς

2061 2915 2215 2987 iii?”
2249 2918 2416 2989 μέρος
2470 2921 2529 2973 ὲν
2566 2921 2677 2982 τοῖς
2727 2919 2830 2988 τῆς
2873 2917 3146 2989 Γορτὺνης
3195 2918 3398 2989 μέρεσι
3428 2915 3636 2985 Δωριεῖς

2061 3003 2293 3057 ἐκάλουν
2316 3047 2333 3071 ,
2385 3007 2447 3060 τὸ
2477 3007 2536 3060 δὲ
2571 3007 2748 3061 νότιον
2795 3006 3183 3078 Ἐτεόκρητας,
3226 3008 3291 3061 ὲν
3321 3001 3364 3075 ᾧ
3397 3006 3507 3060 ἐστι
3551 3004 3636 3057 καὶ

2063 3094 2124 3148 τὸ
2150 3097 2422 3167 πολίχνιον
2452 3099 2696 3169 Πράσου.
2739 3100 2802 3153 τὸ
2824 3098 2881 3153 δὲ
2906 3100 3122 3153 δυτικὺν
3167 3100 3338 3170 μέρος
3360 3099 3635 3158 Κόδωναςθ

2064 3184 2160 3240 καὶ
2187 3186 2467 3259 ἀναμέσον
2519 3189 2701 3245 αὐτῶν
2761 3190 3026 3256 πολλάκις
3063 3191 3243 3264 μάχαι
3285 3190 3381 3248 καὶ
3423 3189 3637 3261 πόλεμοι

2064 3375 2181 3431 hsec
2217 3376 2391 3434 insula
2446 3389 2702 3436 montana
2735 3389 2789 3437 et
2823 3381 3023 3438 silvosa
3052 3389 3215 3451 atque
3238 3383 3415 3440 valles
3447 3377 3637 3436 fertiles

2065 3467 2228 3523 habet
2257 3485 2272 3521 :
2309 3479 2524 3526 montes
2551 3473 2835 3529 altitudine
2869 3472 3111 3546 Taygeto
3155 3489 3268 3531 non
3296 3477 3512 3533 cedunt.
3541 3471 3637 3527 lla-

2061 3558 2152 3615 bet
2182 3562 2346 3617 nrhes
2368 3563 2623 3632 antiquas
2648 3580 2813 3633 supra
2834 3567 3152 3638 nonaginta,
3179 3569 3421 3640 atquein
3453 3564 3635 3636 primis

2061 3664 2287 3721 magnas
2328 3661 2383 3706 et
2415 3654 2622 3710 nobiles
2648 3662 2778 3720 tres,
2809 3654 3101 3725 Cnossum,
3135 3657 3434 3733 Gortynam
3462 3670 3513 3715 et
3538 3657 3634 3728 (ΣΡ

2059 3741 2301 3810 doniam,
2331 3761 2361 3799 a
2414 3745 2613 3812 Minoe,
2642 3747 2990 3806 Cretensium
3035 3768 3185 3824 rege.
3223 3757 3318 3824 qui
3359 3753 3629 3825 imperium

2061 3837 2229 3890 maris
2259 3836 2385 3889 olim
2418 3839 2657 3905 tenebat,
2694 3850 3010 3900 exstructas
3044 3863 3057 3899 :
3090 3845 3209 3915 qui,
3239 3847 3298 3902 in
3330 3857 3441 3903 tres
3463 3853 3632 3915 partes

2061 3922 2233 3979 insula
2269 3926 2469 3993 divisa,
2503 3929 2554 3983 in
2586 3931 2829 4000 qualibet
2865 3943 3022 4004 parte
3072 3951 3233 3992 unam
3296 3939 3555 4003 condidit,
3582 3948 3632 3993 et

2057 4015 2324 4072 Cnossum
2342 4022 2561 4091 quidem
2586 4040 2617 4079 e
2640 4027 2858 4095 regione
2882 4026 3239 4098 Peloponnesi
3261 4040 3316 4088 et
3338 4031 3403 4088 ad
3425 4040 3632 4101 septen-

2059 4109 2319 4163 trionem.
2350 4108 2508 4166 lluuc
2542 4128 2722 4183 regem
2759 4115 3146 4184 proditumest
3167 4121 3402 4188 primum
3427 4121 3632 4178 Cretam

2060 4199 2255 4255 litteris
2292 4203 2598 4260 excoluisse
2645 4214 2701 4260 et
2751 4206 2964 4275 legibus
2999 4204 3242 4267 studiose
3300 4213 3628 4268 moderatum

2057 4302 2210 4346 esse:
2236 4294 2375 4348 unde
2399 4305 2561 4363 poeta
2585 4297 2717 4351 dicit
2744 4317 2759 4353 :
2786 4316 2804 4349 ι
2835 4298 3061 4371 Propter
3080 4317 3350 4359 summam
3370 4304 3626 4375 justitiam

2056 4380 2228 4437 Minos
2260 4394 2314 4438 et
2353 4386 2832 4458 Rhadamanthus,
2873 4391 3165 4450 Cretenses
3197 4410 3418 4468 genere,
3452 4410 3484 4451 a
3505 4392 3627 4451 Jove

371 4504 494 4543 rare
520 4487 637 4543 illos
666 4486 974 4550 afﬁrmavit,
1000 4486 1045 4541 si
1067 4502 1138 4542 eo
1166 4487 1221 4541 in
1254 4486 1374 4541 loco
1401 4484 1680 4562 collocatis
1710 4483 1952 4549 sedibus,

2061 4471 2113 4526 in
2164 4471 2447 4532 beatorum
2482 4476 2671 4541 insulis
2699 4481 2914 4550 iudices
2948 4487 3231 4543 constituti
3260 4497 3413 4544 sunt.
3456 4507 3477 4542 ι
3512 4485 3627 4540 Ηεο

369 4592 560 4632 secure
613 4592 673 4632 se
724 4590 882 4645 posse
919 4573 1168 4651 habitare
1208 4574 1590 4629 existimarent
1623 4588 1639 4637 ;
1680 4573 1951 4643 simulque

370 4670 544 4724 locum
577 4668 827 4724 idoneum
842 4668 974 4722 etad
1000 4681 1215 4721 omnem
1244 4666 1542 4722 ubertatem
1573 4666 1953 4719 accommoda-

369 4768 481 4811 tum
506 4756 919 4827 demonstravit.
945 4754 1020 4809 lbi
1045 4753 1307 4824 oppidum
1331 4760 1721 4806 exstruxerunt
1743 4756 1797 4804 et
1825 4764 1950 4805 arce

306 4848 310 4852 ’
368 4849 506 4902 bene
559 4846 1053 4911 communiverunt,
1111 4846 1197 4901 cui
1252 4841 1562 4899 Chaudacis
1613 4856 1812 4897 nomen
1854 4844 1948 4896 da-

370 4950 481 4995 tum
504 4948 588 4995 est
605 4960 620 4993 :
640 4940 783 4997 unde
803 4938 1102 5010 progressi,
1130 4947 1298 4991 totam
1318 4932 1547 4988 insulam
1573 4935 1946 4999 incursabant,

366 5045 666 5102 omnesque
710 5032 876 5086 urbes
926 5029 1067 5097 ejus,
1110 5037 1306 5096 praeter
1340 5025 1637 5094 Gortynam
1676 5035 1731 5078 et
1761 5024 1946 5096 Cydo-

364 5123 616 5189 niam,in
677 5122 936 5178 ditionem
1004 5132 1163 5173 suam
1221 5116 1564 5186 redegerunt.
1624 5113 1741 5171 Hoc
1782 5117 1946 5187 igitur

365 5216 524 5268 modo
552 5214 737 5280 Creta,
770 5224 874 5266 una
907 5223 972 5263 ex
1007 5215 1214 5276 septem
1245 5205 1606 5261 nobilioribus
1633 5206 1849 5273 insulis,
1877 5207 1945 5261 ab

362 5302 619 5374 llispauis
658 5301 949 5357 Saracenis
984 5310 1244 5367 occupata
1299 5308 1401 5354 est.
1460 5297 1576 5353 Uno
1628 5314 1772 5353 anno
1825 5310 1946 5368 post

360 5384 551 5452 rzlt‘stls
582 5394 813 5450 Michael
853 5394 1149 5461 imperator
1189 5391 1349 5445 aliam
1403 5392 1635 5447 classem
1675 5392 1941 5448 adversus

356 5491 579 5543 eosdem
628 5486 799 5549 misit,
829 5500 953 5556 quae
984 5495 1164 5541 tamen
1199 5484 1332 5540 nihil
1367 5483 1721 5539 memorabile
1751 5485 1937 5555 gessit.

357 5579 473 5632 lam
506 5578 742 5646 Agareni
774 5578 921 5632 curis
950 5578 1203 5632 omnibus
1232 5576 1397 5633 soluti
1434 5576 1690 5630 vixerunt
1722 5582 1942 5645 totaque

360 5667 536 5722 insula
575 5677 706 5721 sunt
739 5669 892 5738 potiti
921 5686 935 5723 :
966 5683 1030 5723 ac
1053 5669 1202 5723 multi
1229 5667 1522 5725 Christiani
1550 5681 1648 5735 pro
1678 5680 1811 5719 sana
1838 5668 1941 5721 ﬁde

357 5768 541 5813 nostra
581 5760 672 5817 illo
699 5769 945 5829 tempore
980 5763 1300 5833 martyrium
1334 5759 1591 5816 tulerunt.
1631 5754 1933 5812 Estautem

2056 4565 2122 4619 de
2153 4565 2354 4623 Minoe.
2389 4569 2625 4644 Gortyna
2656 4574 2711 4627 in
2755 4576 2982 4645 planitie
3014 4579 3116 4635 sila
3160 4595 3314 4636 mare
3376 4581 3623 4651 Libycum

2053 4670 2284 4726 spectat,
2318 4677 2347 4713 a
2388 4678 2497 4731 quo
2526 4665 2682 4722 abest
2738 4668 2928 4723 stadiis
2977 4673 3282 4742 sexaginta.
3321 4672 3624 4744 Antiquitas

2053 4752 2225 4804 muris
2254 4753 2429 4809 cincta
2453 4765 2592 4821 erat,
2622 4773 2792 4828 quos,
2826 4761 3024 4832 injuria
3052 4765 3310 4834 temporis
3342 4763 3626 4820 labefacta-

2052 4852 2159 4906 tos.
2195 4850 2552 4916 magistratus
2598 4852 2910 4909 instaurare
2950 4865 3253 4924 coeperunt,
3284 4857 3383 4914 sed
3414 4857 3482 4913 ad
3508 4863 3627 4912 octo

2051 4937 2227 4992 stadia
2264 4942 2579 5009 productos,
2616 4953 2808 4999 exorta
2842 4943 3133 5014 seditione,
3167 4949 3513 5020 reliquerunt
3545 4948 3619 5001 in-

2053 5029 2303 5085 cltoatos.
2346 5030 2588 5101 Cydonia
2621 5035 2994 5103 incrementis,
3025 5055 3145 5108 quae
3171 5041 3433 5110 paulatim
3460 5038 3618 5107 cepit.

2051 5122 2286 5175 maxime
2322 5123 2445 5192 fuit,
2467 5124 2518 5177 in
2545 5126 2976 5186 occidentalibus
3001 5132 3198 5187 ﬁnibus
3219 5131 3407 5187 insulae
3433 5131 3618 5202 posita.

2047 5213 2155 5268 Aiti
2205 5224 2438 5282 montes,
2469 5217 2561 5286 qui
2596 5218 2648 5271 iu
2681 5218 2879 5290 vicinia
2911 5233 3062 5288 sunt,
3099 5222 3269 5294 Tityri
3303 5238 3498 5280 nomen
3531 5223 3615 5277 ha-

2045 5304 2197 5360 bent.
2227 5305 2309 5360 Ad
2339 5321 2488 5361 mare
2513 5310 2616 5363 sita
2646 5318 2755 5375 est,
2786 5321 2839 5366 et
2869 5308 3193 5371 Laconicam
3222 5324 3451 5385 spectat,
3474 5326 3622 5385 egre-

2047 5397 2131 5465 gia
2158 5408 2214 5451 et
2246 5397 2475 5453 miriﬁce
2506 5401 2726 5471 elegans
2755 5412 2808 5459 et
2847 5405 3027 5476 ampla
3060 5407 3114 5462 in
3152 5408 3406 5462 circuitu.
3448 5406 3615 5462 Caete-

2045 5500 2164 5539 rum
2206 5485 2261 5540 in
2282 5486 2404 5542 ~ires
2443 5500 2644 5558 partes,
2685 5501 2741 5547 ut
2778 5492 3039 5562 diximus,
3084 5496 3257 5552 insula
3290 5496 3461 5549 divisa
3492 5501 3615 5549 est:

2046 5588 2256 5647 partem
2299 5594 2488 5634 versus
2519 5582 2784 5645 orientem
2821 5587 2967 5641 circa
3002 5588 3297 5659 Gortynam
3336 5586 3615 5641 Dorienses

2044 5670 2425 5740 nominarunt;
2486 5676 2781 5730 australem
2834 5689 3041 5747 partem
3080 5682 3513 5747 ElCOCLBlt‘DSBS.
3562 5679 3612 5729 in

2043 5776 2146 5831 qua
2180 5762 2342 5818 etiam
2366 5762 2565 5820 Prasus
2597 5768 2913 5843 oppidulum
2937 5783 3053 5841 est;
3082 5773 3483 5830 occidentalem
3517 5769 3615 5841 Cy-
