4000 6426
350 486 453 551 721

1427 496 1871 565 CHRONICON
1906 505 2178 572 MAJUS.
2220 537 2289 547 --
2329 513 2479 579 LIB.
2521 515 2570 583 Ιρ

3518 514 3625 577 722

357 601 625 698 ἐγίνοντοἶ
666 600 902 698 Λέγουσι
947 602 1007 658 δὲ
1034 603 1129 660 καὶ
1168 605 1324 661 τοῦτο
1374 612 1504 684 περὶ
1554 614 1653 685 τῆς
1684 616 1931 687 Κρήτης,
1968 626 2020 686 Α
2049 624 2269 695 κῶτερα
2301 626 2444 698 μέρη
2475 627 2575 695 τῆς
2604 627 3016 698 Πελοποννήσου
3047 627 3319 696 ληῖζουσι,
3355 618 3622 697 Μοθώνης

357 696 440 749 δτι
464 692 552 747 διὰ
581 693 640 748 τὸ
668 695 768 763 τῆς
799 696 965 765 νήσου
1000 699 1174 768 τραχὺ
1212 700 1314 755 οὐκ
1343 702 1597 759 ἐδύναντο
1622 708 1761 778 μετὰ
1797 710 1946 778 ἅμα-

357 786 469 854 Eth
496 787 810 858 προσϐολὰς
839 791 1018 843 ποιεῖν
1044 790 1138 843 καὶ
1169 791 1575 864 ἀκοντίζεσθαι,
1607 799 1701 853 καὶ
1726 801 1947 870 πρῶτον

352 878 441 935 διὰ
467 880 628 934 τοῦτο
662 880 895 950 ἔφιπποι
919 884 969 936 οἱ
995 885 1218 954 Κρῆτες
1247 887 1458 955 ἔδειξαν
1490 892 1787 963 μάχεσθαι.

424 973 624 1045 Κύριοι
673 975 732 1028 δὲ
759 978 1052 1045 γεγονότες
1078 978 1182 1049 τῆς
1208 983 1471 1054 τοιαύτης
1502 986 1748 1056 μεγάλης
1775 989 1941 1059 νήσου

349 1064 557 1132 τρόπον
588 1060 744 1135 103
762 1065 830 1118 δν
861 1066 1075 1137 ἔφημεν
1106 1069 1156 1121 οί
1198 1070 1513 1143 Ἀγαρηνοὶ,
1551 1075 1645 1129 καὶ
1675 1076 1815 1146 νῆας
1841 1097 1944 1148 μα·-

350 1155 489 1224 κράς
511 1158 857 1229 ποιήσαντες,
883 1159 979 1213 καὶ
1000 1161 1601 1235 θαλασσοκρατοῦντες,
1626 1164 1828 1222 νεωστὶ
1848 1169 1942 1221 τὸν

351 1248 551 1303 Μίνωα
582 1250 942 1320 μιμούμενοι,
1001 1252 1361 1324 λῃστεύοντες
1389 1251 1535 1327 ἦσαν
1564 1259 1661 1311 καὶ
1690 1260 1789 1324 τὰς
1824 1260 1943 1313 Κυ-

351 1342 553 1406 κλάδας
578 1344 777 1414 νήσους
800 1343 1024 1415 ἐλήῖζον
1055 1347 1150 1401 καὶ
1180 1346 1385 1419 πολλὴν
1430 1348 1643 1419 φθοράν
1676 1351 1760 1413 είς
1811 1351 1942 1414 τοὺς

351 1433 720 1514 Χριστιανοὺς
749 1435 873 1491 καθ’
904 1438 1121 1509 ήμιίραν
1149 1441 1391 1497 ἐποίουν.
1420 1443 1645 1514 Χρόνων
1670 1442 1729 1497 δέ
1757 1460 1940 1514 παρα-

350 1524 672 1604 δραμόντων
722 1532 1141 1604 τεσσαράκοντα
1171 1534 1269 1587 καὶ
1316 1534 1477 1597 ἐπτὰ,
1512 1535 1611 1589 ἐπὶ
1653 1535 1755 1605 τῆς
1781 1535 1941 1606 βασι-

350 1614 502 1680 λείας
559 1617 848 1674 Βασιλείου
906 1621 1001 1675 τοῦ
1047 1624 1387 1690 Μακεδόνος,
1448 1625 1597 1698 Σαὴλ
1633 1628 1883 1697 Ἀπόχαψ
1909 1630 1938 1682 ό

351 1708 596 1778 ἀρχηγὸς
656 1710 908 1783 Κρήτης,
940 1714 1054 1778 υίὸς
1083 1715 1178 1768 τοῦ
1229 1717 1558 1793 άμερμουνῆ
1619 1719 1938 1790 Ἀπόχαπος

349 1801 446 1858 τοῦ
472 1802 585 1873 τὴν
632 1804 862 1875 Κρήτην
893 1807 1279 1878 κερδήσαντος,
1333 1807 1496 1875 αὖθις
1525 1812 1687 1876 αὐτὸς
1712 1811 1936 1885 λῃστρι-

244 1974 249 1977 ῆ
351 1893 454 1958 κάς
480 1895 618 1965 νῆας
648 1897 871 1969 μακρὰς
919 1899 1306 1972 οίκονομήσας,
1358 1902 1428 1967 ἃς
1461 1904 1564 1975 ήδη
1591 1906 1796 1973 γαλὲας
1825 1923 1927 1959 κα-

2048 717 2143 768 καὶ
2180 717 2359 772 Πύλου
2410 716 2569 788 ιοᾷ
2599 720 2694 772 καὶ
2735 717 3073 789 Παρὲντζας
3105 718 3202 770 καὶ
3251 718 3493 786 Πάτρας,
3527 720 3624 769 καὶ

2052 809 2120 863 τά
2149 809 2315 880 ἕτερα
2369 809 2577 863 ἐκεῖθεν
2608 810 2807 881 χωρία,
2855 810 3052 881 βουλὴν
3092 808 3409 877 βουλεύεται
3460 811 3521 861 ἐν
3552 811 3621 878 τῇ

2046 900 2260 971 διανοίᾳ
2287 901 2514 972 συνετὴν
2552 902 2650 954 καὶ
2702 903 2895 972 σοφήν.
2929 903 3041 956 Καὶ
3072 897 3142 975 ἦν
3178 903 3212 971 ἡ
3254 901 3420 972 βουλὴ
3448 901 3544 954 καὶ
3593 904 3623 954 δ

2047 993 2205 1060 λόγος
2242 993 2406 1062 ἔργον
2469 993 2676 1058 εὐθύςο
2738 994 3051 1063 ίλιγγιάσας
3103 993 3214 1062 γάρ
3266 992 3618 1064 περιοδεῦσαι

2049 1084 2150 1154 τὴν
2175 1085 2583 1156 Πελοπόννησον
2615 1086 2703 1140 διά
2741 1085 3108 1157 Μυρμιδόνων
3155 1085 3253 1137 καὶ
3290 1083 3619 1153 Ἐπιδαύρου

2047 1176 2141 1230 καὶ
2170 1175 2388 1229 Μαλέου
2422 1177 2521 1229 καὶ
2570 1176 2862 1244 Νεταρίου,
2897 1176 2987 1229 διὰ
3035 1162 3298 1229 δυσκόλου
3334 1175 3471 1229 πλοῦ
3527 1178 3623 1229 καὶ

2045 1267 2232 1336 χιλίων
2266 1266 2458 1337 μιλίων
2495 1269 2670 1337 μῆκος
2696 1267 2976 1337 τηνάλλως
3007 1269 3393 1339 ἀναμετρήσεις
3417 1283 3479 1320 τε
3523 1270 3622 1320 καὶ

2044 1359 2415 1429 προσήκοντος
2442 1358 2752 1433 ὑστερήσας
2784 1358 3004 1428 καιροῦ,
3030 1359 3106 1422 ὡς
3154 1354 3323 1430 εἶχεν,
3355 1359 3520 1422 εὐθὺς
3549 1361 3616 1428 τῇ

2040 1451 2179 1522 αὐτῇ
2211 1453 2367 1505 νυκτὶ
2397 1451 2484 1504 διὰ
2514 1452 2610 1505 τοῦ
2638 1451 3008 1520 Κορινθιακοῦ
3062 1451 3256 1521 ἰσθμοῦ
3293 1450 3618 1521 πολυχειρίᾳ
3702 1506 3703 1513 η

2040 1541 2388 1613 χρησάμενος
2441 1542 2581 1611 πρὸς
2616 1541 2717 1612 τὴν
2764 1542 2981 1596 ἐκεῖθεν
3034 1543 3262 1611 δυτικὴν
3315 1542 3616 1602 θάλασσαν,

2038 1635 2265 1702 πλησίον
2308 1635 2405 1688 τοῦ
2450 1635 2765 1705 ὀρύγματος
2809 1635 2946 1687 ὅπου
2987 1635 3047 1686 τὸ
3071 1632 3166 1687 τοῦ
3203 1633 3618 1703 ἰσθμοῦ-τεῖχος

2036 1726 2306 1795 ἐγεγόνει,
2341 1726 2481 1780 κατὰ
2499 1726 2561 1778 τὸ
2589 1726 2758 1797 ξηρὸν
2781 1723 3091 1789 διαϐιϐάζει
3124 1724 3224 1786 τὰς
3254 1724 3409 1793 νῆας.
3428 1723 3621 1791 Ἐμϐι-

2035 1816 2211 1878 ϐάσας
2257 1815 2316 1869 δὲ
2366 1816 2499 1869 λαὸν
2528 1817 2624 1869 καὶ
2674 1815 2881 1886 ἄνδρας
2913 1816 3193 1886 μαχίμους
3231 1814 3522 1884 συντόμως
3562 1815 3619 1866 ἐν

2033 1905 2230 1966 αὐταῖς
2260 1905 2401 1972 ὺπέρ
2428 1906 2489 1959 τὸ
2513 1905 2764 1976 ἀρκετὸν,
2792 1907 2916 1959 ὅσον
2950 1900 3021 1977 ἦν
3056 1906 3310 1968 δυνατὸν,
3343 1905 3510 1974 ἔργου
3537 1906 3617 1957 εί-

351 1988 675 2057 τονομάζειν
734 1988 996 2045 εἰώθασιν
1039 1992 1161 2064 ήτοι
1215 1988 1505 2068 τριήρεις,’
1550 1998 1641 2050 τὸν
1685 1998 1922 2068 ἀριθμὸν
1955 2011 1996 2066 Β
2024 2012 2170 2067 χετο.
2205 1995 2317 2048 Καὶ
2355 1993 2524 2065 μηδὲν
2551 1994 2862 2060 ἐλπίζοντες
2889 1996 2939 2048 οἱ
2968 1995 3222 2064 πολέμιοι
3243 1994 3466 2066 Κρῆτες
3488 1994 3608 2064 (ἐπὶ

348 2076 482 2142 ὡσεὶ
510 2077 811 2149 τριάκοντα
867 2083 1196 2155 (κωπαρίων
1242 2087 1420 2141 εἴκοσι
1472 2089 1566 2142 καὶ
1598 2088 1690 2142 δύο
1723 2090 1928 2160 ἑκάστη

349 2169 577 2240 αὐτῶν),
603 2173 699 2225 καὶ
732 2174 930 2245 ἐτέρας
962 2175 1097 2243 νῆας
1146 2177 1469 2250 λῃστρικὸς,
1507 2180 1822 2252 ἐξορμήσας
1867 2185 1931 2236 ἐκ

350 2263 453 2334 τῆς
478 2266 730 2337 Κρήτης,
760 2268 860 2332 τὰς
896 2268 953 2322 ἐν
972 2267 1051 2338 τῷ
1069 2270 1280 2340 Αίγαίῳ
1308 2272 1537 2340 πελάγει
1558 2264 1755 2342 νήσους
1779 2274 1930 2337 ἐληΐ-

308 2435 314 2441 .
352 2368 502 2423 σατο,
530 2353 651 2412 εἶτα
702 2359 799 2414 καὶ
828 2361 1003 2430 αὐτὴν
1030 2361 1125 2416 τοῦ
1160 2364 1407 2428 Πέλοπος
1454 2365 1930 2434 νῆσοινκατέϐαλε

351 2451 445 2503 καὶ
473 2450 573 2515 τὰς
605 2452 856 2507 κάτωθεν
883 2452 1056 2525 αὐτῆς
1083 2459 1283 2525 νήσους
1321 2457 1534 2523 ἐλύπει,
1567 2461 1846 2516 Ζάκυνθόν
1869 2479 1930 2514 τε

352 2542 447 2596 καὶ
473 2541 852 2614 Κεφαληνίαν.
903 2547 1183 2620 Ἐμηνύθη
1213 2549 1273 2604 δέ
1302 2549 1464 2604 τοῦτο
1489 2551 1569 2624 τῷ
1601 2552 1815 2622 βασιλεῖ
1844 2555 1933 2608 διὰ

350 2636 721 2706 ταχυδρόμου,
768 2638 867 2692 καὶ
909 2638 1203 2709 ἐξαρτίσας
1256 2641 1445 2696 στόλον
1499 2645 1691 2699 ἱκανὸν
1721 2645 1933 2699 στέλλει

354 2727 479 2789 κατ’
526 2728 729 2796 αὐτῶν,
785 2731 1145 2800 καταστήσας
1195 2733 1564 2804 δρουγγάριον
1596 2735 1698 2806 τῆς
1756 2736 1933 2807 αὐτῆς

355 2822 622 2889 ναυτικῆς
644 2820 941 2891 δυνάμεως
975 2823 1069 2878 τὸν
1120 2825 1418 2897 πατρίκιον
1447 2827 1722 2898 Νικήταν,
1756 2828 1930 2898 ἄνδρα

357 2911 532 2966 δεινὸν
565 2912 657 2966 καὶ
680 2914 990 2986 δραστηρδν
1013 2919 1106 2972 καὶ
1136 2918 1403 2993 ἔμπειρον
1433 2920 1639 2986 παντὸς
1664 2923 1930 2992 πολέμου,

361 3000 583 3072 ὕδραίου
613 3019 673 3056 τε
702 3005 797 3058 καὶ
830 3008 1114 3077 χερσαίου,
1143 3008 1202 3072 ὃς
1239 3012 1491 3081 μηχανάς
1522 3008 1666 3067 οῐδεν
1705 3013 1783 3076 ὡς
1834 3014 1932 3085 οὐχ

360 3091 568 3163 ἔτερος.
623 3093 966 3160 Πνεύσαντος
1014 3099 1073 3153 δέ
1104 3099 1308 3172 ἀνέμου
1360 3100 1574 3173 βορείου
1616 3103 1831 3174 ήδίστου
1864 3103 1933 3157 δι’

358 3185 553 3254 ὀλίγων
605 3187 826 3259 ήμερῶν
879 3186 1296 3263 καταλαμϐάνει
1345 3194 1444 3265 τὴν
1491 3195 1931 3266 Πελοπόννησον.

2035 2091 2256 2147 Μαλέου
2287 2090 2397 2161 γὰρ
2427 2087 2576 2160 εῐχον
2600 2089 2701 2152 τὰς
2748 2088 3171 2159 ἡμεροσκόπους
3196 2087 3293 2138 καὶ
3320 2083 3618 2137 νυκτοσκό-

2037 2200 2173 2245 πους
2200 2184 2388 2251 ταχεῖς
2418 2181 2554 2252 νῆας
2587 2181 2903 2248 φυλάττειν,
2955 2178 3053 2234 ἐάν
3108 2195 3194 2243 τις
3253 2178 3442 2234 στόλος
3484 2175 3616 2229 Ῥωο

2039 2273 2232 2341 μαϊκδς
2263 2272 2393 2344 ἔλθῃ
2426 2273 2547 2325 κατ’
2579 2272 2811 2339 αὐτῶν),
2854 2270 3025 2334 οὕτως
3062 2267 3350 2338 αἰφνιδίως
3379 2268 3612 2321 ἐπιτίθε-

2035 2382 2125 2418 ται
2153 2365 2364 2427 αὐτοῖς,
2397 2365 2495 2418 καὶ
2526 2364 2805 2433 συγχύσας
2845 2363 2939 2415 καὶ
2980 2361 3339 2432 συνταράξας
3392 2360 3614 2420 αὐτοὺς.

2035 2457 2115 2519 εῑς
2143 2455 2321 2526 φυγὴν
2353 2456 2697 2526 ἐτράπησαν.
2728 2456 2841 2519 Τὰς
2889 2456 2990 2523 μὲν
3017 2449 3111 2508 οὖν
3144 2454 3507 2523 πυρπολήσας
3535 2452 3614 2520 τῷ

2035 2531 2376 2617 ὕγρῷλτυρὶ,
2402 2546 2502 2610 τὰς
2531 2547 2589 2599 δὲ
2619 2548 3043 2613 καταποντίσας,
3072 2546 3171 2609 τὰς
3215 2546 3272 2598 δὲ
3323 2546 3613 2616 ζωγρήσας

2034 2640 2142 2692 τῶν
2174 2637 2454 2708 πολεμίων
2500 2638 2666 2709 νηῶν,
2729 2639 2854 2701 τοὺς
2900 2638 2971 2691 ’δέ
3005 2637 3321 2708 βαρϐάρους
3353 2639 3481 2699 τοὺς
3513 2638 3614 2706 μὲν

2034 2730 2242 2783 ἀνελὼν
2263 2730 2341 2800 τῷ
2369 2730 2515 2799 ξίφει
2545 2731 2675 2794 τοὺς
2700 2729 2758 2783 δέ
2790 2729 3163 2800 ὑποϐρυχίους
3212 2729 3614 2795 ποιησάμενος.

2035 2825 2131 2875 καὶ
2165 2821 2257 2876 τὸν
2285 2822 2568 2893 ναυάρχην
2593 2822 2689 2876 καὶ
2715 2823 2987 2893 αὐθέντην
3017 2821 3203 2885 αὐτῶν
3235 2819 3462 2882 ἀνελὼν,
3490 2818 3619 2881 τοὺς

2033 2912 2256 2976 λοιποὺς
2277 2913 2742 2983 διασκεδασθῆναι
2768 2912 2913 2966 κατὰ
2947 2912 3050 2983 τὴν
3079 2906 3245 2982 νῆσον
3278 2911 3615 2980 ἠνάγκασενο

2034 3002 2155 3059 εἶτα
2182 3003 2345 3066 αὐτὸς
2393 2988 2606 3069 πάντας
2640 3004 2938 3079 ζωγρήσας
2995 3004 3093 3056 καὶ
3127 3001 3474 3071 σαγηνεύσας
3501 3001 3616 3052 δια-

2035 3097 2223 3167 φόροις
2249 3097 2549 3167 τιμωρίαις
2579 3095 2823 3161 ἐνέϐαλε,
2854 3096 2962 3149 Καὶ
2993 3094 3151 3165 105
3176 3093 3351 3155 οὓτως
3381 3094 3430 3145 οἱ
3461 3093 3615 3160 Ιὶρῆη

2035 3205 2127 3252 τες
2161 3189 2458 3260 Ἀγαρηνολ⁵
2484 3188 2689 3252 ἰδόντες
2720 3187 3047 3255 ἐδειλίασαν,
3079 3186 3178 3249 τὰς
3203 3185 3311 3238 τῶν
3324 3183 3614 3253 Ῥωμαίων

356 3278 469 3333 Καὶ
496 3279 710 3346 φθάσας
740 3280 797 3333 ἐν
824 3281 903 3353 τῷ
931 3284 1114 3357 λιμένι
1146 3286 1256 3339 τῶν
1289 3288 1611 3358 Κεγχρεῶν,
1634 3288 1724 3361 ,ὡς
1771 3287 1934 3361 ἐῐρη-
1965 3348 2004 3361 _
2041 3280 2380 3351 στρατηγίας
2438 3281 2531 3333 καὶ
2591 3278 2840 3350 μηχανὰς
2890 3275 3268 3348 θαυμάζοντες
3292 3290 3311 3335 ’ν
3371 3275 3469 3327 καὶ
3516 3272 3615 3343 τὴν

356 3384 470 3433 ται,
500 3369 689 3439 μαθὼν
719 3371 777 3426 δὲ
807 3348 890 3427 ὅτι
922 3348 1134 3431 αι’τῶν
1160 3348 1656 3452 ἐχθρῶν-τριήρεις
1696 3348 1765 3435 τὰ
1790 3348 1937 3438 8oz;-
1959 3348 2006 3413 θ
2038 3348 2295 3445 τοιαύτῆν
2325 3372 2608 3428 ἀπώλειαν
2641 3348 2904 3442 ἐξαίφνης
2959 3368 3250 3437 παθόντες,
3282 3366 3614 3438 φοϐηθέντες

357 3552 643 3611 donenses.
675 3555 823 3612 Inter
861 3557 963 3614 hos
992 3572 1137 3630 saepe
1166 3561 1306 3617 bella
1335 3572 1391 3619 et
1417 3564 1608 3633 prtelia
1641 3568 1943 3625 commissa

358 3654 506 3702 sunt.
542 3645 789 3703 'l‘radunt
820 3649 985 3704 etiam
1029 3651 1132 3707 hoc
1161 3652 1226 3708 de
1257 3652 1697 3725 Creta,'propter
1729 3660 1939 3730 asperi-

360 3747 528 3795 tatem
570 3740 670 3796 soli
705 3756 811 3795 non
832 3743 1073 3812 potuisse
1097 3744 1166 3798 in-
1185 3759 1248 3799 ea
1281 3760 1402 3801 cum
1430 3747 1682 3804 curribus
1705 3749 1938 3819 impetus

357 3820 472 3888 fieri
526 3846 581 3888 ct
620 3832 875 3904 iaculari,
927 3835 1070 3892 unde
1119 3835 1310 3895 Cretes
1356 3839 1517 3909 primi
1553 3854 1619 3895 ex
1650 3842 1806 3912 equis
1839 3856 1936 3912 pu-

356 3925 596 3995 gnarint.
1486 3944 1489 3945 '

423 4014 588 4071 Potiti
631 4017 796 4087 igitur
817 4034 1015 4091 magna
1046 4021 1150 4078 hac
1176 4021 1357 4077 insula
1383 4039 1471 4091 eo,
1504 4039 1613 4094 quo
1662 4025 1933 4091 diximus,

355 4107 517 4161 modo
541 4107 796 4178 Agareni,
821 4110 1239 4182 navibuslongis
1254 4113 1559 4170 exstructis
1578 4123 1634 4170 et
1654 4115 1934 4173 vindicato

355 4197 461 4253 sibi
488 4197 720 4267 imperio
754 4200 951 4274 maris,
981 4201 1047 4255 ad
1080 4200 1278 4257 Minois
1295 4204 1600 4273 exemplum
1631 4205 1923 4274 piraticam

356 4288 682 4343 exercebant
701 4295 752 4344 et
775 4273 1041 4361 Cycladas
1065 4291 1273 4347 insulas
1296 4292 1697 4370 populabantur
1715 4302 1769 4351 et
1791 4295 1934 4350 mul-

357 4388 468 4433 tam
495 4381 738 4449 quotidie
755 4382 1057 4452 perniciem
1076 4382 1405 4440 Christianis
1435 4384 1770 4443 inferebant.
1799 4387 1935 4444 Post

357 4486 531 4527 annos
592 4482 799 4541 septem
854 4483 907 4529 et
938 4475 1328 4548 quadraginta,
1382 4476 1684 4547 imperante
1731 4480 1934 4536 Basilio

358 4559 674 4628 Macedone,
710 4560 1179 4636 SaelApocbaps,
1228 4566 1405 4641 Cretae
1454 4570 1728 4639 princeps,
1791 4571 1931 4639 eius,

2038 3573 2097 3619 ut
2125 3563 2329 3619 dictum
2352 3569 2457 3626 est,
2489 3574 2613 3616 cum
2687 3559 2929 3614 hostium
2965 3556 3218 3612 triremes
3243 3553 3613 3609 occidentales

2037 3667 2222 3726 partes
2286 3652 2500 3717 insulae,
2563 3649 2880 3715 Mothonen,
2951 3647 3166 3719 Pylmr,
3240 3645 3614 3706 Glarentzam,

2036 3746 2230 3802 Patras
2263 3753 2317 3800 et
2357 3745 2563 3814 reliqua
2601 3743 2747 3798 illius
2794 3742 3037 3811 regionis
3061 3742 3184 3796 loca
3244 3740 3491 3811 βορηίην
3517 3752 3616 3794 an-

2038 3837 2281 3899 divisset,
2308 3835 2601 3892 consilium
2617 3835 2799 3889 animo
2821 3833 2963 3902 cepit
2985 3832 3225 3903 prudens
3246 3841 3302 3887 et
3331 3831 3612 3886 callidum.

2037 3924 2217 3999 Atque
2235 3927 2528 3983 consilium
2553 3934 2609 3980 et
2637 3925 2863 3979 verbum
2882 3923 3073 3980 statim
3104 3923 3321 3993 excepit
3355 3923 3471 3992 ipsa
3501 3936 3610 3983 res.

2036 4018 2175 4073 Cum
2197 4019 2343 4075 enim
2381 4018 2633 4072 horreret
2668 4015 2970 4070 circumire
3012 4013 3449 4087 Peloponnesum
3513 4025 3611 4081 per

2036 4108 2423 4181 Myrmidones,
2456 4106 2818 4174 Epidaurum,
2856 4103 3087 4159 Maleam
3117 4114 3173 4159 et
3197 4100 3500 4162 Netarium,
3547 4115 3614 4153 ne

2037 4199 2440 4270 navigationem
2478 4198 2761 4253 molestam
2794 4197 3005 4252 subiret
3031 4205 3150 4263 aut,
3201 4194 3351 4252 mille
3407 4194 3613 4249 millia-

2036 4293 2178 4357 rium
2217 4290 2604 4361 longitudinem
2641 4288 3015 4358 nequidquam
3058 4300 3339 4352 emensus,
3393 4285 3618 4341 adveni-

2036 4393 2120 4441 ret
2141 4398 2285 4450 sero,
2303 4382 2488 4438 statim
2506 4382 2594 4437 illa
2612 4382 2729 4453 ipsa
2756 4390 2942 4445 nocte,
2965 4380 3261 4435 multorum
3280 4394 3411 4435 usus
3425 4391 3616 4447 opera,
3647 4398 3651 4400 γ

2037 4493 2136 4550 per
2167 4477 2434 4532 Isthmum
2458 4474 2873 4555 Cprinthiacnm
2926 4473 2991 4528 ad
3039 4471 3383 4529 occidentale
3442 4485 3615 4535 mare,

2036 4584 2209 4640 prope
2241 4568 2468 4634 fossam,
2495 4567 2586 4623 ubi
2612 4576 2804 4621 murus
2842 4565 3033 4621 Isthmi
3085 4574 3224 4629 erat,
3260 4578 3359 4634 per
3412 4571 3613 4617 terram

357 4654 449 4724 qui
471 4656 694 4711 Cretam
725 4659 1038 4728 occupavit,
1064 4660 1378 4729 Apochapis
1402 4664 1744 4719 amermunis
1764 4664 1933 4728 ﬁlius,
1967 4697 2012 4754 η
2040 4678 2207 4720 naves
2235 4661 2521 4722 transfert.
2578 4659 2843 4731 Imposito
2892 4657 3185 4714 confestim
3252 4668 3614 4713 strenttorttm

358 4745 540 4802 denuo
583 4762 749 4803 naves
776 4750 1059 4817 piraticas,
1090 4766 1230 4821 quas
1272 4767 1416 4807 nunc
1445 4753 1629 4822 galeas
1687 4758 1802 4811 sive
1835 4759 1936 4812 tri-

358 4854 538 4894 remes
573 4843 858 4896 nominare
903 4841 1105 4910 solent,
1137 4859 1371 4900 numero
1431 4847 1546 4902 fere
1592 4848 1824 4917 triginta
1881 4858 1937 4903 et

360 4933 654 5001 remigibus
691 4935 882 5004 viginti
927 4935 1142 4993 duobus
1208 4937 1529 5003 instructas,
1582 4922 1746 5009 atque
1797 4941 1934 4996 alias

360 5040 525 5080 naves
543 5029 897 5096 praedatorias
927 5031 1300 5097 comparavit:
1332 5032 1531 5087 deinde
1564 5049 1593 5088 e
1625 5033 1789 5089 Creta
1808 5049 1937 5104 pro~

358 5132 598 5187 gressus,
629 5119 836 5174 insulas
876 5121 1047 5175 maris
1083 5122 1253 5193 ,ἱεεωί
1286 5123 1577 5194 populatus
1609 5128 1936 5195 est,ipsam-

358 5225 465 5279 que
496 5211 634 5266 adeo
673 5211 1115 5283 Peloponnesum
1158 5216 1378 5281 invasit,
1414 5225 1469 5271 et
1528 5216 1737 5271 insulas
1794 5218 1937 5274 infra

358 5316 478 5357 eam
508 5303 662 5371 sitas,
724 5304 1063 5378 Zacynthum
1117 5315 1172 5362 et
1224 5306 1640 5377 Cephaleniam,
1694 5313 1934 5366 vexavit.

357 5393 473 5461 Qua
502 5410 562 5451 re
593 5397 913 5466 imperatori
942 5414 1036 5469 per
1068 5399 1296 5455 faselum
1350 5402 1624 5467 nuntiata,
1678 5404 1932 5459 idoneam

359 5487 407 5542 is
441 5486 671 5543 classem
738 5487 1002 5546 adversus
1033 5492 1155 5547 illos
1210 5493 1381 5557 misit,
1441 5493 1740 5564 drungario
1789 5495 1934 5549 facto

356 5577 546 5636 Niceta
578 5582 832 5651 patricio,
865 5584 982 5638 viro
1012 5586 1265 5654 prudenti
1293 5594 1346 5640 et
1377 5598 1605 5641 strenuo
1634 5602 1698 5639 ac
1727 5587 1929 5643 scienti

356 5674 534 5731 onmls
562 5674 639 5729 rei
675 5674 901 5743 bellicae,
937 5684 1047 5731 tum
1073 5677 1351 5733 terrestris
1381 5687 1499 5733 tum
1521 5679 1749 5732 navalis.
1788 5677 1930 5733 ΙιΙιιιιι

356 5761 674 5826 bellicarum
714 5766 909 5820 artium
952 5767 1160 5835 peritus
1213 5778 1352 5834 erat,
1416 5776 1476 5824 ut
1532 5783 1694 5823 nemo
1745 5785 1929 5839 supra.

358 5849 548 5907 Flante
578 5853 863 5911 lenissimo
909 5858 1093 5922 borea,
1122 5859 1311 5929 paucis
1336 5859 1529 5915 diebus
1575 5859 1629 5912 in
1666 5859 1932 5929 Pelopon-

364 5956 554 5999 neeum
601 5948 869 6010 pervenit.
896 5949 1113 6007 Delatus
1151 5953 1204 6007 in
1240 5960 1452 6015 portum
1496 5951 1927 6017 Cenchrearum,

2042 4756 2275 4813 militum
2308 4770 2535 4810 numero
2594 4752 2810 4822 majori,
2853 4767 3016 4821 quam
3050 4751 3188 4806 satis
3248 4760 3389 4814 erat,
3434 4749 3612 4818 operi,

2041 4858 2306 4919 quantum
2348 4855 2583 4916 poterat,
2614 4842 2977 4908 incumbebat,
3005 4852 3169 4910 atque
3189 4840 3324 4895 nihil
3360 4841 3468 4895 tale
3486 4854 3614 4910 spe-

2041 4949 2226 4995 rantes
2259 4938 2451 4994 Cretes
2483 4939 2691 5000 bostcs,
2729 4935 2820 5005 qui
2855 4936 2920 4988 ad
2962 4934 3187 4988 Maleam
3218 4931 3311 4987 diu
3334 4940 3612 4999 noctuque

2029 5026 2255 5082 'veloces
2274 5026 2570 5087 habebant,
2601 5039 2723 5094 qum
2761 5025 3142 5086 observarent,
3187 5022 3233 5077 si
3269 5036 3376 5090 qua
3403 5020 3617 5081 Roma:

2042 5134 2233 5172 norum
2267 5118 2456 5172 classis
2485 5116 2676 5172 cotttra'
2703 5116 2848 5185 ipsos
2879 5130 3103 5169 cursum
3128 5115 3398 5180 tenderet,
3430 5112 3615 5169 subito

2040 5212 2271 5276 invadit,
2315 5210 2679 5279 confusosqnc
2703 5219 2757 5263 et
2809 5209 3133 5265 tnrbatnsin
3198 5208 3378 5277 fugam
3432 5208 3614 5263 vertit.

2039 5302 2215 5359 Naves
2241 5317 2428 5359 eorum
2453 5303 2650 5371 partim
2680 5300 2804 5370 igne
2837 5300 3028 5355 Graeco
3077 5302 3340 5363 int-endit,
3416 5300 3614 5370 partim

2040 5399 2326 5469 depressit,
2361 5396 2558 5466 partim
2592 5397 2781 5466 cepit;
2833 5394 3109 5450 Barbaros
3142 5396 3289 5465 ipsos
3320 5400 3415 5449 aut
3435 5393 3618 5463 gladio.

2040 5489 2616 5553 interemit,anlundis
2644 5489 2964 5552 submersit.
3000 5499 3184 5558 atque.
3210 5491 3396 5545 occiso
3422 5502 3616 5545 eorum

2038 5581 2178 5635 dure
2208 5591 2263 5635 et
2290 5582 2560 5651 principe,
2597 5582 2841 5651 reliquos
2871 5598 2968 5651 per
3006 5583 3239 5638 insulam
3274 5591 3334 5635 nt
3362 5597 3423 5637 se
3450 5581 3616 5636 dissi-

2038 5684 2232 5743 parent
2265 5676 2442 5743 coegit
2470 5692 2483 5726 :
2547 5691 2686 5744 quos
2719 5684 2897 5730 tamen
2941 5687 3123 5746 postea
3149 5689 3345 5729 omnes
3365 5676 3617 5741 campre—

2038 5766 2417 5822 liensoxvariis
2433 5766 2605 5821 aﬂ’ecil
2624 5769 2920 5837 suppliciis.
2943 5764 3034 5823 llis
3053 5765 3364 5836 compertis,
3383 5765 3617 5836 Agareni

2036 5858 2326 5916 Cretenses
2348 5872 2413 5914 te:
2431 5876 2551 5918 rore
2572 5863 2801 5932 perculsi
2816 5872 2959 5927 sunt,
2981 5862 3310 5915 admirantes
3324 5860 3402 5915 rei
3417 5859 3620 5914 bellica;

2040 5953 2286 6019 peritiam
2305 5967 2562 6020 artesque
2588 5955 2983 6019 “Otlktnortltll;
3007 5971 3067 6007 ac
3099 5953 3191 6014 tali
3224 5952 3377 6008 clade
3395 5958 3621 6031 repente
