4000 6416
435 471 543 540 ’ί23

1661 469 1988 533 GEORGII
2032 467 2456 534 ΡΠΒᾹΝΤΖΕ

3557 471 3653 536 ’124

411 586 508 644 καὶ
536 584 904 645 δειλιάσαντες
931 583 1223 657 ὴρέμησαν
1276 583 1371 638 τοῦ
1417 584 1608 639 λοιποῦ
1641 586 1834 656 καιρόν
1862 600 1990 640 τινα
2015 585 2317 655 Α,θήματα
2353 585 2448 640 τοῦ
2497 583 2662 638 Quid
2709 582 2765 635 ἐν
2821 580 2931 636 ἔτει
2987 568 3209 662 ,ςτξη’,’
3237 581 3557 648 ίνὸικτιῶνος
3582 601 3614 654 η
3636 626 3650 640 .

413 679 510 734 καὶ
539 679 740 747 φόρους
770 677 848 750 τῷ
883 678 1099 748 βασιλεῖ
1127 678 1392 750 Βασιλείῳ
1422 678 1619 745 ἔταξαν
1648 679 1854 734 δοῦναι.

483 763 695 835 Καιροῦ
739 765 1098 836 παρελθόντος
1148 765 1286 820 ἐτῶν
1330 767 1467 821 ὡσεὶ
1527 765 1658 820 δέκα
1685 767 1757 820 τὰ
1780 764 1991 838 συνήθη

411 858 594 913 αὐτῶν
618 860 668 911 oi
708 858 982 930 βάρϐαροι
1020 857 1186 914 πάλιν
1218 859 1319 912 οὐκ
1356 859 1565 914 ἔπαυον
1599 860 1871 929 πράττειν
1898 860 1994 913 καὶ

411 951 624 1024 ληῖζειν
657 953 757 1017 τὰς
791 953 1010 1023 νήσους,
1044 952 1140 1008 καὶ
1171 956 1299 1018 τοὺς
1325 954 1527 1024 φόρους
1557 957 1674 1016 τοῖς
1705 952 1994 1025 βασιλεῦ’σι

413 1045 558 1099 κατὰ
586 1046 686 1109 τὰς
731 1045 1056 1114 ὑποσχέσεις
1107 1046 1386 1118 ἠθέτησαν
1422 1047 1520 1101 καλ⁵
1572 1047 1675 1100 οὐκ
1722 1046 1991 1117 ἔπεμπον.

427 1136 597 1189 Ἐτῶν
625 1136 681 1188 δὲ
710 1135 1092 1205 παρελθόντων
1135 1137 1536 1210 ἐϐδομήκοντα,
1573 1137 1668 1192 ἐπὶ
1704 1138 1803 1206 τῆς
1841 1137 1996 1207 βασι-

415 1227 567 1291 λείας
607 1227 897 1296 Ῥωμανοῦ
930 1228 1026 1284 τοῦ
1061 1229 1296 1296 παιδίου,
1321 1231 1678 1301 τρισεγγόνου
1708 1229 1805 1284 τοῦ
1838 1231 1994 1300 βασις

415 1323 553 1383 λέιυς
581 1317 861 1376 Βασιλείου
892 1322 986 1376 τοῦ
1011 1322 1345 1388 Μακεδόνος,
1370 1323 1400 1375 6
1421 1321 1677 1393 βασιλεὺς
1717 1320 1997 1388 Ῥωμανδς

417 1415 607 1469 στόλον
641 1415 827 1471 ἱκανὸν
865 1417 960 1468 καὶ
993 1415 1276 1484 ἀξιόλογον
1319 1405 1688 1486 οἰκονομήσας
1730 1415 1829 1470 καὶ
1857 1430 1996 1484 προ-

416 1507 850 1576 παρασκευάσας
897 1507 1109 1561 στέλλει
1136 1507 1278 1561 κατὰ
1325 1509 1434 1561 τῶν
1469 1509 1526 1561 ἐν
1560 1509 1628 1578 τῇ
1672 1508 1865 1580 Κρήτῃ
1892 1507 1998 1561 Σκ-

420 1597 697 1669 ρακηνῶν,
749 1601 1106 1663 καταστήσας
1149 1599 1380 1672 ἔξαρχον
1429 1599 1526 1654 καὶ
1575 1600 1850 1672 δεσπότην
1895 1599 1997 1668 τῆς

417 1689 591 1758 αὐτῆς
622 1689 933 1759 δυνάμεως,
966 1691 1196 1763 ὑδραίας
1221 1709 1282 1747 τε
1305 1693 1403 1748 καὶ
1444 1693 1729 1763 χερσαίου,
1762 1694 1856 1747 τὸν
1892 1693 1999 1762 μάψ

415 1793 642 1845 γιστρον
673 1778 994 1850 Νικηφόρον
1026 1780 1119 1833 τὸν
1146 1782 1342 1836 Φωκᾶν
1383 1781 1476 1835 τὸν
1513 1784 1606 1836 καὶ
1637 1780 1866 1852 ὓστερον
1898 1783 1996 1854 βα-

419 1867 766 1923 σιλεύσαντα.
798 1869 904 1924 Καὶ
929 1871 1104 1926 ἐλθὼν
1131 1874 1190 1925 ἐν
1229 1875 1297 1942 τῇ
1332 1874 1524 1945 Κρήτῃ
1559 1875 1653 1930 xui.
1701 1874 1998 1943 συμϐαλὼν

421 1961 679 2026 πολλάκις
707 1963 822 2027 τοῖς
859 1963 1185 2035 ’Λγαρηνοῐς
1221 1966 1318 2020 καὶ
1352 1965 1664 2036 προσϐολῆς
1689 1966 1995 2037 γενομένης
2030 1947 2069 2003 Β

417 2053 651 2108 πάντοτε
682 2055 974 2126 ὑπερεῖχεν
1000 2057 1028 2110 6
1059 2057 1292 2127 στρατὸς
1331 2057 1426 2112 τοῦ
1454 2059 1641 2125 Φωκᾶ,
1671 2059 1766 2113 καὶ
1793 2059 1853 2112 οὐ
1899 2058 1994 2112 δυ-

417 2146 644 2215 νάμενοι
674 2149 992 2221 ἀντιστῆναι
1019 2152 1073 2204 οι
1099 2150 1319 2224 Κρῆτες
1348 2152 1499 2221 φόϐῳ
1527 2153 1832 2226 ληφθέντες
1861 2151 1996 2224 ἐφυ-

418 2255 536 2306 γον,
569 2239 667 2293 καὶ
693 2241 802 2295 τῶν
837 2243 1117 2313 φρουρίων
1151 2243 1304 2309 ἐντὸς
1344 2245 1680 2308 είσελθόντες
1711 2245 1998 2314 ἐκλείσθη-

419 2347 540 2384 σαν.
579 2330 638 2384 '0
667 2330 724 2384 δὲ
746 2331 940 2394 Φωκᾶς
971 2331 1112 2386 κατὰ
1137 2334 1318 2387 πᾶσαν
1345 2332 1596 2404 μηχανὴν
1626 2333 1999 2403 πολιορκήσας

418 2423 555 2492 πρὸς
580 2425 937 2496 τειχομαχίαν
959 2425 1266 2496 ἐπιτήδειον
1285 2427 1400 2489 τοῖς
1420 2425 1644 2481 ἄστεσιν
1671 2426 1996 2495 ἐπαγαγὼν,

418 2515 513 2568 καὶ
542 2515 775 2585 φοϐερὸς
827 2518 1021 2583 φανεὶς
1068 2520 1181 2581 τοῖς
1227 2517 1516 2581 ἐναντίοις,
1548 2518 1639 2587 ὑφ’
1666 2518 1860 2574 ἑαυτὸν
1891 2518 2000 2572 πᾶν
2057 2520 2061 2524 ”

419 2607 682 2683 φρούριον
710 2610 808 2677 τῆς
839 2609 1010 2679 νήσου
1046 2610 1351 2679 ἐποιήσατο
1383 2611 1486 2666 καὶ
1515 2610 1618 2681 τὴν
1665 2610 2001 2683 μητρόπολιν

423 2701 584 2771 106
613 2701 787 2769 αὐτὴν
827 2701 1090 2756 Χάνδακα
1127 2701 1496 2773 ἐξεπόρθησε,
1546 2702 1640 2757 καὶ
1669 2701 1838 2772 ἐτερά
1878 2719 2000 2758 τινα

422 2789 676 2858 πολίχνια
700 2789 815 2860 ἅμα
847 2791 1132 2850 ὑπέκυπτε
1161 2791 1239 2861 τῷ
1266 2792 1432 2846 αὑτοῦ
1469 2791 1758 2866 θελήματι’
1787 2797 1882 2849 καὶ
1909 2795 2000 2848 τὸν

420 2881 666 2950 ἀρχηγὸν
715 2882 940 2951 Κρήτης
989 2882 1319 2953 Κουρούπην
1383 2883 1722 2957 καλούμενον
1771 2884 2000 2956 ἐχειρώο

422 2988 575 3038 σατο,
603 2969 698 3026 καὶ
723 2971 817 3026 τὸν
842 2972 966 3043 μετ’
985 2973 1150 3027 αὐτὸν
1177 2973 1338 3029 ἄλλον
1355 2973 1706 3050 πρωτεύοντα
1745 2976 2000 3044 ’Λνεμᾶν.

420 3067 529 3120 Καὶ
564 3065 743 3122 ταῦτα
788 3066 968 3122 πάντα
999 3065 1356 3136 κατορθώσας
1383 3068 1411 3120 6
1453 3067 1646 3130 Φωκᾶς
1673 3068 1764 3122 διὰ
1812 3069 2002 3138 μηνῶν

423 3161 588 3224 ἑπτὰ,
615 3160 709 3212 καὶ
743 3159 843 3233 τὴν
869 3161 1030 3231 νῆσον
1061 3161 1244 3214 πᾶσαν
1267 3161 1376 3222 toi;
1412 3158 1713 3231 Ῥωμαίοις
1739 3163 2000 3230 ἐποίησεν

421 3255 500 3315 ὡς
527 3253 586 3306 τὸ
616 3253 908 3322 πρότερον,
947 3254 1331 3322 κρατουμένην
1377 3252 1482 3305 ὑπὸ
1509 3253 1618 3306 τῶν
1675 3253 1997 3326 Ἀγαρηνῶν

301 3395 308 3401 .
421 3348 590 3397 οὒταν
623 3344 720 3414 ἐτη
752 3342 866 3415 ρκὸ¹
890 3361 906 3376 ⁸
940 3344 1367 3415 ἀπεκατεστάθη
1417 3343 1477 3398 δέ
1527 3345 1693 3398 πάλιν
1746 3345 1851 3397 ὑπὸ
1900 3345 2000 3414 τὴν

421 3436 672 3506 ἐξουσίαν
697 3437 797 3508 τῆς
827 3437 1004 3508 ἀρχῆς
1033 3437 1144 3494 τῶν
1186 3436 1478 3508 Ῥωμαίων
1503 3436 1592 3494 διὰ
1635 3436 1708 3496 τὰ
1733 3437 2004 3515 ἀνδραγαο

422 3623 623 3690 allccti,
647 3621 968 3694 praelimore
983 3635 1046 3676 ac
1067 3630 1211 3676 metu
1226 3631 1409 3692 postea
1425 3622 1746 3690 quieverunt
1761 3621 2008 3692 aliquan-

423 3719 538 3779 diu,
563 3729 618 3773 et
638 3714 952 3784 imperatori
973 3713 1170 3769 Basilio
1187 3715 1390 3770 tributa
1408 3713 1644 3783 pendere
1669 3722 2002 3771 statuerunt.

494 3808 712 3865 Erectis
746 3808 906 3868 annis
950 3821 1120 3876 prope
1195 3806 1413 3870 decem,
1449 3805 1680 3860 Barbari
1771 3821 1879 3863 non
1913 3807 2010 3863 de-

425 3902 678 3959 sinebant
713 3916 904 3960 rursus
933 3900 1094 3958 solita
1134 3898 1238 3956 sibi
1263 3901 1463 3964 facere,
1489 3899 1583 3954 sed
1607 3898 2012 3968 populabantur

426 3997 628 4054 insulas
649 4006 812 4067 atque
831 3994 1397 4067 mittere-recusabant
1417 3992 1683 4062 promissa
1709 3994 2011 4062 imperato-

427 4092 582 4146 ribus
611 4090 834 4145 tributa.
901 4089 970 4144 At
1005 4086 1163 4140 atutis
1185 4093 1306 4154 post
1331 4084 1671 4154 septuaginta
1717 4085 2014 4154 imperator

426 4187 700 4240 Romanus
716 4198 868 4253 puer,
898 4180 1082 4236 Basilii
1108 4179 1420 4234 Macedonis
1447 4194 1751 4248 pronepos,
1780 4179 2010 4234 classem

427 4291 536 4329 non
573 4272 1022 4330 contemnendam
1051 4279 1238 4326 contra
1265 4267 1568 4324 Saracenos
1595 4266 1887 4327 Cretenses
1905 4265 2012 4321 mi-

427 4370 522 4430 sit,
563 4367 754 4420 harum
786 4365 1066 4433 cepiarum
1100 4359 1580 4416 tumterrestrium
1605 4366 1716 4411 tum
1739 4356 2012 4410 navalium

429 4464 568 4516 duce
595 4458 899 4514 constituto
934 4454 1250 4524 Nicephoro
1272 4452 1452 4507 Phoca
1490 4451 1777 4519 magistro,
1805 4463 1894 4512 eo,
1919 4447 2012 4516 qui

428 4562 618 4624 postea
663 4548 974 4623 imperavit.
999 4546 1052 4603 is
1071 4545 1124 4602 in
1153 4544 1371 4603 Cretam
1402 4540 1618 4598 delatus
1653 4550 1706 4595 ct
1750 4538 2012 4608 frequen-

2109 678 2168 730 Ὀ
2200 678 2258 733 δέ
2279 679 2474 741 Φωκᾶς
2496 676 2838 748 στρατηγοὺς
2861 676 2956 730 καὶ
2978 662 3320 746 κυϐερνήτας
3349 675 3408 728 ἐν
3425 678 3488 747 τῇ
3514 678 3656 747 νήσῳ

2097 767 2420 824 καταλιπὼν
2468 767 2767 838 προστάξει
2817 765 3076 838 βασιλικῇ
3133 750 3286 836 ἐν’τῇ
3329 768 3656 821 κωνσταντι-

2097 860 2352 918 νουπόλει
2400 859 2947 931 ἐπανέστρεψε,.καὶ
2993 861 3120 923 τοὺς
3172 859 3474 929 θριάμδους
3518 860 3657 930 αὖτῷ

2099 955 2364 1026 ἐποίησαν
2401 953 2502 1024 τῆς
2532 953 2720 1023 νίκης.
2766 951 3004 1024 Ἐστάθη
3033 952 3093 1007 δέ
3138 954 3172 1022 ἡ
3203 952 3364 1023 νῆσος
3395 953 3530 1024 αὐτὴ
3563 953 3659 1028 ὑπὸ

2098 1047 2196 1118 τὴν
2242 1045 2492 1113 ἐξουσίαν
2524 1045 2636 1102 τῶν
2700 1046 2997 1116 Ῥωμαίων
3036 1045 3201 1117 μέχρι
3249 1046 3350 1116 τῆς
3393 1044 3661 1115 βασιλείας

2112 1137 2356 1206 Ἀλεξίου
2385 1138 2480 1193 τοῦ
2521 1136 2786 1206 Ἀγγὲλου
2822 1135 2919 1191 τοῦ
2945 1135 3338 1206 τυφλώσαντος
3385 1135 3478 1188 τὸν
3515 1135 3660 1188 ἀδελ-

2100 1231 2202 1300 :pr
2231 1231 2326 1286 καὶ
2363 1231 2466 1300 τὴν
2497 1229 2784 1302 βασιλείαν
2811 1229 3096 1295 λαϐόντος,
3126 1229 3204 1293 ὡς
3230 1231 3288 1282 ὲν
3316 1232 3380 1300 τῇ
3403 1231 3541 1298 ἀρχῇ
3573 1228 3664 1296 τῆς

2099 1325 2380 1394 ἡμετέρας
2405 1324 2647 1396 ἱστορίας
2673 1322 2900 1396 ἐρῤἐθη.
2927 1324 3164 1377 Ἔπειτα
3184 1321 3282 1393 μὲν
3311 1321 3420 1376 τῶν
3457 1321 3665 1374 Ἰταλῶν

2097 1417 2180 1477 είς
2227 1415 2572 1486 πολυμερίαν
2623 1413 2723 1485 τὴν
2765 1413 3075 1483 μοναρχίαν
3134 1411 3429 1482 Ῥωμαίων
3459 1411 3665 1484 κληρω-

2102 1505 2378 1576 σαμένων,
2416 1508 2514 1562 καὶ
2545 1506 2638 1562 τοῦ
2672 1506 2774 1576 μὲν
2813 1505 3056 1575 κόμητος
3096 1504 3400 1574 Φλανδρίας
3428 1504 3668 1557 Ballioni-

2099 1615 2191 1654 νου
2221 1597 2494 1666 βασιλέως
2525 1595 2990 1668 ἀναγορευθέντος
3023 1596 3664 1660 Κωνσταντινουπόλεως,

2099 1689 2194 1743 τοῦ
2227 1690 2286 1743 δέ
2327 1689 2576 1759 Ἐνρίκου
2605 1688 2912 1743 Δαντούλου
2943 1688 3139 1752 δουκδς
3185 1689 3466 1754 Βενετίας,
3499 1687 3554 1746 ὃς
3581 1689 3668 1744 καὶ

2101 1784 2269 1847 αὐτὸς
2309 1782 2668 1854 αὕτοτρόπως
2719 1783 2926 1853 παρῆν,
2959 1781 3158 1852 μερίδα
3204 1782 3265 1834 οὐ
3303 1783 3505 1851 μικρὰν
3537 1781 3668 1852 ἔχειν

2101 1875 2164 1942 ἐξ
2187 1875 2312 1928 ὅλου
2347 1875 2489 1945 πρὸς
2517 1871 2577 1927 τὸ
2607 1874 2752 1933 ὅλον,
2799 1873 2934 1935 ὅσας
2964 1872 3150 1943 χώρας
3179 1890 3237 1925 τε
3274 1873 3368 1927 καὶ
3397 1873 3592 1934 τόπους
3615 1872 3670 1924 τὸ

2099 1963 2207 2017 τῶν
2242 1963 2464 2017 Ἰταλῶν
2484 1964 2752 2034 ἐκτήσατο
2779 1963 2962 2032 γένος,
2993 1955 3202 2017 τοῦτων
3225 1964 3373 2033 ἔχειν
3403 1964 3460 2018 τὸ
3491 1965 3672 2032 τέταρ-

2097 2071 2191 2110 τον
2225 2055 2321 2108 καὶ
2355 2053 2452 2108 τοῦ
2501 2054 2770 2126 τετάρτου
2804 2055 3000 2126 ἥμισυ,
3053 2055 3150 2112 καὶ
3178 2056 3472 2126 ἐδεσπότης
3526 2055 3669 2124 10⁵1

2100 2151 2253 2217 παρὰ
2283 2145 2378 2200 τοῦ
2421 2145 2688 2217 βασιλέως
2727 2149 3054 2218 τετίμηταιο
3092 2149 3122 2201 ὁ
3151 2148 3210 2204 δέ
3238 2149 3481 2212 Δάϐαλος
3513 2149 3670 2216 πρίτ-

2100 2238 2200 2308 κιψ
2278 2239 2692 2309 Πελοποννήσου
2724 2239 2964 2306 ἐγένετο,
3005 2243 3033 2294 6
3071 2239 3130 2298 δὲ
3173 2240 3462 2312 Ῥωμανὸς
3490 2242 3675 2295 Asia:-

2101 2333 2310 2402 ζιόλης,
2344 2334 2373 2386 6
2413 2334 2478 2386 ἐκ
2509 2333 2857 2403 Φλωρεντίας
2902 2333 3254 2403 ὁρμώμενος.
3301 2335 3558 2405 χρήματα
3586 2333 3675 2388 61-

2101 2426 2290 2486 νείσας
2323 2425 2402 2496 τῷ
2448 2425 2741 2495 συνδέσμῳ
2792 2426 2972 2481 πολλὰ
3006 2427 3100 2481 καὶ
3120 2427 3409 2490 ἀναλώσας
3458 2429 3552 2480 καὶ
3585 2427 3674 2481 αὑ-

2101 2518 2386 2588 τοτρόπως
2441 2517 2636 2586 παρὼν
2679 2513 2768 2589 ἦν,
2799 2518 2901 2588 τὴν
2943 2519 3042 2588 τῆς
3080 2519 3320 2588 Ἀθήνας
3377 2519 3471 2574 καὶ
3502 2519 3674 2586 Θήϐας

2106 2609 2300 2679 μερίδα
2347 2607 2616 2678 ἐπέτυχεν
2667 2610 2948 2678 ἐνέχυρον.
2983 2610 3094 2662 Καὶ
3143 2609 3194 2664 οἱ
3244 2611 3532 2680 Λιγούριοι
3564 2609 3676 2678 ἦτοι

2102 2700 2422 2755 Γενουϐἰται
2445 2698 2650 2770 ὁμοίως
2679 2699 2778 2770 τὴν
2823 2700 2922 2769 τῆς
2959 2700 3202 2772 Εὐρίπου
3235 2700 3408 2769 νῆσον
3450 2702 3544 2753 καὶ
3572 2699 3678 2751 ἐτέ-

2105 2811 2216 2864 ρων
2259 2794 2444 2847 τόπων
2477 2794 2676 2864 μοῖραν
2709 2791 2989 2862 ἐνέτυχονο
3012 2792 3258 2864 ,ὕστερον
3304 2793 3361 2848 δέ
3408 2793 3503 2846 καὶ
3535 2791 3675 2846 αὐτοὶ

2103 2887 2216 2948 τοῖς
2283 2885 2525 2948 Ἐνετοῖς
2550 2884 2652 2954 τὴν
2697 2883 2934 2939 Εὔϐοιαν
2974 2882 3204 2940 ἐδωσαν.
3277 2885 3496 2955 Ἐπειδὴ
3543 2883 3676 2938 καὶὸ

2104 2977 2429 3044 Βονιφάτιος
2484 2975 2737 3048 μαρκίων
2771 2976 2865 3030 τοῦ
2901 2976 3370 3048 Μοντεφεῤῥάτου
3421 2975 3672 3042 ἀξιολόγῳ

2107 3071 2272 3141 μοίρᾳ⁵
2303 3071 2404 3139 τὴν
2437 3072 2762 3142 συμμαχίαν
2789 3065 2858 3141 ἦν
2884 3070 3254 3140 ἐνεγκάμενος
3287 3072 3382 3126 καὶ
3415 3069 3672 3140 κυϐερνή-

2102 3184 2203 3237 της
2235 3167 2442 3230 παντὸς
2471 3166 2566 3221 τοῦ
2609 3168 2871 3238 χερσαίου
2922 3166 3160 3237 στρατοῦ
3191 3168 3542 3239 ἐγνωρίζετο.
3584 3163 3674 3236 ρὴξ

2105 3258 2514 3329 Θεσσαλονίκης
2545 3261 2697 3328 παρὰ
2726 3259 2822 3324 τοῦ
2870 3258 3137 3325 βασιλέως
3190 3259 3519 3314 Βαλδουῖνου
3547 3256 3676 3310 τετί-

2111 3367 2305 3420 μηται,
2347 3350 2507 3420 καλή
2554 3350 2720 3419 νῆσος
2775 3349 2915 3418 αὕτη
2971 3349 3074 3418 τῆς
3124 3349 3358 3419 Κρήτης
3411 3348 3547 3420 μετὰ
3575 3345 3674 3398 τῶν

2106 3442 2282 3497 ἄλλων
2312 3441 2371 3495 ἐν
2395 3445 2460 3512 τῇ
2496 3440 2603 3512 ἰδίᾳ
2645 3440 2814 3513 μοίρᾳ¹
2861 3441 3099 3510 ἐνέτυχε.
3140 3440 3303 3496 Μετὰ
3329 3441 3386 3495 δέ
3421 3457 3539 3496 τινα
3569 3455 3678 3496 και⁹

2107 3627 2209 3682 bus
2235 3635 2288 3680 et
2327 3625 2789 3696 gubernatoribus
2842 3624 3059 3678 navium
3099 3622 3152 3676 iu
3209 3620 3395 3678 insula
3461 3618 3674 3685 relictis,

2104 3719 2259 3788 jussu
2294 3717 2638 3786 imperatoris
2671 3714 2882 3784 Cpnlim
2921 3714 3161 3772 rediitac
3189 3713 3540 3770 victoriarum
3567 3725 3678 3766 sua-

2112 3826 2232 3867 rum
2263 3810 2376 3878 egit
2425 3809 2760 3878 triumphos.
2799 3806 3001 3864 Mansit
3052 3806 3232 3862 insula
3286 3808 3340 3866 in
3419 3810 3676 3878 potestate

2110 3901 2481 3957 Romanorum
2552 3914 2725 3969 usque
2784 3901 2850 3953 ad
2892 3898 3182 3967 imperium
3233 3897 3416 3953 Alexii
3476 3895 3672 3963 Angeli.

2110 3997 2540 4068 qun-exerceam
2616 3993 2806 4056 fratre,
2835 3991 3315 4060 reguum‘iuvasit,
3355 4001 3412 4046 ut
3453 3992 3503 4044 in
3537 3989 3674 4057 prin.

2113 4090 2257 4157 cipio
2282 4087 2528 4142 historia
2580 4095 2781 4140 nostra;
2813 4084 3119 4140 docuimus.
3158 4083 3390 4149 Deinde,
3413 4099 3534 4139 cum
3566 4077 3672 4135 itali

2115 4182 2402 4250 imperium
2425 4178 2734 4235 Romanum
2772 4177 2826 4232 in
2858 4176 3040 4246 plures
3071 4185 3256 4246 partes
3281 4177 3604 4234 dividerent,
3626 4178 3676 4224 et

2115 4275 2430 4340 Balduinus,
2459 4286 2645 4330 comes
2670 4270 2964 4335 Flandrise,
3013 4270 3318 4340 imperator
3373 4268 3676 4339 Cpolitauus

2115 4367 2384 4426 Salutatus
2410 4376 2518 4430 est,
2560 4365 2798 4421 ﬂenrico
2843 4364 3114 4425 Dandulo,
3156 4362 3486 4418 Venetorum
3544 4356 3673 4418 duci.

2117 4459 2207 4529 qui
2242 4469 2296 4514 et
2329 4461 2446 4528 ipse
2472 4474 2569 4514 sua
2624 4467 2821 4526 sponte
2851 4456 3059 4516 aderat.
3091 4470 3217 4524 pars
3254 4469 3362 4510 non
3401 4449 3674 4508 mediocris

2119 4553 2185 4610 de
2207 4559 2318 4607 toto
2350 4565 2519 4618 regno
2552 4549 2821 4605 destinata
2863 4558 2948 4604 est
2977 4565 2991 4600 :
3027 4545 3265 4601 obtinuit
3321 4545 3464 4599 enim
3513 4551 3673 4596 terras

433 4621 578 4699 tibus
625 4621 828 4712 praaltis
880 4655 1000 4695 cum
1033 4635 1302 4705 Agarenis
1359 4631 1725 4697 conﬂictatus,
1791 4642 2005 4695 semper

2121 4647 2237 4700 rum
2269 4643 2620 4714 locorumque
2648 4642 2916 4706 omnium,
2949 4655 3072 4709 quas
3127 4635 3670 4706 ltalioccupavera-it,

429 4738 688 4807 superior
719 4733 1022 4798 discessit;
1058 4740 1220 4798 atque
1246 4727 1538 4786 Cretenses
1579 4739 1702 4777 cum
1730 4720 1807 4774 illi
1870 4721 2012 4775 resi-

431 4841 575 4884 stere
608 4843 710 4880 non
736 4833 985 4896 possent,
1011 4823 1207 4877 timore
1239 4818 1498 4890 perculsi,
1534 4816 1587 4868 in
1640 4812 1866 4869 castella
1891 4827 2012 4867 sese

431 4922 782 4977 abdiderunt.
805 4918 1018 4974 Phocas
1040 4929 1229 4971 omnes
1249 4910 1534 4969 machinas
1558 4899 1784 4962 urbibus
1805 4921 2011 4975 expug-

432 5015 629 5072 ttandis
653 5022 808 5084 aptas
835 5011 1111 5069 mcenibus
1138 5005 1402 5071 admovit,
1438 5012 1492 5058 et
1515 5003 1735 5058 incusso
1766 5001 2014 5058 hostibus

431 5120 658 5171 terrore,
688 5105 877 5160 insulae
904 5103 1126 5159 castella
1169 5100 1356 5154 omnia
1383 5099 1436 5151 in
1467 5105 1793 5164 potestatem
1855 5106 2010 5149 suam

432 5199 924 5270 redegit,adeoque
949 5196 1126 5265 ipsum
1151 5193 1273 5262 ejus
1297 5201 1482 5259 caput,
1502 5188 1878 5255 Chandacem,
1911 5202 2010 5241 ex-

434 5295 692 5364 pugnavit
729 5309 743 5345 :
778 5307 901 5346 cum
939 5304 1043 5356 qua
1070 5285 1203 5341 urbe
1234 5285 1340 5338 alia
1365 5285 1613 5349 quadam
1639 5281 1896 5350 oppidula
1940 5279 2011 5333 il-

433 5387 539 5441 lius
571 5401 630 5441 se
653 5385 1022 5454 permiserunt
1051 5379 1302 5433 arbitrio.
1339 5376 1483 5431 Idem
1513 5376 1660 5445 cepit
1703 5373 2008 5444 principem

431 5480 628 5538 Cretae,
658 5473 928 5540 Curupem
963 5471 1280 5536 nomine,et
1307 5469 1573 5539 dignitate
1606 5467 1681 5521 illi
1712 5467 2010 5521 secundum

435 5574 794 5627 Anemanem.
827 5566 1078 5622 Confecit
1129 5565 1343 5622 Phocas
1411 5567 1524 5621 hatc
1588 5563 1771 5620 omnia
1799 5571 2011 5632 septem

439 5663 710 5724 mensium
745 5661 943 5729 spatio,
983 5676 1048 5714 ac
1073 5668 1182 5715 tota
1219 5660 1393 5716 insula
1451 5658 1735 5720 Romanis.
1782 5665 1843 5710 ut
1887 5669 2014 5713 ante

438 5755 639 5822 fuerat,
676 5755 926 5810 restituta
955 5763 1061 5817 est,
1111 5754 1176 5809 ab
1201 5753 1470 5824 Agarcuis
1519 5766 1692 5806 annos
1724 5749 1829 5805 120
1887 5764 2012 5818 pos-

435 5862 609 5903 sessa.
646 5847 916 5903 “evocata
951 5855 1037 5901 est
1077 5845 1274 5903 virtute
1303 5845 1504 5900 Phocae
1554 5843 1658 5898 sub
1715 5842 2005 5912 imperium

437 5940 742 6005 ilomanum
773 5955 914 5997 anno
945 5939 1108 6006 6568,
1154 5940 1451 5998 indictione
1477 5938 1529 5994 8.
1566 5935 1799 6002 Phocas,
1855 5935 2006 5993 duci-

2113 4736 2471 4806 quadrantem
2504 4751 2668 4791 unum
2696 4743 2752 4790 et
2790 4734 3076 4789 dimidium
3130 4739 3295 4800 atque
3319 4731 3388 4788 ab
3449 4732 3671 4797 impera—

2117 4843 2234 4886 tore
2270 4832 2487 4900 insuper
2512 4830 2778 4902 dignitate
2813 4829 3054 4896 despotte
3091 4839 3320 4882 ornatus
3352 4835 3458 4880 est.
3516 4822 3673 4875 Daba—

2116 4927 2197 4980 Ius
2221 4923 2576 4994 Peloponnesi
2606 4925 2858 4993 princeps
2888 4921 3203 4974 declaratus
3261 4929 3366 4982 est,
3416 4917 3675 4970 Romanus

2119 5017 2468 5080 Delatzioles,
2500 5015 2777 5070 Florentia
2805 5013 3095 5076 oriundus,
3123 5009 3214 5080 qui
3239 5010 3496 5079 grandem
3533 5013 3676 5070 pmi-

2117 5112 2263 5164 uiam
2289 5109 2569 5165 lmderatis
2602 5107 2937 5177 principibus
2971 5103 3282 5158 crediderat
3304 5098 3667 5168 impenderat-

2115 5219 2240 5272 que,
2267 5211 2319 5256 et
2347 5203 2484 5256 ultro
2502 5216 2742 5270 pmsens
2768 5203 2980 5262 aderat,
3012 5197 3352 5258 Athenarum
3397 5203 3450 5245 et
3473 5186 3671 5244 Thebae

2120 5310 2236 5348 rum
2275 5302 2485 5348 tractus
2523 5289 2737 5360 pignori
2761 5291 2990 5357 accepit.
3031 5286 3260 5352 Ligures
3285 5283 3399 5338 sive
3433 5278 3674 5334 Genuenv

2116 5402 2203 5439 ses
2237 5383 2421 5453 Euripi
2455 5383 2686 5436 insulam
2718 5381 3064 5448 aliarumque
3081 5378 3361 5446 regionum
3393 5365 3674 5441 particulas

2115 5477 2314 5541 sortiti,
2349 5485 2532 5546 postea
2571 5473 2791 5529 Venetis
2828 5473 3092 5530 Eubtnam
3134 5471 3418 5526 dederunt.
3471 5455 3672 5518 Bonifa-

2117 5569 2254 5631 cius,
2298 5565 2539 5619 marchio
2572 5562 2985 5629 Moutisferrati,
3015 5577 3140 5617 cum
3193 5572 3356 5614 manu
3428 5566 3528 5606 non
3568 5561 3671 5602 me-
3757 5541 3767 5550 ’

2116 5659 2285 5713 diucri
2351 5657 2649 5726 adiuvisset
2671 5656 2852 5711 socios
2885 5653 3164 5722 totiusque
3206 5645 3484 5706 terrestris
3530 5651 3672 5694 exer-

2115 5754 2258 5805 citus
2295 5764 2540 5803 summus
2575 5749 2682 5803 dux
2712 5754 2874 5811 esset,
2919 5761 3010 5801 rex
3059 5739 3460 5800 Thessalonica:
3497 5735 3560 5788 ab
3588 5734 3670 5784 im-

2118 5853 2372 5910 peratore
2406 5843 2667 5895 Baltlnitto
2693 5848 2912 5894 creatus
2965 5848 3048 5893 cst
3093 5848 3149 5892 et
3189 5837 3406 5893 Cretam
3456 5825 3669 5883 insulam

2118 5950 2252 6013 cum
2281 5935 2403 5990 aliis
2437 5934 2571 5991 locis
2604 5934 2878 6004 propriam
2905 5927 3137 5999 accepit,
3157 5929 3250 5986 sed
3275 5939 3396 5982 mox
3423 5937 3534 5977 eam
3565 5911 3655 5966 Ve-
