4000 6438
393 433 500 498 725
538 446 543 451 '

1446 431 1911 495 CHBONICON
1942 433 2318 509 MAIUS._—
2350 435 2496 500 LIB.
2543 437 2594 497 ῐ.

3553 432 3659 498 7'26

392 555 486 626 ρὺν
515 549 868 622 ἒπεπωλήκει
922 548 1096 621 αὐτὴν
1143 550 1209 619 τῇ
1248 548 1359 603 τῶν
1398 548 1633 604 Ἐνετῶν
1685 551 1971 624 γερουσίᾳ,
2005 557 2049 614 Α
2078 551 2171 605 τοῦ
2203 548 2335 608 οὖσα
2366 555 2519 608 πᾶσα
2564 556 2596 626 ἡ
2653 548 2979 623 σύγκλητος,
3018 553 3076 607 ὲν
3121 546 3166 620 ᾧ
3207 550 3339 623 μηνὶ
3384 549 3525 622 μετᾶ
3560 549 3660 621 τὴν

390 646 489 700 καὶ
511 643 688 710 οῦτως
714 644 844 716 ἄχρι
872 642 975 715 τῆς
1004 644 1242 715 σήμερον
1277 641 1393 697 duo
1442 641 1540 707 τὰς
1570 646 1762 714 χεῖρας
1794 643 1976 699 αὐτῶν

391 739 530 793 ἐστί.
1325 755 1330 759 ”

464 826 578 884 Καὶ
606 828 814 899 ταύτην
837 828 940 900 τὴν
989 828 1235 900 ἱστορίαν
1281 826 1363 900 τῷ
1394 828 1541 898 λόγῳ
1569 825 1862 897 ἡνὼσαμεν
1898 829 1973 897 τῷ

393 921 653 992 ἡμετέρῳ
672 920 863 992 βιϐλίῳ
884 920 1241 994 εὑρίσκεσθαι
1259 935 1273 949 ’
1295 920 1389 975 καὶ
1405 919 1500 973 ἐπὶ
1518 920 1618 991 τὴν
1635 919 1727 974 τοῦ
1758 919 1976 992 ’ἰσθμοῦ

396 1014 690 1086 οἰκοδομὴν
711 1014 1127 1086 ἐπανέλθωμεν.

462 1105 561 1161 λε’.
591 1106 683 1176 Τῷ
714 1109 877 1176 ςέιγ¹
913 1104 1049 1175 ἔτει,
1079 1105 1332 1177 Μαρτίου
1366 1102 1458 1176 ιγ’.
1486 1106 1515 1160 δ
1545 1106 1799 1176 βασιλεὺς
1839 1105 1978 1161 ἀπέ-

399 1215 573 1253 σωσεν
616 1199 676 1251 ὲν
700 1197 779 1268 τῷ
806 1197 993 1268 λιμένι
1021 1197 1132 1252 τῶν
1176 1197 1474 1269 Κεγχρεῶν
1510 1195 1976 1268 δνομαζομένωνο

398 1293 494 1347 καὶ
523 1295 587 1362 τῇ
615 1291 779 1365 ὀγδόῃ
822 1289 1142 1360 ’Δπριλλίου
1196 1290 1406 1361 ἤρξατο
1456 1289 1852 1362 ἀνακαθαίρειν
1886 1289 1982 1343 καὶ

396 1386 776 1455 ἀνοικοδομεῖν
822 1383 988 1439 αὐτὸν
1032 1382 1097 1453 δὴ
1171 1382 1336 1453 los
1386 1383 1482 1438 τὸν
1532 1381 1768 1451 Ἰσθμὸν,
1809 1382 1981 1451 οὗπέρ

397 1481 511 1531 ἐστι
539 1478 599 1531 τὸ
627 1478 802 1547 μῆκος
829 1476 864 1548 ἢ
907 1475 1115 1546 μᾶλλον
1146 1476 1327 1529 εἰπεῖν
1353 1475 1414 1529 τὸ
1443 1469 1606 1544 εὖρος
1637 1474 1702 1527 ὲκ
1726 1476 1856 1544 μιᾶς
1881 1473 1982 1528 θα-

398 1568 598 1640 λάττης
625 1569 703 1633 είς
732 1569 831 1639 τὴν
866 1568 1060 1637 ἑτέραν
1083 1567 1332 1638 ὀργυιαϊς
1353 1566 1679 1636 τρισχιλίοις
1706 1568 1800 1621 καὶ
1822 1566 1984 1619 ὀκτα-

400 1654 633 1725 κῶίαις
663 1662 726 1716 τὸ
776 1662 835 1716 δὲ
866 1661 1080 1731 μακρος
1116 1662 1181 1713 ὲκ
1229 1658 1332 1729 τῆς
1364 1660 1566 1730 χέρσου
1598 1660 1696 1729 τῆς
1733 1658 1983 1721 Ἑλλάδος

380 1757 520 1826 Ἶιτοι
551 1755 656 1820 τῆς
691 1756 951 1825 ’Δττικῆς
981 1756 1084 1824 γῆς
1119 1756 1259 1824 μετὰ
1294 1755 1356 1809 τὸ
1380 1753 1692 1824 καταϐῆναι
1725 1753 1825 1819 τὴν
1849 1768 1985 1822 τρα-

402 1853 553 1921 χεῖαν
590 1850 709 1904 ὁδὸν
739 1849 841 1921 τὴν
871 1849 1182 1920 λεγομένην
1226 1848 1468 1917 Πλάγιον
1508 1845 1718 1911 Κακδν,
1752 1844 1857 1908 ἕως
1884 1846 1986 1914 τῆς

2077 642 2267 713 ἄφιξιν
2298 644 2469 698 αὐτοῦ
2504 644 2567 715 δὴ
2608 644 2703 698 τοῦ
2746 644 3011 715 βασιλέως
3044 643 3290 696 ἀπέθανε
3334 642 3430 697 καὶ
3481 645 3510 696 ὁ
3555 659 3660 694 παν

2077 736 2350 807 τριάρχης
2382 737 2486 809 κίιρ
2518 737 2819 808 Εὖθύμιος·
2854 738 2950 792 καὶ
2984 740 3050 809 τῇ
3085 738 3169 791 κα⁹
3203 741 3297 791 τοῦ
3351 737 3532 791 Μαΐου
3560 754 3661 806 μη-

2077 826 2168 890 νδς
2194 827 2291 880 τοῦ
2323 828 2490 882 αὐτοῦ
2517 830 2672 895 ἔτους
2699 830 2950 900 ἐγεγόνει
2977 831 3330 902 πατριάρχης
3364 828 3525 905 109
3555 829 3661 905 κὺρ

2089 918 2289 989 Ἰωσὴφ
2343 922 2372 973 ὁ
2433 921 2664 987 Ἐφέσου
2729 899 3337 993 μηίτροπολίτης.’κοιλ⁵
3392 899 3661 991 τῷιςῖῂιέ

2078 1002 2193 1062 ἔτει
2222 1009 2471 1079 ἀπῆλθεν
2499 1013 2581 1076 είς
2607 1013 2706 1084 τὴν
2744 1014 3159 1085 Πελοπόννησον
3194 1016 3222 1069 ὁ
3267 1012 3523 1084 βασιλεὺς
3556 1012 3662 1084 κῦρ

2093 1098 2354 1170 Ἰωάννης
2381 1101 2441 1153 ἑν
2478 1106 2659 1174 καιρῷ
2689 1103 3065 1175 φθινοπώρου,
3107 1106 3166 1156 ὲν
3195 1097 3242 1173 ᾧ
3266 1104 3330 1174 δὴ
3362 1102 3541 1174 καιρῷ
3563 1103 3662 1173 τὴν

2080 1190 2501 1266 Θεσσαλονίκην
2541 1197 2894 1269 διερχόμενος
2948 1196 3044 1251 τὸν
3115 1197 3351 1251 πλαστὸν
3400 1197 3517 1250 υίδν
3568 1193 3664 1251 τοῦ

2081 1286 2489 1358 Μπαγιαζήτου
2544 1290 2754 1344 ἐκείνου
2801 1291 2896 1344 τὸν
2930 1292 3286 1359 Μουσταφᾶν,
3327 1290 3665 1357 διωκόμενον

2082 1377 2214 1449 ὄντα
2244 1378 2397 1449 παΡά
2430 1379 2526 1433 τθῦ
2578 1382 2774 1452 ἀμηρᾶ
2816 1382 3159 1452 Ἀμουράτου
3195 1381 3291 1435 τοῦ
3335 1381 3476 1450 τάχα
3504 1378 3665 1433 ἀδελ-

2085 1469 2189 1537 φοῦ
2217 1470 2406 1536 αὑτοῦ,
2442 1471 2642 1543 ἐπῇρε,
2681 1474 2775 1530 καὶ
2805 1474 3137 1538 ἀποστείλας
3156 1475 3239 1538 είς
3266 1474 3508 1544 Λῆμνον,
3542 1467 3664 1531 εἶτα

2084 1561 2168 1625 είς
2202 1562 2498 1631 Μιζιορᾶν.

2169 1652 2259 1704 Ἐν
2290 1653 2348 1707 δὲ
2378 1653 2455 1730 τις)
2484 1654 2714 1725 χειμῶνι
2748 1656 2843 1709 τοῦ
2892 1657 3059 1711 αὑτοῦ
3090 1656 3248 1720 ἔτους
3279 1657 3539 1726 λοιμικῆς
3569 1658 3668 1711 ’νό-

2087 1760 2183 1797 σου
2212 1746 2513 1815 γενομένης
2571 1748 2630 1801 ἐν
2683 1746 2761 1816 τῷ
2812 1747 3055 1819 Εὐξείνῳ
3086 1748 3268 1819 πόντῳ
3319 1749 3442 1820 ἢτοι
3485 1751 3544 1803 ὲν
3597 1750 3664 1820 τῇ

2084 1838 2287 1908 Μαύρῃ
2334 1838 2603 1911 θαλάσσῃ,
2657 1841 2755 1894 καὶ
2790 1842 3017 1895 πανοικὶ
3069 1842 3221 1905 ὄντες
3266 1840 3326 1894 ἓν
3352 1856 3458 1895 τινι
3505 1843 3666 1897 ἄστει

404 1942 654 2006 πεδιάδος
678 1941 925 1996 κάτωθεν
959 1940 1192 2010 φθάσαι,
1221 1941 1280 1993 ἐν
1307 1935 1352 2009 ᾧ
1380 1940 1533 2010 τόπῳ
1580 1933 1649 2009 ἦν
1684 1936 1976 1992 κτισθέντα
2007 1938 2050 1994 Β
2083 1927 2192 1981 τῶν
2219 1929 2395 1982 ἐκεῖσε
2419 1931 2890 2000 κεφαλατεύοντες
2910 1933 2939 1987 ὅ
2960 1931 3213 2004 γαμϐρός
3243 1948 3347 2004 μου
3366 1931 3665 2005 ι’ρηγὸριος

402 2033 475 2087 τὰ
530 2032 685 2103 τείχη
732 2031 906 2086 ταῦτα
954 2029 1054 2085 τοῦ
1112 2029 1369 2100 Ἰσθμοῦ,
1424 2027 1620 2082 στάδια
1660 2026 1976 2097 τριάκοντα.

334 2170 341 2177 .
416 2123 549 2177 ’Δπδ
578 2123 635 2176 δὲ
664 2122 774 2177 τῶν
805 2121 1005 2193 τειχῶν
1035 2121 1132 2175 τοῦ
1178 2119 1401 2191 Ἰσθμοῦ
1429 2118 1536 2181 ἕως
1568 2118 1673 2187 τῆς
1714 2115 1981 2187 Κορίνθου

403 2216 497 2270 τοῦ
529 2216 670 2286 ὑπὲρ
699 2215 929 2284 νεφέλας
962 2215 1232 2285 φρουρίου
1260 2212 1469 2284 βουνῶν
1502 2211 1599 2265 καὶ
1627 2209 1723 2263 τοῦ
1764 2206 1982 2279 Ἰσθμοῦ

402 2311 557 2373 τέλος
597 2309 789 2364 στάδια
838 2309 1148 2378 ὑπάρχουσι
1195 2305 1395 2360 πολλά.
1441 2305 1632 2358 Ἔοικε
1663 2301 1985 2372 aeq-11510.

405 2404 672 2473 πόννησος
703 2400 978 2455 πλατάνου
1015 2399 1203 2470 φύλλῳ
1236 2399 1321 2463 είς
1346 2397 1545 2460 πάντα,
1568 2395 1664 2451 τοῦ
1689 2395 1746 2448 δὲ
1779 2394 1980 2464 φύλλου

402 2496 464 2549 τὸ
490 2494 691 2557 καῦλος
724 2496 752 2548 ὁ
785 2492 1002 2563 Ἰσθμός
1031 2494 1202 2545 ἐστιν.
1243 2489 1540 2559 ’Δνέστησε
1573 2489 1630 2541 δὲ
1655 2487 1903 2555 πύργους
1925 2488 1985 2541 ὲν

406 2589 558 2658 αὐτῷ
609 2587 807 2641 ἑκατὸν
850 2585 1202 2653 πεντήκοντα
1248 2582 1346 2637 καὶ¹
1391 2581 1564 2651 τρεῖς.
1614 2580 1726 2633 Καὶ
1777 2577 1835 2630 ἓν
1875 2595 1984 2631 τινι

410 2681 693 2752 μαρμάρῳ
754 2671 912 2749 εὖρον
967 2677 1272 2747 γράμματα
1332 2672 1703 2744 γεγραμμένα
1754 2669 1985 2737 λέγοντα

406 2772 603 2837 οὕτως·
636 2789 654 2822 ι
681 2771 797 2832 Φῶς
826 2771 889 2823 ἐκ
915 2769 1114 2837 φωτὸς,
1141 2765 1275 2829 Θεδς
1303 2763 1557 2835 ἀληθινὸς
1589 2764 1653 2817 ὲκ
1683 2760 1820 2815 Θεοῦ
1850 2761 1986 2829 ἀληο

410 2865 582 2928 θινοῦ,
640 2842 853 2932 φυλάξῃ
904 2860 997 2914 τδν
1032 2858 1418 2928 αὐτοκράτορα
1477 2855 1857 2910 Ἰόυστινιανδν
1890 2854 1986 2908 καὶ

410 2957 503 3010 τὸν
531 2956 728 3009 πιστὸν
776 2954 964 3008 δοῦλον
1013 2950 1181 3008 αὐτοῦ
1230 2952 1567 3023 Βικτωρῐνον
1623 2952 1721 3005 καὶ
1774 2948 1986 3011 πάντας

2084 2023 2447 2093 Παλαιολόγος
2475 2026 2785 2094 Μαμωνᾶς,
2817 2027 2958 2097 ἀνὴρ
2990 2026 3238 2097 ἀριστος,
3277 2026 3393 2090 υἱδς
3424 2027 3522 2082 τοῦ
3572 2044 3670 2097 με-

2081 2114 2250 2183 γάλου
2301 2115 2494 2180 δουκὺς
2524 2118 2783 2187 May.de
2824 2116 2920 2171 τοῦ
2977 2116 3331 2190 κυριεύοντός
3383 2135 3516 2172 ποτε
3564 2119 3668 2187 τῆς

2080 2206 2477 2278 Μονεμὸασίας
2503 2209 2601 2263 καὶ
2630 2209 2740 2263 τῶν
2768 2211 2898 2278 περὶ
2944 2210 3143 2281 αὐτὴν,
3179 2210 3277 2265 καὶ
3314 2211 3413 2265 σὺν
3450 2211 3603 2281 αὐτῷ
3632 2211 3668 2280 ἠ

2081 2300 2284 2369 ἀδελφή
2315 2319 2417 2370 μου
2451 2303 2483 2372 ή
2514 2303 2657 2374 γυνη
2687 2303 2841 2375 αὐτῷ
2873 2301 3032 2358 οὖσαο
3062 2305 3158 2359 καὶ
3200 2305 3261 2358 ἓν
3303 2305 3519 2359 παιδίον
3563 2306 3666 2358 αὐ-

2081 2391 2191 2444 τῶν
2241 2392 2401 2461 θῆλυ,
2431 2393 2461 2447 δ
2512 2391 2684 2465 εῖχεν,
2733 2394 2996 2461 ἀπέθανε,
3042 2395 3137 2450 καὶ
3191 2394 3332 2465 μετά
3361 2394 3461 2460 τάς
3520 2393 3667 2451 ἑπτὰ

2087 2482 2299 2554 ἡμέρας
2331 2485 2431 2555 τῆς
2462 2483 2633 2555 θανῆς
2676 2486 2772 2539 τοῦ
2819 2486 3041 2541 παιδίου
3076 2486 3355 2542 ἀπιθανεν
3398 2489 3426 2541 ὁ
3456 2486 3662 2556 πατὴρ,
3744 2509 3754 2520 ν

2082 2576 2178 2630 καὶ
2210 2576 2375 2630 πάλιν
2410 2577 2548 2647 μετά
2580 2578 2724 2632 ὲπτά
2753 2579 2975 2651 ἡμέρας
3007 2579 3110 2647 τῆς
3160 2578 3356 2634 τούτου
3403 2577 3664 2646 τελευτῆς

2083 2667 2404 2736 ἐτελεύτησε
2433 2669 2529 2725 καὶ
2555 2671 2589 2740 ἠ
2625 2671 2833 2743 μήτηρ,
2873 2672 2953 2727 ἐτι
2977 2671 3036 2726 δὲ
3073 2673 3168 2725 καὶ
3199 2671 3259 2740 ἓξ
3296 2671 3407 2726 τῶν
3439 2671 3666 2741 ὑποχει-

2086 2759 2219 2831 ρίων
2245 2760 2425 2814 αὐτῶν
2475 2761 2690 2833 ἀνδρῶν
2738 2779 2800 2816 τε
2849 2765 2948 2817 καὶ
2994 2763 3300 2833 γυναικῶνο
3337 2764 3433 2817 καὶ
3481 2761 3576 2817 δύο
3609 2761 3670 2827 ἐξ

2086 2851 2269 2906 αὐτῶν
2345 2854 2501 2923 μόνοι
2565 2856 3088 2928 ἑναπελείφθησαν,
3139 2857 3237 2911 καί
3288 2855 3536 2919 ἐλθόντες
3588 2858 3670 2919 εἰς

2086 2948 2670 3004 Κωνσταντινούπολιν
2704 2948 2862 3006 εἷπον
2905 2952 2964 3005 ὲν
2995 2953 3097 3022 μιᾷ
3151 2952 3305 3021 φωνῇ
3351 2949 3526 3005 ταῦτα
3557 2951 3671 3014 τοὶς

411 3050 542 3113 τοὺς
576 3049 637 3104 ἐν
664 3050 731 3120 τῇ
773 3047 989 3102 Ἐλλάδι
1034 3041 1511 3112 οίκοῦντας,·τοί›ς
1565 3042 1632 3096 ὲκ
1676 3039 1812 3095 Θεοῦ
1846 3039 1991 3107 ζῶν-
2083 3037 2291 3103 ἀθλίοις
2320 3058 2423 3111 μου
2457 3042 2680 3111 γονεῦσι
2705 3059 2720 3075 '
2772 3046 2873 3100 καὶ
2911 3044 2977 3098 ἐκ
3002 3045 3101 3115 τῆς
3130 3044 3400 3115 τοσαύτης
3434 3044 3670 3113 θλίψεως

318 3150 337 3166 '
410 3158 534 3206 τας.
570 3160 591 3194 ι

480 3234 572 3305 Τῷ
603 3234 661 3288 δὲ
686 3231 857 3308 ,ςῇιῧ
883 3231 1017 3299 ἔτει,
1052 3231 1186 3303 μηνὶ
1207 3227 1456 3302 Μαρτίῳ,
1482 3224 1888 3298 ὲπανέστρεψεν
1904 3224 1985 3288 είς

407 3330 509 3401 τήν
540 3327 1124 3384 Κωνσταντινούπολιν
1151 3319 1471 3399 όᾟασιλεὺς
1516 3325 1611 3379 καὶ
1634 3324 1675 3395 ἡ
1706 3326 1825 3394 μετ’
1878 3320 1985 3376 αύ-

407 3525 660 3570 netorum
702 3513 918 3570 senatui
954 3511 1220 3578 vendidit,
1252 3510 1307 3566 in
1336 3523 1570 3580 quorum
1601 3506 1876 3578 hodieque
1900 3507 1982 3563 dio

407 3607 554 3661 tione
583 3615 686 3661 est.

478 3695 631 3763 Hanc
662 3696 829 3765 igitur
856 3694 1226 3750 narrationem
1252 3694 1395 3749 libro
1428 3693 1555 3750 huic
1615 3700 1807 3748 nostro
1843 3689 1985 3745 inte-

407 3788 642 3845 xcndam
669 3788 982 3856 putavimus
1017 3804 1033 3854 ;
1064 3798 1410 3844 revertamur
1466 3801 1612 3842 nunc
1638 3785 1708 3841 ad
1737 3796 1982 3839 commuo

411 3883 678 3937 nitionem
710 3881 923 3936 Isthmi.

478 3977 570 4033 35.
603 3977 759 4029 Auno
781 3974 942 4039 69l3,
966 3974 1056 4030 die
1105 3972 1284 4028 Martii
1313 3973 1403 4038 13,
1450 3971 1746 4042 imperator
1777 3970 1986 4025 incolu-

415 4069 519 4124 mis
550 4070 602 4122 in
625 4075 840 4137 portum
869 4064 1274 4121 Cenchrearnm
1310 4064 1561 4133 pervenit
1582 4062 1686 4118 et8
1715 4063 1801 4116 die
1826 4061 1990 4129 Apri-

412 4161 481 4215 lis
523 4173 827 4228 expurgare
855 4167 912 4212 et
944 4158 1249 4212 instaurare
1275 4155 1536 4212 Isthmum
1570 4154 1746 4225 ipsum
1793 4152 1984 4223 coepit,

412 4253 567 4323 cuius
604 4251 899 4322 longitudo,
953 4251 1088 4315 sive,
1144 4258 1204 4302 ut
1244 4249 1442 4304 melius
1494 4247 1696 4311 dicam,
1755 4247 1987 4301 latitudo

411 4346 480 4401 ab
514 4359 619 4398 uno
651 4342 788 4397 mari
824 4341 889 4397 ad
913 4341 1157 4400 alterum
1204 4340 1424 4413 orgyias
1454 4349 1537 4395 ter
1561 4339 1705 4394 mille
1731 4348 1782 4394 et
1807 4339 1987 4392 octin-

415 4446 601 4504 gentas
626 4441 793 4502 patet,
834 4432 1119 4502 longitudo
1177 4448 1205 4487 a
1251 4443 1395 4487 terra
1449 4431 1635 4486 Graeca
1665 4429 1751 4484 vel
1784 4429 1986 4496 Attica,

415 4535 698 4596 postquam
738 4525 1081 4581 descenderis
1106 4526 1190 4578 via
1217 4539 1435 4593 aspera,
1465 4537 1585 4594 quae
1619 4521 1854 4589 Πλάγιον
1877 4520 1990 4576 Κα-

2086 3133 2182 3187 καὶ
2214 3134 2658 3206 ἀπαραμυθήτου
2686 3136 2865 3207 λύπης
2894 3138 2952 3191 ὲν
2983 3137 3246 3210 ἀσθενείᾳ
3279 3137 3543 3198 πεσόντες
3574 3135 3671 3189 καὶ

2091 3225 2280 3296 σχεδὸν
2315 3229 2396 3291 είς
2435 3226 2683 3282 κίνδυνον
2740 3227 2977 3284 θανάτου
3036 3229 3196 3299 ιιο
3252 3220 3440 3299 ἦλθον.
3467 3228 3546 3281 Δι’
3603 3229 3670 3297 ἢν
3710 3238 3713 3241 ·

2090 3317 2269 3372 αἰτίαν
2302 3317 2404 3372 οὐκ
2452 3313 2618 3390 ἦλθεν
2649 3320 2678 3374 ὁ
2739 3321 3010 3392 γεννήσας
3064 3336 3154 3390 με,
3214 3317 3373 3390 κάγὼ
3429 3320 3507 3381 είς
3568 3315 3670 3389 τὴν

2091 3503 2327 3560 excessit
2377 3518 2407 3559 e
2453 3503 2593 3557 vivis
2650 3505 2972 3577 Enthymins
3032 3509 3369 3581 patriarcha,
3429 3493 3699 3578 incujns’

2094 3598 2270 3653 locum
2303 3599 2393 3655 die
2427 3598 2548 3653 Maii
2580 3599 2643 3653 αι
2674 3601 2924 3669 eiusdem
2950 3603 3082 3658 anni
3103 3613 3425 3674 surrogatus
3457 3615 3539 3660 est
3579 3601 3685 3667 «Ιοτν

2091 3693 2316 3761 sephus,
2369 3693 2707 3761 metropolita
2742 3692 2957 3761 Ephesi.
2984 3695 3142 3751 Anno
3167 3695 3333 3764 69l5,
3379 3682 3672 3755 autumnae

2093 3781 2130 3836 li
2165 3790 2502 3852 tempestate,
2537 3783 2831 3852 imperator
2883 3782 3145 3851 Joannes,
3170 3803 3295 3843 cum
3329 3788 3385 3844 in
3401 3786 3672 3858 Pelopem

2093 3889 2282 3929 neeum
2315 3875 2688 3943 proﬁciscens,
2715 3877 2979 3932 transiret
3006 3877 3481 3946 Thessalonicam,
3559 3878 3673 3933 Mu-

2093 3969 2368 4038 stapham,
2394 3967 2925 4039 spuriumBajazetis
2963 3970 3154 4039 lilium,
3184 3986 3346 4043 quem
3379 3973 3671 4028 Amnrates

2094 4074 2334 4128 ameras,
2370 4061 2538 4115 frater
2577 4062 2719 4131 ejus,
2748 4065 3207 4133 persequebatur,
3264 4068 3475 4137 recepit
3506 4075 3563 4122 et
3612 4067 3669 4124 in

2097 4149 2359 4206 Lemnum
2394 4151 2626 4223 indeque
2645 4150 2949 4208 Mizitbram
2970 4155 3137 4213 misit.
3598 4226 3603 4229 _

2169 4244 2273 4300 Per
2307 4244 2544 4301 hiemem
2583 4246 2831 4318 ejusdem
2858 4249 2988 4304 anni
3024 4252 3092 4306 ad
3133 4249 3366 4306 Pontum
3398 4250 3670 4306 Euxinum

2095 4339 2209 4393 sive
2236 4337 2385 4394 Mare
2405 4338 2629 4411 Nigrum
2661 4341 2918 4397 steviente
2942 4330 3272 4413 pestilentia,
3315 4360 3436 4400 cum
3462 4345 3513 4398 in
3539 4347 3677 4402 urbe

2096 4432 2332 4502 quadam
2366 4431 2482 4500 ejus
2521 4434 2758 4504 regionis
2792 4450 2915 4488 cum
2956 4446 3065 4490 tota
3097 4435 3304 4491 familia
3341 4448 3487 4494 esset
3517 4453 3673 4494 eam-

2097 4538 2205 4594 que
2234 4534 2449 4594 regeret
2474 4524 2650 4583 allinis
2682 4541 2837 4583 meus
2867 4526 3165 4596 Gregorius
3194 4529 3535 4600 Palaologus
3561 4530 3676 4591 Μει-

416 4618 507 4671 κόν
538 4617 931 4682 (Ιίοἰιιιι,ιιοιιοσ
975 4616 1027 4669 in
1070 4615 1353 4684 planitiem
1398 4614 1607 4680 venias,
1638 4614 1826 4684 quoin
1872 4613 1991 4669 loco
2023 4638 2068 4694 υ
2101 4629 2314 4682 monas,
2342 4614 2484 4672 ﬁlius
2517 4618 2698 4683 magni
2750 4618 2906 4673 ducis
2951 4617 3237 4683 ﬂamonze,
3271 4619 3412 4689 ejus,
3444 4620 3537 4693 qui
3569 4621 3675 4674 ali-

416 4711 554 4764 mnri
586 4710 659 4764 illi
684 4710 944 4763 exstructi
1000 4718 1178 4774 erant,
1217 4709 1394 4764 stadia
1449 4709 1674 4778 triginta
1712 4722 1782 4774 ;a
1816 4707 1991 4761 muris

415 4801 610 4855 deinde
645 4815 817 4869 usque
850 4803 917 4854 ad
967 4799 1217 4854 Corinthi
1274 4799 1444 4854 colles
1489 4813 1782 4866 arcemque
1827 4813 1991 4866 supra

414 4895 583 4947 nubes
600 4894 928 4948 eminentem
960 4900 1015 4946 et
1048 4893 1206 4947 linem
1231 4891 1418 4947 Isthmi
1448 4893 1621 4947 stadia
1640 4892 1804 4948 multa
1837 4905 1987 4946 sunt.

415 4986 816 5054 Peloponnesus
847 4984 974 5040 l'olio
1005 4985 1207 5053 platani
1229 4984 1507 5039 simillima
1538 4993 1647 5049 est,
1674 4984 1990 5054 cujuscau-

415 5080 520 5132 lem
542 5076 781 5132 Isthmus
805 5075 991 5131 refert.
1032 5075 1088 5130 In
1116 5077 1479 5137 eoexstruxit
1535 5077 1839 5145 imperator,
1883 5088 1994 5131 tur.

417 5186 504 5224 res
525 5180 739 5225 centum
776 5169 1172 5240 quinquaginta
1224 5177 1354 5225 tres.
1396 5168 1730 5225 Invenerunt
1784 5178 1896 5224 tum
1937 5171 1988 5224 in

418 5276 687 5315 marmore
714 5263 812 5316 has
863 5262 1075 5317 litteras
1126 5262 1469 5332 insculptas:
1509 5282 1528 5315 ι
1561 5261 1767 5316 Lumen
1805 5277 1871 5318 ex
1908 5264 1990 5317 ln-

418 5353 582 5413 mine,
636 5350 778 5406 Deus
821 5368 979 5407 verus
1004 5368 1069 5409 ex
1111 5353 1229 5409 Deo
1261 5368 1393 5409 vero
1445 5354 1720 5409 custodiat
1753 5355 1989 5426 impera-

343 5499 347 5503 _
417 5453 585 5496 terem
629 5442 1002 5499 Justiuiannm
1032 5446 1317 5501 etlidelem
1346 5445 1466 5515 ejus
1518 5445 1827 5501 ministrum
1865 5446 1990 5501 Vic-

417 5536 647 5589 torinum
690 5547 743 5590 et
770 5551 958 5591 omnes
983 5535 1209 5593 Graecia:
1248 5538 1456 5595 incolas
1511 5538 1603 5608 qui
1649 5540 1816 5595 vitam
1855 5554 1986 5596 con-

416 5625 651 5681 formant
678 5630 743 5679 ad
769 5629 1098 5684 voluntatem
1135 5629 1252 5684 Dei.
1294 5648 1313 5682 ι

485 5717 643 5774 Auno
668 5718 833 5780 69M,
864 5736 1053 5775 mense
1090 5722 1608 5794 Martio,imperator
1636 5732 1711 5790 et,
1746 5726 1838 5794 qui
1867 5740 1989 5781 eum

417 5810 704 5865 comitatus
727 5822 869 5879 erat,
906 5829 1197 5884 procerum
1230 5819 1369 5872 Ordo
1409 5816 1730 5881 universus,
1770 5819 1985 5888 Cpolim

418 5901 695 5958 redierunt
732 5921 745 5958 :
780 5921 887 5975 quo
910 5908 1097 5963 eodem
1130 5924 1335 5974 mense,
1364 5918 1485 5980 post
1505 5909 1651 5974 illius
1669 5911 1988 5982 adventum,

2095 4711 2312 4779 quando
2342 4709 2768 4765 Monembasiam
2796 4724 2918 4765 eum
2965 4710 3213 4766 liiiitimis
3241 4712 3459 4780 oppidis
3501 4714 3678 4766 admi-

2096 4801 2389 4868 nistrabat,
2415 4811 2472 4858 et
2493 4804 2632 4872 apud
2665 4816 2789 4858 eunt
2812 4794 3139 4859 essetsoror
3164 4819 3306 4868 mea,
3338 4804 3463 4874 ejus
3511 4820 3709 4871 uxor,-

2096 4908 2284 4950 eorum
2330 4894 2462 4961 lilia,
2514 4909 2681 4964 quam
2729 4895 2946 4949 unicam
2994 4896 3199 4965 prolem
3243 4896 3541 4961 habebant,
3578 4913 3675 4951 cx-

2095 4991 2296 5041 stincta
2325 4994 2431 5048 est,
2459 4996 2513 5042 et
2538 4996 2660 5056 post
2686 4986 2866 5043 ﬁliolae
2899 4997 3126 5042 mortem
3156 4988 3247 5043 die
3272 4990 3506 5057 septimo
3537 4989 3677 5044 obiit

2095 5086 2269 5145 pater,
2288 5092 2614 5147 rursumque
2637 5088 2757 5148 post
2777 5079 2999 5134 totidem
3021 5080 3137 5136 dies
3153 5066 3318 5135 etiam
3340 5089 3515 5135 mater
3531 5097 3677 5134 mor-

2095 5183 2184 5222 tuzt
2210 5179 2312 5232 est,
2348 5178 2402 5224 et
2433 5177 2694 5239 praeterea
2715 5183 2809 5224 sex
2840 5170 3123 5226 domestici
3146 5172 3432 5241 utriusque
3467 5188 3665 5230 sexus.

2098 5261 2316 5316 duobus
2372 5270 2584 5317 tantum
2616 5263 2845 5331 relictis,
2875 5264 2964 5334 qui
2999 5264 3211 5335 Cpolim
3261 5264 3512 5335 profecti,
3562 5283 3672 5319 uno

2098 5369 2193 5411 ore
2231 5354 2455 5411 miseris
2485 5336 2811 5426 parentibus
2835 5357 2969 5412 meis
3004 5359 3164 5412 istum
3195 5360 3447 5414 nuntium
3478 5359 3676 5414 attule-

2095 5455 2244 5503 runt.
2281 5445 2348 5500 Hi
2391 5462 2457 5502 ex
2499 5449 2874 5520 magnitudine
2904 5451 3238 5507 calamitatis
3269 5462 3323 5506 et
3349 5452 3539 5506 dolore
3586 5469 3675 5505 θο-

2098 5539 2211 5594 latii
2239 5539 2545 5608 impatienti
2579 5542 2630 5594 iu
2662 5542 2911 5596 morbum
2946 5544 3081 5597 adeo
3112 5558 3217 5598 non
3257 5543 3429 5598 levem
3464 5544 3671 5596 incide-

2097 5640 2248 5697 runt,
2283 5638 2340 5684 ut
2376 5631 2428 5684 in
2462 5632 2762 5699 periculum
2788 5634 2913 5688 vitae
2941 5615 3211 5690 venirent.
3242 5634 3357 5700 Qua
3388 5635 3455 5688 de
3483 5649 3675 5699 causa,

2097 5739 2220 5778 eum
2245 5736 2413 5793 vpater
2445 5741 2597 5780 meus
2632 5734 2779 5781 esset
2806 5730 3158 5796 prtepeditus,
3189 5742 3288 5796 ego
3314 5742 3437 5780 cum
3463 5726 3672 5782 Thotna

2062 5818 2065 5823 ’
2099 5819 2345 5889 principe
2373 5819 2426 5873 in
2452 5817 2890 5886 PcIOponnesnm
2913 5821 3212 5889 profectus,
3239 5819 3385 5875 illius
3411 5819 3675 5890 iungebat

2099 5911 2278 5970 cilicio
2327 5913 2380 5968 in
2424 5913 2732 5972 uenatione
2783 5923 2833 5968 ct
2871 5912 3147 5980 cubiculo,
3207 5912 3670 5984 quemadmodum
