4000 6448
421 405 530 470 ’ῑὲθ

995 465 1026 493 ,
1488 416 1941 480 CHRONICON
1978 418 2252 481 MAJUS.
2280 446 2348 457 --
2378 421 2529 487 LIB.
2565 425 2614 484 Ῐ.
2689 478 2696 486 .

3573 425 3703 491 733'

423 537 544 585 σας,
571 523 598 574 6
623 519 680 575 δὲ
713 519 971 591 βασιλεὺς
1003 523 1095 578 καὶ
1126 524 1173 579 oi
1199 524 1306 580 υἱοὶ
1328 527 1493 582 αὑτοῦ
1522 528 1671 582 ἔνεον
1701 530 1813 584 τῶν
1845 529 2000 600 τριή-
2032 532 2077 592 Α
2107 531 2265 586 ἔλαϐε
2301 533 2453 605 παρά
2483 533 2593 587 τῶν
2625 533 3146 606 συμϐουλευσάντων
3194 533 3357 590 αὐτόν
3413 549 3547 589 ποτε
3602 534 3688 589 ῐνσ

424 628 566 682 ρεων
601 613 790 684 ἤσθιον
822 616 916 669 καὶ
962 616 1168 683 ἐπινον,
1211 620 1305 672 καὶ
1336 620 1648 682 ἀποστολὰς
1691 623 1996 691 τροφίμους

419 698 500 767 εἷς
531 705 667 775 πρὸς
689 706 782 759 τὸν
815 705 1005 776 ἕτερον
1036 708 1387 764 ἀπέστελλον.
1422 708 1560 780 Περὶ
1584 708 1679 762 οὖν
1707 710 1797 763 τὸν
1828 711 1997 764 ἐσπεσ

421 798 567 868 ρινὺν
599 800 628 851 6
679 800 901 867 ἀμηρᾶς
949 799 1188 866 ἔφιππος
1237 801 1449 870 ἀπῆλθε
1496 804 1589 856 καὶ
1635 802 1686 855 oi
1717 802 1818 856 σὺν
1846 803 1998 869 αὐτῷ

334 896 349 907 ’
418 891 507 945 διὰ
538 891 638 961 τῆς
684 890 804 945 ὁδοῦ
835 893 933 964 τῆς
970 893 1100 962 περὶ
1130 893 1226 964 τὴν
1277 896 1654 964 Νικομήδειαν
1696 896 1996 968 φερούσης,

418 985 448 1038 6
470 984 528 1036 δέ
553 983 812 1053 βασιλεὺς
838 985 934 1038 καὶ
954 987 1002 1038 οἱ
1041 984 1144 1038 uiol
1178 985 1345 1039 αὑτοῦ
1374 987 1620 1057 ἀπῆλθον
1647 987 1855 1043 οἴκαδε.

488 1079 589 1148 λη’.
618 1078 707 1148 Τῷ
729 1078 784 1132 δὲ
811 1078 934 1148 ἔαρι
963 1076 1057 1132 τοῦ
1107 1078 1275 1132 αὐτοῦ
1311 1078 1464 1143 ἔτους
1521 1079 1939 1151 ἐπαναστρέψας
1969 1081 1999 1135 6

417 1170 634 1240 ἀμηρᾶς
660 1171 740 1233 είς
767 1171 865 1240 τὴν
885 1171 1037 1225 δύσιν
1083 1170 1174 1225 διὰ
1201 1171 1301 1241 τῆς
1350 1171 1473 1226 ὁδοῦ
1517 1173 1616 1238 τῆς
1662 1172 2012 1226 Καλλιουπόο.

417 1261 553 1325 λεως
583 1261 828 1333 ἀπῆλθεν
852 1264 933 1327 είς
976 1264 1075 1332 τὴν
1116 1263 1590 1336 Ἀνδριανούπολιν
1622 1281 1638 1299 ·
1679 1267 1707 1317 6
1740 1265 1797 1317 δὲ
1843 1264 2000 1333 βασι-

417 1353 539 1417 λεὺς
580 1354 879 1431 ἑτοιμάσας
903 1355 993 1408 τὸν
1017 1355 1315 1428 Λεοντάριν
1342 1357 1655 1428 Δημήτριον
1682 1356 1818 1428 πρὸς
1855 1357 2000 1410 ἐκεῖ·

417 1461 506 1496 νον
531 1444 874 1511 ἀπέστειλεν,
900 1445 990 1499 ἵνα
1017 1446 1147 1518 περὶ
1172 1446 1285 1502 τῶν
1308 1447 1815 1517 προμελετωμένων
1853 1448 2000 1518 μάθῃ

419 1537 511 1590 καὶ
541 1536 695 1607 αύτῷ
720 1536 1064 1609 προμηνύσῃ,
1098 1538 1158 1592 ὃν
1200 1539 1293 1594 xal
1328 1539 1519 1612 ἐλέγξῃ
1563 1540 1721 1610 113
1755 1539 2018 1610 περὶτῆς

419 1629 586 1698 καλῆς
617 1630 837 1701 ἀγάπης
863 1630 957 1684 καὶ
983 1630 1151 1702 τιμῆς
1190 1631 1259 1703 ἢν
1286 1632 1422 1701 πρὸς
1449 1634 1657 1687 ἐκεῖνον
1686 1630 2002 1698 ἐπεδείξατο

417 1720 663 1791 καὶπερὶ
698 1720 792 1774 τοῦ
814 1723 1136 1794 περάματος
1170 1725 1266 1777 καὶ
1293 1723 1384 1779 διὰ
1414 1724 1511 1778 τοῦ
1536 1725 1781 1779 τοιούτου
1830 1723 2002 1794 πρέσ-

2101 623 2273 696 πιάσῃ
2292 624 2483 677 αὐτόν’
2512 625 2798 692 εὑρίσκετο
2825 624 2884 679 δὲ
2907 627 3029 681 τότε
3058 628 3088 681 6
3121 626 3374 697 βασιλεὺς
3411 626 3479 681 δι’
3499 626 3683 680 αἰτίαν

2098 714 2289 783 λοιμοῦ
2317 715 2374 767 ἐν
2396 718 2461 788 τῇ
2502 719 2639 788 μονῇ
2675 718 2771 785 τῆς
2827 717 3215 789 Περιδλέπτου.
3272 716 3448 780 Μόλις
3487 714 3584 772 οὖν
3623 717 3675 771 δι

2100 807 2268 878 ἂλης
2312 808 2431 862 ὀδοῦ
2490 809 2592 879 τῆς
2643 808 2780 880 πρὸς
2802 810 2901 879 τὴν
2954 811 3323 882 Μεσημϐρίαν
3368 808 3685 878 ἀπαγούσης

2102 897 2237 951 ποτὲ
2265 897 2500 952 ἔστειλεν
2527 903 2555 953 ὁ
2601 900 2897 971 Δεοντᾶρις
2928 901 3159 972 δρομέα,
3189 905 3284 955 καὶ
3337 901 3549 955 ἐκεῖθεν
3601 901 3689 956 διὰ

2103 988 2380 1057 Θαλάσσης
2407 989 2576 1043 ἐλθὼν
2598 991 2891 1062 ἐκομίσατο
2924 991 3144 1061 γραφὴν
3170 990 3301 1061 περὶ
3328 990 3422 1044 τοῦ
3455 990 3687 1045 Θανάτου

2110 1079 2272 1152 114
2303 1081 2396 1134 τοῦ
2435 1082 2625 1154 ἀμηρᾶ
2650 1098 2664 1115 ⁸
2693 1081 2786 1136 καὶ
2809 1083 3024 1151 ἐγένετο
3053 1083 3108 1136 ἐν
3152 1082 3338 1153 ἐκείνῃ
3375 1083 3440 1152 τῇ
3503 1080 3685 1152 ἡμέρᾳ

2099 1172 2159 1224 τό
2204 1188 2217 1202 ·
2247 1191 2266 1224 ι
2316 1173 2597 1245 Ἐσπέρας
2631 1173 3031 1244 αύλισθήσεται
3062 1172 3363 1242 κλαυθμὸς,
3402 1173 3499 1227 καὶ
3527 1173 3608 1236 είς
3627 1172 3688 1226 τὸ

2101 1262 2247 1336 πρωῒ
2272 1265 2616 1333 ἀγαλλίασις.
2656 1284 2676 1318 ι
2710 1267 2820 1321 Kal
2861 1267 2969 1321 ἰδοὺ
2999 1265 3199 1323 ἔπεσον
3230 1267 3310 1330 είς
3338 1264 3531 1334 ἑτέραν
3560 1266 3686 1335 βου-

2098 1355 2198 1425 λὴν
2235 1359 2329 1413 καὶ
2366 1357 2616 1428 μελέτην,
2656 1358 2882 1429 πότερον
2910 1359 3053 1430 ἔχειν
3082 1357 3223 1430 μετά
3269 1357 3369 1412 τοῦ
3434 1356 3553 1411 υίοῦ
3584 1356 3686 1413 at’i-

2100 1447 2196 1502 τοῦ
2242 1448 2580 1519 ’Δμουράτου
2610 1450 2834 1522 ἀγάπην
2860 1450 2954 1504 καὶ
3000 1430 3474 1521 παραχωρήσωσιν
3529 1444 3673 1502 εἶναι

2101 1539 2262 1593 αὐτὸν
2288 1539 2577 1608 αὐθέντην,
2605 1540 2683 1604 ὡς
2720 1543 2815 1595 καὶ
2843 1541 2913 1595 τά
2955 1543 3309 1613 δρκωμοτικά
3365 1540 3531 1595 αὐτοῦ
3579 1540 3686 1594 διε-

2100 1634 2399 1704 λάμϐανον,
2427 1635 2460 1706 ἢ
2488 1636 2577 1690 ἵνα
2599 1636 2810 1706 φέρωσι
2842 1636 2934 1691 τδν
2962 1637 3298 1705 Μουσταφᾶιν
3323 1636 3429 1689 ἀπὸ
3458 1635 3561 1707 τὴν
3585 1637 3687 1691 Μι-

2104 1727 2297 1798 ζιθρᾶν
2327 1729 2424 1783 xal
2465 1730 2885 1801 καταστήσωσιν
2931 1728 3095 1782 αὐτὸν
3148 1728 3413 1798 αὐθέντην
3459 1728 3539 1791 είς
3590 1725 3690 1796 τὴν

417 1812 564 1877 ὄνος,
597 1815 692 1867 καὶ
718 1815 1010 1885 πρόσωπον
1041 1815 1184 1886 λέγω
1212 1819 1308 1873 καὶ
1343 1819 1410 1873 τὰ
1431 1818 1579 1889 δῶρα
1607 1817 1646 1872 θ.
1670 1814 1999 1887 προσεκόμι-
2026 1885 2066 1890 _
2103 1819 2276 1883 δύσιν,
2300 1819 2399 1873 καὶ
2421 1821 2452 1873 ὁ
2511 1820 2854 1890 ’Δμουράτης
2890 1819 3072 1873 ἔσεται
3099 1819 3159 1874 ἐν
3187 1820 3254 1889 τῇ
3299 1818 3456 1888 Ἀσίᾳ
3492 1818 3689 1872 αὐθέν-

417 1921 509 1958 σεν
564 1904 732 1976 αὐτῷ.
801 1908 951 1962 Ἰδὼν
1003 1885 1164 1962 αύτδν
1207 1912 1236 1962 6
1289 1885 1520 1982 dqudg'
1538 1909 1678 1980 μετά
1705 1885 1873 1978 τιμῆς
1905 1905 2000 1959 καὶ
2026 1885 2077 1946 Β
2103 1928 2222 1982 της,
2251 1910 2345 1964 τοῦ
2373 1910 2472 1981 μὲν
2498 1885 2763 1979 βασιλέως
2786 1885 2878 1965 καὶ
2912 1912 3118 1982 πατρὸς
3179 1885 3254 1964 τδ*
3303 1885 3520 1979 πρῶτον
3566 1909 3691 1981 βου-

416 1989 635 2062 ἀγάπης
673 1992 873 2065 πολλῆς
908 1993 1122 2061 ἐδέξατο
1149 1994 1238 2048 τὸν
1268 1996 1529 2049 τοιοῦτον.
1576 1997 1684 2049 Kal
1707 1997 1859 2059 τέλος
1917 1988 1994 2047 εἱ-

416 2100 516 2137 πεν
548 2083 695 2155 αὑτῷ
722 2085 751 2138 6
777 2084 995 2157 ἀμηρᾶς
1024 2088 1107 2140 ὅτι
1135 2087 1374 2140 ἀσθενῶν
1402 2083 1514 2157 εἶχε
1563 2088 1714 2151 τινὰς
1755 2089 1992 2161 ἠμέρας,

416 2175 509 2230 καὶ
541 2175 762 2246 μετάτδ
791 2177 1215 2247 ὑγισῖναι,αύτδν
1249 2178 1384 2249 ὁμοῦ
1430 2180 1841 2234 συνοιυλίσονταῑ
1899 2184 1995 2237 καὶ

415 2268 884 2341 συνομιλήσουσιν.
926 2271 1161 2334 Ἐκεῖνος
1193 2271 1249 2324 δὲ
1288 2271 1427 2340 μετά
1463 2273 1611 2343 τρεῖς
1659 2271 1871 2344 ἡμέρας
1932 2276 1993 2328 τὸ

412 2363 514 2435 ζῇν
529 2363 885 2435 ἐξεμέτρησε.
920 2364 1029 2417 Kal
1058 2365 1106 2416 οί
1143 2363 1237 2417 τοῦ
1267 2365 1534 2418 παλατίου
1587 2366 1754 2420 αὑτοῦ
1799 2367 1994 2437 βουλη-

414 2454 571 2525 φόροι
622 2456 723 2508 οὐκ
773 2455 1131 2525 ἀπεκάλυψαν
1173 2455 1234 2508 τὸ
1288 2444 1505 2525 συμϐὰν
1547 2457 1625 2525 τῷ
1656 2457 1948 2530 Λεοντάρει
1973 2475 1990 2491 ο

412 2545 527 2599 ἀλλ’
554 2548 610 2599 ὲν
633 2548 701 2616 τῇ
732 2548 905 2616 σκηνῇ
944 2544 1108 2600 αἰτοῦ
1138 2541 1228 2618 ἦν,
1261 2547 1402 2616 τάχα
1456 2547 1749 2616 θαυμάζων
1777 2549 1893 2612 πῶς
1929 2548 1991 2602 ού

416 2638 800 2718 προσεκαλεῖτο
824 2639 987 2693 αὐτὸν
1013 2640 1042 2691 6
1065 2639 1306 2709 ἀμηρᾶς,
1331 2639 1480 2700 ὅπως
1505 2641 1595 2692 καὶ
1624 2639 1721 2702 τὰς
1747 2639 1993 2705 δουλείας

413 2732 584 2787 αὐτοῦ
612 2732 841 2805 ἀκούσῃ.
875 2731 1013 2786 Κατ’
1044 2731 1215 2801 αὐτὴν
1236 2731 1346 2801 γὰρ
1373 2729 1475 2801 τὴν
1503 2729 1655 2801 ὤραν
1680 2732 1868 2785 τούτου
1899 2732 1992 2785 τὸν

413 2825 643 2879 θάνατον
673 2823 857 2894 μαθὼν
883 2824 1113 2887 πολλοὺς
1139 2824 1698 2894 γραμματοκομιστάς
1745 2825 1774 2876 6
1826 2827 1992 2879 Λεον-

414 2917 571 2989 τάρις
610 2916 925 2971 ἀπέστειλεν
949 2918 1086 2986 πρὸς
1119 2915 1211 2968 τὸν
1247 2914 1493 2985 βασιλέα,
1542 2916 1633 2969 καὶ
1663 2915 1765 2969 οὐκ
1804 2916 1992 2985 ἐδυνή-

417 3007 589 3076 θησαν
627 3006 882 3060 ἀπελθεῖν
931 3006 1020 3061 διά
1045 3007 1106 3060 τὺ
1137 3002 1274 3060 εἶναι
1318 3007 1648 3075 κλεισμένας
1682 3006 1780 3070 τὰς
1815 3006 1992 3077 λάθρα

418 3097 684 3167 φερούσας
708 3096 858 3159 ὀδοὺς
886 3098 967 3161 είς
997 3097 1097 3169 τὴν
1146 3097 1323 3152 πόλιν.
1396 3097 1504 3150 Καὶ
1553 3096 1727 3160 οὕτως
1784 3097 1989 3168 ἡμέραι

414 3187 664 3242 πλεῖσται
696 3188 995 3259 παρῆλθον,
1028 3186 1123 3257 ἀφ’
1151 3182 1211 3243 οὗ
1241 3187 1305 3256 δὴ
1332 3188 1392 3240 τὸ
1454 3185 1592 3241 κατὰ
1629 3186 1728 3254 τῆς
1780 3187 1988 3249 πόλεως

414 3245 1123 3350 ἀπεκαλύφθημύστή-ριον,
1151 3279 1245 3332 καὶ
1273 3245 1433 3350 θρους
1455 3277 1628 3348 μέγας
1657 3245 1872 3347 ἐγένετο
1894 3245 1991 3332 zeal
2018 3245 2064 3307 Ο

414 3371 578 3445 βουλὴ
604 3374 697 3426 καὶ
722 3372 1055 3444 μελέτη,καὶ
1086 3373 1316 3438 πολλοὺς
1354 3373 1610 3445 ἐλέγχους
1655 3374 1684 3426 6
1737 3372 1990 3445 βασιλεὺς

412 3550 508 3606 bat
540 3558 748 3622 :atque
777 3552 1010 3608 invicem
1042 3553 1145 3608 sibi
1175 3562 1364 3623 partes
1390 3554 1652 3609 delicatas
1676 3555 1991 3610 mittebant.

413 3643 528 3700 Sub
566 3658 854 3714 vesperam
892 3659 1132 3711 ameras,
1177 3661 1319 3716 equo
1351 3646 1615 3711 insidens,
1650 3655 1704 3699 et
1733 3647 1824 3716 qui
1865 3662 1988 3703 eum

412 3738 836 3804 comitabantur,
863 3737 1238 3794 Nicomediam
1272 3754 1465 3794 versus
1500 3738 1774 3801 abierunt,
1816 3738 1995 3807 impe-

413 3840 566 3889 rator
597 3847 722 3887 cum
761 3831 887 3886 ﬁliis
919 3830 1144 3887 domum
1180 3832 1457 3886 discessit.

482 3926 574 3980 58.
599 3923 742 3980 Vere
772 3925 1017 3994 ejusdem
1048 3924 1176 3979 anni
1202 3936 1483 3979 revertens
1513 3938 1730 3980 ameras
1757 3924 1813 3980 in
1841 3925 1991 3980 occi-

413 4017 654 4083 dentem,
696 4018 784 4073 via
825 4032 947 4089 quae
981 4026 1134 4074 trans
1184 4017 1525 4088 Calliopolim
1577 4017 1752 4082 ducit,
1800 4018 1994 4071 Adria-

414 4117 654 4185 nopolim
685 4117 968 4188 prolectus
1000 4126 1107 4174 est.
1143 4117 1447 4189 imperator
1472 4116 1538 4171 ad
1565 4132 1687 4173 eum
1712 4116 1992 4187 expedivit

417 4210 751 4267 Demetrium
805 4211 1142 4280 Lcontarim,
1198 4222 1281 4278 ut,
1330 4228 1451 4283 qua:
1500 4212 1691 4267 inisset
1738 4212 1991 4277 consilia,

415 4317 774 4376 cognosceret
801 4308 1014 4378 sibique
1053 4308 1418 4372 renuntiaret,
1455 4319 1691 4376 eumque
1714 4307 1779 4361 de
1818 4296 1993 4376 gratia

414 4409 470 4454 et
501 4399 727 4465 honore,
759 4415 881 4471 qua:
919 4401 968 4455 ei
1011 4401 1374 4470 prmstitisset,
1399 4409 1454 4454 et
1482 4389 1550 4454 de
1590 4397 1995 4454 transvectione

417 4503 688 4557 moneret,
714 4485 927 4562 legatus
946 4500 1074 4575 "tum
1101 4507 1346 4564 personae
1375 4492 1660 4564 dignitate,
1693 4501 1803 4543 tum
1832 4490 1996 4544 dono-

2098 2003 2391 2072 λευομένου
2428 2004 2519 2057 καὶ
2551 2003 2824 2071 κρίνοντος
2869 2003 3096 2066 δικαίως
3123 2005 3186 2057 ἐκ
3229 2002 3442 2056 πολλῶν
3497 2001 3690 2056 αίτιῶν

2098 2094 2183 2148 ἵνα
2213 2096 2243 2148 6
2300 2095 2643 2165 ’Λμουράτης
2690 2095 2955 2162 αὐθέντης
3010 2096 3259 2166 γένηται,
3308 2093 3402 2148 τοῦ
3455 2095 3513 2147 δέ
3568 2093 3688 2147 υίοῖ

2093 2188 2258 2242 αὐτοῦ
2289 2188 2382 2242 καὶ
2410 2190 2504 2243 τοῦ
2533 2187 2988 2258 Καντακουζηνοῦ
3037 2189 3353 2260 Δημητρίου
3403 2188 3491 2241 ἵνα
3530 2187 3688 2254 ποιή-

2092 2295 2229 2332 σωσι
2262 2281 2353 2332 τὸν
2380 2281 2739 2350 Μουσταφᾶν,
2760 2279 3012 2348 λέγοντες
3046 2280 3129 2334 ὅτι
3162 2278 3330 2333 έδιδεν
3351 2278 3535 2342 αὐτοῖς
3590 2277 3688 2331 καὶ

2091 2369 2192 2440 τὴν
2227 2370 2650 2426 Καλλιούπολιν.
2682 2372 2854 2435 Μόλις
2885 2370 2942 2425 δέ
2977 2389 3109 2426 ποτε
3137 2373 3301 2425 oiovel
3333 2371 3475 2425 κατὰ
3499 2375 3685 2441 παρα-

2091 2462 2336 2538 χὼρησιν
2367 2465 2396 2517 6
2431 2463 2687 2533 βασιλεὺς
2717 2463 2948 2518 δέδωκεν
2969 2462 3219 2528 ἐξουσίαν
3238 2463 3318 2533 τῷ
3343 2462 3463 2533 ζυίῷ
3518 2462 3685 2517 αὐτοῦ

2091 2554 2265 2623 λέγων
2291 2572 2305 2585 ο
2337 2573 2357 2607 ι
2414 2553 2553 2623 Ἐγὼ
2583 2555 2693 2624 γὰρ
2725 2556 2864 2626 εἰμὶ,
2889 2557 2970 2609 υίέ
2996 2573 3122 2626 μου,
3149 2556 3330 2626 γέρων
3383 2557 3480 2609 καὶ
3524 2554 3687 2609 ἀσθε-

2091 2645 2187 2716 νὴς
2213 2647 2306 2699 καὶ
2331 2647 2499 2713 ἐγγὺς
2527 2646 2619 2700 τοῦ
2647 2646 2878 2701 θανάτου
2903 2662 2919 2681 ο
2967 2646 3066 2717 τὴν
3116 2641 3212 2701 οὖν
3261 2645 3539 2716 βασιλείαν
3581 2648 3682 2699 καὶ

2090 2736 2159 2787 τὰ
2191 2737 2361 2805 αὐτῆς
2386 2735 2593 2789 δέδωκά
2627 2752 2733 2799 σοι,
2757 2735 2852 2789 xal
2903 2733 3109 2805 πρᾶξον
3167 2733 3242 2796 ὡς
3280 2732 3483 2803 βούλει.
3526 2750 3544 2783 ι
3592 2731 3684 2785 Ἐν

2090 2824 2149 2879 δὲ
2177 2825 2255 2896 τῷ
2276 2826 2641 2896 Σεπτεμϐρίῳ
2669 2826 2801 2896 μηνὶ
2823 2825 2918 2879 τοῦ
2946 2821 3133 2897 ,ςῇκν
3161 2823 3314 2886 ἔτους
3349 2822 3486 2894 μετὰ
3513 2821 3681 2875 πλεί-

2093 2933 2236 2972 στων
2272 2918 2546 2988 τριήρεων
2570 2915 2817 2986 ἀπῆλθεν
2848 2917 2928 2980 είς
2955 2915 3056 2986 τὴν
3078 2912 3479 2968 Καλλιούπολιν
3508 2914 3535 2965 ὁ
3580 2911 3679 2982 βα-

2092 3004 2275 3067 σιλεὺς
2301 3005 2407 3074 κὺρ
2449 3004 2702 3089 Ἰωάννης
2733 3005 2884 3083 ἄγων
2915 3003 3014 3058 σὺν
3041 3002 3190 3073 αὐτῷ
3215 3002 3311 3055 καὶ
3335 3001 3428 3069 τδν
3451 2999 3677 3071 ἁμηρᾶν

2091 3098 2435 3169 Μουσταφᾶν
2483 3098 2594 3151 ἀπὸ
2642 3099 2741 3168 τῆς
2778 3097 3225 3166 ’Πελοποννήσου,
3276 3094 3376 3148 καὶ
3412 3093 3681 3162 αὐθέντην

2094 3188 2346 3256 ἐξέϐαλεν
2383 3190 2461 3253 εἰς
2498 3188 2595 3260 τὴν
2621 3188 2799 3244 δύσιν.
2866 3188 3041 3259 Καλή
3080 3184 3477 3249 Καλλιούπολις
3512 3201 3682 3251 προσ-

2094 3280 2355 3350 εκύνησεν
2377 3278 2542 3333 αὐτόν
2573 3296 2590 3311 ν
2626 3278 2724 3333 καὶ
2756 3277 2895 3350 μετά
2925 3295 3077 3341 τινας
3122 3277 3338 3348 ἡμέρας
3382 3277 3680 3347 ζητηθεῖσα

2093 3373 2246 3445 ποιρά
2266 3372 2360 3429 τοῦ
2389 3372 2656 3445 βασιλέως
2688 3372 2830 3443 τάχα
2863 3370 3009 3426 κατά
3033 3369 3131 3435 τάς
3159 3369 3502 3442 ὑποσχέσεις,
3534 3370 3678 3424 ἀπε-

2096 3555 2380 3611 bementer
2429 3554 2800 3625 reprehensus
2850 3563 2937 3609 est
2982 3552 3283 3623 imperator
3329 3549 3402 3605 ab
3451 3548 3521 3605 iis
3581 3549 3687 3618 qnl'
3758 3624 3769 3633 Ι

2094 3662 2336 3702 ameram
2378 3645 2952 3717 comprehendendum
2998 3658 3122 3701 esse
3183 3644 3312 3699 olim
3367 3652 3681 3707 suaserant,

2099 3739 2438 3795 Versabatur
2470 3750 2584 3795 tum
2616 3741 2916 3809 imperator
2946 3739 3121 3809 pestis
3161 3737 3402 3791 vitandae
3428 3749 3590 3790 causa
3623 3734 3676 3788 in

2100 3831 2437 3888 monasterio
2473 3830 2820 3900 Peribleptaa.
2852 3828 2954 3884 Vix
2998 3829 3216 3884 tandem
3248 3827 3353 3882 alia
3400 3828 3513 3892 via,
3548 3841 3672 3896 qum

2099 3922 2483 3978 Mesembriam
2515 3921 2750 3988 ferebat,
2783 3919 3071 3975 Leontaris
3100 3919 3318 3974 mittere
3347 3919 3523 3987 potuit
3549 3933 3682 3972 cur-

2096 4030 2305 4077 sorem,
2338 4016 2432 4085 qui
2486 4014 2616 4069 inde
2659 4028 2756 4084 per
2796 4027 2950 4072 mare
2994 4011 3297 4083 prolectus,
3354 4010 3568 4066 litteras
3614 4011 3683 4064 de

2095 4108 2247 4163 obitu
2288 4121 2488 4161 amem:
2525 4105 2754 4160 attulit:
2807 4114 2975 4175 atque
3020 4102 3441 4173 comprobatum
3485 4110 3571 4157 est
3608 4117 3680 4156 eo

2095 4200 2181 4255 die
2213 4200 2419 4254 dictum
2470 4198 2602 4253 illud
2642 4213 2659 4252 :
2712 4217 2731 4246 ι
2759 4195 2986 4266 Vesperi
3031 4194 3190 4251 ﬁetus
3246 4194 3375 4263 erit,
3420 4202 3476 4249 et
3514 4207 3677 4247 mane

2096 4292 2308 4348 laetitia.
2344 4311 2362 4344 ›
2404 4290 2483 4345 Εη
2518 4303 2724 4358 autem,
2757 4278 2823 4346 ad
2853 4291 3017 4345 aliam
3046 4302 3236 4344 curam
3269 4286 3522 4344 conversi
3552 4294 3685 4342 sunt

2097 4392 2152 4439 et
2200 4382 2690 4447 consultationem,
2723 4389 2905 4436 utrum
2950 4396 3072 4437 cum
3108 4379 3217 4435 ﬁlio
3251 4379 3370 4451 ejus
3417 4379 3682 4434 Amurate

2099 4472 2399 4527 amicitiam
2428 4473 2634 4526 inirent
2659 4484 2899 4542 cumque
2931 4473 3177 4529 sinerent
3200 4456 3504 4542 principem
3533 4484 3676 4532 esse,

415 4600 560 4652 rum,
593 4600 717 4655 quae
766 4562 1009 4650 afferret,
1052 4562 1413 4655 amplitudine
1442 4562 1705 4653 insignis.
1765 4582 1994 4651 Excepit
2031 4601 2074 4656 ι)
2100 4565 2558 4656 ί1¹¹οη¹³ί¹¹¹²⁰ί¹ι¹¹η
2586 4578 2721 4618 ³³⁸³⁸
2749 4562 2870 4634 eius
2891 4564 3185 4656 ειίεεικιξιι
3214 4570 3679 4656 επθῗίξίηθηιεηθη

415 4690 537 4730 eum
562 4676 856 4732 admodum
889 4684 943 4733 et
972 4677 1279 4733 honoriﬁce
1320 4687 1374 4732 et
1404 4677 1581 4731 amice
1613 4689 1849 4741 ameras,
1877 4685 1997 4728 tan-

417 4770 653 4839 demque
689 4768 740 4825 ei
792 4768 960 4837 dixit,
998 4778 1265 4839 :rgrotare
1302 4782 1363 4823 se
1414 4768 1535 4822 dies
1579 4766 1691 4837 jam
1740 4767 1993 4836 aliquot:

418 4871 709 4931 postquam
764 4861 1162 4928 convaluisset,
1220 4875 1527 4916 sermonem
1582 4875 1643 4916 se
1696 4859 1996 4914 collaturus

389 4960 558 5011 'esse.
596 4956 666 5010 At
699 4964 820 5024 post
847 4955 991 5010 diem
1025 4957 1244 5010 tertium
1278 4955 1448 5007 vitam
1492 4953 1690 5023 posuit.
1724 4951 1998 5006 Consilia-

416 5047 482 5102 rii
511 5048 628 5118 ejus
651 5047 899 5117 palatini,
930 5048 1074 5116 quod
1095 5055 1375 5110 evenerat,
1402 5062 1506 5100 non
1533 5042 1795 5116 aperuere
1817 5046 1996 5101 Leon-

421 5140 546 5206 tari,
585 5146 677 5211 qui
711 5142 764 5195 lu
799 5141 1040 5196 tentorio
1067 5156 1167 5196 suo
1198 5138 1452 5210 degebat,
1493 5138 1725 5201 mirans,
1752 5152 1851 5192 cur
1889 5152 1995 5190 non

419 5241 713 5287 vocaretur
744 5232 811 5286 ab
860 5246 1043 5287 amera
1078 5234 1146 5285 ad
1188 5230 1571 5301 explicandum
1623 5231 1672 5283 ei
1710 5227 2000 5298 legationis

419 5326 664 5383 consilia.
686 5328 803 5398 ipsa
823 5335 1006 5380 autem
1035 5324 1189 5391 born,
1231 5338 1337 5391 qua
1365 5339 1487 5378 eum
1515 5323 1699 5376 obisse
1721 5321 1997 5389 cognovit,

422 5421 742 5477 tabellarios
792 5421 1100 5489 complures
1147 5419 1212 5474 ad
1243 5419 1630 5487 imperatorem
1684 5415 1857 5481 misit,
1905 5412 1998 5483 qui

421 5525 628 5580 tamen,
672 5515 933 5585 quoniam
983 5515 1110 5579 viae,
1140 5530 1261 5584 qum
1291 5513 1498 5583 Cpolim
1542 5509 1814 5571 ferebant,
1860 5508 1997 5562 clam

419 5607 700 5678 praeclusa:
725 5617 907 5674 erant,
941 5622 1005 5662 eo
1032 5605 1316 5675 pervenire
1343 5618 1445 5657 non
1473 5608 1783 5673 potuerunt.
1809 5598 2001 5667 itaque

420 5700 578 5754 multi
625 5700 741 5756 dirs
775 5700 1055 5765 elilnxere,
1094 5714 1158 5754 ex
1207 5712 1316 5768 quo
1367 5710 1630 5750 arcanum
1681 5691 2001 5748 invadendae

425 5792 574 5846 urbis
603 5792 896 5846 consilium
925 5793 1121 5862 pniuil,
1147 5789 1519 5857 tuniultusqne
1554 5772 1749 5856 ingens
1775 5793 1999 5838 exortus

421 5892 528 5952 est,
557 5883 841 5953 multaque
874 5883 1192 5940 deliberatio
1223 5890 1276 5939 (τι
1311 5880 1621 5937 sollicitudo
1652 5887 1792 5942 erat,
1822 5883 1874 5931 et
1905 5890 1997 5930 vc-

2103 4659 2471 4726 Mustapbam,
2503 4655 2754 4710 Mizithra
2783 4656 3086 4717 reductum,
3123 4653 3176 4707 in
3209 4652 3494 4709 occidente
3524 4652 3676 4722 prin-

2103 4752 2279 4820 cipem
2312 4749 2736 4813 constituerent,
2791 4746 3085 4800 Amurates
3134 4745 3389 4814 princeps
3429 4754 3570 4798 esset
3622 4743 3676 4795 in

2104 4847 2337 4901 oriente.
2390 4842 2696 4914 Imperator
2745 4846 2924 4911 pater,
2979 4840 3075 4910 qui
3113 4839 3325 4910 primus
3353 4836 3679 4893 sententiam

2103 4938 2264 5004 dixit,
2297 4935 2484 4991 multis
2513 4937 2579 4991 de
2622 4935 2809 4989 causis
2831 4947 3047 5003 aequum
3081 4931 3385 5001 judicabat,
3420 4940 3481 4984 ut
3510 4944 3682 4999 penes

2102 5033 2419 5087 Amuratem
2451 5044 2632 5087 rerum
2668 5040 2879 5083 summa
2901 5033 3068 5090 esset,
3102 5024 3245 5080 ﬁlius
3275 5033 3457 5079 autem
3488 5021 3605 5091 ejus
3625 5032 3680 5076 rt

2106 5123 2418 5179 Demetrius
2468 5122 2907 5182 (iantacuzenus,
2959 5128 3018 5170 ut
3061 5115 3376 5183 Mustapbas
3425 5112 3681 5183 princeps

2107 5218 2282 5281 ﬁeret,
2311 5214 2458 5285 quod
2496 5216 2541 5269 is
2570 5210 2834 5266 Romanis
2863 5210 3100 5265 dedisset
3124 5206 3492 5277 Calliopoiim.
3532 5203 3676 5258 Tan-

2104 5314 2251 5371 dcm,
2277 5309 2407 5363 licet
2430 5320 2595 5378 ξρετε,
2624 5306 2920 5375 imperator
2948 5302 3059 5357 ﬁlio
3081 5301 3300 5373 agendi,
3329 5298 3471 5370 quod
3495 5296 3659 5352 vellet

2104 5412 2433 5475 potestatem
2467 5398 2742 5454 concessit
2770 5397 2855 5451 bis
2882 5396 3067 5450 verbis
3105 5411 3121 5449 :
3157 5411 3175 5445 ι
3206 5392 3311 5448 Fili
3352 5391 3448 5454 mi,
3479 5403 3578 5459 ego
3599 5402 3684 5441 se-

2104 5512 2208 5553 nex
2254 5496 2473 5549 inﬁrma
2501 5492 2814 5548 valetudine
2844 5498 2902 5545 et
2934 5487 3095 5545 morti
3132 5487 3470 5558 propinquus
3500 5493 3620 5534 sum
3653 5493 3670 5534 :

2106 5592 2285 5661 itaque
2341 5588 2436 5643 tibi
2461 5586 2614 5643 trado
2641 5584 2929 5655 imperium
2963 5591 3017 5665 et
3048 5596 3168 5653 quae
3194 5580 3263 5635 ad
3286 5579 3339 5634 id
3366 5574 3632 5646 pertinent

2106 5685 2295 5745 facito,
2357 5681 2505 5751 quod
2557 5679 2853 5751 placuerit.
2887 5695 2908 5731 ι
2966 5663 3150 5735 Mense
3199 5669 3502 5741 Septembri
3548 5663 3680 5719 anni

2103 5776 2242 5833 6929
2278 5774 2467 5829 multis
2487 5788 2610 5829 cum
2638 5770 2959 5825 triremibus
2984 5764 3317 5834 Calliopolim
3342 5760 3486 5814 venit
3507 5756 3680 5812 Joan-

2108 5885 2205 5926 nes
2254 5868 2575 5940 imperator,
2616 5863 2958 5933 Mustapbam
2990 5876 3021 5917 e
3064 5858 3438 5924 Peloponneso
3488 5861 3676 5905 secum
