3964 6452
259 401 358 470 ’ΠΙ
385 409 388 412 ’

1537 399 1867 462 GEORGII
1902 401 2341 467 PHRANTZ/ﬁ

3421 403 3528 468 732

261 509 517 580 κρίναντο
543 507 941 581 115’πάντες
967 509 1018 564 οἱ
1045 507 1281 581 Τοῦρκοι
1311 508 1596 578 λέγοντες,
1649 512 1734 564 ὅτι
1764 513 1856 579 ἐγ·
1883 515 1928 572 Α
1957 489 2153 576 διώξας
2213 495 2306 568 τὸν
2337 512 2478 567 θεῖον
2508 513 2676 567 αὐτοῦ
2717 512 2819 570 ’καὶ
2857 513 3169 586 καταλήψεις
3221 515 3525 570 ἀπέκτεινε·

263 606 364 670 γὺς
385 605 485 672 τῆς
513 604 749 667 πίστεως
785 604 940 674 ήμῶν
974 605 1007 674 ἡ
1048 604 1449 668 Καλλιοῦπολίς
1483 607 1601 659 ἐστι
1627 607 1721 659 καὶ
1757 614 1851 675 με·

264 695 402 766 γάλη
436 713 520 758 τις
547 696 826 761 εὐλάϐεια,
883 697 1006 750 ἐπεὶ
1041 696 1070 749 6
1101 698 1319 768 πρῶτος
1343 697 1519 772 ’τόπος
1559 697 1618 750 δν
1663 697 1854 751 ἐλάϐο-

271 806 370 855 μεν
400 788 457 839 ὲν
484 790 550 858 τῇ
601 787 846 858 Εὐρώπῃ
892 789 1012 840 ἐστὶ
1066 787 1227 841 τοῦτο
1277 789 1340 842 τὸ
1397 789 1678 859 φρούριον,
1729 787 1858 840 ἔνθα

266 879 362 932 καὶ
417 881 516 942 τὰς
568 881 666 948 τῆς
724 881 883 948 ἡμῶν
925 881 1162 944 πίστεως
1213 882 1613 952 προσκυνήσεις
1666 881 1763 934 καὶ
1789 876 1858 932 τά

268 972 428 1025 λοιπά
459 972 680 1042 πρῶτον
709 974 1046 1044 ἐποιήσαμεν
1077 976 1156 1037 είς
1183 976 1249 1028 τὰ
1273 975 1370 1042 τῆς
1395 973 1661 1043 Εὐρώπης
1693 973 1854 1043 μέρη,

270 1067 367 1118 καὶ
397 1065 498 1119 οὐκ
531 1067 740 1130 ἔξεστιν
765 1069 896 1136 ἡμῖν
932 1068 1072 1121 κατά
1115 1067 1208 1118 τὸν
1237 1069 1504 1138 ήμέτερον
1533 1067 1703 1138 κορὰν
1734 1065 1860 1118 δοῦ-

271 1174 358 1210 ναι
414 1159 604 1228 αὐτήν.
649 1160 812 1213 ’Δλλά
837 1159 1096 1230 δώσωμεν
1126 1161 1258 1231 ὑμῖν
1288 1161 1511 1230 ἑτέρους
1530 1161 1728 1224 τόπους
1765 1157 1861 1213 καὶ

274 1251 460 1320 χώρας
489 1252 606 1305 ἀντ’
635 1253 827 1322 αὐτῆς.
865 1255 984 1306 Ἔτι
1041 1255 1134 1307 καὶ
1179 1256 1209 1308 6
1251 1255 1595 1324 Ἀμουράτης
1654 1255 1719 1308 ἐκ
1761 1255 1862 1324 τῆς

277 1345 540 1414 ἀνατολῆς
560 1346 646 1399 διὰ
669 1347 950 1416 πρέσϐεων
980 1348 1148 1401 πολλὰ
1169 1348 1369 1402 ἔτασσε
1388 1351 1501 1409 τοῖς
1541 1348 1858 1417 Ῥωμαίοις,

273 1438 525 1504 δεόμενος
560 1440 646 1492 ἵνα
685 1441 759 1510 μὴ
785 1440 1040 1506 γενέσθαι
1067 1441 1168 1502 τὸν⁴
1212 1441 1546 1510 Μουσταφᾶν
1598 1440 1863 1510 αὐθέντην

277 1530 616 1600 βοηθήσωσιν
652 1549 666 1564 ·
698 1534 748 1585 οί
775 1534 832 1587 δὲ
861 1534 1122 1604 ἡμέτεροι
1154 1533 1244 1587 ⁷τά
1279 1535 1500 1588 ἐναντία
1533 1533 1861 1605 φρονοῦντες

274 1621 429 1673 οὐδὲν
456 1622 842 1693 ἀπεκρίναντο.
870 1625 1008 1694 Περὶ
1036 1625 1094 1679 δὶ
1116 1627 1216 1690 τὰς
1258 1624 1435 1698 ἀρχὰς
1473 1625 1568 1680 τοῦ
1597 1623 1866 1696 χειμῶνος

275 1709 368 1763 τοῦ
417 1710 583 1764 αὑτοῦ
621 1711 780 1776 έτους
831 1715 860 1766 6
918 1715 1166 1784 μπεγλὲρ
1209 1715 1393 1783 μπέης
1456 1715 1866 1785 Μπαγιαζήτης

277 1797 630 1870 διερχόμενος
657 1801 746 1854 διὰ
787 1800 884 1855 τοῦ
936 1802 1124 1856 ἐπάνω
1172 1803 1359 1856 στενοῦ
1411 1805 1494 1866 εἰς
1546 1804 1645 1872 τήν
1690 1804 1863 1867 δύσιν,

1957 603 2292 667 Ψευθέντες’
2324 604 2381 657 δὲ
2437 604 2535 668 τὰς
2582 605 2826 669 ἐλπίδας,
2862 605 2928 671 ἃς
2969 607 3193 676 ἡλπιζον
3227 608 3387 678 ἔχειν,
3445 608 3532 662 διὰ

1958 691 2048 746 τὸν
2080 692 2308 747 θάνατον
2345 693 2437 748 τοῦ
2466 696 2767 764 Μουσταφᾶ
2791 697 2841 749 οί
2867 697 3103 766 βασιλεῖς
3127 695 3221 768 [οἳ]
3246 699 3326 760 εἰς
3363 714 3530 766 ταρα-

1959 786 2063 857 χὴν
2091 787 2366 857 λογισμῶν
2399 785 2493 840 καὶ
2512 787 2675 854 φόϐον
2709 787 2968 842 ἐνέπεσον
2993 789 3080 842 διά
3105 791 3202 860 τὴν
3227 789 3423 858 ἔχθραν
3465 789 3533 859 ἢν

1960 879 2167 943 ἔδειξαν
2205 879 2348 932 κατά
2375 879 2466 932 τοῦ
2507 881 2842 953 Ἀμουράτη,
2899 881 3189 950 ζητοῦντες
3213 883 3412 950 τρόπον
3437 881 3534 933 καὶ

1966 973 2145 1025 αἰτίαν
2175 973 2286 1036 ἵνα,
2311 973 2362 1026 εἰ
2393 972 2618 1026 δυνατὸν
2647 967 2735 1044 ἦν,
2767 974 2959 1042 εἰρήνη
2996 975 3088 1025 xal
3125 973 3314 1043 ἀγάπη
3339 973 3538 1039 ἀναμέ-

1965 1083 2057 1120 σον
2076 1067 2184 1120 τῶν
2213 1067 2472 1136 Τούρκων
2499 1070 2595 1122 καὶ
2617 1068 2728 1121 τῶν
2768 1067 3053 1138 Ῥωμαίων
3085 1069 3370 1140 γενήσεται
3399 1083 3414 1097 ⁸
3445 1069 3537 1120 xal

1963 1158 2290 1214 ἀπέστειλαν
2320 1157 2456 1229 πρὸς
2498 1160 2588 1214 τὸν
2635 1160 2860 1230 ἀμηρᾶν
2917 1159 3179 1231 πρέσϐεις
3234 1161 3538 1230 Δημήτριον

1963 1248 2055 1302 τὸν
2087 1250 2564 1319 Καντακουζηνδν,
2599 1251 2878 1305 Ματθαῖον
2906 1251 2998 1304 τὸν
3025 1251 3305 1320 Δάσκαριν
3329 1252 3424 1304 καὶ
3446 1252 3539 1305 τὴν

1966 1340 2358 1410 γραμματικὸν
2392 1342 2664 1411 ’Ἄγγελον
2696 1343 2788 1396 τὸν
2811 1343 3178 1412 Φιλομμάτην.
3216 1343 3277 1396 '0
3310 1342 3366 1396 δὲ
3392 1344 3540 1413 ἀμη-
3570 1375 3572 1377 ›

1968 1434 2070 1503 ρᾶς
2101 1433 2428 1503 μαινόμενος
2451 1429 2522 1504 ἦν
2547 1432 2625 1504 τῷ
2654 1433 2812 1504 θυμῷ
2832 1434 2973 1488 κατά
2997 1435 3093 1504 τῆς
3114 1433 3221 1488 τῶν
3255 1432 3554 1513 Ῥωμαίωνγ

1965 1525 2139 1596 ἀρχῆς
2181 1526 2250 1579 δι’
2279 1524 2462 1588 αίτίας
2491 1523 2558 1587 a;
2589 1525 2820 1595 εἴπομεν
2853 1540 2868 1558 ⁶
2897 1526 2992 1580 καὶ
3033 1525 3197 1588 εὐθὺς
3260 1525 3335 1588 ὡς
3397 1521 3543 1578 εῖδεν

1967 1617 2185 1682 αὐτοὺς,
2218 1615 2528 1686 προστάξας
2563 1617 2620 1671 ὲν
2673 1618 2866 1689 εἱρκτῇ
2920 1617 3239 1689 ὲζοςρωμένῃ
3295 1614 3542 1686 δεσμίους

1969 1708 2143 1776 ἔθετο,
2177 1710 2271 1763 καὶ
2301 1710 2558 1778 ἀσφαλῶς
2586 1711 2874 1782 τηρεῖσθαι
2907 1710 3194 1774 κελεύσας.

2042 1803 2138 1859 λθ’.
2170 1804 2304 1870 Περὶ
2327 1803 2385 1858 δὲ
2415 1804 2514 1867 τὰς
2545 1803 2720 1875 ἀρχὰς
2743 1803 2836 1858 τοῦ
2875 1804 3088 1875 θέρους,
3138 1806 3204 1872 τῇ
3237 1801 3401 1874 ὀγδόῃ
3445 1803 3540 1854 τοῦ

277 1891 415 1960 ἀνὴρ
438 1891 705 1960 χρήσιμος
729 1894 823 1946 καὶ
844 1893 1148 1963 πρακτικὸς
1173 1895 1232 1946 ἐν
1254 1894 1512 1964 πολέμοις
1539 1897 1636 1948 καὶ
1664 1895 1864 1966 βιζῖρις
1899 1890 1938 1944 Β
1980 1894 2219 1960 Ἰουνίου,
2252 1895 2328 1965 τῷ
2354 1897 2501 1968 ,ςῖᾒλν
2533 1895 2645 1950 ἔτει
2678 1898 3004 1960 ἀποστείλας
3025 1900 3053 1951 6
3093 1895 3434 1966 Ἀμουράτης
3457 1893 3544 1947 διὰ

277 1983 352 2035 ὣν
379 1983 474 2036 τοῦ
509 1983 716 2052 πατρὸς
742 1983 838 2038 τοῦ
882 1986 1245 2057 Ἀμουράτου,
1303 1987 1363 2050 ὃς
1423 1987 1522 2056 τὴν
1571 1987 1856 2054 ’Ἄγκυραν

278 2075 538 2144 ἐκέκτητο
586 2077 666 2139 είς
720 2078 1106 2146 κεφαλάτικον,
1163 2078 1506 2150 βουλόμενος,
1560 2081 1608 2133 εί
1637 2080 1858 2134 δυνατὸν

279 2163 367 2236 ἦν,
393 2169 662 2238 κρατῆσαι
693 2171 774 2233 είς
810 2169 908 2240 τὴν
959 2169 1055 2223 τοῦ
1095 2171 1404 2242 ’Δμουράτη
1438 2172 1706 2238 ἐξουσίαν,
1760 2174 1859 2243 τὴν

278 2258 428 2312 δύσιν
463 2260 724 2329 δηλονότι.
755 2263 868 2316 Kal
892 2261 985 2315 τοῦ
1016 2263 1323 2333 Μουσταφᾶ
1346 2264 1508 2317 πάλιν
1555 2263 1860 2328 ἐξελθόντος

283 2352 345 2404 ἔκ
379 2353 478 2421 τῆς
536 2353 1002 2416 Καλλιουπόλεως,
1056 2354 1307 2426 διήρχετο
1335 2356 1456 2409 κατ’
1501 2353 1666 2409 αὐτοῦ
1687 2357 1766 2418 εἰς
1794 2355 1861 2409 τὰ

283 2445 412 2512 περὶ
440 2444 540 2515 τὴν
570 2443 1062 2516 Ἀνδριανούπολιν.
1106 2448 1214 2500 Καὶ
1255 2447 1673 2517 συναντηθέντες
1699 2447 1861 2500 πόλε-

287 2553 384 2603 μος
416 2539 652 2602 ἐγένετο,
677 2537 771 2590 καὶ
801 2540 828 2590 6
850 2539 1254 2610 Μπαγιαζήτης
1296 2540 1402 2592 ὑπὸ
1432 2539 1524 2592 τοῦ
1561 2540 1863 2608 Μουσταφᾶ

285 2627 528 2698 νικηθεὶς
559 2629 652 2682 καὶ
685 2629 936 2693 πιασθεὶς
969 2630 1304 2700 ἀπεκτάνθη,
1355 2632 1450 2685 καὶ
1493 2631 1592 2702 τὴν
1627 2632 1710 2694 είς
1763 2632 1863 2700 τὴν

283 2721 434 2772 δύσιν
462 2723 644 2774 πᾶσαν
665 2721 838 2791 ἀρχὴν
863 2723 972 2776 τῶν
999 2723 1212 2778 ἀσεϐῶν
1238 2725 1541 2794 ἐκυρίευσε.
1579 2724 1739 2794 116
1761 2724 1866 2778 Kal

287 2811 448 2864 πάλιν
468 2812 794 2883 ἐπιστρέψας
817 2815 843 2865 6
870 2815 1205 2883 Μουσταςρᾶς
1234 2818 1314 2879 είς
1345 2815 1444 2886 τὴν
1464 2817 1865 2870 Καλλιούπολιν

288 2901 365 2970 τῷ
399 2901 544 2971 αὐτῷ
566 2902 697 2965 ἔτει,
730 2905 820 2958 καὶ
851 2907 1096 2975 περάσας
1149 2909 1230 2971 είς
1278 2894 1383 2978 τὴν
1428 2907 1695 2978 ἀνατολὴν
1727 2909 1866 2962 κατά

289 2985 382 3045 τοῦ
419 2992 642 3062 ἀνεψιοῦ
666 2993 831 3049 αὑτοῦ
874 2996 1186 3068 Ἀμουράτη
1216 2998 1298 3062 είς
1339 2997 1590 3067 Προῦσαν
1615 2997 1869 3068 εὑρισκο-

293 3085 477 3153 μένου,
510 3086 760 3156 ήττηθεὶς
787 3087 1189 3158 ἐπανέστρεψεν
1206 3089 1286 3152 είς
1312 3088 1410 3159 τὴν
1429 3088 1598 3142 δύσιν.
1651 3089 1762 3143 Kal
1790 3088 1870 3159 τῷ

293 3174 439 3242 θέρει
474 3175 567 3228 τοῦ
595 3176 761 3231 αὐτοῦ
793 3177 950 3238 ἔτους
988 3178 1170 3248 διῆλθε
1198 3180 1295 3234 καὶ
1322 3179 1485 3242 αὐτὸς
1503 3179 1582 3250 ῖδὴ
1607 3181 1634 3232 6
1675 3179 1870 3250 Ἀμου-

1965 1987 2056 2042 τδν
2081 1988 2443 2059 Μιχάλμπεη,
2479 1989 2576 2042 καὶ
2609 1989 2902 2042 ἀπέκλεισε
2959 1990 3059 2058 τὴν
3109 1985 3546 2041 Κωνσταντινού-

1967 2076 2118 2129 πολιν
2146 2077 2450 2148 πολιορκῶν
2479 2078 2669 2150 αὐτήν.
2697 2079 2808 2133 Kal
2836 2082 2902 2149 τῇ
2934 2079 2995 2131 ιε’
3018 2077 3112 2132 τοῦ
3149 2078 3314 2132 αὑτοῦ
3346 2076 3543 2146 ἔφθασε

1967 2168 2061 2222 καὶ
2087 2168 2246 2232 αὐτὸς
2272 2171 2301 2222 6
2334 2170 2557 2239 ἀμηρᾶς
2583 2171 2723 2240 μετὰ
2785 2170 2945 2239 117
2998 2169 3236 2240 πλήθους
3291 2166 3541 2238 στρατοῦ,

1968 2260 2108 2330 ἔχων
2143 2261 2242 2314 σὺν
2269 2260 2420 2331 αὐτῷ
2444 2262 2692 2325 καὶτοὺς
2735 2261 3146 2338 ἀποσταλέντας
3200 2259 3335 2330 πρὸς
3389 2257 3546 2312 αὑτὸν

1970 2350 2230 2421 πρέσϐεις
2256 2349 2535 2420 δεσμίους.
2575 2350 2690 2406 Kal
2722 2353 2787 2421 τῇ
2824 2350 2910 2420 κβ’
2947 2349 3042 2404 τοῦ
3072 2349 3384 2418 Αὐγούστου
3430 2364 3532 2417 μη-

1970 2444 2062 2504 vo;
2086 2441 2428 2511 ἐπολέμησεν
2461 2442 2632 2512 αὐτὴν
2661 2441 2719 2496 δὲ
2747 2441 2847 2511 τὴν
2873 2441 3027 2495 πόλιν
3056 2441 3280 2510 πολέμῳ
3324 2439 3546 2494 καθολι-

1972 2536 2072 2606 κῷ.
2108 2538 2217 2590 Kal
2246 2537 2312 2606 τῇ
2355 2533 2409 2599 ς’
2433 2533 2529 2588 τοῦ
2585 2535 2959 2604 Σεπτεμϐρίου
2999 2535 3167 2605 μηνδς
3209 2533 3304 2586 τοῦ
3367 2529 3551 2603 ,ςιῇλοέ

1972 2629 2125 2692 ἔτους
2154 2629 2392 2698 ἀπῆλθεν
2425 2629 2708 2698 ἄπρακτος
2740 2628 2848 2682 άπδ
2867 2628 2966 2698 τῆς
2989 2627 3222 2690 πόλεως,
3257 2626 3391 2679 Θεοῦ
3425 2625 3552 2696 βοη-

1973 2720 2116 2792 θείᾳ.
2145 2720 2256 2773 Kal
2286 2722 2353 2790 τῇ
2392 2717 2436 2770 λ’
2465 2719 2559 2771 τοῦ
2586 2716 2754 2772 αὐτοῦ
2787 2721 2952 2790 μηνὸς
2979 2714 3140 2789 ἦλθεν
3169 2721 3196 2771 6
3221 2716 3545 2786 Moucta<p6~

1977 2811 2174 2874 πουλος
2208 2813 2235 2865 6
2259 2811 2353 2865 τοῦ
2388 2810 2553 2864 αὐτοῦ
2590 2810 2896 2882 Ἀμουράτη
2923 2809 3172 2879 ἀδελφὸς,
3209 2810 3305 2863 καὶ
3331 2808 3552 2862 διελθὼν

1979 2904 2078 2974 τὴν
2113 2904 2269 2958 πόλιν
2301 2904 2496 2957 έπεσεν
2523 2904 2628 2968 ἔξω
2657 2904 2735 2970 εἰς
2765 2902 2855 2955 τὸν
2881 2903 3196 2956 αὖθεντικὸν
3251 2901 3549 2972 περίϐολον,

1975 3001 2072 3053 καὶ
2097 3000 2188 3051 ἐπὶ
2214 2998 2312 3065 τὴν
2349 2995 2542 3067 αὔριον
2571 2998 2636 3068 τῇ
2659 2994 2707 3052 α’
2735 2994 2830 3050 τοῦ
2870 2995 3202 3066 Ὀκτωϐρίου
3233 2991 3364 3066 ἦλθε
3392 3011 3552 3064 προσ-

1977 3089 2211 3158 κυνῆσαι
2243 3087 2334 3140 τὸν
2368 3085 2591 3156 βασιλέα
2639 3087 2887 3148 καὶτοὺς
2913 3087 3057 3150 υἱοὺς
3091 3087 3280 3140 αὐτοῦ.
3335 3088 3445 3141 Kal
3491 3090 3551 3155 τῇ

1979 3183 2115 3249 αὑτῇ
2145 3180 2328 3250 ήμέρᾳ
2355 3178 2413 3231 τδ
2445 3178 2666 3248 ἄριστον
2695 3178 2895 3248 ἐπῆλθε
2943 3178 3020 3247 τῷ
3083 3179 3292 3248 βασιλεῖ
3350 3179 3410 3231 τὸ
3458 3179 3555 3248 τῆς

259 3265 276 3271 κ
297 3266 468 3336 ράτης
502 3267 643 3336 μετά
664 3268 1010 3339 Λιγουρικῶν
1036 3271 1157 3340 ήτοι
1191 3269 1495 3326 Γενουῖτῶν
1550 3270 1718 3340 νηῶν,
1778 3271 1874 3325 καὶ
1902 3269 1944 3327 C
1979 3271 2315 3341 ήμιπληξίας
2346 3270 2580 3341 νόσημα,
2606 3270 2664 3323 ὃν
2701 3270 2902 3336 ἰδόντες
2951 3272 3000 3323 οἱ
3044 3271 3153 3324 ἀπὸ
3199 3269 3298 3339 τῆς
3370 3269 3556 3334 ’Λσίας

295 3444 523 3504 ducens.
566 3458 726 3511 quem
777 3443 832 3498 in
873 3445 1156 3500 occidente
1201 3445 1504 3514 principem
1555 3446 1865 3501 constituit.

295 3535 478 3588 Colnit
526 3535 747 3604 quidem
777 3535 1044 3591 Joannem
1093 3552 1157 3592 ea
1188 3538 1405 3599 civitas,
1445 3538 1541 3592 sed
1589 3553 1711 3592 cum
1757 3546 1879 3604 post

295 3627 414 3680 dies
440 3623 646 3694 aliquot
669 3627 977 3697 requireret
1018 3641 1168 3693 eam,
1197 3637 1255 3682 ut
1286 3637 1503 3698 pactum
1535 3637 1678 3692 erat,
1713 3626 1881 3697 impe-

297 3731 469 3786 rator,
497 3717 692 3774 Turcae
725 3735 917 3789 omnes
950 3721 1376 3790 responderunt,
1409 3723 1650 3791 ipsorum
1701 3721 1878 3777 sacris

298 3815 569 3870 addictam
611 3828 733 3870 esse
775 3815 1139 3886 Calliopolim,
1199 3824 1256 3872 et
1299 3831 1496 3886 magna
1547 3831 1606 3872 se
1649 3817 1877 3888 astringi

301 3906 585 3976 religiene,
619 3905 887 3977 siquidem
925 3908 1138 3978 primus
1179 3908 1357 3974 locus,
1391 3923 1553 3981 quem
1603 3909 1880 3966 obtinuis-

298 4006 420 4052 sent
453 3999 506 4052 in
536 3997 773 4068 Europa,
812 3999 915 4055 hoc
965 4000 1224 4070 oppidum
1267 4009 1436 4068 esset,
1475 4003 1528 4056 in
1571 4019 1678 4073 quo
1705 4003 1882 4074 primo

301 4093 444 4146 inter
466 4093 651 4146 omnia
685 4092 914 4160 Europae
939 4095 1136 4164 oppida
1172 4095 1452 4166 religionis
1487 4113 1600 4153 sua:
1629 4097 1877 4166 auspicia

301 4188 357 4234 et
388 4181 627 4250 reliquas
655 4184 1012 4238 caaremonias
1044 4183 1302 4239 fecissent
1330 4199 1346 4237 :
1379 4185 1522 4240 unde
1551 4201 1657 4240 non
1692 4186 1881 4241 liceret

302 4287 402 4341 per
424 4287 706 4340 eoranem,
756 4289 877 4328 eam
915 4274 1106 4331 urbem
1146 4277 1277 4331 dare
1317 4276 1597 4351 Romanis.
1646 4278 1882 4338 Daturos

301 4378 364 4417 se
389 4362 499 4417 illis
523 4377 648 4418 esse
681 4364 846 4428 hujus
884 4365 1006 4419 loco
1032 4363 1136 4420 alia
1168 4368 1364 4436 oppida
1397 4383 1459 4424 ac
1494 4368 1764 4438 regiones.
1794 4369 1884 4423 ln-

302 4454 463 4509 terim
507 4455 802 4511 Amurates
829 4471 892 4510 ex
926 4457 1142 4512 oriente
1172 4474 1267 4528 per
1298 4460 1504 4528 legatos
1535 4459 1762 4512 multum
1797 4461 1893 4517 in-.

300 4545 489 4606 stabat
514 4545 780 4602 Romanis
810 4550 1130 4620 orabatque,
1168 4567 1234 4606 ne
1262 4549 1602 4620 Mustapbam
1627 4553 1691 4603 ad
1726 4551 1878 4618 prin~

303 4640 538 4711 cipatum
587 4638 973 4714 provelterent.
1008 4646 1078 4699 At
1117 4645 1318 4711 nostri,
1370 4643 1553 4714 utqui
1605 4645 1880 4698 contraria

300 4736 590 4803 sentirent,
624 4737 756 4792 nihil
780 4739 1202 4806 responderunt.
1237 4738 1398 4795 Circa
1431 4737 1648 4791 initium
1684 4736 1881 4790 hiemis

301 4829 551 4896 ejusdem
581 4830 710 4884 anni
743 4830 1096 4903 beglerbegus
1114 4831 1415 4901 Bajazetes,
1444 4831 1526 4883 vir
1549 4837 1810 4884 strenuus
1831 4837 1884 4883 et

302 4922 449 4983 bello
474 4926 831 4990 exercitatus,
867 4925 1121 4997 idemque
1153 4926 1366 4979 vezires
1396 4923 1570 4993 patris
1600 4923 1883 4978 Amuratis

300 5027 355 5072 et
376 5017 634 5086 praefecto
646 5034 704 5073 ra
727 5019 956 5087 Ancyra:
981 5028 1207 5081 auctus,
1237 5033 1333 5086 per
1356 5017 1668 5086 superiores
1696 5013 1882 5070 latices

303 5109 356 5164 in
392 5109 661 5180 Europam
699 5112 940 5174 transiit,
967 5126 1110 5172 eam,
1144 5111 1188 5163 si
1229 5117 1432 5175 posset,
1468 5109 1520 5161 in
1555 5117 1878 5176 potestatem

304 5205 581 5266 Amuratis
637 5205 985 5260 redacturus.
1040 5203 1372 5271 Mustapbae,
1433 5202 1527 5272 qui
1584 5199 1878 5271 Calliopoli

305 5295 535 5358 exierat,
565 5297 630 5349 ad
678 5289 1088 5363 Adriaquolim
1121 5295 1336 5349 obviam
1385 5295 1464 5350 ﬁt.
1519 5295 1702 5366 Pugna
1736 5313 1882 5351 com-

308 5385 499 5446 missa,
527 5385 846 5454 Mustapbas
878 5387 1185 5452 Bajazetem
1225 5386 1397 5441 vincit
1419 5398 1747 5460 captumque
1777 5392 1878 5446 ob-

309 5485 550 5541 truncat,
578 5489 633 5532 et
666 5480 926 5533 universo
950 5477 1258 5532 Turcarum
1298 5480 1351 5534 in
1393 5482 1679 5537 occidente
1708 5483 1880 5551 impe-

311 5571 391 5622 rio
428 5571 652 5636 potitur.
705 5571 906 5625 Eodem
936 5581 1116 5625 autem
1154 5587 1297 5626 anno
1322 5571 1634 5644 Mustapbas
1674 5574 1875 5630 Callio-

307 5664 470 5728 pulim
515 5680 792 5729 reversus,
833 5676 1200 5735 susceptaque
1243 5667 1507 5721 adversus
1531 5669 1874 5735 Amuratem,

303 5755 394 5816 qui
451 5755 633 5810 Prusae
685 5768 825 5821 erat,
877 5757 1226 5827 expeditione
1262 5760 1314 5813 in
1360 5760 1568 5824 Asiam,
1602 5761 1776 5814 victus
1821 5762 1875 5815 in

303 5847 638 5910 occidentem
659 5853 846 5920 rediit;
867 5861 922 5908 ct
942 5860 1128 5910 testate
1151 5852 1271 5921 ejus
1294 5853 1418 5908 anni
1439 5864 1690 5920 patruum
1712 5854 1875 5908 Amu-

1980 3458 2128 3505 rates
2156 3463 2279 3504 cum
2315 3447 2576 3518 Ligurum
2605 3447 2717 3502 sive
2748 3446 3124 3502 Genueusiutn
3167 3447 3400 3500 navibus
3432 3461 3553 3515 per-

1979 3547 2205 3594 secutus
2230 3547 2335 3603 est,
2360 3537 2934 3608 comprehensumque
2957 3537 3257 3592 interemit.
3279 3535 3397 3590 1am
3417 3551 3560 3590 moro

1983 3640 2036 3686 te
2081 3629 2383 3700 Mustapltae
2416 3645 2512 3695 spe
2551 3645 2646 3684 sua
2690 3631 2862 3684 delusi
2913 3630 3294 3697 imperatores,
3349 3629 3556 3683 turbari

1983 3737 2048 3778 ac
2077 3723 2180 3777 sibi
2213 3729 2464 3778 metuere
2489 3730 2797 3790 coeperunt,
2824 3733 3111 3790 prepterea
3137 3721 3279 3790 quod
3306 3719 3557 3776 hostilem

1983 3814 2037 3869 in
2074 3814 2393 3870 Amuratem
2424 3815 2665 3870 animum
2700 3812 3088 3882 prodidissent.
3119 3810 3307 3881 Itaque
3337 3810 3553 3865 modum

1983 3914 2038 3961 et
2072 3905 2415 3960 occasionem
2447 3905 2786 3974 Quaerebam,
2823 3919 2929 3974 qua
2960 3903 3254 3959 concordia
3282 3911 3335 3958 et
3367 3901 3559 3957 amici-

1984 3999 2060 4053 tia
2101 3997 2244 4053 iuter
2278 3998 2487 4053 Turcas
2520 4009 2578 4055 et
2619 3997 2900 4053 Romanos
2950 3996 3362 4061 conciliaretur,
3397 3995 3560 4049 mise-

1984 4100 2219 4162 runtque
2255 4089 2324 4146 ad
2348 4104 2589 4144 ameram
2620 4090 2828 4158 legatos
2862 4087 3195 4144 Demetrium
3225 4085 3560 4142 Cantacuze-

1985 4197 2139 4246 num,
2172 4181 2489 4236 Mattltaaum
2518 4181 2794 4236 Lascarim
2827 4189 2883 4234 et
2923 4179 3188 4248 Angelum
3225 4179 3557 4233 Philomma-

1987 4289 2092 4333 tem
2125 4276 2569 4348 grammaticum.
2614 4277 2868 4340 Ameras,
2903 4275 2982 4328 ira
3012 4274 3267 4330 incensus
3299 4274 3560 4329 adversus

1987 4371 2267 4426 Romanos
2295 4379 2514 4440 propter
2541 4385 2689 4435 eam,
2737 4384 2898 4437 quam
2930 4354 3392 4436 significavimus,
3426 4379 3558 4421 cau-

1985 4477 2124 4527 sam,
2175 4463 2263 4518 ubi
2309 4463 2544 4532 primum
2587 4461 2798 4528 legatos
2828 4461 2985 4526 vidit,
3015 4461 3231 4515 vinetos
3272 4460 3324 4513 in
3359 4459 3555 4513 obscu-

1989 4570 2104 4609 rum
2134 4568 2408 4610 carcerem
2437 4555 2646 4609 detrudi
2675 4552 3070 4625 diligenterque
3096 4553 3353 4608 custodiri
3376 4550 3555 4619 jussit.

2060 4647 2154 4703 '59.
2184 4646 2410 4703 Ineunte
2445 4657 2657 4711 testate,
2685 4657 2878 4702 octavo
2915 4647 3008 4706 die
3029 4646 3196 4711 Junii,
3231 4661 3373 4700 anno
3399 4643 3559 4708 6950,

1993 4739 2144 4794 misit
2173 4755 2298 4793 cum
2329 4740 2576 4794 exercitu
2622 4738 3015 4806 Micbalbegum
3055 4739 3368 4801 Amurates,
3421 4735 3564 4790 clau-

1930 4893 1935 4898 ,
1993 4834 2174 4904 sitque
2194 4842 2255 4916 ει
2287 4833 2504 4888 obsedit
2535 4831 2769 4902 Cpolim.
2813 4832 2910 4885 Die
2952 4831 3194 4902 ejusdem
3244 4828 3445 4885 mensis
3470 4827 3561 4882 de-

1991 4928 2134 4982 cimo
2163 4927 2356 4995 quinto
2401 4926 2630 4992 ipsemet
2673 4939 2797 4978 cum
2845 4925 3055 4993 inagnis
3085 4923 3259 4992 copiis
3313 4920 3584 4984 accessit,-

1993 5020 2200 5089 lcgatos
2235 5019 2287 5072 in
2323 5015 2554 5072 vinculis
2601 5015 2902 5079 adducens,
2956 5024 3012 5068 et
3060 5015 3146 5067 die
3176 5013 3435 5066 vicesimo
3480 5024 3563 5064 se-

1993 5114 2174 5167 cundo
2202 5112 2403 5165 mensis
2435 5111 2663 5186 Augusti
2705 5112 2892 5163 urbem
2925 5106 3192 5162 universis
3221 5105 3431 5159 viribus
3465 5115 3560 5170 op-

1996 5206 2278 5274 pugnavit.
2317 5204 2411 5256 Die
2457 5201 2676 5256 tandem
2711 5198 2863 5256 sexto
2904 5198 3242 5269 Septembris
3269 5196 3392 5250 anni
3424 5193 3555 5250 6951

1987 5297 2080 5352 Dei
2120 5295 2293 5364 gratia
2349 5309 2406 5349 re
2449 5295 2650 5348 infecta
2705 5294 2772 5347 ab
2839 5293 2972 5345 urbe
3021 5291 3265 5344 recessit.
3314 5287 3566 5357 Ejusdem

1991 5392 2200 5445 mensis
2226 5389 2313 5443 die
2348 5387 2623 5442 tricesimo
2659 5386 3128 5455 Mnstaplwpulus,
3160 5385 3435 5438 Amuratte
3459 5381 3566 5434 fra-

1993 5491 2098 5546 ter,
2141 5497 2235 5549 per
2287 5483 2474 5534 urbem
2529 5480 2828 5550 prefectus.
2869 5481 2922 5536 in
2971 5491 3182 5551 septum
3219 5478 3559 5533 Dominicum

1994 5575 2265 5644 pervenit,
2294 5583 2349 5628 et
2380 5574 2625 5641 proximo
2656 5575 2763 5638 die,
2794 5577 2884 5642 qui
2913 5575 3016 5628 l'uit
3051 5575 3257 5643 primus
3291 5571 3560 5634 Octobris,

1993 5669 2059 5721 ad
2094 5668 2478 5734 imperatorem
2527 5681 2580 5722 et
2629 5667 2769 5722 ﬁlios
2800 5669 2919 5740 ejus
2969 5669 3278 5722 atiot'andos
3307 5664 3558 5719 accessit.

1997 5759 2196 5812 Eodem
2241 5758 2330 5812 die
2373 5768 2491 5828 post
2527 5758 2856 5828 jentaculum
2910 5761 3201 5831 imperator
3235 5757 3560 5826 bemiplexia

1981 5861 2280 5921 correptus
2311 5860 2393 5907 est
2422 5867 2435 5904 :
2463 5866 2620 5920 quem
2653 5852 2843 5907 Turczc
2864 5853 3045 5908 Asiani
3078 5852 3380 5908 mirabundi
3411 5849 3558 5905 dice.
