3964 6484
334 449 444 515 735
1560 438 1887 502 GEORGII
1918 436 2348 500 PHRANTZ/E
3514 435 3618 502 736

331 567 596 624 δεσπότου
622 550 851 627 ἀπόντος
876 563 958 626 είς
991 559 1053 613 τὺ
1077 550 1360 629 κυνήγιον,
1413 561 1569 627 κᾶγω
1632 558 1916 627 ἀνέγνωσε,
1943 553 1992 616 Α
2016 554 2275 609 δέσποινα
2293 554 2383 608 ἴνα
2410 551 2634 626 σηρικδν
2663 551 2866 623 ἔνδυμα
2898 552 3260 624 προσφέρωσι
3299 569 3397 622 μοι
3447 553 3618 609 καλὸν

334 662 425 715 τὸν
457 662 688 733 χάρτην,
718 660 812 713 καὶ
834 657 1164 720 ἀκούσαντες
1195 656 1277 708 ’ότι
1307 653 1540 723 ὑγιαίνει
1573 656 1668 707 καὶ
1691 653 1916 725 ἔμελλεν

331 754 509 810 ἐλθεῖν
536 753 715 816 καλῶς
748 752 829 814 είς
865 751 933 806 τὰ
958 750 1084 821 περὶ
1107 749 1215 820 ’τὴν
1247 748 1488 817 μεγάλην
1515 746 1767 816 Βλαχίαν,
1820 747 1917 801 καὶ¹

333 849 482 911 ὅπως
515 846 794 901 ἀπέλθωσι
822 844 1070 916 τριήρεις
1093 844 1173 905 είς
1204 842 1297 894 τὸν
1323 841 1487 894 τόπον
1517 839 1610 893 τὸν
1646 841 1917 909 ἐπονομα-

333 922 561 1009 ξόμενον
607 935 837 995 Κελλίον
886 935 1044 1004 120
1087 934 1179 987 καὶ
1234 932 1436 1002 ἄρασαι
1488 931 1654 985 utier
1682 932 1910 1001 φέρωσι,

335 1033 616 1104 ἐχάρησαν
651 1029 790 1085 λίαν.
823 1029 934 1085 Καὶ
966 1029 1106 1101 μετὰ
1149 1033 1343 1098 μικρὸν
1383 1026 1650 1091 κελεύσας
1690 1028 1718 1081 6
1759 1026 1914 1098 βασι-

336 1124 466 1187 λεὺς
496 1125 586 1178 τὸν
619 1116 1213 1194 ίμα-οφό).ακα,“ἐδωκέ
1257 1137 1345 1190 μοι
1391 1119 1646 1174 κασάδιον
1699 1118 1917 1187 μολιόδν

333 1218 616 1287 χαμουχέιν
654 1215 795 1284 μετὰ
821 1213 1199 1285 βαρεοκοιλίας
1251 1212 1601 1280 ἐνδεδυμένον
1659 1212 1753 1264 καὶ
1784 1229 1918 1282 χρυ-

339 1312 456 1363 σίου
484 1310 858 1379 κεντηνάρνον,
884 1307 965 1361 ἐτι
995 1306 1052 1361 δέ
1077 1308 1171 1360 καὶ
1199 1305 1293 1360 τὸν
1339 1306 1629 1362 κάλλιστον
1677 1305 1920 1373 γλωσσό-

333 1417 505 1471 κομον
526 1402 618 1455 τὸν
664 1400 843 1472 μέγαν
871 1400 963 1453 καὶ
989 1398 1209 1471 ὡραῖον,
1236 1400 1295 1453 ὃν
1322 1400 1428 1469 πέρ
1469 1398 1590 1453 ποτ’
1609 1399 1743 1470 ἐμοῦ
1790 1400 1915 1469 ἐζή-

336 1509 418 1545 τει
441 1505 456 1521 ⁸
492 1486 606 1562 εἶχε
629 1491 738 1559 γὰρ
761 1491 845 1544 ὅδε
876 1493 903 1542 ό
924 1492 1310 1560 γλωσσόκομος
1359 1490 1506 1543 ἐνδον
1533 1491 1751 1561 λάφυρα
1788 1491 1915 1557 ἄξια

337 1581 463 1643 θέας
487 1581 661 1634 πολλὰ
681 1582 775 1635 καὶ
802 1581 944 1635 καλὰ
965 1580 1057 1633 καὶ
1078 1580 1245 1651 ἕτερα
1270 1579 1383 1650 εῐδη
1412 1579 1714 1650 θαυμάσια,
1772 1579 1916 1651 ἅπερ

335 1671 615 1741 ὲδὼθηταν
647 1672 873 1743 ὕστερον
908 1673 1046 1741 μετὰ
1073 1671 1172 1739 τὴν
1195 1670 1509 1740 ἀποδημίαν
1533 1671 1696 1724 αὐτοῦ
1724 1673 1789 1725 ἐκ
1815 1671 1915 1739 τῆς

333 1763 491 1816 ἐνθεν
514 1763 687 1831 ζωῆς,
716 1764 785 1817 τὰ
817 1762 916 1832 μὲν
942 1764 1051 1826 τοῖς
1081 1763 1215 1826 υἱοῖς
1251 1762 1441 1831 αὐτοῦ,
1474 1764 1540 1815 τὰ
1578 1763 1635 1816 δὲ
1658 1764 1797 1834 ὑπὲρ
1819 1765 1915 1834 τῆς

2019 649 2283 719 πράσινον
2313 648 2405 701 καὶ
2437 646 2746 718 νομίσματα
2777 648 3134 718 πεντήκοντα,
3165 649 3200 719 ἠ
3246 648 3306 701 δέ
3340 649 3442 702 νέα
3498 650 3617 703 δέσ-

2017 759 2180 796 ποινα
2208 742 2494 812 μηνύσασά
2533 758 2622 810 μοι
2653 742 2734 794 ὅτι
2762 739 2821 794 τὸ
2849 740 2993 794 δεῖνα
3021 741 3191 811 αὐτῆς
3226 740 3449 808 ἔνδυμα
3484 742 3612 814 ἐση-

2016 848 2106 885 ται
2129 834 2194 902 τῇ
2219 831 2352 903 ἐμοῦ
2375 831 2634 899 συνεύνῳ,
2661 832 2791 885 ὅταν
2834 834 3055 899 γυναικὶ
3088 830 3492 901 συναρμοσθῶ,
3519 834 3615 887 καὶ

2018 925 2267 994 χρυσίνοι
2291 929 2456 978 τεσσᾶ
2466 925 2729 996 ράκοντα.

2088 1017 2167 1087 Τῇ
2194 1016 2249 1069 δέ
2291 1014 2374 1070 κα¹
2421 1012 2518 1070 τοῦ
2584 1016 2803 1071 Ἰουλίου
2852 1017 3020 1088 μηνὸς
3063 1018 3157 1071 τοῦ
3221 1016 3398 1072 αὐτοῦ
3462 1017 3615 1081 ἔτους

2017 1111 2342 1181 κεκοίμηται
2372 1111 2400 1163 6
2432 1112 2489 1164 ἐν
2510 1113 2576 1182 τῇ
2604 1110 2851 1182 μακαρίᾳ
2901 1112 2965 1179 τῇ
2998 1110 3148 1181 λήξει
3200 1110 3462 1181 ἀοίδιμος
3521 1111 3617 1164 καὶ

2018 1201 2248 1272 εὐσεϐὴς
2273 1201 2529 1272 βασιλεὺς
2561 1203 2667 1272 κὺρ
2730 1202 3012 1271 Μανουὴλ,
3064 1201 3119 1265 ὃς
3159 1201 3257 1255 διὰ
3317 1202 3420 1256 τοῦ
3468 1202 3612 1256 θείου

2018 1294 2113 1349 καὶ
2152 1294 2445 1362 ἀγγελικοῦ
2483 1295 2761 1364 σχήματος
2787 1294 3183 1367 μετωνομάσθη
3233 1293 3348 1363 πρδ
3389 1293 3615 1365 ἡμερῶν

2016 1388 2110 1440 δύο
2143 1387 2243 1458 τῆς
2279 1387 2445 1456 θανῆς
2477 1385 2642 1440 αὐτοῦ
2675 1386 2952 1450 Martiale;
2988 1385 3227 1457 μοναχός
3262 1401 3279 1417 ⁶
3313 1387 3408 1441 καὶ
3436 1387 3611 1458 ἐτάφη

2018 1478 2078 1534 ἐν
2107 1481 2174 1548 τῇ
2211 1476 2485 1550 σεϐασμίᾳ
2520 1477 2772 1548 βασιλικῇ
2802 1478 2897 1530 καὶ
2953 1478 3286 1547 περικαλλεῖ
3323 1480 3464 1548 μονῇ
3517 1475 3610 1530 τοῦ

2019 1572 2500 1643 Παντοκράτορος,
2538 1573 2674 1640 μετὰ
2705 1570 2937 1633 πένθους
2966 1570 3063 1623 καὶ
3091 1568 3414 1641 συνδρομῆς
3434 1568 3524 1622 οἵα
3546 1570 3605 1621 οὗ

2017 1666 2206 1733 γέγονε
2246 1667 2463 1719 πώποτε
2522 1664 2661 1733 πρός
2722 1681 2843 1718 τινα
2891 1663 2997 1716 τῶν
3045 1663 3251 1718 ἄλλων.
3322 1658 3511 1716 ’Ἦσαν
3554 1662 3611 1716 δὲ

2018 1762 2189 1813 πᾶσαι
2224 1759 2279 1812 αἱ
2305 1758 2510 1828 ἡμέραι
2540 1756 2637 1827 τῆς
2678 1757 2825 1826 ζωῆς
2856 1755 3020 1811 αὐτοῦ
3046 1765 3048 1768 ’
3074 1756 3171 1828 ἐτη
3202 1753 3288 1820 οζ¹
3330 1755 3429 1809 καὶ
3478 1756 3614 1824 ήμέο

334 1854 500 1942 ἀγξας
553 1852 734 1923 ψυχῆς
779 1852 966 1909 αὑτοῦ,
995 1852 1231 1907 ,Τοῦτον
1297 1854 1406 1924 γὰρ
1438 1853 1530 1907 τὸν
1569 1855 1770 1926 ὡραῖον
1819 1857 1914 1909 καὶ
1943 1892 1992 1953 Β
2020 1870 2111 1921 ραι
2144 1858 2242 1916 κε’,
2290 1851 2347 1917 ἐξ
2402 1843 2477 1904 ὧν
2530 1849 2879 1904 ἐϐασίλευσεν
2938 1850 3033 1920 ἐτη
3065 1849 3163 1904 δύο
3196 1849 3301 1902 καὶ
3336 1849 3612 1918 τεσσαρά-

334 1944 650 2015 θαυμαστὸν
675 1947 1061 2017 γλωσσόκομον
1092 1946 1198 2000 ἀπὸ
1218 1946 1410 2017 καιροῦ
1433 1948 1685 2018 ὠρέχθην
1712 1947 1874 2002 αὐτόν
1899 1965 1914 1980 ·

333 2035 413 2089 διὸ
446 2035 591 2102 ἔδοξέ
633 2053 723 2107 μοι
754 2037 987 2109 ζητῆσαι
1006 2035 1215 2104 τοῦτον,
1237 2037 1490 2108 δεόμενος
1532 2036 1609 2109 τῷ
1664 2036 1911 2110 βασιλεῖ’

331 2129 361 2181 6
394 2128 448 2182 δὲ
474 2128 809 2199 ἀπεκρίνατό
835 2146 925 2198 μοι
952 2128 1036 2182 ὅτι
1068 2128 1243 2191 Αὐτὸς
1268 2129 1295 2182 6
1329 2128 1713 2198 γλωσσόκομος
1738 2128 1917 2198 ὑπῆρ-

332 2235 426 2290 χεν
459 2217 555 2271 τοῦ
595 2218 803 2287 πατρός
838 2236 941 2286 μου
981 2218 1076 2272 τοῦ
1135 2217 1420 2288 βασιλέως,
1486 2217 1581 2272 καὶ
1630 2220 1689 2271 ἐν
1741 2218 1912 2287 αὐτῷ,

327 2306 403 2370 ὡς
431 2302 601 2373 οἶδας,
639 2304 755 2378 είχε
780 2308 951 2360 πολλὰ
981 2306 1121 2360 καλὰ
1173 2307 1393 2378 λάφυρα
1419 2309 1512 2361 καὶ
1537 2306 1720 2372 λίθους
1751 2307 1917 2360 πολυο

228 2386 245 2399 “
331 2399 524 2467 τίμους
539 2400 631 2453 καὶ
651 2400 1071 2474 ἐτεραπλεῖστα
1100 2398 1356 2469 βασιλικὰ
1386 2399 1524 2469 εἴδη,
1569 2398 1802 2451 ’πλείονα
1839 2392 1915 2454 ὧν

330 2486 502 2554 οιδας.
573 2490 716 2557 Ἐγὼ
751 2473 817 2544 at
881 2482 1046 2544 πάλιν
1086 2489 1225 2543 θέλω
1267 2489 1616 2559 δωρήσασθαι
1647 2490 1810 2543 αὑτὸν
1837 2473 1915 2560 τῷ

333 2583 545 2653 βασιλεῖ
563 2585 641 2655 τῷ
673 2583 775 2652 υίῷ
798 2600 925 2652 μου.
959 2582 1048 2637 ἴνα
1078 2602 1138 2636 εν
1172 2581 1322 2651 αὐτῷ
1351 2581 1452 2654 ἔχῃ
1486 2582 1740 2645 κάκεῖνος
1773 2580 1916 2652 μετὰ

328 2662 433 2745 τῆς
457 2676 621 2745 εὐχῆς
656 2675 825 2730 αὑτοῦ
857 2677 950 2728 καὶ
974 2674 1111 2746 ἐμοῦ
1135 2673 1204 2727 τὰ
1228 2673 1445 2728 ἑαυτοῦ.
1476 2674 1590 2726 Καὶ
1616 2672 1914 2743 ἀπέπεμψέ

334 2782 401 2835 με
425 2781 440 2795 ο
470 2767 565 2818 καὶ
595 2767 719 2819 τότε
750 2765 840 2821 διὰ
868 2766 966 2828 τὰς
1004 2765 1247 2835 χρηστὰς
1272 2763 1557 2832 ἀγγελίας,
1589 2764 1655 2827 ἃς
1681 2765 1915 2834 ἐκόμισα

335 2857 507 2926 αὐτῷ,
537 2854 869 2928 προσέταξεν
900 2857 987 2911 ίνα
1012 2857 1163 2910 λάϐω
1186 2856 1277 2909 τδν
1333 2858 1625 2928 εἰρημένον
1674 2856 1917 2925 γλωσσό-

333 2968 528 3019 κομον,
559 2950 618 3004 ὃν
638 2950 731 3004 καί⁹
757 2950 967 3022 ἔσχηκα
1003 2950 1142 3019 μετὰ
1188 2951 1289 3020 τῆς
1336 2950 1496 3018 ἁγίας
1544 2949 1710 3004 αὐτοῦ
1747 2950 1918 3020 εὐχῆς

334 3043 517 3114 πλήρη
573 3042 788 3097 πολλῶν
843 3044 1132 3115 χρησίμων
1184 3044 1281 3098 καὶ
1328 3044 1533 3115 τιμίων
1576 3045 1917 3114 πραγμάτων

332 3136 523 3190 τούτου
552 3136 645 3190 τοῦ
679 3137 913 3208 ματαίου
942 3137 1084 3210 βίου,
1115 3136 1424 3192 κελεύσασα
1457 3139 1538 3192 ἐτι
1564 3138 1661 3192 καὶ
1694 3138 1850 3210 121
1879 3139 1913 3207 ἠ

331 3318 573 3373 sidentes
640 3317 712 3371 ibi
748 3316 1069 3385 lmperatrix
1116 3326 1172 3375 et
1206 3318 1316 3374 lilia
1369 3318 1510 3391 eius.
1543 3319 1769 3375 absente
1821 3333 1915 3373 ve-

335 3409 499 3464 nandi
532 3424 696 3465 causa
743 3410 1095 3480 imperatore,
1142 3427 1263 3467 cum
1306 3427 1407 3483 ego
1464 3412 1676 3468 litteras
1719 3412 1914 3483 praele-

336 3503 560 3572 gissem,
616 3518 867 3573 magnam
934 3518 1002 3559 er.
1026 3503 1096 3561 iis
1140 3505 1476 3575 voluptatem
1529 3513 1912 3576 perceperunt,

335 3595 535 3664 quippe
565 3610 596 3650 e
626 3596 824 3666 quibus
860 3596 1154 3661 discerent,
1183 3597 1478 3672 Joannem,
1500 3599 1638 3653 bona
1680 3599 1759 3653 uti
1816 3614 1913 3653 va-

334 3685 574 3742 letudine
601 3695 655 3741 et
695 3687 747 3741 in
783 3702 1032 3757 magnam
1066 3688 1344 3744 Blachiam
1389 3689 1766 3758 profecturum
1793 3703 1915 3746 esse

336 3787 500 3850 atque
531 3794 754 3852 cupere,
780 3790 839 3836 ut
868 3782 920 3837 in
960 3782 1263 3853 regionem,
1299 3782 1528 3838 Gellium
1562 3797 1685 3853 quae
1730 3784 1914 3854 appel-

335 3872 502 3938 latur,
534 3871 884 3927 mitterentur
905 3872 1179 3939 triremes,
1208 3887 1331 3942 qua:
1353 3887 1413 3929 se
1434 3873 1743 3945 reciperent
1769 3884 1825 3931 et
1859 3875 1914 3930 in

339 3962 525 4018 urbem
550 3964 897 4019 reducerent.
955 3964 1034 4018 Ac
1079 3964 1233 4020 brevi
1284 3971 1407 4034 post
1467 3964 1767 4035 imperator
1818 3980 1917 4038 per

337 4052 653 4121 pra‘l’ectum
674 4056 1126 4110 vestimentorum
1154 4055 1381 4112 donavit
1418 4058 1550 4114 mihi
1584 4067 1791 4116 vestem
1822 4068 1911 4116 se-

340 4145 507 4201 ricam
539 4148 814 4218 egregiam
845 4156 902 4203 et
933 4152 1307 4205 centenarium
1340 4152 1483 4218 auri,
1509 4160 1673 4224 atque
1726 4167 1914 4208 arcam

339 4237 562 4308 insuper
579 4240 885 4295 vestiariam
920 4240 1153 4312 amplam
1175 4251 1227 4297 et
1251 4244 1391 4299 mire
1415 4243 1716 4313 pulchram,
1752 4258 1915 4315 quam

339 4330 468 4386 olim
500 4330 635 4385 mihi
680 4342 1050 4388 recusaverat.
1106 4335 1438 4392 Continebat
1481 4338 1631 4392 enim
1680 4351 1744 4393 ea
1788 4350 1916 4392 arca

339 4425 567 4480 multam
594 4424 990 4495 supellectilem
1031 4427 1150 4481 visu
1197 4428 1419 4496 dignam
1446 4438 1502 4482 et
1561 4429 1911 4498 prmelaram,

2018 1962 2206 1999 κοντα.

2091 2028 2259 2099 Οὗτος
2281 2030 2373 2089 οῦν
2403 2036 2432 2089 6
2466 2035 2720 2106 βασιλεὺς
2752 2035 2857 2106 κὺρ
2885 2035 3147 2108 Μανουὴλ
3171 2036 3405 2107 πρῶτον
3436 2038 3606 2105 θυγα-

2017 2127 2154 2196 τέρα
2179 2126 2437 2195 ἐγέννησε
2465 2124 2566 2196 τὴν
2603 2133 2619 2178 ζ
2667 2164 2682 2180 .
2725 2163 2741 2180 .
2785 2161 2801 2178 .
2843 2163 2857 2179 .
2901 2165 2916 2190 ,
2976 2118 3096 2177 εἶτα
3161 2125 3607 2189 Κωνσταντῖνσν,

2031 2215 2285 2286 Ἰωάννην
2318 2217 2407 2270 τὸν
2437 2206 2663 2287 βασιλέα
2686 2217 2781 2270 καὶ
2811 2215 3156 2287 Ἀνδρόνικον
3178 2204 3278 2270 τδν
3319 2216 3608 2287 δεσπότην,

2017 2307 2112 2360 καὶ
2179 2307 2454 2379 θυγατέρα
2505 2308 2771 2376 δευτέραν
2812 2308 2910 2377 τὴν
2949 2347 2962 2360 .
3006 2348 3019 2363 .
3058 2347 3071 2363 .
3109 2347 3123 2362 .
3174 2347 3189 2363 .
3238 2346 3256 2362 .
3293 2349 3308 2372 ,
3339 2306 3612 2378 Θεόδωρον

2016 2400 2107 2455 τὸν
2135 2399 2400 2470 δεσπότην
2422 2400 2518 2453 καὶ
2563 2401 3090 2470 πορφυρογέννητον,
3122 2401 3354 2471 Μιχαὴλ
3385 2399 3495 2453 τὸν,
3518 2398 3613 2452 αὖα

2018 2490 2394 2556 θεντόπουλον,
2453 2492 2863 2547 Κωνσταντῖνον
2906 2491 2998 2545 τδν
3061 2491 3328 2563 δεύτερον
3367 2492 3460 2545 τὸν
3521 2494 3612 2545 καὶ.

2019 2582 2244 2653 βασιλέα
2296 2584 2622 2655 γενόμενον,
2668 2585 2983 2656 Δημήτριον
3033 2583 3124 2637 τὸν
3177 2584 3460 2655 δεσπότην
3516 2584 3609 2637 καὶ

2017 2678 2220 2745 Θωμᾶν
2258 2678 2351 2731 τὸν
2380 2677 2669 2748 δεσπότην.
2698 2679 2814 2734 Ζῶν
2842 2678 2898 2731 δδ
2926 2681 2954 2732 ό
2983 2678 3242 2749 βασιλεὺς
3284 2678 3386 2732 καὶ
3422 2677 3601 2761 πατὴρ

2017 2770 2197 2823 αὐτῶν
2219 2771 2531 2843 διεμέρισενι
2576 2770 2793 2841 ἑκάστῳ
2835 2770 3040 2825 τούτων
3099 2771 3298 2825 τούσδε
3353 2772 3485 2835 τοὺς
3527 2769 3610 2823 τό·

2018 2877 2174 2923 πους.
2207 2861 2275 2915 δι’
2304 2861 2371 2934 ῆν
2393 2862 2576 2916 αἰτίαν
2605 2864 2703 2916 καὶ
2752 2862 2895 2932 μέγα
2926 2861 3083 2930 122
3143 2864 3324 2917 κακὸν
3388 2860 3606 2931 προεξέ-

2018 2969 2147 3020 νησε
2174 2956 2239 3024 τῇ
2273 2952 2382 3007 τῶν
2420 2954 2709 3025 Ῥωμαίων
2736 2954 2899 3024 ἀρχῇ.
2936 2954 3046 3006 Καὶ
3100 2954 3328 3024 πρῶτον
3365 2953 3467 3024 μὲν
3520 2951 3605 3005 τὸν

2028 3045 2285 3115 Ἰωάννην
2314 3044 2539 3116 βασιλέα
2572 3046 2741 3108 εῐασε,
2773 3043 2852 3116 τῷ
2879 3046 2937 3099 δὲ
2992 3045 3233 3118 δεσπότῃ
3305 3037 3415 3116 κῦρ
3487 3044 3604 3099 Ἀν-

2016 3136 2248 3210 δρονίκφ
2295 3136 2395 3209 τὴν
2430 3136 2835 3208 Θεσσαλονίκην
2877 3139 2972 3192 καὶ
2996 3137 3064 3192 τὰ
3110 3136 3597 3208 ἑαυτῆς-δέδωκεν.

2019 3318 2184 3373 miam
2213 3316 2437 3386 prasino
2465 3317 2653 3374 colore
2681 3325 2738 3374 et
2760 3332 3015 3375 nummos
3043 3316 3446 3391 quinquaginta
3474 3311 3606 3372 mibi

2006 3409 2133 3487 dari
2161 3408 2366 3478 jussit;
2397 3408 2519 3480 ejus
2557 3408 2667 3465 lilia
2704 3418 2889 3465 autem
2921 3410 3277 3481 signiﬁcavit,
3314 3418 3598 3481 postquam

2019 3515 2244 3556 uxorem
2264 3495 2563 3567 duxissem,
2594 3499 2722 3556 huic
2744 3516 2804 3556 se
2832 3509 3037 3556 vestem
3068 3515 3225 3557 suam
3256 3498 3594 3573 praestantis-

2017 3594 2213 3649 simam
2242 3600 2563 3648 etnummos
2612 3607 2812 3649 aureos
2842 3592 3211 3664 quadraginta
3275 3594 3613 3659 donaturam.

2017 3699 2159 3742 esse.

2086 3778 2186 3835 Die
2217 3776 2343 3834 Julii
2371 3778 2436 3834 21
2472 3776 2715 3850 eiusdem
2745 3780 2870 3835 anni
2903 3782 3188 3836 beatorum
3219 3789 3373 3859 sorte
3394 3778 3597 3836 obdoro

2016 3870 2171 3928 mivit
2199 3871 2469 3943 gloriosus
2496 3882 2550 3928 et
2571 3872 2690 3942 pius
2721 3873 3020 3943 imperator
3048 3871 3267 3930 Manuel
3328 3871 3593 3932 dominus,

2019 3962 2184 4018 biduo
2211 3970 2337 4017 ante
2367 3970 2594 4018 mortem
2629 3962 2818 4017 divino
2836 3971 2893 4016 et
2934 3952 3180 4032 angelico
3205 3964 3395 4018 habitu
3431 3960 3587 4015 indu-

2018 4064 2106 4111 tus
2132 4064 2188 4110 et
2219 4055 2529 4126 appellatus
2558 4054 2845 4111 Mattheus
2876 4055 3203 4110 monachus.
3231 4055 3492 4124 Sepultus
3510 4055 3591 4104 est

2020 4151 2071 4204 in
2101 4148 2397 4204 venerabili
2450 4147 2673 4203 basilica
2730 4156 2788 4202 et
2839 4148 3211 4218 pulcherrimo
3267 4142 3593 4203 monasterio

2015 4240 2444 4308 Pantocratoris,
2480 4257 2601 4297 cum
2632 4241 2783 4296 luctu
2833 4251 2888 4296 et
2912 4256 3205 4307 concursu,
3239 4240 3416 4312 qualis
3466 4234 3590 4291 nulli

2018 4346 2256 4402 unquam
2289 4332 2380 4388 alii
2412 4331 2664 4402 cuntigit.
2706 4331 2942 4388 Omnino
2989 4333 3201 4389 vixerat
3228 4348 3404 4388 annos
3433 4329 3499 4384 77
3541 4334 3590 4380 et

2020 4426 2135 4482 dics
2157 4425 2248 4491 25,
2286 4439 2317 4480 e
2351 4425 2546 4495 quibus
2579 4435 2903 4496 regnaverat
2933 4441 3106 4484 annos
3163 4426 3305 4484 duos
3333 4433 3389 4483 et
3455 4435 3584 4494 qua-

342 4515 588 4585 aliasque
617 4529 707 4572 res
740 4516 1045 4582 mirabiles,
1076 4532 1198 4587 quae
1230 4516 1493 4589 deinceps
1520 4528 1642 4588 post
1703 4520 1912 4575 obitum
1945 4584 1978 4589 Δ
2020 4516 2289 4586 draginta.
2606 4580 2614 4587 ,

341 4584 687 4676 imperatoris
718 4609 911 4677 partim
940 4608 1066 4665 liliis
1095 4584 1234 4679 ‘ejus
1294 4584 1533 4678 donata,
1573 4611 1771 4681 partim
1842 4614 1913 4667 ob
1942 4584 1996 4645 D
2090 4584 2191 4665 llic
2210 4608 2374 4679 igitur
2400 4584 2718 4679 imperator,
2754 4607 2974 4664 Manuel
3024 4608 3310 4673 dominus,
3360 4606 3581 4677 primum

342 4697 573 4753 salutem
600 4698 772 4755 beatae
799 4699 920 4770 ejus
943 4700 1140 4756 anima:
1203 4701 1509 4758 sacriﬁcata
1544 4714 1692 4759 sunt.
1747 4703 1917 4774 liuius

341 4788 508 4858 igitur
543 4803 685 4846 arca:
728 4791 960 4862 egregia:
994 4800 1050 4848 et
1079 4835 1085 4841 .
1112 4793 1274 4862 plano
1326 4792 1597 4850 mirabilis
1655 4809 1780 4849 cum
1825 4796 1915 4852 diu

340 4880 657 4950 ﬂagrassem
679 4883 969 4946 desiderio,
993 4884 1168 4939 visum
1193 4893 1279 4940 est
1305 4886 1437 4939 mihi
1468 4887 1538 4939 ab
1583 4887 1917 4956 imperatore

341 4986 460 5025 eam
492 4982 768 5043 expetere.
795 4976 863 5030 At
887 4976 979 5032 ille
1011 4976 1085 5030 ita
1122 4977 1405 5043 reSpondit
1436 4994 1450 5033 :
1492 4996 1510 5028 ι
1542 4977 1666 5032 Fuit
1698 4995 1760 5035 ea
1790 4995 1915 5036 arca

341 5063 681 5130 imperatori,
707 5068 846 5136 patri
877 5083 1022 5131 meo,
1062 5069 1179 5137 qui,
1222 5080 1282 5123 ut
1311 5069 1478 5134 nosti,
1540 5073 1708 5126 multa
1780 5089 1919 5145 prm—

340 5156 486 5211 clara
521 5172 707 5226 opera,
736 5160 943 5229 lapides
968 5160 1240 5229 pretiosos
1304 5161 1517 5232 aliaque
1541 5164 1687 5234 regia
1747 5180 1917 5221 orna-

342 5259 527 5305 menta
554 5252 729 5320 plura,
753 5268 916 5322 quam
948 5254 1168 5318 eredas,
1202 5252 1256 5308 in
1294 5270 1356 5309 ea
1403 5258 1744 5315 asservabat.
1801 5258 1917 5328 Ego

340 5356 459 5396 eam
492 5358 683 5396 rursus
710 5344 1050 5411 imperatori,
1119 5360 1239 5401 meo
1284 5348 1415 5415 ﬁlio,
1470 5350 1706 5416 denabo,
1762 5359 1823 5407 ut
1872 5354 1918 5407 is

340 5447 560 5504 quoque
597 5449 663 5487 ex
696 5437 840 5490 votis
867 5443 978 5491 tum
1006 5436 1122 5492 suis
1146 5447 1258 5494 tum
1287 5442 1422 5496 meis
1461 5443 1513 5497 iu
1573 5444 1763 5501 eadem
1827 5460 1917 5501 res

341 5540 472 5581 suas
508 5537 775 5580 asservet.
815 5544 833 5578 ι
875 5525 952 5582 Ita
986 5529 1196 5585 dimisit
1231 5548 1335 5589 me.
1384 5532 1522 5591 Tum
1555 5547 1738 5591 autem
1795 5552 1919 5606 pro-

222 5642 227 5645 -
340 5626 461 5685 pter
483 5617 662 5683 laetos,
693 5634 829 5689 quos
849 5619 896 5675 ei
929 5623 1238 5689 attuleram,
1267 5629 1489 5685 nunties
1518 5629 1828 5698 impieravit,
1856 5640 1916 5684 ut

346 5708 655 5765 traderetur
679 5711 809 5764 mihi
834 5711 936 5765 ista
969 5728 1117 5778 arca,
1158 5730 1321 5785 quam
1359 5735 1482 5771 cum
1520 5721 1608 5788 pio
1639 5719 1760 5789 ejus
1787 5729 1915 5771 voto

345 5796 511 5853 rebus
536 5799 756 5855 utilibus
776 5810 832 5855 et
859 5802 912 5855 in
930 5802 1033 5859 hac
1076 5805 1222 5860 inani
1257 5807 1365 5861 vita
1398 5807 1629 5866 laudatis
1651 5809 1911 5876 repletam

347 5887 553 5957 recepi.
584 5888 1194 5964 Similitorimperatrix
1255 5909 1461 5957 vestem
1517 5901 1749 5956 sericam
1803 5899 1918 5953 exi-

2024 4701 2189 4757 lilium
2226 4702 2529 4773 procreavit
2557 4703 2792 4769 nomine,
2816 4741 2833 4757 .
2860 4739 2878 4759 .
2900 4742 2916 4757 .
2945 4702 3142 4759 deinde
3157 4699 3580 4758 Constantinum,

2021 4795 2407 4864 imperatorem
2454 4794 2716 4851 Joannem
2746 4805 2798 4851 et
2848 4794 3227 4852 Andronicum
3288 4795 3576 4861 despolam.

2023 4896 2135 4942 tum
2165 4886 2393 4943 alteram
2427 4889 2615 4954 tiliam,
2655 4888 2740 4944 cui
2767 4902 2969 4962 nomen
2999 4897 3140 4952 erat,
3173 4927 3190 4943 .
3221 4926 3236 4943 .
3271 4925 3289 4943 .
3353 4877 3581 4939 Theodo-

2022 4993 2140 5033 rum
2214 4979 2496 5057 despotam
2554 4988 2609 5034 et
2664 4979 3207 5051 porphyrugenitum,
3266 4971 3570 5034 Michaelem

2020 5073 2344 5142 principem,
2370 5073 2793 5129 Constantinum
2841 5073 3130 5139 minorem,
3167 5073 3261 5142 qui
3292 5071 3576 5138 imperator

2014 5164 2142 5230 fuit,
2180 5165 2511 5220 Demetrium
2541 5167 2818 5236 deSpotam
2855 5174 2909 5218 et
2985 5163 3262 5219 Thomam
3287 5163 3573 5230 despctam-

2023 5257 2116 5312 llis
2150 5259 2447 5326 imperator
2470 5267 2643 5327 pater,
2676 5272 2799 5313 cum
2836 5256 2891 5310 in
2928 5257 3064 5313 vivis
3101 5257 3282 5312 adhuc
3306 5261 3463 5314 esset,
3505 5246 3574 5301 l0-

2020 5362 2115 5403 eos
2146 5348 2311 5403 hosce
2339 5348 2617 5404 distribuit
2644 5365 2659 5403 :
2694 5364 2815 5419 quae
2848 5348 3186 5416 resimperio
3219 5348 3568 5401 Romanorum

2022 5456 2270 5511 magnam
2298 5441 2892 5497 calamitatemaltnlit.
2928 5440 3007 5495 Ac
3072 5441 3308 5510 primum
3363 5434 3566 5506 quidem

2018 5532 2284 5587 Joannem
2316 5534 2443 5589 sivit
2480 5517 2866 5605 imperatorem
2893 5547 3040 5594 esse,
3067 5532 3369 5587 Andronico
3400 5534 3564 5581 autem

2021 5628 2258 5692 despotic
2289 5623 2730 5680 Thessalonicam
2762 5623 2993 5695 ejusque
3032 5622 3184 5678 urbis
3251 5612 3562 5678 territorium

2022 5718 2262 5770 donavit.
2292 5714 2488 5773 Visum
2514 5728 2694 5773 autem
2728 5728 2811 5772 est
2843 5716 2974 5771 huic
3003 5724 3257 5787 Qropter
3314 5714 3559 5766 summm

2022 5802 2476 5873 imbecillitatem,
2519 5807 2974 5882 Thessalonicam
3015 5809 3204 5863 urbem
3246 5815 3298 5862 et
3343 5814 3454 5871 qua:
3500 5790 3558 5845 ad

2019 5914 2138 5955 eam
2170 5902 2441 5970 pertinent
2472 5900 2799 5958 Venetorum
2840 5902 3044 5958 civitati
3093 5903 3320 5957 vendere
3348 5883 3559 5951 nummis
