  <div class='ocr_page' id='page_1' title='image "/cluster/home/n/w/nwhite01/storage/ocr_20150623/156/coo.31924054870617/378.png"; bbox 0 0 3964 6466; ppageno 0'>
   <div class='ocr_carea' id='block_1_1' title="bbox 435 370 539 445">
    <p class='ocr_par' dir='ltr' id='par_1_1' title="bbox 435 370 539 445">
     <span class='ocr_line' id='line_1_1' title="bbox 435 370 539 445; baseline 0.01 -1"><span class='ocrx_word' id='word_1_1' title='bbox 435 370 539 445; x_wconf 72' lang='lat'><strong>741</strong></span> 
     </span>
    </p>
   </div>
   <div class='ocr_carea' id='block_1_2' title="bbox 1475 357 2673 432">
    <p class='ocr_par' dir='ltr' id='par_1_2' title="bbox 1475 357 2673 432">
     <span class='ocr_line' id='line_1_2' title="bbox 1475 357 2673 432; baseline -0.011 1"><span class='ocrx_word' id='word_1_2' title='bbox 1475 360 1922 432; x_wconf 68' lang='lat' dir='ltr'><strong>CHRONICDN</strong></span> <span class='ocrx_word' id='word_1_3' title='bbox 1954 357 2228 424; x_wconf 77' lang='lat' dir='ltr'><strong>MAJUS.</strong></span> <span class='ocrx_word' id='word_1_4' title='bbox 2274 387 2343 400; x_wconf 89' lang='lat'><em>-</em></span> <span class='ocrx_word' id='word_1_5' title='bbox 2387 359 2537 423; x_wconf 83' lang='lat' dir='ltr'><strong>LIB.</strong></span> <span class='ocrx_word' id='word_1_6' title='bbox 2590 358 2673 420; x_wconf 84' lang='lat' dir='ltr'><strong>ll.</strong></span> 
     </span>
    </p>
   </div>
   <div class='ocr_carea' id='block_1_3' title="bbox 3594 346 3734 429">
    <p class='ocr_par' dir='ltr' id='par_1_3' title="bbox 3594 346 3734 429">
     <span class='ocr_line' id='line_1_3' title="bbox 3594 346 3734 429; baseline 0.021 -3"><span class='ocrx_word' id='word_1_7' title='bbox 3594 358 3702 429; x_wconf 61' lang='grc' dir='ltr'>τις</span> <span class='ocrx_word' id='word_1_8' title='bbox 3725 346 3734 355; x_wconf 92' lang='grc'><strong>’</strong></span> 
     </span>
    </p>
   </div>
   <div class='ocr_carea' id='block_1_4' title="bbox 436 475 3696 569">
    <p class='ocr_par' dir='ltr' id='par_1_4' title="bbox 436 475 3696 569">
     <span class='ocr_line' id='line_1_4' title="bbox 436 475 3696 569; baseline -0.005 -17"><span class='ocrx_word' id='word_1_9' title='bbox 436 496 528 552; x_wconf 79' lang='grc' dir='ltr'>τὸν</span> <span class='ocrx_word' id='word_1_10' title='bbox 579 494 752 564; x_wconf 85' lang='grc' dir='ltr'>τάφον</span> <span class='ocrx_word' id='word_1_11' title='bbox 804 493 970 549; x_wconf 80' lang='grc' dir='ltr'>αὑτοῦ</span> <span class='ocrx_word' id='word_1_12' title='bbox 1007 493 1173 565; x_wconf 80' lang='grc' dir='ltr'>μέχρι</span> <span class='ocrx_word' id='word_1_13' title='bbox 1209 490 1305 546; x_wconf 81' lang='grc' dir='ltr'>τοῦ</span> <span class='ocrx_word' id='word_1_14' title='bbox 1360 482 1595 561; x_wconf 71' lang='grc' dir='ltr'>πρώτου</span> <span class='ocrx_word' id='word_1_15' title='bbox 1637 482 2014 569; x_wconf 78' lang='grc' dir='ltr'>μνημοσύνου.</span> <span class='ocrx_word' id='word_1_16' title='bbox 2046 482 2091 539; x_wconf 73' lang='grc' dir='ltr'><strong>Α</strong></span> <span class='ocrx_word' id='word_1_17' title='bbox 2120 476 2307 547; x_wconf 80' lang='grc' dir='ltr'><strong>νήσου,</strong></span> <span class='ocrx_word' id='word_1_18' title='bbox 2332 478 2429 569; x_wconf 82' lang='grc' dir='ltr'>καὶ</span> <span class='ocrx_word' id='word_1_19' title='bbox 2461 476 2511 529; x_wconf 89' lang='grc' dir='ltr'><strong>εί</strong></span> <span class='ocrx_word' id='word_1_20' title='bbox 2548 475 2649 545; x_wconf 80' lang='grc' dir='ltr'><strong>μὲν</strong></span> <span class='ocrx_word' id='word_1_21' title='bbox 2677 475 2706 526; x_wconf 79' lang='grc' dir='ltr'><strong>ό</strong></span> <span class='ocrx_word' id='word_1_22' title='bbox 2733 476 2970 546; x_wconf 77' lang='grc' dir='ltr'>ἁδελφός</span> <span class='ocrx_word' id='word_1_23' title='bbox 3015 494 3118 547; x_wconf 84' lang='grc' dir='ltr'><strong>μου</strong></span> <span class='ocrx_word' id='word_1_24' title='bbox 3170 477 3330 551; x_wconf 81' lang='grc' dir='ltr'>μείνῃ</span> <span class='ocrx_word' id='word_1_25' title='bbox 3361 481 3562 550; x_wconf 77' lang='grc' dir='ltr'>ἐκεῖσε,</span> <span class='ocrx_word' id='word_1_26' title='bbox 3598 503 3696 556; x_wconf 48' lang='grc' dir='ltr'>με.</span> 
     </span>
    </p>
   </div>
   <div class='ocr_carea' id='block_1_5' title="bbox 435 577 2017 659">
    <p class='ocr_par' dir='ltr' id='par_1_5' title="bbox 435 577 2017 659">
     <span class='ocr_line' id='line_1_5' title="bbox 435 577 2017 659; baseline -0.011 -13"><span class='ocrx_word' id='word_1_27' title='bbox 435 592 550 646; x_wconf 74' lang='grc' dir='ltr'><strong>Καὶ</strong></span> <span class='ocrx_word' id='word_1_28' title='bbox 579 588 757 653; x_wconf 79' lang='grc' dir='ltr'>οὕτως</span> <span class='ocrx_word' id='word_1_29' title='bbox 802 589 1129 659; x_wconf 71' lang='grc' dir='ltr'>ἀπήλθομεν,</span> <span class='ocrx_word' id='word_1_30' title='bbox 1173 588 1255 649; x_wconf 83' lang='grc' dir='ltr'><strong>εἰς</strong></span> <span class='ocrx_word' id='word_1_31' title='bbox 1300 587 1402 657; x_wconf 81' lang='grc' dir='ltr'><strong>τὴν</strong></span> <span class='ocrx_word' id='word_1_32' title='bbox 1453 583 1659 649; x_wconf 86' lang='grc' dir='ltr'>οίκίαν,</span> <span class='ocrx_word' id='word_1_33' title='bbox 1693 579 1824 635; x_wconf 73' lang='grc' dir='ltr'>ἔνθα</span> <span class='ocrx_word' id='word_1_34' title='bbox 1853 577 2017 631; x_wconf 76' lang='grc' dir='ltr'>κατέ-</span> 
     </span>
    </p>
   </div>
   <div class='ocr_carea' id='block_1_6' title="bbox 438 672 2017 755">
    <p class='ocr_par' dir='ltr' id='par_1_6' title="bbox 438 672 2017 755">
     <span class='ocr_line' id='line_1_6' title="bbox 438 672 2017 755; baseline -0.008 -18"><span class='ocrx_word' id='word_1_35' title='bbox 438 700 605 755; x_wconf 88' lang='grc' dir='ltr'>μενεν</span> <span class='ocrx_word' id='word_1_36' title='bbox 638 684 667 736; x_wconf 84' lang='grc' dir='ltr'><strong>ό</strong></span> <span class='ocrx_word' id='word_1_37' title='bbox 699 680 892 751; x_wconf 71' lang='grc' dir='ltr'>ῥηθεὶς</span> <span class='ocrx_word' id='word_1_38' title='bbox 933 681 1207 750; x_wconf 83' lang='grc' dir='ltr'><strong>δεσπότης</strong></span> <span class='ocrx_word' id='word_1_39' title='bbox 1243 679 1351 749; x_wconf 79' lang='grc' dir='ltr'><strong>κὺρ</strong></span> <span class='ocrx_word' id='word_1_40' title='bbox 1378 676 1814 741; x_wconf 84' lang='grc' dir='ltr'>Κωνσταντϊνος,</span> <span class='ocrx_word' id='word_1_41' title='bbox 1860 672 2017 727; x_wconf 66' lang='grc' dir='ltr'>καθίι</span> 
     </span>
    </p>
   </div>
   <div class='ocr_carea' id='block_1_7' title="bbox 439 765 2014 841">
    <p class='ocr_par' dir='ltr' id='par_1_7' title="bbox 439 765 2014 841">
     <span class='ocr_line' id='line_1_7' title="bbox 439 765 2014 841; baseline -0.008 -11"><span class='ocrx_word' id='word_1_42' title='bbox 439 788 636 839; x_wconf 81' lang='grc' dir='ltr'>σαντες</span> <span class='ocrx_word' id='word_1_43' title='bbox 660 775 766 841; x_wconf 73' lang='grc' dir='ltr'>ἔξω</span> <span class='ocrx_word' id='word_1_44' title='bbox 799 773 875 837; x_wconf 85' lang='grc' dir='ltr'>ὡς</span> <span class='ocrx_word' id='word_1_45' title='bbox 928 774 978 826; x_wconf 80' lang='lat' dir='ltr'><strong>oi</strong></span> <span class='ocrx_word' id='word_1_46' title='bbox 1013 772 1222 826; x_wconf 80' lang='grc' dir='ltr'>πολλοί.</span> <span class='ocrx_word' id='word_1_47' title='bbox 1253 770 1461 824; x_wconf 80' lang='grc' dir='ltr'>Μαθὼν</span> <span class='ocrx_word' id='word_1_48' title='bbox 1491 768 1546 822; x_wconf 82' lang='grc' dir='ltr'>δὲ</span> <span class='ocrx_word' id='word_1_49' title='bbox 1581 767 1741 822; x_wconf 83' lang='grc' dir='ltr'>τοῦτο</span> <span class='ocrx_word' id='word_1_50' title='bbox 1769 770 1796 821; x_wconf 85' lang='grc' dir='ltr'>ὁ</span> <span class='ocrx_word' id='word_1_51' title='bbox 1821 765 2014 820; x_wconf 83' lang='grc' dir='ltr'>δεσπό-</span> 
     </span>
    </p>
   </div>
   <div class='ocr_carea' id='block_1_8' title="bbox 436 855 2014 942">
    <p class='ocr_par' dir='ltr' id='par_1_8' title="bbox 436 855 2014 942">
     <span class='ocr_line' id='line_1_8' title="bbox 436 855 2014 942; baseline -0.01 -19"><span class='ocrx_word' id='word_1_52' title='bbox 436 885 536 942; x_wconf 89' lang='grc' dir='ltr'><strong>της</strong></span> <span class='ocrx_word' id='word_1_53' title='bbox 566 866 903 929; x_wconf 75' lang='grc' dir='ltr'><strong>ἀποστείλας</strong></span> <span class='ocrx_word' id='word_1_54' title='bbox 945 865 1037 918; x_wconf 81' lang='grc' dir='ltr'><strong>τὸν</strong></span> <span class='ocrx_word' id='word_1_55' title='bbox 1084 862 1226 916; x_wconf 84' lang='grc' dir='ltr'>θεῖόν</span> <span class='ocrx_word' id='word_1_56' title='bbox 1261 878 1386 932; x_wconf 84' lang='grc' dir='ltr'>μου,</span> <span class='ocrx_word' id='word_1_57' title='bbox 1425 860 1517 915; x_wconf 64' lang='grc' dir='ltr'><strong>καί⁵</strong></span> <span class='ocrx_word' id='word_1_58' title='bbox 1543 857 1738 931; x_wconf 72' lang='grc' dir='ltr'>εἴρηκέ</span> <span class='ocrx_word' id='word_1_59' title='bbox 1769 873 1863 927; x_wconf 86' lang='grc' dir='ltr'><strong>μοι</strong></span> <span class='ocrx_word' id='word_1_60' title='bbox 1892 855 2014 909; x_wconf 86' lang='grc' dir='ltr'>δεσ-</span> 
     </span>
    </p>
   </div>
   <div class='ocr_carea' id='block_1_9' title="bbox 440 949 2015 1029">
    <p class='ocr_par' dir='ltr' id='par_1_9' title="bbox 440 949 2015 1029">
     <span class='ocr_line' id='line_1_9' title="bbox 440 949 2015 1029; baseline -0.008 -15"><span class='ocrx_word' id='word_1_61' title='bbox 440 958 652 1029; x_wconf 86' lang='grc' dir='ltr'>ποτικῷ</span> <span class='ocrx_word' id='word_1_62' title='bbox 677 957 1065 1027; x_wconf 80' lang='grc' dir='ltr'><strong>προστάγματι</strong></span> <span class='ocrx_word' id='word_1_63' title='bbox 1098 956 1181 1009; x_wconf 81' lang='grc' dir='ltr'>ὅτι</span> <span class='ocrx_word' id='word_1_64' title='bbox 1213 956 1286 1009; x_wconf 81' lang='grc' dir='ltr'><strong>Σὺ</strong></span> <span class='ocrx_word' id='word_1_65' title='bbox 1325 953 1424 1024; x_wconf 83' lang='grc' dir='ltr'>μὲν</span> <span class='ocrx_word' id='word_1_66' title='bbox 1449 953 1761 1024; x_wconf 83' lang='grc' dir='ltr'><strong>τετήρηκας</strong></span> <span class='ocrx_word' id='word_1_67' title='bbox 1791 949 1890 1021; x_wconf 76' lang='grc' dir='ltr'><strong>τὴν</strong></span> <span class='ocrx_word' id='word_1_68' title='bbox 1918 949 2015 1003; x_wconf 79' lang='grc' dir='ltr'>τά-</span> 
     </span>
    </p>
   </div>
   <div class='ocr_carea' id='block_1_10' title="bbox 442 1038 2012 1118">
    <p class='ocr_par' dir='ltr' id='par_1_10' title="bbox 442 1038 2012 1118">
     <span class='ocr_line' id='line_1_10' title="bbox 442 1038 2012 1118; baseline -0.008 -13"><span class='ocrx_word' id='word_1_69' title='bbox 442 1051 525 1116; x_wconf 82' lang='grc' dir='ltr'>ξιν</span> <span class='ocrx_word' id='word_1_70' title='bbox 561 1050 656 1104; x_wconf 78' lang='grc' dir='ltr'>καὶ</span> <span class='ocrx_word' id='word_1_71' title='bbox 688 1049 787 1102; x_wconf 86' lang='grc' dir='ltr'><strong>οὐκ</strong></span> <span class='ocrx_word' id='word_1_72' title='bbox 829 1045 1082 1118; x_wconf 72' lang='grc' dir='ltr'><strong>εἰσῆλθες</strong></span> <span class='ocrx_word' id='word_1_73' title='bbox 1128 1048 1210 1110; x_wconf 82' lang='grc' dir='ltr'><strong>είς</strong></span> <span class='ocrx_word' id='word_1_74' title='bbox 1257 1045 1319 1099; x_wconf 79' lang='grc' dir='ltr'><strong>τὸ</strong></span> <span class='ocrx_word' id='word_1_75' title='bbox 1363 1043 1576 1099; x_wconf 85' lang='grc' dir='ltr'>κελλίον</span> <span class='ocrx_word' id='word_1_76' title='bbox 1608 1059 1709 1113; x_wconf 91' lang='grc' dir='ltr'><strong>μου</strong></span> <span class='ocrx_word' id='word_1_77' title='bbox 1738 1041 1798 1108; x_wconf 79' lang='grc' dir='ltr'><strong>ἐξ</strong></span> <span class='ocrx_word' id='word_1_78' title='bbox 1824 1038 2012 1112; x_wconf 82' lang='grc' dir='ltr'>ὀρθοῦ,</span> 
     </span>
    </p>
   </div>
   <div class='ocr_carea' id='block_1_11' title="bbox 439 1132 2014 1212">
    <p class='ocr_par' dir='ltr' id='par_1_11' title="bbox 439 1132 2014 1212">
     <span class='ocr_line' id='line_1_11' title="bbox 439 1132 2014 1212; baseline -0.006 -16"><span class='ocrx_word' id='word_1_79' title='bbox 439 1144 515 1206; x_wconf 87' lang='grc' dir='ltr'><strong>ὡς</strong></span> <span class='ocrx_word' id='word_1_80' title='bbox 549 1141 671 1205; x_wconf 77' lang='grc' dir='ltr'>ἔθος</span> <span class='ocrx_word' id='word_1_81' title='bbox 707 1157 792 1194; x_wconf 86' lang='grc' dir='ltr'><strong>σοι</strong></span> <span class='ocrx_word' id='word_1_82' title='bbox 823 1134 892 1212; x_wconf 85' lang='grc' dir='ltr'>ἧν</span> <span class='ocrx_word' id='word_1_83' title='bbox 945 1137 1025 1192; x_wconf 74' lang='grc' dir='ltr'>ἔτι</span> <span class='ocrx_word' id='word_1_84' title='bbox 1071 1138 1276 1203; x_wconf 77' lang='grc' dir='ltr'>ζῶντος</span> <span class='ocrx_word' id='word_1_85' title='bbox 1316 1138 1411 1191; x_wconf 80' lang='grc' dir='ltr'>τοῦ</span> <span class='ocrx_word' id='word_1_86' title='bbox 1462 1135 1719 1198; x_wconf 81' lang='grc' dir='ltr'>αὐθεντός</span> <span class='ocrx_word' id='word_1_87' title='bbox 1769 1151 1871 1205; x_wconf 88' lang='grc' dir='ltr'><strong>μου</strong></span> <span class='ocrx_word' id='word_1_88' title='bbox 1916 1132 2014 1186; x_wconf 76' lang='grc' dir='ltr'>καὶ</span> 
     </span>
    </p>
   </div>
   <div class='ocr_carea' id='block_1_12' title="bbox 439 1226 2015 1308">
    <p class='ocr_par' dir='ltr' id='par_1_12' title="bbox 439 1226 2015 1308">
     <span class='ocr_line' id='line_1_12' title="bbox 439 1226 2015 1308; baseline -0.008 -19"><span class='ocrx_word' id='word_1_89' title='bbox 439 1234 709 1308; x_wconf 80' lang='grc' dir='ltr'>βασιλέως</span> <span class='ocrx_word' id='word_1_90' title='bbox 741 1233 837 1287; x_wconf 78' lang='grc' dir='ltr'><strong>καὶ</strong></span> <span class='ocrx_word' id='word_1_91' title='bbox 886 1233 1095 1303; x_wconf 82' lang='grc' dir='ltr'>πατρός</span> <span class='ocrx_word' id='word_1_92' title='bbox 1123 1247 1137 1262; x_wconf 79' lang='grc' dir='ltr'><strong>ο</strong></span> <span class='ocrx_word' id='word_1_93' title='bbox 1173 1231 1315 1302; x_wconf 77' lang='grc' dir='ltr'>πλὴν</span> <span class='ocrx_word' id='word_1_94' title='bbox 1360 1232 1523 1303; x_wconf 77' lang='grc' dir='ltr'>ἡμεῖς</span> <span class='ocrx_word' id='word_1_95' title='bbox 1554 1229 1831 1301; x_wconf 77' lang='grc' dir='ltr'>ὀφειλέται</span> <span class='ocrx_word' id='word_1_96' title='bbox 1860 1226 2015 1288; x_wconf 75' lang='grc' dir='ltr'>ὄντες</span> 
     </span>
    </p>
   </div>
   <div class='ocr_carea' id='block_1_13' title="bbox 437 1323 2017 1399">
    <p class='ocr_par' dir='ltr' id='par_1_13' title="bbox 437 1323 2017 1399">
     <span class='ocr_line' id='line_1_13' title="bbox 437 1323 2017 1399; baseline -0.006 -15"><span class='ocrx_word' id='word_1_97' title='bbox 437 1330 539 1399; x_wconf 86' lang='grc' dir='ltr'>τῆς</span> <span class='ocrx_word' id='word_1_98' title='bbox 567 1327 793 1397; x_wconf 80' lang='grc' dir='ltr'><strong>ἀγάπης</strong></span> <span class='ocrx_word' id='word_1_99' title='bbox 823 1326 917 1379; x_wconf 78' lang='grc' dir='ltr'><strong>καὶ</strong></span> <span class='ocrx_word' id='word_1_100' title='bbox 947 1325 1281 1395; x_wconf 82' lang='grc' dir='ltr'>δουλοσύνης</span> <span class='ocrx_word' id='word_1_101' title='bbox 1310 1326 1413 1396; x_wconf 84' lang='grc' dir='ltr'>τῆς</span> <span class='ocrx_word' id='word_1_102' title='bbox 1443 1324 1597 1395; x_wconf 82' lang='grc' dir='ltr'>παρὰ</span> <span class='ocrx_word' id='word_1_103' title='bbox 1627 1323 1725 1377; x_wconf 82' lang='grc' dir='ltr'>σοῦ</span> <span class='ocrx_word' id='word_1_104' title='bbox 1752 1324 1891 1395; x_wconf 80' lang='grc' dir='ltr'>πρὸς</span> <span class='ocrx_word' id='word_1_105' title='bbox 1915 1324 2017 1377; x_wconf 59' lang='grc' dir='ltr'><strong>αὖ-</strong></span> 
     </span>
    </p>
   </div>
   <div class='ocr_carea' id='block_1_14' title="bbox 439 1415 2016 1489">
    <p class='ocr_par' dir='ltr' id='par_1_14' title="bbox 439 1415 2016 1489">
     <span class='ocr_line' id='line_1_14' title="bbox 439 1415 2016 1489; baseline -0.002 -13"><span class='ocrx_word' id='word_1_106' title='bbox 439 1421 532 1475; x_wconf 76' lang='grc' dir='ltr'><strong>τὸν</strong></span> <span class='ocrx_word' id='word_1_107' title='bbox 559 1421 656 1473; x_wconf 74' lang='grc' dir='ltr'>καὶ</span> <span class='ocrx_word' id='word_1_108' title='bbox 687 1418 825 1486; x_wconf 74' lang='grc' dir='ltr'>πρὸς</span> <span class='ocrx_word' id='word_1_109' title='bbox 860 1417 1030 1489; x_wconf 79' lang='grc' dir='ltr'>ἡμᾶς,</span> <span class='ocrx_word' id='word_1_110' title='bbox 1076 1417 1486 1488; x_wconf 79' lang='grc' dir='ltr'>εὐεργετοῦμέν</span> <span class='ocrx_word' id='word_1_111' title='bbox 1515 1434 1575 1470; x_wconf 86' lang='grc' dir='ltr'><strong>σε</strong></span> <span class='ocrx_word' id='word_1_112' title='bbox 1624 1415 1723 1471; x_wconf 78' lang='grc' dir='ltr'>τοῦ</span> <span class='ocrx_word' id='word_1_113' title='bbox 1754 1415 2016 1473; x_wconf 82' lang='grc' dir='ltr'>δύνασθαι</span> 
     </span>
    </p>
   </div>
   <div class='ocr_carea' id='block_1_15' title="bbox 444 1508 2093 1586">
    <p class='ocr_par' dir='ltr' id='par_1_15' title="bbox 444 1508 2093 1586">
     <span class='ocr_line' id='line_1_15' title="bbox 444 1508 2093 1586; baseline -0.004 -19"><span class='ocrx_word' id='word_1_114' title='bbox 444 1513 703 1586; x_wconf 82' lang='grc' dir='ltr'>ἔρχεσθαι</span> <span class='ocrx_word' id='word_1_115' title='bbox 734 1512 797 1577; x_wconf 81' lang='grc' dir='ltr'>ἐξ</span> <span class='ocrx_word' id='word_1_116' title='bbox 824 1511 989 1582; x_wconf 81' lang='grc' dir='ltr'>ὀρθοῦ</span> <span class='ocrx_word' id='word_1_117' title='bbox 1029 1513 1124 1565; x_wconf 76' lang='grc' dir='ltr'><strong>καὶ</strong></span> <span class='ocrx_word' id='word_1_118' title='bbox 1166 1512 1249 1575; x_wconf 88' lang='grc' dir='ltr'><strong>είς</strong></span> <span class='ocrx_word' id='word_1_119' title='bbox 1302 1511 1367 1565; x_wconf 82' lang='grc' dir='ltr'><strong>τδ</strong></span> <span class='ocrx_word' id='word_1_120' title='bbox 1413 1510 1626 1565; x_wconf 87' lang='grc' dir='ltr'>κελλίον</span> <span class='ocrx_word' id='word_1_121' title='bbox 1662 1527 1787 1582; x_wconf 86' lang='grc' dir='ltr'>μου,</span> <span class='ocrx_word' id='word_1_122' title='bbox 1815 1508 1891 1573; x_wconf 85' lang='grc' dir='ltr'>ὡς</span> <span class='ocrx_word' id='word_1_123' title='bbox 1919 1510 2016 1564; x_wconf 78' lang='grc' dir='ltr'>καὶ</span> <span class='ocrx_word' id='word_1_124' title='bbox 2080 1550 2093 1561; x_wconf 81' lang='grc'><strong>,</strong></span> 
     </span>
    </p>
   </div>
   <div class='ocr_carea' id='block_1_16' title="bbox 440 1602 2014 1677">
    <p class='ocr_par' dir='ltr' id='par_1_16' title="bbox 440 1602 2014 1677">
     <span class='ocr_line' id='line_1_16' title="bbox 440 1602 2014 1677; baseline -0.001 -18"><span class='ocrx_word' id='word_1_125' title='bbox 440 1609 709 1677; x_wconf 83' lang='grc' dir='ltr'>πρότερον</span> <span class='ocrx_word' id='word_1_126' title='bbox 747 1604 906 1675; x_wconf 78' lang='lat'><strong>127</strong></span> <span class='ocrx_word' id='word_1_127' title='bbox 940 1605 1149 1667; x_wconf 78' lang='grc' dir='ltr'>ἐποίεις</span> <span class='ocrx_word' id='word_1_128' title='bbox 1181 1604 1260 1657; x_wconf 74' lang='grc' dir='ltr'>ἔτι</span> <span class='ocrx_word' id='word_1_129' title='bbox 1291 1604 1496 1668; x_wconf 85' lang='grc' dir='ltr'>ζῶντος</span> <span class='ocrx_word' id='word_1_130' title='bbox 1521 1602 1614 1657; x_wconf 82' lang='grc' dir='ltr'>τοῦ</span> <span class='ocrx_word' id='word_1_131' title='bbox 1647 1602 1860 1673; x_wconf 87' lang='grc' dir='ltr'>πατρός</span> <span class='ocrx_word' id='word_1_132' title='bbox 1886 1618 2014 1671; x_wconf 80' lang='grc' dir='ltr'>μου.</span> 
     </span>
    </p>
   </div>
   <div class='ocr_carea' id='block_1_17' title="bbox 442 1690 2015 1766">
    <p class='ocr_par' dir='ltr' id='par_1_17' title="bbox 442 1690 2015 1766">
     <span class='ocr_line' id='line_1_17' title="bbox 442 1690 2015 1766; baseline -0.003 -17"><span class='ocrx_word' id='word_1_133' title='bbox 442 1694 816 1766; x_wconf 72' lang='grc' dir='ltr'>Προσταχθεὶς</span> <span class='ocrx_word' id='word_1_134' title='bbox 846 1690 941 1748; x_wconf 78' lang='grc' dir='ltr'><strong>οὖν</strong></span> <span class='ocrx_word' id='word_1_135' title='bbox 982 1695 1134 1764; x_wconf 83' lang='grc' dir='ltr'>παρὰ</span> <span class='ocrx_word' id='word_1_136' title='bbox 1183 1693 1279 1747; x_wconf 79' lang='grc' dir='ltr'>τοῦ</span> <span class='ocrx_word' id='word_1_137' title='bbox 1330 1692 1598 1764; x_wconf 76' lang='grc' dir='ltr'>βασιλέως</span> <span class='ocrx_word' id='word_1_138' title='bbox 1646 1692 1738 1745; x_wconf 84' lang='grc' dir='ltr'><strong>καί</strong></span> <span class='ocrx_word' id='word_1_139' title='bbox 1770 1690 2015 1765; x_wconf 73' lang='grc' dir='ltr'><strong>¹ἀδελφοῦ</strong></span> 
     </span>
    </p>
   </div>
   <div class='ocr_carea' id='block_1_18' title="bbox 2119 568 3698 647">
    <p class='ocr_par' dir='ltr' id='par_1_18' title="bbox 2119 568 3698 647">
     <span class='ocr_line' id='line_1_18' title="bbox 2119 568 3698 647; baseline 0.005 -26"><span class='ocrx_word' id='word_1_140' title='bbox 2119 569 2257 621; x_wconf 84' lang='grc' dir='ltr'><strong>νέτω</strong></span> <span class='ocrx_word' id='word_1_141' title='bbox 2283 568 2380 623; x_wconf 83' lang='grc' dir='ltr'>κα⁸ι</span> <span class='ocrx_word' id='word_1_142' title='bbox 2428 568 2592 630; x_wconf 78' lang='grc' dir='ltr'>αὐτὸς</span> <span class='ocrx_word' id='word_1_143' title='bbox 2631 570 2752 638; x_wconf 80' lang='grc' dir='ltr'>μετ’</span> <span class='ocrx_word' id='word_1_144' title='bbox 2784 570 2974 635; x_wconf 79' lang='grc' dir='ltr'>αὑτοῦ,</span> <span class='ocrx_word' id='word_1_145' title='bbox 3018 571 3146 623; x_wconf 77' lang='grc' dir='ltr'>ἐπεὶ</span> <span class='ocrx_word' id='word_1_146' title='bbox 3181 572 3279 626; x_wconf 76' lang='grc' dir='ltr'>καὶ</span> <span class='ocrx_word' id='word_1_147' title='bbox 3310 576 3344 644; x_wconf 74' lang='grc' dir='ltr'>ἡ</span> <span class='ocrx_word' id='word_1_148' title='bbox 3392 577 3560 646; x_wconf 81' lang='grc' dir='ltr'>κυρία</span> <span class='ocrx_word' id='word_1_149' title='bbox 3593 595 3698 647; x_wconf 74' lang='grc' dir='ltr'><strong>μου</strong></span> 
     </span>
    </p>
   </div>
   <div class='ocr_carea' id='block_1_19' title="bbox 2118 659 3701 738">
    <p class='ocr_par' dir='ltr' id='par_1_19' title="bbox 2118 659 3701 738">
     <span class='ocr_line' id='line_1_19' title="bbox 2118 659 3701 738; baseline 0.004 -24"><span class='ocrx_word' id='word_1_150' title='bbox 2118 660 2151 730; x_wconf 82' lang='grc' dir='ltr'><strong>ή</strong></span> <span class='ocrx_word' id='word_1_151' title='bbox 2204 659 2471 714; x_wconf 81' lang='grc' dir='ltr'>δέσποινα</span> <span class='ocrx_word' id='word_1_152' title='bbox 2523 661 2832 731; x_wconf 77' lang='grc' dir='ltr'>προσέταξέ</span> <span class='ocrx_word' id='word_1_153' title='bbox 2889 680 2983 729; x_wconf 85' lang='grc' dir='ltr'><strong>μοι</strong></span> <span class='ocrx_word' id='word_1_154' title='bbox 3043 663 3219 727; x_wconf 72' lang='grc' dir='ltr'>οὕτως</span> <span class='ocrx_word' id='word_1_155' title='bbox 3270 667 3367 719; x_wconf 74' lang='grc' dir='ltr'><strong>καὶ</strong></span> <span class='ocrx_word' id='word_1_156' title='bbox 3423 671 3701 738; x_wconf 79' lang='grc' dir='ltr'><strong>συγχωρεῖ</strong></span> 
     </span>
    </p>
   </div>
   <div class='ocr_carea' id='block_1_20' title="bbox 2115 753 3700 830">
    <p class='ocr_par' dir='ltr' id='par_1_20' title="bbox 2115 753 3700 830">
     <span class='ocr_line' id='line_1_20' title="bbox 2115 753 3700 830; baseline 0.007 -25"><span class='ocrx_word' id='word_1_157' title='bbox 2115 753 2252 806; x_wconf 83' lang='grc' dir='ltr'>αὐτό</span> <span class='ocrx_word' id='word_1_158' title='bbox 2277 770 2293 786; x_wconf 75' lang='grc' dir='ltr'><strong>ο</strong></span> <span class='ocrx_word' id='word_1_159' title='bbox 2316 756 2370 807; x_wconf 83' lang='grc' dir='ltr'><strong>εί</strong></span> <span class='ocrx_word' id='word_1_160' title='bbox 2399 754 2455 807; x_wconf 73' lang='grc' dir='ltr'>δὲ</span> <span class='ocrx_word' id='word_1_161' title='bbox 2481 754 2885 825; x_wconf 71' lang='grc' dir='ltr'>ἐπαναστρέψει</span> <span class='ocrx_word' id='word_1_162' title='bbox 2912 757 3149 811; x_wconf 71' lang='grc' dir='ltr'>ἐνταῦθα</span> <span class='ocrx_word' id='word_1_163' title='bbox 3179 758 3305 827; x_wconf 81' lang='grc' dir='ltr'>μετ’</span> <span class='ocrx_word' id='word_1_164' title='bbox 3327 760 3466 830; x_wconf 81' lang='grc' dir='ltr'>ἐμοῦ</span> <span class='ocrx_word' id='word_1_165' title='bbox 3491 765 3519 814; x_wconf 90' lang='grc' dir='ltr'><strong>ὀ</strong></span> <span class='ocrx_word' id='word_1_166' title='bbox 3546 763 3700 815; x_wconf 86' lang='grc' dir='ltr'>ἀδελ-</span> 
     </span>
    </p>
   </div>
   <div class='ocr_carea' id='block_1_21' title="bbox 2117 829 3699 924">
    <p class='ocr_par' dir='ltr' id='par_1_21' title="bbox 2117 829 3699 924">
     <span class='ocr_line' id='line_1_21' title="bbox 2117 829 3699 924; baseline 0.006 -25"><span class='ocrx_word' id='word_1_167' title='bbox 2117 847 2218 916; x_wconf 83' lang='grc' dir='ltr'><strong>φός</strong></span> <span class='ocrx_word' id='word_1_168' title='bbox 2253 862 2378 918; x_wconf 89' lang='grc' dir='ltr'>μου,</span> <span class='ocrx_word' id='word_1_169' title='bbox 2428 847 2490 900; x_wconf 80' lang='grc' dir='ltr'><strong>οὐ</strong></span> <span class='ocrx_word' id='word_1_170' title='bbox 2545 852 2655 919; x_wconf 74' lang='grc' dir='ltr'><strong>χρὴ</strong></span> <span class='ocrx_word' id='word_1_171' title='bbox 2703 850 2751 901; x_wconf 81' lang='grc' dir='ltr'><strong>εί</strong></span> <span class='ocrx_word' id='word_1_172' title='bbox 2807 849 2886 919; x_wconf 74' lang='grc' dir='ltr'>μὴ</span> <span class='ocrx_word' id='word_1_173' title='bbox 2940 845 3085 905; x_wconf 74' lang='grc' dir='ltr'>εἶναι</span> <span class='ocrx_word' id='word_1_174' title='bbox 3115 851 3280 906; x_wconf 77' lang='grc' dir='ltr'>αὐτὸν</span> <span class='ocrx_word' id='word_1_175' title='bbox 3313 829 3699 924; x_wconf 44' lang='grc' dir='ltr'>δυνΙὲμοὶμῦς</span> 
     </span>
    </p>
   </div>
   <div class='ocr_carea' id='block_1_22' title="bbox 2115 939 3695 1021">
    <p class='ocr_par' dir='ltr' id='par_1_22' title="bbox 2115 939 3695 1021">
     <span class='ocr_line' id='line_1_22' title="bbox 2115 939 3695 1021; baseline 0.006 -28"><span class='ocrx_word' id='word_1_176' title='bbox 2115 939 2270 1011; x_wconf 79' lang='grc' dir='ltr'>παρὰ</span> <span class='ocrx_word' id='word_1_177' title='bbox 2321 939 2419 995; x_wconf 84' lang='grc' dir='ltr'><strong>τοῦ</strong></span> <span class='ocrx_word' id='word_1_178' title='bbox 2469 939 2737 1011; x_wconf 86' lang='grc' dir='ltr'>βασιλέως</span> <span class='ocrx_word' id='word_1_179' title='bbox 2785 941 2885 996; x_wconf 80' lang='grc' dir='ltr'>τοῦ</span> <span class='ocrx_word' id='word_1_180' title='bbox 2935 942 3196 1008; x_wconf 80' lang='grc' dir='ltr'>αὑθεντός</span> <span class='ocrx_word' id='word_1_181' title='bbox 3227 962 3332 1015; x_wconf 84' lang='grc' dir='ltr'><strong>μου</strong></span> <span class='ocrx_word' id='word_1_182' title='bbox 3366 949 3458 1001; x_wconf 76' lang='grc' dir='ltr'><strong>καὶ</strong></span> <span class='ocrx_word' id='word_1_183' title='bbox 3491 949 3695 1021; x_wconf 74' lang='grc' dir='ltr'>πατρὸς</span> 
     </span>
    </p>
   </div>
   <div class='ocr_carea' id='block_1_23' title="bbox 2114 1030 3692 1110">
    <p class='ocr_par' dir='ltr' id='par_1_23' title="bbox 2114 1030 3692 1110">
     <span class='ocr_line' id='line_1_23' title="bbox 2114 1030 3692 1110; baseline 0.006 -26"><span class='ocrx_word' id='word_1_184' title='bbox 2114 1030 2488 1101; x_wconf 82' lang='grc' dir='ltr'>προσετάχθη,</span> <span class='ocrx_word' id='word_1_185' title='bbox 2531 1032 2694 1103; x_wconf 73' lang='lat'><strong>128</strong></span> <span class='ocrx_word' id='word_1_186' title='bbox 2718 1032 2746 1086; x_wconf 82' lang='grc' dir='ltr'><strong>ὃ</strong></span> <span class='ocrx_word' id='word_1_187' title='bbox 2775 1033 2871 1086; x_wconf 76' lang='grc' dir='ltr'><strong>καὶ</strong></span> <span class='ocrx_word' id='word_1_188' title='bbox 2912 1033 3140 1098; x_wconf 78' lang='grc' dir='ltr'><strong>δικαίως</strong></span> <span class='ocrx_word' id='word_1_189' title='bbox 3192 1035 3484 1106; x_wconf 75' lang='grc' dir='ltr'><strong>ὀφείλομεν</strong></span> <span class='ocrx_word' id='word_1_190' title='bbox 3533 1040 3692 1110; x_wconf 77' lang='grc' dir='ltr'>ἡμεῖς</span> 
     </span>
    </p>
   </div>
   <div class='ocr_carea' id='block_1_24' title="bbox 2114 1122 3693 1204">
    <p class='ocr_par' dir='ltr' id='par_1_24' title="bbox 2114 1122 3693 1204">
     <span class='ocr_line' id='line_1_24' title="bbox 2114 1122 3693 1204; baseline 0.006 -26"><span class='ocrx_word' id='word_1_191' title='bbox 2114 1122 2342 1193; x_wconf 80' lang='grc' dir='ltr'>ποιῆσαι</span> <span class='ocrx_word' id='word_1_192' title='bbox 2373 1123 2531 1180; x_wconf 85' lang='grc' dir='ltr'>αὐτό.</span> <span class='ocrx_word' id='word_1_193' title='bbox 2577 1125 2931 1197; x_wconf 80' lang='grc' dir='ltr'>Ἐρχομένων</span> <span class='ocrx_word' id='word_1_194' title='bbox 2959 1127 3057 1182; x_wconf 78' lang='grc' dir='ltr'><strong>οὖν</strong></span> <span class='ocrx_word' id='word_1_195' title='bbox 3099 1131 3183 1192; x_wconf 87' lang='grc' dir='ltr'><strong>είς</strong></span> <span class='ocrx_word' id='word_1_196' title='bbox 3219 1132 3320 1201; x_wconf 76' lang='grc' dir='ltr'>τὴν</span> <span class='ocrx_word' id='word_1_197' title='bbox 3352 1132 3693 1204; x_wconf 88' lang='grc' dir='ltr'>Πελοπόννη-</span> 
     </span>
    </p>
   </div>
   <div class='ocr_carea' id='block_1_25' title="bbox 2116 1215 3691 1295">
    <p class='ocr_par' dir='ltr' id='par_1_25' title="bbox 2116 1215 3691 1295">
     <span class='ocr_line' id='line_1_25' title="bbox 2116 1215 3691 1295; baseline 0.006 -27"><span class='ocrx_word' id='word_1_198' title='bbox 2116 1231 2210 1269; x_wconf 91' lang='grc' dir='ltr'><strong>σον</strong></span> <span class='ocrx_word' id='word_1_199' title='bbox 2235 1215 2312 1286; x_wconf 85' lang='grc' dir='ltr'>τῷ</span> <span class='ocrx_word' id='word_1_200' title='bbox 2346 1216 2450 1284; x_wconf 77' lang='grc' dir='ltr'><strong>μὲν</strong></span> <span class='ocrx_word' id='word_1_201' title='bbox 2474 1216 2624 1288; x_wconf 79' lang='grc' dir='ltr'>ήμην</span> <span class='ocrx_word' id='word_1_202' title='bbox 2653 1218 2881 1284; x_wconf 85' lang='grc' dir='ltr'>τελείως</span> <span class='ocrx_word' id='word_1_203' title='bbox 2922 1220 3263 1293; x_wconf 81' lang='grc' dir='ltr'>ὑποχείριος,</span> <span class='ocrx_word' id='word_1_204' title='bbox 3298 1224 3374 1288; x_wconf 83' lang='grc' dir='ltr'><strong>ὡς</strong></span> <span class='ocrx_word' id='word_1_205' title='bbox 3404 1229 3691 1295; x_wconf 79' lang='grc' dir='ltr'>προεῖπον,</span> 
     </span>
    </p>
   </div>
   <div class='ocr_carea' id='block_1_26' title="bbox 2113 1306 3558 1381">
    <p class='ocr_par' dir='ltr' id='par_1_26' title="bbox 2113 1306 3558 1381">
     <span class='ocr_line' id='line_1_26' title="bbox 2113 1306 3558 1381; baseline 0.008 -21"><span class='ocrx_word' id='word_1_206' title='bbox 2113 1307 2192 1377; x_wconf 83' lang='grc' dir='ltr'>τῷ</span> <span class='ocrx_word' id='word_1_207' title='bbox 2221 1306 2279 1359; x_wconf 79' lang='grc' dir='ltr'><strong>δέ</strong></span> <span class='ocrx_word' id='word_1_208' title='bbox 2312 1307 2503 1380; x_wconf 73' lang='grc' dir='ltr'>ἀγάπῃ</span> <span class='ocrx_word' id='word_1_209' title='bbox 2539 1311 2635 1364; x_wconf 73' lang='grc' dir='ltr'>καὶ</span> <span class='ocrx_word' id='word_1_210' title='bbox 2661 1310 2842 1364; x_wconf 80' lang='grc' dir='ltr'>ἐλπίδι</span> <span class='ocrx_word' id='word_1_211' title='bbox 2873 1314 3337 1381; x_wconf 78' lang='grc' dir='ltr'>προσαπέϐλεπον</span> <span class='ocrx_word' id='word_1_212' title='bbox 3367 1317 3558 1371; x_wconf 77' lang='grc' dir='ltr'>αὐτόν.</span> 
     </span>
    </p>
   </div>
   <div class='ocr_carea' id='block_1_27' title="bbox 2197 1399 3695 1477">
    <p class='ocr_par' dir='ltr' id='par_1_27' title="bbox 2197 1399 3695 1477">
     <span class='ocr_line' id='line_1_27' title="bbox 2197 1399 3695 1477; baseline 0.009 -26"><span class='ocrx_word' id='word_1_213' title='bbox 2197 1399 2606 1464; x_wconf 72' lang='grc' dir='ltr'>’Δποσωθέντες</span> <span class='ocrx_word' id='word_1_214' title='bbox 2630 1401 2726 1456; x_wconf 78' lang='grc' dir='ltr'><strong>οὖν</strong></span> <span class='ocrx_word' id='word_1_215' title='bbox 2753 1405 2836 1466; x_wconf 83' lang='grc' dir='ltr'><strong>είς</strong></span> <span class='ocrx_word' id='word_1_216' title='bbox 2868 1404 3280 1477; x_wconf 83' lang='grc' dir='ltr'>Πελοπόννησον</span> <span class='ocrx_word' id='word_1_217' title='bbox 3310 1410 3406 1461; x_wconf 76' lang='grc' dir='ltr'><strong>καὶ</strong></span> <span class='ocrx_word' id='word_1_218' title='bbox 3432 1410 3574 1462; x_wconf 82' lang='grc' dir='ltr'>κατὰ</span> <span class='ocrx_word' id='word_1_219' title='bbox 3600 1408 3695 1464; x_wconf 83' lang='grc' dir='ltr'>τοῦ</span> 
     </span>
    </p>
   </div>
   <div class='ocr_carea' id='block_1_28' title="bbox 2112 1487 3693 1569">
    <p class='ocr_par' dir='ltr' id='par_1_28' title="bbox 2112 1487 3693 1569">
     <span class='ocr_line' id='line_1_28' title="bbox 2112 1487 3693 1569; baseline 0.011 -28"><span class='ocrx_word' id='word_1_220' title='bbox 2112 1487 2289 1542; x_wconf 82' lang='grc' dir='ltr'>τόπου</span> <span class='ocrx_word' id='word_1_221' title='bbox 2315 1491 2522 1555; x_wconf 82' lang='grc' dir='ltr'>παντὸς</span> <span class='ocrx_word' id='word_1_222' title='bbox 2568 1492 2667 1546; x_wconf 80' lang='grc' dir='ltr'>τοῦ</span> <span class='ocrx_word' id='word_1_223' title='bbox 2717 1494 2875 1557; x_wconf 77' lang='grc' dir='ltr'>ἐντὸς</span> <span class='ocrx_word' id='word_1_224' title='bbox 2914 1496 3329 1569; x_wconf 83' lang='grc' dir='ltr'>Πελοποννήσου</span> <span class='ocrx_word' id='word_1_225' title='bbox 3366 1500 3424 1564; x_wconf 89' lang='grc' dir='ltr'>ὃς</span> <span class='ocrx_word' id='word_1_226' title='bbox 3459 1502 3564 1557; x_wconf 75' lang='grc' dir='ltr'>ὑπὸ</span> <span class='ocrx_word' id='word_1_227' title='bbox 3598 1506 3693 1559; x_wconf 81' lang='grc' dir='ltr'>τοῦ</span> 
     </span>
    </p>
   </div>
   <div class='ocr_carea' id='block_1_29' title="bbox 2113 1582 3693 1659">
    <p class='ocr_par' dir='ltr' id='par_1_29' title="bbox 2113 1582 3693 1659">
     <span class='ocr_line' id='line_1_29' title="bbox 2113 1582 3693 1659; baseline 0.012 -24"><span class='ocrx_word' id='word_1_228' title='bbox 2113 1582 2379 1638; x_wconf 80' lang='grc' dir='ltr'>δεσπότου</span> <span class='ocrx_word' id='word_1_229' title='bbox 2427 1586 2679 1657; x_wconf 80' lang='grc' dir='ltr'>Καρόλου</span> <span class='ocrx_word' id='word_1_230' title='bbox 2719 1589 3023 1659; x_wconf 80' lang='grc' dir='ltr'>ἐκρατεῖτο,</span> <span class='ocrx_word' id='word_1_231' title='bbox 3055 1590 3391 1656; x_wconf 80' lang='grc' dir='ltr'>ἀπελθόντες</span> <span class='ocrx_word' id='word_1_232' title='bbox 3431 1593 3527 1648; x_wconf 81' lang='grc' dir='ltr'><strong>οὖν</strong></span> <span class='ocrx_word' id='word_1_233' title='bbox 3559 1599 3693 1654; x_wconf 84' lang='grc' dir='ltr'>πάν-</span> 
     </span>
    </p>
   </div>
   <div class='ocr_carea' id='block_1_30' title="bbox 2115 1678 3695 1763">
    <p class='ocr_par' dir='ltr' id='par_1_30' title="bbox 2115 1678 3695 1763">
     <span class='ocr_line' id='line_1_30' title="bbox 2115 1678 3695 1763; baseline 0.012 -34"><span class='ocrx_word' id='word_1_234' title='bbox 2115 1694 2208 1741; x_wconf 84' lang='grc' dir='ltr'><strong>τες</strong></span> <span class='ocrx_word' id='word_1_235' title='bbox 2238 1678 2288 1731; x_wconf 83' lang='grc' dir='ltr'>οι</span> <span class='ocrx_word' id='word_1_236' title='bbox 2325 1678 2587 1734; x_wconf 74' lang='grc' dir='ltr'>αὐθένται</span> <span class='ocrx_word' id='word_1_237' title='bbox 2620 1682 2717 1737; x_wconf 76' lang='grc' dir='ltr'><strong>καὶ</strong></span> <span class='ocrx_word' id='word_1_238' title='bbox 2746 1680 2970 1751; x_wconf 80' lang='grc' dir='ltr'>ἀδελφοὶ</span> <span class='ocrx_word' id='word_1_239' title='bbox 3018 1687 3114 1738; x_wconf 77' lang='grc' dir='ltr'>καὶ</span> <span class='ocrx_word' id='word_1_240' title='bbox 3153 1687 3352 1760; x_wconf 75' lang='grc' dir='ltr'>βουλὴν</span> <span class='ocrx_word' id='word_1_241' title='bbox 3385 1693 3695 1763; x_wconf 86' lang='grc' dir='ltr'>ποιησάμε-</span> 
     </span>
    </p>
   </div>
   <div class='ocr_carea' id='block_1_31' title="bbox 441 1770 3696 1880">
    <p class='ocr_par' dir='ltr' id='par_1_31' title="bbox 441 1770 3696 1880">
     <span class='ocr_line' id='line_1_31' title="bbox 441 1770 3696 1880; baseline -0.001 -37"><span class='ocrx_word' id='word_1_242' title='bbox 441 1787 608 1843; x_wconf 84' lang='grc' dir='ltr'>αὐτοῦ</span> <span class='ocrx_word' id='word_1_243' title='bbox 658 1789 748 1842; x_wconf 76' lang='grc' dir='ltr'>ἵνα</span> <span class='ocrx_word' id='word_1_244' title='bbox 790 1785 1173 1840; x_wconf 86' lang='grc' dir='ltr'>συνακολουθῶ</span> <span class='ocrx_word' id='word_1_245' title='bbox 1213 1786 1363 1856; x_wconf 81' lang='grc' dir='ltr'>αὐτῷ</span> <span class='ocrx_word' id='word_1_246' title='bbox 1405 1785 1771 1857; x_wconf 81' lang='grc' dir='ltr'>ἀπερχομένῳ</span> <span class='ocrx_word' id='word_1_247' title='bbox 1800 1785 1880 1848; x_wconf 84' lang='grc' dir='ltr'><strong>είς</strong></span> <span class='ocrx_word' id='word_1_248' title='bbox 1912 1784 2015 1837; x_wconf 88' lang='grc' dir='ltr'><strong>Πε-</strong></span> <span class='ocrx_word' id='word_1_249' title='bbox 2042 1819 2090 1880; x_wconf 74' lang='grc' dir='ltr'><strong>Β</strong></span> <span class='ocrx_word' id='word_1_250' title='bbox 2116 1785 2198 1880; x_wconf 57' lang='grc' dir='ltr'><strong>νςι</strong></span> <span class='ocrx_word' id='word_1_251' title='bbox 2221 1770 2517 1880; x_wconf 35' lang='lat' dir='ltr'><strong>mimicum.</strong></span> <span class='ocrx_word' id='word_1_252' title='bbox 2541 1772 2619 1880; x_wconf 52' lang='grc' dir='ltr'><strong>μῖ]</strong></span> <span class='ocrx_word' id='word_1_253' title='bbox 2656 1772 2991 1880; x_wconf 58' lang='grc' dir='ltr'>θςρῤῗῦντεξ</span> <span class='ocrx_word' id='word_1_254' title='bbox 3160 1779 3400 1880; x_wconf 50' lang='lat' dir='ltr'><strong>abscdite;</strong></span> <span class='ocrx_word' id='word_1_255' title='bbox 3431 1783 3696 1880; x_wconf 73' lang='grc' dir='ltr'>ὑποτάξαι</span> 
     </span>
    </p>
   </div>
   <div class='ocr_carea' id='block_1_32' title="bbox 439 1861 3696 1949">
    <p class='ocr_par' dir='ltr' id='par_1_32' title="bbox 439 1861 3696 1949">
     <span class='ocr_line' id='line_1_32' title="bbox 439 1861 3696 1949; baseline -0 -14"><span class='ocrx_word' id='word_1_256' title='bbox 439 1881 792 1949; x_wconf 82' lang='grc' dir='ltr'>λοπόννησον,</span> <span class='ocrx_word' id='word_1_257' title='bbox 816 1878 886 1931; x_wconf 86' lang='grc' dir='ltr'>δι’</span> <span class='ocrx_word' id='word_1_258' title='bbox 932 1879 1116 1932; x_wconf 74' lang='grc' dir='ltr'>αἰτίαν</span> <span class='ocrx_word' id='word_1_259' title='bbox 1150 1879 1219 1948; x_wconf 81' lang='grc' dir='ltr'>ἢν</span> <span class='ocrx_word' id='word_1_260' title='bbox 1269 1876 1652 1948; x_wconf 81' lang='grc' dir='ltr'>ἐδηλώσαμεν,</span> <span class='ocrx_word' id='word_1_261' title='bbox 1699 1875 2013 1947; x_wconf 80' lang='grc' dir='ltr'>προστάξας</span> <span class='ocrx_word' id='word_1_262' title='bbox 2042 1861 2090 1880; x_wconf 58' lang='grc' dir='ltr'><strong><em>υ</em></strong></span> <span class='ocrx_word' id='word_1_263' title='bbox 2115 1861 2209 1915; x_wconf 74' lang='grc' dir='ltr'><strong>τδν</strong></span> <span class='ocrx_word' id='word_1_264' title='bbox 2235 1863 2404 1916; x_wconf 74' lang='grc' dir='ltr'><strong>τόπον</strong></span> <span class='ocrx_word' id='word_1_265' title='bbox 2454 1866 2645 1930; x_wconf 71' lang='grc' dir='ltr'><strong>αὐτοῖς</strong></span> <span class='ocrx_word' id='word_1_266' title='bbox 2688 1864 2748 1920; x_wconf 81' lang='grc' dir='ltr'><strong>δν</strong></span> <span class='ocrx_word' id='word_1_267' title='bbox 2784 1864 2932 1938; x_wconf 69' lang='grc' dir='ltr'>εἶχεν</span> <span class='ocrx_word' id='word_1_268' title='bbox 2965 1870 2997 1922; x_wconf 65' lang='grc' dir='ltr'>ὁ</span> <span class='ocrx_word' id='word_1_269' title='bbox 3045 1870 3318 1941; x_wconf 71' lang='grc' dir='ltr'>Κάρολος,</span> <span class='ocrx_word' id='word_1_270' title='bbox 3346 1874 3551 1942; x_wconf 75' lang='grc' dir='ltr'>ὁμοίως</span> <span class='ocrx_word' id='word_1_271' title='bbox 3598 1881 3696 1932; x_wconf 69' lang='grc' dir='ltr'><strong>καὶ</strong></span> 
     </span>
    </p>
   </div>
   <div class='ocr_carea' id='block_1_33' title="bbox 443 1968 2015 2044">
    <p class='ocr_par' dir='ltr' id='par_1_33' title="bbox 443 1968 2015 2044">
     <span class='ocr_line' id='line_1_33' title="bbox 443 1968 2015 2044; baseline -0.004 -18"><span class='ocrx_word' id='word_1_272' title='bbox 443 1990 536 2043; x_wconf 83' lang='grc' dir='ltr'><strong>μοι</strong></span> <span class='ocrx_word' id='word_1_273' title='bbox 561 1972 784 2044; x_wconf 72' lang='grc' dir='ltr'>εἴρηκεν</span> <span class='ocrx_word' id='word_1_274' title='bbox 812 1970 1013 2042; x_wconf 81' lang='grc' dir='ltr'><strong>ἐξόχως</strong></span> <span class='ocrx_word' id='word_1_275' title='bbox 1038 1971 1067 2024; x_wconf 90' lang='grc' dir='ltr'><strong>ό</strong></span> <span class='ocrx_word' id='word_1_276' title='bbox 1090 1969 1279 2041; x_wconf 73' lang='grc' dir='ltr'>ῥηθείς</span> <span class='ocrx_word' id='word_1_277' title='bbox 1301 1969 1572 2039; x_wconf 79' lang='grc' dir='ltr'>δεσπότης</span> <span class='ocrx_word' id='word_1_278' title='bbox 1592 1968 1701 2039; x_wconf 78' lang='grc' dir='ltr'><strong>κὺρ</strong></span> <span class='ocrx_word' id='word_1_279' title='bbox 1723 1968 2015 2021; x_wconf 80' lang='grc' dir='ltr'>Κωνσταν-</span> 
     </span>
    </p>
   </div>
   <div class='ocr_carea' id='block_1_34' title="bbox 438 2057 2013 2132">
    <p class='ocr_par' dir='ltr' id='par_1_34' title="bbox 438 2057 2013 2132">
     <span class='ocr_line' id='line_1_34' title="bbox 438 2057 2013 2132; baseline -0.004 -17"><span class='ocrx_word' id='word_1_280' title='bbox 438 2063 582 2124; x_wconf 80' lang='grc' dir='ltr'>τίνος</span> <span class='ocrx_word' id='word_1_281' title='bbox 616 2061 748 2132; x_wconf 79' lang='grc' dir='ltr'>περὶ</span> <span class='ocrx_word' id='word_1_282' title='bbox 771 2060 868 2115; x_wconf 83' lang='grc' dir='ltr'>τοῦ</span> <span class='ocrx_word' id='word_1_283' title='bbox 903 2059 1121 2132; x_wconf 83' lang='grc' dir='ltr'>μέλλειν</span> <span class='ocrx_word' id='word_1_284' title='bbox 1153 2059 1571 2115; x_wconf 86' lang='grc' dir='ltr'>συνακολουθεῖν</span> <span class='ocrx_word' id='word_1_285' title='bbox 1610 2059 1706 2114; x_wconf 78' lang='grc' dir='ltr'>καὶ</span> <span class='ocrx_word' id='word_1_286' title='bbox 1734 2059 1834 2114; x_wconf 84' lang='grc' dir='ltr'><strong>σὺν</strong></span> <span class='ocrx_word' id='word_1_287' title='bbox 1864 2057 2013 2126; x_wconf 81' lang='grc' dir='ltr'>αὐτῷ</span> 
     </span>
    </p>
   </div>
   <div class='ocr_carea' id='block_1_35' title="bbox 442 2145 2015 2223">
    <p class='ocr_par' dir='ltr' id='par_1_35' title="bbox 442 2145 2015 2223">
     <span class='ocr_line' id='line_1_35' title="bbox 442 2145 2015 2223; baseline -0.001 -17"><span class='ocrx_word' id='word_1_288' title='bbox 442 2149 585 2207; x_wconf 72' lang='grc' dir='ltr'>εἷναί</span> <span class='ocrx_word' id='word_1_289' title='bbox 623 2169 691 2223; x_wconf 83' lang='grc' dir='ltr'><strong>με</strong></span> <span class='ocrx_word' id='word_1_290' title='bbox 718 2168 734 2186; x_wconf 77' lang='grc' dir='ltr'><strong><em>ο</em></strong></span> <span class='ocrx_word' id='word_1_291' title='bbox 764 2151 922 2223; x_wconf 78' lang='grc' dir='ltr'><strong>κάγὼ</strong></span> <span class='ocrx_word' id='word_1_292' title='bbox 970 2151 1252 2222; x_wconf 80' lang='grc' dir='ltr'>ἁναφέρας</span> <span class='ocrx_word' id='word_1_293' title='bbox 1301 2151 1455 2223; x_wconf 84' lang='grc' dir='ltr'>αὐτῷ</span> <span class='ocrx_word' id='word_1_294' title='bbox 1496 2145 1626 2205; x_wconf 75' lang='grc' dir='ltr'>εἶπα</span> <span class='ocrx_word' id='word_1_295' title='bbox 1654 2151 1737 2204; x_wconf 84' lang='grc' dir='ltr'><strong>δτι</strong></span> <span class='ocrx_word' id='word_1_296' title='bbox 1771 2151 1866 2205; x_wconf 83' lang='grc' dir='ltr'>καὶ</span> <span class='ocrx_word' id='word_1_297' title='bbox 1903 2149 2015 2219; x_wconf 86' lang='grc' dir='ltr'><strong>ἐγὼ</strong></span> 
     </span>
    </p>
   </div>
   <div class='ocr_carea' id='block_1_36' title="bbox 445 2242 2015 2315">
    <p class='ocr_par' dir='ltr' id='par_1_36' title="bbox 445 2242 2015 2315">
     <span class='ocr_line' id='line_1_36' title="bbox 445 2242 2015 2315; baseline 0.001 -18"><span class='ocrx_word' id='word_1_298' title='bbox 445 2243 631 2315; x_wconf 81' lang='grc' dir='ltr'>μεῖζον</span> <span class='ocrx_word' id='word_1_299' title='bbox 655 2244 863 2298; x_wconf 83' lang='grc' dir='ltr'>τούτων</span> <span class='ocrx_word' id='word_1_300' title='bbox 890 2243 1178 2315; x_wconf 81' lang='grc' dir='ltr'>ἐπιθυμῶ,</span> <span class='ocrx_word' id='word_1_301' title='bbox 1214 2242 1528 2314; x_wconf 76' lang='grc' dir='ltr'>σωζομένου</span> <span class='ocrx_word' id='word_1_302' title='bbox 1556 2245 1719 2315; x_wconf 85' lang='grc' dir='ltr'>μόνον</span> <span class='ocrx_word' id='word_1_303' title='bbox 1754 2244 1843 2298; x_wconf 72' lang='grc' dir='ltr'><strong>ἵνα</strong></span> <span class='ocrx_word' id='word_1_304' title='bbox 1870 2243 2015 2313; x_wconf 74' lang='grc' dir='ltr'>μετὰ</span> 
     </span>
    </p>
   </div>
   <div class='ocr_carea' id='block_1_37' title="bbox 441 2333 2014 2406">
    <p class='ocr_par' dir='ltr' id='par_1_37' title="bbox 441 2333 2014 2406">
     <span class='ocr_line' id='line_1_37' title="bbox 441 2333 2014 2406; baseline -0.001 -17"><span class='ocrx_word' id='word_1_305' title='bbox 441 2334 710 2405; x_wconf 73' lang='grc' dir='ltr'>ἀποδοχῆς</span> <span class='ocrx_word' id='word_1_306' title='bbox 739 2336 834 2389; x_wconf 71' lang='grc' dir='ltr'><strong>καὶ</strong></span> <span class='ocrx_word' id='word_1_307' title='bbox 858 2336 1284 2406; x_wconf 87' lang='grc' dir='ltr'>προστάγματος</span> <span class='ocrx_word' id='word_1_308' title='bbox 1317 2335 1411 2389; x_wconf 84' lang='grc' dir='ltr'>τοῦ</span> <span class='ocrx_word' id='word_1_309' title='bbox 1437 2333 1710 2406; x_wconf 77' lang='grc' dir='ltr'>βασιλέως</span> <span class='ocrx_word' id='word_1_310' title='bbox 1739 2336 1837 2389; x_wconf 77' lang='grc' dir='ltr'>καὶ</span> <span class='ocrx_word' id='word_1_311' title='bbox 1861 2336 2014 2390; x_wconf 84' lang='grc' dir='ltr'>ἀδελ-</span> 
     </span>
    </p>
   </div>
   <div class='ocr_carea' id='block_1_38' title="bbox 441 2424 2011 2500">
    <p class='ocr_par' dir='ltr' id='par_1_38' title="bbox 441 2424 2011 2500">
     <span class='ocr_line' id='line_1_38' title="bbox 441 2424 2011 2500; baseline 0.002 -21"><span class='ocrx_word' id='word_1_312' title='bbox 441 2425 544 2494; x_wconf 84' lang='grc' dir='ltr'>φοῦ</span> <span class='ocrx_word' id='word_1_313' title='bbox 592 2424 762 2479; x_wconf 78' lang='grc' dir='ltr'>αὐτοῦ</span> <span class='ocrx_word' id='word_1_314' title='bbox 810 2426 1060 2497; x_wconf 82' lang='grc' dir='ltr'>γένηται.</span> <span class='ocrx_word' id='word_1_315' title='bbox 1125 2427 1189 2481; x_wconf 84' lang='lat'><strong>&#39;0</strong></span> <span class='ocrx_word' id='word_1_316' title='bbox 1215 2426 1273 2481; x_wconf 79' lang='grc' dir='ltr'>δὲ</span> <span class='ocrx_word' id='word_1_317' title='bbox 1322 2427 1571 2499; x_wconf 81' lang='grc' dir='ltr'>ζητήσας</span> <span class='ocrx_word' id='word_1_318' title='bbox 1623 2444 1691 2498; x_wconf 82' lang='grc' dir='ltr'><strong>με</strong></span> <span class='ocrx_word' id='word_1_319' title='bbox 1732 2427 1887 2500; x_wconf 76' lang='grc' dir='ltr'>παρὰ</span> <span class='ocrx_word' id='word_1_320' title='bbox 1915 2427 2011 2482; x_wconf 83' lang='grc' dir='ltr'>τοῦ</span> 
     </span>
    </p>
   </div>
   <div class='ocr_carea' id='block_1_39' title="bbox 439 2516 2016 2593">
    <p class='ocr_par' dir='ltr' id='par_1_39' title="bbox 439 2516 2016 2593">
     <span class='ocr_line' id='line_1_39' title="bbox 439 2516 2016 2593; baseline 0.002 -19"><span class='ocrx_word' id='word_1_321' title='bbox 439 2518 677 2590; x_wconf 75' lang='grc' dir='ltr'>ἀδελφοῦ</span> <span class='ocrx_word' id='word_1_322' title='bbox 721 2516 888 2574; x_wconf 79' lang='grc' dir='ltr'>αὑτοῦ</span> <span class='ocrx_word' id='word_1_323' title='bbox 943 2519 1084 2590; x_wconf 84' lang='grc' dir='ltr'>μετὰ</span> <span class='ocrx_word' id='word_1_324' title='bbox 1135 2520 1310 2589; x_wconf 85' lang='grc' dir='ltr'>λόγων</span> <span class='ocrx_word' id='word_1_325' title='bbox 1342 2520 1774 2593; x_wconf 83' lang='grc' dir='ltr'>παρακλητικῶν</span> <span class='ocrx_word' id='word_1_326' title='bbox 1802 2521 1898 2577; x_wconf 67' lang='grc' dir='ltr'><strong>καὶ</strong></span> <span class='ocrx_word' id='word_1_327' title='bbox 1931 2523 2016 2577; x_wconf 87' lang='grc' dir='ltr'>αί-</span> 
     </span>
    </p>
   </div>
   <div class='ocr_carea' id='block_1_40' title="bbox 435 2606 2014 2683">
    <p class='ocr_par' dir='ltr' id='par_1_40' title="bbox 435 2606 2014 2683">
     <span class='ocr_line' id='line_1_40' title="bbox 435 2606 2014 2683; baseline 0.002 -17"><span class='ocrx_word' id='word_1_328' title='bbox 435 2613 571 2667; x_wconf 71' lang='grc' dir='ltr'>τεῶν</span> <span class='ocrx_word' id='word_1_329' title='bbox 621 2611 968 2680; x_wconf 83' lang='grc' dir='ltr'>ἀναγκαίων,</span> <span class='ocrx_word' id='word_1_330' title='bbox 1014 2611 1076 2678; x_wconf 80' lang='grc' dir='ltr'>ἐξ</span> <span class='ocrx_word' id='word_1_331' title='bbox 1127 2606 1203 2668; x_wconf 80' lang='grc' dir='ltr'>ὧν</span> <span class='ocrx_word' id='word_1_332' title='bbox 1254 2612 1605 2683; x_wconf 77' lang='grc' dir='ltr'>ἠναγκάζετο</span> <span class='ocrx_word' id='word_1_333' title='bbox 1655 2612 1805 2683; x_wconf 76' lang='grc' dir='ltr'>ἔχειν</span> <span class='ocrx_word' id='word_1_334' title='bbox 1847 2613 2014 2669; x_wconf 67' lang='grc' dir='ltr'>αὑτὸν</span> 
     </span>
    </p>
   </div>
   <div class='ocr_carea' id='block_1_41' title="bbox 438 2702 2014 2777">
    <p class='ocr_par' dir='ltr' id='par_1_41' title="bbox 438 2702 2014 2777">
     <span class='ocr_line' id='line_1_41' title="bbox 438 2702 2014 2777; baseline 0.003 -22"><span class='ocrx_word' id='word_1_335' title='bbox 438 2703 628 2775; x_wconf 78' lang='grc' dir='ltr'>χρείαν</span> <span class='ocrx_word' id='word_1_336' title='bbox 661 2702 821 2772; x_wconf 82' lang='grc' dir='ltr'>ἐμοῦ,</span> <span class='ocrx_word' id='word_1_337' title='bbox 864 2703 1074 2766; x_wconf 82' lang='grc' dir='ltr'>ἐκεῖνος</span> <span class='ocrx_word' id='word_1_338' title='bbox 1106 2703 1162 2757; x_wconf 78' lang='grc' dir='ltr'>δὲ</span> <span class='ocrx_word' id='word_1_339' title='bbox 1188 2704 1524 2775; x_wconf 82' lang='grc' dir='ltr'>ἁπεκρίνατο</span> <span class='ocrx_word' id='word_1_340' title='bbox 1542 2704 1618 2768; x_wconf 82' lang='grc' dir='ltr'><strong>ὡς</strong></span> <span class='ocrx_word' id='word_1_341' title='bbox 1651 2704 1715 2758; x_wconf 74' lang='grc' dir='ltr'>τὸ</span> <span class='ocrx_word' id='word_1_342' title='bbox 1733 2703 2014 2777; x_wconf 77' lang='grc' dir='ltr'>ζητούμε-</span> 
     </span>
    </p>
   </div>
   <div class='ocr_carea' id='block_1_42' title="bbox 439 2790 2013 2870">
    <p class='ocr_par' dir='ltr' id='par_1_42' title="bbox 439 2790 2013 2870">
     <span class='ocr_line' id='line_1_42' title="bbox 439 2790 2013 2870; baseline 0.001 -21"><span class='ocrx_word' id='word_1_343' title='bbox 439 2812 531 2850; x_wconf 85' lang='grc' dir='ltr'><strong>νον</strong></span> <span class='ocrx_word' id='word_1_344' title='bbox 549 2795 809 2860; x_wconf 56' lang='grc' dir='ltr'>ἀδύνατόν</span> <span class='ocrx_word' id='word_1_345' title='bbox 825 2795 993 2860; x_wconf 82' lang='grc' dir='ltr'>ἐστιν,</span> <span class='ocrx_word' id='word_1_346' title='bbox 1018 2790 1162 2866; x_wconf 80' lang='grc' dir='ltr'>οὐΙδι’</span> <span class='ocrx_word' id='word_1_347' title='bbox 1182 2794 1343 2849; x_wconf 75' lang='grc' dir='ltr'>ἄλλον</span> <span class='ocrx_word' id='word_1_348' title='bbox 1361 2796 1411 2848; x_wconf 85' lang='grc' dir='ltr'><strong>εί</strong></span> <span class='ocrx_word' id='word_1_349' title='bbox 1432 2796 1506 2867; x_wconf 75' lang='grc' dir='ltr'><strong>μὴ</strong></span> <span class='ocrx_word' id='word_1_350' title='bbox 1570 2796 1658 2851; x_wconf 67' lang='grc' dir='ltr'><strong>ἵνα</strong></span> <span class='ocrx_word' id='word_1_351' title='bbox 1670 2799 1747 2869; x_wconf 77' lang='grc' dir='ltr'>μὴ</span> <span class='ocrx_word' id='word_1_352' title='bbox 1769 2798 2013 2870; x_wconf 81' lang='grc' dir='ltr'>άθετήσῃ</span> 
     </span>
    </p>
   </div>
   <div class='ocr_carea' id='block_1_43' title="bbox 461 2885 2014 2960">
    <p class='ocr_par' dir='ltr' id='par_1_43' title="bbox 461 2885 2014 2960">
     <span class='ocr_line' id='line_1_43' title="bbox 461 2885 2014 2960; baseline 0.004 -21"><span class='ocrx_word' id='word_1_353' title='bbox 461 2885 527 2940; x_wconf 81' lang='grc' dir='ltr'><strong>τδ</strong></span> <span class='ocrx_word' id='word_1_354' title='bbox 575 2886 672 2940; x_wconf 76' lang='grc' dir='ltr'>τοῦ</span> <span class='ocrx_word' id='word_1_355' title='bbox 722 2886 931 2956; x_wconf 81' lang='grc' dir='ltr'>πατρὸς</span> <span class='ocrx_word' id='word_1_356' title='bbox 982 2889 1313 2960; x_wconf 78' lang='grc' dir='ltr'>πρόσταγμα</span> <span class='ocrx_word' id='word_1_357' title='bbox 1368 2890 1463 2941; x_wconf 78' lang='grc' dir='ltr'>καὶ</span> <span class='ocrx_word' id='word_1_358' title='bbox 1484 2888 1587 2959; x_wconf 82' lang='grc' dir='ltr'>τὴν</span> <span class='ocrx_word' id='word_1_359' title='bbox 1620 2890 1760 2959; x_wconf 81' lang='grc' dir='ltr'>πρὸς</span> <span class='ocrx_word' id='word_1_360' title='bbox 1806 2890 2014 2945; x_wconf 81' lang='grc' dir='ltr'>ἐκεῖνον</span> 
     </span>
    </p>
   </div>
   <div class='ocr_carea' id='block_1_44' title="bbox 438 2960 2014 3051">
    <p class='ocr_par' dir='ltr' id='par_1_44' title="bbox 438 2960 2014 3051">
     <span class='ocr_line' id='line_1_44' title="bbox 438 2960 2014 3051; baseline 0.002 -20"><span class='ocrx_word' id='word_1_361' title='bbox 438 2960 584 3047; x_wconf 65' lang='grc' dir='ltr'>ἐμὴν</span> <span class='ocrx_word' id='word_1_362' title='bbox 610 2976 699 3030; x_wconf 80' lang='grc' dir='ltr'>διὰ</span> <span class='ocrx_word' id='word_1_363' title='bbox 725 2975 992 3046; x_wconf 85' lang='grc' dir='ltr'>στόματος</span> <span class='ocrx_word' id='word_1_364' title='bbox 1021 2975 1347 3048; x_wconf 80' lang='grc' dir='ltr'>παράδοσιν.</span> <span class='ocrx_word' id='word_1_365' title='bbox 1403 2979 1463 3033; x_wconf 86' lang='lat'><strong>&#39;0</strong></span> <span class='ocrx_word' id='word_1_366' title='bbox 1492 2978 1551 3034; x_wconf 73' lang='grc' dir='ltr'>δὲ</span> <span class='ocrx_word' id='word_1_367' title='bbox 1582 2979 1747 3034; x_wconf 86' lang='grc' dir='ltr'>πάλιν</span> <span class='ocrx_word' id='word_1_368' title='bbox 1776 2981 2014 3051; x_wconf 67' lang='grc' dir='ltr'>ἐζήτησε</span> 
     </span>
    </p>
   </div>
   <div class='ocr_carea' id='block_1_45' title="bbox 445 3067 2013 3142">
    <p class='ocr_par' dir='ltr' id='par_1_45' title="bbox 445 3067 2013 3142">
     <span class='ocr_line' id='line_1_45' title="bbox 445 3067 2013 3142; baseline 0.003 -21"><span class='ocrx_word' id='word_1_369' title='bbox 445 3067 603 3123; x_wconf 81' lang='grc' dir='ltr'>τοῦτο</span> <span class='ocrx_word' id='word_1_370' title='bbox 634 3068 722 3122; x_wconf 85' lang='grc' dir='ltr'>διὰ</span> <span class='ocrx_word' id='word_1_371' title='bbox 742 3068 844 3137; x_wconf 85' lang='grc' dir='ltr'>τῆς</span> <span class='ocrx_word' id='word_1_372' title='bbox 873 3068 1163 3141; x_wconf 86' lang='grc' dir='ltr'>δεσποίνης</span> <span class='ocrx_word' id='word_1_373' title='bbox 1191 3071 1287 3124; x_wconf 74' lang='grc' dir='ltr'>καὶ</span> <span class='ocrx_word' id='word_1_374' title='bbox 1320 3071 1527 3142; x_wconf 76' lang='grc' dir='ltr'>μητρὸς</span> <span class='ocrx_word' id='word_1_375' title='bbox 1553 3070 1721 3127; x_wconf 79' lang='grc' dir='ltr'>αὑτοῦ</span> <span class='ocrx_word' id='word_1_376' title='bbox 1742 3072 1841 3125; x_wconf 76' lang='grc' dir='ltr'><strong>καὶ</strong></span> <span class='ocrx_word' id='word_1_377' title='bbox 1870 3073 2013 3141; x_wconf 84' lang='grc' dir='ltr'>μετὰ</span> 
     </span>
    </p>
   </div>
   <div class='ocr_carea' id='block_1_46' title="bbox 445 3160 2080 3238">
    <p class='ocr_par' dir='ltr' id='par_1_46' title="bbox 445 3160 2080 3238">
     <span class='ocr_line' id='line_1_46' title="bbox 445 3160 2080 3238; baseline 0.002 -23"><span class='ocrx_word' id='word_1_378' title='bbox 445 3160 637 3215; x_wconf 77' lang='grc' dir='ltr'>αἰτιῶν</span> <span class='ocrx_word' id='word_1_379' title='bbox 662 3161 1000 3229; x_wconf 81' lang='grc' dir='ltr'>ἀναγκαίων,</span> <span class='ocrx_word' id='word_1_380' title='bbox 1025 3165 1125 3217; x_wconf 82' lang='grc' dir='ltr'>καὶ</span> <span class='ocrx_word' id='word_1_381' title='bbox 1153 3163 1310 3233; x_wconf 89' lang='grc' dir='ltr'>μόλις</span> <span class='ocrx_word' id='word_1_382' title='bbox 1332 3163 1637 3233; x_wconf 81' lang='grc' dir='ltr'>προσέταξε</span> <span class='ocrx_word' id='word_1_383' title='bbox 1657 3164 1818 3218; x_wconf 78' lang='grc' dir='ltr'>τοῦτο</span> <span class='ocrx_word' id='word_1_384' title='bbox 1837 3163 2009 3219; x_wconf 78' lang='grc' dir='ltr'>εἰπὼν</span> <span class='ocrx_word' id='word_1_385' title='bbox 2036 3179 2080 3238; x_wconf 74' lang='grc' dir='ltr'>ο</span> 
     </span>
    </p>
   </div>
   <div class='ocr_carea' id='block_1_47' title="bbox 444 3251 2014 3328">
    <p class='ocr_par' dir='ltr' id='par_1_47' title="bbox 444 3251 2014 3328">
     <span class='ocr_line' id='line_1_47' title="bbox 444 3251 2014 3328; baseline 0.003 -23"><span class='ocrx_word' id='word_1_386' title='bbox 444 3251 540 3325; x_wconf 54' lang='grc' dir='ltr'>ὅτι,</span> <span class='ocrx_word' id='word_1_387' title='bbox 561 3251 794 3309; x_wconf 84' lang='grc' dir='ltr'>Ἐλθέτω</span> <span class='ocrx_word' id='word_1_388' title='bbox 825 3252 944 3325; x_wconf 86' lang='grc' dir='ltr'>μεθ’</span> <span class='ocrx_word' id='word_1_389' title='bbox 966 3252 1123 3325; x_wconf 81' lang='grc' dir='ltr'>ἡμῶν</span> <span class='ocrx_word' id='word_1_390' title='bbox 1143 3255 1467 3327; x_wconf 77' lang='grc' dir='ltr'>όΦραντζῆς</span> <span class='ocrx_word' id='word_1_391' title='bbox 1490 3257 1598 3321; x_wconf 78' lang='grc' dir='ltr'>ἓως</span> <span class='ocrx_word' id='word_1_392' title='bbox 1623 3259 1720 3328; x_wconf 82' lang='grc' dir='ltr'>τῆς</span> <span class='ocrx_word' id='word_1_393' title='bbox 1748 3257 2014 3311; x_wconf 74' lang='grc' dir='ltr'>Πελοπον-</span> 
     </span>
    </p>
   </div>
   <div class='ocr_carea' id='block_1_48' title="bbox 443 3433 2011 3503">
    <p class='ocr_par' dir='ltr' id='par_1_48' title="bbox 443 3433 2011 3503">
     <span class='ocr_line' id='line_1_48' title="bbox 443 3433 2011 3503; baseline 0.005 -17"><span class='ocrx_word' id='word_1_394' title='bbox 443 3443 538 3488; x_wconf 80' lang='lat' dir='ltr'><strong>aut</strong></span> <span class='ocrx_word' id='word_1_395' title='bbox 568 3448 739 3503; x_wconf 89' lang='lat' dir='ltr'><strong>usque</strong></span> <span class='ocrx_word' id='word_1_396' title='bbox 766 3433 832 3488; x_wconf 87' lang='lat' dir='ltr'><strong>ad</strong></span> <span class='ocrx_word' id='word_1_397' title='bbox 863 3434 1035 3503; x_wconf 87' lang='lat' dir='ltr'><strong>prima</strong></span> <span class='ocrx_word' id='word_1_398' title='bbox 1062 3449 1219 3491; x_wconf 88' lang='lat' dir='ltr'><strong>sacra</strong></span> <span class='ocrx_word' id='word_1_399' title='bbox 1241 3434 1527 3492; x_wconf 87' lang='lat' dir='ltr'><strong>funeralia.</strong></span> <span class='ocrx_word' id='word_1_400' title='bbox 1564 3437 1639 3492; x_wconf 84' lang='lat' dir='ltr'><strong>ita</strong></span> <span class='ocrx_word' id='word_1_401' title='bbox 1665 3441 1879 3495; x_wconf 88' lang='lat' dir='ltr'><strong>demum</strong></span> <span class='ocrx_word' id='word_1_402' title='bbox 1944 3439 2011 3494; x_wconf 88' lang='lat' dir='ltr'><strong>ad</strong></span> 
     </span>
    </p>
   </div>
   <div class='ocr_carea' id='block_1_49' title="bbox 442 3517 2012 3596">
    <p class='ocr_par' dir='ltr' id='par_1_49' title="bbox 442 3517 2012 3596">
     <span class='ocr_line' id='line_1_49' title="bbox 442 3517 2012 3596; baseline 0.003 -15"><span class='ocrx_word' id='word_1_403' title='bbox 442 3526 608 3593; x_wconf 75' lang='lat' dir='ltr'><strong>aedes,</strong></span> <span class='ocrx_word' id='word_1_404' title='bbox 631 3526 685 3580; x_wconf 92' lang='lat' dir='ltr'><strong>in</strong></span> <span class='ocrx_word' id='word_1_405' title='bbox 715 3525 917 3595; x_wconf 86' lang='lat' dir='ltr'><strong>quibus</strong></span> <span class='ocrx_word' id='word_1_406' title='bbox 944 3525 1339 3583; x_wconf 75' lang='lat' dir='ltr'><strong>Constantinus</strong></span> <span class='ocrx_word' id='word_1_407' title='bbox 1368 3528 1592 3596; x_wconf 87' lang='lat' dir='ltr'><strong>despota</strong></span> <span class='ocrx_word' id='word_1_408' title='bbox 1632 3517 2012 3585; x_wconf 82' lang='lat' dir='ltr'><strong>commoraba-</strong></span> 
     </span>
    </p>
   </div>
   <div class='ocr_carea' id='block_1_50' title="bbox 445 3616 2014 3689">
    <p class='ocr_par' dir='ltr' id='par_1_50' title="bbox 445 3616 2014 3689">
     <span class='ocr_line' id='line_1_50' title="bbox 445 3616 2014 3689; baseline 0.004 -17"><span class='ocrx_word' id='word_1_409' title='bbox 445 3631 554 3685; x_wconf 89' lang='lat' dir='ltr'><strong>tur,</strong></span> <span class='ocrx_word' id='word_1_410' title='bbox 578 3618 950 3683; x_wconf 82' lang='lat' dir='ltr'><strong>discessimus,</strong></span> <span class='ocrx_word' id='word_1_411' title='bbox 990 3616 1233 3687; x_wconf 75' lang='lat' dir='ltr'><strong>forisque</strong></span> <span class='ocrx_word' id='word_1_412' title='bbox 1265 3626 1325 3672; x_wconf 90' lang='lat' dir='ltr'><strong>ut</strong></span> <span class='ocrx_word' id='word_1_413' title='bbox 1342 3619 1528 3675; x_wconf 58' lang='lat' dir='ltr'><strong>ceteri</strong></span> <span class='ocrx_word' id='word_1_414' title='bbox 1555 3620 1827 3689; x_wconf 83' lang='lat' dir='ltr'><strong>plerique,</strong></span> <span class='ocrx_word' id='word_1_415' title='bbox 1883 3639 2014 3678; x_wconf 89' lang='lat' dir='ltr'><strong>con-</strong></span> 
     </span>
    </p>
   </div>
   <div class='ocr_carea' id='block_1_51' title="bbox 443 3705 2014 3779">
    <p class='ocr_par' dir='ltr' id='par_1_51' title="bbox 443 3705 2014 3779">
     <span class='ocr_line' id='line_1_51' title="bbox 443 3705 2014 3779; baseline 0.003 -16"><span class='ocrx_word' id='word_1_416' title='bbox 443 3709 702 3764; x_wconf 86' lang='lat' dir='ltr'><strong>sedimus.</strong></span> <span class='ocrx_word' id='word_1_417' title='bbox 730 3705 884 3773; x_wconf 85' lang='lat' dir='ltr'><strong>Quod</strong></span> <span class='ocrx_word' id='word_1_418' title='bbox 944 3707 1031 3762; x_wconf 92' lang='lat' dir='ltr'><strong>ubi</strong></span> <span class='ocrx_word' id='word_1_419' title='bbox 1058 3709 1265 3763; x_wconf 85' lang='lat' dir='ltr'><strong>audivit</strong></span> <span class='ocrx_word' id='word_1_420' title='bbox 1311 3709 1559 3779; x_wconf 84' lang='lat' dir='ltr'><strong>despota,</strong></span> <span class='ocrx_word' id='word_1_421' title='bbox 1624 3712 1873 3767; x_wconf 74' lang='lat' dir='ltr'><strong>misit&#39;ad</strong></span> <span class='ocrx_word' id='word_1_422' title='bbox 1930 3730 2014 3769; x_wconf 86' lang='lat' dir='ltr'><strong>me</strong></span> 
     </span>
    </p>
   </div>
   <div class='ocr_carea' id='block_1_52' title="bbox 442 3799 2011 3870">
    <p class='ocr_par' dir='ltr' id='par_1_52' title="bbox 442 3799 2011 3870">
     <span class='ocr_line' id='line_1_52' title="bbox 442 3799 2011 3870; baseline 0.003 -16"><span class='ocrx_word' id='word_1_423' title='bbox 442 3810 690 3870; x_wconf 89' lang='lat' dir='ltr'><strong>patruum</strong></span> <span class='ocrx_word' id='word_1_424' title='bbox 712 3799 1020 3869; x_wconf 87' lang='lat' dir='ltr'><strong>meum,qui</strong></span> <span class='ocrx_word' id='word_1_425' title='bbox 1049 3810 1153 3853; x_wconf 86' lang='lat' dir='ltr'><strong>suo</strong></span> <span class='ocrx_word' id='word_1_426' title='bbox 1171 3799 1387 3855; x_wconf 85' lang='lat' dir='ltr'><strong>nomine</strong></span> <span class='ocrx_word' id='word_1_427' title='bbox 1404 3800 1476 3855; x_wconf 88' lang='lat' dir='ltr'><strong>ita</strong></span> <span class='ocrx_word' id='word_1_428' title='bbox 1496 3804 1627 3857; x_wconf 71' lang='lat' dir='ltr'><strong>mihi</strong></span> <span class='ocrx_word' id='word_1_429' title='bbox 1645 3805 2011 3859; x_wconf 83' lang='lat' dir='ltr'><strong>renuntiaret:</strong></span> 
     </span>
    </p>
   </div>
   <div class='ocr_carea' id='block_1_53' title="bbox 366 3891 2013 3967">
    <p class='ocr_par' dir='ltr' id='par_1_53' title="bbox 366 3891 2013 3967">
     <span class='ocr_line' id='line_1_53' title="bbox 366 3891 2013 3967; baseline 0.005 -22"><span class='ocrx_word' id='word_1_430' title='bbox 366 3964 375 3967; x_wconf 92' lang='lat'>_</span> <span class='ocrx_word' id='word_1_431' title='bbox 447 3910 469 3945; x_wconf 74' lang='grc' dir='ltr'><strong>ι</strong></span> <span class='ocrx_word' id='word_1_432' title='bbox 492 3892 656 3947; x_wconf 79' lang='lat' dir='ltr'><strong>Recte</strong></span> <span class='ocrx_word' id='word_1_433' title='bbox 675 3901 728 3947; x_wconf 90' lang='lat' dir='ltr'><strong>tu</strong></span> <span class='ocrx_word' id='word_1_434' title='bbox 756 3891 975 3962; x_wconf 86' lang='lat' dir='ltr'><strong>quidem</strong></span> <span class='ocrx_word' id='word_1_435' title='bbox 997 3906 1203 3948; x_wconf 87' lang='lat' dir='ltr'><strong>morem</strong></span> <span class='ocrx_word' id='word_1_436' title='bbox 1225 3892 1552 3957; x_wconf 76' lang='lat' dir='ltr'><strong>observasti,</strong></span> <span class='ocrx_word' id='word_1_437' title='bbox 1574 3901 1629 3947; x_wconf 88' lang='lat' dir='ltr'><strong>ut</strong></span> <span class='ocrx_word' id='word_1_438' title='bbox 1650 3910 1757 3949; x_wconf 92' lang='lat' dir='ltr'><strong>non</strong></span> <span class='ocrx_word' id='word_1_439' title='bbox 1779 3897 2013 3953; x_wconf 73' lang='lat' dir='ltr'><strong>intrares</strong></span> 
     </span>
    </p>
   </div>
   <div class='ocr_carea' id='block_1_54' title="bbox 443 3985 2010 4056">
    <p class='ocr_par' dir='ltr' id='par_1_54' title="bbox 443 3985 2010 4056">
     <span class='ocr_line' id='line_1_54' title="bbox 443 3985 2010 4056; baseline 0.002 -16"><span class='ocrx_word' id='word_1_440' title='bbox 443 3985 623 4040; x_wconf 79' lang='lat' dir='ltr'><strong>statim</strong></span> <span class='ocrx_word' id='word_1_441' title='bbox 644 3986 698 4040; x_wconf 91' lang='lat' dir='ltr'><strong>in</strong></span> <span class='ocrx_word' id='word_1_442' title='bbox 721 3985 1028 4040; x_wconf 85' lang='lat' dir='ltr'><strong>cubiculum</strong></span> <span class='ocrx_word' id='word_1_443' title='bbox 1045 3998 1246 4050; x_wconf 88' lang='lat' dir='ltr'><strong>meum,</strong></span> <span class='ocrx_word' id='word_1_444' title='bbox 1271 3991 1495 4054; x_wconf 88' lang='lat' dir='ltr'><strong>ut&#39;ante,</strong></span> <span class='ocrx_word' id='word_1_445' title='bbox 1513 3986 1641 4043; x_wconf 75' lang='lat' dir='ltr'><strong>vivo</strong></span> <span class='ocrx_word' id='word_1_446' title='bbox 1661 3988 2010 4056; x_wconf 79' lang='lat' dir='ltr'><strong>imperatore,</strong></span> 
     </span>
    </p>
   </div>
   <div class='ocr_carea' id='block_1_55' title="bbox 443 4062 2012 4151">
    <p class='ocr_par' dir='ltr' id='par_1_55' title="bbox 443 4062 2012 4151">
     <span class='ocr_line' id='line_1_55' title="bbox 443 4062 2012 4151; baseline 0.004 -21"><span class='ocrx_word' id='word_1_447' title='bbox 443 4086 593 4149; x_wconf 82' lang='lat' dir='ltr'><strong>patre</strong></span> <span class='ocrx_word' id='word_1_448' title='bbox 612 4092 753 4143; x_wconf 90' lang='lat' dir='ltr'><strong>meo,</strong></span> <span class='ocrx_word' id='word_1_449' title='bbox 782 4077 996 4135; x_wconf 85' lang='lat' dir='ltr'><strong>solebas</strong></span> <span class='ocrx_word' id='word_1_450' title='bbox 1018 4076 1199 4133; x_wconf 83' lang='lat' dir='ltr'><strong>facere</strong></span> <span class='ocrx_word' id='word_1_451' title='bbox 1226 4079 1242 4144; x_wconf 79' lang='lat'><strong>;&#39;</strong></span> <span class='ocrx_word' id='word_1_452' title='bbox 1266 4062 1367 4134; x_wconf 76' lang='lat' dir='ltr'><strong>sed</strong></span> <span class='ocrx_word' id='word_1_453' title='bbox 1396 4091 1631 4148; x_wconf 85' lang='lat' dir='ltr'><strong>nosmet,</strong></span> <span class='ocrx_word' id='word_1_454' title='bbox 1661 4079 1884 4151; x_wconf 81' lang='lat' dir='ltr'><strong>obligati</strong></span> <span class='ocrx_word' id='word_1_455' title='bbox 1917 4081 2012 4137; x_wconf 83' lang='lat' dir='ltr'><strong>tibi</strong></span> 
     </span>
    </p>
   </div>
   <div class='ocr_carea' id='block_1_56' title="bbox 444 4169 2012 4244">
    <p class='ocr_par' dir='ltr' id='par_1_56' title="bbox 444 4169 2012 4244">
     <span class='ocr_line' id='line_1_56' title="bbox 444 4169 2012 4244; baseline 0.002 -19"><span class='ocrx_word' id='word_1_456' title='bbox 444 4180 667 4241; x_wconf 85' lang='lat' dir='ltr'><strong>propter</strong></span> <span class='ocrx_word' id='word_1_457' title='bbox 687 4184 927 4225; x_wconf 87' lang='lat' dir='ltr'><strong>amorem</strong></span> <span class='ocrx_word' id='word_1_458' title='bbox 987 4179 1043 4225; x_wconf 90' lang='lat' dir='ltr'><strong>et</strong></span> <span class='ocrx_word' id='word_1_459' title='bbox 1069 4169 1271 4237; x_wconf 76' lang='lat' dir='ltr'><strong>odieia,</strong></span> <span class='ocrx_word' id='word_1_460' title='bbox 1319 4186 1441 4241; x_wconf 68' lang='lat' dir='ltr'><strong>qua:</strong></span> <span class='ocrx_word' id='word_1_461' title='bbox 1500 4186 1629 4244; x_wconf 88' lang='lat' dir='ltr'><strong>erga</strong></span> <span class='ocrx_word' id='word_1_462' title='bbox 1669 4183 1875 4242; x_wconf 85' lang='lat' dir='ltr'><strong>patrem</strong></span> <span class='ocrx_word' id='word_1_463' title='bbox 1911 4188 2012 4228; x_wconf 83' lang='lat' dir='ltr'><strong>no-</strong></span> 
     </span>
    </p>
   </div>
   <div class='ocr_carea' id='block_1_57' title="bbox 444 4264 2013 4335">
    <p class='ocr_par' dir='ltr' id='par_1_57' title="bbox 444 4264 2013 4335">
     <span class='ocr_line' id='line_1_57' title="bbox 444 4264 2013 4335; baseline 0.003 -16"><span class='ocrx_word' id='word_1_464' title='bbox 444 4273 614 4319; x_wconf 85' lang='lat' dir='ltr'><strong>strum</strong></span> <span class='ocrx_word' id='word_1_465' title='bbox 643 4275 698 4319; x_wconf 89' lang='lat' dir='ltr'><strong>et</strong></span> <span class='ocrx_word' id='word_1_466' title='bbox 715 4278 842 4333; x_wconf 79' lang='lat' dir='ltr'><strong>erga</strong></span> <span class='ocrx_word' id='word_1_467' title='bbox 873 4278 974 4319; x_wconf 86' lang='lat' dir='ltr'><strong>nos</strong></span> <span class='ocrx_word' id='word_1_468' title='bbox 1001 4264 1325 4335; x_wconf 77' lang='lat' dir='ltr'><strong>praestitisti,</strong></span> <span class='ocrx_word' id='word_1_469' title='bbox 1356 4276 1678 4334; x_wconf 85' lang='lat' dir='ltr'><strong>potestatem</strong></span> <span class='ocrx_word' id='word_1_470' title='bbox 1703 4267 1801 4322; x_wconf 86' lang='lat' dir='ltr'><strong>tibi</strong></span> <span class='ocrx_word' id='word_1_471' title='bbox 1823 4268 2013 4323; x_wconf 84' lang='lat' dir='ltr'><strong>damus</strong></span> 
     </span>
    </p>
   </div>
   <div class='ocr_carea' id='block_1_58' title="bbox 444 4354 2010 4425">
    <p class='ocr_par' dir='ltr' id='par_1_58' title="bbox 444 4354 2010 4425">
     <span class='ocr_line' id='line_1_58' title="bbox 444 4354 2010 4425; baseline 0.001 -16"><span class='ocrx_word' id='word_1_472' title='bbox 444 4355 615 4410; x_wconf 89' lang='lat' dir='ltr'><strong>libere</strong></span> <span class='ocrx_word' id='word_1_473' title='bbox 636 4354 876 4411; x_wconf 80' lang='lat' dir='ltr'><strong>intrandi</strong></span> <span class='ocrx_word' id='word_1_474' title='bbox 907 4354 1219 4411; x_wconf 83' lang='lat' dir='ltr'><strong>cubiculum</strong></span> <span class='ocrx_word' id='word_1_475' title='bbox 1245 4365 1518 4424; x_wconf 89' lang='lat' dir='ltr'><strong>nostrum,</strong></span> <span class='ocrx_word' id='word_1_476' title='bbox 1556 4357 2010 4425; x_wconf 82' lang='lat' dir='ltr'><strong>quemadmodum</strong></span> 
     </span>
    </p>
   </div>
   <div class='ocr_carea' id='block_1_59' title="bbox 2115 1953 3695 2033">
    <p class='ocr_par' dir='ltr' id='par_1_59' title="bbox 2115 1953 3695 2033">
     <span class='ocr_line' id='line_1_59' title="bbox 2115 1953 3695 2033; baseline 0.01 -27"><span class='ocrx_word' id='word_1_477' title='bbox 2115 1953 2279 2018; x_wconf 79' lang='grc' dir='ltr'>αὐτὸς</span> <span class='ocrx_word' id='word_1_478' title='bbox 2305 1954 2407 2008; x_wconf 83' lang='grc' dir='ltr'><strong>οὐκ</strong></span> <span class='ocrx_word' id='word_1_479' title='bbox 2435 1955 2662 2029; x_wconf 72' lang='grc' dir='ltr'>ἐθάρρει</span> <span class='ocrx_word' id='word_1_480' title='bbox 2696 1958 2995 2032; x_wconf 84' lang='grc' dir='ltr'>δυνηθῆναι</span> <span class='ocrx_word' id='word_1_481' title='bbox 3024 1963 3262 2033; x_wconf 80' lang='grc' dir='ltr'>φυλάξαι</span> <span class='ocrx_word' id='word_1_482' title='bbox 3284 1964 3379 2018; x_wconf 74' lang='grc' dir='ltr'>τὸν</span> <span class='ocrx_word' id='word_1_483' title='bbox 3410 1967 3695 2022; x_wconf 80' lang='grc' dir='ltr'>ἐπίλοιπον</span> 
     </span>
    </p>
   </div>
   <div class='ocr_carea' id='block_1_60' title="bbox 2112 2045 3696 2125">
    <p class='ocr_par' dir='ltr' id='par_1_60' title="bbox 2112 2045 3696 2125">
     <span class='ocr_line' id='line_1_60' title="bbox 2112 2045 3696 2125; baseline 0.009 -27"><span class='ocrx_word' id='word_1_484' title='bbox 2112 2045 2283 2099; x_wconf 80' lang='grc' dir='ltr'>τόπον</span> <span class='ocrx_word' id='word_1_485' title='bbox 2308 2047 2399 2100; x_wconf 66' lang='grc' dir='ltr'><strong>τόν</strong></span> <span class='ocrx_word' id='word_1_486' title='bbox 2426 2048 2876 2119; x_wconf 77' lang='grc' dir='ltr'>ἐναπομείναντα</span> <span class='ocrx_word' id='word_1_487' title='bbox 2910 2053 3064 2125; x_wconf 80' lang='grc' dir='ltr'>αὐτῷ</span> <span class='ocrx_word' id='word_1_488' title='bbox 3089 2070 3105 2085; x_wconf 75' lang='grc' dir='ltr'><strong>ο</strong></span> <span class='ocrx_word' id='word_1_489' title='bbox 3135 2055 3233 2109; x_wconf 82' lang='grc' dir='ltr'><strong>καί</strong></span> <span class='ocrx_word' id='word_1_490' title='bbox 3272 2075 3428 2123; x_wconf 89' lang='grc' dir='ltr'>τινας</span> <span class='ocrx_word' id='word_1_491' title='bbox 3452 2059 3564 2113; x_wconf 86' lang='grc' dir='ltr'><strong>τῶν</strong></span> <span class='ocrx_word' id='word_1_492' title='bbox 3598 2063 3696 2117; x_wconf 80' lang='grc' dir='ltr'><strong>αὖ-</strong></span> 
     </span>
    </p>
   </div>
   <div class='ocr_carea' id='block_1_61' title="bbox 2113 2139 3695 2225">
    <p class='ocr_par' dir='ltr' id='par_1_61' title="bbox 2113 2139 3695 2225">
     <span class='ocr_line' id='line_1_61' title="bbox 2113 2139 3695 2225; baseline 0.011 -33"><span class='ocrx_word' id='word_1_493' title='bbox 2113 2139 2209 2193; x_wconf 84' lang='grc' dir='ltr'><strong>τοῢ</strong></span> <span class='ocrx_word' id='word_1_494' title='bbox 2242 2140 2426 2195; x_wconf 88' lang='grc' dir='ltr'>τόπων</span> <span class='ocrx_word' id='word_1_495' title='bbox 2450 2141 2649 2197; x_wconf 69' lang='grc' dir='ltr'>ἔλαϐον</span> <span class='ocrx_word' id='word_1_496' title='bbox 2679 2144 2729 2198; x_wconf 91' lang='grc' dir='ltr'><strong>οί</strong></span> <span class='ocrx_word' id='word_1_497' title='bbox 2779 2146 2940 2217; x_wconf 84' lang='grc' dir='ltr'>ήμῶν</span> <span class='ocrx_word' id='word_1_498' title='bbox 2968 2149 3249 2214; x_wconf 77' lang='grc' dir='ltr'>αὐθένται,</span> <span class='ocrx_word' id='word_1_499' title='bbox 3278 2152 3359 2215; x_wconf 81' lang='grc' dir='ltr'>εἰς</span> <span class='ocrx_word' id='word_1_500' title='bbox 3391 2154 3695 2225; x_wconf 83' lang='grc' dir='ltr'>συμϐάσεις</span> 
     </span>
    </p>
   </div>
   <div class='ocr_carea' id='block_1_62' title="bbox 2114 2230 3697 2317">
    <p class='ocr_par' dir='ltr' id='par_1_62' title="bbox 2114 2230 3697 2317">
     <span class='ocr_line' id='line_1_62' title="bbox 2114 2230 3697 2317; baseline 0.011 -31"><span class='ocrx_word' id='word_1_501' title='bbox 2114 2230 2404 2297; x_wconf 83' lang='grc' dir='ltr'>ἐλθόντων,</span> <span class='ocrx_word' id='word_1_502' title='bbox 2436 2235 2533 2289; x_wconf 76' lang='grc' dir='ltr'><strong>καὶ</strong></span> <span class='ocrx_word' id='word_1_503' title='bbox 2564 2235 2968 2309; x_wconf 81' lang='grc' dir='ltr'>ιῦδοκήσαντος</span> <span class='ocrx_word' id='word_1_504' title='bbox 2991 2241 3089 2295; x_wconf 83' lang='grc' dir='ltr'>τοῦ</span> <span class='ocrx_word' id='word_1_505' title='bbox 3116 2241 3383 2299; x_wconf 86' lang='grc' dir='ltr'>δεσπότου</span> <span class='ocrx_word' id='word_1_506' title='bbox 3409 2248 3514 2317; x_wconf 77' lang='grc' dir='ltr'><strong>κὺρ</strong></span> <span class='ocrx_word' id='word_1_507' title='bbox 3539 2249 3697 2302; x_wconf 78' lang='grc' dir='ltr'>Κων-</span> 
     </span>
    </p>
   </div>
   <div class='ocr_carea' id='block_1_63' title="bbox 2116 2324 3697 2412">
    <p class='ocr_par' dir='ltr' id='par_1_63' title="bbox 2116 2324 3697 2412">
     <span class='ocr_line' id='line_1_63' title="bbox 2116 2324 3697 2412; baseline 0.013 -36"><span class='ocrx_word' id='word_1_508' title='bbox 2116 2324 2400 2379; x_wconf 87' lang='grc' dir='ltr'>σταντίνου</span> <span class='ocrx_word' id='word_1_509' title='bbox 2423 2325 2510 2380; x_wconf 73' lang='grc' dir='ltr'>ἵνα</span> <span class='ocrx_word' id='word_1_510' title='bbox 2532 2327 2676 2402; x_wconf 84' lang='grc' dir='ltr'>λάϐῃ</span> <span class='ocrx_word' id='word_1_511' title='bbox 2705 2330 2784 2394; x_wconf 85' lang='grc' dir='ltr'><strong>είς</strong></span> <span class='ocrx_word' id='word_1_512' title='bbox 2808 2330 3043 2403; x_wconf 85' lang='grc' dir='ltr'>νόμιμον</span> <span class='ocrx_word' id='word_1_513' title='bbox 3069 2338 3310 2402; x_wconf 84' lang='grc' dir='ltr'>γυναῖκα</span> <span class='ocrx_word' id='word_1_514' title='bbox 3338 2339 3438 2406; x_wconf 83' lang='grc' dir='ltr'>τὴν</span> <span class='ocrx_word' id='word_1_515' title='bbox 3465 2341 3697 2412; x_wconf 79' lang='grc' dir='ltr'>ἀνεψιὰν</span> 
     </span>
    </p>
   </div>
   <div class='ocr_carea' id='block_1_64' title="bbox 2112 2416 3695 2503">
    <p class='ocr_par' dir='ltr' id='par_1_64' title="bbox 2112 2416 3695 2503">
     <span class='ocr_line' id='line_1_64' title="bbox 2112 2416 3695 2503; baseline 0.013 -34"><span class='ocrx_word' id='word_1_516' title='bbox 2112 2416 2267 2471; x_wconf 70' lang='grc' dir='ltr'>τοῦδε</span> <span class='ocrx_word' id='word_1_517' title='bbox 2297 2417 2391 2471; x_wconf 85' lang='grc' dir='ltr'>τοῦ</span> <span class='ocrx_word' id='word_1_518' title='bbox 2435 2419 2702 2475; x_wconf 83' lang='grc' dir='ltr'>δεσπότου</span> <span class='ocrx_word' id='word_1_519' title='bbox 2749 2421 3027 2494; x_wconf 80' lang='grc' dir='ltr'>Καρόλου,</span> <span class='ocrx_word' id='word_1_520' title='bbox 3066 2427 3161 2482; x_wconf 72' lang='grc' dir='ltr'><strong>καὶ</strong></span> <span class='ocrx_word' id='word_1_521' title='bbox 3196 2428 3296 2483; x_wconf 75' lang='grc' dir='ltr'><strong>ὅσα</strong></span> <span class='ocrx_word' id='word_1_522' title='bbox 3327 2429 3394 2484; x_wconf 80' lang='grc' dir='ltr'><strong>ἂν</strong></span> <span class='ocrx_word' id='word_1_523' title='bbox 3427 2428 3543 2503; x_wconf 73' lang='grc' dir='ltr'>εἷχε</span> <span class='ocrx_word' id='word_1_524' title='bbox 3592 2436 3695 2487; x_wconf 64' lang='grc' dir='ltr'><strong>κάε</strong></span> 
     </span>
    </p>
   </div>
   <div class='ocr_carea' id='block_1_65' title="bbox 2114 2511 3694 2598">
    <p class='ocr_par' dir='ltr' id='par_1_65' title="bbox 2114 2511 3694 2598">
     <span class='ocr_line' id='line_1_65' title="bbox 2114 2511 3694 2598; baseline 0.015 -37"><span class='ocrx_word' id='word_1_525' title='bbox 2114 2525 2254 2580; x_wconf 90' lang='grc' dir='ltr'>στρα</span> <span class='ocrx_word' id='word_1_526' title='bbox 2282 2511 2364 2575; x_wconf 79' lang='grc' dir='ltr'><strong>είς</strong></span> <span class='ocrx_word' id='word_1_527' title='bbox 2392 2512 2490 2583; x_wconf 81' lang='grc' dir='ltr'>τὴν</span> <span class='ocrx_word' id='word_1_528' title='bbox 2519 2513 2932 2586; x_wconf 81' lang='grc' dir='ltr'>Πελοπόννησον</span> <span class='ocrx_word' id='word_1_529' title='bbox 2965 2517 3107 2590; x_wconf 74' lang='grc' dir='ltr'>λάϐῃ</span> <span class='ocrx_word' id='word_1_530' title='bbox 3135 2520 3214 2585; x_wconf 87' lang='grc' dir='ltr'>εἰς</span> <span class='ocrx_word' id='word_1_531' title='bbox 3238 2523 3474 2594; x_wconf 83' lang='grc' dir='ltr'>προῖκαν</span> <span class='ocrx_word' id='word_1_532' title='bbox 3497 2525 3694 2598; x_wconf 72' lang='grc' dir='ltr'>αὐτῆς.</span> 
     </span>
    </p>
   </div>
   <div class='ocr_carea' id='block_1_66' title="bbox 2110 2600 3091 2679">
    <p class='ocr_par' dir='ltr' id='par_1_66' title="bbox 2110 2600 3091 2679">
     <span class='ocr_line' id='line_1_66' title="bbox 2110 2600 3091 2679; baseline 0.013 -25"><span class='ocrx_word' id='word_1_533' title='bbox 2110 2600 2259 2656; x_wconf 74' lang='grc' dir='ltr'>οὕτω</span> <span class='ocrx_word' id='word_1_534' title='bbox 2283 2604 2584 2676; x_wconf 75' lang='grc' dir='ltr'>γενομένης</span> <span class='ocrx_word' id='word_1_535' title='bbox 2615 2606 2716 2679; x_wconf 85' lang='grc' dir='ltr'>τῆς</span> <span class='ocrx_word' id='word_1_536' title='bbox 2745 2612 3091 2678; x_wconf 81' lang='grc' dir='ltr'>συμφωνίας.</span> 
     </span>
    </p>
   </div>
   <div class='ocr_carea' id='block_1_67' title="bbox 2188 2694 3694 2778">
    <p class='ocr_par' dir='ltr' id='par_1_67' title="bbox 2188 2694 3694 2778">
     <span class='ocr_line' id='line_1_67' title="bbox 2188 2694 3694 2778; baseline 0.012 -30"><span class='ocrx_word' id='word_1_537' title='bbox 2188 2694 2254 2765; x_wconf 84' lang='grc' dir='ltr'><strong>β’.</strong></span> <span class='ocrx_word' id='word_1_538' title='bbox 2291 2697 2369 2769; x_wconf 78' lang='grc' dir='ltr'>Τῇ</span> <span class='ocrx_word' id='word_1_539' title='bbox 2415 2697 2510 2752; x_wconf 82' lang='grc' dir='ltr'><strong>οὖν</strong></span> <span class='ocrx_word' id='word_1_540' title='bbox 2542 2701 2735 2774; x_wconf 81' lang='grc' dir='ltr'>πρώτῃ</span> <span class='ocrx_word' id='word_1_541' title='bbox 2765 2703 2946 2756; x_wconf 79' lang='grc' dir='ltr'>Μαΐου</span> <span class='ocrx_word' id='word_1_542' title='bbox 2980 2706 3076 2758; x_wconf 86' lang='grc' dir='ltr'>τοῦ</span> <span class='ocrx_word' id='word_1_543' title='bbox 3118 2705 3286 2762; x_wconf 83' lang='grc' dir='ltr'>αὑτοῦ</span> <span class='ocrx_word' id='word_1_544' title='bbox 3331 2710 3488 2778; x_wconf 80' lang='grc' dir='ltr'>ἔτους</span> <span class='ocrx_word' id='word_1_545' title='bbox 3530 2708 3694 2768; x_wconf 81' lang='grc' dir='ltr'>σταλ-</span> 
     </span>
    </p>
   </div>
   <div class='ocr_carea' id='block_1_68' title="bbox 2113 2787 3690 2867">
    <p class='ocr_par' dir='ltr' id='par_1_68' title="bbox 2113 2787 3690 2867">
     <span class='ocr_line' id='line_1_68' title="bbox 2113 2787 3690 2867; baseline 0.014 -28"><span class='ocrx_word' id='word_1_546' title='bbox 2113 2787 2230 2851; x_wconf 69' lang='grc' dir='ltr'>θεὶς</span> <span class='ocrx_word' id='word_1_547' title='bbox 2245 2789 2358 2853; x_wconf 81' lang='grc' dir='ltr'><strong>ἐγὼ</strong></span> <span class='ocrx_word' id='word_1_548' title='bbox 2380 2791 2693 2860; x_wconf 81' lang='grc' dir='ltr'>παρέλαϐον</span> <span class='ocrx_word' id='word_1_549' title='bbox 2710 2793 2810 2867; x_wconf 82' lang='grc' dir='ltr'><strong>τὴν</strong></span> <span class='ocrx_word' id='word_1_550' title='bbox 2824 2796 3196 2867; x_wconf 79' lang='grc' dir='ltr'>Γλαρέντζαν,</span> <span class='ocrx_word' id='word_1_551' title='bbox 3213 2801 3310 2854; x_wconf 78' lang='grc' dir='ltr'><strong>καὶ</strong></span> <span class='ocrx_word' id='word_1_552' title='bbox 3332 2803 3484 2858; x_wconf 78' lang='grc' dir='ltr'>ἄλλοι</span> <span class='ocrx_word' id='word_1_553' title='bbox 3501 2807 3690 2862; x_wconf 76' lang='grc' dir='ltr'>τᾶλλα.</span> 
     </span>
    </p>
   </div>
   <div class='ocr_carea' id='block_1_69' title="bbox 2114 2878 3693 2966">
    <p class='ocr_par' dir='ltr' id='par_1_69' title="bbox 2114 2878 3693 2966">
     <span class='ocr_line' id='line_1_69' title="bbox 2114 2878 3693 2966; baseline 0.013 -35"><span class='ocrx_word' id='word_1_554' title='bbox 2114 2878 2224 2932; x_wconf 82' lang='grc' dir='ltr'><strong>Καὶ</strong></span> <span class='ocrx_word' id='word_1_555' title='bbox 2273 2881 2792 2954; x_wconf 70' lang='grc' dir='ltr'>ἐπαναστρέψαντες</span> <span class='ocrx_word' id='word_1_556' title='bbox 2834 2889 2915 2950; x_wconf 85' lang='grc' dir='ltr'><strong>είς</strong></span> <span class='ocrx_word' id='word_1_557' title='bbox 2958 2889 3219 2963; x_wconf 87' lang='grc' dir='ltr'>Σπάρτην</span> <span class='ocrx_word' id='word_1_558' title='bbox 3267 2894 3557 2966; x_wconf 79' lang='grc' dir='ltr'>ἐνηργεῖτο</span> <span class='ocrx_word' id='word_1_559' title='bbox 3594 2898 3693 2959; x_wconf 58' lang='grc' dir='ltr'>,ἵνα</span> 
     </span>
    </p>
   </div>
   <div class='ocr_carea' id='block_1_70' title="bbox 2111 2971 3695 3061">
    <p class='ocr_par' dir='ltr' id='par_1_70' title="bbox 2111 2971 3695 3061">
     <span class='ocr_line' id='line_1_70' title="bbox 2111 2971 3695 3061; baseline 0.015 -37"><span class='ocrx_word' id='word_1_560' title='bbox 2111 2971 2252 3045; x_wconf 86' lang='grc' dir='ltr'>λάϐῃ</span> <span class='ocrx_word' id='word_1_561' title='bbox 2285 2974 2683 3061; x_wconf 39' lang='grc' dir='ltr'>τὸνμοναχικδν</span> <span class='ocrx_word' id='word_1_562' title='bbox 2729 2979 2919 3052; x_wconf 84' lang='grc' dir='ltr'>σχῆμα</span> <span class='ocrx_word' id='word_1_563' title='bbox 2954 2983 2982 3036; x_wconf 84' lang='grc' dir='ltr'><strong>ό</strong></span> <span class='ocrx_word' id='word_1_564' title='bbox 3012 2983 3283 3056; x_wconf 88' lang='grc' dir='ltr'>δεσπότης</span> <span class='ocrx_word' id='word_1_565' title='bbox 3328 2991 3436 3059; x_wconf 78' lang='grc' dir='ltr'><strong>κὺρ</strong></span> <span class='ocrx_word' id='word_1_566' title='bbox 3484 2992 3695 3046; x_wconf 82' lang='grc' dir='ltr'>Θεόδω-</span> 
     </span>
    </p>
   </div>
   <div class='ocr_carea' id='block_1_71' title="bbox 2116 3065 3692 3154">
    <p class='ocr_par' dir='ltr' id='par_1_71' title="bbox 2116 3065 3692 3154">
     <span class='ocr_line' id='line_1_71' title="bbox 2116 3065 3692 3154; baseline 0.013 -38"><span class='ocrx_word' id='word_1_567' title='bbox 2116 3076 2228 3154; x_wconf 83' lang='grc' dir='ltr'>ρος,</span> <span class='ocrx_word' id='word_1_568' title='bbox 2256 3065 2589 3135; x_wconf 76' lang='grc' dir='ltr'>καὶ“τρόπον</span> <span class='ocrx_word' id='word_1_569' title='bbox 2629 3069 2725 3123; x_wconf 75' lang='grc' dir='ltr'>καὶ</span> <span class='ocrx_word' id='word_1_570' title='bbox 2768 3071 3043 3144; x_wconf 70' lang='grc' dir='ltr'>ἀναϐολήν</span> <span class='ocrx_word' id='word_1_571' title='bbox 3069 3076 3351 3146; x_wconf 81' lang='grc' dir='ltr'>ποιήσωσι</span> <span class='ocrx_word' id='word_1_572' title='bbox 3379 3080 3474 3134; x_wconf 85' lang='grc' dir='ltr'>τοῦ</span> <span class='ocrx_word' id='word_1_573' title='bbox 3509 3099 3692 3154; x_wconf 81' lang='grc' dir='ltr'>παρα-</span> 
     </span>
    </p>
   </div>
   <div class='ocr_carea' id='block_1_72' title="bbox 2113 3153 3693 3243">
    <p class='ocr_par' dir='ltr' id='par_1_72' title="bbox 2113 3153 3693 3243">
     <span class='ocr_line' id='line_1_72' title="bbox 2113 3153 3693 3243; baseline 0.014 -37"><span class='ocrx_word' id='word_1_574' title='bbox 2113 3153 2303 3209; x_wconf 83' lang='grc' dir='ltr'>λαϐεῖν</span> <span class='ocrx_word' id='word_1_575' title='bbox 2336 3156 2499 3228; x_wconf 75' lang='lat'><strong>129</strong></span> <span class='ocrx_word' id='word_1_576' title='bbox 2531 3158 2632 3231; x_wconf 72' lang='grc' dir='ltr'>τὴν</span> <span class='ocrx_word' id='word_1_577' title='bbox 2662 3160 2912 3233; x_wconf 81' lang='grc' dir='ltr'>Πάτραν,</span> <span class='ocrx_word' id='word_1_578' title='bbox 2943 3165 3248 3233; x_wconf 81' lang='grc' dir='ltr'>ἀναγκαῖον</span> <span class='ocrx_word' id='word_1_579' title='bbox 3285 3170 3381 3225; x_wconf 73' lang='grc' dir='ltr'><strong>καὶ</strong></span> <span class='ocrx_word' id='word_1_580' title='bbox 3416 3153 3693 3243; x_wconf 79' lang='grc' dir='ltr'>χρήσιμον</span> 
     </span>
    </p>
   </div>
   <div class='ocr_carea' id='block_1_73' title="bbox 2114 3247 3693 3336">
    <p class='ocr_par' dir='ltr' id='par_1_73' title="bbox 2114 3247 3693 3336">
     <span class='ocr_line' id='line_1_73' title="bbox 2114 3247 3693 3336; baseline 0.011 -35"><span class='ocrx_word' id='word_1_581' title='bbox 2114 3247 2303 3317; x_wconf 87' lang='grc' dir='ltr'>τόπον,</span> <span class='ocrx_word' id='word_1_582' title='bbox 2330 3250 2418 3304; x_wconf 80' lang='grc' dir='ltr'><strong>ἴνα</strong></span> <span class='ocrx_word' id='word_1_583' title='bbox 2459 3251 2562 3321; x_wconf 77' lang='grc' dir='ltr'>τὴν</span> <span class='ocrx_word' id='word_1_584' title='bbox 2610 3252 2936 3325; x_wconf 86' lang='grc' dir='ltr'>κατοίκησιν</span> <span class='ocrx_word' id='word_1_585' title='bbox 2970 3259 3019 3311; x_wconf 81' lang='lat' dir='ltr'><strong>oi</strong></span> <span class='ocrx_word' id='word_1_586' title='bbox 3049 3257 3312 3315; x_wconf 84' lang='grc' dir='ltr'>δεσπόται</span> <span class='ocrx_word' id='word_1_587' title='bbox 3342 3263 3439 3317; x_wconf 79' lang='grc' dir='ltr'>καὶ</span> <span class='ocrx_word' id='word_1_588' title='bbox 3469 3265 3693 3336; x_wconf 76' lang='grc' dir='ltr'>ἀδελφοὶ</span> 
     </span>
    </p>
   </div>
   <div class='ocr_carea' id='block_1_74' title="bbox 2116 3429 3694 3509">
    <p class='ocr_par' dir='ltr' id='par_1_74' title="bbox 2116 3429 3694 3509">
     <span class='ocr_line' id='line_1_74' title="bbox 2116 3429 3694 3509; baseline 0.007 -24"><span class='ocrx_word' id='word_1_589' title='bbox 2116 3444 2221 3485; x_wconf 77' lang='lat' dir='ltr'><strong>nos</strong></span> <span class='ocrx_word' id='word_1_590' title='bbox 2260 3429 2569 3490; x_wconf 84' lang='lat' dir='ltr'><strong>Pbrantzes</strong></span> <span class='ocrx_word' id='word_1_591' title='bbox 2602 3434 2655 3488; x_wconf 92' lang='lat' dir='ltr'><strong>in</strong></span> <span class='ocrx_word' id='word_1_592' title='bbox 2687 3431 3148 3504; x_wconf 87' lang='lat' dir='ltr'><strong>Peloponnesum,</strong></span> <span class='ocrx_word' id='word_1_593' title='bbox 3197 3446 3360 3509; x_wconf 72' lang='lat' dir='ltr'><strong>alque</strong></span> <span class='ocrx_word' id='word_1_594' title='bbox 3381 3439 3452 3494; x_wconf 89' lang='lat' dir='ltr'><strong>ibi</strong></span> <span class='ocrx_word' id='word_1_595' title='bbox 3484 3440 3529 3495; x_wconf 92' lang='lat' dir='ltr'><strong>si</strong></span> <span class='ocrx_word' id='word_1_596' title='bbox 3578 3457 3694 3496; x_wconf 58' lang='lat' dir='ltr'><strong>ma.</strong></span> 
     </span>
    </p>
   </div>
   <div class='ocr_carea' id='block_1_75' title="bbox 2115 3523 3685 3602">
    <p class='ocr_par' dir='ltr' id='par_1_75' title="bbox 2115 3523 3685 3602">
     <span class='ocr_line' id='line_1_75' title="bbox 2115 3523 3685 3602; baseline 0.005 -21"><span class='ocrx_word' id='word_1_597' title='bbox 2115 3531 2246 3581; x_wconf 85' lang='lat' dir='ltr'><strong>neat</strong></span> <span class='ocrx_word' id='word_1_598' title='bbox 2279 3523 2452 3580; x_wconf 81' lang='lat' dir='ltr'><strong>frater</strong></span> <span class='ocrx_word' id='word_1_599' title='bbox 2468 3540 2641 3590; x_wconf 90' lang='lat' dir='ltr'><strong>meus,</strong></span> <span class='ocrx_word' id='word_1_600' title='bbox 2669 3535 2888 3581; x_wconf 89' lang='lat' dir='ltr'><strong>maneto</strong></span> <span class='ocrx_word' id='word_1_601' title='bbox 2910 3526 3002 3582; x_wconf 88' lang='lat' dir='ltr'><strong>ille</strong></span> <span class='ocrx_word' id='word_1_602' title='bbox 3018 3543 3237 3599; x_wconf 83' lang='lat' dir='ltr'><strong>quoque</strong></span> <span class='ocrx_word' id='word_1_603' title='bbox 3258 3546 3379 3585; x_wconf 87' lang='lat' dir='ltr'><strong>cum</strong></span> <span class='ocrx_word' id='word_1_604' title='bbox 3405 3547 3685 3602; x_wconf 86' lang='lat' dir='ltr'><strong>eo,_quau-</strong></span> 
     </span>
    </p>
   </div>
   <div class='ocr_carea' id='block_1_76' title="bbox 2117 3617 3691 3693">
    <p class='ocr_par' dir='ltr' id='par_1_76' title="bbox 2117 3617 3691 3693">
     <span class='ocr_line' id='line_1_76' title="bbox 2117 3617 3691 3693; baseline 0.006 -22"><span class='ocrx_word' id='word_1_605' title='bbox 2117 3617 2406 3688; x_wconf 82' lang='lat' dir='ltr'><strong>doquidem</strong></span> <span class='ocrx_word' id='word_1_606' title='bbox 2433 3617 2511 3672; x_wconf 77' lang='lat' dir='ltr'><strong>ita</strong></span> <span class='ocrx_word' id='word_1_607' title='bbox 2536 3618 2735 3673; x_wconf 84' lang='lat' dir='ltr'><strong>suadet</strong></span> <span class='ocrx_word' id='word_1_608' title='bbox 2767 3619 3130 3689; x_wconf 86' lang='lat' dir='ltr'><strong>conceditque</strong></span> <span class='ocrx_word' id='word_1_609' title='bbox 3160 3622 3291 3676; x_wconf 88' lang='lat' dir='ltr'><strong>mibi</strong></span> <span class='ocrx_word' id='word_1_610' title='bbox 3332 3624 3648 3693; x_wconf 82' lang='lat' dir='ltr'><strong>imperatrix</strong></span> <span class='ocrx_word' id='word_1_611' title='bbox 3676 3643 3691 3691; x_wconf 89' lang='lat'><strong>;</strong></span> 
     </span>
    </p>
   </div>
   <div class='ocr_carea' id='block_1_77' title="bbox 2116 3709 3691 3785">
    <p class='ocr_par' dir='ltr' id='par_1_77' title="bbox 2116 3709 3691 3785">
     <span class='ocr_line' id='line_1_77' title="bbox 2116 3709 3691 3785; baseline 0.004 -21"><span class='ocrx_word' id='word_1_612' title='bbox 2116 3709 2203 3764; x_wconf 87' lang='lat' dir='ltr'><strong>sin</strong></span> <span class='ocrx_word' id='word_1_613' title='bbox 2237 3709 2438 3765; x_wconf 82' lang='lat' dir='ltr'><strong>redibit</strong></span> <span class='ocrx_word' id='word_1_614' title='bbox 2470 3725 2682 3764; x_wconf 88' lang='lat' dir='ltr'><strong>mecum</strong></span> <span class='ocrx_word' id='word_1_615' title='bbox 2727 3710 2920 3777; x_wconf 78' lang='lat' dir='ltr'><strong>frater,</strong></span> <span class='ocrx_word' id='word_1_616' title='bbox 2965 3710 3112 3766; x_wconf 89' lang='lat' dir='ltr'><strong>illum</strong></span> <span class='ocrx_word' id='word_1_617' title='bbox 3138 3727 3364 3768; x_wconf 89' lang='lat' dir='ltr'><strong>necesse</strong></span> <span class='ocrx_word' id='word_1_618' title='bbox 3411 3724 3498 3771; x_wconf 87' lang='lat' dir='ltr'><strong>est</strong></span> <span class='ocrx_word' id='word_1_619' title='bbox 3548 3719 3691 3785; x_wconf 82' lang='lat' dir='ltr'><strong>apud</strong></span> 
     </span>
    </p>
   </div>
   <div class='ocr_carea' id='block_1_78' title="bbox 2118 3802 3694 3874">
    <p class='ocr_par' dir='ltr' id='par_1_78' title="bbox 2118 3802 3694 3874">
     <span class='ocr_line' id='line_1_78' title="bbox 2118 3802 3694 3874; baseline 0.007 -20"><span class='ocrx_word' id='word_1_620' title='bbox 2118 3816 2204 3856; x_wconf 91' lang='lat' dir='ltr'><strong>me</strong></span> <span class='ocrx_word' id='word_1_621' title='bbox 2229 3815 2374 3866; x_wconf 88' lang='lat' dir='ltr'><strong>esse,</strong></span> <span class='ocrx_word' id='word_1_622' title='bbox 2405 3802 2862 3872; x_wconf 88' lang='lat' dir='ltr'><strong>quemadmodum</strong></span> <span class='ocrx_word' id='word_1_623' title='bbox 2888 3803 3028 3872; x_wconf 77' lang='lat' dir='ltr'><strong>jussl</strong></span> <span class='ocrx_word' id='word_1_624' title='bbox 3050 3819 3241 3859; x_wconf 85' lang='lat' dir='ltr'><strong>sumus</strong></span> <span class='ocrx_word' id='word_1_625' title='bbox 3264 3804 3332 3858; x_wconf 87' lang='lat' dir='ltr'><strong>ab</strong></span> <span class='ocrx_word' id='word_1_626' title='bbox 3364 3806 3694 3874; x_wconf 86' lang='lat' dir='ltr'><strong>imperatore</strong></span> 
     </span>
    </p>
   </div>
   <div class='ocr_carea' id='block_1_79' title="bbox 2117 3891 3692 3966">
    <p class='ocr_par' dir='ltr' id='par_1_79' title="bbox 2117 3891 3692 3966">
     <span class='ocr_line' id='line_1_79' title="bbox 2117 3891 3692 3966; baseline 0.006 -22"><span class='ocrx_word' id='word_1_627' title='bbox 2117 3906 2329 3960; x_wconf 82' lang='lat' dir='ltr'><strong>nosque</strong></span> <span class='ocrx_word' id='word_1_628' title='bbox 2348 3891 2531 3946; x_wconf 82' lang='lat' dir='ltr'><strong>facere</strong></span> <span class='ocrx_word' id='word_1_629' title='bbox 2553 3892 2728 3947; x_wconf 80' lang='lat' dir='ltr'><strong>decet.</strong></span> <span class='ocrx_word' id='word_1_630' title='bbox 2764 3910 2782 3942; x_wconf 77' lang='grc' dir='ltr'><strong>ι</strong></span> <span class='ocrx_word' id='word_1_631' title='bbox 2809 3891 2944 3948; x_wconf 84' lang='lat' dir='ltr'><strong>Cum</strong></span> <span class='ocrx_word' id='word_1_632' title='bbox 2972 3894 3138 3966; x_wconf 78' lang='lat' dir='ltr'><strong>igitur</strong></span> <span class='ocrx_word' id='word_1_633' title='bbox 3167 3894 3221 3948; x_wconf 91' lang='lat' dir='ltr'><strong>in</strong></span> <span class='ocrx_word' id='word_1_634' title='bbox 3258 3893 3692 3961; x_wconf 87' lang='lat' dir='ltr'><strong>Peloponnesum</strong></span> 
     </span>
    </p>
   </div>
   <div class='ocr_carea' id='block_1_80' title="bbox 2116 3983 3691 4058">
    <p class='ocr_par' dir='ltr' id='par_1_80' title="bbox 2116 3983 3691 4058">
     <span class='ocr_line' id='line_1_80' title="bbox 2116 3983 3691 4058; baseline 0.005 -21"><span class='ocrx_word' id='word_1_635' title='bbox 2116 3983 2615 4053; x_wconf 75' lang='lat' dir='ltr'><strong>proficisceremur,</strong></span> <span class='ocrx_word' id='word_1_636' title='bbox 2641 3983 2821 4052; x_wconf 85' lang='lat' dir='ltr'><strong>alteri,</strong></span> <span class='ocrx_word' id='word_1_637' title='bbox 2872 3993 2931 4039; x_wconf 89' lang='lat' dir='ltr'><strong>nt</strong></span> <span class='ocrx_word' id='word_1_638' title='bbox 2957 3996 3084 4040; x_wconf 88' lang='lat' dir='ltr'><strong>ante</strong></span> <span class='ocrx_word' id='word_1_639' title='bbox 3112 3987 3251 4054; x_wconf 81' lang='lat' dir='ltr'><strong>dixi,</strong></span> <span class='ocrx_word' id='word_1_640' title='bbox 3301 3986 3543 4058; x_wconf 76' lang='lat' dir='ltr'><strong>perfecte</strong></span> <span class='ocrx_word' id='word_1_641' title='bbox 3590 3990 3691 4045; x_wconf 83' lang='lat' dir='ltr'><strong>ob-</strong></span> 
     </span>
    </p>
   </div>
   <div class='ocr_carea' id='block_1_81' title="bbox 2115 4074 3694 4153">
    <p class='ocr_par' dir='ltr' id='par_1_81' title="bbox 2115 4074 3694 4153">
     <span class='ocr_line' id='line_1_81' title="bbox 2115 4074 3694 4153; baseline 0.007 -24"><span class='ocrx_word' id='word_1_642' title='bbox 2115 4074 2505 4144; x_wconf 80' lang='lat' dir='ltr'><strong>temperabam,</strong></span> <span class='ocrx_word' id='word_1_643' title='bbox 2531 4075 2762 4131; x_wconf 83' lang='lat' dir='ltr'><strong>alterum</strong></span> <span class='ocrx_word' id='word_1_644' title='bbox 2804 4092 2926 4133; x_wconf 87' lang='lat' dir='ltr'><strong>cum</strong></span> <span class='ocrx_word' id='word_1_645' title='bbox 2978 4092 3168 4134; x_wconf 90' lang='lat' dir='ltr'><strong>amore</strong></span> <span class='ocrx_word' id='word_1_646' title='bbox 3203 4088 3259 4134; x_wconf 88' lang='lat' dir='ltr'><strong>et</strong></span> <span class='ocrx_word' id='word_1_647' title='bbox 3301 4094 3397 4151; x_wconf 86' lang='lat' dir='ltr'><strong>spe</strong></span> <span class='ocrx_word' id='word_1_648' title='bbox 3426 4083 3694 4153; x_wconf 88' lang='lat' dir='ltr'><strong>suspicie-</strong></span> 
     </span>
    </p>
   </div>
   <div class='ocr_carea' id='block_1_82' title="bbox 2114 4167 2652 4221">
    <p class='ocr_par' dir='ltr' id='par_1_82' title="bbox 2114 4167 2652 4221">
     <span class='ocr_line' id='line_1_82' title="bbox 2114 4167 2652 4221; baseline -0.007 0"><span class='ocrx_word' id='word_1_649' title='bbox 2114 4167 2260 4221; x_wconf 71' lang='lat' dir='ltr'><strong>bant.</strong></span> <span class='ocrx_word' id='word_1_650' title='bbox 2642 4180 2652 4186; x_wconf 57' lang='grc' dir='ltr'><strong>ε</strong></span> 
     </span>
    </p>
   </div>
   <div class='ocr_carea' id='block_1_83' title="bbox 2185 4254 3691 4333">
    <p class='ocr_par' dir='ltr' id='par_1_83' title="bbox 2185 4254 3691 4333">
     <span class='ocr_line' id='line_1_83' title="bbox 2185 4254 3691 4333; baseline 0.006 -20"><span class='ocrx_word' id='word_1_651' title='bbox 2185 4258 2363 4315; x_wconf 82' lang='lat' dir='ltr'><strong>Delati</strong></span> <span class='ocrx_word' id='word_1_652' title='bbox 2400 4259 2571 4329; x_wconf 82' lang='lat' dir='ltr'><strong>igitur</strong></span> <span class='ocrx_word' id='word_1_653' title='bbox 2613 4260 2667 4316; x_wconf 90' lang='lat' dir='ltr'><strong>in</strong></span> <span class='ocrx_word' id='word_1_654' title='bbox 2733 4259 3192 4333; x_wconf 83' lang='lat' dir='ltr'><strong>Peloponnesum,</strong></span> <span class='ocrx_word' id='word_1_655' title='bbox 3266 4254 3509 4322; x_wconf 74' lang='lat' dir='ltr'><strong>vidimus</strong></span> <span class='ocrx_word' id='word_1_656' title='bbox 3575 4268 3691 4324; x_wconf 86' lang='lat' dir='ltr'><strong>loca</strong></span> 
     </span>
    </p>
   </div>
   <div class='ocr_carea' id='block_1_84' title="bbox 2113 4336 3690 4425">
    <p class='ocr_par' dir='ltr' id='par_1_84' title="bbox 2113 4336 3690 4425">
     <span class='ocr_line' id='line_1_84' title="bbox 2113 4336 3690 4425; baseline 0.004 -16"><span class='ocrx_word' id='word_1_657' title='bbox 2113 4355 2298 4409; x_wconf 85' lang='lat' dir='ltr'><strong>omnia</strong></span> <span class='ocrx_word' id='word_1_658' title='bbox 2339 4370 2461 4425; x_wconf 73' lang='lat' dir='ltr'><strong>quae</strong></span> <span class='ocrx_word' id='word_1_659' title='bbox 2516 4371 2546 4409; x_wconf 88' lang='lat' dir='ltr'><strong>a</strong></span> <span class='ocrx_word' id='word_1_660' title='bbox 2591 4336 2789 4412; x_wconf 77' lang='lat' dir='ltr'><strong>Carolo</strong></span> <span class='ocrx_word' id='word_1_661' title='bbox 2840 4358 3066 4424; x_wconf 90' lang='lat' dir='ltr'><strong>despota</strong></span> <span class='ocrx_word' id='word_1_662' title='bbox 3141 4361 3487 4418; x_wconf 87' lang='lat' dir='ltr'><strong>tenebantur.</strong></span> <span class='ocrx_word' id='word_1_663' title='bbox 3553 4363 3690 4417; x_wconf 88' lang='lat' dir='ltr'><strong>Tum</strong></span> 
     </span>
    </p>
   </div>
   <div class='ocr_carea' id='block_1_85' title="bbox 446 4445 3691 4520">
    <p class='ocr_par' dir='ltr' id='par_1_85' title="bbox 446 4445 3691 4520">
     <span class='ocr_line' id='line_1_85' title="bbox 446 4445 3691 4520; baseline 0.002 -18"><span class='ocrx_word' id='word_1_664' title='bbox 446 4458 571 4502; x_wconf 84' lang='lat' dir='ltr'><strong>ante</strong></span> <span class='ocrx_word' id='word_1_665' title='bbox 592 4446 853 4516; x_wconf 83' lang='lat' dir='ltr'><strong>faciebas,</strong></span> <span class='ocrx_word' id='word_1_666' title='bbox 895 4463 1019 4503; x_wconf 90' lang='lat' dir='ltr'><strong>cum</strong></span> <span class='ocrx_word' id='word_1_667' title='bbox 1046 4457 1209 4520; x_wconf 88' lang='lat' dir='ltr'><strong>pater</strong></span> <span class='ocrx_word' id='word_1_668' title='bbox 1228 4450 1453 4505; x_wconf 87' lang='lat' dir='ltr'><strong>meusin</strong></span> <span class='ocrx_word' id='word_1_669' title='bbox 1493 4449 1634 4506; x_wconf 77' lang='lat' dir='ltr'><strong>vivis</strong></span> <span class='ocrx_word' id='word_1_670' title='bbox 1652 4460 1818 4507; x_wconf 85' lang='lat' dir='ltr'><strong>esset.</strong></span> <span class='ocrx_word' id='word_1_671' title='bbox 1844 4469 1864 4504; x_wconf 76' lang='grc' dir='ltr'><strong>ι</strong></span> <span class='ocrx_word' id='word_1_672' title='bbox 1886 4466 2010 4507; x_wconf 84' lang='lat' dir='ltr'><strong>cum</strong></span> <span class='ocrx_word' id='word_1_673' title='bbox 2041 4511 2082 4520; x_wconf 80' lang='lat'><strong>__</strong></span> <span class='ocrx_word' id='word_1_674' title='bbox 2117 4447 2390 4517; x_wconf 86' lang='lat' dir='ltr'><strong>principes</strong></span> <span class='ocrx_word' id='word_1_675' title='bbox 2414 4456 2472 4501; x_wconf 88' lang='lat' dir='ltr'><strong>et</strong></span> <span class='ocrx_word' id='word_1_676' title='bbox 2517 4445 2720 4503; x_wconf 79' lang='lat' dir='ltr'><strong>fratres</strong></span> <span class='ocrx_word' id='word_1_677' title='bbox 2773 4460 2986 4517; x_wconf 84' lang='lat' dir='ltr'><strong>omnes,</strong></span> <span class='ocrx_word' id='word_1_678' title='bbox 3028 4451 3422 4508; x_wconf 82' lang='lat' dir='ltr'><strong>deliberatione</strong></span> <span class='ocrx_word' id='word_1_679' title='bbox 3480 4453 3691 4518; x_wconf 85' lang='lat' dir='ltr'><strong>habita,</strong></span> 
     </span>
    </p>
   </div>
   <div class='ocr_carea' id='block_1_86' title="bbox 443 4511 3695 4613">
    <p class='ocr_par' dir='ltr' id='par_1_86' title="bbox 443 4511 3695 4613">
     <span class='ocr_line' id='line_1_86' title="bbox 443 4511 3695 4613; baseline 0.002 -20"><span class='ocrx_word' id='word_1_680' title='bbox 443 4538 641 4594; x_wconf 90' lang='lat' dir='ltr'><strong>deinde</strong></span> <span class='ocrx_word' id='word_1_681' title='bbox 667 4511 986 4596; x_wconf 71' lang='lat' dir='ltr'><strong>mandasset</strong></span> <span class='ocrx_word' id='word_1_682' title='bbox 1007 4511 1143 4596; x_wconf 68' lang='lat' dir='ltr'><strong>mihi</strong></span> <span class='ocrx_word' id='word_1_683' title='bbox 1172 4541 1507 4609; x_wconf 84' lang='lat' dir='ltr'><strong>imperator,</strong></span> <span class='ocrx_word' id='word_1_684' title='bbox 1547 4541 1693 4596; x_wconf 86' lang='lat' dir='ltr'><strong>illius</strong></span> <span class='ocrx_word' id='word_1_685' title='bbox 1723 4541 1916 4609; x_wconf 69' lang='lat' dir='ltr'><strong>fiater,</strong></span> <span class='ocrx_word' id='word_1_686' title='bbox 1953 4552 2012 4597; x_wconf 91' lang='lat' dir='ltr'><strong>ut</strong></span> <span class='ocrx_word' id='word_1_687' title='bbox 2039 4511 2092 4573; x_wconf 74' lang='lat' dir='ltr'><strong><em>D</em></strong></span> <span class='ocrx_word' id='word_1_688' title='bbox 2119 4511 2245 4590; x_wconf 58' lang='lat' dir='ltr'><strong>imm</strong></span> <span class='ocrx_word' id='word_1_689' title='bbox 2267 4511 2480 4605; x_wconf 47' lang='lat' dir='ltr'><strong>partem</strong></span> <span class='ocrx_word' id='word_1_690' title='bbox 2515 4551 2547 4590; x_wconf 79' lang='lat' dir='ltr'><strong>a</strong></span> <span class='ocrx_word' id='word_1_691' title='bbox 2568 4536 2767 4593; x_wconf 71' lang='lat' dir='ltr'><strong>Carolo</strong></span> <span class='ocrx_word' id='word_1_692' title='bbox 2789 4511 3124 4608; x_wconf 69' lang='lat' dir='ltr'><strong>occupatam</strong></span> <span class='ocrx_word' id='word_1_693' title='bbox 3168 4544 3424 4613; x_wconf 84' lang='lat' dir='ltr'><strong>subigere</strong></span> <span class='ocrx_word' id='word_1_694' title='bbox 3458 4559 3516 4598; x_wconf 90' lang='lat' dir='ltr'><strong>se</strong></span> <span class='ocrx_word' id='word_1_695' title='bbox 3534 4511 3695 4613; x_wconf 77' lang='lat' dir='ltr'><strong>posse</strong></span> 
     </span>
    </p>
   </div>
   <div class='ocr_carea' id='block_1_87' title="bbox 444 4630 2010 4706">
    <p class='ocr_par' dir='ltr' id='par_1_87' title="bbox 444 4630 2010 4706">
     <span class='ocr_line' id='line_1_87' title="bbox 444 4630 2010 4706; baseline 0.001 -19"><span class='ocrx_word' id='word_1_696' title='bbox 444 4631 499 4687; x_wconf 86' lang='lat' dir='ltr'><strong>in</strong></span> <span class='ocrx_word' id='word_1_697' title='bbox 533 4630 965 4703; x_wconf 86' lang='lat' dir='ltr'><strong>Peloponnesum</strong></span> <span class='ocrx_word' id='word_1_698' title='bbox 989 4633 1280 4689; x_wconf 84' lang='lat' dir='ltr'><strong>abeuntem</strong></span> <span class='ocrx_word' id='word_1_699' title='bbox 1305 4647 1365 4691; x_wconf 88' lang='lat' dir='ltr'><strong>se</strong></span> <span class='ocrx_word' id='word_1_700' title='bbox 1406 4634 1723 4702; x_wconf 77' lang='lat' dir='ltr'><strong>eomi‘tarer,</strong></span> <span class='ocrx_word' id='word_1_701' title='bbox 1783 4645 2010 4706; x_wconf 85' lang='lat' dir='ltr'><strong>propter</strong></span> 
     </span>
    </p>
   </div>
   <div class='ocr_carea' id='block_1_88' title="bbox 443 4724 2011 4794">
    <p class='ocr_par' dir='ltr' id='par_1_88' title="bbox 443 4724 2011 4794">
     <span class='ocr_line' id='line_1_88' title="bbox 443 4724 2011 4794; baseline 0.003 -18"><span class='ocrx_word' id='word_1_702' title='bbox 443 4734 584 4788; x_wconf 85' lang='lat' dir='ltr'><strong>eam,</strong></span> <span class='ocrx_word' id='word_1_703' title='bbox 620 4737 783 4792; x_wconf 84' lang='lat' dir='ltr'><strong>quam</strong></span> <span class='ocrx_word' id='word_1_704' title='bbox 828 4736 995 4792; x_wconf 81' lang='lat' dir='ltr'><strong>supra</strong></span> <span class='ocrx_word' id='word_1_705' title='bbox 1060 4724 1504 4791; x_wconf 83' lang='lat' dir='ltr'><strong>commemoravi,</strong></span> <span class='ocrx_word' id='word_1_706' title='bbox 1555 4740 1798 4790; x_wconf 80' lang='lat' dir='ltr'><strong>causam,</strong></span> <span class='ocrx_word' id='word_1_707' title='bbox 1892 4724 2011 4794; x_wconf 85' lang='lat' dir='ltr'><strong>ipse</strong></span> 
     </span>
    </p>
   </div>
   <div class='ocr_carea' id='block_1_89' title="bbox 442 4811 2010 4879">
    <p class='ocr_par' dir='ltr' id='par_1_89' title="bbox 442 4811 2010 4879">
     <span class='ocr_line' id='line_1_89' title="bbox 442 4811 2010 4879; baseline 0.002 -12"><span class='ocrx_word' id='word_1_708' title='bbox 442 4811 839 4868; x_wconf 78' lang='lat' dir='ltr'><strong>Constantinus</strong></span> <span class='ocrx_word' id='word_1_709' title='bbox 870 4814 1226 4870; x_wconf 79' lang='lat' dir='ltr'><strong>vehementer</strong></span> <span class='ocrx_word' id='word_1_710' title='bbox 1241 4828 1330 4870; x_wconf 91' lang='lat' dir='ltr'><strong>me</strong></span> <span class='ocrx_word' id='word_1_711' title='bbox 1358 4814 1646 4879; x_wconf 77' lang='lat' dir='ltr'><strong>invitabat,</strong></span> <span class='ocrx_word' id='word_1_712' title='bbox 1692 4825 1748 4870; x_wconf 91' lang='lat' dir='ltr'><strong>ut</strong></span> <span class='ocrx_word' id='word_1_713' title='bbox 1773 4815 1875 4871; x_wconf 88' lang='lat' dir='ltr'><strong>sibi</strong></span> <span class='ocrx_word' id='word_1_714' title='bbox 1897 4816 2010 4870; x_wconf 80' lang='lat' dir='ltr'><strong>vel-</strong></span> 
     </span>
    </p>
   </div>
   <div class='ocr_carea' id='block_1_90' title="bbox 444 4906 2014 4980">
    <p class='ocr_par' dir='ltr' id='par_1_90' title="bbox 444 4906 2014 4980">
     <span class='ocr_line' id='line_1_90' title="bbox 444 4906 2014 4980; baseline 0.002 -21"><span class='ocrx_word' id='word_1_715' title='bbox 444 4906 550 4959; x_wconf 77' lang='lat' dir='ltr'><strong>letn</strong></span> <span class='ocrx_word' id='word_1_716' title='bbox 602 4921 793 4962; x_wconf 88' lang='lat' dir='ltr'><strong>eomes</strong></span> <span class='ocrx_word' id='word_1_717' title='bbox 846 4919 989 4962; x_wconf 81' lang='lat' dir='ltr'><strong>esse.</strong></span> <span class='ocrx_word' id='word_1_718' title='bbox 1034 4906 1134 4962; x_wconf 87' lang='lat' dir='ltr'><strong>Cui</strong></span> <span class='ocrx_word' id='word_1_719' title='bbox 1182 4922 1284 4980; x_wconf 80' lang='lat' dir='ltr'><strong>ego</strong></span> <span class='ocrx_word' id='word_1_720' title='bbox 1350 4907 1626 4976; x_wconf 87' lang='lat' dir='ltr'><strong>respondi,</strong></span> <span class='ocrx_word' id='word_1_721' title='bbox 1651 4922 1736 4962; x_wconf 89' lang='lat' dir='ltr'><strong>me</strong></span> <span class='ocrx_word' id='word_1_722' title='bbox 1792 4921 2014 4978; x_wconf 87' lang='lat' dir='ltr'><strong>quoque</strong></span> 
     </span>
    </p>
   </div>
   <div class='ocr_carea' id='block_1_91' title="bbox 446 4997 2011 5069">
    <p class='ocr_par' dir='ltr' id='par_1_91' title="bbox 446 4997 2011 5069">
     <span class='ocr_line' id='line_1_91' title="bbox 446 4997 2011 5069; baseline 0.003 -20"><span class='ocrx_word' id='word_1_723' title='bbox 446 4997 620 5064; x_wconf 81' lang='lat' dir='ltr'><strong>ipsum</strong></span> <span class='ocrx_word' id='word_1_724' title='bbox 658 4998 808 5054; x_wconf 85' lang='lat' dir='ltr'><strong>istud</strong></span> <span class='ocrx_word' id='word_1_725' title='bbox 861 5007 1190 5068; x_wconf 68' lang='lat' dir='ltr'><strong>praeoptare,</strong></span> <span class='ocrx_word' id='word_1_726' title='bbox 1268 4998 1429 5054; x_wconf 85' lang='lat' dir='ltr'><strong>modo</strong></span> <span class='ocrx_word' id='word_1_727' title='bbox 1475 4999 1529 5053; x_wconf 90' lang='lat' dir='ltr'><strong>id</strong></span> <span class='ocrx_word' id='word_1_728' title='bbox 1584 4999 1919 5069; x_wconf 83' lang='lat' dir='ltr'><strong>approbante</strong></span> <span class='ocrx_word' id='word_1_729' title='bbox 1955 5007 2011 5054; x_wconf 86' lang='lat' dir='ltr'><strong>ct</strong></span> 
     </span>
    </p>
   </div>
   <div class='ocr_carea' id='block_1_92' title="bbox 436 5082 2009 5162">
    <p class='ocr_par' dir='ltr' id='par_1_92' title="bbox 436 5082 2009 5162">
     <span class='ocr_line' id='line_1_92' title="bbox 436 5082 2009 5162; baseline 0.003 -20"><span class='ocrx_word' id='word_1_730' title='bbox 436 5082 661 5158; x_wconf 70' lang='lat' dir='ltr'><strong>iubente</strong></span> <span class='ocrx_word' id='word_1_731' title='bbox 697 5089 1049 5158; x_wconf 74' lang='lat' dir='ltr'><strong>imperatore,</strong></span> <span class='ocrx_word' id='word_1_732' title='bbox 1077 5087 1406 5159; x_wconf 67' lang='lat' dir='ltr'><strong>fratreefus,</strong></span> <span class='ocrx_word' id='word_1_733' title='bbox 1464 5092 1643 5146; x_wconf 79' lang='lat' dir='ltr'><strong>ﬁeret.</strong></span> <span class='ocrx_word' id='word_1_734' title='bbox 1678 5088 1869 5162; x_wconf 85' lang='lat' dir='ltr'><strong>itaque</strong></span> <span class='ocrx_word' id='word_1_735' title='bbox 1917 5092 2009 5147; x_wconf 87' lang='lat' dir='ltr'><strong>ille</strong></span> 
     </span>
    </p>
   </div>
   <div class='ocr_carea' id='block_1_93' title="bbox 443 5180 2009 5256">
    <p class='ocr_par' dir='ltr' id='par_1_93' title="bbox 443 5180 2009 5256">
     <span class='ocr_line' id='line_1_93' title="bbox 443 5180 2009 5256; baseline 0.004 -24"><span class='ocrx_word' id='word_1_736' title='bbox 443 5180 1050 5249; x_wconf 81' lang='lat' dir='ltr'><strong>meafratre-preelbus</strong></span> <span class='ocrx_word' id='word_1_737' title='bbox 1083 5184 1291 5253; x_wconf 81' lang='lat' dir='ltr'><strong>petivit,</strong></span> <span class='ocrx_word' id='word_1_738' title='bbox 1328 5183 1629 5256; x_wconf 86' lang='lat' dir='ltr'><strong>propositis</strong></span> <span class='ocrx_word' id='word_1_739' title='bbox 1681 5185 2009 5252; x_wconf 86' lang='lat' dir='ltr'><strong>rationibus,</strong></span> 
     </span>
    </p>
   </div>
   <div class='ocr_carea' id='block_1_94' title="bbox 439 5273 2013 5349">
    <p class='ocr_par' dir='ltr' id='par_1_94' title="bbox 439 5273 2013 5349">
     <span class='ocr_line' id='line_1_94' title="bbox 439 5273 2013 5349; baseline 0.003 -21"><span class='ocrx_word' id='word_1_740' title='bbox 439 5273 511 5328; x_wconf 91' lang='lat' dir='ltr'><strong>ob</strong></span> <span class='ocrx_word' id='word_1_741' title='bbox 536 5287 672 5344; x_wconf 89' lang='lat' dir='ltr'><strong>quas</strong></span> <span class='ocrx_word' id='word_1_742' title='bbox 697 5275 1005 5329; x_wconf 88' lang='lat' dir='ltr'><strong>necessaria</strong></span> <span class='ocrx_word' id='word_1_743' title='bbox 1027 5276 1131 5332; x_wconf 86' lang='lat' dir='ltr'><strong>sibi</strong></span> <span class='ocrx_word' id='word_1_744' title='bbox 1150 5285 1293 5331; x_wconf 85' lang='lat' dir='ltr'><strong>esset</strong></span> <span class='ocrx_word' id='word_1_745' title='bbox 1322 5291 1444 5332; x_wconf 89' lang='lat' dir='ltr'><strong>mea</strong></span> <span class='ocrx_word' id='word_1_746' title='bbox 1471 5291 1660 5349; x_wconf 88' lang='lat' dir='ltr'><strong>opera.</strong></span> <span class='ocrx_word' id='word_1_747' title='bbox 1691 5277 1761 5331; x_wconf 88' lang='lat' dir='ltr'><strong>At</strong></span> <span class='ocrx_word' id='word_1_748' title='bbox 1784 5292 2013 5348; x_wconf 87' lang='lat' dir='ltr'><strong>respon-</strong></span> 
     </span>
    </p>
   </div>
   <div class='ocr_carea' id='block_1_95' title="bbox 439 5365 2016 5441">
    <p class='ocr_par' dir='ltr' id='par_1_95' title="bbox 439 5365 2016 5441">
     <span class='ocr_line' id='line_1_95' title="bbox 439 5365 2016 5441; baseline 0.003 -21"><span class='ocrx_word' id='word_1_749' title='bbox 439 5365 519 5421; x_wconf 90' lang='lat' dir='ltr'><strong>dit</strong></span> <span class='ocrx_word' id='word_1_750' title='bbox 536 5367 694 5434; x_wconf 89' lang='lat' dir='ltr'><strong>alter,</strong></span> <span class='ocrx_word' id='word_1_751' title='bbox 728 5367 844 5423; x_wconf 76' lang='lat' dir='ltr'><strong>ﬁeri</strong></span> <span class='ocrx_word' id='word_1_752' title='bbox 875 5383 984 5423; x_wconf 90' lang='lat' dir='ltr'><strong>non</strong></span> <span class='ocrx_word' id='word_1_753' title='bbox 1015 5382 1191 5439; x_wconf 85' lang='lat' dir='ltr'><strong>posse,</strong></span> <span class='ocrx_word' id='word_1_754' title='bbox 1250 5369 1396 5439; x_wconf 89' lang='lat' dir='ltr'><strong>quod</strong></span> <span class='ocrx_word' id='word_1_755' title='bbox 1427 5379 1668 5441; x_wconf 78' lang='lat' dir='ltr'><strong>rogaret,</strong></span> <span class='ocrx_word' id='word_1_756' title='bbox 1727 5379 2016 5440; x_wconf 88' lang='lat' dir='ltr'><strong>propterea</strong></span> 
     </span>
    </p>
   </div>
   <div class='ocr_carea' id='block_1_96' title="bbox 437 5458 2015 5533">
    <p class='ocr_par' dir='ltr' id='par_1_96' title="bbox 437 5458 2015 5533">
     <span class='ocr_line' id='line_1_96' title="bbox 437 5458 2015 5533; baseline 0.004 -23"><span class='ocrx_word' id='word_1_757' title='bbox 437 5458 581 5526; x_wconf 81' lang='lat' dir='ltr'><strong>quod</strong></span> <span class='ocrx_word' id='word_1_758' title='bbox 614 5473 722 5514; x_wconf 91' lang='lat' dir='ltr'><strong>non</strong></span> <span class='ocrx_word' id='word_1_759' title='bbox 760 5459 952 5514; x_wconf 82' lang='lat' dir='ltr'><strong>liceret</strong></span> <span class='ocrx_word' id='word_1_760' title='bbox 976 5460 1248 5530; x_wconf 77' lang='lat' dir='ltr'><strong>negligere</strong></span> <span class='ocrx_word' id='word_1_761' title='bbox 1279 5460 1617 5515; x_wconf 77' lang='lat' dir='ltr'><strong>voluntatem</strong></span> <span class='ocrx_word' id='word_1_762' title='bbox 1670 5462 1843 5533; x_wconf 84' lang='lat' dir='ltr'><strong>patris</strong></span> <span class='ocrx_word' id='word_1_763' title='bbox 1865 5460 2015 5531; x_wconf 82' lang='lat' dir='ltr'><strong>ejus-</strong></span> 
     </span>
    </p>
   </div>
   <div class='ocr_carea' id='block_1_97' title="bbox 438 5536 2018 5623">
    <p class='ocr_par' dir='ltr' id='par_1_97' title="bbox 438 5536 2018 5623">
     <span class='ocr_line' id='line_1_97' title="bbox 438 5536 2018 5623; baseline 0.003 -20"><span class='ocrx_word' id='word_1_764' title='bbox 438 5552 671 5619; x_wconf 83' lang='lat' dir='ltr'><strong>demque</strong></span> <span class='ocrx_word' id='word_1_765' title='bbox 737 5552 1288 5619; x_wconf 82' lang='lat' dir='ltr'><strong>commendationem,</strong></span> <span class='ocrx_word' id='word_1_766' title='bbox 1315 5566 1422 5623; x_wconf 84' lang='lat' dir='ltr'><strong>qua</strong></span> <span class='ocrx_word' id='word_1_767' title='bbox 1454 5551 1506 5609; x_wconf 82' lang='lat' dir='ltr'><strong>is</strong></span> <span class='ocrx_word' id='word_1_768' title='bbox 1532 5536 1647 5608; x_wconf 84' lang='lat' dir='ltr'><strong>suo</strong></span> <span class='ocrx_word' id='word_1_769' title='bbox 1677 5567 1774 5607; x_wconf 92' lang='lat' dir='ltr'><strong>ore</strong></span> <span class='ocrx_word' id='word_1_770' title='bbox 1807 5553 1909 5623; x_wconf 83' lang='lat' dir='ltr'><strong>ipsi</strong></span> <span class='ocrx_word' id='word_1_771' title='bbox 1930 5568 2018 5609; x_wconf 90' lang='lat' dir='ltr'><strong>me</strong></span> 
     </span>
    </p>
   </div>
   <div class='ocr_carea' id='block_1_98' title="bbox 441 5642 2019 5716">
    <p class='ocr_par' dir='ltr' id='par_1_98' title="bbox 441 5642 2019 5716">
     <span class='ocr_line' id='line_1_98' title="bbox 441 5642 2019 5716; baseline 0.005 -24"><span class='ocrx_word' id='word_1_772' title='bbox 441 5642 774 5698; x_wconf 82' lang='lat' dir='ltr'><strong>tradidisset.</strong></span> <span class='ocrx_word' id='word_1_773' title='bbox 809 5642 1049 5698; x_wconf 78' lang='lat' dir='ltr'><strong>instabat</strong></span> <span class='ocrx_word' id='word_1_774' title='bbox 1074 5659 1261 5700; x_wconf 88' lang='lat' dir='ltr'><strong>rursus</strong></span> <span class='ocrx_word' id='word_1_775' title='bbox 1283 5644 1699 5713; x_wconf 87' lang='lat' dir='ltr'><strong>Constantinus,</strong></span> <span class='ocrx_word' id='word_1_776' title='bbox 1721 5659 1884 5716; x_wconf 76' lang='lat' dir='ltr'><strong>Opera</strong></span> <span class='ocrx_word' id='word_1_777' title='bbox 1900 5661 2019 5700; x_wconf 87' lang='lat' dir='ltr'><strong>ma-</strong></span> 
     </span>
    </p>
   </div>
   <div class='ocr_carea' id='block_1_99' title="bbox 438 5734 2015 5808">
    <p class='ocr_par' dir='ltr' id='par_1_99' title="bbox 438 5734 2015 5808">
     <span class='ocr_line' id='line_1_99' title="bbox 438 5734 2015 5808; baseline 0.004 -21"><span class='ocrx_word' id='word_1_778' title='bbox 438 5734 938 5806; x_wconf 79' lang='lat' dir='ltr'><strong>trisimperatricis</strong></span> <span class='ocrx_word' id='word_1_779' title='bbox 968 5737 1262 5808; x_wconf 86' lang='lat' dir='ltr'><strong>causisque</strong></span> <span class='ocrx_word' id='word_1_780' title='bbox 1324 5737 1537 5794; x_wconf 80' lang='lat' dir='ltr'><strong>idoneis</strong></span> <span class='ocrx_word' id='word_1_781' title='bbox 1602 5752 1761 5799; x_wconf 87' lang='lat' dir='ltr'><strong>usus,</strong></span> <span class='ocrx_word' id='word_1_782' title='bbox 1815 5737 2015 5806; x_wconf 88' lang='lat' dir='ltr'><strong>quibus</strong></span> 
     </span>
    </p>
   </div>
   <div class='ocr_carea' id='block_1_100' title="bbox 439 5825 2009 5900">
    <p class='ocr_par' dir='ltr' id='par_1_100' title="bbox 439 5825 2009 5900">
     <span class='ocr_line' id='line_1_100' title="bbox 439 5825 2009 5900; baseline 0.002 -20"><span class='ocrx_word' id='word_1_783' title='bbox 439 5825 530 5882; x_wconf 86' lang='lat' dir='ltr'><strong>ille</strong></span> <span class='ocrx_word' id='word_1_784' title='bbox 582 5835 912 5897; x_wconf 71' lang='lat' dir='ltr'><strong>cernamus,</strong></span> <span class='ocrx_word' id='word_1_785' title='bbox 963 5843 1109 5898; x_wconf 65' lang='lat' dir='ltr'><strong>aegre</strong></span> <span class='ocrx_word' id='word_1_786' title='bbox 1150 5830 1366 5887; x_wconf 82' lang='lat' dir='ltr'><strong>tandem</strong></span> <span class='ocrx_word' id='word_1_787' title='bbox 1427 5829 1596 5886; x_wconf 77' lang='lat' dir='ltr'><strong>edixit</strong></span> <span class='ocrx_word' id='word_1_788' title='bbox 1631 5846 1691 5883; x_wconf 73' lang='grc' dir='ltr'>τι</span> <span class='ocrx_word' id='word_1_789' title='bbox 1753 5828 2009 5900; x_wconf 69' lang='lat' dir='ltr'><strong>Sequitur</strong></span> 
     </span>
    </p>
   </div>
   <div class='ocr_carea' id='block_1_101' title="bbox 2118 4620 3690 4704">
    <p class='ocr_par' dir='ltr' id='par_1_101' title="bbox 2118 4620 3690 4704">
     <span class='ocr_line' id='line_1_101' title="bbox 2118 4620 3690 4704; baseline 0.006 -25"><span class='ocrx_word' id='word_1_790' title='bbox 2118 4625 2446 4691; x_wconf 71' lang='lat' dir='ltr'><strong>difﬁderent,</strong></span> <span class='ocrx_word' id='word_1_791' title='bbox 2480 4641 2587 4682; x_wconf 88' lang='lat' dir='ltr'><strong>nec</strong></span> <span class='ocrx_word' id='word_1_792' title='bbox 2613 4627 2705 4683; x_wconf 88' lang='lat' dir='ltr'><strong>ille</strong></span> <span class='ocrx_word' id='word_1_793' title='bbox 2729 4620 3053 4694; x_wconf 69' lang='lat' dir='ltr'><strong>confideret,</strong></span> <span class='ocrx_word' id='word_1_794' title='bbox 3070 4645 3129 4686; x_wconf 88' lang='lat' dir='ltr'><strong>se</strong></span> <span class='ocrx_word' id='word_1_795' title='bbox 3151 4641 3315 4687; x_wconf 86' lang='lat' dir='ltr'><strong>totam</strong></span> <span class='ocrx_word' id='word_1_796' title='bbox 3343 4634 3481 4688; x_wconf 69' lang='lat' dir='ltr'><strong>teeri</strong></span> <span class='ocrx_word' id='word_1_797' title='bbox 3505 4650 3690 4704; x_wconf 83' lang='lat' dir='ltr'><strong>posse.</strong></span> 
     </span>
    </p>
   </div>
   <div class='ocr_carea' id='block_1_102' title="bbox 2116 4718 3693 4792">
    <p class='ocr_par' dir='ltr' id='par_1_102' title="bbox 2116 4718 3693 4792">
     <span class='ocr_line' id='line_1_102' title="bbox 2116 4718 3693 4792; baseline 0.009 -23"><span class='ocrx_word' id='word_1_798' title='bbox 2116 4718 2372 4786; x_wconf 81' lang='lat' dir='ltr'><strong>pactione</strong></span> <span class='ocrx_word' id='word_1_799' title='bbox 2422 4719 2596 4783; x_wconf 82' lang='lat' dir='ltr'><strong>facta,</strong></span> <span class='ocrx_word' id='word_1_800' title='bbox 2649 4719 2824 4774; x_wconf 85' lang='lat' dir='ltr'><strong>nostri</strong></span> <span class='ocrx_word' id='word_1_801' title='bbox 2866 4722 3146 4792; x_wconf 88' lang='lat' dir='ltr'><strong>principes</strong></span> <span class='ocrx_word' id='word_1_802' title='bbox 3180 4724 3440 4779; x_wconf 87' lang='lat' dir='ltr'><strong>nonnulla</strong></span> <span class='ocrx_word' id='word_1_803' title='bbox 3474 4726 3544 4781; x_wconf 90' lang='lat' dir='ltr'><strong>ab</strong></span> <span class='ocrx_word' id='word_1_804' title='bbox 3596 4728 3693 4783; x_wconf 88' lang='lat' dir='ltr'><strong>illo</strong></span> 
     </span>
    </p>
   </div>
   <div class='ocr_carea' id='block_1_103' title="bbox 2115 4806 3689 4888">
    <p class='ocr_par' dir='ltr' id='par_1_103' title="bbox 2115 4806 3689 4888">
     <span class='ocr_line' id='line_1_103' title="bbox 2115 4806 3689 4888; baseline 0.006 -25"><span class='ocrx_word' id='word_1_805' title='bbox 2115 4806 2238 4863; x_wconf 80' lang='lat' dir='ltr'><strong>loca</strong></span> <span class='ocrx_word' id='word_1_806' title='bbox 2263 4817 2597 4878; x_wconf 78' lang='lat' dir='ltr'><strong>acceperunt</strong></span> <span class='ocrx_word' id='word_1_807' title='bbox 2631 4827 2650 4880; x_wconf 87' lang='lat'><strong>;</strong></span> <span class='ocrx_word' id='word_1_808' title='bbox 2683 4810 2998 4883; x_wconf 88' lang='lat' dir='ltr'><strong>placuitque</strong></span> <span class='ocrx_word' id='word_1_809' title='bbox 3025 4812 3389 4871; x_wconf 87' lang='lat' dir='ltr'><strong>Constantino</strong></span> <span class='ocrx_word' id='word_1_810' title='bbox 3422 4819 3689 4888; x_wconf 78' lang='lat' dir='ltr'><strong>despotae,</strong></span> 
     </span>
    </p>
   </div>
   <div class='ocr_carea' id='block_1_104' title="bbox 2117 4903 3691 4974">
    <p class='ocr_par' dir='ltr' id='par_1_104' title="bbox 2117 4903 3691 4974">
     <span class='ocr_line' id='line_1_104' title="bbox 2117 4903 3691 4974; baseline 0.004 -15"><span class='ocrx_word' id='word_1_811' title='bbox 2117 4911 2177 4959; x_wconf 84' lang='lat' dir='ltr'><strong>ut</strong></span> <span class='ocrx_word' id='word_1_812' title='bbox 2204 4903 2450 4972; x_wconf 80' lang='lat' dir='ltr'><strong>ejusdem</strong></span> <span class='ocrx_word' id='word_1_813' title='bbox 2485 4903 2871 4959; x_wconf 87' lang='lat' dir='ltr'><strong>consobrinam</strong></span> <span class='ocrx_word' id='word_1_814' title='bbox 2904 4904 3146 4974; x_wconf 83' lang='lat' dir='ltr'><strong>legitimo</strong></span> <span class='ocrx_word' id='word_1_815' title='bbox 3171 4906 3279 4962; x_wconf 88' lang='lat' dir='ltr'><strong>sibi</strong></span> <span class='ocrx_word' id='word_1_816' title='bbox 3337 4909 3691 4966; x_wconf 86' lang='lat' dir='ltr'><strong>matrimonio</strong></span> 
     </span>
    </p>
   </div>
   <div class='ocr_carea' id='block_1_105' title="bbox 2108 4993 3691 5069">
    <p class='ocr_par' dir='ltr' id='par_1_105' title="bbox 2108 4993 3691 5069">
     <span class='ocr_line' id='line_1_105' title="bbox 2108 4993 3691 5069; baseline 0.005 -22"><span class='ocrx_word' id='word_1_817' title='bbox 2108 4993 2383 5063; x_wconf 69' lang='lat' dir='ltr'><strong>iungeret,</strong></span> <span class='ocrx_word' id='word_1_818' title='bbox 2411 5003 2464 5049; x_wconf 89' lang='lat' dir='ltr'><strong>et</strong></span> <span class='ocrx_word' id='word_1_819' title='bbox 2496 5010 2841 5065; x_wconf 54' lang='lat' dir='ltr'><strong>quacunque</strong></span> <span class='ocrx_word' id='word_1_820' title='bbox 2866 4995 2956 5050; x_wconf 89' lang='lat' dir='ltr'><strong>ille</strong></span> <span class='ocrx_word' id='word_1_821' title='bbox 3003 5004 3188 5049; x_wconf 78' lang='lat' dir='ltr'><strong>castra</strong></span> <span class='ocrx_word' id='word_1_822' title='bbox 3223 4996 3275 5050; x_wconf 89' lang='lat' dir='ltr'><strong>in</strong></span> <span class='ocrx_word' id='word_1_823' title='bbox 3317 4996 3691 5069; x_wconf 87' lang='lat' dir='ltr'><strong>Peloponneso</strong></span> 
     </span>
    </p>
   </div>
   <div class='ocr_carea' id='block_1_106' title="bbox 2117 5085 3690 5160">
    <p class='ocr_par' dir='ltr' id='par_1_106' title="bbox 2117 5085 3690 5160">
     <span class='ocr_line' id='line_1_106' title="bbox 2117 5085 3690 5160; baseline 0.005 -21"><span class='ocrx_word' id='word_1_824' title='bbox 2117 5085 2361 5146; x_wconf 78' lang='lat' dir='ltr'><strong>haberet.</strong></span> <span class='ocrx_word' id='word_1_825' title='bbox 2395 5101 2456 5139; x_wconf 87' lang='lat' dir='ltr'><strong>ea</strong></span> <span class='ocrx_word' id='word_1_826' title='bbox 2488 5087 2632 5141; x_wconf 83' lang='lat' dir='ltr'><strong>dotis</strong></span> <span class='ocrx_word' id='word_1_827' title='bbox 2685 5087 2905 5141; x_wconf 83' lang='lat' dir='ltr'><strong>nomine</strong></span> <span class='ocrx_word' id='word_1_828' title='bbox 2952 5086 3227 5157; x_wconf 84' lang='lat' dir='ltr'><strong>acciperet</strong></span> <span class='ocrx_word' id='word_1_829' title='bbox 3261 5106 3276 5143; x_wconf 91' lang='lat'><strong>:</strong></span> <span class='ocrx_word' id='word_1_830' title='bbox 3317 5089 3515 5158; x_wconf 81' lang='lat' dir='ltr'><strong>quibus</strong></span> <span class='ocrx_word' id='word_1_831' title='bbox 3563 5092 3690 5160; x_wconf 87' lang='lat' dir='ltr'><strong>qui-</strong></span> 
     </span>
    </p>
   </div>
   <div class='ocr_carea' id='block_1_107' title="bbox 2116 5178 3369 5237">
    <p class='ocr_par' dir='ltr' id='par_1_107' title="bbox 2116 5178 3369 5237">
     <span class='ocr_line' id='line_1_107' title="bbox 2116 5178 3369 5237; baseline 0.005 -7"><span class='ocrx_word' id='word_1_832' title='bbox 2116 5179 2239 5233; x_wconf 85' lang='lat' dir='ltr'><strong>dem</strong></span> <span class='ocrx_word' id='word_1_833' title='bbox 2271 5178 2675 5234; x_wconf 78' lang='lat' dir='ltr'><strong>eonditionibus</strong></span> <span class='ocrx_word' id='word_1_834' title='bbox 2694 5178 2985 5234; x_wconf 85' lang='lat' dir='ltr'><strong>concordia</strong></span> <span class='ocrx_word' id='word_1_835' title='bbox 3014 5178 3228 5234; x_wconf 78' lang='lat' dir='ltr'><strong>ﬁrmata</strong></span> <span class='ocrx_word' id='word_1_836' title='bbox 3261 5191 3369 5237; x_wconf 89' lang='lat' dir='ltr'><strong>est.</strong></span> 
     </span>
    </p>
   </div>
   <div class='ocr_carea' id='block_1_108' title="bbox 2187 5269 3691 5348">
    <p class='ocr_par' dir='ltr' id='par_1_108' title="bbox 2187 5269 3691 5348">
     <span class='ocr_line' id='line_1_108' title="bbox 2187 5269 3691 5348; baseline 0.007 -25"><span class='ocrx_word' id='word_1_837' title='bbox 2187 5269 2244 5325; x_wconf 74' lang='grc'><strong>3.</strong></span> <span class='ocrx_word' id='word_1_838' title='bbox 2277 5271 2545 5327; x_wconf 76' lang='lat' dir='ltr'><strong>Kalendis</strong></span> <span class='ocrx_word' id='word_1_839' title='bbox 2577 5271 2745 5340; x_wconf 83' lang='lat' dir='ltr'><strong>igitur</strong></span> <span class='ocrx_word' id='word_1_840' title='bbox 2777 5269 2902 5325; x_wconf 82' lang='lat' dir='ltr'><strong>Maii</strong></span> <span class='ocrx_word' id='word_1_841' title='bbox 2927 5271 3167 5342; x_wconf 87' lang='lat' dir='ltr'><strong>ejusdem</strong></span> <span class='ocrx_word' id='word_1_842' title='bbox 3204 5274 3337 5328; x_wconf 85' lang='lat' dir='ltr'><strong>anni</strong></span> <span class='ocrx_word' id='word_1_843' title='bbox 3367 5274 3566 5332; x_wconf 87' lang='lat' dir='ltr'><strong>missus</strong></span> <span class='ocrx_word' id='word_1_844' title='bbox 3591 5291 3691 5348; x_wconf 76' lang='lat' dir='ltr'><strong>ego</strong></span> 
     </span>
    </p>
   </div>
   <div class='ocr_carea' id='block_1_109' title="bbox 2119 5359 3690 5440">
    <p class='ocr_par' dir='ltr' id='par_1_109' title="bbox 2119 5359 3690 5440">
     <span class='ocr_line' id='line_1_109' title="bbox 2119 5359 3690 5440; baseline 0.008 -26"><span class='ocrx_word' id='word_1_845' title='bbox 2119 5359 2498 5427; x_wconf 78' lang='lat' dir='ltr'><strong>Glarentzam,</strong></span> <span class='ocrx_word' id='word_1_846' title='bbox 2524 5362 2615 5416; x_wconf 90' lang='lat' dir='ltr'><strong>alii</strong></span> <span class='ocrx_word' id='word_1_847' title='bbox 2645 5362 2851 5433; x_wconf 89' lang='lat' dir='ltr'><strong>reliqua</strong></span> <span class='ocrx_word' id='word_1_848' title='bbox 2872 5364 2986 5419; x_wconf 81' lang='lat' dir='ltr'><strong>loca</strong></span> <span class='ocrx_word' id='word_1_849' title='bbox 3038 5373 3380 5435; x_wconf 90' lang='lat' dir='ltr'><strong>receperunt.</strong></span> <span class='ocrx_word' id='word_1_850' title='bbox 3439 5368 3690 5440; x_wconf 84' lang='lat' dir='ltr'><strong>Spartam</strong></span> 
     </span>
    </p>
   </div>
   <div class='ocr_carea' id='block_1_110' title="bbox 2121 5455 3694 5529">
    <p class='ocr_par' dir='ltr' id='par_1_110' title="bbox 2121 5455 3694 5529">
     <span class='ocr_line' id='line_1_110' title="bbox 2121 5455 3694 5529; baseline 0.008 -21"><span class='ocrx_word' id='word_1_851' title='bbox 2121 5455 2349 5520; x_wconf 68' lang='lat' dir='ltr'><strong>reversi,</strong></span> <span class='ocrx_word' id='word_1_852' title='bbox 2388 5456 2672 5526; x_wconf 84' lang='lat' dir='ltr'><strong>principes</strong></span> <span class='ocrx_word' id='word_1_853' title='bbox 2706 5457 2759 5510; x_wconf 92' lang='lat' dir='ltr'><strong>in</strong></span> <span class='ocrx_word' id='word_1_854' title='bbox 2787 5457 2891 5513; x_wconf 85' lang='lat' dir='ltr'><strong>bac</strong></span> <span class='ocrx_word' id='word_1_855' title='bbox 2913 5469 3207 5529; x_wconf 87' lang='lat' dir='ltr'><strong>occupatos</strong></span> <span class='ocrx_word' id='word_1_856' title='bbox 3250 5461 3578 5529; x_wconf 84' lang='lat' dir='ltr'><strong>invenimus,</strong></span> <span class='ocrx_word' id='word_1_857' title='bbox 3632 5475 3694 5521; x_wconf 87' lang='lat' dir='ltr'><strong>ut</strong></span> 
     </span>
    </p>
   </div>
   <div class='ocr_carea' id='block_1_111' title="bbox 2127 5545 3688 5618">
    <p class='ocr_par' dir='ltr' id='par_1_111' title="bbox 2127 5545 3688 5618">
     <span class='ocr_line' id='line_1_111' title="bbox 2127 5545 3688 5618; baseline 0.004 -19"><span class='ocrx_word' id='word_1_858' title='bbox 2127 5545 2451 5601; x_wconf 76' lang='lat' dir='ltr'><strong>Theodorus</strong></span> <span class='ocrx_word' id='word_1_859' title='bbox 2485 5546 2709 5616; x_wconf 88' lang='lat' dir='ltr'><strong>despota</strong></span> <span class='ocrx_word' id='word_1_860' title='bbox 2741 5552 3107 5607; x_wconf 85' lang='lat' dir='ltr'><strong>monasticqu</strong></span> <span class='ocrx_word' id='word_1_861' title='bbox 3141 5553 3387 5608; x_wconf 83' lang='lat' dir='ltr'><strong>habitum</strong></span> <span class='ocrx_word' id='word_1_862' title='bbox 3420 5555 3688 5618; x_wconf 75' lang='lat' dir='ltr'><strong>indueret,</strong></span> 
     </span>
    </p>
   </div>
   <div class='ocr_carea' id='block_1_112' title="bbox 2121 5639 3693 5714">
    <p class='ocr_par' dir='ltr' id='par_1_112' title="bbox 2121 5639 3693 5714">
     <span class='ocr_line' id='line_1_112' title="bbox 2121 5639 3693 5714; baseline 0.002 -20"><span class='ocrx_word' id='word_1_863' title='bbox 2121 5641 2500 5708; x_wconf 80' lang='lat' dir='ltr'><strong>rationemque</strong></span> <span class='ocrx_word' id='word_1_864' title='bbox 2529 5653 2594 5693; x_wconf 89' lang='lat' dir='ltr'><strong>ac</strong></span> <span class='ocrx_word' id='word_1_865' title='bbox 2616 5639 2756 5693; x_wconf 77' lang='lat' dir='ltr'><strong>viam</strong></span> <span class='ocrx_word' id='word_1_866' title='bbox 2788 5640 3116 5710; x_wconf 80' lang='lat' dir='ltr'><strong>invenirent,</strong></span> <span class='ocrx_word' id='word_1_867' title='bbox 3161 5658 3266 5714; x_wconf 88' lang='lat' dir='ltr'><strong>qua</strong></span> <span class='ocrx_word' id='word_1_868' title='bbox 3312 5642 3490 5699; x_wconf 75' lang='lat' dir='ltr'><strong>Petra:</strong></span> <span class='ocrx_word' id='word_1_869' title='bbox 3543 5650 3693 5699; x_wconf 75' lang='lat' dir='ltr'><strong>suhi~</strong></span> 
     </span>
    </p>
   </div>
   <div class='ocr_carea' id='block_1_113' title="bbox 2115 5730 3688 5805">
    <p class='ocr_par' dir='ltr' id='par_1_113' title="bbox 2115 5730 3688 5805">
     <span class='ocr_line' id='line_1_113' title="bbox 2115 5730 3688 5805; baseline 0.001 -21"><span class='ocrx_word' id='word_1_870' title='bbox 2115 5742 2392 5802; x_wconf 83' lang='lat' dir='ltr'><strong>gerentur,</strong></span> <span class='ocrx_word' id='word_1_871' title='bbox 2419 5730 2568 5785; x_wconf 79' lang='lat' dir='ltr'><strong>locus</strong></span> <span class='ocrx_word' id='word_1_872' title='bbox 2598 5732 2900 5803; x_wconf 81' lang='lat' dir='ltr'><strong>praecipuus</strong></span> <span class='ocrx_word' id='word_1_873' title='bbox 2933 5744 2988 5789; x_wconf 88' lang='lat' dir='ltr'><strong>et</strong></span> <span class='ocrx_word' id='word_1_874' title='bbox 3034 5743 3393 5805; x_wconf 84' lang='lat' dir='ltr'><strong>opportunus,</strong></span> <span class='ocrx_word' id='word_1_875' title='bbox 3436 5734 3526 5790; x_wconf 86' lang='lat' dir='ltr'><strong>ubi</strong></span> <span class='ocrx_word' id='word_1_876' title='bbox 3577 5736 3688 5788; x_wconf 79' lang='lat' dir='ltr'><strong>fm-</strong></span> 
     </span>
    </p>
   </div>
   <div class='ocr_carea' id='block_1_114' title="bbox 2117 5823 3691 5897">
    <p class='ocr_par' dir='ltr' id='par_1_114' title="bbox 2117 5823 3691 5897">
     <span class='ocr_line' id='line_1_114' title="bbox 2117 5823 3691 5897; baseline 0.004 -20"><span class='ocrx_word' id='word_1_877' title='bbox 2117 5836 2229 5880; x_wconf 84' lang='lat' dir='ltr'><strong>tres</strong></span> <span class='ocrx_word' id='word_1_878' title='bbox 2272 5823 2601 5879; x_wconf 87' lang='lat' dir='ltr'><strong>domicilium</strong></span> <span class='ocrx_word' id='word_1_879' title='bbox 2639 5824 2990 5895; x_wconf 80' lang='lat' dir='ltr'><strong>collocarent,</strong></span> <span class='ocrx_word' id='word_1_880' title='bbox 3064 5840 3200 5884; x_wconf 79' lang='lat' dir='ltr'><strong>nere</strong></span> <span class='ocrx_word' id='word_1_881' title='bbox 3259 5825 3471 5897; x_wconf 83' lang='lat' dir='ltr'><strong>Spartae</strong></span> <span class='ocrx_word' id='word_1_882' title='bbox 3524 5825 3691 5885; x_wconf 70' lang='lat' dir='ltr'><strong>simul</strong></span> 
     </span>
    </p>
   </div>
  </div>
