3964 6426
317 356 431 419 ’145

1355 346 1798 410 CHRONICON
1838 346 2109 410 MAJUS.
2140 369 2207 380 --
2237 344 2384 405 LIB.
2427 342 2513 402 II.

3479 331 3586 395 746
3607 361 3610 364 ·

322 460 713 535 Μεσσηνιακοῦ
746 461 950 516 κόλπου
977 478 990 492 ο
1039 461 1096 524 ὃς
1129 460 1324 529 γέγονε
1363 461 1459 514 καὶ
1490 457 1895 529 μητροπολίτης
1933 461 1978 518 Δ
2004 457 2099 511 καὶ
2155 457 2215 509 ἐν
2255 457 2375 518 ταῖς
2439 454 2725 524 χρονικαῖς
2780 451 3048 521 ἱστορίαις
3113 448 3293 513 οὓτως
3347 449 3593 520 ἔγραφον

335 553 860 626 ’Δνδριανουπόλεως
899 551 1286 622 ἀποθανούσης
1319 551 1421 620 τῆς
1456 549 1716 618 γυναικὸς
1738 547 1906 603 αὑτοῦ
2011 549 2140 613 τοὺς
2177 547 2577 617 ’Μελισσηνοὺς
2647 541 3201 612 Στρατηγοποόλους,
3276 542 3346 595 δι’
3406 543 3593 595 αἰτίαν

322 650 414 704 διὰ
458 648 664 708 πολλὰς
693 649 787 700 καὶ
821 645 1137 714 ἀναγκαίας
1172 644 1355 710 αἰτίας
1409 645 1490 706 είς
1542 643 1732 710 κοινὴν
1763 641 1911 710 ὠφέ-

324 831 420 886 καὶ
450 830 641 891 ἀτελὲς
668 831 728 880 τὸ
759 826 922 898 ἔργον
953 825 1245 894 ἀπέμεινε.
1293 825 1558 887 Εἱπόντες
1592 822 1684 877 οὖν
1729 823 1912 893 ἕτεροι

2011 639 2291 708 τοιαύτην·
2327 638 2418 692 τὸν
2451 639 2559 705 γὰρ
2585 635 2830 700 Ἀλέξιον
2854 633 3118 704 Καίσαρα
3175 633 3268 686 τὸν
3310 633 3595 704 Μελισσηο

213 758 217 762 ·
323 742 496 802 λειαν,
534 740 584 792 εί
615 738 711 792 καὶ
744 739 805 790 τδ
839 739 1020 808 ἄωρον
1050 736 1148 790 τοῦ
1181 735 1419 790 θανάτου
1468 734 1717 806 ἥρπαξεν
1747 734 1912 788 αὑτὸν
2014 733 2124 794 νδν,
2156 732 2248 784 τὸν
2284 731 2378 785 καὶ
2414 729 2514 798 τὴν
2539 726 3128 794 Κωνσταντινούπολιν
3149 726 3599 796 ἐλευθερώσαντα

2020 821 2180 893 ιθῶ-
2211 824 2276 874 ἐκ
2309 821 2409 886 τῆς
2446 819 2703 872 Λατίνων
2717 817 2926 888 χειρὸς,
2945 814 3439 884 Στρατηγόπουλον
3458 817 3603 867 ὲπωο

327 923 518 977 πολλοὶ
550 922 652 982 τὰς
681 921 860 982 αἰτίας
895 920 976 982 είς
1011 919 1233 982 πλάτος,
1256 919 1368 986 ἐγὼ
1390 917 1804 986 ἐγκατέλειπον.
1847 916 1914 968 Ἢ
2016 913 2254 984 νόμαζον
2287 913 2374 966 διὰ
2405 911 2503 981 τὴν
2539 910 2777 980 μάμμην
2821 907 3012 971 αὐτοῦ,
3044 907 3140 960 καὶ
3171 907 3360 961 ἔκτοτε
3385 906 3446 960 τὸ
3483 906 3604 958 ἐπί-

329 1013 388 1068 δὶ
440 1013 588 1067 αίτία
619 1013 722 1080 τῆς
769 1011 1031 1081 τοιαύτης
1085 1011 1451 1081 ὲπιτροπικῆς
1483 1007 1916 1078 τοιουτοτρόπως

329 1104 496 1176 εἶχεν,
553 1105 654 1174 τῆς
690 1104 829 1174 πρὸς
880 1105 975 1157 τὸν
1031 1103 1300 1172 δεσπότην
1335 1103 1442 1173 κὺρ
1495 1103 1796 1171 Θεόδωρον.
1856 1099 1916 1154 '0

333 1196 672 1269 προρρηθεὶς
701 1196 1020 1264 Νικηφόρος
1041 1196 1070 1248 ό
1090 1196 1435 1266 Μελισσηνὸς
1467 1193 1624 1264 ἔσχεν
1653 1192 1770 1247 υἱὸν
1797 1192 1916 1245 ὀνό·

337 1307 469 1358 ματι
523 1288 817 1351 Νικόλαον,
851 1287 910 1340 δν
963 1288 1296 1357 ἀνεγέννησε
1330 1285 1420 1339 διὰ
1451 1284 1546 1339 τοῦ
1583 1285 1740 1353 ἁγίου
1776 1284 1919 1354 βαπ-

335 1381 599 1445 τίσματος
623 1379 649 1430 ό
669 1377 942 1446 δεσπότης
965 1376 1071 1446 κὺρ
1095 1376 1373 1444 Θεόδωρος
1403 1389 1416 1404 ⁹
1443 1379 1540 1429 καὶ
1563 1375 1620 1427 έν
1643 1375 1721 1444 τῷ
1741 1371 1919 1443 καιρῷ

335 1471 436 1536 τῆς
473 1469 866 1535 μεταστάσεως
895 1466 1062 1520 αὐτοῦ
1086 1467 1167 1530 είς
1190 1466 1286 1529 τὰς
1315 1464 1516 1528 ἀΰλους
1541 1465 1708 1535 μονὰς
1737 1465 1787 1534 (ὁ
1809 1464 1920 1535 γὰρ

355 1563 449 1623 ut;
483 1559 651 1614 αὑτοῦ
692 1559 918 1628 τριετὴς
965 1561 1164 1626 νήπιος
1212 1557 1310 1626 ὢν)
1362 1557 1632 1627 διαθήκην
1683 1557 1920 1623 ποιήσας

337 1653 529 1706 τοῦτον
561 1652 828 1704 κατέλιπε
859 1650 952 1703 τὸν
983 1649 1257 1719 δεσπότην
1283 1648 1392 1718 κὺρ
1425 1649 1704 1719 Θεόδωρον
1729 1647 1922 1718 κύριον

341 1745 436 1798 καὶ
469 1743 739 1812 δεσπότην
769 1743 863 1796 καὶ
905 1741 1202 1808 ἐπίτροπον
1230 1739 1324 1794 τοῦ
1355 1739 1546 1802 παιδὸς
1579 1741 1677 1793 καὶ
1700 1739 1920 1792 πάντων

2019 1004 2156 1072 κλην
2191 1003 2351 1056 τοῦτο
2380 1002 2461 1065 εἷς
2492 1018 2648 1064 τινας
2666 999 2764 1053 τοῦ
2797 1000 2990 1068 γένους
3010 998 3205 1051 τούτου
3231 1000 3601 1066 ἐπεκράτησεο

2016 1094 2112 1147 τὸν
2164 1093 2219 1145 δὲ
2247 1091 2566 1163 Νικηφόρον
2598 1091 2694 1145 καὶ
2739 1091 2915 1160 μέγαν
2971 1092 3434 1160 πρωτοστράτορα
3487 1090 3584 1142 καὶ

2019 1185 2438 1255 Μελισσουργδν
2469 1183 2861 1253 ἐπωνόμασαν.

2095 1279 2366 1348 Διήρχετο
2396 1275 2453 1329 δὲ
2486 1275 2585 1347 τὴν
2617 1275 2919 1346 εἰρημένην
2963 1273 3336 1344 ἔπιτροπικὴν
3361 1291 3455 1326 και
3475 1272 3605 1326 διοίι-

2023 1387 2186 1440 κησιν
2223 1369 2318 1422 καὶ
2349 1370 2378 1420 ό
2427 1367 2877 1438 πρωτοστράτωρ
2914 1367 3070 1422 Λέων
3120 1369 3148 1420 ό
3181 1365 3604 1436 Φραγκόπουλος

2023 1460 2205 1532 καιρῷ
2229 1459 2342 1514 τινὶ
2372 1461 2671 1529 προστάξει
2711 1458 2806 1512 τοῦ
2856 1459 3122 1512 δεσπότου
3163 1460 3269 1528 κυρ
3296 1458 3608 1528 Θεοδώρου,

2025 1553 2150 1607 ἐπεὶ
2213 1551 2292 1622 τῷ
2334 1551 2551 1622 ἀδελφῷ
2602 1551 2698 1602 καὶ
2760 1550 3000 1621 δεσπότῃ
3037 1551 3145 1620 κὺρ
3205 1552 3610 1620 Κωνσταντίνῳ

2025 1643 2342 1715 ἐδωρήσατο
2373 1643 2514 1712 μετά
2546 1642 2768 1698 πάντων
2834 1642 2944 1694 τῶν
2979 1642 3293 1713 προνομίων
3337 1638 3412 1696 ὧν
3468 1639 3608 1712 εἶχε,

2027 1734 2336 1800 τουτέστιν,
2365 1736 2462 1788 ἐὰν
2491 1737 2521 1788 ό
2547 1735 2773 1803 γνήσιος
2807 1735 3020 1796 ἐκεῖνος
3077 1734 3422 1804 κληρονόμος
3474 1736 3614 1785 dmo-

347 1838 452 1890 τῶν
486 1837 651 1888 αὐτοῦ
687 1799 989 1904 κτημάτων
1021 1799 1116 1886 καὶ
1145 1833 1448 1904 χρημάτων
1494 1799 1660 1902 133-
1684 1832 1923 1898 κινητῶν
1956 1799 1998 1856 Β
2031 1825 2170 1899 Θάνῃ
2219 1828 2358 1898 ,πρὶν
2403 1825 2500 1880 τοῦ
2695 1826 2864 1887 νόμου
2921 1825 3142 1896 ἠλικίαν
3171 1799 3380 1897 φθάση,
3426 1826 3612 1878 πάντα

349 1932 437 1984 καὶ
468 1929 766 1998 ἀκινήτων,
792 1927 880 1978 ὅτι
914 1925 1010 1979 ὲάν
1052 1926 1082 1977 ό
1130 1926 1244 1988 υἱὸς
1270 1924 1437 1978 αὐτοῦ
1468 1925 1563 1977 καὶ
1585 1922 1928 1992 κληρονόμος

345 2019 502 2082 εὐθὺς
537 2019 786 2090 ἀποθάνῃ
814 2019 986 2088 χωρὶς
1017 2016 1396 2088 κληρονόμων,
1428 2015 1605 2070 πάντα
1632 2014 1702 2068 τὰ
1731 2012 1927 2068 ἑαυτοῦ

346 2113 540 2176 ἄστεα,
573 2112 760 2180 κῶμαι
805 2109 900 2162 καὶ
938 2109 1116 2180 χῶραι
1152 2109 1250 2161 καὶ
1287 2107 1528 2177 φρούρια
1582 2107 1799 2160 ἔσονται
1849 2105 1930 2176 τῷ

345 2203 582 2272 δεσπότῃ
610 2204 718 2271 κὺρ
751 2200 1036 2272 Θεοδώρῳ,
1064 2201 1133 2254 τὰ
1162 2199 1318 2261 ἐκτὸς
1363 2204 1460 2253 καὶ
1495 2199 1647 2261 ἐντὸς
1681 2198 1780 2267 τῆς
1818 2197 1925 2250 Πε-

344 2293 703 2360 λοποννήσου.
733 2291 919 2347 *Ησαν
953 2293 1062 2362 γὰρ
1105 2291 1174 2346 τὰ
1203 2291 1378 2355 ἐντὸς,
1436 2289 1733 2361 ’Δνδροῦσα
1779 2288 1924 2358 λέγω

346 2384 442 2436 καὶ
502 2382 834 2452 Καλαμόιτα,
879 2381 1204 2446 Μαντίνεια,
1246 2379 1539 2444 Ἰάννιτζα,
1588 2379 1808 2448 Πίδημα
1840 2379 1932 2430 καὶ

347 2475 510 2541 Μάνη
548 2474 646 2530 καῖ
675 2475 871 2540 Νησὶν
903 2476 1000 2526 καὶ
1046 2473 1310 2526 Σπιτάλιν
1360 2473 1456 2526 καλ⁸
1492 2471 1789 2543 Γρεμπενῆ
1837 2469 1932 2523 καὶ

364 2570 546 2631 Ἀετὸς
577 2572 674 2622 καὶ
708 2566 1063 2636 Νεόκαστρον
1097 2567 1192 2618 καὶ
1239 2562 1442 2632 Ἰθώμη
1475 2566 1508 2634 ἠ
1541 2563 1636 2616 νῦν
1659 2562 1932 2634 λεγομένη

352 2661 616 2727 Μεσσήνη
651 2660 748 2711 καὶ
787 2654 1161 2726 Ἀρχὰγγελος
1195 2655 1290 2708 καὶ
1315 2654 1661 2722 Σαυλάουρος
1689 2654 1787 2706 καὶ
1821 2654 1938 2706 Ἰω-

355 2751 544 2803 άννινα
576 2749 672 2800 καὶ
705 2747 1054 2814 Λιγούδιστα,
1106 2744 1175 2798 τὰ
1222 2744 1280 2797 δὲ
1335 2745 1490 2807 ἐκτὸς
1528 2743 1741 2813 μεγάλη
1774 2738 1932 2808 Αῐνος

357 2841 454 2894 καὶ
486 2841 519 2908 ἡ
559 2839 689 2906 περὶ
719 2839 887 2907 αὐτὴν
922 2836 1188 2908 παροικία
1226 2838 1397 2902 πᾶσα,
1426 2837 1614 2906 κῶμαι
1645 2837 1740 2889 καὶ
1761 2835 1938 2907 χῶραι

357 2935 461 2996 ἓως
492 2933 588 2986 καὶ
622 2929 994 3002 Περιθεωρίου
1019 2947 1033 2962 ·
1060 2930 1096 2984 ἀ
1124 2930 1220 2984 καὶ
1245 2929 1464 2992 σταλεὶς
1489 2928 1602 2996 ἐγὼ
1627 2929 1940 2999 παρέλαϐον

361 3025 526 3079 αὐτὰ.
665 3036 682 3079 ς

674 3078 712 3100 κ..

2028 1919 2202 1973 ταῦτα
2229 1920 2299 1974 τὰ
2320 1920 2422 1989 τῆς
2455 1918 2822 1991 ὲπιτροπικῆς
2855 1919 3121 1990 κτήματα
3151 1918 3384 1971 ἐσωνται
3405 1917 3484 1988 τῷ
3506 1919 3614 1989 κὺρ

2028 2013 2454 2081 Κωνσταντίνῳ.

2103 2112 2176 2174 γ’.
2213 2106 2324 2159 Καὶ
2362 2105 2442 2174 τῷ
2470 2103 2618 2174 αὐτῷ
2649 2103 2762 2158 ἔτει
2797 2105 3051 2176 Μαρτίου
3080 2105 3322 2176 τετάρτῃ
3349 2103 3616 2174 τέθνηκεν

2031 2201 2060 2253 ό
2085 2197 2358 2268 δεέπότης
2406 2198 2513 2267 κὺρ
2592 2197 2959 2268 Ἀνδρόνικος,
3010 2200 3038 2252 ό
3064 2196 3152 2251 διά
3186 2197 3280 2252 τοῦ
3313 2197 3459 2251 θείου
3521 2199 3619 2252 καὶ

2035 2288 2334 2357 ἀγγελικοῦ
2393 2288 2674 2358 σχήματος
2725 2287 3157 2356 μετονομασθεὶς
3201 2285 3489 2349 ’Δκάκιοςο
3519 2284 3618 2340 καὶ

2037 2379 2213 2450 ἐτάφη
2261 2381 2318 2433 ἑν
2349 2380 2416 2449 τῇ
2445 2377 2543 2431 τοῦ
2579 2378 3029 2448 Παντοκράτορος
3064 2378 3225 2448 μονῇ,
3274 2375 3406 2430 ἔνθα
3451 2375 3620 2430 κατέο

2039 2472 2430 2542 μενε.Βουλῆς
2463 2471 2521 2524 δὲ
2540 2471 2866 2540 ἀποκρύφου
2921 2470 3046 2540 ἐμοὶ
3108 2469 3412 2540 γενομένης
3467 2469 3622 2541 παρᾶ

2035 2565 2132 2620 τοῦ
2175 2565 2434 2628 αὑθεντός
2469 2581 2570 2634 μου
2623 2564 2718 2616 καὶ
2747 2563 3010 2616 δεσπότου
3053 2562 3143 2616 ἵνα
3191 2563 3337 2617 κατά
3369 2563 3471 2632 τῆς
3509 2564 3623 2616 Πά-

2039 2674 2180 2729 τρας
2211 2656 2566 2726 ἀπέλθωμεν,
2607 2656 2702 2709 καὶ
2751 2657 2801 2708 εί
2834 2655 2933 2725 μὲν
2985 2655 3399 2724 παραλάϐωμεν
3428 2654 3620 2725 αὐτὴν,

2044 2752 2324 2820 μείνωμεν
2383 2749 2464 2810 εἰς
2521 2746 2623 2818 τὴν
2660 2746 3096 2816 Πελοπόννησον,
3134 2748 3227 2801 καὶ
3279 2749 3307 2801 ό
3352 2747 3513 2811 τόπος
3564 2747 3625 2800 ὃν

2041 2839 2188 2912 εἶχεν
2210 2843 2270 2894 ὲν
2303 2842 2369 2911 τῇ
2421 2839 2609 2912 μαύρῃ
2642 2839 2891 2907 δηλονότι
2950 2839 3200 2913 θαλάσσῃ
3231 2839 3444 2910 δοθείη,
3483 2843 3622 2904 πρῦς

2041 2934 2136 2987 τὶν
2162 2932 2390 3001 ἀδελφὺν
2422 2931 2591 2986 αὐτοῦ
2624 2932 2718 2986 τὸν
2754 2931 3006 3002 βασιλέα,
3038 2933 3165 2986 εἰδὲ
3188 2935 3248 2987 οὐ
3286 2934 3626 3004 παραλάϐω-

2047 3041 2150 3094 μεν
2173 3024 2272 3092 τὴν
2306 3024 2550 3092 Πάτραν,
2614 3023 2944 3095 ἀπέλθωμεν
2967 3040 2984 3058 ο
3019 3027 3101 3088 είς
3132 3024 3231 3095 τὴν
3273 3027 3630 3080 Κωνστιιντι-

447 3118 534 3180 Ὦς
563 3118 654 3171 ἐπὶ
677 3118 735 3171 τὸ
785 3117 1040 3172 πλεῖστόν
1082 3134 1236 3178 τινας
1276 3116 1339 3171 ὲκ
1364 3115 1556 3170 τούτου
1599 3115 1695 3169 τοῦ
1747 3115 1941 3184 γένους
1969 3156 2014 3214 C
2045 3115 2323 3184 νούπολιν,
2355 3116 2450 3170 καὶ
2510 3115 2670 3180 αὐτὸς
2731 3116 2878 3187 ἔχειν
2931 3117 3012 3179 είς
3049 3117 3152 3185 τὴν
3211 3117 3625 3188 Πελοπόννησον

361 3210 470 3264 τῶν
501 3209 861 3282 Μελισσηνῶν
889 3211 986 3265 καὶ
1005 3208 1536 3282 Στρατηγοπούλους
1559 3205 1940 3278 ἐπωνόμαζον,

363 3392 545 3457 batur,
572 3400 625 3446 et
657 3393 821 3447 totius
849 3395 1002 3447 sinus
1033 3391 1374 3448 Messeniaci.
1397 3393 1550 3447 Idem
1585 3401 1706 3461 post
1735 3391 1942 3446 obitum

368 3487 560 3538 moris
598 3484 944 3554 metropolita
972 3486 1355 3554 Adrianopolis
1413 3486 1588 3539 lactus
1648 3493 1752 3549 est,
1800 3499 1950 3538 com-

370 3577 520 3629 muni
577 3577 814 3629 utilitate
879 3578 1062 3630 multis
1119 3586 1170 3631 et
1235 3577 1568 3631 necessariis
1591 3577 1658 3630 de
1688 3576 1868 3631 causis
1894 3575 1948 3629 id

371 3669 678 3734 postulante
733 3685 746 3720 :
799 3683 1110 3736 quanquam
1181 3684 1330 3722 mors
1386 3651 1764 3738 intempestiva
1825 3683 1948 3720 eum

373 3761 575 3829 rapuit,
605 3759 859 3827 atqueita
892 3774 980 3812 res
1013 3759 1192 3812 caruit
1214 3768 1430 3812 eventu.
1464 3758 1951 3828 Cmterumcausas

372 3851 491 3906 illas
535 3868 658 3906 cum
689 3852 1000 3920 complures
1038 3852 1257 3920 capiose
1315 3851 1703 3920 explicuerint,
1727 3849 1951 3919 egoillis

371 3943 761 4013 supersedebo.
817 3942 993 3997 Causa
1076 3951 1258 3996 autem
1315 3941 1715 4009 procurationis
1779 3939 1950 4005 illius,

375 4052 536 4104 quam
573 4037 894 4090 Theodorus
924 4039 1145 4107 despota
1180 4036 1438 4101 habebat,
1477 4036 1599 4089 talis
1627 4035 1748 4089 fuit.
1780 4034 1953 4101 Quem

376 4133 648 4186 nominavi
725 4130 1065 4201 Nicephorus
1113 4131 1433 4186 Melisseuus
1518 4131 1687 4186 lilium
1766 4130 1958 4185 habuit

377 4224 683 4290 Nicolaum,
719 4239 878 4292 quem
930 4239 1141 4278 esacro
1197 4223 1346 4278 fonte
1407 4231 1719 4290 susceperat
1773 4219 1956 4276 Theo-

378 4314 548 4369 dorus
568 4315 814 4383 despota.
842 4313 1032 4384 Itaque
1055 4315 1120 4369 ad
1151 4314 1308 4369 sedes
1325 4316 1502 4369 anima
1515 4329 1632 4369 rutn
1662 4317 1955 4378 transiens,

382 4420 503 4458 cum
563 4406 706 4458 ﬁlius
750 4413 863 4459 tres
919 4420 1100 4460 annos
1165 4415 1328 4460 natus
1382 4415 1550 4469 esset,
1609 4402 1957 4458 Theodorum

2051 3206 2210 3279 135
2264 3209 2335 3262 τά
2363 3207 2466 3279 τῆς
2523 3207 2750 3279 προικὸς
2777 3206 2947 3261 αὑτοῦ
2997 3208 3215 3280 κάστρα
3264 3209 3361 3263 καὶ
3410 3209 3481 3264 τὰ
3531 3206 3630 3263 τοῦ

2049 3390 2325 3446 chronicis
2361 3389 2432 3445 ita
2484 3405 2580 3446 eos
2613 3391 2982 3460 appellarunt,
3033 3390 3359 3448 Mclissenos
3411 3391 3630 3448 Strate-

2051 3485 2302 3554 gopulos,
2349 3487 2418 3539 ub
2461 3500 2684 3539 causam
2723 3485 2884 3540 hanc.
2921 3485 3176 3540 Alexium
3212 3487 3488 3540 Caesarem
3519 3485 3633 3542 Me-

2052 3575 2339 3640 Iissenum,
2373 3578 2464 3645 qui
2493 3577 2706 3644 Cpolim
2741 3593 2770 3630 a
2807 3577 3018 3631 Latinis
3055 3577 3378 3642 vindicavit,
3415 3577 3634 3632 Strate-

2051 3669 2308 3738 gOpulum
2333 3684 2362 3722 a
2392 3677 2568 3724 matre
2598 3670 2716 3739 ejus
2744 3669 3122 3733 nominarunt,
3147 3679 3312 3738 atque
3336 3669 3462 3724 inde
3485 3670 3632 3724 istud

2053 3769 2472 3829 cognomentum
2507 3763 2559 3814 in
2594 3761 2925 3830 quibusdam
2965 3760 3199 3829 posteris
3222 3759 3339 3828 ejus
3370 3762 3627 3817 obtinuit.

2054 3849 2419 3920 Nicephorum
2473 3865 2601 3904 vero
2643 3859 2694 3905 et
2747 3866 3000 3919 magnum
3069 3859 3532 3920 protostratorem
3574 3863 3634 3908 et

2058 3943 2439 4014 Melissurgum
2477 3943 2838 4013 appellarunt.
3121 4011 3127 4018 _

2127 4033 2308 4090 Gessit
2329 4034 2650 4102 aliquandiu
2675 4036 2899 4089 tutelam
2931 4045 2985 4090 et
3014 4039 3454 4106 procurationem
3481 4038 3633 4093 illam

2057 4131 2221 4184 etiam
2261 4129 2372 4184 Leo
2415 4129 2823 4201 Francopulus,
2867 4131 3025 4201 jussu
3059 4132 3334 4188 Theodori
3367 4139 3630 4204 despotaz,

2060 4238 2185 4278 cum
2213 4235 2334 4276 eam
2389 4221 2757 4276 Constantino
2788 4223 3030 4292 despotte
3055 4223 3210 4279 fratri
3235 4225 3491 4282 donasset
3510 4243 3635 4282 cum

2061 4311 2316 4368 omnibus
2349 4310 2666 4380 privilegiis,
2701 4312 2804 4367 hoc
2835 4322 2940 4378 est,
2971 4313 3015 4367 si
3040 4313 3313 4383 legitimus
3344 4316 3434 4370 ille
3465 4317 3641 4373 haeres

2062 4412 2393 4469 moreretur,
2428 4404 2947 4475 antequamjustam
2990 4407 3267 4477 attigisset
3290 4419 3536 4477 :etatem,
3577 4420 3640 4466 ut

382 4497 660 4566 tleSpotam
713 4505 1038 4552 testamento
1066 4507 1300 4554 tutorem
1337 4499 1492 4566 pueri
1524 4497 1786 4562 instituit,
1836 4511 1957 4550 om-
1991 4490 2038 4550 D
2067 4507 2179 4551 tum
2216 4496 2400 4550 omnia
2441 4495 2608 4567 hujus
2629 4497 2820 4568 pupilli
2850 4498 2990 4554 bona
3025 4500 3387 4556 Constantino
3421 4503 3642 4556 domino

383 4590 643 4658 niumque
683 4587 1002 4642 facultatum
1036 4605 1287 4655 suarum,
1313 4592 1592 4645 mobilium
1621 4601 1677 4647 et
1707 4589 1960 4644 immobi-

386 4681 542 4746 .ium,
599 4691 1036 4748 procuratorem,
1085 4691 1166 4748 ut,
1199 4683 1242 4736 si
1281 4682 1421 4737 [ilius
1453 4690 1508 4737 et
1562 4682 1738 4737 haeres
1791 4682 1963 4751 ipsius

389 4787 511 4826 tuo:
542 4789 569 4823 e
613 4771 723 4824 vita
778 4771 1090 4839 decederet,
1143 4773 1309 4827 nullis
1363 4773 1572 4827 relictis
1623 4773 1960 4837 itteredibus,

384 4863 566 4916 omnia
592 4862 812 4932 oppida,
839 4863 967 4927 vici,
1001 4865 1140 4929 loca,
1191 4865 1416 4920 castella
1473 4863 1764 4919 Theodoro
1805 4863 1965 4918 cede-

391 4964 554 5019 rent,
641 4956 760 5008 sive
849 4967 1045 5020 extra,
1125 4957 1244 5010 sive
1329 4957 1467 5010 intra
1532 4953 1964 5024 Peloponnesum

388 5046 512 5100 sita.
555 5045 696 5099 Intra
718 5044 1148 5113 Peloponnesum
1183 5055 1338 5101 erant
1366 5045 1634 5110 Andrusa,
1666 5045 1968 5106 Calamata.

391 5136 688 5201 Mantinea,
718 5133 994 5200 Jannitza,
1032 5135 1276 5199 Pidema,
1305 5135 1483 5200 Mane,
1515 5135 1690 5198 Nesis,
1723 5135 1968 5204 Spitalis,

392 5230 718 5297 Grempene,
751 5228 944 5291 Aetns’,
976 5225 1358 5294 Neocastrum,
1391 5226 1620 5292 Ithome,
1648 5242 1768 5296 quae
1826 5245 1974 5285 nunc

394 5320 638 5376 Messene
667 5319 1295 5388 dicitur,ArchangeIus,
1317 5317 1634 5385 Saulaurus,
1652 5319 1974 5386 lohannina,

396 5409 724 5479 Ligudistu;
774 5417 928 5464 extra
975 5409 1404 5479 PeIOponnesum
1460 5425 1649 5479 magna
1700 5407 1876 5465 IEnos
1923 5421 1977 5465 et

396 5503 513 5572 ejus
548 5502 750 5557 vicinia
791 5510 929 5569 tota,
968 5502 1073 5556 vici
1119 5502 1377 5556 nimirum
1406 5513 1460 5557 et
1497 5503 1612 5556 loca
1635 5515 1804 5579 usque
1831 5502 1980 5557 Peri-

400 5596 671 5652 tlteoriutn
707 5611 867 5666 ;quae
900 5610 1000 5666 ego
1027 5596 1230 5650 missus
1263 5597 1463 5665 recepi.

472 5686 802 5748 Plerumque
834 5685 1097 5755 quosdam
1137 5685 1200 5737 de
1230 5685 1335 5740 hoc
1362 5684 1778 5740 Melissenorum
1815 5701 1982 5756 gene-

399 5795 462 5837 re
492 5779 654 5835 etiam
685 5778 1105 5847 Strategopulos
1139 5777 1620 5846 cognominarunt,
1647 5789 1699 5834 et
1733 5779 1786 5834 in
1827 5781 1980 5836 libris

683 5872 950 5935 PA’I‘RUL.
1001 5872 1118 5931 Gn.
1160 5871 1351 5934 CLVI.

427 5966 478 5974 σςι-

2065 4588 2344 4643 cederent.

2137 4681 2194 4737 3.
2238 4681 2438 4736 Eodem
2472 4694 2641 4746 anno,
2672 4690 2868 4750 quarto
2899 4681 2988 4735 die
3014 4679 3216 4744 Martii,
3266 4699 3296 4738 e
3331 4684 3436 4739 vita
3478 4689 3646 4741 cessit

2066 4774 2420 4828 Andronicus
2443 4773 2692 4843 despota,
2717 4774 2811 4842 qui
2845 4788 2941 4842 per
2973 4773 3221 4828 divinmn
3252 4787 3304 4829 et
3337 4778 3640 4852 angelicum

2069 4865 2318 4919 habitum
2367 4865 2548 4921 dictus
2583 4873 2666 4921 est
2711 4865 2966 4921 Aeacius.
3021 4863 3283 4936 Sepultus
3313 4877 3395 4921 est
3441 4869 3492 4922 in
3527 4885 3644 4923 mo-

2073 4955 2316 5010 nastcrio
2339 4955 2766 5023 Pantocratoris,
2791 4957 2882 5012 ubi
2909 4957 3160 5026 degebat.
3189 4956 3322 5011 Cum
3349 4961 3488 5014 clam
3513 4977 3644 5020 con-

2073 5046 2325 5100 stitutum
2356 5056 2504 5102 esset
2533 5063 2562 5100 a
2589 5048 2950 5104 Constantino
2975 5049 3221 5118 despota,
3250 5050 3473 5106 domino
3501 5070 3643 5122 ritca,

2077 5147 2134 5191 ut
2183 5135 2374 5192 Patras
2425 5137 2939 5206 proﬁcisceremur,
3005 5149 3060 5193 et
3121 5139 3168 5193 si
3229 5141 3540 5209 potiremur
3581 5165 3648 5200 eo

2077 5227 2218 5292 loco,
2263 5230 2315 5282 in
2361 5228 2740 5296 Peloponneso
2769 5243 3136 5296 maneremus,
3172 5241 3226 5285 et
3273 5231 3448 5299 locus,
3487 5251 3648 5305 quem

2081 5319 2317 5375 habebat
2361 5320 2426 5374 ad
2475 5335 2626 5375 mare
2671 5319 2917 5392 Nigrum,
2978 5323 3289 5380 traderetur
3335 5325 3651 5396 imperatori

2083 5413 2234 5467 tratri
2265 5428 2408 5469 suo:
2458 5413 2540 5467 sin
2581 5429 2685 5467 non
2719 5414 3048 5483 potiremur,
3094 5417 3370 5475 abiremus
3417 5421 3655 5490 Cpolim,

2081 5505 2200 5574 ipse
2245 5505 2297 5558 in
2333 5505 2708 5574 Peloponneso
2756 5516 2962 5570 castra,
3009 5523 3129 5574 qua:
3177 5510 3302 5564 dote
3348 5522 3656 5580 acceperat,

2083 5613 2312 5667 qumque
2349 5597 2415 5651 ad
2461 5608 2688 5667 pontum
2734 5597 3006 5654 Euxinum
3057 5609 3237 5666 erant,
3291 5601 3572 5667 retineret,
3627 5619 3658 5656 a

2086 5688 2255 5741 fratre
2279 5697 2463 5740 autem
2500 5686 2792 5742 Theodoro
2823 5689 2924 5744 sibi
2956 5688 3179 5756 donata,
3206 5697 3261 5744 et
3291 5704 3411 5756 quae
3442 5691 3662 5746 nomine

2074 5779 2268 5850 tutela:
2301 5777 2592 5849 Nicephori
2618 5778 2890 5836 lllclissen'i
2924 5779 3470 5848 administrabantur,
3494 5784 3558 5844 ad
3582 5784 3676 5840 si-

3272 5871 3347 5936 2's
