3964 6428
328 347 434 409 747

1576 342 1907 403 GEORGII
1953 345 2387 406 ΡΠΒΑΝΤΖιΕ

3485 341 3589 405 748

326 465 588 528 Εὐξείνου
624 465 822 518 πόντου
848 464 970 534 ἦτοι
1003 461 1103 531 τῆς
1136 460 1358 530 μαύρης
1409 459 1710 529 Θαλάσσης,
1745 459 1814 513 τὰ
1846 457 1904 511 δὲ
1934 464 1984 523 Α
2010 459 2208 529 ἔδειξε.
2242 461 2412 525 Τέλος
2440 461 2761 533 ἐστήσαμεν
2791 462 2879 517 ἵνα
2925 461 3017 518 διά
3046 462 3245 525 νυκτὸς
3274 460 3588 533 βαδίσαντες

325 560 547 613 ὃοθέιτα
576 556 729 625 παρὰ
781 554 873 607 τοῦ
908 554 1174 607 δεσπότου
1202 554 1311 622 κὺρ
1371 552 1652 623 Θεοδώρου
1688 552 1904 623 κάστρα

290 646 422 705 ’καὶ
479 649 655 703 πάντα
718 647 787 700 τὰ
837 645 938 714 τῆς
992 646 1367 717 ἑπιτροπικῆς
1419 643 1515 697 τοῦ
1554 640 1902 713 Μελισσηνοῦ

323 744 650 812 Νικηφόρου
687 742 746 795 ὲν
775 738 851 810 τῷ
889 737 1270 808 Μεσσηνιακῷ
1303 737 1493 808 κόλπῳ
1543 736 1706 790 πάλιν
1734 735 1904 789 δοθῶσ-

327 850 432 898 σιν,
465 834 599 886 ὅπου
637 830 685 885 δ’
714 830 782 884 ἂν
816 831 843 883 6
893 829 1157 898 βασιλεὺς
1216 829 1496 900 διακρίνῃ,
1556 825 1905 897 παρηκολού-

323 927 456 996 θησε
490 926 588 978 καὶ
620 922 802 989 τοῦτο,
834 924 975 993 ὅπερ
1002 917 1072 991 ἦν
1092 921 1200 975 ἀπὸ
1239 924 1441 991 μέρους
1463 918 1630 973 αὑτοῦ
1671 918 1905 989 βεϐαίω-

328 1036 416 1080 σις
443 1015 771 1086 ἀποκρύφου
802 1014 1057 1085 μελέτης.
1116 1014 1469 1084 Διερχόμενοι
1513 1011 1614 1082 τὴν
1641 1010 1762 1065 ὁδὸν
1798 1011 1905 1081 τῆς

323 1114 555 1184 Πάτρας
580 1115 643 1166 ἐκ
671 1111 994 1179 Βοστίτζης,
1029 1110 1117 1163 ἵνα
1161 1110 1241 1173 εἰς
1295 1107 1396 1178 τὴν
1430 1106 1777 1177 Γλαρέντζαν
1807 1105 1902 1159 καὶ

322 1208 385 1260 τὸ
411 1204 785 1273 Χλομούτζιον
816 1202 1170 1271 ἀπέλθωμεν,
1217 1198 1346 1253 ἔνθα
1392 1198 1489 1252 καὶ
1520 1199 1555 1269 ἡ
1609 1196 1903 1269 βασίλισσα

320 1294 414 1369 ἦν,
449 1297 672 1359 σταλεὶς
723 1298 751 1349 6
828 1294 1174 1365 Ἀνδρόνικος
1237 1292 1523 1360 Λάσκαρις
1562 1294 1590 1346 6
1625 1291 1901 1359 Παδιάτης

323 1393 464 1461 πρὸς
490 1392 619 1454 τοὺς
653 1392 711 1442 ὲν
741 1391 808 1459 τῇ
856 1389 1051 1458 Πάτρᾳ
1076 1386 1347 1457 ἄρχοντας
1380 1383 1512 1454 περί
1563 1399 1729 1436 τινων
1763 1383 1901 1436 ὕπο-

320 1484 526 1536 θέσεων
563 1483 791 1534 κάκεῖσε
833 1477 1200 1549 προσμείνας,
1233 1477 1533 1547 συνέτυχον
1557 1475 1710 1545 αὑτῷ
1754 1474 1901 1538 ίδίως

317 1575 413 1627 καὶ
441 1573 643 1642 ἐξόχως
674 1574 843 1639 ἱερεῖς
876 1587 937 1622 τε
972 1569 1068 1623 καὶ
1100 1568 1284 1622 λαῖκοὶ
1313 1568 1442 1637 περὶ
1474 1566 1592 1631 τοῦ,
1632 1568 1682 1620 εί
1703 1568 1751 1647 _6
1790 1566 1898 1620 αὐο

320 1664 520 1729 θέντης
547 1662 715 1715 αὑτοῦ
746 1663 930 1726 -θέλει,
957 1660 1116 1714 αὐτοὶ
1156 1659 1467 1730 εὑρήσωσιν
1496 1659 1703 1730 τρόπον
1741 1657 1810 1711 δι’
1832 1651 1898 1710 οὗ

317 1753 620 1825 παραλάϐῃ
671 1752 839 1815 αὐτὸς
903 1752 1006 1824 τὴν
1051 1750 1319 1819 Πάτραν.“
1355 1751 1639 1814 Ἐλθόντος
1702 1750 1760 1803 δὲ
1796 1746 1896 1803 τοῦ

317 1820 666 1918 Λασκάρεως
718 1848 816 1900 καὶ
846 1820 1094 1910 εἰπόντος
1133 1845 1278 1916 μετά
1324 1843 1436 1898 τῶν
1464 1844 1646 1898 ἄλλων
1695 1846 1767 1897 τὰ
1793 1842 1904 1897 τῶν
1938 1820 1981 1876 Β

318 1939 629 2009 Πατρηνῶν
660 1939 987 2008 ἀπόκρυφα,
1034 1937 1383 2008 ἀπεπέμφθη
1417 1937 1495 2001 ώς
1529 1935 1774 1993 ἀδύνατα
1806 1935 1903 1990 καὶ

315 2036 555 2105 περισσὰ
584 2033 619 2088 ἀ
651 2034 854 2104 ἢκουσε
895 2034 991 2085 καὶ
1020 2030 1198 2099 ἔλεγε.
1240 2028 1474 2099 Ἐστάλη
1513 2027 1610 2083 οὖν
1666 2029 1750 2092 εις
1805 2045 1898 2083 κε-

317 2128 498 2199 φαλὴν
526 2128 629 2194 τῆς
668 2125 908 2193 Ἰθώμης
931 2123 1029 2177 καὶ
1057 2121 1394 2192 ’Δνδροὺσης
1415 2125 1444 2176 ό
1477 2121 1644 2187 αὐτὸς
1679 2121 1903 2177 Λάσκα-

321 2240 428 2292 ρις,
464 2223 544 2274 ἔτι
569 2220 627 2272 δὲ
659 2220 755 2273 καὶ
782 2219 834 2272 οἱ
859 2217 1012 2273 ἄλλοι
1065 2216 1333 2287 ἄρχοντες
1375 2218 1425 2269 oi
1474 2218 1556 2280 εἰς
1611 2217 1681 2269 τά
1720 2216 1902 2268 ἐκεῖσε

316 2310 532 2377 κάστρα
553 2306 866 2375 κεφαλάδες
888 2321 902 2338 ⁸
937 2305 1077 2361 ἀλλὰ
1096 2307 1161 2376 δὴ
1197 2307 1291 2359 καὶ
1316 2306 1347 2359 6
1384 2306 1603 2379 πρῶτος
1633 2304 1743 2359 τῶν
1798 2308 1901 2377 ἀρ-

316 2404 525 2473 χόντων
559 2400 654 2453 τοῦ
679 2399 834 2453 οἴκου
865 2398 1032 2452 αὐτοῦ
1061 2401 1089 2452 6
1122 2399 1410 2467 Δάσκαρις
1476 2398 1721 2463 Ἀλέξιος
1756 2400 1900 2453 ἔλείο

319 2493 428 2562 φθη
469 2494 548 2555 εἰς
595 2490 966 2559 κεφαλάτικον
1002 2490 1106 2558 τῆς
1138 2488 1440 2558 Βοστίτζης
1481 2490 1578 2542 καὶ
1609 2490 1904 2559 ἐπανέμει-

314 2604 407 2639 νεν
449 2586 651 2637 ἐκεῖσε.
683 2582 1053 2652 Διερχόμενος
1087 2578 1205 2647 οὖν,
1246 2582 1321 2646 ὡς
1350 2581 1656 2651 δεδήλωκα,
1709 2582 1737 2633 6
1769 2582 1902 2650 ὲμδς

314 2675 587 2742 δεσπότης
609 2676 702 2727 καὶ
741 2673 1012 2740 αὐθέντης
1067 2673 1184 2742 μετ’
1216 2670 1355 2741 ἐμοῦ
1390 2673 1555 2741 μόνου
1616 2672 1905 2741 ἐνεργοῦν-

314 2782 407 2827 τος
438 2765 499 2817 τὸ
526 2764 779 2833 περὶτῆς
814 2762 974 2833 133
1003 2764 1251 2831 Πάτρας,
1276 2761 1666 2831 εὑρισκόμενοι
1702 2763 1784 2826 είς
1802 2762 1902 2830 τὴν

316 2855 665 2924 Γλαρέντξαν
717 2856 1044 2924 ἐγράψαμεν
1096 2853 1364 2916 πολλάκις
1413 2855 1553 2917 πρὸς
1609 2855 1738 2918 τοὺς
1803 2855 1904 2925 τῆς

316 2951 568 3020 Πάτρας,
605 2946 895 3009 σταλέντος
926 2948 1046 2999 ἐκεῖ
1073 2946 1169 2998 τοῦ
1214 2946 1502 3006 ΙΙεδιάτου.
1536 2945 1572 3000 ἀ
1605 2948 1903 3015 συνέτυχον

316 3045 435 3097 ἐκεῖ
462 3044 717 3111 ἦγοντες
755 3039 942 3101 αὐτοῖς
995 3038 1093 3092 καὶ
1117 3039 1247 3108 περὶ
1297 3033 1372 3092 ὧν
1424 3038 1627 3104 ἔταξαν
1675 3040 1755 3109 τῷ
1803 3042 1906 3092 Πε-

2014 554 2339 627 εῠρεθῶμεν
2384 557 2469 619 είς
2504 557 2675 611 τόπον
2701 556 2935 625 πλησίον
2966 556 3076 611 τῶν
3101 555 3268 627 ὁρίων
3319 555 3432 609 τῶν
3478 557 3586 609 Πα-

2014 647 2235 719 τρηνῶν
2257 649 2629 720 ἀμπελώνων,
2660 649 3005 719 καλούμενον
3041 651 3123 713 είς
3170 649 3272 712 τάς
3297 650 3449 718 τρεῖς
3492 650 3588 700 ἐκ·

2013 740 2270 810 κλησίας,
2298 740 2356 794 αἱ
2387 741 2690 796 παλαιόθεν
2710 737 2875 814 ἦσαν·
2901 744 3082 796 ἐκεῖσε
3105 743 3164 796 δὲ
3199 740 3467 813 εὓρεθῶσι
3490 743 3584 794 καὶ

2011 833 2063 886 ei
2093 832 2400 903 ἄνθρωποι,
2460 835 2555 887 καὶ
2611 833 2901 905 δηλώσωσι
2957 833 3334 898 πλατύναντες
3373 834 3442 888 τὰ
3494 832 3583 887 διὰ

2011 928 2258 1000 γραφῆς,
2285 930 2382 984 καὶ
2415 930 2463 983 εί
2497 930 2600 1001 μὲν
2629 926 2775 1002 ἦσαν
2803 931 3028 995 δυνατὰ,
3061 929 3422 1001 ὲνεργηθῶσι,
3471 930 3519 981 εί
3540 929 3585 981 δ’

2011 1020 2100 1087 οὓ,
2139 1002 2474 1093 ἀπέλθωμεν
2528 1020 2784 1094 φανερῶς
2834 1023 3167 1077 ἀποκλεῖσαι
3219 1021 3280 1074 τὸ
3328 1023 3580 1091 κάστρον,

2013 1116 2112 1169 καὶ
2140 1114 2219 1180 ὡς
2251 1116 2396 1188 φέρῃ
2433 1115 2496 1169 τὸ
2522 1117 2712 1186 φέρον.
2741 1116 2850 1169 Καὶ
2885 1115 2996 1169 ἰδοὺ
3046 1113 3370 1185 ἐγράψαμεν
3417 1130 3587 1184 προσ.

2010 1207 2276 1277 τάγματα
2300 1207 2443 1280 πρὸς
2479 1209 2689 1270 πάντας
2718 1208 2847 1270 τοὺς
2870 1208 2928 1261 ἐν
2951 1210 3019 1279 τῇ
3051 1209 3284 1278 περιοχῇ
3312 1205 3410 1273 τῆς
3438 1204 3577 1260 ἰθὼς

2015 1315 2124 1370 μης
2154 1299 2249 1353 καὶ
2297 1298 2631 1371 ’Δνδρούσης
2663 1300 2723 1353 ὲν
2768 1298 2847 1370 τῷ
2878 1297 3253 1369 Μεσσηνιακῷ
3283 1297 3470 1368 κόλπῳ
3493 1298 3587 1351 καὶ

2009 1388 2119 1441 τῶν
2134 1389 2244 1442 ἔσω
2276 1390 2371 1443 καὶ
2402 1389 2508 1455 ἔξω
2545 1390 2749 1461 ζυγῶν,
2783 1395 2873 1445 ἵνα
2902 1393 2969 1463 τῇ
2993 1390 3188 1464 πρώτῃ
3218 1390 3314 1444 τοῦ
3344 1390 3585 1462 Μαρτίου

2013 1481 2183 1548 μηνὸς
2216 1481 2312 1533 τοῦ
2350 1481 2519 1535 αὐτοῦ
2566 1482 2725 1545 ἔτους
2748 1481 2948 1536 ἔλθωσι
2979 1482 3121 1550 μετά
3151 1481 3334 1535 ὃπλων
3367 1480 3586 1535 καὶτῶν

2010 1571 2278 1625 πλειόνων
2309 1573 2620 1645 ἀνθρώπων
2656 1574 2759 1644 τῆς
2794 1574 2973 1645 ἀρχῆς
3035 1573 3155 1637 ὲνδς
3207 1572 3439 1628 ἑκάστου
3489 1573 3587 1627 αὖ·

2010 1665 2141 1729 τῶν,
2174 1668 2269 1718 καὶ
2302 1664 2478 1733 οὕτως
2515 1665 2796 1729 τακτικῶς
2860 1666 3095 1721 διελθεῖν
3140 1667 3233 1720 τὸν
3279 1665 3445 1720 τόπον
3487 1664 3581 1719 τοῦ

2010 1757 2341 1826 πριγκίπου,
2405 1756 2502 1812 καὶ
2551 1756 2786 1828 δεχθῶσι
2837 1756 2934 1811 καὶ
2993 1759 3448 1828 συναπαντήσωσι
3495 1758 3584 1811 τὸν

2008 1852 2129 1902 νέον
2193 1847 2468 1941 αὐθέντην
2521 1849 2910 1921 είσερχόμενον
2964 1851 3024 1902 ἐν
3073 1850 3154 1931 τῷ
3224 1849 3583 1920 Μεσσηνιακῷ

2010 1941 2194 2010 κόλπῳ
2223 1926 2319 1994 καὶ
2339 1940 2569 2013 ζυγοτςς
2606 1940 2846 2012 Ὁμοίως
2890 1926 3139 2013 ἔμηνύθη
3195 1944 3291 1997 καὶ
3323 1943 3402 2013 τῷ
3436 1944 3581 1998 Δασ-

2010 2035 2171 2103 κάρει
2205 2033 2432 2104 ’Δλεξίῳ
2458 2033 2538 2104 τῷ
2556 2012 2628 2087 ἔκ
2662 2031 2987 2106 Βοστίτζης.
3028 2033 3311 2098 Ἐλθόντες
3356 2012 3449 2088 οὖν
3473 2037 3584 2088 ἔκι-

2010 2127 2144 2198 νήθη
2158 2143 2257 2199 μεν
2290 2129 2352 2181 οὐ
2376 2128 2466 2183 διὰ
2487 2129 2587 2199 τῆς
2618 2125 2744 2182 όδοῦ
2773 2131 2870 2198 τῆς
2901 2127 3039 2197 πρὸς
3075 2129 3172 2194 τὴν
3204 2129 3427 2194 Ἀσσον,
3449 2127 3581 2182 ἀλλά

2008 2217 2098 2270 διὰ
2135 2198 2238 2287 τῆς
2271 2218 2331 2286 ἐξ
2363 2198 2690 2288 εὐωνύμωνο
2730 2218 2889 2291 137
2918 2218 3014 2272 καὶ
3045 2219 3248 2282 πάντες
3273 2198 3607 2290 ἐθαύμαζον

2008 2311 2263 2380 λέγοντες
2292 2311 2429 2383 πρὸς
2444 2310 2737 2381 ἀλλήλους,
2768 2311 2865 2364 καὶ
2886 2310 3260 2367 ἐπυνθάνοντο
3282 2310 3385 2364 ποῦ
3408 2312 3582 2382 ἀπὴρσ

2007 2421 2185 2474 χοντο.
2229 2405 2370 2476 Περὶ
2397 2405 2453 2459 δὲ
2474 2406 2623 2476 ὥραν
2655 2405 3130 2476 ἀλεκτοροφωνίας
3184 2405 3421 2476 ἤλθομεν
3451 2407 3577 2476 περὶ

2005 2495 2102 2548 τὸν
2132 2494 2571 2566 συμφωνηθέντα
2605 2495 2798 2562 τόπον,
2862 2493 2993 2549 ἔνθα
3039 2494 3290 2567 εὕραμεν
3336 2495 3462 2559 τοὺς
3492 2496 3587 2547 ἀν-

2009 2586 2295 2658 θρώπουςο
2325 2587 2421 2640 καὶ
2456 2587 2667 2651 ίδόντες
2702 2588 2909 2653 αὐτοὺς
2958 2588 3281 2659 ἀπράκτους
3322 2582 3463 2640 εἶναι
3492 2587 3585 2639 καὶ

2005 2681 2268 2744 ἄπρακτα
2304 2680 2567 2749 λέγοντας
2626 2679 3039 2755 ἀπεπέμψαμεν
3094 2679 3313 2743 αὐτούς.
3364 2679 3584 2750 Πρωτας

2007 2767 2101 2824 οὖν
2124 2770 2432 2840 γενομένης
2458 2768 2963 2841 συμϐουλευθέντες
3002 2771 3057 2825 τί
3090 2771 3199 2843 ἄρα
3229 2772 3582 2843 πραχθῇ.καὶ

2008 2861 2389 2931 διακρίναντες
2423 2860 2516 2914 ἵνα
2567 2861 2628 2914 τὸ
2684 2862 3051 2932 στρατόπεδον
3112 2861 3298 2935 δράμῃ
3342 2862 3479 2932 πρὸς
3524 2862 3585 2914 τὸ

2007 2952 2416 3022 αἰχμαλωτίσαι
2449 2954 2580 3016 τοὺς
2629 2953 2734 3021 ἔξω
2770 2955 2867 3025 τῆς
2931 2952 3145 3015 πόλεως
3175 2953 3457 3017 οἰκοῦντας
3491 2952 3583 3005 καὶ
3646 2954 3663 2961 ”

2009 3045 2193 3097 πᾶσαν
2219 3046 2321 3114 τὴν
2354 3045 2462 3098 τῶν
2524 3043 2801 3114 Ἐϐραίων
2857 3044 3096 3117 οἴκησιν,
3149 3045 3227 3109 ώς
3276 3044 3369 3099 οὖν
3413 3046 3579 3115 ἐφάνη

317 3135 501 3206 διάτῃ,
532 3136 595 3187 Οἱ
616 3133 676 3186 δὲ
702 3131 1058 3201 ἀντέγραψαν
1094 3128 1411 3202 πρός’ὴμᾶς
1445 3132 1732 3195 πολλάκις.
1754 3133 1904 3201 Πλὴν
1932 3172 1976 3228 c
2010 3137 2324 3209 εὔπρακτον
2354 3137 2445 3190 διά
2482 3137 2685 3201 πολλὰς
2725 3135 2954 3205 αἰτίας,”
2983 3139 3094 3193 ίδοὺ
3141 3139 3238 3193 καὶ
3285 3141 3334 3192 oi
3378 3141 3442 3193 ὲκ
3487 3139 3579 3193 τοῦ

321 3229 607 3299 ἐκρίνοντο
641 3224 775 3295 παρ’
827 3224 987 3295 ἡμῶν
1039 3223 1305 3286 ἀδύνατα-ν
1358 3223 1437 3285 ὡς
1492 3224 1589 3277 καὶ
1637 3226 1667 3277 ὁ
1710 3223 1905 3295 καιρδς
1940 3223 1975 3228 ⁷
2012 3234 2257 3305 κάστρου
2295 3232 2501 3298 ίδόντες
2534 3232 2687 3303 ἡμᾶς
2716 3235 2812 3288 καὶ
2862 3233 3249 3306 άπορὴσαντες
3281 3232 3336 3287 τί
3366 3232 3474 3305 ἄρα
3491 3233 3582 3287 καὶ

322 3421 452 3463 1111111
479 3403 874 3461 Hesseniacum
899 3401 1032 3466 sita,
1056 3404 1479 3457 restituerentur
1497 3404 1706 3469 omnia,
1734 3420 1904 3473 quan-

322 3499 393 3554 do
421 3496 742 3567 imperatori
774 3494 1054 3549 videretur
1083 3509 1098 3547 :
1131 3503 1317 3549 secuta
1361 3494 1526 3549 etiam
1564 3503 1712 3560 sunt,
1755 3511 1901 3565 qua‘,

320 3600 587 3664 quantum
632 3591 685 3644 in
722 3592 839 3659 ipso
886 3597 1055 3653 esset,
1093 3602 1227 3641 -rem
1281 3587 1622 3642 clandestino
1669 3589 1903 3643 consilio

321 3689 465 3742 inter
509 3699 610 3739 nos
641 3684 904 3753 agitatam
954 3682 1022 3736 ad
1067 3682 1281 3735 exitum
1332 3681 1714 3751 perducerent.
1766 3681 1901 3738 Nam

319 3794 444 3834 eum
479 3776 693 3831 Bostiza
727 3774 919 3841 Patras
983 3774 1366 3838 transiremus,
1415 3782 1474 3827 ut
1532 3774 1906 3844 proﬁciscere-

257 3894 263 3900 “
322 3884 447 3926 mur
466 3869 814 3923 Glarentxam
843 3875 898 3923 et
921 3866 1352 3931 Cltlomutzium,
1389 3865 1484 3920 ubi
1509 3866 1676 3921 etiam
1710 3869 1895 3936 regina

320 3971 462 4029 erat,
487 3957 1122 4025 AndronicusLascaris
1152 3957 1406 4012 Pediates
1434 3957 1904 4015 interimlarbiter
1937 3946 1942 3953 ’

320 4055 387 4110 ad
419 4053 772 4124 magistratus
794 4051 1086 4107 Patrenses
1117 4065 1284 4120 super
1304 4051 1633 4121 quibusdam
1666 4053 1902 4123 negotiis

320 4148 525 4205 missus
548 4157 629 4200 est
660 4161 676 4198 :
710 4144 953 4214 quicum
982 4144 1182 4198 ibidem
1213 4141 1532 4214 aliquandiu
1568 4155 1897 4212 moraretur,

2006 3430 2117 3469 non
2149 3429 2313 3484 posse
2348 3430 2361 3468 :
2394 3412 2446 3468 id
2469 3415 2613 3482 quod
2651 3424 2865 3484 tempus
2891 3415 3159 3485 probavit.
3183 3414 3421 3471 Tandem
3448 3431 3579 3471 con-

2007 3506 2306 3570 stituimus,
2345 3513 2405 3560 ut
2429 3515 2697 3560 nocturno
2732 3505 2933 3561 itinere
2966 3507 3018 3559 in
3052 3506 3231 3561 locum
3268 3507 3462 3563 ﬁnibus
3486 3508 3584 3562 Pa-

2010 3599 2274 3655 trensium
2314 3599 2621 3652 vinctorum
2682 3598 2923 3653 vicinum
2978 3614 3074 3654 nos
3123 3604 3519 3665 conferremus,
3552 3616 3580 3654 a

2007 3692 2182 3746 tribus
2205 3690 2473 3763 ecclesiis
2521 3698 2912 3760 nuncupatum,
2951 3707 3074 3763 qu:e
3128 3708 3193 3748 ex
3246 3694 3406 3763 longo
3457 3696 3583 3749 inde

2009 3792 2254 3850 tempore
2282 3780 2355 3835 ibi
2385 3789 2543 3834 erant
2570 3797 2584 3832 :
2608 3780 2798 3833 eodem
2823 3782 2901 3835 illi
2931 3797 2991 3837 se
3017 3781 3353 3846 conferrent,
3385 3794 3438 3839 et
3466 3772 3581 3853 qua;

2006 3876 2381 3945 scripsissent,
2424 3876 2634 3945 plenius
2667 3893 2851 3931 curam
2898 3893 3234 3948 exponerent
3264 3901 3279 3948 ;
3321 3891 3483 3953 atque
3515 3898 3577 3938 ea

2006 3972 2051 4025 si
2076 3970 2294 4039 quidem
2316 3982 2500 4025 essent
2531 3971 2826 4041 ejusmodi,
2860 3980 2917 4026 ut
2942 3973 3056 4027 ﬁeri
3085 3984 3326 4042 possent,
3352 3977 3574 4031 ﬂerent:

2004 4062 2088 4116 sin
2114 4064 2318 4128 minus,
2354 4073 2543 4132 aperte
2573 4063 2641 4117 ad
2663 4064 2848 4134 oppidi
2881 4065 3220 4120 obsidionem
3251 4070 3575 4139 aggredere--

2007 4170 2128 4209 tnur
2157 4164 2211 4209 et
2240 4155 2682 4222 pet-mitteremus
2721 4171 2830 4208 rem
2865 4168 3107 4210 nostram
3141 4157 3388 4215 fortunae.
3446 4161 3575 4215 item

319 4248 697 4296 convenerunt
722 4251 849 4293 eum
881 4245 993 4291 tum
1029 4242 1248 4306 privato
1279 4245 1392 4292 tum
1425 4238 1647 4305 publico
1669 4238 1900 4295 consilio
2003 4247 2071 4302 ad
2100 4261 2292 4302 Omnes
2336 4247 2388 4300 in
2435 4247 2673 4309 circuitu
2708 4248 2948 4303 ltbomes
2982 4259 3034 4305 et
3064 4251 3346 4321 Audrusre,
3388 4256 3452 4309 ad
3498 4257 3575 4310 si-

319 4330 638 4387 sacerdotes
676 4339 731 4382 et
778 4327 930 4394 laici,
979 4330 1487 4411 promiseruntque,
1543 4330 1587 4383 si
1639 4328 1900 4384 dominus
2006 4355 2132 4393 mnn
2169 4337 2561 4393 Messeniacmn
2585 4350 2641 4393 et
2677 4341 2818 4394 intra
2856 4343 2941 4396 vel
2979 4353 3133 4397 extra
3166 4357 3399 4401 tractum
3426 4350 3573 4402 illnm

319 4425 439 4493 ejus
470 4421 651 4484 vellet,
681 4435 742 4476 se
797 4420 1016 4491 modum
1053 4436 1119 4474 ac
1152 4421 1294 4475 viam
1329 4426 1672 4482 inventuros,
1709 4436 1812 4489 qua
1850 4421 1897 4475 is
2004 4423 2338 4495 habitantes,
2377 4429 2720 4499 scripsimus,
2760 4440 2817 4483 ut
2872 4433 3120 4490 calendis
3171 4436 3389 4493 Martiis
3433 4439 3572 4509 ejus.

319 4532 382 4571 se
436 4515 490 4569 in
534 4514 883 4584 possessione
935 4514 1085 4569 urbis
1137 4512 1454 4598 collocaret.
1490 4512 1596 4568 Ubi
1644 4511 1897 4568 Lascaris
1932 4535 1973 4588 ι)
2005 4525 2127 4574 dem
2167 4522 2296 4574 anni
2342 4536 2466 4575 cum
2507 4516 3019 4593 armisftnanuque
3054 4527 3273 4583 militari
3320 4546 3426 4585 non
3459 4533 3575 4585 exi-

321 4626 446 4666 cum
484 4609 718 4678 reliqua,
752 4618 867 4663 tum
898 4618 1109 4664 secreta
1150 4608 1265 4662 lucc
1296 4607 1637 4662 Patrensium
1671 4607 1896 4661 consilia
2003 4626 2109 4682 gua
2143 4611 2369 4666 ditionis
2410 4627 2523 4667 sua:
2548 4614 2783 4680 Quilibet
2816 4616 3095 4685 adessent,
3121 4631 3175 4674 et
3217 4622 3287 4675 ita
3321 4622 3573 4679 instructi

321 4702 677 4767 renuntiavit,
705 4702 905 4771 reiecta
936 4694 1084 4762 sunt,
1116 4714 1238 4769 quae
1270 4701 1517 4754 audierat
1548 4699 1894 4768 dicebatque,

319 4804 377 4849 ut
414 4810 532 4864 quze
546 4809 647 4849 nec
670 4794 787 4849 iieri
818 4804 1111 4862 possentet
1132 4802 1317 4847 essent
1333 4806 1763 4860 supervacanea.
1790 4793 1899 4845 Ita-

319 4903 429 4957 que
460 4890 510 4940 in
543 4884 922 4957 pra-tecturam
958 4884 1197 4940 ltbomes
1223 4893 1281 4940 et
1308 4885 1574 4937 Audrusaa
1600 4884 1738 4939 idem
1768 4885 1896 4939 mis-

318 4996 415 5036 sus
442 4990 550 5042 eat,
589 4988 644 5033 et
673 4978 766 5033 alii
798 4985 1061 5044 praeterea
1093 4977 1198 5030 viri
1233 4977 1436 5030 castris
1467 4976 1693 5031 istarum
1722 4975 1899 5047 regio-

320 5091 450 5129 num
484 5072 748 5143 praefecti.
785 5071 931 5137 Quin
947 5070 1131 5139 ptiam
1186 5069 1408 5124 Alexius
1438 5056 1709 5135 Lascaris,
1754 5071 1899 5125 inter

317 5177 575 5233 proceres
615 5162 763 5216 illius
814 5162 1010 5215 domus
1050 5159 1340 5229 princeps,
1370 5159 1435 5213 ad
1482 5159 1892 5229 gubernandam

313 5254 613 5309 Bostdzam
646 5252 872 5306 relictus
891 5257 978 5305 est
1000 5250 1188 5321 ibique
1221 5251 1501 5305 remansit.
1532 5250 1587 5305 In
1623 5253 1763 5307 viam
1797 5251 1896 5321 igi-

317 5353 406 5396 tur
438 5355 499 5394 se
531 5339 703 5404 dedit,
736 5349 794 5393 ut
835 5340 1164 5408 signiﬁcavi,
1209 5326 1607 5398 Constantinus
1641 5344 1890 5412 despota,

316 5432 571 5489 dominus
601 5446 777 5496 meus,
816 5447 1024 5487 mecum
1066 5435 1182 5488 solo
1225 5435 1277 5489 in
1309 5450 1369 5490 re
1394 5435 1644 5492 Patrensi
1679 5437 1893 5506 adjuto-

317 5540 415 5592 re;
453 5538 689 5591 cumque
734 5524 1048 5581 Glareutzae
1115 5542 1388 5593 essemus,
1438 5528 1664 5583 Pediate
1699 5530 1892 5586 nuntio

314 5616 423 5678 usi,
454 5631 601 5686 stupe
632 5616 951 5687 scripsimus
983 5623 1046 5673 ad
1078 5619 1377 5679 Patrenses
1416 5623 1482 5676 de
1517 5624 1584 5677 iis
1613 5637 1738 5691 quae
1765 5639 1890 5677 cum

315 5706 543 5764 Pediate
590 5721 817 5779 egerant
846 5713 1376 5785 eonstituerautqne,
1415 5725 1581 5783 atque
1613 5716 1690 5769 illi
1747 5731 1893 5786 saepe

314 5796 473 5851 nobis
507 5799 905 5882 rescripsertmt
937 5821 952 5859 :
983 5820 1104 5875 quae
1139 5817 1319 5863 tamen
1351 5807 1739 5878 judicabantus
1773 5809 1888 5863 ﬁeri

2001 4706 2138 4759 lines
2160 4705 2423 4776 principis
2443 4707 2758 4772 transirent,
2779 4722 3242 4782 occurrerentque
3265 4730 3401 4768 novo
3428 4718 3576 4785 prin-

2000 4794 2133 4862 cipi,
2175 4808 2371 4849 versus
2408 4795 2589 4849 sinum
2632 4794 3030 4852 Messeniaeum
3062 4811 3115 4853 et
3150 4801 3302 4856 illum
3342 4813 3571 4860 tractum

2000 4885 2338 4952 procedenti.
2372 4883 2503 4938 item
2539 4885 2839 4941 Bostitzam
2877 4888 3072 4944 Alexio
3104 4889 3327 4948 Lascari
3357 4899 3573 4951 nuntia.

2003 4987 2113 5028 tum
2139 4985 2248 5032 est.
2274 4975 2384 5031 Nos
2406 4977 2547 5032 viam
2576 4994 2682 5033 non
2708 4982 2852 5042 eam;
2888 4996 3010 5051 qua:
3045 4990 3195 5039 trans
3221 4974 3416 5041 Assum
3447 4990 3569 5054 fert,

1999 5072 2093 5126 sed
2132 5087 2252 5140 quae
2280 5081 2365 5125 est
2416 5090 2443 5124 a
2477 5073 2740 5136 sinistris.
2773 5076 3097 5144 tenuimus;
3129 5094 3195 5133 ac
3236 5082 3573 5138 mirabantur

1998 5181 2212 5232 ouines,
2260 5166 2839 5235 percontabanturqne
2891 5170 3146 5237 interse,
3184 5188 3421 5241 quonam
3469 5177 3573 5232 iter

1998 5256 2261 5312 facerent.
2293 5257 2408 5312 Sub
2441 5257 2779 5327 gallicinium
2805 5261 2870 5311 ad
2894 5262 3207 5317 condictum
3239 5265 3415 5319 locum
3448 5281 3570 5323 cum

2001 5361 2322 5418 perventum
2352 5362 2520 5416 esset,
2550 5352 2802 5407 homines
2828 5352 2901 5407 ibi
2930 5354 3053 5411 illos
3077 5355 3404 5413 invenimus.
3429 5362 3575 5426 Quos

1996 5456 2121 5494 cum
2176 5442 2367 5498 inanes
2418 5458 2539 5499 esse
2584 5446 3166 5512 animadvertereums,
3224 5462 3280 5503 et
3335 5453 3573 5519 polliceri

2000 5532 2206 5601 inania,
2243 5534 2553 5591 dimisimus
2599 5552 2715 5591 eos.
2753 5536 2913 5593 Mune
2939 5541 3338 5597 consultatione
3367 5546 3570 5612 habita,

1999 5641 2108 5695 quo
2142 5625 2288 5683 deIO
2318 5643 2456 5696 opus
2480 5639 2648 5696 esset,
2683 5641 2737 5683 et
2767 5633 3090 5696 constituto,
3124 5644 3182 5688 ut
3203 5635 3360 5690 miles
3389 5634 3458 5689 ad
3480 5652 3564 5699 ea-

1997 5721 2227 5787 piendos
2258 5721 2613 5779 suburbanos
2644 5733 2698 5777 et
2727 5733 3002 5795 quotquot
3032 5724 3147 5783 illic
3178 5727 3451 5784 domicilia
3480 5730 3570 5783 ba-

1997 5807 2193 5864 berent
2219 5808 2478 5869 Hebraeos
2507 5813 2870 5883 discurreret,
2898 5824 3025 5871 cum
3054 5814 3112 5873 id
3138 5830 3325 5875 muttis
3353 5827 3421 5875 de
3441 5806 3577 5873 eam
