3964 6434
460 347 562 406 749

1489 343 1936 405 CIIRONICON
1975 344 2340 404 MAJUS.--
2370 344 2514 406 LIB.
2561 345 2638 406 Ιῐ.

3602 346 3706 398 Ἶῠυ

449 469 528 518 ἐνι
565 464 652 535 (οὐ
673 467 780 537 γὰρ
824 468 1198 538 προενόμισαν
1229 465 1290 518 τὸ
1327 465 1512 535 τυχὸν)
1544 464 1874 518 ἀπέστειλαν
1927 463 2025 517 ἕνα
2051 469 2096 527 Α
2130 463 2235 516 νῶν
2269 463 2537 529 τοξεύσας
2561 464 2650 516 τὸν
2683 461 2779 515 τοῦ
2821 460 3086 515 δεσπότου
3128 460 3320 520 ἵππον,
3373 458 3430 520 ὃς
3464 457 3558 509 καὶ
3614 457 3708 509 εύ-

448 558 560 612 τῶν
585 559 869 628 ἀρχόντων
900 561 994 612 καὶ
1017 560 1116 612 ἕνα
1143 557 1431 613 κανονικὸν
1471 557 1706 628 Μάρκον
1757 555 2022 626 τοῦνομα,

454 654 597 719 μετά
647 669 794 714 τινος
859 651 1155 722 ἀνθρώπου
1223 651 1360 723 πρὸς
1389 651 1451 704 τὸ
1498 649 1876 719 μεταφράζειν
1933 651 2026 702 καὶ

449 745 633 801 ἄλλων
661 744 993 814 ἀνθρώπων,
1026 746 1177 809 ὅπως
1208 745 1423 815 μάθωσι
1457 745 1603 806 τίνες
1629 744 1678 797 οἱ
1719 743 2029 812 ἐπερχόμε-

449 854 534 891 νοι
558 838 654 890 καὶ
689 838 778 891 διὰ
803 838 874 894 τί.
927 838 1016 901 Ὠς
1047 833 1142 892 οὖν
1165 832 1306 892 εἶδον
1329 839 1502 908 ἡμᾶς,
1536 837 1634 890 καὶ
1685 834 1804 900 πῶς
1858 836 2027 905 ήμεῖς

451 931 728 1001 ζητοῦμεν
764 933 826 984 τὸ
851 933 1089 1002 κάστρον
1126 931 1161 1001 ἢ
1212 931 1353 999 μετὰ
1402 930 1682 1000 συνθήκης
1735 929 1769 999 ἢ
1826 928 1923 999 οἴῳ
1960 927 2028 998 δὴ

451 1025 644 1093 τρόπῳ
674 1023 1044 1092 δυνησὼμεθα
1100 1022 1511 1096 παραλάϐωμεν
1549 1023 1706 1087 αὐτὸ,
1765 1021 2027 1090 ἑπιστρέυ

449 1116 654 1183 ψαντες
713 1115 850 1182 μετά
913 1114 1154 1183 σπουδῆς
1201 1113 1474 1183 ἔκρουσαν
1554 1113 1654 1175 τὰς
1712 1110 2027 1179 σάλπιγγας

450 1207 546 1259 καὶ
613 1207 721 1259 πᾶν
773 1206 1012 1275 ὄργανον
1073 1206 1398 1276 πολεμικὸν,
1449 1204 1547 1258 καὶ
1604 1203 1767 1265 εὐθὺς
1819 1201 2024 1264 πάντες

447 1300 496 1351 οἱ
557 1298 710 1359 ἐντὸς
762 1297 857 1350 καὶ
915 1298 1075 1362 ἐκτὸς
1135 1298 1487 1368 συνήχθησαν
1553 1298 1632 1358 εἰς
1691 1294 1750 1347 τὺ
1803 1293 2029 1355 ὁπλίζε-

452 1390 600 1444 σθαι.
672 1388 868 1461 Ἡμεῖς
933 1391 992 1444 es
1061 1391 1153 1445 ἐπὶ
1210 1393 1310 1460 τὴν
1381 1388 1572 1461 αὔριον
1627 1386 1877 1458 ἤρξαμεν
1930 1387 2023 1441 τοῦ

449 1483 716 1551 πολέμου.

525 1581 589 1632 δ’.
635 1577 760 1632 Ἐπὶ
812 1575 912 1647 τὴν
967 1575 1159 1648 αὔριον
1189 1573 1283 1629 οὖν
1322 1576 1631 1646 τυχοῦσαή
1693 1576 1858 1647 ἑορτὴ
1914 1575 2024 1627 τῶν

450 1676 618 1746 βαῒων
646 1670 926 1741 ὲκόψαμεν
963 1669 1092 1737 βάῑα
1126 1669 1420 1739 μυρσίνης,
1446 1669 1544 1722 καὶ
1574 1670 1684 1722 πᾶν
1709 1669 1773 1720 τὸ
1794 1669 2026 1734 στρατό-

454 1769 614 1821 πεδον
645 1766 904 1832 φέροντες
934 1763 1100 1833 138
1133 1762 1310 1817 ταῦτα
1337 1763 1440 1817 ἀνὰ
1465 1765 1659 1834 χεῖρας
1691 1764 1788 1817 καὶ
1843 1762 2026 1815 ἐλθόν-

2133 552 2264 615 θέως
2307 554 2505 606 ἔπεσεν
2542 553 2632 605 ἐπὶ
2664 553 2762 622 τῆς
2792 552 2916 622 γῆς,
2955 554 3048 606 καὶ
3083 553 3388 621 δραμόντες
3432 551 3481 602 oi
3520 548 3707 618 ἐχθροὶ

2131 648 2217 699 ἵνα
2269 647 2676 699 ἀποκτείνωσιν
2705 644 2870 698 αὐτὸν
2901 646 2934 716 ἢ
2965 646 3258 709 πιάζωσιν,
3314 643 3550 713 εὑρέθην
3595 639 3707 708 ἐγὼ

2131 739 2250 790 ἐκεῖ
2278 737 2624 807 ὑπέρμαχος.
2690 729 2960 800 Κάκεῖνος
3012 739 3110 806 μὲν
3139 735 3276 789 Θεοῦ
3310 735 3536 806 βοηθείᾳ
3567 737 3707 814 ἀπο-

2131 831 2362 894 πλακεὶς
2385 831 2479 885 τοῦ
2511 831 2680 886 τππου
2715 833 2888 901 ἔφυγε
2921 831 3081 894 πεζός
3105 846 3120 862 ο
3154 831 3264 900 ἐγὼ
3295 831 3350 884 δὲ
3383 831 3504 882 κατ’
3527 828 3708 883 αὐτῶν

2133 925 2447 994 μαχόμενος
2497 924 2700 978 ὲπίασα
2761 925 2884 978 τινὰ
2941 925 3060 979 υἱὸν
3118 925 3492 994 Σαματέλλου,
3565 923 3707 978 Ἀλλ’

2130 1017 2280 1088 ἥμην
2309 1015 2524 1083 βαρέως
2556 1016 2993 1087 τραυματισθείς
3025 1019 3142 1088 ἅμα
3177 1019 3253 1087 τῷ
3287 1019 3462 1090 ῐππῳ,
3512 1019 3571 1081 ὃς
3615 1020 3709 1071 ού-

2130 1111 2248 1164 κέτι
2281 1111 2457 1180 ἴσχυε,
2501 1113 2595 1164 καὶ
2628 1111 2828 1164 ἔπεσεν
2857 1114 2884 1165 ὁ
2919 1111 3087 1176 ῖππος
3123 1113 3150 1163 ὁ
3188 1112 3432 1181 ἄριστος,
3470 1112 3528 1174 ὃς
3553 1113 3708 1184 παρὰ

2129 1201 2224 1255 τοῦ
2255 1204 2452 1272 ἀμηρᾶ
2478 1202 2634 1274 ἐδόθη
2663 1204 2742 1272 τῷ
2787 1205 2987 1274 Ἀσάνῃ
3034 1205 3290 1274 Ἰσαακίῳ
3317 1207 3482 1275 ἡνίκα
3509 1206 3709 1274 συνήνο

2127 1312 2292 1365 τησεν
2331 1296 2550 1366 ἐκείνῳ,
2578 1298 2673 1349 ὁδ’
2723 1299 2955 1368 ’Ᾱσὰνης
2989 1299 3068 1370 τῷ
3112 1301 3349 1370 γαμὸρῴ
3413 1301 3582 1354 αὐτοῦ
3630 1301 3708 1368 τῷ

2127 1386 2582 1458 Φιλανθρωπηνῷ
2617 1390 2904 1462 Γεωργίῳ,
2936 1394 3190 1457 κάκεῖνος
3435 1393 3514 1462 τῷ
3579 1394 3710 1447 ἑαυ-

2129 1477 2222 1532 τοῦ
2253 1479 2463 1549 ἀνεψιῷ
2494 1481 2571 1549 τῷ
2624 1483 2900 1552 Κομνηνῷ
2946 1485 3022 1554 τῷ
3071 1486 3165 1538 τοῦ
3220 1487 3709 1559 πρωτοστράτορος

2126 1572 2522 1637 Καντακουζοῧ
2557 1573 2814 1646 γαμϐρῷ,
2870 1577 2926 1630 ὃν
2975 1580 3249 1646 φεύγοντα
3295 1583 3429 1648 πρὸς
3461 1582 3707 1637 Γαλατᾶν

2130 1663 2348 1731 φθάσας
2379 1665 2405 1716 ὁ
2426 1663 2656 1732 ἀδελῳός
2685 1683 2793 1733 μου
2825 1669 2919 1720 καὶ
2948 1670 3176 1724 ἐπίασεν
3197 1673 3380 1736 αὑτὸν,
3414 1676 3510 1728 καὶ
3533 1673 3709 1736 οὕτως

2126 1757 2156 1808 ὁ
2183 1757 2414 1826 ἀδελφός
2450 1773 2554 1825 μου
2584 1758 2933 1830 εὐηργετήθη
2969 1761 3058 1814 τὸν
3096 1761 3265 1816 ἵππον
3298 1764 3576 1830 παρὰ-τοῦ
3612 1766 3708 1836 βα-

449 1875 540 1920 τες
575 1829 858 1925 ἔπεσαμεν
887 1829 1024 1924 πέρὶ
1049 1829 1151 1914 τὰς
1179 1852 1355 1916 πύλας
1389 1829 1790 1927 τοῖν-κόπρουΔ
1838 1852 1928 1914 Ὠς
1966 1850 2023 1904 δὲ
2057 1829 2099 1885 Β
2130 1847 2320 1910 σιλὲως
2347 1862 2361 1879 ο
2395 1847 2571 1916 ἔγωγε
2603 1849 2783 1904 λαϐὼν
2808 1829 2939 1922 παρθ
2969 1854 3181 1906 ἐκείνου
3206 1855 3296 1908 τὸν
3327 1829 3494 1909 ἵππον
3529 1829 3708 1927 ἀπῆλ-

448 1917 715 2018 ὲκείμεθα
752 1917 822 2015 τῇ
853 1917 1074 2009 κς¹ῄτοῦ
1105 1943 1274 1996 αὐτοῦ
1337 1944 1510 2014 μηνὸς
1565 1917 1817 2016 Μαρτθυ
1853 1945 2022 2013 .μετά

450 2041 549 2112 τὴν
582 2039 680 2093 τοῦ
749 2039 990 2110 μεγάλου
1049 2037 1331 2104 Σαβϐάτου
1378 2037 1707 2092 ἀκολουθίαν
1753 2039 1873 2108 ἦτοι
1925 2040 2023 2108 τήν

451 2133 603 2186 θείαν
647 2130 1066 2202 μυσταγωγίαν,
1111 2130 1511 2200 ἀριστήσαντες
1547 2128 1902 2200 καθεζόμεθα
1963 2132 2021 2184 ὲν

443 2229 509 2295 τῇ
532 2222 871 2296 παρεμϐολῇ
911 2223 1035 2293 ήτοι
1068 2225 1244 2294 σκηνῇ
1287 2222 1383 2276 τοῦ
1412 2223 1674 2277 αὐθέντου
1712 2224 1870 2294 ήμῶν
1897 2240 2024 2276 συν-

442 2317 767 2390 ομιλοῦντες
808 2317 942 2386 περὶ
973 2316 1208 2371 πολλῶν.
1276 2316 1408 2371 Ἰδοὺ
1458 2317 1614 2386 ἄφνω
1649 2318 1796 2382 τινὲς
1847 2318 2020 2386 ὀλίγοι

443 2409 675 2478 ἔφιπποι
701 2401 927 2478 ἐξῆλθον
953 2406 1056 2476 τῆς
1095 2406 1271 2476 πύλης
1297 2406 1398 2476 τῆς
1430 2407 1776 2478 καλουμένης
1801 2407 2023 2480 Ἒὸραῖ-

442 2499 616 2571 κῆςῆ
674 2499 773 2578 τοῦ
828 2498 1232 2566 Ζευγαλατείου
1278 2498 1445 2571 (οὕτω
1483 2499 1592 2570 γὰρ
1649 2501 2017 2570 ὠνομάζετο),

443 2596 542 2649 καὶ
566 2593 642 2656 ὡς
676 2593 981 2660 ἐφάνησαν,
1013 2593 1344 2661 διωχθέντες
1381 2591 1634 2662 εἰσῆλθον
1661 2592 1748 2646 διὰ
1787 2595 1888 2662 τῆς
1923 2593 2020 2646 τοῦ

444 2683 701 2754 αἰγιαλοῦ
761 2683 978 2753 πύληςο
1047 2684 1231 2736 ἐκεῖσε
1295 2683 1823 2746 κατασκευαστικῶς
1878 2675 2058 2753 ἦσαν’

445 2778 647 2835 πάντες
678 2775 729 2826 oi.
757 2773 852 2825 τοῦ
879 2774 1120 2845 κάπρου
1171 2775 1312 2842 μετά
1345 2775 1640 2846 τζαγκρῶν
1692 2777 1788 2830 καὶ
1846 2775 2021 2839 τόξων

447 2870 544 2920 καλ⁸
575 2865 877 2919 σκολόπων.
906 2867 1168 2936 Εὑρεθεὶς
1196 2864 1290 2922 οὖν
1319 2870 1350 2921 ὁ
1384 2868 1658 2939 δεσπότης
1692 2870 1850 2938 κάγὼ
1888 2886 2022 2939 προ-

451 2955 765 3019 ϐαδίξοντες
798 2957 902 3028 πρὸ
939 2959 1030 3011 τοῦ
1055 2959 1300 3028 διωγμοῦ
1342 2962 1452 3012 τῶν
1475 2963 1808 3030 είρημένων,
1844 2961 1933 3013 διὰ
1959 2960 2020 3013 τὸ

451 3048 576 3109 τοὺς
635 3048 836 3110 ἵππους
895 3049 1054 3120 ήμῶν
1137 3051 1435 3121 εὑρεθῆναι
1504 3054 1644 3104 κατὰ
1712 3053 2018 3122 συγκυρίαν

2126 1945 2218 1997 θον
2249 1945 2330 2006 εἰς
2355 1945 2794 2015 Πελοπόννησον.
2831 1946 3022 1999 Πεσὼν
3049 1945 3143 2000 οὖν
3169 1949 3195 1999 ὁ
3215 1947 3403 2013 ἵππος,
3433 1948 3706 2018 ὲπιάσθην

2125 2036 2354 2100 πολλαῖς
2393 2038 2640 2108 πληγαῖς
2681 2037 3097 2107 πεπληγμένος.
3155 2039 3265 2092 Καὶ
3319 2017 3706 2109 ἀπαγαγόντες

2125 2143 2194 2195 με
2244 2126 2530 2197 ἔμϐλησαν
2561 2129 2642 2190 είς
2691 2127 2782 2181 τὸν
2834 2129 3034 2196 γουλᾶν
3063 2130 3187 2200 ’ἦτοι
3238 2131 3330 2186 τὸν
3383 2132 3595 2202 πύργον
3643 2135 3705 2186 ἐν

2122 2219 2260 2288 οἴκῳ
2290 2220 2576 2290 σκοτεινῷ,
2607 2220 2736 2273 ἔνθα
2763 2217 2902 2293 ἦσαν
2936 2225 3271 2294 μύρμυγκες
3295 2225 3392 2277 καὶ
3427 2227 3704 2296 σιτόφθει-

2126 2328 2220 2381 ρες
2257 2314 2352 2366 καὶ
2383 2315 2520 2382 μύες
2549 2313 2639 2366 διὰ
2662 2313 2721 2366 τὸ
2745 2308 2886 2368 εἷναί
2915 2331 3049 2368 ποτε
3081 2317 3230 2370 σίτου
3264 2317 3518 2389 ἀποθήκη
3551 2336 3565 2350 ·
3606 2321 3703 2372 καὶ

2123 2404 2451 2474 χειροπέδας
2489 2406 2713 2474 adﬁgit;
2742 2407 3079 2478 περιέθηκαν
3117 2412 3232 2472 τοῖς
3271 2413 3394 2463 ποσί
3449 2430 3552 2477 μου
3606 2415 3702 2466 καὶ

2124 2495 2322 2566 σειρὰν
2383 2497 2506 2549 λίαν
2575 2499 2890 2569 βαρυτάτην
2943 2501 3038 2554 καὶ
3104 2503 3337 2573 στερεὰν
3377 2504 3518 2573 μετά
3577 2507 3704 2558 σκό-

2119 2589 2285 2652 λοπος
2340 2589 2579 2659 μεγάλου
2636 2593 2778 2645 κατά
2831 2593 2935 2662 γῆς
2999 2594 3352 2664 πεπηγότος*
3412 2595 3584 2668 ἔνθα,
3605 2614 3705 2650 κα-

2121 2682 2235 2744 κῶς
2305 2684 2624 2752 ὲκοιτώμην
2678 2687 2734 2739 ὲν
2784 2687 2850 2755 τῇ
2907 2686 3135 2759 τοιαύτῃ
3187 2691 3424 2761 φρουρᾷ,
3483 2691 3700 2761 πικρῶς

2120 2773 2402 2841 διαγαγὼν
2437 2775 2544 2827 ἀπό
2582 2793 2635 2828 τε
2696 2777 2805 2828 τῶν
2831 2777 3058 2845 πληγῶν
3084 2780 3180 2831 καὶ
3210 2779 3319 2833 τῶν
3349 2779 3567 2851 δεσμῶν
3603 2785 3700 2836 καὶ

2119 2864 2448 2931 τῶνᾶλλων,
2484 2869 2557 2930 ὡς
2588 2868 2909 2950 δεδήλωται,
2950 2869 2985 2924 ἃ
3045 2871 3299 2943 ὑπῆρχον
3353 2875 3412 2926 ὲν
3458 2875 3588 2945 τῇδε
3631 2879 3697 2947 τῇ

2123 2957 2358 3027 φρουρᾷ-
2743 2957 2745 2959 ’

2191 3047 2254 3104 ε’.
2297 3039 2648 3104 Ἐνταῦθαιδὲ
2677 3053 2783 3123 χρὴ
2820 3055 3194 3126 διηγήσασθαι
3236 3057 3394 3129 ἡμᾶς
3424 3060 3518 3113 καὶ
3568 3061 3702 3130 περὶ

453 3141 890 3246 ήτοιμασμένους
919 3143 1150 3212 πλησίον
1180 3145 1280 3214 τῆς
1301 3144 1543 3215 γεφύρας
1587 3145 1691 3216 τῆς
1746 3145 1864 3198 ὁδοῦ
1915 3146 2016 3216 τῆς
2044 3186 2089 3246 C
2122 3139 2226 3210 τῆς
2261 3143 2566 3213 όσιωτάτης
2599 3144 2910 3216 Θωμαῗδος.
2935 3148 3085 3220 Αὕτη
3108 3151 3177 3202 ἐκ
3196 3150 3390 3219 γένους
3421 3151 3698 3223 χρησίμου

446 3229 765 3304 ἁπαγούσης
799 3233 878 3296 είς
906 3233 996 3287 τὸν
1021 3234 1179 3304 ἅγιον
1208 3236 1493 3308 ’Δνδρέαν,
1529 3236 1615 3302 τὶς
1655 3236 1765 3291 τῶν
1796 3237 2016 3310 Πατρηα

443 3413 522 3470 sis
553 3411 905 3470 commodum
959 3426 1082 3470 esse
1119 3413 1420 3482 videretur.
1460 3427 1593 3469 ecce
1622 3412 1880 3483 oppidani
1918 3425 2017 3468 nos

442 3503 710 3570 videntes,
758 3511 813 3558 et
845 3503 978 3573 quid
1031 3505 1135 3559 hoc
1164 3505 1242 3559 rei
1287 3515 1440 3558 esset
1471 3505 1621 3559 dubii
1670 3502 1841 3575 (nihil
1869 3504 2014 3557 enim

443 3593 749 3661 huiusmodi
791 3594 1045 3662 opinione
1092 3593 1512 3662 prmceperaut),
1559 3608 1722 3646 unum
1757 3608 1787 3646 e
1819 3594 2018 3662 magis-

445 3689 696 3751 tratibus,
729 3696 783 3740 et
811 3687 1134 3740 canonicqu
1159 3689 1473 3754 quemdam,
1501 3684 1737 3738 Marcum
1770 3684 2010 3748 nomine,

440 3795 562 3834 cum
597 3779 705 3833 alio
736 3777 973 3847 quodam
1005 3778 1225 3831 nomine
1253 3790 1319 3830 ex
1350 3777 1473 3830 aliis
1505 3785 1881 3844 percontatum
1907 3774 2014 3826 mi-

432 3883 650 3936 serunt,
679 3872 770 3942 qui
802 3881 984 3926 essent
1008 3870 1098 3940 qui
1130 3868 1378 3924 venirent
1404 3879 1458 3922 et
1484 3883 1644 3938 quam
1675 3868 1744 3922 ob
1768 3882 2011 3920 causam.

439 3965 540 4032 Qui
573 3975 858 4034 postquam
892 3980 994 4020 nos
1026 3971 1366 4033 agnoverunt
1389 3960 1755 4030 Oppidumque
1790 3975 1818 4012 a
1854 3959 2012 4012 nobis

438 4061 607 4128 quaeri
636 4062 750 4114 sive
779 4057 1053 4127 pactione,
1080 4057 1196 4111 sive
1227 4067 1550 4124 quocunque
1583 4052 1692 4108 alio
1720 4053 1904 4116 modo,
1932 4053 2015 4106 in-

442 4149 791 4214 tellexernnt,
844 4147 1177 4203 festinanter
1221 4147 1451 4210 reversi,
1499 4145 1639 4200 tubis
1687 4153 1741 4199 et
1791 4145 2013 4214 reliquis

439 4239 820 4294 instrumentis
871 4237 1082 4294 bellicis
1112 4238 1181 4295 ad
1228 4253 1380 4293 arma
1426 4245 1647 4298 vocant,
1697 4245 1750 4291 et
1805 4235 2011 4300 cuncti,

441 4332 638 4401 quique
677 4332 839 4395 intra,
874 4331 1075 4400 quique
1121 4320 1275 4384 extra
1314 4329 1516 4382 moenia
1565 4335 1747 4393 erant,
1799 4327 1866 4381 ad
1903 4327 2011 4381 vim

440 4423 725 4477 arcendam
774 4432 1134 4478 concurrunt.
1175 4423 1288 4478 Nos
1337 4420 1585 4491 sequenti
1629 4419 1756 4475 luce
1801 4419 2005 4474 bellum

437 4516 548 4569 orsi
573 4529 786 4568 sumus.

504 4607 561 4660 4.
589 4605 858 4661 Postridie
887 4605 1075 4676 igitur,
1109 4606 1368 4675 quoniam
1396 4607 1700 4676 palmarum
1729 4605 1844 4660 dies
1865 4613 2003 4670 erat,

435 4714 616 4753 ramos
649 4696 811 4768 myrti
846 4699 1274 4768 amputavimus,
1326 4713 1464 4767 quos
1503 4697 1756 4754 manibus
1788 4709 2009 4768 gestans

439 4803 579 4845 totus
614 4790 890 4844 exercitus
929 4801 1116 4858 portas
1150 4789 1314 4844 castri
1347 4790 1576 4844 adortus
1610 4801 1713 4843 est.
1739 4789 2005 4858 Ejusdem

440 4884 638 4935 mensis
667 4879 841 4934 Martii
869 4881 958 4934 die
985 4880 1076 4944 26,
1101 4895 1221 4934 cum
1246 4887 1368 4948 post
1391 4879 1629 4934 olIieium
1663 4880 1841 4949 magni
1869 4879 2008 4933 Sab-

437 4974 544 5024 huti
578 4973 689 5024 sive
723 4969 966 5024 divinam
1000 4970 1386 5033 iuitiatiouem,
1423 4984 1452 5022 a
1487 4971 1715 5039 prandio
1743 4971 1796 5023 in
1827 4978 2006 5034 tento-

436 5064 517 5117 riu
547 5064 749 5116 domini
788 5062 962 5116 nostri
987 5062 1430 5116 consedissemus
1456 5072 1512 5115 et
1546 5062 1726 5115 varios
1755 5063 2009 5118 miseere-

438 5171 555 5208 mus
582 5168 892 5220 sermones,
917 5162 1141 5222 repente
1179 5151 1385 5220 aliquot
1407 5153 1621 5221 equites
1642 5168 1739 5223 per
1767 5164 2004 5222 portam,

433 5247 519 5300 cui
572 5259 768 5298 nomen
801 5254 884 5300 est
930 5243 1209 5301 llebraieze
1239 5243 1322 5296 vel
1370 5243 1668 5313 Zeugaiatii
1714 5245 1813 5313 (ita
1858 5245 2003 5298 enim

433 5339 762 5406 appellatur)
804 5346 1203 5406 prorumpunt;
1238 5338 1355 5400 sed,
1408 5337 1500 5391 ubi
1551 5345 2004 5406 comparuerunt,

434 5445 556 5483 mox
582 5430 806 5498 repulsi,
834 5444 927 5497 per
954 5440 1165 5498 portam
1192 5431 1352 5482 littori
1381 5431 1681 5498 oppositam
1705 5429 2003 5498 refugiunt.

431 5520 506 5574 lbi
540 5536 732 5576 omnes
763 5521 975 5585 incolae,
1007 5521 1232 5587 labaris,
1269 5523 1502 5576 arcubus
1532 5532 1588 5576 et
1621 5521 1755 5590 palis
1783 5523 2001 5588 armati,

431 5612 682 5667 aderant.
724 5611 844 5667 Jam
899 5630 1020 5668 cunt
1069 5615 1296 5684 dcspom
1322 5626 1384 5668 et
1427 5625 1548 5681 ego,
1601 5625 1892 5684 antequam
1926 5614 2004 5670 illi

432 5718 530 5758 nos
553 5715 1031 5775 persequerentur,
1059 5706 1197 5773 fuga:
1232 5723 1328 5761 nos
1347 5703 1841 5771 conuunisissettttts,
1874 5708 2001 5776 quia

428 5809 566 5879 equi
590 5797 761 5854 nostri
788 5797 936 5868 iuxta
973 5809 1185 5868 portam
1223 5799 1345 5862 vim,
1375 5816 1494 5870 qua:
1536 5804 1601 5854 ad
1634 5798 1690 5852 S.
1726 5798 2000 5854 Artdream

2118 3233 2369 3305 ὑπῆρχεν
2405 3234 2464 3288 ὲν
2491 3238 2555 3307 τῇ
2603 3237 2837 3310 ἀνατολῇ
2878 3239 2976 3310 τῆς
3024 3240 3250 3306 Ἀσίας·
3306 3243 3404 3298 καὶ
3448 3245 3704 3316 ἀπορφα-

2121 3416 2291 3480 dueil,
2335 3415 2479 3473 forte
2527 3402 2704 3486 parati
2754 3433 2935 3485 erant,
2996 3431 3051 3477 et
3087 3437 3116 3476 a
3163 3421 3413 3480 Patrensi
3460 3429 3694 3497 quodam

2120 3524 2290 3580 equus
2315 3510 2657 3567 Constantini
2694 3516 2892 3582 sagitta
2925 3516 3208 3584 perfossus
3237 3527 3404 3585 esset,
3432 3524 3694 3576 ut'statim

2123 3601 2486 3656 cullaherctur
2525 3604 2698 3668 humi,
2729 3605 3150 3661 Constantinum
3181 3609 3249 3663 ah
3283 3610 3696 3679 insequentibus

2124 3693 2398 3754 hostibus,
2429 3695 2520 3763 qui
2558 3705 2651 3748 aut
2683 3711 2880 3764 capere
2912 3706 3002 3750 aut
3030 3701 3285 3755 occidere
3313 3717 3433 3756 eum
3467 3705 3692 3772 Vellent,

2120 3799 2223 3854 ego
2255 3784 2494 3839 defendi.
2530 3784 2716 3855 Itaque
2743 3787 2927 3841 divino
2962 3790 3170 3843 auxilio
3201 3790 3292 3846 ille
3324 3779 3696 3863 rex'equuex-

2119 3875 2356 3941 peditus,
2395 3874 2555 3942 pedes
2609 3891 2668 3928 se
2707 3876 2773 3930 iis
2821 3876 3126 3945 subtraxit;
3164 3894 3266 3949 ego
3303 3884 3561 3938 adversus
3597 3886 3696 3940 ho-

2118 3977 2232 4021 stes
2266 3967 2574 4029 decertans,
2609 3965 2780 4019 tilium
2805 3969 3096 4035 quemdam
3131 3968 3409 4028 Sumat-eiii
3436 3978 3574 4044 cepi,
3599 3982 3694 4034 sed

2118 4063 2173 4106 et
2207 4052 2324 4122 ipse
2352 4053 2593 4120 graviter
2623 4053 2946 4110 vulneratus
2991 4073 3109 4112 sum
3152 4074 3272 4114 cum
3302 4077 3440 4131 equo
3469 4079 3696 4134 genero-

2118 4145 2359 4210 sissimo,
2410 4145 2503 4214 qui
2561 4161 2683 4199 mox
2737 4144 2950 4208 deiectu
3006 4149 3199 4205 virium
3253 4156 3510 4211 concidit.
3551 4159 3690 4213 Eum

2116 4251 2315 4304 equum
2343 4239 2565 4292 dederat
2587 4251 2801 4293 ameras
2821 4237 3027 4294 Isaacio
3047 4241 3236 4303 Asani,
3257 4245 3321 4297 ad
3343 4260 3402 4299 se
3427 4249 3690 4315 profer-to,

2115 4326 2327 4382 Asanes
2355 4327 2591 4398 Georgio
2616 4326 3102 4401 Philanthropeno,
3146 4350 3346 4404 genero
3369 4352 3490 4404 suo,
3528 4348 3692 4412 atque

2117 4419 2207 4474 hic
2247 4435 2439 4475 rursus
2465 4419 2744 4476 Conmcno
2771 4424 3128 4492 consobrino,
3163 4427 3532 4486 Caulacuzeni
3564 4451 3694 4502 pru-

2034 4535 2090 4596 D
2118 4509 2427 4565 tostratoris
2465 4521 2683 4578 genere,
2712 4527 2874 4580 quem
2911 4513 3157 4569 Gaiatam
3185 4515 3482 4586 fugientem
3519 4521 3697 4578 fmlcl‘

2117 4617 2267 4656 meus
2295 4603 2730 4671 comprehendit.
2760 4603 2809 4657 Is
2844 4619 3044 4674 equum
3070 4605 3214 4660 dono
3256 4612 3464 4678 accepit
3491 4611 3558 4666 ab
3587 4616 3690 4669 im-

2113 4701 2389 4773 peratore,
2428 4703 2594 4764 atque
2643 4707 2742 4762 ego
2791 4697 2986 4750 eodem
3025 4711 3051 4747 a
3106 4695 3278 4752 fratre
3327 4700 3579 4770 donatus,
3629 4706 3680 4760 in

2111 4788 2544 4860 Peloponnesum
2595 4805 2719 4844 eum
2754 4790 2979 4846 abduxi.
3023 4791 3286 4862 Collapso
3328 4794 3491 4863 igitur
3517 4815 3680 4869 equo,

2112 4879 2227 4946 ipse
2250 4881 2435 4935 multis
2460 4880 2974 4953 plagis‘percussus,
3000 4882 3054 4935 in
3087 4891 3408 4951 potestatem
3434 4888 3675 4944 hostium

2111 4971 2257 5037 veni,
2295 4965 2388 5040 qui
2441 4971 2733 5026 abductum
2771 4987 2856 5027 me
2906 4972 2958 5025 in
2999 4987 3278 5027 carcerem
3329 4975 3442 5031 sive
3483 4981 3678 5035 turrim

2109 5061 2327 5116 aedilicii
2359 5062 2639 5116 tenebrosi
2697 5062 3070 5133 coniecerunt,
3110 5063 3378 5124 formicis.
3411 5073 3682 5128 curculio-

2111 5150 2269 5206 nibus
2299 5159 2355 5206 et
2389 5155 2638 5206 muribus
2670 5162 2994 5216 Scatentem,
3025 5155 3225 5224 quippe
3252 5162 3384 5226 'quaa
3409 5165 3676 5227 quondam

2113 5241 2307 5297 fuisset
2333 5243 2667 5312 granarium.
2710 5242 2938 5298 Brachia
2971 5254 3024 5298 et
3059 5247 3222 5313 pedes
3249 5247 3482 5306 vinculis
3508 5265 3563 5308 et
3589 5247 3681 5309 ea?

2113 5345 2234 5390 tena
2269 5335 2418 5405 gravi
2450 5345 2505 5388 et
2543 5335 2719 5389 solida
2765 5336 2830 5389 ad
2885 5337 3066 5405 palum
3122 5353 3384 5407 maguum
3438 5343 3491 5398 in
3536 5355 3680 5402 terra

2111 5427 2342 5483 defixum
2379 5429 2845 5482 constrinxerunt.
2882 5429 3020 5485 Male
3049 5432 3100 5484 in
3134 5448 3197 5488 ea
3232 5436 3480 5490 custodia
3512 5433 3681 5494 cuba;

2108 5523 2233 5577 bam
2279 5530 2500 5591 preptcr
2538 5521 2743 5591 plagas,
2784 5523 3022 5591 vincula,
3065 5536 3119 5580 et
3168 5525 3402 5597 reliqua,
3443 5545 3564 5599 quae
3605 5531 3679 5590 ibi

2111 5613 2276 5668 fuisse
2303 5613 2642 5674 incommoda
2673 5617 2999 5683 significavi.

2179 5705 2234 5759 Ξ).
2277 5703 2374 5759 llic
2401 5705 2505 5758 loci
2537 5707 2605 5760 de
2633 5709 2984 5764 sanctissima
3012 5709 3313 5768 Thomaide
3344 5721 3678 5770 narrandum

2113 5797 2269 5853 nobis
2290 5805 2392 5853 est.
2421 5796 2496 5852 Ex
2517 5798 2741 5856 honesta
2770 5800 2972 5868 familia
2997 5802 3235 5858 Orientis
3265 5804 3316 5857 in
3339 5805 3464 5860 Asia
3491 5822 3684 5878 proge-
