3964 6430
308 396 417 470 ,751
506 438 515 442 -

1555 381 1881 444 GEORGll
1930 374 2353 440 PHRANTZE

3460 362 3567 428 752

313 508 596 562 νισθεῖσαν
623 506 673 559 οί
731 505 932 572 ἑαυτῆς
968 502 1260 572 συγγενεῖς
1312 502 1522 571 ἡγαγον
1587 498 1761 563 αὐτὴν
1807 495 1887 557 εἰς
1920 502 1962 555 Α
1994 496 2058 563 τῇ
2084 492 2294 562 Λήμνῳ
2328 492 2356 543 ὁ
2391 488 2611 550 πάππος
2649 504 2753 555 μου
2795 486 3091 555 εὑρίσκετο
3126 484 3266 555 μετὰ
3323 481 3423 554 τῆς
3473 500 3570 550 γυ·
3608 538 3618 551 γ

312 596 917 661 Κωνσταντινούπολιν,
968 595 1062 648 καὶ
1092 593 1306 648 ἔδωκαν
1361 592 1534 660 αὐτὴν
1570 591 1636 658 τῇ
1686 587 1891 654 ἀδελφῇ

308 690 420 749 τῶν
445 690 613 759 τριῶν
651 687 959 758 ἀρχιερέων
989 688 1087 739 καὶ
1145 685 1399 752 ἀδελφῶν
1465 682 1560 735 καὶ
1619 679 1894 750 βασιλέων

316 783 414 836 καὶ
445 783 617 853 μητρὶ
650 780 745 834 τοῦ
784 780 1104 850 σοφωτάτου
1150 777 1443 832 Καὸασίλα
1468 773 1769 834 Νικολάου,
1799 770 1897 823 καὶ

313 872 459 946 εἶχεν
495 875 669 944 αὐτὴν
705 874 803 927 καὶ
858 871 1138 926 ἐπαίδευε.
1183 869 1294 922 Καὶ
1344 867 1487 938 μετά
1536 883 1663 921 τινα
1700 863 1894 934 καιρὸν

315 967 563 1037 ἀπῆλθεν
591 968 672 1030 είς
701 963 1118 1034 Θεσσαλονίκην
1153 962 1242 1016 διὰ
1282 960 1345 1015 τδ
1375 963 1556 1015 ἐκεῖσε
1608 955 1748 1013 εἶναι
1802 958 1896 1011 τὸν

315 1061 550 1129 ἀδελφὸν
606 1060 780 1128 αὐτῆς
838 1058 1160 1112 Κασάσιλαν
1217 1054 1380 1127 ιω
1441 1055 1731 1126 ἀρχιερέα,
1804 1050 1900 1106 καὶ

319 1150 540 1222 ᾤκησεν
576 1152 657 1214 είς
681 1149 781 1222 τὴν
814 1151 987 1220 μονὴν
1010 1153 1109 1219 τῆς
1141 1150 1306 1217 ἁγίας
1325 1144 1611 1218 Θεοδὼρας
1643 1143 1899 1215 μετάτῆς

321 1244 781 1310 Παλαιολογίνης,
814 1242 1076 1312 ἐναρέτου
1106 1241 1203 1295 καὶ
1235 1238 1426 1307 λογίας
1465 1236 1745 1306 γυναικὸς,
1770 1232 1903 1304 περὶ

319 1332 388 1409 ἧς
422 1338 683 1400 πολλάκις
713 1336 944 1400 πολλοὺς
973 1336 1183 1407 ηκουσα
1207 1335 1364 1405 παρὰ
1390 1330 1485 1387 τοῦ
1524 1332 1778 1399 ἀοιδίμου
1803 1331 1903 1402 βα-

327 1428 521 1490 σιλέως
561 1429 667 1497 κὺρ
724 1427 989 1493 Μανουὴλ
1023 1425 1307 1493 ἐπαίνους,
1342 1424 1439 1478 καὶ
1468 1421 1704 1485 πολλοὺς
1741 1419 1905 1476 κανό-

323 1540 418 1582 νας
442 1518 522 1583 είς
548 1537 608 1572 τε
638 1521 730 1572 τὸν
774 1518 930 1586 ἆγιον
968 1519 1284 1588 Δημήτριον
1322 1516 1419 1569 καὶ
1482 1514 1644 1582 ἁγίαν
1694 1513 1904 1568 Θεοδώ-

330 1632 437 1680 ρανη
462 1613 560 1666 καὶ
604 1612 687 1674 είς
746 1610 941 1673 ἄλλους
976 1610 1167 1678 ἁγίους
1218 1610 1504 1677 ἀνέγνωσα
1544 1607 1657 1676 ἐγὼ
1692 1607 1906 1675 ἐκείνης

326 1705 616 1773 ποιήματα
638 1720 650 1733 ’
688 1701 744 1755 αἳ
775 1698 920 1771 εἶχον
957 1702 1056 1754 σὺν
1091 1702 1285 1763 αὐταῖς
1338 1703 1435 1755 καὶ
1462 1702 1562 1773 τὴν
1596 1700 1763 1768 ἁγίαν
1782 1701 1905 1754 Θω-

330 1782 644 1865 μάῖδα,’κιι“ι
672 1794 964 1847 ἐπαίδευον
993 1793 1074 1858 εἴς
1093 1810 1153 1847 τε
1193 1795 1296 1863 τὴν
1326 1793 1536 1865 ἀρετὴν
1562 1818 1567 1827 ’
1590 1793 1685 1847 καὶ
1714 1792 1899 1861 λόγον.

246 1888 251 1897 ’
343 1887 508 1950 Ὠςδέ
531 1882 662 1958 ἦλθε
690 1886 751 1938 τὸ
782 1885 937 1947 τέλος
971 1884 1177 1953 αὐτῶν,
1209 1884 1508 1937 κατέλιπον
1542 1884 1680 1954 αὐτῇ
1722 1883 1905 1937 πάντα

326 1982 395 2033 τὰ
429 1980 635 2043 αὑτῶν,
666 1977 800 2030 ἀλλὰ
829 1975 895 2041 δὴ
918 1974 1016 2030 καὶ
1046 1976 1146 2044 τὴν
1165 1974 1260 2029 τοῦ
1291 1973 1613 2045 Κυπριανοῦ
1644 1976 1903 2044 γυναῖκα,

327 2074 450 2144 ἣτις
483 2072 921 2141 ἀγανακτήσασα
974 2069 1038 2123 τδ
1071 2068 1312 2138 σκληρὸν
1350 2067 1448 2121 τοῦ
1481 2068 1678 2137 ἀνδρὸς
1731 2067 1904 2135 αὐτῆς

326 2171 420 2219 καὶ
447 2163 764 2219 ἀπελθοῦσα
798 2164 936 2234 πρὸς
996 2162 1096 2226 τὰς
1158 2163 1419 2232 ῥηθείσας
1457 2162 1627 2230 μονὰς
1693 2158 1906 2232 μοναχῆ

325 2261 571 2329 ἐγένετο,
630 2256 758 2310 ἐπεὶ
808 2256 865 2310 δὲ
900 2256 962 2310 τὸ
1025 2255 1180 2319 τέλος
1231 2256 1418 2308 αὐτῶν
1458 2255 1698 2322 ἐγένετο,
1740 2253 1906 2307 πάλιν

325 2353 577 2422 ὑπετάγη
609 2354 676 2421 τῇ
704 2350 931 2404 ἐκείνων
963 2349 1292 2422 κληρονόμῳ
1323 2348 1424 2402 καί⁷
1463 2346 1558 2400 τοῦ
1592 2347 1735 2417 βίου,
1756 2348 1907 2411 ὅπως

322 2446 529 2517 δήποτε
561 2446 656 2498 καί
686 2445 809 2505 ταῖς
842 2442 1067 2513 ἀρεταῖς
1097 2441 1386 2516 ὑπετάγηἸ
1436 2439 1531 2492 καὶ
1579 2437 1762 2503 καλῶς
1793 2436 1909 2508 διή-

324 2554 458 2591 νυσε
485 2536 578 2590 τὸν
611 2534 1029 2604 τῆςύποταγῆς
1080 2534 1282 2603 δρόμον
1333 2531 1497 2603 μέχρι
1529 2530 1787 2585 θανάτου.
1836 2528 1908 2584 Ἦ

304 2616 647 2699 Κυπριανοῦ
683 2629 830 2696 λέγω
885 2629 1023 2697 γυνὴ
1054 2622 1124 2698 ἦν
1160 2625 1304 2696 αὕτη
1364 2624 1462 2678 τού
1521 2624 1772 2688 ἐλθόντος
1822 2626 1907 2688 είς

323 2719 910 2774 Κωνσταντινούπολιν
940 2718 1037 2771 καὶ
1097 2717 1198 2787 τὴν
1256 2719 1426 2788 μονὴν
1479 2716 1767 2779 κτίσαντος
1809 2714 1909 2787 τὴν

323 2811 406 2872 είς
467 2809 642 2879 ὄνομα
689 2809 801 2862 τῶν
864 2807 1044 2877 ἁγίων
1105 2805 1335 2873 ἐνδόξων
1396 2805 1909 2877 μεγαλομαρτύρων

323 2901 645 2974 Θεοδώρων,
683 2901 1169 2972 ἐπονομαζομένην
1202 2900 1295 2954 τοῦ
1325 2896 1678 2971 Κυπριανοῦ.
1711 2897 1832 2952 Τῶν
1849 2898 1908 2953 δὲ

322 2996 543 3051 ἁσεὸὡν
564 2995 666 3066 τὴν
696 2995 1106 3065 Θεσσαλονίκην
1150 2993 1586 3063 παραλαϐόντων
1617 2991 1909 3059 ἐξελθοῦσα

324 3090 359 3157 ἡ
396 3088 519 3141 ὁσία
548 3085 777 3159 Θωμαῒς
807 3087 963 3158 ,μετὰ
1003 3086 1104 3156 τῆς
1145 3085 1524 3154 ύποτακτικῆς
1579 3082 1754 3152 αὐτῆς
1806 3082 1909 3152 τῆς

325 3178 647 3248 Κυπριανοῦ
677 3179 945 3248 γυναικὸς
992 3172 1242 3249 ἀπῆλθεν
1274 3180 1354 3239 εἰς
1381 3179 1625 3248 Λῆμνον,
1655 3176 1741 3230 ἵνα
1761 3176 1906 3228 ἐκεῖο
1931 3208 1976 3272 C

326 3273 420 3325 θεν
450 3273 615 3326 πάλιν
639 3274 719 3334 είς
742 3274 848 3341 τὴν
876 3271 1291 3326 Κωνσταντίνου
1361 3268 1654 3340 ἐπανέλθῃ.
1707 3268 1800 3322 Ἐν
1849 3267 1907 3320 δὲ

324 3463 514 3509 nerata
567 3460 707 3507 erat.
758 3450 1090 3507 Parentibus
1135 3451 1383 3508 orbatam
1432 3452 1651 3523 cognati
1694 3452 1901 3523 Cpolim

325 3548 721 3616 perduxerunt,
756 3555 813 3600 et
841 3544 1020 3598 sorori
1062 3544 1230 3598 trium
1264 3543 1808 3615 archiepiscoporum
1842 3558 1908 3600 ac

322 3638 558 3691 fratrum
608 3646 663 3691 et
697 3638 1110 3706 imperatorum,
1167 3636 1329 3690 matri
1379 3636 1771 3703 sapientissimi
1801 3638 1903 3692 viri

322 3730 534 3784 Nicolai
582 3728 879 3793 Gabasitsr,
927 3727 1296 3789 tradiderunt,
1340 3744 1367 3781 a
1420 3744 1527 3797 qua
1565 3728 1800 3783 educata
1850 3738 1904 3784 et

325 3824 575 3878 instituta
608 3832 715 3878 est.
742 3821 838 3887 Ea,
879 3821 1169 3890 interjecto
1199 3822 1383 3889 aliquo
1429 3832 1696 3890 tempore,
1730 3815 1904 3877 Thes-

325 3917 622 3970 salonicam
653 3915 808 3978 abiit,
842 3915 896 3968 in
934 3931 1036 3982 qua
1062 3914 1202 3969 urbe
1232 3912 1537 3980 Caltasilas,
1582 3915 1756 3985 ipsius
1794 3914 1902 3968 fra-

328 4019 431 4069 ter,
488 4015 637 4060 esset
684 4004 1164 4076 archiepiscopus,
1217 4005 1535 4076 abdiditque
1586 4021 1646 4061 se
1694 4006 1747 4060 in
1787 4021 1904 4060 mo-

326 4097 623 4152 nasterium
663 4096 879 4151 Sancta:
906 4095 1209 4152 Tlteodora:
1242 4112 1365 4152 cum
1406 4098 1788 4170 Palteologina,
1822 4098 1906 4154 fe-

327 4191 472 4244 mina
506 4190 725 4243 virtutis
748 4200 803 4243 et
827 4188 1134 4244 litterarum
1165 4189 1430 4254 studiosa,
1461 4191 1619 4259 cujus
1643 4205 1743 4256 ego
1766 4189 1909 4245 mul-

324 4291 412 4336 tas
451 4296 594 4351 saepe
629 4281 817 4336 laudes
854 4297 887 4336 e
922 4283 1232 4336 venerando
1260 4283 1621 4351 imperature,
1657 4281 1906 4337 Manuele

326 4374 572 4437 demitto,
602 4374 808 4438 audivi,
843 4382 900 4426 ct
922 4372 1159 4440 hymnos
1192 4390 1302 4428 non
1333 4388 1537 4443 paucos
1562 4375 1616 4427 in
1651 4384 1903 4431 sanctum

331 4454 667 4521 Demetrium
702 4476 756 4522 et
787 4476 1036 4523 sanctam
1061 4467 1480 4523 Tlteodoramet
1518 4467 1655 4522 alios
1683 4477 1906 4524 sanctos

1999 582 2187 644 ναικὸς
2224 579 2391 633 αὑτοῦ
2425 580 2516 632 καὶ
2544 578 2776 632 τέκνων.
2824 576 2889 630 Ἢ
2920 577 3015 630 οὖν
3045 573 3243 647 πρώτη
3266 578 3375 627 τῶν
3403 573 3568 629 αὑτοῦ

2001 671 2321 739 θυγατέρων
2353 669 2536 722 ἰδοῦσα
2564 667 2664 736 τὴν
2699 665 2853 720 ὁσίαν
2879 665 2973 718 καὶ
3012 666 3111 737 τὴν
3167 664 3338 730 αὐτῆς
3369 664 3573 733 ἀρετὴν

2001 761 2097 814 καὶ
2125 761 2216 814 τὸν
2254 758 2414 827 λόγον
2448 757 2783 825 ἐγκατέλιπε
2811 757 2994 825 γονεῖς
3048 756 3142 808 καὶ
3173 754 3437 823 ἀδελφοὺς
3480 757 3572 808 xui.

2205 850 2445 919 ἀδελφὰς
2473 849 2568 905 καὶ
2591 848 2651 902 ὃν
2684 848 3103 919 ἐμνηστεύσατο
3143 847 3224 910 είς
3252 845 3421 914 ἄνδρα
3458 847 3572 915 ἅμα

2002 947 2114 1008 τοῖς
2144 946 2327 1008 παισὶ,
2360 944 2456 996 καὶ
2479 939 2799 996 ἀπελθοῦσα
2846 943 2926 1004 είς
2959 941 3358 1010 Θεσσαλονίκην
3389 938 3574 1006 γέγονε

2008 1036 2242 1107 μοναχὴ,
2289 1037 2387 1089 καὶ
2413 1037 2471 1089 ἐν
2500 1034 2756 1104 ύπόταγῇ
2789 1033 2964 1100 αὐτῆς
3012 1030 3078 1101 δὴ
3140 1030 3241 1099 τῆς
3287 1031 3443 1092 ὁσίας
3475 1032 3577 1082 κά-

2005 1128 2156 1180 κεῖσε
2191 1126 2560 1197 ἁπομείνασα.
2592 1125 2863 1181 Κάκεῖθεν
2899 1123 2958 1177 δὲ
2984 1120 3300 1190 ἐξελθοῦσαι
3330 1122 3391 1173 al
3430 1122 3577 1189 τρεῖς

2004 1219 2101 1273 καὶ
2135 1219 2296 1288 μόναι
2351 1222 2409 1272 ἐν
2458 1221 2524 1289 τῇ
2553 1216 2979 1272 Κωνσταντίνου
3045 1215 3202 1268 πόλει
3233 1215 3578 1281 κατήντησαν

2005 1313 2152 1384 ἀρχῇ
2178 1314 2237 1366 ἐν
2275 1316 2339 1384 τῇ
2370 1315 2514 1383 μονῇ
2546 1313 2612 1383 τῇ
2646 1309 3113 1380 ἐπονομαζομένῃ
3140 1308 3240 1375 τῆς
3284 1305 3576 1375 Κλερένας.

2006 1405 2319 1460 Διαδοθεῖσα
2344 1405 2401 1457 δέ
2428 1406 2461 1475 ὴ
2495 1403 2663 1473 ἁρετὴ
2681 1402 2779 1470 τῆς
2809 1401 2963 1464 ὁσίας
2995 1401 3092 1453 καὶ
3127 1401 3158 1469 ἡ
3192 1400 3273 1461 είς
3294 1399 3395 1464 τὴν
3428 1397 3580 1450 θείαν

2005 1499 2232 1571 Γραφὴν
2296 1498 2466 1568 αὐτῆς
2510 1497 2780 1567 ἐμπειρία
2841 1495 2921 1557 εἷς
2969 1509 3032 1545 τε
3072 1492 3164 1545 τὸν
3212 1490 3437 1562 βασιλέα
3485 1491 3581 1543 καὶ

2005 1593 2363 1662 πατριάρχην
2411 1591 2509 1643 καὶ
2555 1590 2767 1652 πάντας
2801 1588 2929 1652 τοὺς
2967 1584 3070 1657 τῇς
3113 1584 3346 1651 πόλεως,
3395 1586 3424 1638 ὁ
3482 1584 3580 1652 μὲν

2011 1684 2268 1754 βασιλεὺς
2299 1682 2485 1755 ἐζήτει
2516 1682 2704 1735 λασεῖν
2742 1680 2872 1735 ἄλλο
2899 1678 3011 1733 τῶν
3045 1676 3430 1749 μοναστηρίων
3460 1692 3577 1740 μει-

2011 1773 2238 1844 ζότερον
2270 1772 2364 1826 καὶ
2378 1754 2391 1759 Υ
2415 1769 2886 1842 ειῑσοδηματικώτε
2897 1786 2994 1841 ρον
3028 1769 3215 1823 δοῦναι
3271 1768 3436 1837 αὐτῇ,
3461 1768 3491 1819 ό
3521 1766 3580 1819 δέ

1940 1840 1984 1896 Β
2015 1840 2364 1943 πατριάρχης
2423 1840 2672 1935 ένταλμα
2703 1840 3114 1933 πατριαρχικῆς
3166 1859 3413 1924 ἐξουσίας
3463 1860 3579 1927 ἐξέ-

2009 1958 2182 2012 δωκεν
2234 1962 2315 2020 είς
2355 1958 2456 2021 τὰς
2507 1956 2842 2028 βουλομένας
2898 1954 3004 2024 τῆς
3052 1953 3260 2015 πόλεως
3317 1954 3579 2020 γυναῖκας

2012 2052 2300 2121 προσιέναι
2351 2051 2528 2120 αὐτῇ·
2563 2049 2614 2102 οί
2653 2048 2709 2102 δὲ
2755 2048 2853 2118 τῆς
2914 2050 3123 2111 πόλεως
3156 2046 3352 2117 ᾕθελον
3398 2045 3577 2099 δοῦναι

2009 2145 2205 2208 αὐταῖς
2250 2146 2361 2197 πᾶν
2400 2143 2704 2212 ἀναγκαῖον
2756 2144 2837 2206 είς
2886 2143 2948 2194 τὸ
2999 2140 3432 2195 ἐπισκέπτεσθαι
3487 2142 3578 2192 καὶ

2011 2236 2340 2308 θεραπεύειν
2393 2235 2463 2289 τὰ
2512 2235 2669 2306 πρὸς
2705 2236 2898 2307 χρείαν
2944 2233 3158 2288 αὐτῶν⁸
3199 2221 3297 2304 οὐχ
3338 2232 3578 2303 ὑπῆρχεν

2010 2332 2118 2401 γὰρ
2152 2332 2398 2394 ἐκείναις
2420 2330 2545 2397 οὔτε
2579 2331 2805 2402 χρυσίον
2836 2328 2963 2382 οὔτε
3009 2327 3296 2399 ἀργύριον,
3322 2328 3420 2380 οὐκ
3453 2325 3579 2382 am

2009 2443 2063 2479 τι
2086 2426 2136 2479 εί
2168 2425 2242 2496 μὴ
2275 2423 2335 2477 τὸ
2392 2425 2716 2495 ἐργόχειρον
2777 2423 2872 2478 καὶ
2924 2424 2958 2493 ἡ
3025 2420 3120 2475 τοῦ
3154 2420 3293 2474 Θεοῦ
3336 2418 3427 2472 ηδιὰ
3471 2420 3578 2472 τῶν
3653 2474 3658 2479 ,

2008 2522 2292 2592 ἀρχόντων
2328 2519 2670 2591 προμήθεια.
2704 2517 2963 2572 Λαδοῦσα
3001 2516 3059 2571 δὲ
3108 2518 3306 2587 μικρόν
3337 2532 3391 2567 τι
3420 2515 3581 2567 xeat.

2013 2632 2150 2682 σμα,
2185 2615 2528 2685 συνέδραμον
2552 2614 2634 2676 εἰς
2668 2611 2951 2681 ὑποταγὴν
2975 2610 3146 2678 αὐτῆς
3174 2606 3433 2663 τοσαῦται
3455 2608 3577 2659 ὅσαι

2008 2705 2110 2758 οὐκ
2148 2698 2436 2775 ἐχώρησαν
2463 2703 2543 2767 είς
2583 2719 2644 2756 τε
2676 2703 2775 2772 τὴν
2813 2701 2907 2754 τοῦ
2938 2700 3106 2762 Λιόὸς
3155 2698 3323 2768 μονὴν
3357 2697 3449 2750 καὶ
3479 2695 3578 2763 τῆς

2010 2797 2184 2867 κυρᾶς
2247 2795 2506 2866 Μάρθας.
2586 2794 2652 2849 Ἦ
2705 2794 2763 2848 δὲ
2795 2794 2857 2847 οὗ
2900 2793 3122 2854 πλείους
3166 2790 3200 2863 ἢ
3259 2787 3578 2842 δυοκαίδεκα

2009 2889 2417 2960 προσελάϐετο*
2453 2891 2548 2943 καὶ
2571 2885 2718 2960 ἦσαν
2753 2887 3003 2941 τοιαῦται
3031 2884 3111 2947 είς
3164 2900 3225 2936 τε
3264 2880 3578 2950 ἁκτημοσύ-

2009 2999 2108 3053 νην
2134 2985 2229 3035 καί
2264 2982 2520 3053 ὑπακοὴν
2540 2983 2651 3036 ικαὶ
2686 2979 3052 3052 σωφροσύνην
3082 2979 3178 3031 καὶ
3213 2978 3322 3029 πᾶν
3347 2974 3399 3027 εί
3419 2990 3471 3026 τι
3500 2972 3577 3035 είς

2015 3075 2176 3147 142
2207 3075 2342 3128 Θεὸν
2374 3075 2760 3141 εὖαπόδεκτον,
2797 3074 2881 3126 ὅτι
2911 3071 3204 3125 κατέλιπον
3232 3069 3283 3121 οί
3339 3066 3437 3135 τῆς
3483 3064 3577 3116 πό-

2009 3167 2147 3232 λεως
2179 3169 2363 3236 λέγειν
2394 3167 2460 3220 Ἦ
2497 3167 2650 3234 ἁγία,
2671 3164 2791 3237 an:
2823 3163 2889 3217 Al
2916 3163 3068 3231 ἅγιαι
3099 3178 3114 3192 °
3151 3159 3245 3215 ml.
3270 3157 3401 3212 αὐτὸ
3428 3157 3491 3225 δὴ
3516 3154 3574 3208 to

2009 3261 2182 3332 ὄνομα
2210 3255 2361 3331 εἴχον
2395 3260 2487 3323 Εἰς
2521 3259 2620 3323 τὰς
2662 3257 2847 3326 ἁγίας.
2878 3256 2991 3311 Καὶ
3024 3256 3086 3308 τδ
3125 3254 3224 3324 μὲν
3275 3252 3385 3304 τῶν
3418 3266 3579 3321 μοναο

2010 3440 2270 3515 Cypriani
2302 3440 2560 3512 conjuge,
2591 3441 2642 3494 in
2672 3437 2935 3493 Lemnum
2987 3434 3257 3494 discessit,
3295 3431 3417 3486 inde
3434 3428 3578 3499 ερο-

2011 3538 2104 3593 lim
2149 3550 2458 3591 reversura.
2492 3534 2550 3588 ln
2577 3531 2785 3588 Lemno
2814 3539 2928 3586 tum
2956 3539 3077 3584 erat
3108 3542 3242 3581 avus
3277 3539 3427 3580 meus
3458 3537 3577 3577 cum

2013 3643 2183 3684 uxore
2212 3639 2268 3683 et
2292 3628 2502 3681 liberis.
2535 3626 2724 3695 Itaque
2760 3632 2891 3679 natu
2923 3622 3158 3676 maxima
3193 3618 3427 3673 ﬁliarum
3460 3616 3576 3677 ejus

2011 3734 2133 3773 cum
2164 3726 2411 3774 sanctam
2438 3717 2580 3772 hanc
2610 3707 2873 3770 feminam
2910 3713 3136 3767 vidisset
3162 3720 3214 3765 et
3238 3710 3580 3762 observasset

2013 3813 2266 3866 virtutem
2315 3809 2434 3878 ejus
2469 3825 2533 3864 ac
2585 3823 2919 3871 sermonem,
2971 3804 3181 3860 relictis
3236 3792 3576 3872 parentibus,

2014 3902 2295 3968 fratribus,
2324 3901 2631 3963 sororibus.
2667 3909 2721 3954 et
2748 3914 2981 3967 quocum
3008 3897 3303 3964 conjuncta
3325 3901 3443 3947 erat
3466 3906 3576 3945 ma-

2013 3998 2137 4063 rito,
2177 4004 2341 4066 atque
2375 3994 2584 4059 liberis,
2621 3991 3065 4048 Thessalonicam
3094 3988 3364 4060 profecta,
3399 3999 3580 4039 mona-

2010 4092 2132 4147 chis
2163 4104 2223 4144 se
2268 4089 2526 4158 ascripsit
2558 4087 2743 4156 ibique
2777 4084 2880 4140 sub
2914 4083 3156 4152 imperiis
3186 4089 3391 4134 saneta:
3423 4077 3577 4144 hujus

2011 4182 2260 4238 mulieris
2281 4178 2437 4235 vixit.
2464 4180 2597 4234 inde
2624 4180 2706 4233 hae
2730 4187 2840 4231 tres
2873 4176 3000 4230 solm
3016 4172 3229 4244 tipolim
3256 4170 3579 4237 emigrautes

2010 4275 2282 4344 principio
2332 4273 2384 4327 in
2419 4252 2806 4327 monasterium
2839 4268 3085 4324 Clerenze
3119 4273 3410 4319 venerunt.
3449 4264 3576 4315 Cum

2012 4379 2194 4421 autem
2250 4376 2451 4421 sanctae
2491 4365 2640 4419 illius
2690 4363 2907 4417 [culinae
2941 4362 3115 4414 virtus
3149 4366 3203 4411 et
3256 4356 3576 4410 Litterarum

2010 4475 2290 4515 sacrarum
2330 4458 2522 4529 peritia
2566 4455 2882 4526 imperatori
2926 4464 2981 4509 et
3013 4451 3337 4522 patriarchae
3362 4448 3580 4504 univer—

320 4559 452 4643 legi.
489 4556 779 4613 llabebant
807 4567 991 4614 autem
1019 4574 1202 4615 secum
1227 4568 1476 4614 sanctam
1512 4574 1728 4627 quoque
1756 4559 1906 4614 Tho—
1939 4554 1982 4611 ί)
2015 4568 2197 4621 saeque
2217 4553 2423 4608 civitati
2459 4552 2813 4614 innotuisset,
2840 4548 3136 4617 imperator
3156 4546 3204 4600 ei
3232 4544 3381 4598 aliud
3408 4542 3578 4610 majus

328 4642 563 4705 maidem
597 4666 829 4721 eamque
873 4653 940 4705 ad
974 4652 1195 4706 virtutis
1233 4642 1287 4705 et
1321 4652 1626 4705 litterarum
1657 4651 1905 4719 discipli-

325 4757 451 4796 nam
483 4743 830 4801 erudiebant.
886 4742 1025 4799 Cum
1058 4743 1292 4798 instaret
1337 4743 1473 4812 ipsis
1514 4743 1723 4798 vivendi
1757 4744 1904 4811 linis,

325 4835 502 4890 eidem
538 4851 661 4904 quae
692 4837 967 4891 habebant
1002 4837 1189 4891 omnia
1233 4835 1594 4903 reliquerunt,
1641 4853 1747 4892 una
1780 4854 1904 4893 cum

324 4946 500 4987 uxore
530 4930 818 5002 Cypriani,
843 4944 966 4997 qua:
995 4943 1247 5000 asperam
1273 4929 1374 4982 viri
1414 4928 1498 4983 sui
1522 4939 1773 4984 naturam
1796 4948 1904 4987 non

322 5024 532 5097 ferens,
571 5023 626 5077 in
667 5020 795 5076 illud
827 5019 1513 5090 profecta'ntonasterium,
1550 5024 1689 5077 inter
1720 5038 1908 5078 mona-

321 5116 458 5171 cltas
486 5128 684 5170 nomen
736 5114 991 5168 dederat.
1031 5111 1328 5180 Postquam
1367 5123 1551 5168 autem
1611 5116 1719 5169 illae
1763 5117 1903 5171 diem

321 5207 601 5273 obierunt,
648 5204 1113 5276 quemadmodum
1167 5204 1356 5259 virtuti
1417 5222 1474 5260 se
1526 5208 1778 5275 subjecit,
1829 5209 1903 5263 ita

322 5298 542 5353 illarum
579 5306 693 5352 tum
726 5300 992 5354 bonorum
1024 5307 1136 5351 tum
1172 5297 1297 5352 vita:
1327 5312 1386 5353 se
1416 5298 1651 5366 subjecit
1677 5300 1902 5364 haeredi,

321 5400 379 5446 et
411 5390 574 5461 hujus
626 5389 996 5458 subiectionis
1048 5405 1270 5444 cursum
1315 5390 1574 5458 pra'clare
1609 5407 1782 5461 usque
1837 5393 1903 5446 ad

322 5489 556 5537 mortem
602 5479 857 5536 confecit.
898 5480 1112 5551 Conjux
1155 5483 1269 5537 lucc
1313 5483 1597 5553 Cypriani,
1649 5484 1901 5551 inquam,

323 5572 472 5629 illius
495 5582 638 5639 erat,
670 5572 764 5643 qui
794 5572 1004 5644 Cpolim
1046 5574 1213 5643 venit,
1243 5587 1297 5630 et
1340 5575 1739 5629 monasterium
1775 5589 1906 5629 san-

320 5672 533 5717 ctorum
563 5672 865 5736 martyrum
896 5664 1161 5721 nobilium
1186 5663 1603 5721 Tlteodororutn
1636 5673 1898 5719 constru-

319 5754 420 5813 ιὶι,
449 5757 592 5823 quod
619 5754 874 5827 Cypriani
926 5756 1361 5826 cognominatur.
1399 5754 1795 5810 TltessaIOnica
1835 5755 1903 5809 ab

319 5839 503 5910 impiis
529 5856 814 5941 occupata,
851 5859 1037 5904 saneta
1070 5847 1331 5903 Tltomais
1357 5863 1480 5902 cum
1516 5848 1736 5901 alumna
1775 5860 1896 5912 ειιςι,

2010 4658 2066 4700 et
2099 4645 2423 4714 locupletius
2454 4639 2845 4696 monasterium
2884 4637 3024 4690 tradi
3052 4633 3245 4704 jussit;
3273 4630 3575 4700 patriarcha

2009 4733 2372 4808 patriarchali
2395 4733 2724 4787 auctoritate
2746 4728 3028 4792 omnibus,
3050 4739 3171 4796 qua:
3194 4723 3410 4785 vellent,
3434 4718 3579 4774 urbis

2010 4828 2328 4884 mulieribus
2361 4832 2683 4894 potestatem
2710 4821 2881 4884 dedit,
2911 4818 3077 4872 illi’se
3105 4811 3432 4886 aggregandi
3460 4826 3477 4876 ;
3505 4812 3580 4864 ci-

2005 4937 2104 4978 ves
2146 4936 2267 4991 qua:
2317 4927 2503 4974 essent
2553 4914 2864 4971 necessaria
2910 4912 2979 4966 ad
3032 4925 3118 4964 res
3146 4906 3495 4964 ordinandas
3525 4913 3580 4956 et

2008 5009 2478 5068 administrandas
2517 5017 2778 5077 praestare
2805 5004 2871 5059 iis
2907 5001 3184 5058 volebant.
3227 4999 3410 5069 Neque
3434 4997 3587 5049 enim

2007 5107 2114 5160 illis
2165 5114 2283 5158 erat
2346 5102 2427 5154 vel
2480 5117 2695 5163 aurum,
2746 5097 2829 5153 vel
2910 5104 3219 5165 argentum,
3283 5089 3368 5144 vel
3433 5088 3578 5141 aliud

2007 5198 2304 5267 quidquam
2347 5195 2449 5249 nisi
2494 5208 2630 5261 opus
2660 5206 2919 5245 manuum
2954 5198 3008 5243 et
3040 5186 3222 5241 divina
3255 5199 3350 5253 per
3383 5181 3579 5249 magis-

2008 5280 2185 5343 tratus
2234 5285 2596 5357 providentia.
2637 5283 2848 5353 ltaque,
2902 5287 3024 5335 eum
3062 5293 3168 5332 non
3219 5278 3290 5330 ita
3342 5274 3576 5343 amplum

2007 5381 2347 5438 domicilium
2381 5379 2631 5445 haberet,
2654 5376 2722 5433 ad
2748 5377 2915 5431 vitam
2941 5389 3005 5429 ex
3031 5371 3263 5443 imperio
3284 5368 3398 5440 ejus
3420 5381 3581 5436 agen-

2007 5476 2128 5529 dam
2179 5484 2258 5528 tot
2307 5470 2708 5536 confluxerunt,
2765 5479 2899 5539 quot
2930 5481 3036 5522 non
3093 5470 3486 5520 concesserunt
3517 5460 3576 5511 iu

2008 5568 2400 5621 utonasteriutn
2454 5565 2604 5620 Libis
2635 5575 2691 5619 et
2728 5563 2954 5618 Martha:
2992 5560 3246 5615 dominae.
3277 5557 3348 5611 At
3374 5554 3579 5624 recepit

2007 5658 2095 5712 illa
2130 5673 2236 5712 non
2269 5659 2389 5726 plus
2422 5658 2729 5722 duodecim,
2758 5665 2922 5726 atque
2953 5665 3111 5708 erant
3140 5664 3333 5707 omnes
3360 5648 3425 5701 ad
3451 5660 3579 5714 pau-

2005 5762 2294 5823 pertatem,
2322 5750 2720 5815 obedientiam,
2764 5747 3120 5810 modestiam,
3155 5743 3391 5810 denique
3416 5750 3577 5803 nutu-

2007 5846 2137 5914 quid
2170 5841 2280 5897 Deo
2316 5854 2532 5910 gratum
2567 5852 2673 5906 est,
2706 5851 2814 5894 tam
2849 5842 3067 5909 egregie
3114 5844 3335 5907 paratae,
3370 5843 3428 5884 ul
3471 5842 3573 5892 Ιῖηι⁸
