  <div class='ocr_page' id='page_1' title='image "/cluster/home/n/w/nwhite01/storage/ocr_20150623/156/coo.31924054870617/386.png"; bbox 0 0 3964 6428; ppageno 0'>
   <div class='ocr_carea' id='block_1_1' title="bbox 459 377 566 443">
    <p class='ocr_par' dir='ltr' id='par_1_1' title="bbox 459 377 566 443">
     <span class='ocr_line' id='line_1_1' title="bbox 459 377 566 443; baseline -0.037 0"><span class='ocrx_word' id='word_1_1' title='bbox 459 377 566 443; x_wconf 66' lang='grc' dir='ltr'><strong>’ὲ57</strong></span> 
     </span>
    </p>
   </div>
   <div class='ocr_carea' id='block_1_2' title="bbox 1475 383 2658 474">
    <p class='ocr_par' dir='ltr' id='par_1_2' title="bbox 1475 383 2658 474">
     <span class='ocr_line' id='line_1_2' title="bbox 1475 383 2658 474; baseline 0.002 -30"><span class='ocrx_word' id='word_1_2' title='bbox 1475 383 1930 445; x_wconf 82' lang='lat' dir='ltr'><strong>CHRONICON</strong></span> <span class='ocrx_word' id='word_1_3' title='bbox 1974 383 2252 474; x_wconf 70' lang='lat' dir='ltr'><strong>MAJUS.</strong></span> <span class='ocrx_word' id='word_1_4' title='bbox 2277 410 2342 421; x_wconf 84' lang='lat'><strong>—</strong></span> <span class='ocrx_word' id='word_1_5' title='bbox 2387 387 2539 448; x_wconf 85' lang='lat' dir='ltr'>LIB.</span> <span class='ocrx_word' id='word_1_6' title='bbox 2570 387 2658 447; x_wconf 82' lang='grc' dir='ltr'><strong>ΙἸ.</strong></span> 
     </span>
    </p>
   </div>
   <div class='ocr_carea' id='block_1_3' title="bbox 3613 381 3718 446">
    <p class='ocr_par' dir='ltr' id='par_1_3' title="bbox 3613 381 3718 446">
     <span class='ocr_line' id='line_1_3' title="bbox 3613 381 3718 446; baseline 0 0"><span class='ocrx_word' id='word_1_7' title='bbox 3613 381 3718 446; x_wconf 76' lang='grc'><strong>758</strong></span> 
     </span>
    </p>
   </div>
   <div class='ocr_carea' id='block_1_4' title="bbox 456 492 3719 576">
    <p class='ocr_par' dir='ltr' id='par_1_4' title="bbox 456 492 3719 576">
     <span class='ocr_line' id='line_1_4' title="bbox 456 492 3719 576; baseline 0 -28"><span class='ocrx_word' id='word_1_8' title='bbox 456 494 745 568; x_wconf 80' lang='grc' dir='ltr'>χαμουχᾶν</span> <span class='ocrx_word' id='word_1_9' title='bbox 791 492 997 564; x_wconf 75' lang='grc' dir='ltr'>χρυσὸν</span> <span class='ocrx_word' id='word_1_10' title='bbox 1052 493 1321 566; x_wconf 74' lang='grc' dir='ltr'><strong>πράσινον</strong></span> <span class='ocrx_word' id='word_1_11' title='bbox 1372 496 1467 550; x_wconf 70' lang='grc' dir='ltr'>καὶ</span> <span class='ocrx_word' id='word_1_12' title='bbox 1523 499 1680 566; x_wconf 80' lang='grc' dir='ltr'>φωᾶν</span> <span class='ocrx_word' id='word_1_13' title='bbox 1713 499 2030 569; x_wconf 83' lang='grc' dir='ltr'>προύσινον,</span> <span class='ocrx_word' id='word_1_14' title='bbox 2059 503 2106 560; x_wconf 81' lang='grc' dir='ltr'><strong>Δ</strong></span> <span class='ocrx_word' id='word_1_15' title='bbox 2207 503 2278 576; x_wconf 82' lang='grc' dir='ltr'><strong>η’.</strong></span> <span class='ocrx_word' id='word_1_16' title='bbox 2321 505 2433 575; x_wconf 83' lang='grc' dir='ltr'>Τῆς</span> <span class='ocrx_word' id='word_1_17' title='bbox 2469 505 2526 558; x_wconf 71' lang='grc' dir='ltr'>δὲ</span> <span class='ocrx_word' id='word_1_18' title='bbox 2583 501 2928 574; x_wconf 86' lang='grc' dir='ltr'>προθεσμίας</span> <span class='ocrx_word' id='word_1_19' title='bbox 2953 498 3225 568; x_wconf 84' lang='grc' dir='ltr'>ἐλθούσης</span> <span class='ocrx_word' id='word_1_20' title='bbox 3266 495 3362 551; x_wconf 69' lang='grc' dir='ltr'>καὶ</span> <span class='ocrx_word' id='word_1_21' title='bbox 3415 496 3492 566; x_wconf 84' lang='grc' dir='ltr'><strong>μὴ</strong></span> <span class='ocrx_word' id='word_1_22' title='bbox 3531 493 3719 550; x_wconf 84' lang='grc' dir='ltr'>ἐλθόν-</span> 
     </span>
    </p>
   </div>
   <div class='ocr_carea' id='block_1_5' title="bbox 455 585 2036 664">
    <p class='ocr_par' dir='ltr' id='par_1_5' title="bbox 455 585 2036 664">
     <span class='ocr_line' id='line_1_5' title="bbox 455 585 2036 664; baseline 0.003 -24"><span class='ocrx_word' id='word_1_23' title='bbox 455 587 552 640; x_wconf 71' lang='grc' dir='ltr'><strong>καὶ</strong></span> <span class='ocrx_word' id='word_1_24' title='bbox 580 585 802 656; x_wconf 81' lang='grc' dir='ltr'><strong>σπάθην</strong></span> <span class='ocrx_word' id='word_1_25' title='bbox 822 589 1142 658; x_wconf 82' lang='grc' dir='ltr'>ἐγκεκοσμη</span> <span class='ocrx_word' id='word_1_26' title='bbox 1153 590 1349 659; x_wconf 84' lang='grc' dir='ltr'>μένην,</span> <span class='ocrx_word' id='word_1_27' title='bbox 1391 590 1490 642; x_wconf 78' lang='grc' dir='ltr'><strong>καὶ</strong></span> <span class='ocrx_word' id='word_1_28' title='bbox 1514 591 1730 662; x_wconf 85' lang='grc' dir='ltr'>φλωρία</span> <span class='ocrx_word' id='word_1_29' title='bbox 1761 591 1882 664; x_wconf 65' lang='lat' dir='ltr'><strong>ﬁrm</strong></span> <span class='ocrx_word' id='word_1_30' title='bbox 1915 590 2036 646; x_wconf 72' lang='grc' dir='ltr'>νού-</span> 
     </span>
    </p>
   </div>
   <div class='ocr_carea' id='block_1_6' title="bbox 458 679 1251 751">
    <p class='ocr_par' dir='ltr' id='par_1_6' title="bbox 458 679 1251 751">
     <span class='ocr_line' id='line_1_6' title="bbox 458 679 1251 751; baseline 0.006 -21"><span class='ocrx_word' id='word_1_31' title='bbox 458 695 560 747; x_wconf 80' lang='grc' dir='ltr'>μια</span> <span class='ocrx_word' id='word_1_32' title='bbox 588 680 771 749; x_wconf 80' lang='grc' dir='ltr'><strong>χρυσᾶ</strong></span> <span class='ocrx_word' id='word_1_33' title='bbox 799 679 1047 749; x_wconf 81' lang='grc' dir='ltr'><strong>χιλιάδας</strong></span> <span class='ocrx_word' id='word_1_34' title='bbox 1077 684 1251 751; x_wconf 78' lang='grc' dir='ltr'>τρεῖς.</span> 
     </span>
    </p>
   </div>
   <div class='ocr_carea' id='block_1_7' title="bbox 528 770 2034 851">
    <p class='ocr_par' dir='ltr' id='par_1_7' title="bbox 528 770 2034 851">
     <span class='ocr_line' id='line_1_7' title="bbox 528 770 2034 851; baseline 0.007 -27"><span class='ocrx_word' id='word_1_35' title='bbox 528 773 595 826; x_wconf 85' lang='grc' dir='ltr'><strong>θ’.</strong></span> <span class='ocrx_word' id='word_1_36' title='bbox 642 772 768 826; x_wconf 76' lang='grc' dir='ltr'><strong>Ἐπὶ</strong></span> <span class='ocrx_word' id='word_1_37' title='bbox 792 772 893 842; x_wconf 82' lang='grc' dir='ltr'><strong>τὴν</strong></span> <span class='ocrx_word' id='word_1_38' title='bbox 915 773 1112 844; x_wconf 77' lang='grc' dir='ltr'>αὔριον</span> <span class='ocrx_word' id='word_1_39' title='bbox 1129 770 1226 828; x_wconf 86' lang='grc' dir='ltr'><strong>οῦν</strong></span> <span class='ocrx_word' id='word_1_40' title='bbox 1277 777 1608 842; x_wconf 78' lang='grc' dir='ltr'><strong>ἀπελθόντες</strong></span> <span class='ocrx_word' id='word_1_41' title='bbox 1639 779 1722 842; x_wconf 90' lang='grc' dir='ltr'><strong>είς</strong></span> <span class='ocrx_word' id='word_1_42' title='bbox 1760 778 2034 851; x_wconf 83' lang='grc' dir='ltr'>Γλαρέντ-</span> 
     </span>
    </p>
   </div>
   <div class='ocr_carea' id='block_1_8' title="bbox 453 862 2032 940">
    <p class='ocr_par' dir='ltr' id='par_1_8' title="bbox 453 862 2032 940">
     <span class='ocr_line' id='line_1_8' title="bbox 453 862 2032 940; baseline 0.006 -26"><span class='ocrx_word' id='word_1_43' title='bbox 453 862 574 927; x_wconf 79' lang='grc' dir='ltr'>ζαν,</span> <span class='ocrx_word' id='word_1_44' title='bbox 601 862 713 917; x_wconf 85' lang='grc' dir='ltr'>ίδού</span> <span class='ocrx_word' id='word_1_45' title='bbox 738 881 822 927; x_wconf 83' lang='grc' dir='ltr'><strong>τις</strong></span> <span class='ocrx_word' id='word_1_46' title='bbox 853 864 1040 934; x_wconf 77' lang='grc' dir='ltr'>ἄρχων</span> <span class='ocrx_word' id='word_1_47' title='bbox 1066 865 1164 919; x_wconf 91' lang='grc' dir='ltr'><strong>τοῦ</strong></span> <span class='ocrx_word' id='word_1_48' title='bbox 1212 867 1406 938; x_wconf 73' lang='lat' dir='ltr'><strong>dp.qu</strong></span> <span class='ocrx_word' id='word_1_49' title='bbox 1455 870 1595 937; x_wconf 86' lang='grc' dir='ltr'><strong>μετά</strong></span> <span class='ocrx_word' id='word_1_50' title='bbox 1644 887 1799 933; x_wconf 90' lang='grc' dir='ltr'>τινας</span> <span class='ocrx_word' id='word_1_51' title='bbox 1837 871 2032 940; x_wconf 83' lang='grc' dir='ltr'>ὀλίγας</span> 
     </span>
    </p>
   </div>
   <div class='ocr_carea' id='block_1_9' title="bbox 452 950 2030 1034">
    <p class='ocr_par' dir='ltr' id='par_1_9' title="bbox 452 950 2030 1034">
     <span class='ocr_line' id='line_1_9' title="bbox 452 950 2030 1034; baseline 0.007 -29"><span class='ocrx_word' id='word_1_52' title='bbox 452 954 667 1023; x_wconf 70' lang='grc' dir='ltr'>ἡμέρας</span> <span class='ocrx_word' id='word_1_53' title='bbox 711 950 843 1025; x_wconf 81' lang='grc' dir='ltr'>ἦλθε</span> <span class='ocrx_word' id='word_1_54' title='bbox 883 957 1062 1024; x_wconf 81' lang='grc' dir='ltr'>λέγων</span> <span class='ocrx_word' id='word_1_55' title='bbox 1115 958 1196 1012; x_wconf 84' lang='grc' dir='ltr'><strong>ὅτι</strong></span> <span class='ocrx_word' id='word_1_56' title='bbox 1245 961 1277 1029; x_wconf 79' lang='grc' dir='ltr'><strong>ἡ</strong></span> <span class='ocrx_word' id='word_1_57' title='bbox 1318 961 1516 1030; x_wconf 86' lang='grc' dir='ltr'>Πάτρα-</span> <span class='ocrx_word' id='word_1_58' title='bbox 1539 961 1688 1015; x_wconf 76' lang='grc' dir='ltr'>τελεῖ</span> <span class='ocrx_word' id='word_1_59' title='bbox 1725 963 1803 1032; x_wconf 89' lang='grc' dir='ltr'>τῷ</span> <span class='ocrx_word' id='word_1_60' title='bbox 1835 965 2030 1034; x_wconf 84' lang='grc' dir='ltr'>ἀμηρᾷ</span> 
     </span>
    </p>
   </div>
   <div class='ocr_carea' id='block_1_10' title="bbox 449 1043 2029 1125">
    <p class='ocr_par' dir='ltr' id='par_1_10' title="bbox 449 1043 2029 1125">
     <span class='ocr_line' id='line_1_10' title="bbox 449 1043 2029 1125; baseline 0.007 -28"><span class='ocrx_word' id='word_1_61' title='bbox 449 1043 606 1113; x_wconf 87' lang='grc' dir='ltr'>τέλη,</span> <span class='ocrx_word' id='word_1_62' title='bbox 639 1045 736 1098; x_wconf 78' lang='grc' dir='ltr'>καὶ</span> <span class='ocrx_word' id='word_1_63' title='bbox 779 1046 1034 1118; x_wconf 76' lang='grc' dir='ltr'>διαϐαίνῃ</span> <span class='ocrx_word' id='word_1_64' title='bbox 1061 1049 1210 1118; x_wconf 87' lang='grc' dir='ltr'>αὐτῷ</span> <span class='ocrx_word' id='word_1_65' title='bbox 1257 1048 1439 1104; x_wconf 75' lang='grc' dir='ltr'>εἶναι·</span> <span class='ocrx_word' id='word_1_66' title='bbox 1483 1052 1566 1106; x_wconf 85' lang='grc' dir='ltr'><strong>διδ</strong></span> <span class='ocrx_word' id='word_1_67' title='bbox 1625 1055 1800 1125; x_wconf 75' lang='grc' dir='ltr'>ἄπεχε</span> <span class='ocrx_word' id='word_1_68' title='bbox 1857 1057 2029 1124; x_wconf 85' lang='grc' dir='ltr'>αὐτῆς</span> 
     </span>
    </p>
   </div>
   <div class='ocr_carea' id='block_1_11' title="bbox 453 1135 2029 1216">
    <p class='ocr_par' dir='ltr' id='par_1_11' title="bbox 453 1135 2029 1216">
     <span class='ocr_line' id='line_1_11' title="bbox 453 1135 2029 1216; baseline 0.008 -28"><span class='ocrx_word' id='word_1_69' title='bbox 453 1137 548 1189; x_wconf 73' lang='grc' dir='ltr'><strong>καὶ</strong></span> <span class='ocrx_word' id='word_1_70' title='bbox 584 1135 658 1206; x_wconf 85' lang='grc' dir='ltr'><strong>μὴ</strong></span> <span class='ocrx_word' id='word_1_71' title='bbox 694 1137 977 1207; x_wconf 87' lang='grc' dir='ltr'>πολιόρκει</span> <span class='ocrx_word' id='word_1_72' title='bbox 1008 1143 1204 1209; x_wconf 71' lang='grc' dir='ltr'>αὐτὴν.</span> <span class='ocrx_word' id='word_1_73' title='bbox 1239 1142 1308 1196; x_wconf 76' lang='lat' dir='ltr'><strong>EE</strong></span> <span class='ocrx_word' id='word_1_74' title='bbox 1337 1143 1380 1195; x_wconf 86' lang='grc' dir='ltr'>δ’</span> <span class='ocrx_word' id='word_1_75' title='bbox 1404 1143 1490 1209; x_wconf 87' lang='grc' dir='ltr'><strong>οὒ,</strong></span> <span class='ocrx_word' id='word_1_76' title='bbox 1530 1145 1826 1216; x_wconf 83' lang='grc' dir='ltr'>πέμψομεν</span> <span class='ocrx_word' id='word_1_77' title='bbox 1861 1164 2029 1216; x_wconf 89' lang='grc' dir='ltr'>στρα-</span> 
     </span>
    </p>
   </div>
   <div class='ocr_carea' id='block_1_12' title="bbox 455 1227 2028 1312">
    <p class='ocr_par' dir='ltr' id='par_1_12' title="bbox 455 1227 2028 1312">
     <span class='ocr_line' id='line_1_12' title="bbox 455 1227 2028 1312; baseline 0.008 -32"><span class='ocrx_word' id='word_1_78' title='bbox 455 1227 539 1296; x_wconf 65' lang='grc' dir='ltr'><strong>τὸν</strong></span> <span class='ocrx_word' id='word_1_79' title='bbox 570 1229 713 1281; x_wconf 86' lang='grc' dir='ltr'><strong>κατά</strong></span> <span class='ocrx_word' id='word_1_80' title='bbox 737 1230 856 1283; x_wconf 84' lang='grc' dir='ltr'>σοῦ.</span> <span class='ocrx_word' id='word_1_81' title='bbox 895 1233 953 1284; x_wconf 90' lang='grc' dir='ltr'>Ὁ</span> <span class='ocrx_word' id='word_1_82' title='bbox 987 1232 1032 1285; x_wconf 84' lang='grc' dir='ltr'>δ’</span> <span class='ocrx_word' id='word_1_83' title='bbox 1064 1234 1333 1306; x_wconf 74' lang='grc' dir='ltr'><strong>αὐθέντης</strong></span> <span class='ocrx_word' id='word_1_84' title='bbox 1364 1254 1467 1306; x_wconf 86' lang='grc' dir='ltr'><strong>μου</strong></span> <span class='ocrx_word' id='word_1_85' title='bbox 1510 1239 1832 1310; x_wconf 70' lang='grc' dir='ltr'><strong>ἀποκριθεὶς</strong></span> <span class='ocrx_word' id='word_1_86' title='bbox 1869 1239 2028 1312; x_wconf 65' lang='grc'><strong>14⁷</strong></span> 
     </span>
    </p>
   </div>
   <div class='ocr_carea' id='block_1_13' title="bbox 449 1315 2026 1402">
    <p class='ocr_par' dir='ltr' id='par_1_13' title="bbox 449 1315 2026 1402">
     <span class='ocr_line' id='line_1_13' title="bbox 449 1315 2026 1402; baseline 0.01 -31"><span class='ocrx_word' id='word_1_87' title='bbox 449 1319 598 1388; x_wconf 83' lang='grc' dir='ltr'>αὐτῷ</span> <span class='ocrx_word' id='word_1_88' title='bbox 625 1315 783 1374; x_wconf 76' lang='grc' dir='ltr'>εἶπεν</span> <span class='ocrx_word' id='word_1_89' title='bbox 804 1338 816 1351; x_wconf 94' lang='grc'><strong>·</strong></span> <span class='ocrx_word' id='word_1_90' title='bbox 846 1340 866 1374; x_wconf 78' lang='grc' dir='ltr'><strong>ι</strong></span> <span class='ocrx_word' id='word_1_91' title='bbox 918 1323 1113 1392; x_wconf 72' lang='grc' dir='ltr'>Ἡμεῖς</span> <span class='ocrx_word' id='word_1_92' title='bbox 1134 1326 1453 1396; x_wconf 75' lang='grc' dir='ltr'>ἠκούσαμεν</span> <span class='ocrx_word' id='word_1_93' title='bbox 1475 1329 1559 1382; x_wconf 83' lang='grc' dir='ltr'>ὅτι</span> <span class='ocrx_word' id='word_1_94' title='bbox 1596 1329 1808 1384; x_wconf 82' lang='grc' dir='ltr'><strong>θέλουσι</strong></span> <span class='ocrx_word' id='word_1_95' title='bbox 1839 1349 2026 1402; x_wconf 87' lang='grc' dir='ltr'>παρα-</span> 
     </span>
    </p>
   </div>
   <div class='ocr_carea' id='block_1_14' title="bbox 446 1411 2021 1492">
    <p class='ocr_par' dir='ltr' id='par_1_14' title="bbox 446 1411 2021 1492">
     <span class='ocr_line' id='line_1_14' title="bbox 446 1411 2021 1492; baseline 0.01 -30"><span class='ocrx_word' id='word_1_96' title='bbox 446 1411 631 1466; x_wconf 87' lang='grc' dir='ltr'>δοῦναι</span> <span class='ocrx_word' id='word_1_97' title='bbox 666 1413 839 1485; x_wconf 80' lang='grc' dir='ltr'>αὐτὴν</span> <span class='ocrx_word' id='word_1_98' title='bbox 883 1418 999 1478; x_wconf 82' lang='grc' dir='ltr'>τοῖς</span> <span class='ocrx_word' id='word_1_99' title='bbox 1040 1418 1405 1482; x_wconf 84' lang='grc' dir='ltr'>Καταλάνοις.</span> <span class='ocrx_word' id='word_1_100' title='bbox 1432 1422 1548 1474; x_wconf 87' lang='grc' dir='ltr'>Οὐκ</span> <span class='ocrx_word' id='word_1_101' title='bbox 1595 1421 1690 1474; x_wconf 82' lang='grc' dir='ltr'><strong>οῦν</strong></span> <span class='ocrx_word' id='word_1_102' title='bbox 1737 1422 1890 1474; x_wconf 86' lang='grc' dir='ltr'>δοκεῖ</span> <span class='ocrx_word' id='word_1_103' title='bbox 1927 1441 2021 1492; x_wconf 87' lang='grc' dir='ltr'>μοι</span> 
     </span>
    </p>
   </div>
   <div class='ocr_carea' id='block_1_15' title="bbox 450 1499 2022 1586">
    <p class='ocr_par' dir='ltr' id='par_1_15' title="bbox 450 1499 2022 1586">
     <span class='ocr_line' id='line_1_15' title="bbox 450 1499 2022 1586; baseline 0.01 -33"><span class='ocrx_word' id='word_1_104' title='bbox 450 1503 664 1586; x_wconf 79' lang='grc' dir='ltr'>πρέπον</span> <span class='ocrx_word' id='word_1_105' title='bbox 725 1499 868 1561; x_wconf 71' lang='grc' dir='ltr'>εἶναι</span> <span class='ocrx_word' id='word_1_106' title='bbox 927 1509 1089 1560; x_wconf 77' lang='grc' dir='ltr'>ἐᾶσαι</span> <span class='ocrx_word' id='word_1_107' title='bbox 1137 1511 1287 1579; x_wconf 79' lang='grc' dir='ltr'>ἡμᾶς</span> <span class='ocrx_word' id='word_1_108' title='bbox 1325 1511 1454 1574; x_wconf 87' lang='grc' dir='ltr'>τούς</span> <span class='ocrx_word' id='word_1_109' title='bbox 1490 1529 1553 1578; x_wconf 84' lang='grc' dir='ltr'><strong>γε</strong></span> <span class='ocrx_word' id='word_1_110' title='bbox 1609 1512 1737 1576; x_wconf 79' lang='grc' dir='ltr'>τοὺς</span> <span class='ocrx_word' id='word_1_111' title='bbox 1786 1513 2022 1583; x_wconf 74' lang='grc' dir='ltr'>ἐχθροὺς</span> 
     </span>
    </p>
   </div>
   <div class='ocr_carea' id='block_1_16' title="bbox 445 1591 2022 1676">
    <p class='ocr_par' dir='ltr' id='par_1_16' title="bbox 445 1591 2022 1676">
     <span class='ocr_line' id='line_1_16' title="bbox 445 1591 2022 1676; baseline 0.008 -29"><span class='ocrx_word' id='word_1_112' title='bbox 445 1591 602 1663; x_wconf 79' lang='grc' dir='ltr'><strong>ἡμῶν</strong></span> <span class='ocrx_word' id='word_1_113' title='bbox 629 1602 724 1650; x_wconf 76' lang='grc' dir='ltr'><strong>καὶ</strong></span> <span class='ocrx_word' id='word_1_114' title='bbox 749 1599 979 1669; x_wconf 81' lang='grc' dir='ltr'>ἐχθροὺς</span> <span class='ocrx_word' id='word_1_115' title='bbox 1027 1602 1121 1653; x_wconf 89' lang='grc' dir='ltr'><strong>τοῦ</strong></span> <span class='ocrx_word' id='word_1_116' title='bbox 1175 1602 1410 1672; x_wconf 79' lang='grc' dir='ltr'>ἀδελφοῦ</span> <span class='ocrx_word' id='word_1_117' title='bbox 1471 1622 1574 1674; x_wconf 86' lang='grc' dir='ltr'><strong>μου</strong></span> <span class='ocrx_word' id='word_1_118' title='bbox 1629 1605 1726 1659; x_wconf 88' lang='grc' dir='ltr'><strong>τοῦ</strong></span> <span class='ocrx_word' id='word_1_119' title='bbox 1783 1608 2022 1676; x_wconf 80' lang='grc' dir='ltr'><strong>μεγάλου</strong></span> 
     </span>
    </p>
   </div>
   <div class='ocr_carea' id='block_1_17' title="bbox 445 1689 2022 1764">
    <p class='ocr_par' dir='ltr' id='par_1_17' title="bbox 445 1689 2022 1764">
     <span class='ocr_line' id='line_1_17' title="bbox 445 1689 2022 1764; baseline 0.008 -23"><span class='ocrx_word' id='word_1_120' title='bbox 445 1689 640 1758; x_wconf 82' lang='grc' dir='ltr'>ἀμηρᾶ</span> <span class='ocrx_word' id='word_1_121' title='bbox 685 1691 779 1743; x_wconf 76' lang='grc' dir='ltr'>καὶ</span> <span class='ocrx_word' id='word_1_122' title='bbox 831 1691 995 1760; x_wconf 81' lang='grc' dir='ltr'>ἡμῶν</span> <span class='ocrx_word' id='word_1_123' title='bbox 1059 1695 1408 1764; x_wconf 81' lang='grc' dir='ltr'>παραλαϐεῖν</span> <span class='ocrx_word' id='word_1_124' title='bbox 1449 1698 1649 1761; x_wconf 80' lang='grc' dir='ltr'>αὐτοὺς</span> <span class='ocrx_word' id='word_1_125' title='bbox 1672 1700 1732 1752; x_wconf 75' lang='grc' dir='ltr'><strong>τὸ</strong></span> <span class='ocrx_word' id='word_1_126' title='bbox 1759 1691 2022 1753; x_wconf 74' lang='grc' dir='ltr'>’τοιοῦτον</span> 
     </span>
    </p>
   </div>
   <div class='ocr_carea' id='block_1_18' title="bbox 445 1782 2019 1862">
    <p class='ocr_par' dir='ltr' id='par_1_18' title="bbox 445 1782 2019 1862">
     <span class='ocr_line' id='line_1_18' title="bbox 445 1782 2019 1862; baseline 0.01 -30"><span class='ocrx_word' id='word_1_127' title='bbox 445 1782 689 1851; x_wconf 78' lang='grc' dir='ltr'>κάστρον</span> <span class='ocrx_word' id='word_1_128' title='bbox 717 1782 780 1835; x_wconf 81' lang='grc' dir='ltr'><strong>τὸ</strong></span> <span class='ocrx_word' id='word_1_129' title='bbox 808 1784 870 1836; x_wconf 86' lang='grc' dir='ltr'><strong>ἐν</strong></span> <span class='ocrx_word' id='word_1_130' title='bbox 891 1784 1048 1855; x_wconf 82' lang='grc' dir='ltr'>μέσῳ</span> <span class='ocrx_word' id='word_1_131' title='bbox 1083 1785 1195 1838; x_wconf 89' lang='grc' dir='ltr'><strong>τῶν</strong></span> <span class='ocrx_word' id='word_1_132' title='bbox 1227 1789 1390 1857; x_wconf 83' lang='grc' dir='ltr'>ὁρίων</span> <span class='ocrx_word' id='word_1_133' title='bbox 1417 1790 1576 1858; x_wconf 80' lang='grc' dir='ltr'>ἡμῶν</span> <span class='ocrx_word' id='word_1_134' title='bbox 1609 1792 1886 1862; x_wconf 87' lang='grc' dir='ltr'>κείμενον.</span> <span class='ocrx_word' id='word_1_135' title='bbox 1919 1793 2019 1847; x_wconf 81' lang='grc' dir='ltr'><strong>Άιὰ</strong></span> 
     </span>
    </p>
   </div>
   <div class='ocr_carea' id='block_1_19' title="bbox 441 1871 2018 1956">
    <p class='ocr_par' dir='ltr' id='par_1_19' title="bbox 441 1871 2018 1956">
     <span class='ocr_line' id='line_1_19' title="bbox 441 1871 2018 1956; baseline 0.01 -33"><span class='ocrx_word' id='word_1_136' title='bbox 441 1871 602 1925; x_wconf 84' lang='grc' dir='ltr'>τοῦτο</span> <span class='ocrx_word' id='word_1_137' title='bbox 639 1872 964 1943; x_wconf 78' lang='grc' dir='ltr'>ἀπήλθομεν</span> <span class='ocrx_word' id='word_1_138' title='bbox 986 1877 1122 1937; x_wconf 75' lang='grc' dir='ltr'>ἐκεῖ.</span> <span class='ocrx_word' id='word_1_139' title='bbox 1151 1879 1244 1930; x_wconf 81' lang='grc' dir='ltr'>καὶ</span> <span class='ocrx_word' id='word_1_140' title='bbox 1276 1876 1635 1944; x_wconf 77' lang='grc' dir='ltr'><strong>ἐξετάσαντες</strong></span> <span class='ocrx_word' id='word_1_141' title='bbox 1672 1884 1734 1936; x_wconf 85' lang='grc' dir='ltr'><strong>τὸ</strong></span> <span class='ocrx_word' id='word_1_142' title='bbox 1783 1886 2018 1956; x_wconf 81' lang='grc' dir='ltr'>πρᾶγμα</span> 
     </span>
    </p>
   </div>
   <div class='ocr_carea' id='block_1_20' title="bbox 443 1964 2016 2046">
    <p class='ocr_par' dir='ltr' id='par_1_20' title="bbox 443 1964 2016 2046">
     <span class='ocr_line' id='line_1_20' title="bbox 443 1964 2016 2046; baseline 0.01 -30"><span class='ocrx_word' id='word_1_143' title='bbox 443 1964 756 2034; x_wconf 74' lang='grc' dir='ltr'>ἐστήσαμεν</span> <span class='ocrx_word' id='word_1_144' title='bbox 778 1965 864 2018; x_wconf 76' lang='grc' dir='ltr'><strong>ἵνα</strong></span> <span class='ocrx_word' id='word_1_145' title='bbox 903 1968 980 2036; x_wconf 83' lang='grc' dir='ltr'><strong>μὴ</strong></span> <span class='ocrx_word' id='word_1_146' title='bbox 1008 1969 1234 2038; x_wconf 80' lang='grc' dir='ltr'>γένηται</span> <span class='ocrx_word' id='word_1_147' title='bbox 1270 1986 1282 1999; x_wconf 92' lang='grc'><strong>·</strong></span> <span class='ocrx_word' id='word_1_148' title='bbox 1313 1972 1408 2025; x_wconf 86' lang='grc' dir='ltr'>καὶ</span> <span class='ocrx_word' id='word_1_149' title='bbox 1443 1973 1578 2039; x_wconf 85' lang='grc' dir='ltr'>ίδοὺ,</span> <span class='ocrx_word' id='word_1_150' title='bbox 1631 1975 1708 2038; x_wconf 84' lang='grc' dir='ltr'>ὡς</span> <span class='ocrx_word' id='word_1_151' title='bbox 1769 1976 2016 2046; x_wconf 80' lang='grc' dir='ltr'>βλέπεις,</span> 
     </span>
    </p>
   </div>
   <div class='ocr_carea' id='block_1_21' title="bbox 440 2055 2019 2136">
    <p class='ocr_par' dir='ltr' id='par_1_21' title="bbox 440 2055 2019 2136">
     <span class='ocr_line' id='line_1_21' title="bbox 440 2055 2019 2136; baseline 0.012 -31"><span class='ocrx_word' id='word_1_152' title='bbox 440 2055 760 2126; x_wconf 65' lang='grc' dir='ltr'>ἠγέρθημεν</span> <span class='ocrx_word' id='word_1_153' title='bbox 795 2057 1187 2124; x_wconf 86' lang='grc' dir='ltr'>ἐπανελθόντες</span> <span class='ocrx_word' id='word_1_154' title='bbox 1238 2062 1445 2118; x_wconf 79' lang='grc' dir='ltr'>οἴκαδε.</span> <span class='ocrx_word' id='word_1_155' title='bbox 1506 2066 1581 2118; x_wconf 89' lang='grc' dir='ltr'>Οὐ</span> <span class='ocrx_word' id='word_1_156' title='bbox 1634 2069 1774 2136; x_wconf 86' lang='grc' dir='ltr'><strong>μετά</strong></span> <span class='ocrx_word' id='word_1_157' title='bbox 1817 2069 2019 2135; x_wconf 70' lang='grc' dir='ltr'>πολλὰς</span> 
     </span>
    </p>
   </div>
   <div class='ocr_carea' id='block_1_22' title="bbox 441 2148 2018 2231">
    <p class='ocr_par' dir='ltr' id='par_1_22' title="bbox 441 2148 2018 2231">
     <span class='ocr_line' id='line_1_22' title="bbox 441 2148 2018 2231; baseline 0.011 -32"><span class='ocrx_word' id='word_1_158' title='bbox 441 2148 662 2218; x_wconf 79' lang='grc' dir='ltr'>ἡμέρας</span> <span class='ocrx_word' id='word_1_159' title='bbox 701 2149 812 2222; x_wconf 82' lang='grc' dir='ltr'>ἔχω</span> <span class='ocrx_word' id='word_1_160' title='bbox 861 2151 1008 2206; x_wconf 79' lang='grc' dir='ltr'>κατὰ</span> <span class='ocrx_word' id='word_1_161' title='bbox 1056 2153 1185 2208; x_wconf 83' lang='grc' dir='ltr'>νοῦν</span> <span class='ocrx_word' id='word_1_162' title='bbox 1241 2155 1329 2208; x_wconf 78' lang='grc' dir='ltr'>ἵνα</span> <span class='ocrx_word' id='word_1_163' title='bbox 1371 2157 1681 2212; x_wconf 82' lang='grc' dir='ltr'>ἀποστείλω</span> <span class='ocrx_word' id='word_1_164' title='bbox 1734 2161 1873 2231; x_wconf 84' lang='grc' dir='ltr'>πρὸς</span> <span class='ocrx_word' id='word_1_165' title='bbox 1926 2163 2018 2216; x_wconf 81' lang='grc' dir='ltr'><strong>τὸν</strong></span> 
     </span>
    </p>
   </div>
   <div class='ocr_carea' id='block_1_23' title="bbox 439 2241 2018 2324">
    <p class='ocr_par' dir='ltr' id='par_1_23' title="bbox 439 2241 2018 2324">
     <span class='ocr_line' id='line_1_23' title="bbox 439 2241 2018 2324; baseline 0.011 -32"><span class='ocrx_word' id='word_1_166' title='bbox 439 2241 672 2310; x_wconf 84' lang='grc' dir='ltr'>ἀδελφόν</span> <span class='ocrx_word' id='word_1_167' title='bbox 701 2259 804 2311; x_wconf 87' lang='grc' dir='ltr'><strong>μου</strong></span> <span class='ocrx_word' id='word_1_168' title='bbox 844 2244 937 2296; x_wconf 84' lang='grc' dir='ltr'><strong>τὸν</strong></span> <span class='ocrx_word' id='word_1_169' title='bbox 972 2245 1150 2314; x_wconf 80' lang='grc' dir='ltr'>μέγαν</span> <span class='ocrx_word' id='word_1_170' title='bbox 1185 2248 1411 2319; x_wconf 81' lang='grc' dir='ltr'>ἀμηρᾶν</span> <span class='ocrx_word' id='word_1_171' title='bbox 1453 2250 1646 2306; x_wconf 87' lang='grc' dir='ltr'>τοῦτον</span> <span class='ocrx_word' id='word_1_172' title='bbox 1693 2253 1760 2324; x_wconf 77' lang='grc' dir='ltr'>δὴ</span> <span class='ocrx_word' id='word_1_173' title='bbox 1792 2256 1885 2307; x_wconf 76' lang='grc' dir='ltr'>τὸν</span> <span class='ocrx_word' id='word_1_174' title='bbox 1915 2254 2018 2323; x_wconf 80' lang='grc' dir='ltr'><strong>ἄρ-</strong></span> 
     </span>
    </p>
   </div>
   <div class='ocr_carea' id='block_1_24' title="bbox 438 2335 2017 2415">
    <p class='ocr_par' dir='ltr' id='par_1_24' title="bbox 438 2335 2017 2415">
     <span class='ocr_line' id='line_1_24' title="bbox 438 2335 2017 2415; baseline 0.008 -29"><span class='ocrx_word' id='word_1_175' title='bbox 438 2350 624 2404; x_wconf 85' lang='grc' dir='ltr'>χοντα,</span> <span class='ocrx_word' id='word_1_176' title='bbox 665 2353 686 2386; x_wconf 70' lang='grc' dir='ltr'><strong>ι</strong></span> <span class='ocrx_word' id='word_1_177' title='bbox 748 2335 1011 2391; x_wconf 80' lang='grc' dir='ltr'>δεικνύων</span> <span class='ocrx_word' id='word_1_178' title='bbox 1073 2339 1218 2407; x_wconf 81' lang='grc' dir='ltr'>ἐμὲ,</span> <span class='ocrx_word' id='word_1_179' title='bbox 1287 2359 1306 2392; x_wconf 80' lang='grc' dir='ltr'><strong>ι</strong></span> <span class='ocrx_word' id='word_1_180' title='bbox 1338 2340 1394 2403; x_wconf 83' lang='grc' dir='ltr'>ὃς</span> <span class='ocrx_word' id='word_1_181' title='bbox 1451 2342 1802 2414; x_wconf 85' lang='grc' dir='ltr'>δηλοποιήσει</span> <span class='ocrx_word' id='word_1_182' title='bbox 1842 2348 2017 2415; x_wconf 80' lang='grc' dir='ltr'>αὐτῷ,</span> 
     </span>
    </p>
   </div>
   <div class='ocr_carea' id='block_1_25' title="bbox 440 2426 2020 2507">
    <p class='ocr_par' dir='ltr' id='par_1_25' title="bbox 440 2426 2020 2507">
     <span class='ocr_line' id='line_1_25' title="bbox 440 2426 2020 2507; baseline 0.009 -29"><span class='ocrx_word' id='word_1_183' title='bbox 440 2426 534 2478; x_wconf 75' lang='grc' dir='ltr'>καὶ</span> <span class='ocrx_word' id='word_1_184' title='bbox 561 2426 785 2482; x_wconf 82' lang='grc' dir='ltr'>πλείονα</span> <span class='ocrx_word' id='word_1_185' title='bbox 815 2429 952 2483; x_wconf 74' lang='grc' dir='ltr'>ἄλλα</span> <span class='ocrx_word' id='word_1_186' title='bbox 1003 2431 1040 2486; x_wconf 70' lang='grc' dir='ltr'><strong>ἀ</strong></span> <span class='ocrx_word' id='word_1_187' title='bbox 1085 2433 1402 2503; x_wconf 80' lang='grc' dir='ltr'>ἀναμεταξὺ</span> <span class='ocrx_word' id='word_1_188' title='bbox 1459 2436 1618 2506; x_wconf 77' lang='grc' dir='ltr'><strong>ἡμῶν</strong></span> <span class='ocrx_word' id='word_1_189' title='bbox 1652 2437 1734 2491; x_wconf 76' lang='grc' dir='ltr'><strong>δεῖ</strong></span> <span class='ocrx_word' id='word_1_190' title='bbox 1777 2440 2020 2507; x_wconf 81' lang='grc' dir='ltr'>ἐνεργεῖ-</span> 
     </span>
    </p>
   </div>
   <div class='ocr_carea' id='block_1_26' title="bbox 440 2516 2020 2595">
    <p class='ocr_par' dir='ltr' id='par_1_26' title="bbox 440 2516 2020 2595">
     <span class='ocr_line' id='line_1_26' title="bbox 440 2516 2020 2595; baseline 0.009 -25"><span class='ocrx_word' id='word_1_191' title='bbox 440 2516 588 2572; x_wconf 82' lang='grc' dir='ltr'>σθαι.</span> <span class='ocrx_word' id='word_1_192' title='bbox 615 2524 651 2571; x_wconf 71' lang='grc' dir='ltr'><strong>ἰ</strong></span> <span class='ocrx_word' id='word_1_193' title='bbox 697 2519 758 2572; x_wconf 86' lang='lat' dir='ltr'><strong>&#39;O</strong></span> <span class='ocrx_word' id='word_1_194' title='bbox 790 2517 884 2576; x_wconf 84' lang='grc' dir='ltr'><strong>οῦν</strong></span> <span class='ocrx_word' id='word_1_195' title='bbox 919 2523 1167 2593; x_wconf 82' lang='grc' dir='ltr'>Τοῦρκος</span> <span class='ocrx_word' id='word_1_196' title='bbox 1198 2525 1440 2590; x_wconf 84' lang='grc' dir='ltr'>ἀκούσας</span> <span class='ocrx_word' id='word_1_197' title='bbox 1473 2530 1703 2592; x_wconf 83' lang='grc' dir='ltr'>τούτους</span> <span class='ocrx_word' id='word_1_198' title='bbox 1749 2532 1878 2595; x_wconf 86' lang='grc' dir='ltr'>τοὺς</span> <span class='ocrx_word' id='word_1_199' title='bbox 1933 2533 2020 2585; x_wconf 90' lang='grc' dir='ltr'>λό-</span> 
     </span>
    </p>
   </div>
   <div class='ocr_carea' id='block_1_27' title="bbox 439 2614 2019 2694">
    <p class='ocr_par' dir='ltr' id='par_1_27' title="bbox 439 2614 2019 2694">
     <span class='ocr_line' id='line_1_27' title="bbox 439 2614 2019 2694; baseline 0.009 -30"><span class='ocrx_word' id='word_1_200' title='bbox 439 2614 677 2679; x_wconf 81' lang='grc' dir='ltr'>γους,ἐτι</span> <span class='ocrx_word' id='word_1_201' title='bbox 701 2616 757 2669; x_wconf 86' lang='grc' dir='ltr'>δὲ</span> <span class='ocrx_word' id='word_1_202' title='bbox 789 2617 883 2670; x_wconf 83' lang='grc' dir='ltr'><strong>καὶ</strong></span> <span class='ocrx_word' id='word_1_203' title='bbox 907 2616 1304 2689; x_wconf 75' lang='grc' dir='ltr'>φιλοδωρηθεὶς</span> <span class='ocrx_word' id='word_1_204' title='bbox 1328 2618 1535 2685; x_wconf 81' lang='grc' dir='ltr'>καλῶς,</span> <span class='ocrx_word' id='word_1_205' title='bbox 1571 2623 1782 2694; x_wconf 82' lang='grc' dir='ltr'>ἀπῆλθε</span> <span class='ocrx_word' id='word_1_206' title='bbox 1807 2625 2019 2694; x_wconf 84' lang='grc' dir='ltr'>χαίρων</span> 
     </span>
    </p>
   </div>
   <div class='ocr_carea' id='block_1_28' title="bbox 452 2705 2014 2785">
    <p class='ocr_par' dir='ltr' id='par_1_28' title="bbox 452 2705 2014 2785">
     <span class='ocr_line' id='line_1_28' title="bbox 452 2705 2014 2785; baseline 0.01 -29"><span class='ocrx_word' id='word_1_207' title='bbox 452 2705 699 2759; x_wconf 79' lang='grc' dir='ltr'>Ἐκείνου</span> <span class='ocrx_word' id='word_1_208' title='bbox 727 2707 772 2760; x_wconf 87' lang='grc' dir='ltr'>δ’</span> <span class='ocrx_word' id='word_1_209' title='bbox 807 2709 1275 2779; x_wconf 83' lang='grc' dir='ltr'>ἀναχωρήσαντος</span> <span class='ocrx_word' id='word_1_210' title='bbox 1307 2713 1620 2781; x_wconf 83' lang='grc' dir='ltr'>προσέταξέ</span> <span class='ocrx_word' id='word_1_211' title='bbox 1666 2733 1758 2784; x_wconf 84' lang='grc' dir='ltr'>μοι</span> <span class='ocrx_word' id='word_1_212' title='bbox 1787 2716 1968 2785; x_wconf 90' lang='grc' dir='ltr'>λέγων</span> <span class='ocrx_word' id='word_1_213' title='bbox 1999 2735 2014 2750; x_wconf 81' lang='grc'><em>’</em></span> 
     </span>
    </p>
   </div>
   <div class='ocr_carea' id='block_1_29' title="bbox 445 2798 2022 2876">
    <p class='ocr_par' dir='ltr' id='par_1_29' title="bbox 445 2798 2022 2876">
     <span class='ocr_line' id='line_1_29' title="bbox 445 2798 2022 2876; baseline 0.011 -28"><span class='ocrx_word' id='word_1_214' title='bbox 445 2816 464 2848; x_wconf 77' lang='grc' dir='ltr'><strong>ι</strong></span> <span class='ocrx_word' id='word_1_215' title='bbox 517 2798 650 2851; x_wconf 84' lang='grc' dir='ltr'>Ἰδοὺ</span> <span class='ocrx_word' id='word_1_216' title='bbox 668 2801 1036 2871; x_wconf 80' lang='grc' dir='ltr'>προετοίμαξε</span> <span class='ocrx_word' id='word_1_217' title='bbox 1067 2803 1138 2856; x_wconf 77' lang='grc' dir='ltr'>τὰ</span> <span class='ocrx_word' id='word_1_218' title='bbox 1177 2804 1314 2874; x_wconf 83' lang='grc' dir='ltr'>πρὸς</span> <span class='ocrx_word' id='word_1_219' title='bbox 1343 2804 1536 2876; x_wconf 85' lang='grc' dir='ltr'>χρείαν</span> <span class='ocrx_word' id='word_1_220' title='bbox 1558 2807 1658 2874; x_wconf 83' lang='grc' dir='ltr'>τῆς</span> <span class='ocrx_word' id='word_1_221' title='bbox 1688 2808 1832 2863; x_wconf 79' lang='grc' dir='ltr'>ὁδοῦ.</span> <span class='ocrx_word' id='word_1_222' title='bbox 1864 2828 1883 2861; x_wconf 73' lang='grc' dir='ltr'><strong>ι</strong></span> <span class='ocrx_word' id='word_1_223' title='bbox 1907 2812 2022 2866; x_wconf 70' lang='grc' dir='ltr'><strong>Καὶ</strong></span> 
     </span>
    </p>
   </div>
   <div class='ocr_carea' id='block_1_30' title="bbox 445 2886 2018 2969">
    <p class='ocr_par' dir='ltr' id='par_1_30' title="bbox 445 2886 2018 2969">
     <span class='ocr_line' id='line_1_30' title="bbox 445 2886 2018 2969; baseline 0.008 -30"><span class='ocrx_word' id='word_1_224' title='bbox 445 2886 524 2956; x_wconf 81' lang='grc' dir='ltr'><strong>μὴ</strong></span> <span class='ocrx_word' id='word_1_225' title='bbox 547 2887 704 2951; x_wconf 84' lang='grc' dir='ltr'>είδὼς</span> <span class='ocrx_word' id='word_1_226' title='bbox 740 2890 853 2958; x_wconf 88' lang='grc' dir='ltr'>ἐγὼ</span> <span class='ocrx_word' id='word_1_227' title='bbox 891 2892 952 2944; x_wconf 83' lang='grc' dir='ltr'>τὺ</span> <span class='ocrx_word' id='word_1_228' title='bbox 996 2893 1182 2962; x_wconf 82' lang='grc' dir='ltr'>τυχὸν,</span> <span class='ocrx_word' id='word_1_229' title='bbox 1214 2894 1483 2965; x_wconf 81' lang='grc' dir='ltr'>ἀνέφερον</span> <span class='ocrx_word' id='word_1_230' title='bbox 1533 2895 1685 2967; x_wconf 87' lang='grc' dir='ltr'>αὐτῷ</span> <span class='ocrx_word' id='word_1_231' title='bbox 1727 2899 1810 2950; x_wconf 81' lang='grc' dir='ltr'>ὅτι</span> <span class='ocrx_word' id='word_1_232' title='bbox 1841 2901 1890 2952; x_wconf 90' lang='grc' dir='ltr'><strong>εί</strong></span> <span class='ocrx_word' id='word_1_233' title='bbox 1944 2902 2018 2969; x_wconf 81' lang='grc' dir='ltr'><strong>μὴ</strong></span> 
     </span>
    </p>
   </div>
   <div class='ocr_carea' id='block_1_31' title="bbox 445 2978 2019 3055">
    <p class='ocr_par' dir='ltr' id='par_1_31' title="bbox 445 2978 2019 3055">
     <span class='ocr_line' id='line_1_31' title="bbox 445 2978 2019 3055; baseline 0.011 -25"><span class='ocrx_word' id='word_1_234' title='bbox 445 2978 578 3052; x_wconf 71' lang='grc' dir='ltr'>ἔλθῃ</span> <span class='ocrx_word' id='word_1_235' title='bbox 611 2983 640 3035; x_wconf 82' lang='grc' dir='ltr'><strong>ό</strong></span> <span class='ocrx_word' id='word_1_236' title='bbox 667 2986 1105 3055; x_wconf 82' lang='grc' dir='ltr'>μητροπολίτης,</span> <span class='ocrx_word' id='word_1_237' title='bbox 1127 2987 1262 3040; x_wconf 85' lang='grc' dir='ltr'>Θεοῦ</span> <span class='ocrx_word' id='word_1_238' title='bbox 1286 2989 1659 3055; x_wconf 78' lang='grc' dir='ltr'>εὐδοκοῦντος,</span> <span class='ocrx_word' id='word_1_239' title='bbox 1686 2995 1780 3044; x_wconf 64' lang='grc' dir='ltr'><strong>καί¹</strong></span> <span class='ocrx_word' id='word_1_240' title='bbox 1803 2993 2019 3047; x_wconf 87' lang='grc' dir='ltr'>δώσωσι</span> 
     </span>
    </p>
   </div>
   <div class='ocr_carea' id='block_1_32' title="bbox 446 3073 2018 3152">
    <p class='ocr_par' dir='ltr' id='par_1_32' title="bbox 446 3073 2018 3152">
     <span class='ocr_line' id='line_1_32' title="bbox 446 3073 2018 3152; baseline 0.008 -28"><span class='ocrx_word' id='word_1_241' title='bbox 446 3073 581 3142; x_wconf 81' lang='grc' dir='ltr'>ἡμῖν</span> <span class='ocrx_word' id='word_1_242' title='bbox 627 3074 688 3127; x_wconf 77' lang='grc' dir='ltr'>τὸ</span> <span class='ocrx_word' id='word_1_243' title='bbox 739 3077 998 3146; x_wconf 86' lang='grc' dir='ltr'>κάστρον,</span> <span class='ocrx_word' id='word_1_244' title='bbox 1031 3078 1190 3148; x_wconf 84' lang='grc' dir='ltr'>κάγὼ</span> <span class='ocrx_word' id='word_1_245' title='bbox 1220 3079 1561 3152; x_wconf 79' lang='grc' dir='ltr'>ἀναῤῥωσθῶ</span> <span class='ocrx_word' id='word_1_246' title='bbox 1595 3082 1794 3150; x_wconf 82' lang='grc' dir='ltr'>ὀλίγον.</span> <span class='ocrx_word' id='word_1_247' title='bbox 1835 3103 1854 3136; x_wconf 78' lang='grc' dir='ltr'><strong>ι</strong></span> <span class='ocrx_word' id='word_1_248' title='bbox 1875 3085 2018 3138; x_wconf 77' lang='grc' dir='ltr'>Ἀλλ’</span> 
     </span>
    </p>
   </div>
   <div class='ocr_carea' id='block_1_33' title="bbox 2137 586 3716 666">
    <p class='ocr_par' dir='ltr' id='par_1_33' title="bbox 2137 586 3716 666">
     <span class='ocr_line' id='line_1_33' title="bbox 2137 586 3716 666; baseline -0.005 -18"><span class='ocrx_word' id='word_1_249' title='bbox 2137 615 2230 662; x_wconf 86' lang='grc' dir='ltr'><strong>τος</strong></span> <span class='ocrx_word' id='word_1_250' title='bbox 2257 597 2354 650; x_wconf 86' lang='grc' dir='ltr'><strong>τοῦ</strong></span> <span class='ocrx_word' id='word_1_251' title='bbox 2414 595 2837 666; x_wconf 76' lang='grc' dir='ltr'>μητροπολίτου,</span> <span class='ocrx_word' id='word_1_252' title='bbox 2886 598 2951 666; x_wconf 76' lang='grc' dir='ltr'>τῇ</span> <span class='ocrx_word' id='word_1_253' title='bbox 3008 600 3058 649; x_wconf 81' lang='grc' dir='ltr'>α’</span> <span class='ocrx_word' id='word_1_254' title='bbox 3122 591 3343 646; x_wconf 83' lang='grc' dir='ltr'>Ἰουνίου</span> <span class='ocrx_word' id='word_1_255' title='bbox 3401 589 3498 642; x_wconf 86' lang='grc' dir='ltr'><strong>τοῦ</strong></span> <span class='ocrx_word' id='word_1_256' title='bbox 3547 586 3716 642; x_wconf 85' lang='grc' dir='ltr'>αὐτοῦ</span> 
     </span>
    </p>
   </div>
   <div class='ocr_carea' id='block_1_34' title="bbox 2137 679 3718 760">
    <p class='ocr_par' dir='ltr' id='par_1_34' title="bbox 2137 679 3718 760">
     <span class='ocr_line' id='line_1_34' title="bbox 2137 679 3718 760; baseline -0.005 -20"><span class='ocrx_word' id='word_1_257' title='bbox 2137 687 2300 753; x_wconf 79' lang='grc' dir='ltr'>ἔτους</span> <span class='ocrx_word' id='word_1_258' title='bbox 2352 687 2722 760; x_wconf 80' lang='grc' dir='ltr'>ἀπηρχόμεθα</span> <span class='ocrx_word' id='word_1_259' title='bbox 2786 688 3114 757; x_wconf 82' lang='grc' dir='ltr'>κινήσαντες</span> <span class='ocrx_word' id='word_1_260' title='bbox 3172 683 3255 745; x_wconf 85' lang='grc' dir='ltr'><strong>είς</strong></span> <span class='ocrx_word' id='word_1_261' title='bbox 3304 683 3550 748; x_wconf 83' lang='grc' dir='ltr'>Πάτραν.</span> <span class='ocrx_word' id='word_1_262' title='bbox 3627 679 3718 733; x_wconf 81' lang='grc' dir='ltr'>Ἐν</span> 
     </span>
    </p>
   </div>
   <div class='ocr_carea' id='block_1_35' title="bbox 2136 772 3716 849">
    <p class='ocr_par' dir='ltr' id='par_1_35' title="bbox 2136 772 3716 849">
     <span class='ocr_line' id='line_1_35' title="bbox 2136 772 3716 849; baseline -0.006 -17"><span class='ocrx_word' id='word_1_263' title='bbox 2136 779 2363 842; x_wconf 83' lang='grc' dir='ltr'>ταύταις</span> <span class='ocrx_word' id='word_1_264' title='bbox 2393 778 2486 832; x_wconf 81' lang='grc' dir='ltr'><strong>οὖν</strong></span> <span class='ocrx_word' id='word_1_265' title='bbox 2511 782 2632 842; x_wconf 84' lang='grc' dir='ltr'>ταῖς</span> <span class='ocrx_word' id='word_1_266' title='bbox 2662 778 2902 849; x_wconf 77' lang='grc' dir='ltr'>ἡμέραις</span> <span class='ocrx_word' id='word_1_267' title='bbox 2931 777 3026 830; x_wconf 75' lang='grc' dir='ltr'>καὶ</span> <span class='ocrx_word' id='word_1_268' title='bbox 3054 777 3082 830; x_wconf 88' lang='grc' dir='ltr'><strong>ό</strong></span> <span class='ocrx_word' id='word_1_269' title='bbox 3137 774 3298 846; x_wconf 64' lang='grc'><strong>148</strong></span> <span class='ocrx_word' id='word_1_270' title='bbox 3349 772 3716 826; x_wconf 77' lang='grc' dir='ltr'>αὐθεντόπου-</span> 
     </span>
    </p>
   </div>
   <div class='ocr_carea' id='block_1_36' title="bbox 2135 865 3718 943">
    <p class='ocr_par' dir='ltr' id='par_1_36' title="bbox 2135 865 3718 943">
     <span class='ocr_line' id='line_1_36' title="bbox 2135 865 3718 943; baseline -0.007 -18"><span class='ocrx_word' id='word_1_271' title='bbox 2135 872 2228 936; x_wconf 88' lang='grc' dir='ltr'><strong>λος</strong></span> <span class='ocrx_word' id='word_1_272' title='bbox 2259 875 2286 926; x_wconf 80' lang='grc' dir='ltr'><strong>ό</strong></span> <span class='ocrx_word' id='word_1_273' title='bbox 2318 872 2428 943; x_wconf 82' lang='grc' dir='ltr'><strong>κὺρ</strong></span> <span class='ocrx_word' id='word_1_274' title='bbox 2472 873 2675 942; x_wconf 82' lang='grc' dir='ltr'>Θωμᾶς</span> <span class='ocrx_word' id='word_1_275' title='bbox 2721 871 2784 924; x_wconf 76' lang='grc' dir='ltr'>τὸ</span> <span class='ocrx_word' id='word_1_276' title='bbox 2813 869 2908 924; x_wconf 89' lang='grc' dir='ltr'><strong>τοῦ</strong></span> <span class='ocrx_word' id='word_1_277' title='bbox 2967 870 3271 939; x_wconf 85' lang='grc' dir='ltr'>πριγκίπου</span> <span class='ocrx_word' id='word_1_278' title='bbox 3334 865 3718 934; x_wconf 85' lang='grc' dir='ltr'>Κεντηρίωνος</span> 
     </span>
    </p>
   </div>
   <div class='ocr_carea' id='block_1_37' title="bbox 2138 957 3714 1035">
    <p class='ocr_par' dir='ltr' id='par_1_37' title="bbox 2138 957 3714 1035">
     <span class='ocr_line' id='line_1_37' title="bbox 2138 957 3714 1035; baseline -0.01 -16"><span class='ocrx_word' id='word_1_279' title='bbox 2138 964 2456 1035; x_wconf 86' lang='grc' dir='ltr'>πτολίεθρον</span> <span class='ocrx_word' id='word_1_280' title='bbox 2503 964 2602 1033; x_wconf 85' lang='grc' dir='ltr'>τὴν</span> <span class='ocrx_word' id='word_1_281' title='bbox 2665 962 3073 1033; x_wconf 81' lang='grc' dir='ltr'>Χαλατρίτζαν,</span> <span class='ocrx_word' id='word_1_282' title='bbox 3121 959 3213 1013; x_wconf 90' lang='grc' dir='ltr'><strong>τοῦ</strong></span> <span class='ocrx_word' id='word_1_283' title='bbox 3257 958 3352 1012; x_wconf 71' lang='grc' dir='ltr'>καὶ</span> <span class='ocrx_word' id='word_1_284' title='bbox 3416 957 3714 1024; x_wconf 73' lang='grc' dir='ltr'>μετέπειτα</span> 
     </span>
    </p>
   </div>
   <div class='ocr_carea' id='block_1_38' title="bbox 2135 1047 3708 1127">
    <p class='ocr_par' dir='ltr' id='par_1_38' title="bbox 2135 1047 3708 1127">
     <span class='ocr_line' id='line_1_38' title="bbox 2135 1047 3708 1127; baseline -0.011 -15"><span class='ocrx_word' id='word_1_285' title='bbox 2135 1058 2424 1125; x_wconf 84' lang='grc' dir='ltr'>γεγονότος</span> <span class='ocrx_word' id='word_1_286' title='bbox 2461 1058 2730 1127; x_wconf 85' lang='grc' dir='ltr'>πενθεροῦ</span> <span class='ocrx_word' id='word_1_287' title='bbox 2766 1056 2956 1114; x_wconf 90' lang='grc' dir='ltr'>αὐτοῦ,</span> <span class='ocrx_word' id='word_1_288' title='bbox 2982 1053 3298 1121; x_wconf 77' lang='grc' dir='ltr'>ἐπολιόρκει</span> <span class='ocrx_word' id='word_1_289' title='bbox 3325 1068 3339 1083; x_wconf 77' lang='grc' dir='ltr'><strong><em>ο</em></strong></span> <span class='ocrx_word' id='word_1_290' title='bbox 3378 1053 3404 1103; x_wconf 88' lang='grc' dir='ltr'>ὁ</span> <span class='ocrx_word' id='word_1_291' title='bbox 3431 1051 3486 1103; x_wconf 76' lang='grc' dir='ltr'><strong>δὲ</strong></span> <span class='ocrx_word' id='word_1_292' title='bbox 3509 1047 3708 1100; x_wconf 66' lang='grc' dir='ltr'>αὐθέν-</span> 
     </span>
    </p>
   </div>
   <div class='ocr_carea' id='block_1_39' title="bbox 2133 1137 3713 1218">
    <p class='ocr_par' dir='ltr' id='par_1_39' title="bbox 2133 1137 3713 1218">
     <span class='ocr_line' id='line_1_39' title="bbox 2133 1137 3713 1218; baseline -0.009 -15"><span class='ocrx_word' id='word_1_293' title='bbox 2133 1166 2234 1216; x_wconf 81' lang='grc' dir='ltr'><strong>της</strong></span> <span class='ocrx_word' id='word_1_294' title='bbox 2264 1165 2368 1215; x_wconf 80' lang='grc' dir='ltr'><strong>μου</strong></span> <span class='ocrx_word' id='word_1_295' title='bbox 2404 1148 2522 1218; x_wconf 72' lang='grc' dir='ltr'>ἅμα</span> <span class='ocrx_word' id='word_1_296' title='bbox 2551 1148 2629 1217; x_wconf 86' lang='grc' dir='ltr'>τῷ</span> <span class='ocrx_word' id='word_1_297' title='bbox 2655 1147 2871 1218; x_wconf 79' lang='grc' dir='ltr'>ἀδελφῷ</span> <span class='ocrx_word' id='word_1_298' title='bbox 2920 1145 3088 1199; x_wconf 80' lang='grc' dir='ltr'>αὐτοῦ</span> <span class='ocrx_word' id='word_1_299' title='bbox 3120 1144 3410 1211; x_wconf 76' lang='grc' dir='ltr'>διήρχοντο</span> <span class='ocrx_word' id='word_1_300' title='bbox 3463 1141 3552 1192; x_wconf 83' lang='grc' dir='ltr'>διὰ</span> <span class='ocrx_word' id='word_1_301' title='bbox 3607 1137 3713 1202; x_wconf 77' lang='grc' dir='ltr'><strong>τῆς</strong></span> 
     </span>
    </p>
   </div>
   <div class='ocr_carea' id='block_1_40' title="bbox 2131 1224 3710 1308">
    <p class='ocr_par' dir='ltr' id='par_1_40' title="bbox 2131 1224 3710 1308">
     <span class='ocr_line' id='line_1_40' title="bbox 2131 1224 3710 1308; baseline -0.008 -17"><span class='ocrx_word' id='word_1_302' title='bbox 2131 1238 2254 1292; x_wconf 80' lang='grc' dir='ltr'>ὀδοῦ</span> <span class='ocrx_word' id='word_1_303' title='bbox 2280 1239 2382 1307; x_wconf 86' lang='grc' dir='ltr'>τῆς</span> <span class='ocrx_word' id='word_1_304' title='bbox 2414 1240 2495 1301; x_wconf 88' lang='grc' dir='ltr'><strong>είς</strong></span> <span class='ocrx_word' id='word_1_305' title='bbox 2524 1238 2750 1308; x_wconf 86' lang='grc' dir='ltr'>Πάτραν</span> <span class='ocrx_word' id='word_1_306' title='bbox 2820 1236 3101 1306; x_wconf 83' lang='grc' dir='ltr'>φερούσης</span> <span class='ocrx_word' id='word_1_307' title='bbox 3127 1250 3142 1266; x_wconf 83' lang='lat'>&#39;</span> <span class='ocrx_word' id='word_1_308' title='bbox 3205 1230 3559 1286; x_wconf 74' lang='grc' dir='ltr'>κατελθόντεε</span> <span class='ocrx_word' id='word_1_309' title='bbox 3616 1224 3710 1290; x_wconf 72' lang='grc' dir='ltr'><strong>οῦν</strong></span> 
     </span>
    </p>
   </div>
   <div class='ocr_carea' id='block_1_41' title="bbox 2128 1321 3714 1400">
    <p class='ocr_par' dir='ltr' id='par_1_41' title="bbox 2128 1321 3714 1400">
     <span class='ocr_line' id='line_1_41' title="bbox 2128 1321 3714 1400; baseline -0.008 -16"><span class='ocrx_word' id='word_1_310' title='bbox 2128 1331 2432 1399; x_wconf 81' lang='grc' dir='ltr'>ἐμείναμεν</span> <span class='ocrx_word' id='word_1_311' title='bbox 2479 1329 2614 1400; x_wconf 83' lang='grc' dir='ltr'>ὁμοῦ</span> <span class='ocrx_word' id='word_1_312' title='bbox 2668 1330 2750 1392; x_wconf 85' lang='grc' dir='ltr'><strong>είς</strong></span> <span class='ocrx_word' id='word_1_313' title='bbox 2814 1329 2913 1397; x_wconf 85' lang='grc' dir='ltr'><strong>τὴν</strong></span> <span class='ocrx_word' id='word_1_314' title='bbox 2959 1326 3326 1395; x_wconf 74' lang='grc' dir='ltr'>Καμενίτζαν.</span> <span class='ocrx_word' id='word_1_315' title='bbox 3380 1321 3714 1379; x_wconf 84' lang='grc' dir='ltr'>Ίωαννίκιος</span> 
     </span>
    </p>
   </div>
   <div class='ocr_carea' id='block_1_42' title="bbox 2129 1414 3711 1490">
    <p class='ocr_par' dir='ltr' id='par_1_42' title="bbox 2129 1414 3711 1490">
     <span class='ocr_line' id='line_1_42' title="bbox 2129 1414 3711 1490; baseline -0.001 -15"><span class='ocrx_word' id='word_1_316' title='bbox 2129 1424 2370 1486; x_wconf 88' lang='grc' dir='ltr'>Βαλότας</span> <span class='ocrx_word' id='word_1_317' title='bbox 2399 1419 2494 1477; x_wconf 87' lang='grc' dir='ltr'><strong>οῦν</strong></span> <span class='ocrx_word' id='word_1_318' title='bbox 2546 1423 2575 1475; x_wconf 85' lang='grc' dir='ltr'>ὀ</span> <span class='ocrx_word' id='word_1_319' title='bbox 2623 1422 2717 1476; x_wconf 88' lang='grc' dir='ltr'><strong>τοῦ</strong></span> <span class='ocrx_word' id='word_1_320' title='bbox 2777 1422 3082 1490; x_wconf 88' lang='grc' dir='ltr'>πριγκίπου</span> <span class='ocrx_word' id='word_1_321' title='bbox 3133 1421 3313 1472; x_wconf 80' lang='grc' dir='ltr'>ἐκεῖσε</span> <span class='ocrx_word' id='word_1_322' title='bbox 3369 1418 3576 1485; x_wconf 80' lang='grc' dir='ltr'>ἄρχων,</span> <span class='ocrx_word' id='word_1_323' title='bbox 3631 1414 3711 1474; x_wconf 81' lang='grc' dir='ltr'><strong>ὡς</strong></span> 
     </span>
    </p>
   </div>
   <div class='ocr_carea' id='block_1_43' title="bbox 2130 1509 3801 1585">
    <p class='ocr_par' dir='ltr' id='par_1_43' title="bbox 2130 1509 3801 1585">
     <span class='ocr_line' id='line_1_43' title="bbox 2130 1509 3801 1585; baseline -0.001 -17"><span class='ocrx_word' id='word_1_324' title='bbox 2130 1517 2304 1585; x_wconf 80' lang='grc' dir='ltr'>ἔμαθε</span> <span class='ocrx_word' id='word_1_325' title='bbox 2353 1517 2534 1583; x_wconf 81' lang='grc' dir='ltr'>τοῦτο,</span> <span class='ocrx_word' id='word_1_326' title='bbox 2575 1517 2806 1585; x_wconf 90' lang='grc' dir='ltr'>αίτήσας</span> <span class='ocrx_word' id='word_1_327' title='bbox 2859 1515 3159 1584; x_wconf 75' lang='grc' dir='ltr'>ἀφιέρωσιν</span> <span class='ocrx_word' id='word_1_328' title='bbox 3226 1513 3312 1564; x_wconf 81' lang='grc' dir='ltr'><strong>ἵνα</strong></span> <span class='ocrx_word' id='word_1_329' title='bbox 3365 1509 3714 1576; x_wconf 75' lang='grc' dir='ltr'>ἀμφοτέρους</span> <span class='ocrx_word' id='word_1_330' title='bbox 3795 1519 3801 1525; x_wconf 91' lang='grc'><strong>”</strong></span> 
     </span>
    </p>
   </div>
   <div class='ocr_carea' id='block_1_44' title="bbox 2127 1595 3716 1677">
    <p class='ocr_par' dir='ltr' id='par_1_44' title="bbox 2127 1595 3716 1677">
     <span class='ocr_line' id='line_1_44' title="bbox 2127 1595 3716 1677; baseline -0.01 -15"><span class='ocrx_word' id='word_1_331' title='bbox 2127 1611 2258 1672; x_wconf 85' lang='grc' dir='ltr'>τοὺς</span> <span class='ocrx_word' id='word_1_332' title='bbox 2290 1609 2557 1671; x_wconf 83' lang='grc' dir='ltr'>αὐθέντας</span> <span class='ocrx_word' id='word_1_333' title='bbox 2611 1606 2741 1677; x_wconf 74' lang='grc' dir='ltr'>ἔλθῃ</span> <span class='ocrx_word' id='word_1_334' title='bbox 2769 1604 3156 1674; x_wconf 74' lang='grc' dir='ltr'>προσκυνῆσαι</span> <span class='ocrx_word' id='word_1_335' title='bbox 3214 1601 3436 1666; x_wconf 77' lang='grc' dir='ltr'>αὐτοὺς,</span> <span class='ocrx_word' id='word_1_336' title='bbox 3471 1599 3567 1650; x_wconf 74' lang='grc' dir='ltr'><strong>καὶ</strong></span> <span class='ocrx_word' id='word_1_337' title='bbox 3629 1595 3716 1647; x_wconf 86' lang='grc' dir='ltr'>ἐλ-</span> 
     </span>
    </p>
   </div>
   <div class='ocr_carea' id='block_1_45' title="bbox 2128 1687 3714 1767">
    <p class='ocr_par' dir='ltr' id='par_1_45' title="bbox 2128 1687 3714 1767">
     <span class='ocr_line' id='line_1_45' title="bbox 2128 1687 3714 1767; baseline -0.009 -14"><span class='ocrx_word' id='word_1_338' title='bbox 2128 1702 2239 1754; x_wconf 87' lang='grc' dir='ltr'><strong>θὼν</strong></span> <span class='ocrx_word' id='word_1_339' title='bbox 2265 1702 2430 1764; x_wconf 79' lang='grc' dir='ltr'>εὐθὺς</span> <span class='ocrx_word' id='word_1_340' title='bbox 2461 1700 2563 1764; x_wconf 84' lang='grc' dir='ltr'>τὰς</span> <span class='ocrx_word' id='word_1_341' title='bbox 2604 1701 2700 1753; x_wconf 86' lang='grc' dir='ltr'><strong>τοῦ</strong></span> <span class='ocrx_word' id='word_1_342' title='bbox 2756 1698 3082 1767; x_wconf 85' lang='grc' dir='ltr'>πτολιέθρου</span> <span class='ocrx_word' id='word_1_343' title='bbox 3124 1695 3273 1755; x_wconf 85' lang='grc' dir='ltr'>κλεῖς</span> <span class='ocrx_word' id='word_1_344' title='bbox 3321 1689 3567 1744; x_wconf 83' lang='grc' dir='ltr'>ὲκϐαλὼν</span> <span class='ocrx_word' id='word_1_345' title='bbox 3627 1687 3714 1740; x_wconf 86' lang='grc' dir='ltr'>δέ-</span> 
     </span>
    </p>
   </div>
   <div class='ocr_carea' id='block_1_46' title="bbox 2125 1779 3710 1864">
    <p class='ocr_par' dir='ltr' id='par_1_46' title="bbox 2125 1779 3710 1864">
     <span class='ocr_line' id='line_1_46' title="bbox 2125 1779 3710 1864; baseline -0.011 -16"><span class='ocrx_word' id='word_1_346' title='bbox 2125 1795 2266 1848; x_wconf 89' lang='grc' dir='ltr'>δωκε</span> <span class='ocrx_word' id='word_1_347' title='bbox 2304 1794 2507 1856; x_wconf 89' lang='grc' dir='ltr'>ταύτας</span> <span class='ocrx_word' id='word_1_348' title='bbox 2533 1792 2611 1863; x_wconf 84' lang='grc' dir='ltr'>τῷ</span> <span class='ocrx_word' id='word_1_349' title='bbox 2656 1791 2896 1864; x_wconf 78' lang='grc' dir='ltr'>αὐθέντῃ</span> <span class='ocrx_word' id='word_1_350' title='bbox 2927 1805 3029 1859; x_wconf 90' lang='grc' dir='ltr'><strong>μου</strong></span> <span class='ocrx_word' id='word_1_351' title='bbox 3077 1787 3157 1858; x_wconf 82' lang='grc' dir='ltr'>τῷ</span> <span class='ocrx_word' id='word_1_352' title='bbox 3188 1786 3448 1853; x_wconf 81' lang='grc' dir='ltr'>δεσπότῃ,</span> <span class='ocrx_word' id='word_1_353' title='bbox 3499 1779 3668 1834; x_wconf 84' lang='grc' dir='ltr'>είπών</span> <span class='ocrx_word' id='word_1_354' title='bbox 3694 1795 3710 1812; x_wconf 79' lang='grc' dir='ltr'><strong><em>ο</em></strong></span> 
     </span>
    </p>
   </div>
   <div class='ocr_carea' id='block_1_47' title="bbox 2135 1873 3711 1952">
    <p class='ocr_par' dir='ltr' id='par_1_47' title="bbox 2135 1873 3711 1952">
     <span class='ocr_line' id='line_1_47' title="bbox 2135 1873 3711 1952; baseline -0.011 -14"><span class='ocrx_word' id='word_1_355' title='bbox 2135 1903 2155 1937; x_wconf 79' lang='grc' dir='ltr'><strong>ι</strong></span> <span class='ocrx_word' id='word_1_356' title='bbox 2184 1885 2357 1938; x_wconf 85' lang='grc' dir='ltr'>Τοῦτό</span> <span class='ocrx_word' id='word_1_357' title='bbox 2391 1885 2510 1938; x_wconf 83' lang='grc' dir='ltr'>ἐστι</span> <span class='ocrx_word' id='word_1_358' title='bbox 2569 1882 2891 1952; x_wconf 84' lang='grc' dir='ltr'>πτολίεθρον</span> <span class='ocrx_word' id='word_1_359' title='bbox 2954 1877 3101 1941; x_wconf 77' lang='grc' dir='ltr'>ἰδίως</span> <span class='ocrx_word' id='word_1_360' title='bbox 3144 1874 3240 1930; x_wconf 91' lang='grc' dir='ltr'><strong>τοῦ</strong></span> <span class='ocrx_word' id='word_1_361' title='bbox 3281 1873 3544 1927; x_wconf 85' lang='grc' dir='ltr'>αὐθέντου</span> <span class='ocrx_word' id='word_1_362' title='bbox 3608 1887 3711 1940; x_wconf 87' lang='grc' dir='ltr'>μου</span> 
     </span>
    </p>
   </div>
   <div class='ocr_carea' id='block_1_48' title="bbox 2129 1963 3712 2046">
    <p class='ocr_par' dir='ltr' id='par_1_48' title="bbox 2129 1963 3712 2046">
     <span class='ocr_line' id='line_1_48' title="bbox 2129 1963 3712 2046; baseline -0.01 -16"><span class='ocrx_word' id='word_1_363' title='bbox 2129 1979 2226 2032; x_wconf 70' lang='grc' dir='ltr'><strong>καὶ</strong></span> <span class='ocrx_word' id='word_1_364' title='bbox 2263 1975 2628 2046; x_wconf 79' lang='grc' dir='ltr'>συγγάμϐρου</span> <span class='ocrx_word' id='word_1_365' title='bbox 2663 1973 2766 2042; x_wconf 80' lang='grc' dir='ltr'>τῆς</span> <span class='ocrx_word' id='word_1_366' title='bbox 2828 1969 3111 2040; x_wconf 86' lang='grc' dir='ltr'>βασιλείας</span> <span class='ocrx_word' id='word_1_367' title='bbox 3168 1985 3263 2020; x_wconf 90' lang='grc' dir='ltr'><strong>σου</strong></span> <span class='ocrx_word' id='word_1_368' title='bbox 3295 1985 3314 2018; x_wconf 72' lang='grc' dir='ltr'><strong>ι</strong></span> <span class='ocrx_word' id='word_1_369' title='bbox 3357 1966 3473 2033; x_wconf 78' lang='grc' dir='ltr'>(καὶ</span> <span class='ocrx_word' id='word_1_370' title='bbox 3513 1963 3624 2031; x_wconf 84' lang='grc' dir='ltr'>γὰρ</span> <span class='ocrx_word' id='word_1_371' title='bbox 3685 1964 3712 2014; x_wconf 84' lang='grc' dir='ltr'><em>ὁ</em></span> 
     </span>
    </p>
   </div>
   <div class='ocr_carea' id='block_1_49' title="bbox 2128 2056 3712 2138">
    <p class='ocr_par' dir='ltr' id='par_1_49' title="bbox 2128 2056 3712 2138">
     <span class='ocr_line' id='line_1_49' title="bbox 2128 2056 3712 2138; baseline -0.012 -14"><span class='ocrx_word' id='word_1_372' title='bbox 2128 2070 2225 2125; x_wconf 88' lang='grc' dir='ltr'><strong>τοῦ</strong></span> <span class='ocrx_word' id='word_1_373' title='bbox 2259 2071 2564 2138; x_wconf 76' lang='grc' dir='ltr'>πριγκίπου</span> <span class='ocrx_word' id='word_1_374' title='bbox 2609 2067 2726 2129; x_wconf 73' lang='grc' dir='ltr'>υίὸς</span> <span class='ocrx_word' id='word_1_375' title='bbox 2762 2062 3068 2134; x_wconf 84' lang='grc' dir='ltr'>προέλαϐεν</span> <span class='ocrx_word' id='word_1_376' title='bbox 3100 2062 3179 2122; x_wconf 87' lang='grc' dir='ltr'><strong>είς</strong></span> <span class='ocrx_word' id='word_1_377' title='bbox 3208 2060 3445 2126; x_wconf 82' lang='grc' dir='ltr'>νόμιμον</span> <span class='ocrx_word' id='word_1_378' title='bbox 3469 2056 3712 2122; x_wconf 76' lang='grc' dir='ltr'>γυναῖκα</span> 
     </span>
    </p>
   </div>
   <div class='ocr_carea' id='block_1_50' title="bbox 2125 2145 3709 2233">
    <p class='ocr_par' dir='ltr' id='par_1_50' title="bbox 2125 2145 3709 2233">
     <span class='ocr_line' id='line_1_50' title="bbox 2125 2145 3709 2233; baseline -0.013 -15"><span class='ocrx_word' id='word_1_379' title='bbox 2125 2165 2227 2233; x_wconf 82' lang='grc' dir='ltr'>τὴν</span> <span class='ocrx_word' id='word_1_380' title='bbox 2285 2162 2522 2232; x_wconf 80' lang='grc' dir='ltr'>ἀδελφὴν</span> <span class='ocrx_word' id='word_1_381' title='bbox 2585 2159 2685 2228; x_wconf 82' lang='grc' dir='ltr'>τῆς</span> <span class='ocrx_word' id='word_1_382' title='bbox 2737 2156 3062 2226; x_wconf 80' lang='grc' dir='ltr'>βασιλίσσης</span> <span class='ocrx_word' id='word_1_383' title='bbox 3122 2152 3322 2223; x_wconf 81' lang='grc' dir='ltr'>κυρίας</span> <span class='ocrx_word' id='word_1_384' title='bbox 3381 2145 3709 2214; x_wconf 83' lang='grc' dir='ltr'>Θεοδώρας),</span> 
     </span>
    </p>
   </div>
   <div class='ocr_carea' id='block_1_51' title="bbox 2134 2236 3709 2326">
    <p class='ocr_par' dir='ltr' id='par_1_51' title="bbox 2134 2236 3709 2326">
     <span class='ocr_line' id='line_1_51' title="bbox 2134 2236 3709 2326; baseline -0.016 -15"><span class='ocrx_word' id='word_1_385' title='bbox 2134 2277 2152 2310; x_wconf 79' lang='grc' dir='ltr'><strong>ι</strong></span> <span class='ocrx_word' id='word_1_386' title='bbox 2185 2259 2244 2320; x_wconf 79' lang='grc' dir='ltr'>ὃς</span> <span class='ocrx_word' id='word_1_387' title='bbox 2275 2273 2368 2326; x_wconf 84' lang='grc' dir='ltr'><strong>μοι</strong></span> <span class='ocrx_word' id='word_1_388' title='bbox 2403 2252 2740 2324; x_wconf 78' lang='grc' dir='ltr'>προσέταξεν</span> <span class='ocrx_word' id='word_1_389' title='bbox 2772 2250 2857 2302; x_wconf 76' lang='grc' dir='ltr'><strong>ἵνα</strong></span> <span class='ocrx_word' id='word_1_390' title='bbox 2916 2244 3230 2315; x_wconf 82' lang='grc' dir='ltr'>παραδώσω</span> <span class='ocrx_word' id='word_1_391' title='bbox 3278 2240 3442 2296; x_wconf 89' lang='grc' dir='ltr'>τοῦτο</span> <span class='ocrx_word' id='word_1_392' title='bbox 3484 2241 3551 2307; x_wconf 79' lang='grc' dir='ltr'>τῇ</span> <span class='ocrx_word' id='word_1_393' title='bbox 3613 2236 3709 2304; x_wconf 82' lang='grc' dir='ltr'><strong>βα-</strong></span> 
     </span>
    </p>
   </div>
   <div class='ocr_carea' id='block_1_52' title="bbox 2130 2329 3707 2420">
    <p class='ocr_par' dir='ltr' id='par_1_52' title="bbox 2130 2329 3707 2420">
     <span class='ocr_line' id='line_1_52' title="bbox 2130 2329 3707 2420; baseline -0.016 -16"><span class='ocrx_word' id='word_1_394' title='bbox 2130 2350 2306 2420; x_wconf 76' lang='grc' dir='ltr'>σιλείᾳ</span> <span class='ocrx_word' id='word_1_395' title='bbox 2338 2366 2452 2402; x_wconf 88' lang='grc' dir='ltr'>σου.</span> <span class='ocrx_word' id='word_1_396' title='bbox 2481 2367 2500 2400; x_wconf 74' lang='grc' dir='ltr'><strong>ι</strong></span> <span class='ocrx_word' id='word_1_397' title='bbox 2547 2345 2606 2399; x_wconf 88' lang='grc' dir='ltr'>Ὀ</span> <span class='ocrx_word' id='word_1_398' title='bbox 2633 2345 2689 2398; x_wconf 77' lang='grc' dir='ltr'>δὲ</span> <span class='ocrx_word' id='word_1_399' title='bbox 2718 2341 3042 2413; x_wconf 77' lang='grc' dir='ltr'>ἀποκριθεὶς</span> <span class='ocrx_word' id='word_1_400' title='bbox 3064 2334 3218 2391; x_wconf 69' lang='grc' dir='ltr'>εἶπεν</span> <span class='ocrx_word' id='word_1_401' title='bbox 3245 2333 3425 2402; x_wconf 83' lang='grc' dir='ltr'>αὐτῷ·</span> <span class='ocrx_word' id='word_1_402' title='bbox 3460 2350 3481 2384; x_wconf 75' lang='grc' dir='ltr'><strong>ι</strong></span> <span class='ocrx_word' id='word_1_403' title='bbox 3516 2329 3707 2392; x_wconf 78' lang='grc' dir='ltr'>Οὕτως</span> 
     </span>
    </p>
   </div>
   <div class='ocr_carea' id='block_1_53' title="bbox 2128 2421 3708 2512">
    <p class='ocr_par' dir='ltr' id='par_1_53' title="bbox 2128 2421 3708 2512">
     <span class='ocr_line' id='line_1_53' title="bbox 2128 2421 3708 2512; baseline -0.016 -16"><span class='ocrx_word' id='word_1_404' title='bbox 2128 2444 2266 2512; x_wconf 71' lang='grc' dir='ltr'>ἔχει,</span> <span class='ocrx_word' id='word_1_405' title='bbox 2326 2442 2411 2494; x_wconf 84' lang='grc' dir='ltr'>ὅτι</span> <span class='ocrx_word' id='word_1_406' title='bbox 2454 2437 2754 2507; x_wconf 87' lang='grc' dir='ltr'>συγγενοῦς</span> <span class='ocrx_word' id='word_1_407' title='bbox 2797 2433 2897 2504; x_wconf 84' lang='grc' dir='ltr'>μού</span> <span class='ocrx_word' id='word_1_408' title='bbox 2948 2435 3097 2485; x_wconf 85' lang='grc' dir='ltr'>ἐστιν</span> <span class='ocrx_word' id='word_1_409' title='bbox 3150 2431 3178 2482; x_wconf 90' lang='grc' dir='ltr'>ὁ</span> <span class='ocrx_word' id='word_1_410' title='bbox 3229 2425 3476 2486; x_wconf 75' lang='grc' dir='ltr'>τοιοῦτος</span> <span class='ocrx_word' id='word_1_411' title='bbox 3517 2421 3708 2485; x_wconf 80' lang='grc' dir='ltr'>τόπος,</span> 
     </span>
    </p>
   </div>
   <div class='ocr_carea' id='block_1_54' title="bbox 2128 2513 3710 2602">
    <p class='ocr_par' dir='ltr' id='par_1_54' title="bbox 2128 2513 3710 2602">
     <span class='ocr_line' id='line_1_54' title="bbox 2128 2513 3710 2602; baseline -0.016 -14"><span class='ocrx_word' id='word_1_412' title='bbox 2128 2535 2336 2589; x_wconf 84' lang='grc' dir='ltr'>ἀλλὀὐ</span> <span class='ocrx_word' id='word_1_413' title='bbox 2363 2529 2760 2602; x_wconf 84' lang='grc' dir='ltr'>γνησιεστέρου</span> <span class='ocrx_word' id='word_1_414' title='bbox 2797 2525 2890 2581; x_wconf 91' lang='grc' dir='ltr'><strong>τοῦ</strong></span> <span class='ocrx_word' id='word_1_415' title='bbox 2943 2521 3180 2592; x_wconf 82' lang='grc' dir='ltr'>ἀδελφοῦ</span> <span class='ocrx_word' id='word_1_416' title='bbox 3239 2536 3362 2589; x_wconf 86' lang='grc' dir='ltr'>μου.</span> <span class='ocrx_word' id='word_1_417' title='bbox 3421 2515 3623 2569; x_wconf 80' lang='grc' dir='ltr'>Λοιπὸν</span> <span class='ocrx_word' id='word_1_418' title='bbox 3661 2513 3710 2564; x_wconf 89' lang='grc' dir='ltr'><strong>εί</strong></span> 
     </span>
    </p>
   </div>
   <div class='ocr_carea' id='block_1_55' title="bbox 2127 2602 3709 2698">
    <p class='ocr_par' dir='ltr' id='par_1_55' title="bbox 2127 2602 3709 2698">
     <span class='ocr_line' id='line_1_55' title="bbox 2127 2602 3709 2698; baseline -0.017 -18"><span class='ocrx_word' id='word_1_419' title='bbox 2127 2627 2570 2698; x_wconf 80' lang='grc' dir='ltr'>προγενέστερον</span> <span class='ocrx_word' id='word_1_420' title='bbox 2625 2619 2800 2673; x_wconf 80' lang='grc' dir='ltr'>ἐποίει</span> <span class='ocrx_word' id='word_1_421' title='bbox 2855 2616 3035 2680; x_wconf 86' lang='grc' dir='ltr'>τοῦτο,</span> <span class='ocrx_word' id='word_1_422' title='bbox 3085 2614 3114 2666; x_wconf 77' lang='grc' dir='ltr'>ὁ</span> <span class='ocrx_word' id='word_1_423' title='bbox 3163 2609 3388 2678; x_wconf 85' lang='grc' dir='ltr'>ἀδελφός</span> <span class='ocrx_word' id='word_1_424' title='bbox 3446 2623 3548 2676; x_wconf 88' lang='grc' dir='ltr'><strong>μου</strong></span> <span class='ocrx_word' id='word_1_425' title='bbox 3587 2602 3709 2698; x_wconf 78' lang='grc' dir='ltr'>κατ’</span> 
     </span>
    </p>
   </div>
   <div class='ocr_carea' id='block_1_56' title="bbox 2129 2696 3709 2788">
    <p class='ocr_par' dir='ltr' id='par_1_56' title="bbox 2129 2696 3709 2788">
     <span class='ocr_line' id='line_1_56' title="bbox 2129 2696 3709 2788; baseline -0.017 -14"><span class='ocrx_word' id='word_1_426' title='bbox 2129 2696 2264 2788; x_wconf 51' lang='grc' dir='ltr'>ἐμοῦ</span> <span class='ocrx_word' id='word_1_427' title='bbox 2289 2719 2391 2772; x_wconf 89' lang='grc' dir='ltr'><strong>οὐκ</strong></span> <span class='ocrx_word' id='word_1_428' title='bbox 2429 2714 2799 2786; x_wconf 78' lang='grc' dir='ltr'>ἐνεχειρίζετο</span> <span class='ocrx_word' id='word_1_429' title='bbox 2825 2709 2982 2763; x_wconf 79' lang='grc' dir='ltr'>οὐδὲν</span> <span class='ocrx_word' id='word_1_430' title='bbox 3029 2707 3057 2760; x_wconf 81' lang='grc' dir='ltr'>ὃ</span> <span class='ocrx_word' id='word_1_431' title='bbox 3085 2706 3194 2774; x_wconf 85' lang='grc' dir='ltr'>ἐγὼ</span> <span class='ocrx_word' id='word_1_432' title='bbox 3225 2701 3392 2772; x_wconf 76' lang='grc' dir='ltr'>εἶχον,</span> <span class='ocrx_word' id='word_1_433' title='bbox 3418 2700 3513 2754; x_wconf 77' lang='grc' dir='ltr'><strong>καὶ</strong></span> <span class='ocrx_word' id='word_1_434' title='bbox 3543 2696 3709 2757; x_wconf 79' lang='grc' dir='ltr'>αὐτὸς</span> 
     </span>
    </p>
   </div>
   <div class='ocr_carea' id='block_1_57' title="bbox 2127 2789 3710 2879">
    <p class='ocr_par' dir='ltr' id='par_1_57' title="bbox 2127 2789 3710 2879">
     <span class='ocr_line' id='line_1_57' title="bbox 2127 2789 3710 2879; baseline -0.019 -11"><span class='ocrx_word' id='word_1_435' title='bbox 2127 2814 2223 2867; x_wconf 72' lang='grc' dir='ltr'><strong>καὶ</strong></span> <span class='ocrx_word' id='word_1_436' title='bbox 2255 2813 2284 2866; x_wconf 80' lang='grc' dir='ltr'><strong>ὁ</strong></span> <span class='ocrx_word' id='word_1_437' title='bbox 2332 2810 2604 2879; x_wconf 81' lang='grc' dir='ltr'>αὐθέντης</span> <span class='ocrx_word' id='word_1_438' title='bbox 2651 2823 2746 2859; x_wconf 92' lang='grc' dir='ltr'><strong>σου</strong></span> <span class='ocrx_word' id='word_1_439' title='bbox 2814 2800 3166 2873; x_wconf 81' lang='grc' dir='ltr'>ἀλλοτρόπως</span> <span class='ocrx_word' id='word_1_440' title='bbox 3226 2792 3374 2865; x_wconf 83' lang='grc' dir='ltr'>εῐχον</span> <span class='ocrx_word' id='word_1_441' title='bbox 3416 2790 3567 2844; x_wconf 82' lang='grc' dir='ltr'>αὐτό.</span> <span class='ocrx_word' id='word_1_442' title='bbox 3627 2789 3710 2840; x_wconf 69' lang='lat' dir='ltr'><strong>Td:</strong></span> 
     </span>
    </p>
   </div>
   <div class='ocr_carea' id='block_1_58' title="bbox 2129 2883 3713 2972">
    <p class='ocr_par' dir='ltr' id='par_1_58' title="bbox 2129 2883 3713 2972">
     <span class='ocr_line' id='line_1_58' title="bbox 2129 2883 3713 2972; baseline -0.017 -12"><span class='ocrx_word' id='word_1_443' title='bbox 2129 2907 2224 2960; x_wconf 85' lang='grc' dir='ltr'><strong>νῦν</strong></span> <span class='ocrx_word' id='word_1_444' title='bbox 2250 2902 2343 2960; x_wconf 86' lang='grc' dir='ltr'><strong>οῦν</strong></span> <span class='ocrx_word' id='word_1_445' title='bbox 2377 2907 2427 2958; x_wconf 89' lang='grc' dir='ltr'><strong>εί</strong></span> <span class='ocrx_word' id='word_1_446' title='bbox 2456 2898 2762 2972; x_wconf 81' lang='grc' dir='ltr'>παραλάϐω</span> <span class='ocrx_word' id='word_1_447' title='bbox 2809 2895 2962 2959; x_wconf 77' lang='grc' dir='ltr'>αὐτὸ,</span> <span class='ocrx_word' id='word_1_448' title='bbox 3013 2893 3230 2959; x_wconf 79' lang='grc' dir='ltr'>ἀνάγκη</span> <span class='ocrx_word' id='word_1_449' title='bbox 3268 2889 3417 2944; x_wconf 77' lang='grc' dir='ltr'>ἐστὶν</span> <span class='ocrx_word' id='word_1_450' title='bbox 3462 2885 3553 2937; x_wconf 79' lang='grc' dir='ltr'>ἵνα</span> <span class='ocrx_word' id='word_1_451' title='bbox 3595 2883 3713 2934; x_wconf 86' lang='grc' dir='ltr'>δια-</span> 
     </span>
    </p>
   </div>
   <div class='ocr_carea' id='block_1_59' title="bbox 2130 2975 3709 3070">
    <p class='ocr_par' dir='ltr' id='par_1_59' title="bbox 2130 2975 3709 3070">
     <span class='ocr_line' id='line_1_59' title="bbox 2130 2975 3709 3070; baseline -0.017 -17"><span class='ocrx_word' id='word_1_452' title='bbox 2130 2999 2432 3070; x_wconf 84' lang='grc' dir='ltr'>φερώμεθα</span> <span class='ocrx_word' id='word_1_453' title='bbox 2462 2993 2602 3065; x_wconf 76' lang='grc' dir='ltr'>μετὰ</span> <span class='ocrx_word' id='word_1_454' title='bbox 2633 2991 2726 3044; x_wconf 82' lang='grc' dir='ltr'><strong>τοῦ</strong></span> <span class='ocrx_word' id='word_1_455' title='bbox 2759 2989 2999 3056; x_wconf 84' lang='grc' dir='ltr'>ἀδελφοῦ</span> <span class='ocrx_word' id='word_1_456' title='bbox 3035 3002 3160 3056; x_wconf 80' lang='grc' dir='ltr'>μου,</span> <span class='ocrx_word' id='word_1_457' title='bbox 3200 2983 3293 3036; x_wconf 76' lang='grc' dir='ltr'>καὶ</span> <span class='ocrx_word' id='word_1_458' title='bbox 3327 2980 3388 3032; x_wconf 92' lang='grc' dir='ltr'><strong>οὐ</strong></span> <span class='ocrx_word' id='word_1_459' title='bbox 3448 2975 3709 3070; x_wconf 56' lang='grc' dir='ltr'>τυγχάνει</span> 
     </span>
    </p>
   </div>
   <div class='ocr_carea' id='block_1_60' title="bbox 2127 3064 3708 3151">
    <p class='ocr_par' dir='ltr' id='par_1_60' title="bbox 2127 3064 3708 3151">
     <span class='ocr_line' id='line_1_60' title="bbox 2127 3064 3708 3151; baseline -0.017 -8"><span class='ocrx_word' id='word_1_460' title='bbox 2244 3064 2379 3140; x_wconf 77' lang='grc' dir='ltr'>πολύ</span> <span class='ocrx_word' id='word_1_461' title='bbox 2443 3064 2519 3150; x_wconf 84' lang='grc' dir='ltr'><strong>τι,</strong></span> <span class='ocrx_word' id='word_1_462' title='bbox 2581 3080 2777 3151; x_wconf 83' lang='grc' dir='ltr'>πολλῷ.</span> <span class='ocrx_word' id='word_1_463' title='bbox 2824 3079 3025 3150; x_wconf 83' lang='grc' dir='ltr'>μᾶλλον</span> <span class='ocrx_word' id='word_1_464' title='bbox 3082 3074 3173 3129; x_wconf 80' lang='grc' dir='ltr'><strong>διὰ</strong></span> <span class='ocrx_word' id='word_1_465' title='bbox 3222 3073 3498 3127; x_wconf 82' lang='grc' dir='ltr'>τοσοῦτον.</span> <span class='ocrx_word' id='word_1_466' title='bbox 3567 3064 3708 3120; x_wconf 65' lang='grc' dir='ltr'>Ἀλλ’</span> 
     </span>
    </p>
   </div>
   <div class='ocr_carea' id='block_1_61' title="bbox 443 3158 3711 3251">
    <p class='ocr_par' dir='ltr' id='par_1_61' title="bbox 443 3158 3711 3251">
     <span class='ocr_line' id='line_1_61' title="bbox 443 3158 3711 3251; baseline -0.001 -29"><span class='ocrx_word' id='word_1_467' title='bbox 443 3164 617 3236; x_wconf 75' lang='grc' dir='ltr'>ὅμως,</span> <span class='ocrx_word' id='word_1_468' title='bbox 651 3163 779 3222; x_wconf 78' lang='grc' dir='ltr'>εἶπέ</span> <span class='ocrx_word' id='word_1_469' title='bbox 821 3188 936 3242; x_wconf 75' lang='grc' dir='ltr'>μοι,</span> <span class='ocrx_word' id='word_1_470' title='bbox 979 3173 1354 3242; x_wconf 84' lang='grc' dir='ltr'>προετοίμαζε</span> <span class='ocrx_word' id='word_1_471' title='bbox 1385 3174 1565 3230; x_wconf 83' lang='grc' dir='ltr'>πάντα</span> <span class='ocrx_word' id='word_1_472' title='bbox 1596 3177 1664 3230; x_wconf 84' lang='grc' dir='ltr'>τὰ</span> <span class='ocrx_word' id='word_1_473' title='bbox 1696 3176 1777 3241; x_wconf 90' lang='grc' dir='ltr'><strong>είς</strong></span> <span class='ocrx_word' id='word_1_474' title='bbox 1811 3177 2092 3251; x_wconf 22' lang='grc' dir='ltr'>ἐκπλή-Ις,</span> <span class='ocrx_word' id='word_1_475' title='bbox 2123 3181 2324 3236; x_wconf 78' lang='grc' dir='ltr'>ἄπελθε</span> <span class='ocrx_word' id='word_1_476' title='bbox 2353 3181 2410 3231; x_wconf 82' lang='grc' dir='ltr'><strong>ἐν</strong></span> <span class='ocrx_word' id='word_1_477' title='bbox 2441 3175 2612 3245; x_wconf 86' lang='grc' dir='ltr'>αὐτῷ,</span> <span class='ocrx_word' id='word_1_478' title='bbox 2667 3174 2762 3227; x_wconf 71' lang='grc' dir='ltr'><strong>καὶ</strong></span> <span class='ocrx_word' id='word_1_479' title='bbox 2819 3171 2896 3234; x_wconf 81' lang='grc' dir='ltr'>ὡς</span> <span class='ocrx_word' id='word_1_480' title='bbox 2946 3169 3176 3222; x_wconf 84' lang='grc' dir='ltr'>δύνασαι</span> <span class='ocrx_word' id='word_1_481' title='bbox 3239 3166 3485 3232; x_wconf 82' lang='grc' dir='ltr'>ποίησον.</span> <span class='ocrx_word' id='word_1_482' title='bbox 3529 3179 3548 3211; x_wconf 71' lang='grc' dir='ltr'><strong>ι</strong></span> <span class='ocrx_word' id='word_1_483' title='bbox 3622 3158 3711 3220; x_wconf 75' lang='grc' dir='ltr'><em>Ὠς</em></span> 
     </span>
    </p>
   </div>
   <div class='ocr_carea' id='block_1_62' title="bbox 444 3261 1336 3346">
    <p class='ocr_par' dir='ltr' id='par_1_62' title="bbox 444 3261 1336 3346">
     <span class='ocr_line' id='line_1_62' title="bbox 444 3261 1336 3346; baseline 0.004 -32"><span class='ocrx_word' id='word_1_484' title='bbox 444 3276 615 3328; x_wconf 88' lang='grc' dir='ltr'>ρωσιν</span> <span class='ocrx_word' id='word_1_485' title='bbox 641 3261 742 3330; x_wconf 81' lang='grc' dir='ltr'><strong>τῆς</strong></span> <span class='ocrx_word' id='word_1_486' title='bbox 778 3265 1132 3346; x_wconf 76' lang='grc' dir='ltr'>προστάξεως</span> <span class='ocrx_word' id='word_1_487' title='bbox 1160 3282 1280 3320; x_wconf 83' lang='grc' dir='ltr'>σου.</span> <span class='ocrx_word' id='word_1_488' title='bbox 1317 3285 1336 3318; x_wconf 76' lang='grc' dir='ltr'><strong>ι</strong></span> 
     </span>
    </p>
   </div>
   <div class='ocr_carea' id='block_1_63' title="bbox 438 3443 2018 3517">
    <p class='ocr_par' dir='ltr' id='par_1_63' title="bbox 438 3443 2018 3517">
     <span class='ocr_line' id='line_1_63' title="bbox 438 3443 2018 3517; baseline 0.008 -27"><span class='ocrx_word' id='word_1_489' title='bbox 438 3447 715 3502; x_wconf 79' lang='lat' dir='ltr'><strong>ornatum,</strong></span> <span class='ocrx_word' id='word_1_490' title='bbox 780 3443 1144 3498; x_wconf 84' lang='lat' dir='ltr'><strong>curtznbacas</strong></span> <span class='ocrx_word' id='word_1_491' title='bbox 1199 3445 1412 3500; x_wconf 86' lang='lat' dir='ltr'><strong>sericus</strong></span> <span class='ocrx_word' id='word_1_492' title='bbox 1473 3460 1675 3501; x_wconf 83' lang='lat' dir='ltr'><strong>aureus</strong></span> <span class='ocrx_word' id='word_1_493' title='bbox 1732 3449 2018 3517; x_wconf 83' lang='lat' dir='ltr'><strong>prasinus,</strong></span> 
     </span>
    </p>
   </div>
   <div class='ocr_carea' id='block_1_64' title="bbox 437 3526 2020 3603">
    <p class='ocr_par' dir='ltr' id='par_1_64' title="bbox 437 3526 2020 3603">
     <span class='ocr_line' id='line_1_64' title="bbox 437 3526 2020 3603; baseline 0.009 -24"><span class='ocrx_word' id='word_1_494' title='bbox 437 3526 656 3596; x_wconf 79' lang='lat' dir='ltr'><strong>gladius</strong></span> <span class='ocrx_word' id='word_1_495' title='bbox 699 3533 1042 3586; x_wconf 77' lang='lat' dir='ltr'><strong>ornamentis</strong></span> <span class='ocrx_word' id='word_1_496' title='bbox 1084 3535 1418 3603; x_wconf 85' lang='lat' dir='ltr'><strong>conspicuus</strong></span> <span class='ocrx_word' id='word_1_497' title='bbox 1445 3545 1500 3590; x_wconf 90' lang='lat' dir='ltr'><strong>et</strong></span> <span class='ocrx_word' id='word_1_498' title='bbox 1537 3535 1873 3593; x_wconf 85' lang='lat' dir='ltr'><strong>ilorenorum</strong></span> <span class='ocrx_word' id='word_1_499' title='bbox 1903 3541 2020 3595; x_wconf 84' lang='lat' dir='ltr'><strong>sive</strong></span> 
     </span>
    </p>
   </div>
   <div class='ocr_carea' id='block_1_65' title="bbox 439 3627 1472 3682">
    <p class='ocr_par' dir='ltr' id='par_1_65' title="bbox 439 3627 1472 3682">
     <span class='ocr_line' id='line_1_65' title="bbox 439 3627 1472 3682; baseline 0.007 -9"><span class='ocrx_word' id='word_1_500' title='bbox 439 3634 791 3675; x_wconf 88' lang='lat' dir='ltr'><strong>nummorum</strong></span> <span class='ocrx_word' id='word_1_501' title='bbox 831 3636 1124 3677; x_wconf 80' lang='lat' dir='ltr'><strong>aureorum</strong></span> <span class='ocrx_word' id='word_1_502' title='bbox 1154 3627 1256 3680; x_wconf 89' lang='lat' dir='ltr'><strong>tria</strong></span> <span class='ocrx_word' id='word_1_503' title='bbox 1284 3627 1472 3682; x_wconf 82' lang='lat' dir='ltr'><strong>millia.</strong></span> 
     </span>
    </p>
   </div>
   <div class='ocr_carea' id='block_1_66' title="bbox 514 3709 2018 3790">
    <p class='ocr_par' dir='ltr' id='par_1_66' title="bbox 514 3709 2018 3790">
     <span class='ocr_line' id='line_1_66' title="bbox 514 3709 2018 3790; baseline 0.009 -29"><span class='ocrx_word' id='word_1_504' title='bbox 514 3709 566 3762; x_wconf 90' lang='lat'><strong>7.</strong></span> <span class='ocrx_word' id='word_1_505' title='bbox 597 3709 733 3763; x_wconf 88' lang='lat' dir='ltr'><strong>Cum</strong></span> <span class='ocrx_word' id='word_1_506' title='bbox 762 3711 1034 3780; x_wconf 75' lang='lat' dir='ltr'><strong>postridie</strong></span> <span class='ocrx_word' id='word_1_507' title='bbox 1059 3711 1407 3768; x_wconf 78' lang='lat' dir='ltr'><strong>Glarentzam</strong></span> <span class='ocrx_word' id='word_1_508' title='bbox 1465 3716 1694 3785; x_wconf 86' lang='lat' dir='ltr'><strong>profecti</strong></span> <span class='ocrx_word' id='word_1_509' title='bbox 1738 3733 2018 3790; x_wconf 71' lang='lat' dir='ltr'><strong>essemus,</strong></span> 
     </span>
    </p>
   </div>
   <div class='ocr_carea' id='block_1_67' title="bbox 438 3805 2019 3880">
    <p class='ocr_par' dir='ltr' id='par_1_67' title="bbox 438 3805 2019 3880">
     <span class='ocr_line' id='line_1_67' title="bbox 438 3805 2019 3880; baseline 0.003 -21"><span class='ocrx_word' id='word_1_510' title='bbox 438 3818 567 3859; x_wconf 82' lang='lat' dir='ltr'><strong>ecce</strong></span> <span class='ocrx_word' id='word_1_511' title='bbox 599 3805 788 3874; x_wconf 82' lang='lat' dir='ltr'><strong>paucis</strong></span> <span class='ocrx_word' id='word_1_512' title='bbox 830 3805 1167 3874; x_wconf 87' lang='lat' dir='ltr'><strong>postdiebus</strong></span> <span class='ocrx_word' id='word_1_513' title='bbox 1200 3809 1419 3878; x_wconf 84' lang='lat' dir='ltr'><strong>quidam</strong></span> <span class='ocrx_word' id='word_1_514' title='bbox 1464 3825 1526 3864; x_wconf 83' lang='lat' dir='ltr'><strong>ex</strong></span> <span class='ocrx_word' id='word_1_515' title='bbox 1555 3827 1754 3864; x_wconf 75' lang='lat' dir='ltr'><strong>amerze</strong></span> <span class='ocrx_word' id='word_1_516' title='bbox 1785 3814 2019 3880; x_wconf 70' lang='lat' dir='ltr'><strong>Optima-</strong></span> 
     </span>
    </p>
   </div>
   <div class='ocr_carea' id='block_1_68' title="bbox 441 3896 2021 3964">
    <p class='ocr_par' dir='ltr' id='par_1_68' title="bbox 441 3896 2021 3964">
     <span class='ocr_line' id='line_1_68' title="bbox 441 3896 2021 3964; baseline 0.006 -14"><span class='ocrx_word' id='word_1_517' title='bbox 441 3896 585 3951; x_wconf 89' lang='lat' dir='ltr'><strong>tibus</strong></span> <span class='ocrx_word' id='word_1_518' title='bbox 620 3899 874 3951; x_wconf 90' lang='lat' dir='ltr'><strong>nuntium</strong></span> <span class='ocrx_word' id='word_1_519' title='bbox 903 3900 1062 3954; x_wconf 89' lang='lat' dir='ltr'><strong>nobis</strong></span> <span class='ocrx_word' id='word_1_520' title='bbox 1113 3901 1300 3964; x_wconf 76' lang='lat' dir='ltr'><strong>affert,</strong></span> <span class='ocrx_word' id='word_1_521' title='bbox 1334 3903 1561 3956; x_wconf 71' lang='lat' dir='ltr'><strong>Patrem</strong></span> <span class='ocrx_word' id='word_1_522' title='bbox 1591 3918 1792 3957; x_wconf 61' lang='lat' dir='ltr'><strong>amere:</strong></span> <span class='ocrx_word' id='word_1_523' title='bbox 1820 3906 2021 3959; x_wconf 85' lang='lat' dir='ltr'><strong>tributa</strong></span> 
     </span>
    </p>
   </div>
   <div class='ocr_carea' id='block_1_69' title="bbox 438 3990 2023 4061">
    <p class='ocr_par' dir='ltr' id='par_1_69' title="bbox 438 3990 2023 4061">
     <span class='ocr_line' id='line_1_69' title="bbox 438 3990 2023 4061; baseline 0.005 -19"><span class='ocrx_word' id='word_1_524' title='bbox 438 3990 676 4057; x_wconf 84' lang='lat' dir='ltr'><strong>pendere</strong></span> <span class='ocrx_word' id='word_1_525' title='bbox 712 3990 766 4043; x_wconf 87' lang='lat' dir='ltr'><strong>in</strong></span> <span class='ocrx_word' id='word_1_526' title='bbox 791 3991 1147 4061; x_wconf 72' lang='lat' dir='ltr'><strong>ejusdemque</strong></span> <span class='ocrx_word' id='word_1_527' title='bbox 1170 3996 1520 4048; x_wconf 76' lang='lat' dir='ltr'><strong>concessisse</strong></span> <span class='ocrx_word' id='word_1_528' title='bbox 1553 3994 1845 4050; x_wconf 79' lang='lat' dir='ltr'><strong>ditionem.</strong></span> <span class='ocrx_word' id='word_1_529' title='bbox 1884 3997 2023 4050; x_wconf 83' lang='lat' dir='ltr'><strong>Abs-</strong></span> 
     </span>
    </p>
   </div>
   <div class='ocr_carea' id='block_1_70' title="bbox 441 4082 2020 4152">
    <p class='ocr_par' dir='ltr' id='par_1_70' title="bbox 441 4082 2020 4152">
     <span class='ocr_line' id='line_1_70' title="bbox 441 4082 2020 4152; baseline 0.005 -17"><span class='ocrx_word' id='word_1_530' title='bbox 441 4082 637 4136; x_wconf 87' lang='lat' dir='ltr'><strong>tineret</strong></span> <span class='ocrx_word' id='word_1_531' title='bbox 690 4084 918 4152; x_wconf 79' lang='lat' dir='ltr'><strong>proinde</strong></span> <span class='ocrx_word' id='word_1_532' title='bbox 965 4101 1026 4137; x_wconf 84' lang='lat' dir='ltr'><strong>ea</strong></span> <span class='ocrx_word' id='word_1_533' title='bbox 1082 4085 1213 4138; x_wconf 77' lang='lat' dir='ltr'><strong>urbe</strong></span> <span class='ocrx_word' id='word_1_534' title='bbox 1238 4121 1256 4149; x_wconf 94' lang='lat'><strong>,</strong></span> <span class='ocrx_word' id='word_1_535' title='bbox 1304 4100 1441 4142; x_wconf 84' lang='lat' dir='ltr'><strong>neve</strong></span> <span class='ocrx_word' id='word_1_536' title='bbox 1472 4102 1589 4140; x_wconf 84' lang='lat' dir='ltr'><strong>eam</strong></span> <span class='ocrx_word' id='word_1_537' title='bbox 1626 4088 1944 4142; x_wconf 84' lang='lat' dir='ltr'><strong>obsideret:</strong></span> <span class='ocrx_word' id='word_1_538' title='bbox 1974 4086 2020 4143; x_wconf 70' lang='lat' dir='ltr'><strong>Si</strong></span> 
     </span>
    </p>
   </div>
   <div class='ocr_carea' id='block_1_71' title="bbox 439 4174 2013 4233">
    <p class='ocr_par' dir='ltr' id='par_1_71' title="bbox 439 4174 2013 4233">
     <span class='ocr_line' id='line_1_71' title="bbox 439 4174 2013 4233; baseline 0.004 -7"><span class='ocrx_word' id='word_1_539' title='bbox 439 4174 622 4229; x_wconf 88' lang='lat' dir='ltr'><strong>minus</strong></span> <span class='ocrx_word' id='word_1_540' title='bbox 666 4184 860 4229; x_wconf 85' lang='lat' dir='ltr'><strong>contra</strong></span> <span class='ocrx_word' id='word_1_541' title='bbox 887 4191 1014 4230; x_wconf 87' lang='lat' dir='ltr'><strong>eum</strong></span> <span class='ocrx_word' id='word_1_542' title='bbox 1067 4177 1368 4231; x_wconf 72' lang='lat' dir='ltr'><strong>exercitum</strong></span> <span class='ocrx_word' id='word_1_543' title='bbox 1416 4181 1646 4232; x_wconf 89' lang='lat' dir='ltr'><strong>missum</strong></span> <span class='ocrx_word' id='word_1_544' title='bbox 1677 4180 1766 4232; x_wconf 92' lang='lat' dir='ltr'><strong>iri.</strong></span> <span class='ocrx_word' id='word_1_545' title='bbox 1807 4180 1900 4233; x_wconf 75' lang='lat' dir='ltr'><strong>Cui</strong></span> <span class='ocrx_word' id='word_1_546' title='bbox 1940 4181 2013 4233; x_wconf 86' lang='lat' dir='ltr'><strong>ita</strong></span> 
     </span>
    </p>
   </div>
   <div class='ocr_carea' id='block_1_72' title="bbox 439 4267 2020 4336">
    <p class='ocr_par' dir='ltr' id='par_1_72' title="bbox 439 4267 2020 4336">
     <span class='ocr_line' id='line_1_72' title="bbox 439 4267 2020 4336; baseline 0.006 -19"><span class='ocrx_word' id='word_1_547' title='bbox 439 4267 720 4334; x_wconf 85' lang='lat' dir='ltr'><strong>respondit</strong></span> <span class='ocrx_word' id='word_1_548' title='bbox 748 4267 1003 4336; x_wconf 83' lang='lat' dir='ltr'><strong>princeps</strong></span> <span class='ocrx_word' id='word_1_549' title='bbox 1037 4284 1229 4323; x_wconf 87' lang='lat' dir='ltr'><strong>meus:</strong></span> <span class='ocrx_word' id='word_1_550' title='bbox 1270 4269 1410 4323; x_wconf 68' lang='lat' dir='ltr'><strong>«Nos</strong></span> <span class='ocrx_word' id='word_1_551' title='bbox 1473 4270 1848 4334; x_wconf 87' lang='lat' dir='ltr'><strong>audieramus,</strong></span> <span class='ocrx_word' id='word_1_552' title='bbox 1883 4273 2020 4326; x_wconf 73' lang='lat' dir='ltr'><strong>velle</strong></span> 
     </span>
    </p>
   </div>
   <div class='ocr_carea' id='block_1_73' title="bbox 437 4361 2022 4433">
    <p class='ocr_par' dir='ltr' id='par_1_73' title="bbox 437 4361 2022 4433">
     <span class='ocr_line' id='line_1_73' title="bbox 437 4361 2022 4433; baseline 0.004 -19"><span class='ocrx_word' id='word_1_553' title='bbox 437 4373 534 4414; x_wconf 87' lang='lat' dir='ltr'><strong>eos</strong></span> <span class='ocrx_word' id='word_1_554' title='bbox 591 4362 778 4414; x_wconf 86' lang='lat' dir='ltr'><strong>urbem</strong></span> <span class='ocrx_word' id='word_1_555' title='bbox 827 4361 1104 4416; x_wconf 80' lang='lat' dir='ltr'><strong>Catelanis</strong></span> <span class='ocrx_word' id='word_1_556' title='bbox 1153 4363 1388 4416; x_wconf 85' lang='lat' dir='ltr'><strong>tradere.</strong></span> <span class='ocrx_word' id='word_1_557' title='bbox 1445 4361 1580 4416; x_wconf 87' lang='lat' dir='ltr'><strong>Nam</strong></span> <span class='ocrx_word' id='word_1_558' title='bbox 1632 4379 1848 4433; x_wconf 89' lang='lat' dir='ltr'><strong>parum,</strong></span> <span class='ocrx_word' id='word_1_559' title='bbox 1885 4366 2022 4420; x_wconf 84' lang='lat' dir='ltr'><strong>mihi</strong></span> 
     </span>
    </p>
   </div>
   <div class='ocr_carea' id='block_1_74' title="bbox 438 4451 2018 4522">
    <p class='ocr_par' dir='ltr' id='par_1_74' title="bbox 438 4451 2018 4522">
     <span class='ocr_line' id='line_1_74' title="bbox 438 4451 2018 4522; baseline 0.006 -18"><span class='ocrx_word' id='word_1_560' title='bbox 438 4465 655 4519; x_wconf 68' lang='lat' dir='ltr'><strong>aequum</strong></span> <span class='ocrx_word' id='word_1_561' title='bbox 715 4451 951 4518; x_wconf 89' lang='lat' dir='ltr'><strong>vide-tur,</strong></span> <span class='ocrx_word' id='word_1_562' title='bbox 1011 4453 1123 4521; x_wconf 87' lang='lat' dir='ltr'><strong>pati</strong></span> <span class='ocrx_word' id='word_1_563' title='bbox 1167 4470 1268 4509; x_wconf 90' lang='lat' dir='ltr'><strong>nos</strong></span> <span class='ocrx_word' id='word_1_564' title='bbox 1315 4470 1638 4511; x_wconf 86' lang='lat' dir='ltr'><strong>communes</strong></span> <span class='ocrx_word' id='word_1_565' title='bbox 1668 4455 1857 4509; x_wconf 77' lang='lat' dir='ltr'><strong>fratris</strong></span> <span class='ocrx_word' id='word_1_566' title='bbox 1890 4459 2018 4522; x_wconf 86' lang='lat' dir='ltr'><strong>mei,</strong></span> 
     </span>
    </p>
   </div>
   <div class='ocr_carea' id='block_1_75' title="bbox 2127 3253 3711 3344">
    <p class='ocr_par' dir='ltr' id='par_1_75' title="bbox 2127 3253 3711 3344">
     <span class='ocr_line' id='line_1_75' title="bbox 2127 3253 3711 3344; baseline -0.016 -15"><span class='ocrx_word' id='word_1_567' title='bbox 2127 3270 2220 3329; x_wconf 83' lang='grc' dir='ltr'><strong>οῦν</strong></span> <span class='ocrx_word' id='word_1_568' title='bbox 2239 3274 2444 3344; x_wconf 70' lang='grc' dir='ltr'>ἢκουσε</span> <span class='ocrx_word' id='word_1_569' title='bbox 2476 3268 2668 3332; x_wconf 86' lang='grc' dir='ltr'>ταῦτα,</span> <span class='ocrx_word' id='word_1_570' title='bbox 2718 3265 2920 3338; x_wconf 74' lang='grc' dir='ltr'>ᾔτησεν</span> <span class='ocrx_word' id='word_1_571' title='bbox 2972 3262 3060 3316; x_wconf 76' lang='grc' dir='ltr'>ἵνα</span> <span class='ocrx_word' id='word_1_572' title='bbox 3113 3259 3338 3320; x_wconf 77' lang='grc' dir='ltr'>ἀκάκως</span> <span class='ocrx_word' id='word_1_573' title='bbox 3389 3253 3610 3324; x_wconf 76' lang='grc' dir='ltr'>εἰσέλθῃ</span> <span class='ocrx_word' id='word_1_574' title='bbox 3652 3254 3711 3304; x_wconf 89' lang='grc' dir='ltr'><strong>ἐν</strong></span> 
     </span>
    </p>
   </div>
   <div class='ocr_carea' id='block_1_76' title="bbox 2127 3429 3709 3508">
    <p class='ocr_par' dir='ltr' id='par_1_76' title="bbox 2127 3429 3709 3508">
     <span class='ocr_line' id='line_1_76' title="bbox 2127 3429 3709 3508; baseline -0.016 0"><span class='ocrx_word' id='word_1_575' title='bbox 2127 3451 2555 3508; x_wconf 76' lang='lat' dir='ltr'><strong>ebuvaluissem.</strong></span> <span class='ocrx_word' id='word_1_576' title='bbox 2610 3444 2798 3499; x_wconf 82' lang='lat' dir='ltr'><strong>Atille</strong></span> <span class='ocrx_word' id='word_1_577' title='bbox 2834 3459 2848 3497; x_wconf 90' lang='lat'><strong>:</strong></span> <span class='ocrx_word' id='word_1_578' title='bbox 2885 3459 2906 3493; x_wconf 81' lang='grc' dir='ltr'><strong>ι</strong></span> <span class='ocrx_word' id='word_1_579' title='bbox 2945 3436 3340 3503; x_wconf 83' lang='lat' dir='ltr'><strong>Nihilominus,</strong></span> <span class='ocrx_word' id='word_1_580' title='bbox 3390 3432 3592 3504; x_wconf 78' lang='lat' dir='ltr'><strong>inquit,</strong></span> <span class='ocrx_word' id='word_1_581' title='bbox 3640 3429 3709 3483; x_wconf 86' lang='lat' dir='ltr'><strong>ad</strong></span> 
     </span>
    </p>
   </div>
   <div class='ocr_carea' id='block_1_77' title="bbox 2126 3523 3770 3613">
    <p class='ocr_par' dir='ltr' id='par_1_77' title="bbox 2126 3523 3770 3613">
     <span class='ocr_line' id='line_1_77' title="bbox 2126 3523 3770 3613; baseline -0.013 -17"><span class='ocrx_word' id='word_1_582' title='bbox 2126 3542 2560 3613; x_wconf 79' lang='lat' dir='ltr'><strong>perliciendum,</strong></span> <span class='ocrx_word' id='word_1_583' title='bbox 2607 3535 2756 3606; x_wconf 85' lang='lat' dir='ltr'><strong>quod</strong></span> <span class='ocrx_word' id='word_1_584' title='bbox 2807 3531 3128 3586; x_wconf 85' lang='lat' dir='ltr'><strong>mandatum</strong></span> <span class='ocrx_word' id='word_1_585' title='bbox 3182 3528 3283 3582; x_wconf 91' lang='lat' dir='ltr'><strong>tibi</strong></span> <span class='ocrx_word' id='word_1_586' title='bbox 3343 3535 3466 3592; x_wconf 75' lang='lat' dir='ltr'><strong>est,</strong></span> <span class='ocrx_word' id='word_1_587' title='bbox 3525 3523 3709 3579; x_wconf 84' lang='lat' dir='ltr'><strong>omnia</strong></span> <span class='ocrx_word' id='word_1_588' title='bbox 3765 3579 3770 3588; x_wconf 53' lang='grc'><strong>,</strong></span> 
     </span>
    </p>
   </div>
   <div class='ocr_carea' id='block_1_78' title="bbox 2127 3647 2430 3702">
    <p class='ocr_par' dir='ltr' id='par_1_78' title="bbox 2127 3647 2430 3702">
     <span class='ocr_line' id='line_1_78' title="bbox 2127 3647 2430 3702; baseline -0.01 -19"><span class='ocrx_word' id='word_1_589' title='bbox 2127 3647 2430 3702; x_wconf 61' lang='grc' dir='ltr'>μιτιπριπο.»</span> 
     </span>
    </p>
   </div>
   <div class='ocr_carea' id='block_1_79' title="bbox 2197 3713 3711 3788">
    <p class='ocr_par' dir='ltr' id='par_1_79' title="bbox 2197 3713 3711 3788">
     <span class='ocr_line' id='line_1_79' title="bbox 2197 3713 3711 3788; baseline -0.012 -10"><span class='ocrx_word' id='word_1_590' title='bbox 2197 3725 2248 3778; x_wconf 89' lang='lat'><strong>8.</strong></span> <span class='ocrx_word' id='word_1_591' title='bbox 2286 3723 2389 3778; x_wconf 85' lang='lat' dir='ltr'><strong>Ubi</strong></span> <span class='ocrx_word' id='word_1_592' title='bbox 2419 3722 2568 3774; x_wconf 77' lang='lat' dir='ltr'><strong>venit</strong></span> <span class='ocrx_word' id='word_1_593' title='bbox 2588 3719 2706 3774; x_wconf 90' lang='lat' dir='ltr'><strong>dies</strong></span> <span class='ocrx_word' id='word_1_594' title='bbox 2731 3716 3066 3788; x_wconf 78' lang='lat' dir='ltr'><strong>praeStituta,</strong></span> <span class='ocrx_word' id='word_1_595' title='bbox 3101 3729 3203 3768; x_wconf 89' lang='lat' dir='ltr'><strong>nec</strong></span> <span class='ocrx_word' id='word_1_596' title='bbox 3233 3713 3408 3767; x_wconf 80' lang='lat' dir='ltr'><strong>adfuit</strong></span> <span class='ocrx_word' id='word_1_597' title='bbox 3432 3721 3711 3780; x_wconf 85' lang='lat' dir='ltr'><strong>metropo-</strong></span> 
     </span>
    </p>
   </div>
   <div class='ocr_carea' id='block_1_80' title="bbox 2126 3803 3704 3879">
    <p class='ocr_par' dir='ltr' id='par_1_80' title="bbox 2126 3803 3704 3879">
     <span class='ocr_line' id='line_1_80' title="bbox 2126 3803 3704 3879; baseline -0.009 -10"><span class='ocrx_word' id='word_1_598' title='bbox 2126 3817 2242 3879; x_wconf 65' lang='lat' dir='ltr'><strong>lita,</strong></span> <span class='ocrx_word' id='word_1_599' title='bbox 2297 3814 2561 3868; x_wconf 80' lang='lat' dir='ltr'><strong>Kalendis</strong></span> <span class='ocrx_word' id='word_1_600' title='bbox 2618 3809 2796 3866; x_wconf 73' lang='lat' dir='ltr'><strong>Iuniis</strong></span> <span class='ocrx_word' id='word_1_601' title='bbox 2825 3804 3082 3878; x_wconf 75' lang='lat' dir='ltr'><strong>ejusdem&#39;</strong></span> <span class='ocrx_word' id='word_1_602' title='bbox 3112 3806 3242 3861; x_wconf 86' lang='lat' dir='ltr'><strong>anni</strong></span> <span class='ocrx_word' id='word_1_603' title='bbox 3266 3807 3486 3860; x_wconf 85' lang='lat' dir='ltr'><strong>Patratn</strong></span> <span class='ocrx_word' id='word_1_604' title='bbox 3521 3803 3704 3858; x_wconf 85' lang='lat' dir='ltr'><strong>movi-</strong></span> 
     </span>
    </p>
   </div>
   <div class='ocr_carea' id='block_1_81' title="bbox 2127 3895 3710 3962">
    <p class='ocr_par' dir='ltr' id='par_1_81' title="bbox 2127 3895 3710 3962">
     <span class='ocr_line' id='line_1_81' title="bbox 2127 3895 3710 3962; baseline -0.009 -1"><span class='ocrx_word' id='word_1_605' title='bbox 2127 3924 2273 3962; x_wconf 85' lang='lat' dir='ltr'><strong>mus.</strong></span> <span class='ocrx_word' id='word_1_606' title='bbox 2311 3907 2414 3960; x_wconf 80' lang='lat' dir='ltr'><strong>Pt-r</strong></span> <span class='ocrx_word' id='word_1_607' title='bbox 2444 3905 2664 3958; x_wconf 86' lang='lat' dir='ltr'><strong>eosdem</strong></span> <span class='ocrx_word' id='word_1_608' title='bbox 2695 3902 2813 3956; x_wconf 84' lang='lat' dir='ltr'><strong>dies</strong></span> <span class='ocrx_word' id='word_1_609' title='bbox 2839 3901 3004 3955; x_wconf 87' lang='lat' dir='ltr'><strong>etiam</strong></span> <span class='ocrx_word' id='word_1_610' title='bbox 3035 3900 3276 3954; x_wconf 87' lang='lat' dir='ltr'><strong>Thomas</strong></span> <span class='ocrx_word' id='word_1_611' title='bbox 3305 3896 3544 3952; x_wconf 88' lang='lat' dir='ltr'><strong>dominis</strong></span> <span class='ocrx_word' id='word_1_612' title='bbox 3567 3895 3710 3948; x_wconf 75' lang='lat' dir='ltr'><strong>Cen-</strong></span> 
     </span>
    </p>
   </div>
   <div class='ocr_carea' id='block_1_82' title="bbox 2128 3986 3706 4064">
    <p class='ocr_par' dir='ltr' id='par_1_82' title="bbox 2128 3986 3706 4064">
     <span class='ocr_line' id='line_1_82' title="bbox 2128 3986 3706 4064; baseline -0.01 -10"><span class='ocrx_word' id='word_1_613' title='bbox 2128 3999 2357 4054; x_wconf 88' lang='lat' dir='ltr'><strong>lerionis</strong></span> <span class='ocrx_word' id='word_1_614' title='bbox 2395 3995 2685 4064; x_wconf 84' lang='lat' dir='ltr'><strong>principis,</strong></span> <span class='ocrx_word' id='word_1_615' title='bbox 2739 3995 2899 4062; x_wconf 85' lang='lat' dir='ltr'><strong>cujus</strong></span> <span class='ocrx_word' id='word_1_616' title='bbox 2929 3993 3073 4046; x_wconf 86' lang='lat' dir='ltr'><strong>idem</strong></span> <span class='ocrx_word' id='word_1_617' title='bbox 3102 4000 3289 4060; x_wconf 83' lang='lat' dir='ltr'><strong>postea</strong></span> <span class='ocrx_word' id='word_1_618' title='bbox 3324 4004 3498 4058; x_wconf 78' lang='lat' dir='ltr'><strong>gener</strong></span> <span class='ocrx_word' id='word_1_619' title='bbox 3527 3986 3706 4041; x_wconf 87' lang='lat' dir='ltr'><strong>factus</strong></span> 
     </span>
    </p>
   </div>
   <div class='ocr_carea' id='block_1_83' title="bbox 2125 4079 3709 4159">
    <p class='ocr_par' dir='ltr' id='par_1_83' title="bbox 2125 4079 3709 4159">
     <span class='ocr_line' id='line_1_83' title="bbox 2125 4079 3709 4159; baseline -0.009 -14"><span class='ocrx_word' id='word_1_620' title='bbox 2125 4101 2229 4154; x_wconf 89' lang='lat' dir='ltr'><strong>est,</strong></span> <span class='ocrx_word' id='word_1_621' title='bbox 2264 4088 2589 4159; x_wconf 85' lang='lat' dir='ltr'><strong>oppidulum</strong></span> <span class='ocrx_word' id='word_1_622' title='bbox 2625 4085 3026 4140; x_wconf 81' lang='lat' dir='ltr'><strong>Cbalatritzam</strong></span> <span class='ocrx_word' id='word_1_623' title='bbox 3073 4083 3381 4139; x_wconf 83' lang='lat' dir='ltr'><strong>obsidebat.</strong></span> <span class='ocrx_word' id='word_1_624' title='bbox 3444 4079 3709 4134; x_wconf 88' lang='lat' dir='ltr'><strong>Dominus</strong></span> 
     </span>
    </p>
   </div>
   <div class='ocr_carea' id='block_1_84' title="bbox 2127 4171 3714 4249">
    <p class='ocr_par' dir='ltr' id='par_1_84' title="bbox 2127 4171 3714 4249">
     <span class='ocr_line' id='line_1_84' title="bbox 2127 4171 3714 4249; baseline -0.009 -11"><span class='ocrx_word' id='word_1_625' title='bbox 2127 4185 2293 4249; x_wconf 70' lang='lat' dir='ltr'><strong>igitur</strong></span> <span class='ocrx_word' id='word_1_626' title='bbox 2327 4197 2484 4235; x_wconf 83' lang='lat' dir='ltr'><strong>meus</strong></span> <span class='ocrx_word' id='word_1_627' title='bbox 2515 4195 2642 4234; x_wconf 90' lang='lat' dir='ltr'><strong>cum</strong></span> <span class='ocrx_word' id='word_1_628' title='bbox 2707 4177 2877 4232; x_wconf 75' lang='lat' dir='ltr'><strong>fratre</strong></span> <span class='ocrx_word' id='word_1_629' title='bbox 2917 4175 3141 4230; x_wconf 78' lang='lat' dir='ltr'><strong>Patrem</strong></span> <span class='ocrx_word' id='word_1_630' title='bbox 3167 4174 3462 4246; x_wconf 76' lang='lat' dir='ltr'><strong>processit,</strong></span> <span class='ocrx_word' id='word_1_631' title='bbox 3487 4171 3714 4226; x_wconf 80' lang='lat' dir='ltr'><strong>diverti-</strong></span> 
     </span>
    </p>
   </div>
   <div class='ocr_carea' id='block_1_85' title="bbox 2127 4264 3710 4340">
    <p class='ocr_par' dir='ltr' id='par_1_85' title="bbox 2127 4264 3710 4340">
     <span class='ocr_line' id='line_1_85' title="bbox 2127 4264 3710 4340; baseline -0.009 -12"><span class='ocrx_word' id='word_1_632' title='bbox 2127 4290 2362 4340; x_wconf 78' lang='lat' dir='ltr'><strong>musque</strong></span> <span class='ocrx_word' id='word_1_633' title='bbox 2396 4288 2502 4326; x_wconf 90' lang='lat' dir='ltr'><strong>una</strong></span> <span class='ocrx_word' id='word_1_634' title='bbox 2540 4285 2736 4326; x_wconf 88' lang='lat' dir='ltr'><strong>omnes</strong></span> <span class='ocrx_word' id='word_1_635' title='bbox 2753 4269 3157 4326; x_wconf 76' lang='lat' dir='ltr'><strong>Camenitzam.</strong></span> <span class='ocrx_word' id='word_1_636' title='bbox 3211 4267 3404 4337; x_wconf 83' lang='lat' dir='ltr'><strong>Itaque</strong></span> <span class='ocrx_word' id='word_1_637' title='bbox 3432 4264 3710 4320; x_wconf 80' lang='lat' dir='ltr'><strong>Johanni-</strong></span> 
     </span>
    </p>
   </div>
   <div class='ocr_carea' id='block_1_86' title="bbox 2128 4359 3709 4434">
    <p class='ocr_par' dir='ltr' id='par_1_86' title="bbox 2128 4359 3709 4434">
     <span class='ocr_line' id='line_1_86' title="bbox 2128 4359 3709 4434; baseline -0.006 -12"><span class='ocrx_word' id='word_1_638' title='bbox 2128 4368 2248 4422; x_wconf 86' lang='lat' dir='ltr'><strong>cius</strong></span> <span class='ocrx_word' id='word_1_639' title='bbox 2287 4369 2529 4432; x_wconf 67' lang='lat' dir='ltr'><strong>lialotas,</strong></span> <span class='ocrx_word' id='word_1_640' title='bbox 2554 4364 2826 4434; x_wconf 87' lang='lat' dir='ltr'><strong>principis</strong></span> <span class='ocrx_word' id='word_1_641' title='bbox 2861 4363 2936 4418; x_wconf 89' lang='lat' dir='ltr'><strong>ibi</strong></span> <span class='ocrx_word' id='word_1_642' title='bbox 2985 4370 3334 4433; x_wconf 85' lang='lat' dir='ltr'><strong>procurator,</strong></span> <span class='ocrx_word' id='word_1_643' title='bbox 3367 4361 3460 4415; x_wconf 91' lang='lat' dir='ltr'><strong>ubi</strong></span> <span class='ocrx_word' id='word_1_644' title='bbox 3495 4362 3595 4414; x_wconf 85' lang='lat' dir='ltr'><strong>hoc</strong></span> <span class='ocrx_word' id='word_1_645' title='bbox 3619 4359 3709 4412; x_wconf 92' lang='lat' dir='ltr'><strong>di-</strong></span> 
     </span>
    </p>
   </div>
   <div class='ocr_carea' id='block_1_87' title="bbox 2127 4455 3707 4530">
    <p class='ocr_par' dir='ltr' id='par_1_87' title="bbox 2127 4455 3707 4530">
     <span class='ocr_line' id='line_1_87' title="bbox 2127 4455 3707 4530; baseline -0.006 -15"><span class='ocrx_word' id='word_1_646' title='bbox 2127 4461 2282 4521; x_wconf 83' lang='lat' dir='ltr'><strong>dicit,</strong></span> <span class='ocrx_word' id='word_1_647' title='bbox 2313 4459 2590 4530; x_wconf 88' lang='lat' dir='ltr'><strong>postulata</strong></span> <span class='ocrx_word' id='word_1_648' title='bbox 2641 4459 3003 4520; x_wconf 85' lang='lat' dir='ltr'><strong>admissione,</strong></span> <span class='ocrx_word' id='word_1_649' title='bbox 3057 4457 3252 4511; x_wconf 83' lang='lat' dir='ltr'><strong>ambos</strong></span> <span class='ocrx_word' id='word_1_650' title='bbox 3283 4456 3542 4510; x_wconf 88' lang='lat' dir='ltr'><strong>dominos</strong></span> <span class='ocrx_word' id='word_1_651' title='bbox 3573 4455 3707 4508; x_wconf 85' lang='lat' dir='ltr'><strong>adu-</strong></span> 
     </span>
    </p>
   </div>
   <div class='ocr_carea' id='block_1_88' title="bbox 437 4544 3706 4619">
    <p class='ocr_par' dir='ltr' id='par_1_88' title="bbox 437 4544 3706 4619">
     <span class='ocr_line' id='line_1_88' title="bbox 437 4544 3706 4619; baseline 0.001 -24"><span class='ocrx_word' id='word_1_652' title='bbox 437 4544 618 4612; x_wconf 79' lang='lat' dir='ltr'><strong>magni</strong></span> <span class='ocrx_word' id='word_1_653' title='bbox 653 4559 875 4610; x_wconf 71' lang='lat' dir='ltr'><strong>amerse,</strong></span> <span class='ocrx_word' id='word_1_654' title='bbox 927 4558 1260 4614; x_wconf 76' lang='lat' dir='ltr'><strong>noStrosque</strong></span> <span class='ocrx_word' id='word_1_655' title='bbox 1297 4548 1489 4604; x_wconf 88' lang='lat' dir='ltr'><strong>hostes</strong></span> <span class='ocrx_word' id='word_1_656' title='bbox 1515 4550 1622 4603; x_wconf 87' lang='lat' dir='ltr'><strong>tale</strong></span> <span class='ocrx_word' id='word_1_657' title='bbox 1653 4561 1895 4605; x_wconf 87' lang='lat' dir='ltr'><strong>castrum</strong></span> <span class='ocrx_word' id='word_1_658' title='bbox 1930 4569 2022 4606; x_wconf 66' lang='lat' dir='ltr'><strong>oc»</strong></span> <span class='ocrx_word' id='word_1_659' title='bbox 2053 4560 2098 4619; x_wconf 85' lang='grc' dir='ltr'>υ</span> <span class='ocrx_word' id='word_1_660' title='bbox 2128 4561 2305 4606; x_wconf 87' lang='lat' dir='ltr'><strong>ratum</strong></span> <span class='ocrx_word' id='word_1_661' title='bbox 2336 4551 2508 4616; x_wconf 80' lang='lat' dir='ltr'><strong>venit;</strong></span> <span class='ocrx_word' id='word_1_662' title='bbox 2543 4558 2598 4602; x_wconf 88' lang='lat' dir='ltr'><strong>et</strong></span> <span class='ocrx_word' id='word_1_663' title='bbox 2629 4549 2778 4603; x_wconf 89' lang='lat' dir='ltr'><strong>illico</strong></span> <span class='ocrx_word' id='word_1_664' title='bbox 2805 4549 3047 4618; x_wconf 84' lang='lat' dir='ltr'><strong>prolatas</strong></span> <span class='ocrx_word' id='word_1_665' title='bbox 3074 4548 3258 4616; x_wconf 86' lang='lat' dir='ltr'><strong>oppidi</strong></span> <span class='ocrx_word' id='word_1_666' title='bbox 3287 4547 3470 4599; x_wconf 87' lang='lat' dir='ltr'><strong>claves</strong></span> <span class='ocrx_word' id='word_1_667' title='bbox 3502 4546 3706 4612; x_wconf 77' lang='lat' dir='ltr'><strong>despo-</strong></span> 
     </span>
    </p>
   </div>
   <div class='ocr_carea' id='block_1_89' title="bbox 437 4631 2020 4704">
    <p class='ocr_par' dir='ltr' id='par_1_89' title="bbox 437 4631 2020 4704">
     <span class='ocr_line' id='line_1_89' title="bbox 437 4631 2020 4704; baseline 0.008 -22"><span class='ocrx_word' id='word_1_668' title='bbox 437 4647 664 4699; x_wconf 77' lang='lat' dir='ltr'><strong>enpare,</strong></span> <span class='ocrx_word' id='word_1_669' title='bbox 690 4631 743 4686; x_wconf 91' lang='lat' dir='ltr'><strong>in</strong></span> <span class='ocrx_word' id='word_1_670' title='bbox 781 4633 978 4686; x_wconf 86' lang='lat' dir='ltr'><strong>mediis</strong></span> <span class='ocrx_word' id='word_1_671' title='bbox 1025 4634 1226 4690; x_wconf 79' lang='lat' dir='ltr'><strong>finibus</strong></span> <span class='ocrx_word' id='word_1_672' title='bbox 1259 4639 1467 4691; x_wconf 84' lang='lat' dir='ltr'><strong>nostris</strong></span> <span class='ocrx_word' id='word_1_673' title='bbox 1502 4639 1695 4692; x_wconf 88' lang='lat' dir='ltr'><strong>situm.</strong></span> <span class='ocrx_word' id='word_1_674' title='bbox 1724 4638 1841 4704; x_wconf 84' lang='lat' dir='ltr'><strong>Qua</strong></span> <span class='ocrx_word' id='word_1_675' title='bbox 1870 4641 1938 4694; x_wconf 90' lang='lat' dir='ltr'><strong>de</strong></span> <span class='ocrx_word' id='word_1_676' title='bbox 1961 4655 2020 4694; x_wconf 90' lang='lat' dir='ltr'><strong>re</strong></span> 
     </span>
    </p>
   </div>
   <div class='ocr_carea' id='block_1_90' title="bbox 439 4723 2022 4800">
    <p class='ocr_par' dir='ltr' id='par_1_90' title="bbox 439 4723 2022 4800">
     <span class='ocr_line' id='line_1_90' title="bbox 439 4723 2022 4800; baseline 0.007 -25"><span class='ocrx_word' id='word_1_677' title='bbox 439 4723 542 4776; x_wconf 83' lang='lat' dir='ltr'><strong>hoc</strong></span> <span class='ocrx_word' id='word_1_678' title='bbox 590 4723 690 4776; x_wconf 90' lang='lat' dir='ltr'><strong>iter</strong></span> <span class='ocrx_word' id='word_1_679' title='bbox 719 4725 1086 4794; x_wconf 71' lang='lat' dir='ltr'><strong>suscepimus,</strong></span> <span class='ocrx_word' id='word_1_680' title='bbox 1110 4735 1184 4790; x_wconf 88' lang='lat' dir='ltr'><strong>et,</strong></span> <span class='ocrx_word' id='word_1_681' title='bbox 1210 4743 1269 4780; x_wconf 93' lang='lat' dir='ltr'><strong>re</strong></span> <span class='ocrx_word' id='word_1_682' title='bbox 1289 4730 1532 4796; x_wconf 74' lang='lat' dir='ltr'><strong>cognita,</strong></span> <span class='ocrx_word' id='word_1_683' title='bbox 1568 4731 1618 4782; x_wconf 89' lang='lat' dir='ltr'><strong>id</strong></span> <span class='ocrx_word' id='word_1_684' title='bbox 1654 4732 1935 4800; x_wconf 83' lang='lat' dir='ltr'><strong>negotium</strong></span> <span class='ocrx_word' id='word_1_685' title='bbox 1964 4743 2022 4786; x_wconf 91' lang='lat' dir='ltr'><strong>ut</strong></span> 
     </span>
    </p>
   </div>
   <div class='ocr_carea' id='block_1_91' title="bbox 437 4812 2018 4889">
    <p class='ocr_par' dir='ltr' id='par_1_91' title="bbox 437 4812 2018 4889">
     <span class='ocr_line' id='line_1_91' title="bbox 437 4812 2018 4889; baseline 0.008 -23"><span class='ocrx_word' id='word_1_686' title='bbox 437 4815 851 4882; x_wconf 85' lang='lat' dir='ltr'><strong>impediremus,</strong></span> <span class='ocrx_word' id='word_1_687' title='bbox 907 4817 1163 4874; x_wconf 89' lang='lat' dir='ltr'><strong>dedimus</strong></span> <span class='ocrx_word' id='word_1_688' title='bbox 1197 4834 1442 4888; x_wconf 86' lang='lat' dir='ltr'><strong>operam.</strong></span> <span class='ocrx_word' id='word_1_689' title='bbox 1493 4812 1674 4889; x_wconf 86' lang='lat' dir='ltr'><strong>Atque</strong></span> <span class='ocrx_word' id='word_1_690' title='bbox 1703 4824 1856 4877; x_wconf 85' lang='lat' dir='ltr'><strong>vides</strong></span> <span class='ocrx_word' id='word_1_691' title='bbox 1896 4840 2018 4887; x_wconf 83' lang='lat' dir='ltr'><strong>nos,</strong></span> 
     </span>
    </p>
   </div>
   <div class='ocr_carea' id='block_1_92' title="bbox 436 4903 2016 4982">
    <p class='ocr_par' dir='ltr' id='par_1_92' title="bbox 436 4903 2016 4982">
     <span class='ocr_line' id='line_1_92' title="bbox 436 4903 2016 4982; baseline 0.007 -25"><span class='ocrx_word' id='word_1_692' title='bbox 436 4903 682 4958; x_wconf 76' lang='lat' dir='ltr'><strong>collectis</strong></span> <span class='ocrx_word' id='word_1_693' title='bbox 730 4907 986 4977; x_wconf 67' lang='lat' dir='ltr'><strong>sarcinis,</strong></span> <span class='ocrx_word' id='word_1_694' title='bbox 1038 4907 1264 4962; x_wconf 89' lang='lat' dir='ltr'><strong>domum</strong></span> <span class='ocrx_word' id='word_1_695' title='bbox 1298 4909 1411 4977; x_wconf 88' lang='lat' dir='ltr'><strong>jam</strong></span> <span class='ocrx_word' id='word_1_696' title='bbox 1455 4905 1663 4966; x_wconf 82' lang='lat' dir='ltr'><strong>redire.</strong></span> <span class='ocrx_word' id='word_1_697' title='bbox 1695 4912 2016 4982; x_wconf 83' lang='lat' dir='ltr'><strong>Propediem</strong></span> 
     </span>
    </p>
   </div>
   <div class='ocr_carea' id='block_1_93' title="bbox 437 4997 2018 5070">
    <p class='ocr_par' dir='ltr' id='par_1_93' title="bbox 437 4997 2018 5070">
     <span class='ocr_line' id='line_1_93' title="bbox 437 4997 2018 5070; baseline 0.007 -22"><span class='ocrx_word' id='word_1_698' title='bbox 437 5007 620 5050; x_wconf 82' lang='lat' dir='ltr'><strong>autem</strong></span> <span class='ocrx_word' id='word_1_699' title='bbox 655 4997 717 5048; x_wconf 84' lang='lat' dir='ltr'><strong>ad</strong></span> <span class='ocrx_word' id='word_1_700' title='bbox 757 4998 978 5052; x_wconf 82' lang='lat' dir='ltr'><strong>fratrem</strong></span> <span class='ocrx_word' id='word_1_701' title='bbox 1008 5015 1214 5062; x_wconf 89' lang='lat' dir='ltr'><strong>meum,</strong></span> <span class='ocrx_word' id='word_1_702' title='bbox 1242 5017 1498 5069; x_wconf 86' lang='lat' dir='ltr'><strong>magnum</strong></span> <span class='ocrx_word' id='word_1_703' title='bbox 1526 5018 1791 5070; x_wconf 68' lang='lat' dir='ltr'><strong>amet-am,</strong></span> <span class='ocrx_word' id='word_1_704' title='bbox 1834 5005 2018 5059; x_wconf 83' lang='lat' dir='ltr'><strong>mitte-</strong></span> 
     </span>
    </p>
   </div>
   <div class='ocr_carea' id='block_1_94' title="bbox 436 5090 2020 5163">
    <p class='ocr_par' dir='ltr' id='par_1_94' title="bbox 436 5090 2020 5163">
     <span class='ocr_line' id='line_1_94' title="bbox 436 5090 2020 5163; baseline 0.007 -22"><span class='ocrx_word' id='word_1_705' title='bbox 436 5105 494 5144; x_wconf 88' lang='lat' dir='ltr'><strong>re</strong></span> <span class='ocrx_word' id='word_1_706' title='bbox 529 5090 786 5145; x_wconf 87' lang='lat' dir='ltr'><strong>constitui</strong></span> <span class='ocrx_word' id='word_1_707' title='bbox 818 5093 960 5144; x_wconf 84' lang='lat' dir='ltr'><strong>hunc</strong></span> <span class='ocrx_word' id='word_1_708' title='bbox 994 5093 1266 5146; x_wconf 84' lang='lat' dir='ltr'><strong>illustrem</strong></span> <span class='ocrx_word' id='word_1_709' title='bbox 1291 5095 1470 5148; x_wconf 74' lang='lat' dir='ltr'><strong>virum</strong></span> <span class='ocrx_word' id='word_1_710' title='bbox 1495 5095 1606 5163; x_wconf 76' lang='lat' dir='ltr'><strong>(me</strong></span> <span class='ocrx_word' id='word_1_711' title='bbox 1629 5106 1810 5151; x_wconf 85' lang='lat' dir='ltr'><strong>autem</strong></span> <span class='ocrx_word' id='word_1_712' title='bbox 1833 5106 2020 5152; x_wconf 87' lang='lat' dir='ltr'><strong>osten-</strong></span> 
     </span>
    </p>
   </div>
   <div class='ocr_carea' id='block_1_95' title="bbox 435 5183 2017 5259">
    <p class='ocr_par' dir='ltr' id='par_1_95' title="bbox 435 5183 2017 5259">
     <span class='ocr_line' id='line_1_95' title="bbox 435 5183 2017 5259; baseline 0.006 -23"><span class='ocrx_word' id='word_1_713' title='bbox 435 5183 617 5250; x_wconf 76' lang='lat' dir='ltr'><strong>ti-baI)</strong></span> <span class='ocrx_word' id='word_1_714' title='bbox 652 5183 743 5250; x_wconf 88' lang='lat' dir='ltr'><strong>qui</strong></span> <span class='ocrx_word' id='word_1_715' title='bbox 776 5183 852 5237; x_wconf 89' lang='lat' dir='ltr'><strong>illi</strong></span> <span class='ocrx_word' id='word_1_716' title='bbox 878 5184 1044 5238; x_wconf 86' lang='lat' dir='ltr'><strong>etiam</strong></span> <span class='ocrx_word' id='word_1_717' title='bbox 1089 5185 1194 5238; x_wconf 85' lang='lat' dir='ltr'><strong>alia</strong></span> <span class='ocrx_word' id='word_1_718' title='bbox 1230 5186 1398 5239; x_wconf 88' lang='lat' dir='ltr'><strong>multa</strong></span> <span class='ocrx_word' id='word_1_719' title='bbox 1431 5199 1687 5256; x_wconf 70' lang='lat' dir='ltr'><strong>exponet,</strong></span> <span class='ocrx_word' id='word_1_720' title='bbox 1715 5190 1782 5243; x_wconf 87' lang='lat' dir='ltr'><strong>de</strong></span> <span class='ocrx_word' id='word_1_721' title='bbox 1814 5192 2017 5259; x_wconf 85' lang='lat' dir='ltr'><strong>quibus</strong></span> 
     </span>
    </p>
   </div>
   <div class='ocr_carea' id='block_1_96' title="bbox 434 5275 2016 5348">
    <p class='ocr_par' dir='ltr' id='par_1_96' title="bbox 434 5275 2016 5348">
     <span class='ocr_line' id='line_1_96' title="bbox 434 5275 2016 5348; baseline 0.006 -20"><span class='ocrx_word' id='word_1_722' title='bbox 434 5275 580 5328; x_wconf 88' lang='lat' dir='ltr'><strong>inter</strong></span> <span class='ocrx_word' id='word_1_723' title='bbox 636 5290 737 5328; x_wconf 91' lang='lat' dir='ltr'><strong>nos</strong></span> <span class='ocrx_word' id='word_1_724' title='bbox 779 5277 862 5345; x_wconf 73' lang='lat' dir='ltr'><strong>agi</strong></span> <span class='ocrx_word' id='word_1_725' title='bbox 897 5291 1118 5331; x_wconf 86' lang='lat' dir='ltr'><strong>necesse</strong></span> <span class='ocrx_word' id='word_1_726' title='bbox 1145 5288 1247 5332; x_wconf 83' lang='lat' dir='ltr'><strong>est.</strong></span> <span class='ocrx_word' id='word_1_727' title='bbox 1289 5296 1306 5328; x_wconf 85' lang='grc'><strong>›</strong></span> <span class='ocrx_word' id='word_1_728' title='bbox 1343 5277 1545 5346; x_wconf 83' lang='lat' dir='ltr'><strong>Turca,</strong></span> <span class='ocrx_word' id='word_1_729' title='bbox 1587 5281 1672 5334; x_wconf 87' lang='lat' dir='ltr'><strong>bis</strong></span> <span class='ocrx_word' id='word_1_730' title='bbox 1703 5283 1930 5348; x_wconf 81' lang='lat' dir='ltr'><strong>au:litis,</strong></span> <span class='ocrx_word' id='word_1_731' title='bbox 1958 5294 2016 5338; x_wconf 91' lang='lat' dir='ltr'><strong>et</strong></span> 
     </span>
    </p>
   </div>
   <div class='ocr_carea' id='block_1_97' title="bbox 433 5367 2014 5436">
    <p class='ocr_par' dir='ltr' id='par_1_97' title="bbox 433 5367 2014 5436">
     <span class='ocr_line' id='line_1_97' title="bbox 433 5367 2014 5436; baseline 0.006 -18"><span class='ocrx_word' id='word_1_732' title='bbox 433 5367 760 5420; x_wconf 86' lang='lat' dir='ltr'><strong>muneribus</strong></span> <span class='ocrx_word' id='word_1_733' title='bbox 817 5368 952 5422; x_wconf 88' lang='lat' dir='ltr'><strong>bene</strong></span> <span class='ocrx_word' id='word_1_734' title='bbox 983 5369 1324 5436; x_wconf 85' lang='lat' dir='ltr'><strong>cumulatus,</strong></span> <span class='ocrx_word' id='word_1_735' title='bbox 1361 5370 1486 5425; x_wconf 68' lang='lat' dir='ltr'><strong>Iano</strong></span> <span class='ocrx_word' id='word_1_736' title='bbox 1525 5371 1711 5425; x_wconf 87' lang='lat' dir='ltr'><strong>animo</strong></span> <span class='ocrx_word' id='word_1_737' title='bbox 1738 5373 2014 5430; x_wconf 85' lang='lat' dir='ltr'><strong>discessit.</strong></span> 
     </span>
    </p>
   </div>
   <div class='ocr_carea' id='block_1_98' title="bbox 435 5457 2011 5534">
    <p class='ocr_par' dir='ltr' id='par_1_98' title="bbox 435 5457 2011 5534">
     <span class='ocr_line' id='line_1_98' title="bbox 435 5457 2011 5534; baseline 0.008 -27"><span class='ocrx_word' id='word_1_738' title='bbox 435 5457 540 5522; x_wconf 86' lang='lat' dir='ltr'><strong>Qui</strong></span> <span class='ocrx_word' id='word_1_739' title='bbox 577 5474 698 5510; x_wconf 81' lang='lat' dir='ltr'><strong>cum</strong></span> <span class='ocrx_word' id='word_1_740' title='bbox 751 5458 980 5523; x_wconf 86' lang='lat' dir='ltr'><strong>abisset,</strong></span> <span class='ocrx_word' id='word_1_741' title='bbox 1031 5461 1430 5516; x_wconf 80' lang='lat' dir='ltr'><strong>ConSIantinus</strong></span> <span class='ocrx_word' id='word_1_742' title='bbox 1466 5463 1632 5531; x_wconf 75' lang='lat' dir='ltr'><strong>jussit</strong></span> <span class='ocrx_word' id='word_1_743' title='bbox 1673 5482 1758 5520; x_wconf 88' lang='lat' dir='ltr'><strong>me</strong></span> <span class='ocrx_word' id='word_1_744' title='bbox 1795 5483 2011 5534; x_wconf 84' lang='lat' dir='ltr'><strong>parare,</strong></span> 
     </span>
    </p>
   </div>
   <div class='ocr_carea' id='block_1_99' title="bbox 435 5549 2015 5629">
    <p class='ocr_par' dir='ltr' id='par_1_99' title="bbox 435 5549 2015 5629">
     <span class='ocr_line' id='line_1_99' title="bbox 435 5549 2015 5629; baseline 0.01 -32"><span class='ocrx_word' id='word_1_745' title='bbox 435 5563 556 5616; x_wconf 73' lang='lat' dir='ltr'><strong>quze</strong></span> <span class='ocrx_word' id='word_1_746' title='bbox 586 5549 652 5602; x_wconf 87' lang='lat' dir='ltr'><strong>ad</strong></span> <span class='ocrx_word' id='word_1_747' title='bbox 684 5550 786 5602; x_wconf 87' lang='lat' dir='ltr'><strong>iter</strong></span> <span class='ocrx_word' id='word_1_748' title='bbox 813 5549 1124 5606; x_wconf 79' lang='lat' dir='ltr'><strong>faciendum</strong></span> <span class='ocrx_word' id='word_1_749' title='bbox 1146 5557 1457 5610; x_wconf 84' lang='lat' dir='ltr'><strong>necessaria</strong></span> <span class='ocrx_word' id='word_1_750' title='bbox 1491 5568 1694 5612; x_wconf 86' lang='lat' dir='ltr'><strong>essent.</strong></span> <span class='ocrx_word' id='word_1_751' title='bbox 1727 5557 1859 5629; x_wconf 78' lang='lat' dir='ltr'><strong>Ego,</strong></span> <span class='ocrx_word' id='word_1_752' title='bbox 1883 5561 2015 5629; x_wconf 89' lang='lat' dir='ltr'><strong>qttid</strong></span> 
     </span>
    </p>
   </div>
   <div class='ocr_carea' id='block_1_100' title="bbox 435 5637 2015 5718">
    <p class='ocr_par' dir='ltr' id='par_1_100' title="bbox 435 5637 2015 5718">
     <span class='ocr_line' id='line_1_100' title="bbox 435 5637 2015 5718; baseline 0.009 -28"><span class='ocrx_word' id='word_1_753' title='bbox 435 5637 513 5690; x_wconf 86' lang='lat' dir='ltr'><strong>rei</strong></span> <span class='ocrx_word' id='word_1_754' title='bbox 547 5649 693 5694; x_wconf 87' lang='lat' dir='ltr'><strong>esset</strong></span> <span class='ocrx_word' id='word_1_755' title='bbox 756 5641 1001 5708; x_wconf 71' lang='lat' dir='ltr'><strong>ignarus,</strong></span> <span class='ocrx_word' id='word_1_756' title='bbox 1065 5646 1344 5713; x_wconf 82' lang='lat' dir='ltr'><strong>respondi,</strong></span> <span class='ocrx_word' id='word_1_757' title='bbox 1378 5646 1455 5700; x_wconf 83' lang='lat' dir='ltr'><strong>ita</strong></span> <span class='ocrx_word' id='word_1_758' title='bbox 1500 5646 1642 5710; x_wconf 87' lang='lat' dir='ltr'><strong>fore,</strong></span> <span class='ocrx_word' id='word_1_759' title='bbox 1671 5649 1716 5700; x_wconf 90' lang='lat' dir='ltr'><strong>si</strong></span> <span class='ocrx_word' id='word_1_760' title='bbox 1761 5651 1868 5703; x_wconf 71' lang='lat' dir='ltr'><strong>Deo</strong></span> <span class='ocrx_word' id='word_1_761' title='bbox 1901 5653 2015 5718; x_wconf 83' lang='lat' dir='ltr'><strong>pla-</strong></span> 
     </span>
    </p>
   </div>
   <div class='ocr_carea' id='block_1_101' title="bbox 435 5732 2010 5808">
    <p class='ocr_par' dir='ltr' id='par_1_101' title="bbox 435 5732 2010 5808">
     <span class='ocr_line' id='line_1_101' title="bbox 435 5732 2010 5808; baseline 0.008 -24"><span class='ocrx_word' id='word_1_762' title='bbox 435 5732 664 5792; x_wconf 77' lang='lat' dir='ltr'><strong>cuiSSet,</strong></span> <span class='ocrx_word' id='word_1_763' title='bbox 731 5743 786 5785; x_wconf 92' lang='lat' dir='ltr'><strong>ut</strong></span> <span class='ocrx_word' id='word_1_764' title='bbox 835 5750 941 5787; x_wconf 87' lang='lat' dir='ltr'><strong>non</strong></span> <span class='ocrx_word' id='word_1_765' title='bbox 997 5738 1209 5791; x_wconf 81' lang='lat' dir='ltr'><strong>veniret</strong></span> <span class='ocrx_word' id='word_1_766' title='bbox 1249 5740 1623 5808; x_wconf 82' lang='lat' dir='ltr'><strong>lnetropolila,</strong></span> <span class='ocrx_word' id='word_1_767' title='bbox 1674 5756 1737 5794; x_wconf 88' lang='lat' dir='ltr'><strong>ac</strong></span> <span class='ocrx_word' id='word_1_768' title='bbox 1767 5751 2010 5796; x_wconf 83' lang='lat' dir='ltr'><strong>castrum</strong></span> 
     </span>
    </p>
   </div>
   <div class='ocr_carea' id='block_1_102' title="bbox 432 5821 2006 5907">
    <p class='ocr_par' dir='ltr' id='par_1_102' title="bbox 432 5821 2006 5907">
     <span class='ocr_line' id='line_1_102' title="bbox 432 5821 2006 5907; baseline 0.012 -34"><span class='ocrx_word' id='word_1_769' title='bbox 432 5821 594 5876; x_wconf 85' lang='lat' dir='ltr'><strong>nobis</strong></span> <span class='ocrx_word' id='word_1_770' title='bbox 615 5824 876 5881; x_wconf 86' lang='lat' dir='ltr'><strong>traditum</strong></span> <span class='ocrx_word' id='word_1_771' title='bbox 911 5837 1079 5907; x_wconf 75' lang='lat' dir='ltr'><strong>esset,</strong></span> <span class='ocrx_word' id='word_1_772' title='bbox 1107 5839 1159 5886; x_wconf 85' lang='lat' dir='ltr'><strong>et</strong></span> <span class='ocrx_word' id='word_1_773' title='bbox 1197 5839 1490 5903; x_wconf 81' lang='lat' dir='ltr'><strong>postquam</strong></span> <span class='ocrx_word' id='word_1_774' title='bbox 1516 5833 1635 5905; x_wconf 85' lang='lat' dir='ltr'><strong>ipse</strong></span> <span class='ocrx_word' id='word_1_775' title='bbox 1666 5835 2006 5906; x_wconf 83' lang='lat' dir='ltr'><strong>aliquantum</strong></span> 
     </span>
    </p>
   </div>
   <div class='ocr_carea' id='block_1_103' title="bbox 2130 4636 3709 4708">
    <p class='ocr_par' dir='ltr' id='par_1_103' title="bbox 2130 4636 3709 4708">
     <span class='ocr_line' id='line_1_103' title="bbox 2130 4636 3709 4708; baseline -0.003 -10"><span class='ocrx_word' id='word_1_776' title='bbox 2130 4655 2218 4704; x_wconf 66' lang='lat' dir='ltr'><strong>tan.</strong></span> <span class='ocrx_word' id='word_1_777' title='bbox 2247 4645 2473 4698; x_wconf 82' lang='lat' dir='ltr'><strong>domino</strong></span> <span class='ocrx_word' id='word_1_778' title='bbox 2503 4657 2643 4704; x_wconf 89' lang='lat' dir='ltr'><strong>meo,</strong></span> <span class='ocrx_word' id='word_1_779' title='bbox 2670 4643 2753 4694; x_wconf 84' lang='lat' dir='ltr'><strong>bis</strong></span> <span class='ocrx_word' id='word_1_780' title='bbox 2771 4641 2949 4695; x_wconf 68' lang='lat' dir='ltr'><strong>Verbis</strong></span> <span class='ocrx_word' id='word_1_781' title='bbox 2977 4641 3237 4693; x_wconf 85' lang='lat' dir='ltr'><strong>tradidit:</strong></span> <span class='ocrx_word' id='word_1_782' title='bbox 3276 4636 3577 4708; x_wconf 69' lang='lat' dir='ltr'><strong>«Oppidum</strong></span> <span class='ocrx_word' id='word_1_783' title='bbox 3606 4640 3709 4693; x_wconf 82' lang='lat' dir='ltr'><strong>hoc</strong></span> 
     </span>
    </p>
   </div>
   <div class='ocr_carea' id='block_1_104' title="bbox 2128 4725 3706 4802">
    <p class='ocr_par' dir='ltr' id='par_1_104' title="bbox 2128 4725 3706 4802">
     <span class='ocr_line' id='line_1_104' title="bbox 2128 4725 3706 4802; baseline -0.005 -16"><span class='ocrx_word' id='word_1_784' title='bbox 2128 4734 2415 4802; x_wconf 88' lang='lat' dir='ltr'><strong>proprium</strong></span> <span class='ocrx_word' id='word_1_785' title='bbox 2470 4740 2555 4784; x_wconf 84' lang='lat' dir='ltr'><strong>est</strong></span> <span class='ocrx_word' id='word_1_786' title='bbox 2613 4729 2835 4784; x_wconf 71' lang='lat' dir='ltr'><strong>domino</strong></span> <span class='ocrx_word' id='word_1_787' title='bbox 2879 4743 3004 4781; x_wconf 89' lang='lat' dir='ltr'><strong>meo</strong></span> <span class='ocrx_word' id='word_1_788' title='bbox 3063 4727 3367 4795; x_wconf 74' lang='lat' dir='ltr'><strong>maiestatis</strong></span> <span class='ocrx_word' id='word_1_789' title='bbox 3428 4735 3532 4779; x_wconf 69' lang='lat' dir='ltr'><strong>tua:</strong></span> <span class='ocrx_word' id='word_1_790' title='bbox 3563 4725 3706 4779; x_wconf 86' lang='lat' dir='ltr'><strong>afiini</strong></span> 
     </span>
    </p>
   </div>
   <div class='ocr_carea' id='block_1_105' title="bbox 2127 4817 3708 4896">
    <p class='ocr_par' dir='ltr' id='par_1_105' title="bbox 2127 4817 3708 4896">
     <span class='ocr_line' id='line_1_105' title="bbox 2127 4817 3708 4896; baseline -0.004 -18"><span class='ocrx_word' id='word_1_791' title='bbox 2127 4825 2350 4895; x_wconf 84' lang='lat' dir='ltr'><strong>(etenim</strong></span> <span class='ocrx_word' id='word_1_792' title='bbox 2388 4823 2656 4896; x_wconf 87' lang='lat' dir='ltr'><strong>principis</strong></span> <span class='ocrx_word' id='word_1_793' title='bbox 2702 4822 2844 4875; x_wconf 81' lang='lat' dir='ltr'><strong>filius</strong></span> <span class='ocrx_word' id='word_1_794' title='bbox 2883 4835 3136 4876; x_wconf 87' lang='lat' dir='ltr'><strong>sororem</strong></span> <span class='ocrx_word' id='word_1_795' title='bbox 3176 4817 3486 4873; x_wconf 74' lang='lat' dir='ltr'><strong>Theodorre</strong></span> <span class='ocrx_word' id='word_1_796' title='bbox 3530 4819 3708 4888; x_wconf 90' lang='lat' dir='ltr'><strong>impe-</strong></span> 
     </span>
    </p>
   </div>
   <div class='ocr_carea' id='block_1_106' title="bbox 2124 4911 3702 4987">
    <p class='ocr_par' dir='ltr' id='par_1_106' title="bbox 2124 4911 3702 4987">
     <span class='ocr_line' id='line_1_106' title="bbox 2124 4911 3702 4987; baseline -0.004 -16"><span class='ocrx_word' id='word_1_797' title='bbox 2124 4918 2344 4971; x_wconf 86' lang='lat' dir='ltr'><strong>ratricis</strong></span> <span class='ocrx_word' id='word_1_798' title='bbox 2399 4916 2658 4987; x_wconf 81' lang='lat' dir='ltr'><strong>legitimis</strong></span> <span class='ocrx_word' id='word_1_799' title='bbox 2717 4913 2926 4983; x_wconf 90' lang='lat' dir='ltr'><strong>nuptiis</strong></span> <span class='ocrx_word' id='word_1_800' title='bbox 2991 4912 3095 4966; x_wconf 91' lang='lat' dir='ltr'><strong>sibi</strong></span> <span class='ocrx_word' id='word_1_801' title='bbox 3159 4911 3570 4980; x_wconf 75' lang='lat' dir='ltr'><strong>coniunxerat),</strong></span> <span class='ocrx_word' id='word_1_802' title='bbox 3607 4911 3702 4978; x_wconf 86' lang='lat' dir='ltr'><strong>qui</strong></span> 
     </span>
    </p>
   </div>
   <div class='ocr_carea' id='block_1_107' title="bbox 2125 5003 3703 5076">
    <p class='ocr_par' dir='ltr' id='par_1_107' title="bbox 2125 5003 3703 5076">
     <span class='ocr_line' id='line_1_107' title="bbox 2125 5003 3703 5076; baseline -0.003 -15"><span class='ocrx_word' id='word_1_803' title='bbox 2125 5009 2406 5063; x_wconf 84' lang='lat' dir='ltr'><strong>mandavit</strong></span> <span class='ocrx_word' id='word_1_804' title='bbox 2430 5009 2590 5074; x_wconf 89' lang='lat' dir='ltr'><strong>mihi,</strong></span> <span class='ocrx_word' id='word_1_805' title='bbox 2627 5017 2680 5062; x_wconf 90' lang='lat' dir='ltr'><strong>ut</strong></span> <span class='ocrx_word' id='word_1_806' title='bbox 2717 5006 2996 5076; x_wconf 84' lang='lat' dir='ltr'><strong>majestati</strong></span> <span class='ocrx_word' id='word_1_807' title='bbox 3021 5017 3128 5059; x_wconf 76' lang='lat' dir='ltr'><strong>tua:</strong></span> <span class='ocrx_word' id='word_1_808' title='bbox 3160 5005 3213 5059; x_wconf 91' lang='lat' dir='ltr'><strong>id</strong></span> <span class='ocrx_word' id='word_1_809' title='bbox 3241 5003 3553 5058; x_wconf 60' lang='lat' dir='ltr'><strong>dederema</strong></span> <span class='ocrx_word' id='word_1_810' title='bbox 3595 5003 3703 5057; x_wconf 81' lang='lat' dir='ltr'><strong>Re-</strong></span> 
     </span>
    </p>
   </div>
   <div class='ocr_carea' id='block_1_108' title="bbox 2123 5098 3704 5168">
    <p class='ocr_par' dir='ltr' id='par_1_108' title="bbox 2123 5098 3704 5168">
     <span class='ocr_line' id='line_1_108' title="bbox 2123 5098 3704 5168; baseline -0.001 -14"><span class='ocrx_word' id='word_1_811' title='bbox 2123 5101 2355 5168; x_wconf 86' lang='lat' dir='ltr'><strong>spondet</strong></span> <span class='ocrx_word' id='word_1_812' title='bbox 2375 5101 2772 5155; x_wconf 87' lang='lat' dir='ltr'><strong>Constantinus</strong></span> <span class='ocrx_word' id='word_1_813' title='bbox 2799 5117 2812 5152; x_wconf 93' lang='lat'><strong>:</strong></span> <span class='ocrx_word' id='word_1_814' title='bbox 2859 5118 2877 5151; x_wconf 84' lang='grc' dir='ltr'><strong>ι</strong></span> <span class='ocrx_word' id='word_1_815' title='bbox 2907 5100 2981 5153; x_wconf 89' lang='lat' dir='ltr'><strong>Ita</strong></span> <span class='ocrx_word' id='word_1_816' title='bbox 3007 5115 3067 5152; x_wconf 77' lang='lat' dir='ltr'><strong>se</strong></span> <span class='ocrx_word' id='word_1_817' title='bbox 3101 5114 3186 5154; x_wconf 86' lang='lat' dir='ltr'><strong>res</strong></span> <span class='ocrx_word' id='word_1_818' title='bbox 3208 5098 3392 5163; x_wconf 86' lang='lat' dir='ltr'><strong>habet,</strong></span> <span class='ocrx_word' id='word_1_819' title='bbox 3418 5099 3570 5154; x_wconf 88' lang='lat' dir='ltr'><strong>locus</strong></span> <span class='ocrx_word' id='word_1_820' title='bbox 3602 5099 3704 5153; x_wconf 84' lang='lat' dir='ltr'><strong>iste</strong></span> 
     </span>
    </p>
   </div>
   <div class='ocr_carea' id='block_1_109' title="bbox 2122 5187 3782 5265">
    <p class='ocr_par' dir='ltr' id='par_1_109' title="bbox 2122 5187 3782 5265">
     <span class='ocr_line' id='line_1_109' title="bbox 2122 5187 3782 5265; baseline -0.001 -19"><span class='ocrx_word' id='word_1_821' title='bbox 2122 5192 2302 5247; x_wconf 78' lang='lat' dir='ltr'><strong>amnis</strong></span> <span class='ocrx_word' id='word_1_822' title='bbox 2331 5193 2436 5247; x_wconf 88' lang='lat' dir='ltr'><strong>mei</strong></span> <span class='ocrx_word' id='word_1_823' title='bbox 2472 5203 2578 5256; x_wconf 90' lang='lat' dir='ltr'><strong>est,</strong></span> <span class='ocrx_word' id='word_1_824' title='bbox 2611 5208 2720 5247; x_wconf 92' lang='lat' dir='ltr'><strong>non</strong></span> <span class='ocrx_word' id='word_1_825' title='bbox 2758 5193 2949 5265; x_wconf 61' lang='lat' dir='ltr'><strong>fratris</strong></span> <span class='ocrx_word' id='word_1_826' title='bbox 2971 5192 3109 5246; x_wconf 87' lang='lat' dir='ltr'><strong>mihi</strong></span> <span class='ocrx_word' id='word_1_827' title='bbox 3139 5192 3502 5260; x_wconf 74' lang='lat' dir='ltr'><strong>cognatioris.</strong></span> <span class='ocrx_word' id='word_1_828' title='bbox 3532 5191 3704 5247; x_wconf 65' lang='lat' dir='ltr'><strong>Caete-</strong></span> <span class='ocrx_word' id='word_1_829' title='bbox 3778 5187 3782 5194; x_wconf 83' lang='grc'><em>’</em></span> 
     </span>
    </p>
   </div>
   <div class='ocr_carea' id='block_1_110' title="bbox 2121 5271 3782 5356">
    <p class='ocr_par' dir='ltr' id='par_1_110' title="bbox 2121 5271 3782 5356">
     <span class='ocr_line' id='line_1_110' title="bbox 2121 5271 3782 5356; baseline -0.001 -16"><span class='ocrx_word' id='word_1_830' title='bbox 2121 5303 2243 5340; x_wconf 88' lang='lat' dir='ltr'><strong>rum</strong></span> <span class='ocrx_word' id='word_1_831' title='bbox 2269 5287 2314 5340; x_wconf 90' lang='lat' dir='ltr'><strong>si</strong></span> <span class='ocrx_word' id='word_1_832' title='bbox 2345 5286 2498 5356; x_wconf 87' lang='lat' dir='ltr'><strong>prius</strong></span> <span class='ocrx_word' id='word_1_833' title='bbox 2534 5287 2636 5341; x_wconf 82' lang='lat' dir='ltr'><strong>ltoc</strong></span> <span class='ocrx_word' id='word_1_834' title='bbox 2661 5287 2905 5351; x_wconf 85' lang='lat' dir='ltr'><strong>fecisset,</strong></span> <span class='ocrx_word' id='word_1_835' title='bbox 2959 5285 3130 5340; x_wconf 79' lang='lat' dir='ltr'><strong>frater</strong></span> <span class='ocrx_word' id='word_1_836' title='bbox 3165 5301 3320 5340; x_wconf 90' lang='lat' dir='ltr'><strong>meus</strong></span> <span class='ocrx_word' id='word_1_837' title='bbox 3359 5285 3518 5350; x_wconf 89' lang='lat' dir='ltr'><strong>nihil,</strong></span> <span class='ocrx_word' id='word_1_838' title='bbox 3555 5287 3698 5354; x_wconf 76' lang='lat' dir='ltr'><strong>quod</strong></span> <span class='ocrx_word' id='word_1_839' title='bbox 3774 5271 3782 5302; x_wconf 69' lang='grc'><em>⁵</em></span> 
     </span>
    </p>
   </div>
   <div class='ocr_carea' id='block_1_111' title="bbox 2118 5377 3706 5448">
    <p class='ocr_par' dir='ltr' id='par_1_111' title="bbox 2118 5377 3706 5448">
     <span class='ocr_line' id='line_1_111' title="bbox 2118 5377 3706 5448; baseline 0 -18"><span class='ocrx_word' id='word_1_840' title='bbox 2118 5392 2222 5447; x_wconf 74' lang='lat' dir='ltr'><strong>ego</strong></span> <span class='ocrx_word' id='word_1_841' title='bbox 2279 5387 2545 5442; x_wconf 89' lang='lat' dir='ltr'><strong>tenerem,</strong></span> <span class='ocrx_word' id='word_1_842' title='bbox 2604 5388 2797 5433; x_wconf 83' lang='lat' dir='ltr'><strong>contra</strong></span> <span class='ocrx_word' id='word_1_843' title='bbox 2845 5393 2933 5432; x_wconf 91' lang='lat' dir='ltr'><strong>me</strong></span> <span class='ocrx_word' id='word_1_844' title='bbox 2987 5387 3502 5448; x_wconf 79' lang='lat' dir='ltr'><strong>occuparet,atque</strong></span> <span class='ocrx_word' id='word_1_845' title='bbox 3531 5377 3619 5431; x_wconf 79' lang='lat' dir='ltr'><strong>ille</strong></span> <span class='ocrx_word' id='word_1_846' title='bbox 3651 5386 3706 5430; x_wconf 81' lang='lat' dir='ltr'><strong>et</strong></span> 
     </span>
    </p>
   </div>
   <div class='ocr_carea' id='block_1_112' title="bbox 2123 5471 3702 5540">
    <p class='ocr_par' dir='ltr' id='par_1_112' title="bbox 2123 5471 3702 5540">
     <span class='ocr_line' id='line_1_112' title="bbox 2123 5471 3702 5540; baseline 0.001 -19"><span class='ocrx_word' id='word_1_847' title='bbox 2123 5471 2380 5540; x_wconf 86' lang='lat' dir='ltr'><strong>princeps</strong></span> <span class='ocrx_word' id='word_1_848' title='bbox 2401 5482 2528 5526; x_wconf 89' lang='lat' dir='ltr'><strong>tuus</strong></span> <span class='ocrx_word' id='word_1_849' title='bbox 2554 5472 2910 5527; x_wconf 87' lang='lat' dir='ltr'><strong>incommode</strong></span> <span class='ocrx_word' id='word_1_850' title='bbox 2944 5472 2996 5525; x_wconf 89' lang='lat' dir='ltr'><strong>id</strong></span> <span class='ocrx_word' id='word_1_851' title='bbox 3029 5472 3307 5526; x_wconf 79' lang='lat' dir='ltr'><strong>tenebant.</strong></span> <span class='ocrx_word' id='word_1_852' title='bbox 3343 5471 3499 5525; x_wconf 81' lang='lat' dir='ltr'><strong>Nunc</strong></span> <span class='ocrx_word' id='word_1_853' title='bbox 3521 5480 3702 5523; x_wconf 83' lang='lat' dir='ltr'><strong>autem</strong></span> 
     </span>
    </p>
   </div>
   <div class='ocr_carea' id='block_1_113' title="bbox 2121 5557 3707 5636">
    <p class='ocr_par' dir='ltr' id='par_1_113' title="bbox 2121 5557 3707 5636">
     <span class='ocr_line' id='line_1_113' title="bbox 2121 5557 3707 5636; baseline -0.001 -19"><span class='ocrx_word' id='word_1_854' title='bbox 2121 5567 2166 5618; x_wconf 88' lang='lat' dir='ltr'><strong>si</strong></span> <span class='ocrx_word' id='word_1_855' title='bbox 2193 5565 2455 5633; x_wconf 90' lang='lat' dir='ltr'><strong>oppidum</strong></span> <span class='ocrx_word' id='word_1_856' title='bbox 2488 5557 2724 5634; x_wconf 73' lang='lat' dir='ltr'><strong>accipio,</strong></span> <span class='ocrx_word' id='word_1_857' title='bbox 2743 5565 2886 5620; x_wconf 90' lang='lat' dir='ltr'><strong>inter</strong></span> <span class='ocrx_word' id='word_1_858' title='bbox 2908 5581 2992 5619; x_wconf 87' lang='lat' dir='ltr'><strong>me</strong></span> <span class='ocrx_word' id='word_1_859' title='bbox 3017 5565 3354 5636; x_wconf 86' lang='lat' dir='ltr'><strong>fratremque</strong></span> <span class='ocrx_word' id='word_1_860' title='bbox 3385 5579 3562 5616; x_wconf 86' lang='lat' dir='ltr'><strong>mettm</strong></span> <span class='ocrx_word' id='word_1_861' title='bbox 3590 5563 3707 5616; x_wconf 87' lang='lat' dir='ltr'><strong>dis-</strong></span> 
     </span>
    </p>
   </div>
   <div class='ocr_carea' id='block_1_114' title="bbox 2122 5655 3702 5726">
    <p class='ocr_par' dir='ltr' id='par_1_114' title="bbox 2122 5655 3702 5726">
     <span class='ocr_line' id='line_1_114' title="bbox 2122 5655 3702 5726; baseline -0.002 -16"><span class='ocrx_word' id='word_1_862' title='bbox 2122 5656 2326 5710; x_wconf 85' lang='lat' dir='ltr'><strong>sidium</strong></span> <span class='ocrx_word' id='word_1_863' title='bbox 2358 5656 2563 5711; x_wconf 76' lang='lat' dir='ltr'><strong>exoriri</strong></span> <span class='ocrx_word' id='word_1_864' title='bbox 2585 5672 2815 5711; x_wconf 84' lang='lat' dir='ltr'><strong>necesse</strong></span> <span class='ocrx_word' id='word_1_865' title='bbox 2844 5668 2950 5722; x_wconf 86' lang='lat' dir='ltr'><strong>est,</strong></span> <span class='ocrx_word' id='word_1_866' title='bbox 2982 5659 3128 5726; x_wconf 83' lang='lat' dir='ltr'><strong>quod</strong></span> <span class='ocrx_word' id='word_1_867' title='bbox 3155 5674 3222 5712; x_wconf 92' lang='lat' dir='ltr'><strong>ne</strong></span> <span class='ocrx_word' id='word_1_868' title='bbox 3248 5671 3456 5726; x_wconf 69' lang='lat' dir='ltr'><strong>rnagnaa</strong></span> <span class='ocrx_word' id='word_1_869' title='bbox 3480 5655 3702 5722; x_wconf 81' lang='lat' dir='ltr'><strong>quidem</strong></span> 
     </span>
    </p>
   </div>
   <div class='ocr_carea' id='block_1_115' title="bbox 2120 5731 3698 5818">
    <p class='ocr_par' dir='ltr' id='par_1_115' title="bbox 2120 5731 3698 5818">
     <span class='ocr_line' id='line_1_115' title="bbox 2120 5731 3698 5818; baseline -0.001 -18"><span class='ocrx_word' id='word_1_870' title='bbox 2120 5762 2198 5801; x_wconf 78' lang='lat' dir='ltr'><strong>rei</strong></span> <span class='ocrx_word' id='word_1_871' title='bbox 2234 5731 2426 5812; x_wconf 58' lang='lat' dir='ltr'><strong>causa;</strong></span> <span class='ocrx_word' id='word_1_872' title='bbox 2455 5749 2656 5802; x_wconf 88' lang='lat' dir='ltr'><strong>nedum</strong></span> <span class='ocrx_word' id='word_1_873' title='bbox 2709 5749 2934 5802; x_wconf 71' lang='lat' dir='ltr'><strong>tantilla:</strong></span> <span class='ocrx_word' id='word_1_874' title='bbox 2969 5750 3087 5803; x_wconf 84' lang='lat' dir='ltr'><strong>fieri</strong></span> <span class='ocrx_word' id='word_1_875' title='bbox 3109 5759 3348 5818; x_wconf 87' lang='lat' dir='ltr'><strong>oportet.</strong></span> <span class='ocrx_word' id='word_1_876' title='bbox 3383 5745 3487 5801; x_wconf 83' lang='lat' dir='ltr'><strong>Sed</strong></span> <span class='ocrx_word' id='word_1_877' title='bbox 3518 5755 3576 5799; x_wconf 92' lang='lat' dir='ltr'><strong>tu</strong></span> <span class='ocrx_word' id='word_1_878' title='bbox 3608 5745 3698 5799; x_wconf 83' lang='lat' dir='ltr'><strong>abi</strong></span> 
     </span>
    </p>
   </div>
   <div class='ocr_carea' id='block_1_116' title="bbox 2127 5835 3697 5906">
    <p class='ocr_par' dir='ltr' id='par_1_116' title="bbox 2127 5835 3697 5906">
     <span class='ocr_line' id='line_1_116' title="bbox 2127 5835 3697 5906; baseline -0.001 -15"><span class='ocrx_word' id='word_1_879' title='bbox 2127 5837 2185 5892; x_wconf 89' lang='lat' dir='ltr'><strong>in</strong></span> <span class='ocrx_word' id='word_1_880' title='bbox 2211 5838 2402 5894; x_wconf 86' lang='lat' dir='ltr'><strong>urbem</strong></span> <span class='ocrx_word' id='word_1_881' title='bbox 2431 5849 2506 5900; x_wconf 84' lang='lat' dir='ltr'><strong>et.</strong></span> <span class='ocrx_word' id='word_1_882' title='bbox 2535 5839 2681 5906; x_wconf 87' lang='lat' dir='ltr'><strong>quod</strong></span> <span class='ocrx_word' id='word_1_883' title='bbox 2711 5837 3213 5906; x_wconf 67' lang='lat' dir='ltr'><strong>potes,eﬂice.iliis</strong></span> <span class='ocrx_word' id='word_1_884' title='bbox 3236 5837 3462 5906; x_wconf 83' lang='lat' dir='ltr'><strong>auditis,</strong></span> <span class='ocrx_word' id='word_1_885' title='bbox 3488 5835 3697 5903; x_wconf 78' lang='lat' dir='ltr'><strong>petivit,</strong></span> 
     </span>
    </p>
   </div>
  </div>
