3964 6428
337 387 450 452 759

1547 385 1878 447 GEORGII
1919 387 2350 448 ΡΗΒΑΝἸΖιΕ

3499 381 3601 448 760

338 500 417 570 τῷ
441 495 609 551 αὐτοῦ
661 494 988 566 πτολιέθρῳ.
1030 493 1399 566 Προσταχθεὶς
1463 493 1623 565 149
1672 494 1768 548 οὐν
1815 495 1926 562 ἐγὼ
1953 495 2323 555 Αλάδωσιτδ
2387 495 2728 566 πτολίεθρον,
2787 497 2927 566 ὅπερ
2974 497 3070 550 καὶ
3121 497 3384 567 πρότερον
3434 490 3601 564 εἶχον.

337 588 651 643 συνώδευσα
682 586 834 657 αὐτῷ
882 586 1022 657 μετά
1085 587 1456 657 στρατιωτῶν.
1490 587 1600 639 Καὶ
1644 587 1774 656 περὶ
1824 589 1926 653 τὴν

334 683 453 735 ὁδὸν
485 682 728 751 εὑρεθεὶς
771 679 970 735 Ῥαούλ
1008 683 1036 734 ό
1077 682 1302 749 Θωμᾶς,
1358 681 1454 734 καὶ
1499 681 1734 750 νομίσας
1769 679 1928 732 εὐκο-

335 777 426 828 λον
453 771 595 826 εἶναι
652 776 739 825 ἵνα
765 775 874 844 ἄρῃ
908 774 1074 827 αὐτὸν
1109 775 1205 827 ἀπ’
1238 774 1397 842 ἐμοῦ,
1430 773 1526 828 καὶ
1559 776 1641 834 είς
1680 774 1927 826 κίνδυνον

337 864 466 936 ἦλθε
506 866 598 918 τοῦ
632 869 828 934 φυέναι
859 868 964 919 ἀνὰ
1010 867 1117 919 τῶν
1157 866 1406 934 ἀδελφῶν
1451 883 1503 919 τι
1542 865 1786 934 μάχιμον
1832 864 1928 916 καὶ

336 956 612 1025 λυπηρόν·
655 957 806 1025 ὅμως
843 951 937 1009 οὖν
969 955 1105 1008 Θεοῦ
1159 954 1513 1017 εὐδοκοῦντος
1559 955 1770 1008 ἐκεῖνον
1827 951 1927 1022 μὲν

339 1048 478 1099 σῶον
515 1049 942 1113 ἀπεκατέστησα
990 1045 1200 1109 οἴκαδε,
1263 1041 1421 1112 κάγὼ
1473 1043 1811 1111 ἐπιστρέψας
1834 1041 1927 1094 εὖ-

339 1156 433 1204 ρον
463 1141 556 1189 τὸν
584 1139 854 1208 αὐθέντην
911 1154 1012 1207 μου
1046 1138 1104 1190 έν
1152 1135 1228 1206 τῷ
1271 1134 1378 1210 ,τοῦ
1439 1135 1598 1203 ἁγίου
1673 1132 1927 1203 Ἀνδρέου

337 1230 432 1282 τοῦ
461 1230 855 1299 πρωτοκλήτου
891 1229 1004 1298 ναῷ
1035 1231 1129 1282 καὶ
1148 1229 1306 1297 τάφῳ
1353 1227 1714 1280 ἀποσωθέντα
1766 1229 1832 1296 τῇ
1883 1225 1927 1278 δ’

358 1321 580 1374 Ἰουνίου
638 1323 905 1392 ἑσπέρας.
940 1323 1018 1393 Τῇ
1063 1319 1104 1374 ε’
1159 1320 1308 1391 πρωῒ
1357 1321 1452 1374 τοῦ
1511 1319 1700 1382 αὐτοῦ,
1741 1318 1931 1388 ἡμέρᾳ⁵

340 1409 535 1480 πρώτῃ
571 1411 674 1480 τῆς
745 1412 1064 1482 ὲὸδυμάδος,
1119 1411 1432 1477 ἐξελθόντες
1489 1410 1692 1471 πάντες
1727 1409 1775 1460 οξ
1836 1407 1928 1460 1:06

337 1502 581 1571 κάστρου
610 1501 858 1571 ἔγκριτοι
908 1503 1046 1572 μετὰ
1084 1502 1288 1566 παντὸς
1339 1502 1434 1554 τοῦ
1489 1500 1643 1566 λαοῦ,
1695 1499 1788 1552 καὶ
1843 1499 1931 1550 ὲ),-

339 1594 524 1656 θῦντες
586 1595 754 1664 μέχρι
813 1594 1051 1648 καὶτοῦ
1111 1596 1374 1665 ῥηθέντος
1425 1592 1554 1647 ναοῦ
1623 1592 1716 1644 τοῦ
1772 1590 1929 1657 ἁγίου

351 1685 630 1755 Ἀνδρέου,
664 1687 755 1739 τὸν
784 1686 1054 1754 δεσπότην
1116 1686 1208 1739 καὶ
1255 1685 1526 1754 αὐθέντην
1574 1700 1676 1752 μου
1734 1697 1933 1749 προσε-

340 1777 587 1844 κύνησαν
633 1776 724 1827 καὶ
781 1776 880 1837 τὰς
938 1775 1090 1837 κλεῖς
1141 1774 1232 1826 τοῦ
1301 1775 1542 1843 κάστρου
1607 1772 1930 1838 παρέδωκαν

341 1869 512 1935 αὐτῷ.
540 1870 653 1921 Καὶ
699 1868 872 1930 οὕτως
905 1869 1234 1936 κινήσαντες
1272 1866 1417 1936 μετά
1455 1865 1724 1933 πλείστης
1753 1864 1932 1933 χαρᾶς

344 1959 638 2030 ἀμφότερα
668 1959 738 2014 τὰ
761 1959 930 2031 μέρη,
953 1960 1097 2028 λέγω
1122 1958 1218 2012 τοῦ
1241 1959 1500 2012 αὐθέντου
1538 1975 1644 2028 μου
1697 1958 1792 2010 καὶ
1835 1955 1930 2009 τοῦ

347 2053 701 2124 πτολιέθρου.
737 2052 885 2116 τινὲς
939 2053 1175 2120 ἔφιπποι
1195 2053 1286 2106 καί
1316 2069 1460 2115 τινες
1495 2051 1674 2116 πεζοὶ,
1699 2051 1931 2113 ἕκαστος

349 2146 487 2198 κατά
516 2146 615 2214 τὴν
662 2143 862 2200 ἑαυτοῦ
919 2145 1286 2217 πηλικότητά,
1342 2147 1438 2221 καὶ
1463 2145 1801 2208 εἰσελθόντες
1851 2143 1932 2207 είς

340 2239 402 2290 τὸ
433 2239 670 2307 κάστρον
703 2239 869 2308 μέχρι
907 2240 1000 2292 καὶ
1044 2240 1157 2292 τῶν
1201 2240 1344 2294 κατὰ
1370 2240 1461 2295 τὸν
1492 2239 1622 2292 ναὸν
1642 2239 1739 2293 τοῦ
1773 2239 1930 2306 ἁγίου

345 2329 618 2384 Νικολάου
648 2330 942 2398 δωματίων
969 2331 1419 2402 ἀπήλθομεν,τῆς
1453 2331 1552 2401 μὲν
1585 2330 1708 2384 ὁδοῦ
1750 2331 1934 2398 πάσης

347 2426 810 2494 κατεστρωμέιης
857 2423 1023 2495 οὐσης
1067 2425 1287 2479 πάντων
1341 2425 1572 2488 ἀνθέων,
1622 2422 1716 2475 καὶ
1771 2422 1931 2473 εὐκο-

346 2517 514 2584 σμίας
532 2518 594 2568 ἐκ
609 2517 802 2582 δεξιῶν
828 2533 886 2570 τε
914 2519 1009 2570 καὶ
1025 2517 1084 2583 ἐξ
1102 2515 1422 2587 εὐωνύμων,
1441 2517 1506 2568 ἐκ
1528 2514 1710 2584 δόμων
1737 2513 1935 2566 πάντο-

341 2607 436 2660 θεν
454 2609 801 2678 ραινομένων
819 2609 1295 2679 ροδοσταμμάτων
1327 2608 1422 2662 καὶ
1443 2607 1616 2676 ῥόδων
1656 2607 1752 2659 καὶ
1771 2621 1934 2675 τρια-

343 2699 756 2766 κονταφύλλων.
811 2699 946 2751 ’Λπὸ
997 2699 1040 2750 δ’
1083 2700 1293 2753 ἀνωθεν
1353 2697 1449 2750 τοῦ
1501 2697 1765 2767 φρουρίου
1813 2696 1934 2766 ἢτοι

341 2790 438 2842 τοῦ
469 2791 684 2860 πύργου
719 2791 812 2844 διὰ
836 2792 1050 2844 σκευῶν
1075 2792 1174 2845 καὶ
1201 2791 1498 2859 τζαγγρῶν
1546 2789 1706 2860 150
1744 2788 1935 2850 κακῶς

343 2879 648 2944 ἑδεξιοῦντο
673 2882 842 2951 ἡμᾶς,
879 2882 995 2935 ἀλλ’
1047 2883 1202 2936 οὐδὲν
1235 2882 1480 2952 ἔϐλαψαν
1515 2899 1530 2914 ·
1560 2886 1610 2936 οἱ
1668 2884 1779 2953 γάρ
1836 2883 1932 2934 τοῦ

350 2975 758 3042 μητροπολίτου
777 2978 1156 3046 κρατήσαντες
1178 2976 1238 3030 τὸ
1263 2977 1550 3048 φρούριον,
1594 2977 1676 3028 ἐτι
1736 2976 1794 3029 δὲ
1840 2976 1934 3028 καὶ

343 3069 414 3119 τὰ
437 3067 736 3122 αὐθεντικά
784 3069 1024 3123 παλάτια
1053 3070 1122 3124 τὰ
1167 3069 1396 3140 πλησίον
1441 3069 1609 3123 αὐτοῦ
1653 3071 1932 3140 οἰκήματα

2045 590 2232 658 Ἠμῶν
2260 589 2315 642 δὲ
2350 591 2442 642 ἐπὶ
2471 589 2571 659 τὴν
2609 588 2802 658 αὔριον
2843 591 3221 660 συναχθέντων
3278 589 3335 641 ὲν
3379 588 3458 656 τῷ
3512 588 3604 640 τοῦ
3662 657 3664 659 η

2032 680 2185 746 ἁγίου
2221 678 2495 732 Νικολάου
2519 680 2652 747 ναῷ,
2710 681 2807 733 καὶ
2849 681 3054 742 παντὸς
3085 679 3180 732 τοῦ
3215 679 3327 732 τῶν
3370 677 3606 730 πολιτῶν

2029 771 2224 839 δήμου,
2255 769 2480 837 ὤμοσαν
2511 771 2649 839 μετὰ
2705 772 2884 840 ὅρκων
2936 773 3004 825 ἶν’
3033 766 3138 824 ὦσι
3188 772 3372 824 πιστοὶ
3427 771 3608 824 δοῦλοι

2031 865 2124 914 καὶ
2159 862 2518 914 ὐποτακτικοὶ
2553 861 2648 914 τοῦ
2684 862 2946 916 αὐθέντου
2978 864 3135 932 ἡμῶν
3174 863 3264 915 τοῦ
3301 862 3560 916 δεσπότου
3589 879 3605 894 ο

2031 944 2155 1004 εἶτα
2221 948 2694 1019 ἐζήτησαν-κάμὲ
2760 951 2854 1004 τοῦ
2912 952 3124 1020 κρίνειν
3179 953 3235 1003 ὲν
3285 952 3466 1011 αὐτοῖς
3515 950 3611 1002 καὶ

2035 1041 2256 1095 ἰθύνειν.
2319 1041 2378 1093 Ὀ
2431 1041 2489 1094 δὲ
2539 1041 2807 1110 αὐθέντης
2854 1059 2957 1111 μου
3005 1044 3340 1110 ἀπεκρίνατο
3399 1042 3604 1107 λέγων’

2040 1149 2058 1182 ‹
2094 1133 2205 1184 Καὶ
2238 1132 2444 1202 μᾶλλον
2472 1132 2633 1186 τοῦτο
2668 1133 2820 1201 αὐτῷ
2848 1134 3166 1200 ὀφείλομεν,
3197 1135 3291 1187 καὶ
3321 1134 3480 1202 χάριν
3511 1132 3608 1200 τῆς

2033 1223 2189 1292 ὑμῶν
2222 1225 2496 1293 αἰτήσεως
2547 1224 2737 1278 ἔσεται
2769 1225 2934 1288 αὐτὸς
2967 1227 3045 1287 εἰς
3099 1223 3342 1292 κεφαλὴν
3389 1212 3548 1290 ύμῖν.
3584 1238 3604 1271 ι

2033 1321 2114 1391 Τῇ
2135 1319 2190 1372 δὲ
2221 1319 2384 1389 ὀγδόῃ
2413 1320 2510 1371 τοῦ
2537 1318 2708 1371 αὐτοῦ
2767 1319 2990 1372 Ἰουνίου
3029 1321 3196 1389 μηνὸς
3259 1316 3609 1385 διερχομένου

2037 1429 2139 1481 μου
2171 1414 2251 1474 είς
2278 1412 2635 1476 Ναύπακτον,
2671 1411 2759 1464 ἵνα
2803 1411 2942 1482 πρὸς
2973 1409 3064 1462 τὸν
3117 1408 3340 1478 βασιλέα
3396 1407 3613 1476 πρῶτον

2033 1504 2258 1559 ἀπέλθω
2302 1505 2572 1558 ἀκουστὸν
2627 1505 2852 1572 ποιῆσαι
2898 1501 3048 1573 αύτῷ
3095 1503 3162 1556 τὰ
3203 1504 3264 1555 ὲν
3307 1504 3371 1571 τῇ
3416 1501 3612 1577 [Ιάτρᾳ

2035 1597 2625 1668 παρακολουθήσαντα,
2653 1593 2753 1649 εἶτ’
2805 1597 2903 1648 ἀπ’
2946 1597 3127 1648 ὲκεῖσε
3185 1595 3304 1664 μετ’
3355 1594 3613 1663 ἄρχοντος

2035 1686 2200 1740 αὐτοῦ
2235 1687 2371 1755 πρὸς
2401 1687 2495 1738 τὸν
2561 1688 2808 1757 ἁμηρᾶν,
2855 1685 2996 1739 κατά
3043 1687 3144 1756 τὴν
3201 1685 3468 1754 τετάρτην
3517 1684 3612 1736 τοῦ

2036 1779 2205 1834 αὐτοῦ
2249 1777 2417 1850 μηνὸς
2450 1777 2758 1846 φθάσαντες
2789 1777 3089 1846 ὲπείναμεν
3147 1777 3205 1828 ἐν
3232 1775 3308 1844 τῷ
3336 1776 3425 1827 τοῦ
3456 1775 3611 1842 ἁγίου

2049 1871 2304 1941 Ἀνδρέου
2337 1869 2472 1941 ναῷ.
2520 1871 2653 1922 Ἰδοὺ
2694 1871 2792 1922 καὶ
2847 1870 2941 1922 δύο
2985 1868 3222 1938 Τοῦρκοι
3277 1867 3613 1936 διερχόμενοι

2035 1967 2136 2035 τὴν
2169 1965 2524 2030 Ναύπακτον,
2557 1965 2585 2016 ὁ
2621 1965 2720 2032 μὲν
2751 1963 2846 2017 τοῦ
2875 1964 3087 2033 ἀμηρᾶ.
3131 1965 3157 2014 ό
3189 1962 3246 2014 δὲ
3281 1961 3372 2014 τοῦ
3403 1962 3612 2030 Τουρα-

2036 2061 2196 2130 χάνη,
2225 2059 2733 2128 προσαγγέλλοντες
2765 2060 2822 2110 έν
2858 2059 3244 2128 προστάγματι
3282 2055 3368 2108 ἵνα
3404 2057 3476 2124 μὴ
3510 2057 3609 2123 τὴν

2037 2154 2258 2220 Ιιάτραν
2281 2151 2711 2222 παραλάϐωμεν.
2743 2151 2956 2214 Οἴτινες
2996 2151 3052 2203 δὲ
3080 2150 3240 2203 πάλιν
3269 2148 3612 2216 ὑπέστρεψαν

2040 2235 2324 2313 μετ”ὲμοῦ
2357 2243 2660 2310 ἀπολογίαν
2687 2243 2947 2305 λαϐόντες
2997 2242 3232 2308 τοιάνδε,
3275 2243 3356 2293 ὅτι
3409 2241 3527 2292 ἐπεὶ
3584 2239 3614 2290 δ

2036 2334 2230 2404 παρὼν
2265 2335 2425 2404 ἡμῶν
2451 2333 2637 2404 ἄρχων
2689 2333 2997 2403 ἀπέρχεται
3049 2330 3187 2400 πρὸς
3241 2329 3332 2410 ξὺν
3389 2327 3616 2396 ἀδελφόν

2039 2445 2144 2496 μου
2176 2428 2268 2480 τὸν
2297 2428 2470 2496 μέγαν
2498 2428 2722 2496 ἀμηρᾶν
2746 2425 3032 2497 (δεικνύων
3063 2425 3164 2492 ἐμὲ
3209 2423 3310 2492 ἔφη
3345 2423 3528 2483 αὐτοῖς
3588 2422 3617 2474 ό

2042 2521 2195 2590 151
2228 2519 2497 2587 δεσπότης
2528 2520 2556 2571 ό
2612 2519 2887 2584 αὐθέντης
2949 2514 3099 2587 μου).
3152 2517 3249 2569 καὶ
3293 2515 3368 2575 ὥς
3409 2516 3617 2576 ἐκεῖνος

2037 2612 2361 2682 προστάξει,
2395 2610 2572 2674 οὕτως
2605 2611 2700 2664 καὶ⁹
2729 2613 3058 2679 ποιήσομεν.
3119 2606 3615 2675 Ἀναχωρησάντων

2035 2701 2130 2760 οἷν
2161 2705 2320 2774 ἡμῶν
2350 2707 2408 2758 ὲν
2455 2704 2778 2773 Ναυπάκτῳ
2820 2704 3142 2772 ἐμείναμεν.
3198 2699 3352 2770 "pro!
3397 2699 3614 2760 σκοτίας

2035 2798 2118 2852 ῑτι
2147 2797 2312 2862 οὔσης
2352 2797 2462 2849 ἰδοὺ
2496 2798 2679 2848 ἐκεῖσε
2712 2796 2808 2848 καὶ
2857 2797 2886 2847 ό
2937 2793 3185 2847 παλαιῶν
3238 2793 3467 2861 Πατρῶν
3507 2807 3613 2859 μη-

2037 2891 2374 2960 τροπολίτης
2403 2889 2647 2958 τοῦνομα
2678 2888 3022 2956 Πανδοῦλφος
3080 2885 3440 2944 Μαλατέστας
3477 2881 3613 2951 μετά

2037 2986 2308 3055 τριήρεως
2363 2983 2750 3050 Καταλανικῆς
2808 2980 3054 3050 ἔφθασε·
3113 2979 3464 3048 διερχόμενος
3503 2974 3608 3043 γάρ

2038 3077 2168 3146 περὶ
2189 3077 2255 3128 τά
2289 3074 2556 3145 νησύδρια
2590 3073 2659 3126 τὰ
2719 3072 2882 3140 μέσον
2941 3074 3042 3136 τῆς
3097 3069 3242 3133 ὁδοῦ,
3289 3067 3363 3130 ὡς
3415 3064 3611 3135 ἔμαθεν

344 3165 777 3232 σιταρχήσαντες
812 3163 905 3216 καὶ
925 3161 1337 3234 ἀφιερώσαντες
1367 3165 1653 3234 κατέσχον,
1679 3163 1926 3227 ἐλπίζον-
1958 3181 2001 3238 C
2036 3169 2117 3222 δτι
2152 3169 2305 3237 ἐδόθη
2364 3167 2424 3220 τδ
2481 3166 2804 3236 πτολίεθρον
2853 3163 2931 3234 τῷ
2981 3163 3243 3232 δεσπότῃ,
3301 3159 3391 3213 τὸν
3445 3155 3608 3212 πλοῦν

341 3271 435 3318 τες
461 3255 543 3310 ὅτι
573 3255 820 3318 ἐλθόντος
852 3255 947 3309 τοῦ
985 3258 1385 3328 μητροπολίτου
1413 3257 1501 3310 διὰ
1535 3259 1730 3310 τούτου
1767 3255 1932 3310 πάλιν

343 3443 543 3491 uttute
577 3434 768 3490 urbem
809 3438 1058 3493 intraret.
1091 3437 1276 3510 itaque
1307 3438 1498 3509 jussus
1531 3454 1633 3508 ego
1659 3453 1766 3492 una
1812 3451 1936 3507 pcr-

345 3533 464 3582 rexi
487 3544 609 3584 cum
637 3545 802 3584 manu
830 3531 1091 3584 militum.
1117 3531 1174 3585 In
1197 3533 1393 3586 itincrc
1421 3534 1474 3586 in
1505 3531 1772 3585 Thomam
1793 3529 1938 3582 lian-

342 3619 454 3674 lum
474 3622 796 3678 incidimus:
825 3626 916 3694 qui
943 3639 1067 3679 cum
1088 3624 1246 3679 facile
1273 3641 1330 3680 se
1355 3639 1517 3694 pOSse
1539 3621 1932 3678 Johannicium
1966 3633 1968 3636 '

343 3731 372 3768 a
409 3732 496 3770 me
527 3718 840 3772 distrahere
888 3719 1278 3781 arbitraretur,
1332 3717 1641 3783 periculurn
1688 3723 1828 3775 erat,
1867 3727 1935 3766 ne

342 3809 486 3864 inter
525 3809 722 3866 fratres
758 3827 951 3882 pugna:
977 3821 1032 3865 et
1079 3813 1222 3866 mala
1252 3811 1647 3866 excitarentur.
1703 3808 1808 3864 Sed
1854 3809 1935 3863 fa-

342 3911 504 3955 vente
523 3899 659 3966 Deo,
683 3903 837 3958 illum
854 3903 1066 3958 saltum
1095 3905 1320 3958 domum
1357 3905 1598 3968 restitui,
1627 3913 1792 3973 atque
1820 3904 1936 3970 ipse

343 4008 620 4060 reversus,
651 3996 703 4048 in
734 3998 936 4066 tempio
961 4005 1012 4050 ut
1037 3998 1293 4066 sepulcro
1324 3997 1499 4052 sancti
1539 3996 1795 4056 Andreae,
1829 3995 1922 4063 qui

345 4087 646 4155 primusad
687 4091 1062 4158 apostolatnm
1096 4098 1332 4144 vocatus
1358 4099 1464 4153 est,
1497 4090 1930 4144 Constantinum

343 4181 552 4242 inveni,
588 4191 788 4250 quarto
818 4181 905 4235 die
931 4180 1106 4243 Junii,
1143 4184 1210 4236 ad
1240 4198 1554 4251 vesperam.
1585 4182 1680 4236 Die
1709 4181 1930 4251 quinto,

343 4270 439 4340 qui
471 4281 593 4325 erat
653 4273 867 4341 primus
907 4273 1294 4339 hebdomadis,
1329 4291 1492 4328 mane
1521 4289 1719 4328 omnes
1745 4273 1932 4342 oppidi

348 4363 624 4419 primores
662 4377 714 4418 et
746 4366 899 4434 plebs
946 4366 1208 4423 universa
1253 4367 1320 4420 ad
1377 4367 1668 4436 templum,
1716 4368 1784 4422 de
1823 4383 1935 4436 quo

345 4453 554 4508 dictum
585 4464 689 4520 est,
714 4459 1014 4526 progressi,
1038 4457 1322 4526 despotam
1350 4498 1365 4524 ,
1401 4456 1690 4510 dominum
1728 4472 1933 4519 meum,

2040 3265 2342 3331 ἐποιήσατο
2371 3260 2458 3316 διὰ
2480 3259 2577 3312 τοῦ
2605 3261 2785 3312 ἐκεῖσε
2849 3258 3056 3312 κόλπου
3108 3255 3259 3327 παρὰ
3307 3253 3404 3324 τὴν
3446 3251 3614 3304 Δίτω-

2040 3451 2352 3504 tenuerant,
2415 3441 2743 3510 reciperent.
2798 3437 3024 3493 Postera
3085 3439 3206 3494 luce
3258 3444 3370 3491 tota
3395 3435 3610 3501 civitas,

2040 3535 2325 3592 nobiscum
2359 3533 2413 3587 in
2442 3532 2559 3588 aede
2586 3531 2763 3586 sancti
2813 3529 3025 3586 Nicolai
3055 3538 3408 3598 congregata,
3434 3542 3618 3584 sacra-

2041 3627 2240 3683 mentis
2277 3625 2438 3680 fidem
2472 3635 2526 3679 et
2553 3625 2929 3679 obedientiam
2965 3623 3176 3677 addixit
3207 3622 3449 3690 despote
3472 3660 3488 3684 ,
3511 3620 3608 3675 do-

2039 3720 2191 3775 mino
2226 3730 2437 3773 nostro.
2468 3717 2676 3772 Deinde
2700 3732 2829 3770 cum
2869 3731 2956 3770 me
2985 3717 3308 3785 praefectum
3339 3725 3393 3769 et
3419 3715 3616 3786 guber-

2039 3821 2289 3865 natorem
2315 3811 2418 3865 sibi
2456 3817 2807 3878 exoptarent,
2832 3805 3389 3877 responditdomimis
3422 3819 3608 3859 meus:

2045 3903 2142 3956 «Et
2179 3901 2279 3970 ipsi
2317 3901 2615 3954 admodum
2658 3900 2759 3954 hoc
2799 3899 2995 3962 debeo,
3039 3908 3092 3952 et
3124 3897 3435 3965 petentibus
3463 3896 3610 3951 vobis

2039 3992 2344 4056 satisfacio,
2374 4001 2432 4046 ut
2469 3991 2624 4045 vobis
2677 3991 2922 4059 praesit.»
2951 3990 3090 4045 Cum
3123 3999 3318 4045 octavo
3344 3989 3432 4044 die
3459 3990 3605 4059 ejus-

2038 4086 2165 4140 dem
2220 4085 2424 4138 mensis
2487 4082 2638 4136 Junii
2671 4080 3014 4150 Naupactum
3053 4081 3460 4142 discessisscm,
3500 4079 3607 4146 pri-

2039 4192 2189 4232 mum
2269 4173 2588 4244 imperatori
2645 4174 2894 4226 nuntium
2929 4172 3200 4227 allaturus
3245 4173 3313 4226 de
3343 4172 3508 4226 rebus
3542 4167 3610 4224 ad

2040 4265 2256 4320 Patram
2290 4263 2618 4325 transactis,
2672 4262 2874 4316 deinde
2930 4277 3055 4316 cum
3094 4277 3204 4316 uno
3231 4278 3262 4317 e
3299 4263 3611 4332 proceribus

2039 4362 2157 4424 ejus
2193 4357 2539 4427 profecturus
2571 4357 2638 4409 ad
2671 4369 2940 4418 anim-am,
2967 4356 3056 4410 die
3083 4367 3282 4427 quarto
3311 4356 3430 4424 ejus
3462 4370 3611 4410 men-

2041 4457 2120 4509 sis
2163 4457 2216 4508 in
2279 4452 2486 4520 templo
2545 4451 2722 4504 sancti
2763 4452 2996 4505 Andr-ere
3020 4453 3351 4506 commorati
3405 4466 3616 4517 sumus,

344 4550 718 4604 venerabundi
768 4551 1081 4606 salutarunt
1135 4551 1596 4620 tradideruntque
1653 4553 1704 4604 ei
1749 4549 1935 4617 oppidi
1973 4528 2014 4582 ί)
2042 4547 2398 4601 Advenernnt
2429 4555 2545 4598 tum
2579 4543 2924 4612 Naupactum
2953 4542 3094 4600 forte
3121 4543 3232 4598 duo
3268 4543 3484 4606 Turcae,
3518 4557 3611 4596 ve-

343 4641 546 4699 alaves.
579 4642 872 4713 Itailmtitia
907 4646 1146 4714 maxima
1173 4660 1302 4715 pars
1334 4653 1590 4712 utraque,
1624 4652 1679 4696 et
1711 4641 1924 4696 domini

346 4733 474 4796 mei,
504 4743 559 4789 et
585 4736 792 4805 oppidi,
827 4737 920 4790 alii
952 4747 1262 4806 equestres,
1301 4737 1395 4791 alii
1445 4735 1680 4804 pedites,
1712 4752 1808 4804 pro
1833 4751 1930 4789 sua

346 4829 584 4895 quisque
620 4830 962 4894 conditione,
987 4830 1340 4888 incedebant.
1378 4835 1546 4896 atque
1570 4835 1816 4881 castrum
1852 4828 1934 4880 in.

343 4922 519 4989 gressi
575 4939 750 4992 usque
803 4924 872 4977 ad
931 4922 1196 4979 aediculas
1223 4923 1380 4992 juxta
1422 4921 1682 4991 templum
1751 4921 1931 4975 sancti

355 5010 550 5066 \'icolai
589 5015 726 5068 sitas
791 5013 1191 5083 processimus,
1240 5022 1350 5067 tota
1377 5012 1460 5066 via
1491 5021 1771 5067 constrata
1808 5029 1933 5068 om-

359 5103 429 5157 iis
445 5105 662 5173 generis
685 5104 914 5158 ﬂoribus
935 5114 987 5158 et
1009 5106 1074 5159 ad
1107 5107 1356 5160 dextram
1377 5106 1682 5176 lmvamque
1712 5118 1930 5167 ornata,

352 5209 474 5248 :um
507 5211 538 5248 e
597 5195 853 5250 domibus
885 5196 1111 5264 insuper
1163 5197 1409 5272 undique
1442 5214 1584 5266 aqua
1627 5215 1847 5254 rosacea
1883 5207 1936 5252 et

350 5301 488 5339 .osa-
535 5295 591 5340 et
643 5286 928 5342 odorifera
974 5286 1105 5343 folia
1142 5300 1556 5360 spargerentur.
1609 5288 1682 5343 De
1713 5305 1936 5344 summo

356 5389 536 5432 autem
563 5379 791 5433 castello
820 5395 936 5434 suve
982 5396 1111 5436 arce
1148 5383 1274 5438 teiis
1307 5383 1662 5452 arcubusque
1693 5383 1934 5437 baleari-

357 5470 458 5524 hus
492 5470 634 5524 male
684 5485 784 5526 nos
822 5471 1193 5541 excipiebant,
1254 5491 1356 5530 nec
1395 5475 1669 5530 latdebant
1725 5484 1930 5530 tamen.

348 5559 482 5616 Nam
513 5562 656 5632 quia
687 5565 1029 5634 metroriolita
1070 5567 1310 5632 stabant,
1347 5569 1651 5624 castellum
1692 5583 1936 5636 occupa-

349 5669 494 5720 rant,
537 5670 592 5711 et
618 5669 880 5728 praetcrea
906 5661 1107 5729 palatia
1147 5666 1417 5734 principis
1452 5665 1505 5718 in
1547 5666 1694 5718 illius
1728 5665 1930 5718 vicinia

347 5749 638 5817 aedificata,
667 5766 765 5821 spe
793 5751 969 5818 ducti,
1009 5752 1128 5808 fore
1165 5769 1244 5819 ut,
1301 5773 1423 5811 cum
1455 5739 1695 5811 redisset
1719 5764 1933 5810 metro-

351 5839 546 5910 polita,
568 5842 729 5912 huius
751 5843 1082 5898 auctoritate
1104 5847 1385 5918 Oppidum,
1415 5847 1564 5918 quod
1589 5848 1759 5904 etiam
1781 5845 1935 5916 prius

2042 4647 2222 4693 tantes
2255 4653 2398 4690 unus
2448 4651 2672 4698 amarae,
2709 4636 2851 4689 alter
2895 4634 3243 4692 Turachanis
3276 4637 3516 4698 nomine,
3546 4651 3613 4690 ne

2043 4732 2261 4785 Patrani
2308 4729 2360 4782 in
2396 4729 2666 4782 ditionem
2705 4738 2953 4781 nostram
2990 4730 3386 4798 acciperemus.
3417 4730 3477 4782 Hi
3510 4745 3618 4781 nie-

2041 4841 2165 4879 cnin
2197 4821 2428 4886 reversi,
2453 4822 2560 4874 tale
2585 4836 2612 4873 a
2641 4819 3012 4876 Constantino
3037 4837 3366 4888 responsum
3392 4825 3612 4877 lerunt:

2046 4937 2063 4968 ι
2105 4915 2376 4983 Quoniam
2445 4929 2690 4984 praesens
2745 4913 2833 4968 hic
2879 4915 2965 4968 vir
2999 4914 3066 4968 ad
3129 4913 3353 4969 fratrem
3412 4929 3612 4978 meum,

2042 5024 2298 5080 magnum
2322 5023 2590 5073 ameram,
2626 5008 3002 5076 proficiscitur
3037 5009 3150 5079 (me
3181 5018 3364 5062 autem
3395 5009 3478 5062 his
3499 5023 3616 5061 ver-

2044 5105 2128 5157 bis
2153 5101 2550 5170 signilieabat),
2595 5109 2654 5153 ut
2683 5100 2777 5154 illc
2807 5100 3150 5164 decreverit,
3186 5101 3258 5154 ita
3292 5100 3609 5156 faciemus.»

2043 5194 2136 5248 Sic
2173 5194 2341 5262 igitur
2372 5194 2729 5256 recessimus,
2804 5193 3270 5261 cunstitimnsque
3329 5191 3614 5261 Naupacti.

2042 5288 2353 5354 Antequam
2416 5299 2583 5354 porro
2649 5284 2947 5348 diluxerat,
3001 5299 3131 5338 ecce
3170 5285 3336 5338 etiam
3367 5296 3614 5338 veterum

2045 5380 2338 5434 Patrarum
2371 5377 2745 5446 metropolita,
2775 5375 3129 5444 Pantlulphus
3152 5377 3456 5439 Malatesta,
3490 5377 3620 5430 illuc

2046 5473 2312 5528 advectus
2369 5483 2454 5525 est
2491 5473 2698 5526 triremi
2729 5471 3042 5524 Catelanica
3066 5510 3079 5524 .
3117 5471 3318 5526 Obiens
3353 5472 3497 5524 enim
3533 5471 3620 5524 in-

2046 5565 2220 5629 sulas,
2251 5577 2403 5618 trans
2436 5578 2576 5632 quas
2605 5564 2689 5616 via
2715 5563 2945 5626 furebat,
2979 5579 3102 5617 cum
3136 5563 3397 5633 oppidum
3424 5563 3622 5631 despo-

2046 5669 2114 5711 tzc
2146 5656 2407 5711 traditum
2436 5670 2559 5710 esse
2590 5655 2861 5718 audisset,
2881 5671 3106 5709 cursum
3137 5671 3231 5725 per
3250 5657 3431 5710 sinum
3464 5655 3616 5710 illum

2050 5751 2299 5820 proxime
2350 5758 2551 5803 terram
2587 5747 2876 5803 Etolicam
2916 5748 3084 5814 ﬂexit,
3138 5748 3611 5820 Naupactnmque,

2052 5844 2244 5899 urbem
2271 5841 2510 5907 ⁸Ειοιίιιρ,
2549 5850 2608 5896 ut
2644 5838 2848 5895 factum
2912 5843 3198 5911 explorate
3237 5846 3617 5912 cOgnosceret,
