  <div class='ocr_page' id='page_1' title='image "/cluster/home/n/w/nwhite01/storage/ocr_20150623/156/coo.31924054870617/388.png"; bbox 0 0 3964 6430; ppageno 0'>
   <div class='ocr_carea' id='block_1_1' title="bbox 334 405 438 472">
    <p class='ocr_par' dir='ltr' id='par_1_1' title="bbox 334 405 438 472">
     <span class='ocr_line' id='line_1_1' title="bbox 334 405 438 472; baseline -0.01 0"><span class='ocrx_word' id='word_1_1' title='bbox 334 405 438 472; x_wconf 83' lang='lat'><strong>761</strong></span> 
     </span>
    </p>
   </div>
   <div class='ocr_carea' id='block_1_2' title="bbox 1354 365 2534 470">
    <p class='ocr_par' dir='ltr' id='par_1_2' title="bbox 1354 365 2534 470">
     <span class='ocr_line' id='line_1_2' title="bbox 1354 365 2534 470; baseline 0.001 -4"><span class='ocrx_word' id='word_1_2' title='bbox 1354 406 1803 468; x_wconf 80' lang='lat' dir='ltr'><strong>CHRONICON</strong></span> <span class='ocrx_word' id='word_1_3' title='bbox 1845 365 2119 467; x_wconf 82' lang='lat' dir='ltr'><strong>MAJUS.</strong></span> <span class='ocrx_word' id='word_1_4' title='bbox 2160 429 2231 441; x_wconf 86' lang='lat'><strong>—-</strong></span> <span class='ocrx_word' id='word_1_5' title='bbox 2264 405 2417 470; x_wconf 80' lang='lat' dir='ltr'><strong>LIB.</strong></span> <span class='ocrx_word' id='word_1_6' title='bbox 2449 404 2534 467; x_wconf 88' lang='lat' dir='ltr'><strong>II.</strong></span> 
     </span>
    </p>
   </div>
   <div class='ocr_carea' id='block_1_3' title="bbox 3503 407 3611 467">
    <p class='ocr_par' dir='ltr' id='par_1_3' title="bbox 3503 407 3611 467">
     <span class='ocr_line' id='line_1_3' title="bbox 3503 407 3611 467; baseline 0 0"><span class='ocrx_word' id='word_1_7' title='bbox 3503 407 3611 467; x_wconf 69' lang='lat'><strong>752</strong></span> 
     </span>
    </p>
   </div>
   <div class='ocr_carea' id='block_1_4' title="bbox 331 522 3617 598">
    <p class='ocr_par' dir='ltr' id='par_1_4' title="bbox 331 522 3617 598">
     <span class='ocr_line' id='line_1_4' title="bbox 331 522 3617 598; baseline -0.001 -17"><span class='ocrx_word' id='word_1_8' title='bbox 331 526 492 598; x_wconf 75' lang='grc' dir='ltr'>λικὴν</span> <span class='ocrx_word' id='word_1_9' title='bbox 523 527 723 598; x_wconf 79' lang='grc' dir='ltr'><strong>χέρσον</strong></span> <span class='ocrx_word' id='word_1_10' title='bbox 746 524 1000 595; x_wconf 70' lang='grc' dir='ltr'>ἔγγιστα,</span> <span class='ocrx_word' id='word_1_11' title='bbox 1031 525 1130 578; x_wconf 74' lang='grc' dir='ltr'><strong>καὶ</strong></span> <span class='ocrx_word' id='word_1_12' title='bbox 1155 524 1418 594; x_wconf 82' lang='grc' dir='ltr'><strong>ἀπεσώθη</strong></span> <span class='ocrx_word' id='word_1_13' title='bbox 1445 526 1526 586; x_wconf 85' lang='grc' dir='ltr'><strong>είς</strong></span> <span class='ocrx_word' id='word_1_14' title='bbox 1577 524 1915 579; x_wconf 85' lang='grc' dir='ltr'>Ναύπακτον</span> <span class='ocrx_word' id='word_1_15' title='bbox 1946 528 1986 582; x_wconf 76' lang='grc' dir='ltr'>Α</span> <span class='ocrx_word' id='word_1_16' title='bbox 2024 525 2180 580; x_wconf 73' lang='grc' dir='ltr'>ἐνθεν</span> <span class='ocrx_word' id='word_1_17' title='bbox 2212 529 2301 579; x_wconf 64' lang='grc' dir='ltr'><strong>καὶ</strong></span> <span class='ocrx_word' id='word_1_18' title='bbox 2333 528 2361 578; x_wconf 98' lang='lat'><strong>6</strong></span> <span class='ocrx_word' id='word_1_19' title='bbox 2391 525 2579 594; x_wconf 74' lang='grc' dir='ltr'>ἕτερος</span> <span class='ocrx_word' id='word_1_20' title='bbox 2629 524 2847 579; x_wconf 80' lang='grc' dir='ltr'>ἐκεῖθεν</span> <span class='ocrx_word' id='word_1_21' title='bbox 2895 523 3077 596; x_wconf 83' lang='grc' dir='ltr'>πολλῷ</span> <span class='ocrx_word' id='word_1_22' title='bbox 3116 522 3457 594; x_wconf 74' lang='grc' dir='ltr'>διαστήματι</span> <span class='ocrx_word' id='word_1_23' title='bbox 3515 528 3617 589; x_wconf 79' lang='grc' dir='ltr'>τῆς</span> 
     </span>
    </p>
   </div>
   <div class='ocr_carea' id='block_1_5' title="bbox 325 614 1919 689">
    <p class='ocr_par' dir='ltr' id='par_1_5' title="bbox 325 614 1919 689">
     <span class='ocr_line' id='line_1_5' title="bbox 325 614 1919 689; baseline -0.006 -14"><span class='ocrx_word' id='word_1_24' title='bbox 325 618 495 675; x_wconf 77' lang='grc' dir='ltr'>πόλιν</span> <span class='ocrx_word' id='word_1_25' title='bbox 524 619 625 688; x_wconf 85' lang='grc' dir='ltr'>τῆς</span> <span class='ocrx_word' id='word_1_26' title='bbox 656 616 949 681; x_wconf 77' lang='grc' dir='ltr'><strong>Αἰτωλίας,</strong></span> <span class='ocrx_word' id='word_1_27' title='bbox 981 618 1131 680; x_wconf 82' lang='grc' dir='ltr'>ὅπως</span> <span class='ocrx_word' id='word_1_28' title='bbox 1188 616 1373 678; x_wconf 80' lang='grc' dir='ltr'>καλῶς</span> <span class='ocrx_word' id='word_1_29' title='bbox 1431 616 1581 689; x_wconf 82' lang='grc' dir='ltr'>μάθῃ</span> <span class='ocrx_word' id='word_1_30' title='bbox 1644 615 1776 684; x_wconf 80' lang='grc' dir='ltr'>περὶ</span> <span class='ocrx_word' id='word_1_31' title='bbox 1822 614 1919 667; x_wconf 82' lang='grc' dir='ltr'>τοῦ</span> 
     </span>
    </p>
   </div>
   <div class='ocr_carea' id='block_1_6' title="bbox 331 707 1925 780">
    <p class='ocr_par' dir='ltr' id='par_1_6' title="bbox 331 707 1925 780">
     <span class='ocr_line' id='line_1_6' title="bbox 331 707 1925 780; baseline -0.004 -16"><span class='ocrx_word' id='word_1_32' title='bbox 331 712 643 780; x_wconf 68' lang='grc' dir='ltr'>γεγονότος.</span> <span class='ocrx_word' id='word_1_33' title='bbox 686 708 917 778; x_wconf 86' lang='grc' dir='ltr'>Ἐδεήθη</span> <span class='ocrx_word' id='word_1_34' title='bbox 943 709 1036 762; x_wconf 81' lang='grc' dir='ltr'>οὖν</span> <span class='ocrx_word' id='word_1_35' title='bbox 1065 710 1354 775; x_wconf 76' lang='grc' dir='ltr'><strong>ἐπιμεῖναι</strong></span> <span class='ocrx_word' id='word_1_36' title='bbox 1379 710 1524 773; x_wconf 81' lang='grc' dir='ltr'>κάμὲ</span> <span class='ocrx_word' id='word_1_37' title='bbox 1585 709 1764 759; x_wconf 70' lang='grc' dir='ltr'>ἐκεῖσε</span> <span class='ocrx_word' id='word_1_38' title='bbox 1830 707 1925 759; x_wconf 74' lang='grc' dir='ltr'><strong>καὶ</strong></span> 
     </span>
    </p>
   </div>
   <div class='ocr_carea' id='block_1_7' title="bbox 337 798 1926 873">
    <p class='ocr_par' dir='ltr' id='par_1_7' title="bbox 337 798 1926 873">
     <span class='ocr_line' id='line_1_7' title="bbox 337 798 1926 873; baseline -0.004 -17"><span class='ocrx_word' id='word_1_39' title='bbox 337 804 435 856; x_wconf 68' lang='grc' dir='ltr'>επὶ</span> <span class='ocrx_word' id='word_1_40' title='bbox 456 802 556 873; x_wconf 77' lang='grc' dir='ltr'>τὴν</span> <span class='ocrx_word' id='word_1_41' title='bbox 616 800 848 871; x_wconf 77' lang='grc' dir='ltr'>αὔριον·</span> <span class='ocrx_word' id='word_1_42' title='bbox 912 802 1090 869; x_wconf 78' lang='grc' dir='ltr'>ἔγωγε</span> <span class='ocrx_word' id='word_1_43' title='bbox 1150 800 1462 869; x_wconf 77' lang='grc' dir='ltr'>ὑπεσχέθην</span> <span class='ocrx_word' id='word_1_44' title='bbox 1524 798 1684 851; x_wconf 80' lang='grc' dir='ltr'>τοῦτο</span> <span class='ocrx_word' id='word_1_45' title='bbox 1734 798 1926 851; x_wconf 71' lang='grc' dir='ltr'>ἕνεκεν</span> 
     </span>
    </p>
   </div>
   <div class='ocr_carea' id='block_1_8' title="bbox 336 892 1925 962">
    <p class='ocr_par' dir='ltr' id='par_1_8' title="bbox 336 892 1925 962">
     <span class='ocr_line' id='line_1_8' title="bbox 336 892 1925 962; baseline -0.004 -13"><span class='ocrx_word' id='word_1_46' title='bbox 336 894 430 949; x_wconf 79' lang='grc' dir='ltr'><strong>δύο</strong></span> <span class='ocrx_word' id='word_1_47' title='bbox 465 895 657 949; x_wconf 74' lang='grc' dir='ltr'>αἰτιῶν</span> <span class='ocrx_word' id='word_1_48' title='bbox 679 909 696 927; x_wconf 82' lang='grc'><strong><em>⁸</em></strong></span> <span class='ocrx_word' id='word_1_49' title='bbox 729 893 830 960; x_wconf 81' lang='grc' dir='ltr'>τῆς</span> <span class='ocrx_word' id='word_1_50' title='bbox 860 897 960 960; x_wconf 81' lang='grc' dir='ltr'>μὲν</span> <span class='ocrx_word' id='word_1_51' title='bbox 992 896 1080 947; x_wconf 86' lang='grc' dir='ltr'><strong>ῖνα</strong></span> <span class='ocrx_word' id='word_1_52' title='bbox 1143 894 1372 962; x_wconf 83' lang='grc' dir='ltr'>μηνύσω</span> <span class='ocrx_word' id='word_1_53' title='bbox 1405 892 1481 959; x_wconf 81' lang='grc' dir='ltr'><strong>τῷ</strong></span> <span class='ocrx_word' id='word_1_54' title='bbox 1538 892 1773 961; x_wconf 81' lang='grc' dir='ltr'>αὐθέντῃ</span> <span class='ocrx_word' id='word_1_55' title='bbox 1824 908 1925 957; x_wconf 87' lang='grc' dir='ltr'><strong>μου</strong></span> 
     </span>
    </p>
   </div>
   <div class='ocr_carea' id='block_1_9' title="bbox 337 983 1924 1055">
    <p class='ocr_par' dir='ltr' id='par_1_9' title="bbox 337 983 1924 1055">
     <span class='ocr_line' id='line_1_9' title="bbox 337 983 1924 1055; baseline -0.003 -16"><span class='ocrx_word' id='word_1_56' title='bbox 337 990 467 1055; x_wconf 74' lang='grc' dir='ltr'>περὶ</span> <span class='ocrx_word' id='word_1_57' title='bbox 486 987 582 1038; x_wconf 81' lang='grc' dir='ltr'><strong>τοῦ</strong></span> <span class='ocrx_word' id='word_1_58' title='bbox 612 986 924 1050; x_wconf 79' lang='grc' dir='ltr'><strong>γεγονότος,</strong></span> <span class='ocrx_word' id='word_1_59' title='bbox 949 987 977 1038; x_wconf 83' lang='lat'><strong>6</strong></span> <span class='ocrx_word' id='word_1_60' title='bbox 1019 988 1110 1038; x_wconf 53' lang='grc' dir='ltr'>καῖ</span> <span class='ocrx_word' id='word_1_61' title='bbox 1176 985 1309 1055; x_wconf 80' lang='grc' dir='ltr'>παρ’</span> <span class='ocrx_word' id='word_1_62' title='bbox 1349 986 1483 1049; x_wconf 79' lang='grc' dir='ltr'>ἐμοῦ</span> <span class='ocrx_word' id='word_1_63' title='bbox 1546 984 1717 1052; x_wconf 78' lang='grc' dir='ltr'>ἔμαθε</span> <span class='ocrx_word' id='word_1_64' title='bbox 1774 983 1924 1052; x_wconf 70' lang='grc' dir='ltr'>πρῶι</span> 
     </span>
    </p>
   </div>
   <div class='ocr_carea' id='block_1_10' title="bbox 337 1072 1925 1146">
    <p class='ocr_par' dir='ltr' id='par_1_10' title="bbox 337 1072 1925 1146">
     <span class='ocr_line' id='line_1_10' title="bbox 337 1072 1925 1146; baseline -0.004 -15"><span class='ocrx_word' id='word_1_65' title='bbox 337 1095 455 1137; x_wconf 81' lang='grc' dir='ltr'><strong>τον.</strong></span> <span class='ocrx_word' id='word_1_66' title='bbox 484 1079 583 1146; x_wconf 81' lang='grc' dir='ltr'>τῆς</span> <span class='ocrx_word' id='word_1_67' title='bbox 613 1079 670 1131; x_wconf 75' lang='grc' dir='ltr'><strong>δὲ</strong></span> <span class='ocrx_word' id='word_1_68' title='bbox 707 1078 797 1131; x_wconf 83' lang='grc' dir='ltr'><strong>ἵνα</strong></span> <span class='ocrx_word' id='word_1_69' title='bbox 842 1078 1003 1146; x_wconf 87' lang='grc' dir='ltr'>μάθω</span> <span class='ocrx_word' id='word_1_70' title='bbox 1029 1077 1114 1139; x_wconf 84' lang='grc' dir='ltr'><strong>τίς</strong></span> <span class='ocrx_word' id='word_1_71' title='bbox 1161 1078 1189 1128; x_wconf 89' lang='lat'><strong>6</strong></span> <span class='ocrx_word' id='word_1_72' title='bbox 1245 1076 1448 1137; x_wconf 79' lang='grc' dir='ltr'>σκοπὸς</span> <span class='ocrx_word' id='word_1_73' title='bbox 1480 1074 1647 1128; x_wconf 76' lang='grc' dir='ltr'><strong>αὐτοῦ</strong></span> <span class='ocrx_word' id='word_1_74' title='bbox 1706 1073 1770 1144; x_wconf 85' lang='grc' dir='ltr'><strong>δὴ</strong></span> <span class='ocrx_word' id='word_1_75' title='bbox 1802 1072 1925 1126; x_wconf 83' lang='grc' dir='ltr'><strong>τοῦ</strong></span> 
     </span>
    </p>
   </div>
   <div class='ocr_carea' id='block_1_11' title="bbox 344 1163 1929 1242">
    <p class='ocr_par' dir='ltr' id='par_1_11' title="bbox 344 1163 1929 1242">
     <span class='ocr_line' id='line_1_11' title="bbox 344 1163 1929 1242; baseline -0.004 -21"><span class='ocrx_word' id='word_1_76' title='bbox 344 1171 771 1242; x_wconf 85' lang='grc' dir='ltr'>μητροπολίτου.</span> <span class='ocrx_word' id='word_1_77' title='bbox 808 1170 909 1221; x_wconf 86' lang='grc' dir='ltr'>Διὰ</span> <span class='ocrx_word' id='word_1_78' title='bbox 947 1168 1153 1229; x_wconf 80' lang='grc' dir='ltr'>ταύτας</span> <span class='ocrx_word' id='word_1_79' title='bbox 1180 1163 1274 1219; x_wconf 81' lang='grc' dir='ltr'>οὖν</span> <span class='ocrx_word' id='word_1_80' title='bbox 1300 1169 1399 1229; x_wconf 85' lang='grc' dir='ltr'><strong>τὰς</strong></span> <span class='ocrx_word' id='word_1_81' title='bbox 1430 1166 1523 1219; x_wconf 85' lang='grc' dir='ltr'><strong>δύο</strong></span> <span class='ocrx_word' id='word_1_82' title='bbox 1553 1167 1733 1227; x_wconf 85' lang='grc' dir='ltr'>αἰτίας</span> <span class='ocrx_word' id='word_1_83' title='bbox 1789 1164 1929 1217; x_wconf 83' lang='grc' dir='ltr'>ἁπέ-</span> 
     </span>
    </p>
   </div>
   <div class='ocr_carea' id='block_1_12' title="bbox 351 1257 1929 1331">
    <p class='ocr_par' dir='ltr' id='par_1_12' title="bbox 351 1257 1929 1331">
     <span class='ocr_line' id='line_1_12' title="bbox 351 1257 1929 1331; baseline -0.003 -18"><span class='ocrx_word' id='word_1_84' title='bbox 351 1276 511 1331; x_wconf 88' lang='grc' dir='ltr'>μεινα</span> <span class='ocrx_word' id='word_1_85' title='bbox 571 1261 706 1331; x_wconf 76' lang='grc' dir='ltr'>παρ’</span> <span class='ocrx_word' id='word_1_86' title='bbox 764 1260 938 1329; x_wconf 78' lang='grc' dir='ltr'>αὐτῷ.</span> <span class='ocrx_word' id='word_1_87' title='bbox 999 1261 1182 1313; x_wconf 83' lang='grc' dir='ltr'><strong>Μέσον</strong></span> <span class='ocrx_word' id='word_1_88' title='bbox 1241 1258 1297 1312; x_wconf 78' lang='grc' dir='ltr'><strong>δὲ</strong></span> <span class='ocrx_word' id='word_1_89' title='bbox 1343 1258 1645 1326; x_wconf 82' lang='grc' dir='ltr'>γενομένου</span> <span class='ocrx_word' id='word_1_90' title='bbox 1695 1260 1792 1311; x_wconf 81' lang='grc' dir='ltr'><strong>καὶ</strong></span> <span class='ocrx_word' id='word_1_91' title='bbox 1833 1257 1929 1311; x_wconf 84' lang='grc' dir='ltr'>τοῦ</span> 
     </span>
    </p>
   </div>
   <div class='ocr_carea' id='block_1_13' title="bbox 344 1352 1930 1423">
    <p class='ocr_par' dir='ltr' id='par_1_13' title="bbox 344 1352 1930 1423">
     <span class='ocr_line' id='line_1_13' title="bbox 344 1352 1930 1423; baseline -0.003 -16"><span class='ocrx_word' id='word_1_92' title='bbox 344 1355 618 1423; x_wconf 83' lang='grc' dir='ltr'>Βικάρδου</span> <span class='ocrx_word' id='word_1_93' title='bbox 676 1353 1005 1422; x_wconf 68' lang='grc' dir='ltr'>Μαρκέλὶου</span> <span class='ocrx_word' id='word_1_94' title='bbox 1074 1353 1348 1420; x_wconf 77' lang='grc' dir='ltr'><strong>ἡγεμόνος</strong></span> <span class='ocrx_word' id='word_1_95' title='bbox 1398 1352 1762 1413; x_wconf 79' lang='grc' dir='ltr'><strong>Ναυπάκτου,</strong></span> <span class='ocrx_word' id='word_1_96' title='bbox 1833 1352 1930 1402; x_wconf 79' lang='grc' dir='ltr'><strong>καὶ</strong></span> 
     </span>
    </p>
   </div>
   <div class='ocr_carea' id='block_1_14' title="bbox 346 1443 1930 1517">
    <p class='ocr_par' dir='ltr' id='par_1_14' title="bbox 346 1443 1930 1517">
     <span class='ocr_line' id='line_1_14' title="bbox 346 1443 1930 1517; baseline -0.005 -14"><span class='ocrx_word' id='word_1_97' title='bbox 346 1451 559 1517; x_wconf 73' lang='grc' dir='ltr'>εἴδομεν</span> <span class='ocrx_word' id='word_1_98' title='bbox 598 1446 905 1516; x_wconf 78' lang='grc' dir='ltr'>ἀλλήλους,</span> <span class='ocrx_word' id='word_1_99' title='bbox 954 1445 1013 1498; x_wconf 81' lang='grc' dir='ltr'>ὃν</span> <span class='ocrx_word' id='word_1_100' title='bbox 1058 1446 1213 1512; x_wconf 80' lang='grc' dir='ltr'>κάγὼ</span> <span class='ocrx_word' id='word_1_101' title='bbox 1260 1443 1463 1514; x_wconf 69' lang='grc' dir='ltr'>βλέψας</span> <span class='ocrx_word' id='word_1_102' title='bbox 1513 1443 1801 1511; x_wconf 74' lang='grc' dir='ltr'><strong>ἐθαύμασα</strong></span> <span class='ocrx_word' id='word_1_103' title='bbox 1849 1443 1930 1495; x_wconf 85' lang='grc' dir='ltr'><strong>ὅτι</strong></span> 
     </span>
    </p>
   </div>
   <div class='ocr_carea' id='block_1_15' title="bbox 348 1537 1979 1625">
    <p class='ocr_par' dir='ltr' id='par_1_15' title="bbox 348 1537 1979 1625">
     <span class='ocr_line' id='line_1_15' title="bbox 348 1537 1979 1625; baseline -0.008 -26"><span class='ocrx_word' id='word_1_104' title='bbox 348 1545 524 1599; x_wconf 65' lang='grc' dir='ltr'>ἔοικεν</span> <span class='ocrx_word' id='word_1_105' title='bbox 551 1546 630 1604; x_wconf 84' lang='grc' dir='ltr'><strong>είς</strong></span> <span class='ocrx_word' id='word_1_106' title='bbox 654 1543 835 1594; x_wconf 86' lang='grc' dir='ltr'>πάντα</span> <span class='ocrx_word' id='word_1_107' title='bbox 862 1540 939 1609; x_wconf 84' lang='grc' dir='ltr'>τῷ</span> <span class='ocrx_word' id='word_1_108' title='bbox 968 1538 1063 1625; x_wconf 77' lang='grc' dir='ltr'>τοῦ</span> <span class='ocrx_word' id='word_1_109' title='bbox 1093 1539 1256 1608; x_wconf 74' lang='grc' dir='ltr'>Σίδης</span> <span class='ocrx_word' id='word_1_110' title='bbox 1302 1537 1703 1609; x_wconf 79' lang='grc' dir='ltr'>μητροπολίτῃ.</span> <span class='ocrx_word' id='word_1_111' title='bbox 1760 1537 1934 1588; x_wconf 74' lang='grc' dir='ltr'>Συναο</span> <span class='ocrx_word' id='word_1_112' title='bbox 1978 1558 1979 1561; x_wconf 51' lang='grc' dir='ltr'><strong>η</strong></span> 
     </span>
    </p>
   </div>
   <div class='ocr_carea' id='block_1_16' title="bbox 348 1628 1933 1704">
    <p class='ocr_par' dir='ltr' id='par_1_16' title="bbox 348 1628 1933 1704">
     <span class='ocr_line' id='line_1_16' title="bbox 348 1628 1933 1704; baseline -0.006 -14"><span class='ocrx_word' id='word_1_113' title='bbox 348 1635 674 1704; x_wconf 80' lang='grc' dir='ltr'>νακείμενος</span> <span class='ocrx_word' id='word_1_114' title='bbox 695 1630 789 1687; x_wconf 70' lang='grc' dir='ltr'>οὖν</span> <span class='ocrx_word' id='word_1_115' title='bbox 823 1633 934 1701; x_wconf 78' lang='grc' dir='ltr'><strong>ἐγὼ</strong></span> <span class='ocrx_word' id='word_1_116' title='bbox 980 1633 1131 1698; x_wconf 83' lang='grc' dir='ltr'><strong>αὑτῷ</strong></span> <span class='ocrx_word' id='word_1_117' title='bbox 1198 1635 1293 1686; x_wconf 74' lang='grc' dir='ltr'><strong>καὶ</strong></span> <span class='ocrx_word' id='word_1_118' title='bbox 1349 1630 1680 1700; x_wconf 77' lang='grc' dir='ltr'>συνομιλῶν,</span> <span class='ocrx_word' id='word_1_119' title='bbox 1738 1630 1795 1681; x_wconf 75' lang='grc' dir='ltr'>ἐν</span> <span class='ocrx_word' id='word_1_120' title='bbox 1854 1628 1933 1697; x_wconf 82' lang='grc' dir='ltr'><strong>τῷ</strong></span> 
     </span>
    </p>
   </div>
   <div class='ocr_carea' id='block_1_17' title="bbox 348 1720 1935 1795">
    <p class='ocr_par' dir='ltr' id='par_1_17' title="bbox 348 1720 1935 1795">
     <span class='ocr_line' id='line_1_17' title="bbox 348 1720 1935 1795; baseline -0.007 -14"><span class='ocrx_word' id='word_1_121' title='bbox 348 1728 694 1793; x_wconf 78' lang='grc' dir='ltr'>διαλέγεσθαι</span> <span class='ocrx_word' id='word_1_122' title='bbox 720 1727 807 1779; x_wconf 76' lang='grc' dir='ltr'>ἀεὶ</span> <span class='ocrx_word' id='word_1_123' title='bbox 872 1724 1294 1795; x_wconf 80' lang='grc' dir='ltr'>μηχανούμενος</span> <span class='ocrx_word' id='word_1_124' title='bbox 1357 1720 1427 1795; x_wconf 73' lang='grc' dir='ltr'>ἦν</span> <span class='ocrx_word' id='word_1_125' title='bbox 1473 1725 1622 1786; x_wconf 81' lang='grc' dir='ltr'>ὅπως</span> <span class='ocrx_word' id='word_1_126' title='bbox 1681 1721 1935 1794; x_wconf 76' lang='grc' dir='ltr'>γνωρίσῃ</span> 
     </span>
    </p>
   </div>
   <div class='ocr_carea' id='block_1_18' title="bbox 350 1815 1931 1890">
    <p class='ocr_par' dir='ltr' id='par_1_18' title="bbox 350 1815 1931 1890">
     <span class='ocr_line' id='line_1_18' title="bbox 350 1815 1931 1890; baseline -0.006 -17"><span class='ocrx_word' id='word_1_127' title='bbox 350 1821 493 1883; x_wconf 83' lang='grc' dir='ltr'>τίνος</span> <span class='ocrx_word' id='word_1_128' title='bbox 518 1820 706 1872; x_wconf 68' lang='grc' dir='ltr'>ἕνεκεν</span> <span class='ocrx_word' id='word_1_129' title='bbox 739 1818 937 1890; x_wconf 74' lang='grc' dir='ltr'>ἧθελον</span> <span class='ocrx_word' id='word_1_130' title='bbox 972 1817 1083 1885; x_wconf 75' lang='grc' dir='ltr'><strong>ἐγὼ</strong></span> <span class='ocrx_word' id='word_1_131' title='bbox 1111 1818 1369 1869; x_wconf 80' lang='grc' dir='ltr'><strong>ἀπελθεῖν</strong></span> <span class='ocrx_word' id='word_1_132' title='bbox 1400 1815 1537 1886; x_wconf 76' lang='grc' dir='ltr'>πρὸς</span> <span class='ocrx_word' id='word_1_133' title='bbox 1561 1815 1655 1868; x_wconf 75' lang='grc' dir='ltr'>τὸν</span> <span class='ocrx_word' id='word_1_134' title='bbox 1681 1815 1931 1883; x_wconf 81' lang='grc' dir='ltr'>ἀμηρᾶν,</span> 
     </span>
    </p>
   </div>
   <div class='ocr_carea' id='block_1_19' title="bbox 354 1903 1932 1981">
    <p class='ocr_par' dir='ltr' id='par_1_19' title="bbox 354 1903 1932 1981">
     <span class='ocr_line' id='line_1_19' title="bbox 354 1903 1932 1981; baseline -0.006 -14"><span class='ocrx_word' id='word_1_135' title='bbox 354 1913 509 1981; x_wconf 84' lang='grc' dir='ltr'>κάγὼ</span> <span class='ocrx_word' id='word_1_136' title='bbox 570 1914 780 1964; x_wconf 70' lang='grc' dir='ltr'>ἐκεῖνον</span> <span class='ocrx_word' id='word_1_137' title='bbox 831 1910 1242 1976; x_wconf 81' lang='grc' dir='ltr'>πυνθανόμενος</span> <span class='ocrx_word' id='word_1_138' title='bbox 1294 1910 1378 1971; x_wconf 80' lang='grc' dir='ltr'><strong>τίς</strong></span> <span class='ocrx_word' id='word_1_139' title='bbox 1433 1911 1459 1960; x_wconf 88' lang='lat'><strong>6</strong></span> <span class='ocrx_word' id='word_1_140' title='bbox 1505 1908 1710 1967; x_wconf 63' lang='grc' dir='ltr'>σκοπὸς</span> <span class='ocrx_word' id='word_1_141' title='bbox 1764 1903 1932 1959; x_wconf 69' lang='grc' dir='ltr'><strong>αὒτοῦ</strong></span> 
     </span>
    </p>
   </div>
   <div class='ocr_carea' id='block_1_20' title="bbox 355 1997 1938 2073">
    <p class='ocr_par' dir='ltr' id='par_1_20' title="bbox 355 1997 1938 2073">
     <span class='ocr_line' id='line_1_20' title="bbox 355 1997 1938 2073; baseline -0.005 -15"><span class='ocrx_word' id='word_1_142' title='bbox 355 2009 486 2073; x_wconf 71' lang='grc' dir='ltr'>περὶ</span> <span class='ocrx_word' id='word_1_143' title='bbox 518 2004 627 2057; x_wconf 79' lang='grc' dir='ltr'><strong>τῶν</strong></span> <span class='ocrx_word' id='word_1_144' title='bbox 659 2004 800 2057; x_wconf 84' lang='grc' dir='ltr'><strong>κατὰ</strong></span> <span class='ocrx_word' id='word_1_145' title='bbox 828 2003 929 2070; x_wconf 75' lang='grc' dir='ltr'><strong>τῆς</strong></span> <span class='ocrx_word' id='word_1_146' title='bbox 982 2002 1209 2071; x_wconf 82' lang='grc' dir='ltr'><strong>Πάτρας</strong></span> <span class='ocrx_word' id='word_1_147' title='bbox 1244 2000 1401 2071; x_wconf 76' lang='lat'><strong>152</strong></span> <span class='ocrx_word' id='word_1_148' title='bbox 1433 1999 1781 2067; x_wconf 77' lang='grc' dir='ltr'>συμϐάντων,</span> <span class='ocrx_word' id='word_1_149' title='bbox 1843 1997 1938 2051; x_wconf 68' lang='grc' dir='ltr'><strong>καὶ</strong></span> 
     </span>
    </p>
   </div>
   <div class='ocr_carea' id='block_1_21' title="bbox 361 2089 1934 2168">
    <p class='ocr_par' dir='ltr' id='par_1_21' title="bbox 361 2089 1934 2168">
     <span class='ocr_line' id='line_1_21' title="bbox 361 2089 1934 2168; baseline -0.006 -17"><span class='ocrx_word' id='word_1_150' title='bbox 361 2099 434 2168; x_wconf 81' lang='grc' dir='ltr'>μὴ</span> <span class='ocrx_word' id='word_1_151' title='bbox 468 2098 760 2165; x_wconf 85' lang='grc' dir='ltr'>δυνάμενοι</span> <span class='ocrx_word' id='word_1_152' title='bbox 787 2090 865 2155; x_wconf 73' lang='grc' dir='ltr'>εἷς</span> <span class='ocrx_word' id='word_1_153' title='bbox 894 2094 991 2148; x_wconf 79' lang='grc' dir='ltr'>τοῦ</span> <span class='ocrx_word' id='word_1_154' title='bbox 1033 2095 1223 2162; x_wconf 76' lang='grc' dir='ltr'>ἐτέρου</span> <span class='ocrx_word' id='word_1_155' title='bbox 1269 2094 1338 2146; x_wconf 84' lang='grc' dir='ltr'><strong>τὰ</strong></span> <span class='ocrx_word' id='word_1_156' title='bbox 1386 2092 1595 2163; x_wconf 85' lang='grc' dir='ltr'><strong>κρύφια</strong></span> <span class='ocrx_word' id='word_1_157' title='bbox 1646 2089 1934 2159; x_wconf 73' lang='grc' dir='ltr'><strong>γνωρίσαι.</strong></span> 
     </span>
    </p>
   </div>
   <div class='ocr_carea' id='block_1_22' title="bbox 361 2181 1937 2257">
    <p class='ocr_par' dir='ltr' id='par_1_22' title="bbox 361 2181 1937 2257">
     <span class='ocr_line' id='line_1_22' title="bbox 361 2181 1937 2257; baseline -0.005 -15"><span class='ocrx_word' id='word_1_158' title='bbox 361 2188 582 2242; x_wconf 80' lang='grc' dir='ltr'>Ἔοικεν</span> <span class='ocrx_word' id='word_1_159' title='bbox 614 2189 725 2257; x_wconf 82' lang='grc' dir='ltr'>γὰρ</span> <span class='ocrx_word' id='word_1_160' title='bbox 749 2187 825 2249; x_wconf 86' lang='grc' dir='ltr'>ὦς</span> <span class='ocrx_word' id='word_1_161' title='bbox 851 2203 995 2247; x_wconf 89' lang='grc' dir='ltr'>τινες</span> <span class='ocrx_word' id='word_1_162' title='bbox 1021 2203 1082 2238; x_wconf 87' lang='grc' dir='ltr'>κε</span> <span class='ocrx_word' id='word_1_163' title='bbox 1095 2185 1304 2255; x_wconf 85' lang='grc' dir='ltr'>ρδαλέοι</span> <span class='ocrx_word' id='word_1_164' title='bbox 1341 2185 1609 2251; x_wconf 73' lang='grc' dir='ltr'>ἐποίησαν</span> <span class='ocrx_word' id='word_1_165' title='bbox 1641 2181 1937 2249; x_wconf 75' lang='grc' dir='ltr'><strong>ἐμπορίας.</strong></span> 
     </span>
    </p>
   </div>
   <div class='ocr_carea' id='block_1_23' title="bbox 371 2268 1941 2350">
    <p class='ocr_par' dir='ltr' id='par_1_23' title="bbox 371 2268 1941 2350">
     <span class='ocr_line' id='line_1_23' title="bbox 371 2268 1941 2350; baseline -0.009 -15"><span class='ocrx_word' id='word_1_166' title='bbox 371 2281 427 2335; x_wconf 89' lang='grc'><strong>’0</strong></span> <span class='ocrx_word' id='word_1_167' title='bbox 460 2283 557 2350; x_wconf 77' lang='grc' dir='ltr'>μὲν</span> <span class='ocrx_word' id='word_1_168' title='bbox 600 2280 824 2346; x_wconf 79' lang='grc' dir='ltr'>φορτίον</span> <span class='ocrx_word' id='word_1_169' title='bbox 845 2268 1004 2347; x_wconf 81' lang='grc' dir='ltr'>ἐἶχεν</span> <span class='ocrx_word' id='word_1_170' title='bbox 1064 2279 1183 2329; x_wconf 80' lang='grc' dir='ltr'>ἀντὶ</span> <span class='ocrx_word' id='word_1_171' title='bbox 1238 2276 1481 2344; x_wconf 81' lang='grc' dir='ltr'>σηρικῆς</span> <span class='ocrx_word' id='word_1_172' title='bbox 1548 2272 1784 2342; x_wconf 71' lang='grc' dir='ltr'>μετάξης</span> <span class='ocrx_word' id='word_1_173' title='bbox 1843 2272 1941 2333; x_wconf 75' lang='grc' dir='ltr'>τὰς</span> 
     </span>
    </p>
   </div>
   <div class='ocr_carea' id='block_1_24' title="bbox 358 2364 1941 2444">
    <p class='ocr_par' dir='ltr' id='par_1_24' title="bbox 358 2364 1941 2444">
     <span class='ocr_line' id='line_1_24' title="bbox 358 2364 1941 2444; baseline -0.008 -17"><span class='ocrx_word' id='word_1_174' title='bbox 358 2378 455 2444; x_wconf 83' lang='grc' dir='ltr'><strong>τῆς</strong></span> <span class='ocrx_word' id='word_1_175' title='bbox 482 2374 759 2443; x_wconf 76' lang='grc' dir='ltr'><strong>θαλάσσης</strong></span> <span class='ocrx_word' id='word_1_176' title='bbox 787 2371 1014 2441; x_wconf 79' lang='grc' dir='ltr'>βρὺνας,</span> <span class='ocrx_word' id='word_1_177' title='bbox 1045 2373 1072 2422; x_wconf 91' lang='lat'><strong>6</strong></span> <span class='ocrx_word' id='word_1_178' title='bbox 1095 2371 1152 2423; x_wconf 83' lang='grc' dir='ltr'><strong>δὲ</strong></span> <span class='ocrx_word' id='word_1_179' title='bbox 1201 2370 1322 2422; x_wconf 80' lang='grc' dir='ltr'>ἀντὶ</span> <span class='ocrx_word' id='word_1_180' title='bbox 1379 2368 1669 2436; x_wconf 80' lang='grc' dir='ltr'><strong>πεπέρεως</strong></span> <span class='ocrx_word' id='word_1_181' title='bbox 1725 2364 1941 2433; x_wconf 84' lang='grc' dir='ltr'>σχοίνου</span> 
     </span>
    </p>
   </div>
   <div class='ocr_carea' id='block_1_25' title="bbox 364 2457 1945 2540">
    <p class='ocr_par' dir='ltr' id='par_1_25' title="bbox 364 2457 1945 2540">
     <span class='ocr_line' id='line_1_25' title="bbox 364 2457 1945 2540; baseline -0.01 -18"><span class='ocrx_word' id='word_1_182' title='bbox 364 2472 567 2540; x_wconf 70' lang='grc' dir='ltr'>σπζρον</span> <span class='ocrx_word' id='word_1_183' title='bbox 593 2466 757 2536; x_wconf 83' lang='grc' dir='ltr'>ξηρόν</span> <span class='ocrx_word' id='word_1_184' title='bbox 795 2483 810 2499; x_wconf 91' lang='grc'><strong>·</strong></span> <span class='ocrx_word' id='word_1_185' title='bbox 870 2464 966 2518; x_wconf 71' lang='grc' dir='ltr'><strong>καὶ</strong></span> <span class='ocrx_word' id='word_1_186' title='bbox 994 2461 1537 2528; x_wconf 78' lang='grc' dir='ltr'>’συναπαντηθέντες</span> <span class='ocrx_word' id='word_1_187' title='bbox 1579 2458 1717 2528; x_wconf 80' lang='grc' dir='ltr'>ὁμοῦ</span> <span class='ocrx_word' id='word_1_188' title='bbox 1777 2457 1945 2508; x_wconf 79' lang='grc' dir='ltr'>ἐπυν-</span> 
     </span>
    </p>
   </div>
   <div class='ocr_carea' id='block_1_26' title="bbox 364 2549 1948 2629">
    <p class='ocr_par' dir='ltr' id='par_1_26' title="bbox 364 2549 1948 2629">
     <span class='ocr_line' id='line_1_26' title="bbox 364 2549 1948 2629; baseline -0.008 -15"><span class='ocrx_word' id='word_1_189' title='bbox 364 2561 588 2627; x_wconf 79' lang='grc' dir='ltr'>θάνοντο</span> <span class='ocrx_word' id='word_1_190' title='bbox 624 2559 875 2629; x_wconf 81' lang='grc' dir='ltr'>ἀλλήλων</span> <span class='ocrx_word' id='word_1_191' title='bbox 909 2576 928 2610; x_wconf 81' lang='lat' dir='ltr'><strong>t</strong></span> <span class='ocrx_word' id='word_1_192' title='bbox 964 2558 1015 2610; x_wconf 87' lang='grc' dir='ltr'>τί</span> <span class='ocrx_word' id='word_1_193' title='bbox 1045 2556 1105 2610; x_wconf 81' lang='grc' dir='ltr'><strong>τὸ</strong></span> <span class='ocrx_word' id='word_1_194' title='bbox 1138 2556 1396 2626; x_wconf 83' lang='grc' dir='ltr'>φορτίον;</span> <span class='ocrx_word' id='word_1_195' title='bbox 1423 2574 1445 2606; x_wconf 81' lang='grc'><strong>›</strong></span> <span class='ocrx_word' id='word_1_196' title='bbox 1479 2557 1507 2606; x_wconf 88' lang='grc' dir='ltr'>ὁ</span> <span class='ocrx_word' id='word_1_197' title='bbox 1541 2553 1664 2620; x_wconf 76' lang='grc' dir='ltr'>μὲν,</span> <span class='ocrx_word' id='word_1_198' title='bbox 1705 2569 1724 2602; x_wconf 75' lang='grc' dir='ltr'><strong>ι</strong></span> <span class='ocrx_word' id='word_1_199' title='bbox 1760 2549 1948 2603; x_wconf 80' lang='grc' dir='ltr'><strong>Μέτα-</strong></span> 
     </span>
    </p>
   </div>
   <div class='ocr_carea' id='block_1_27' title="bbox 365 2641 1949 2723">
    <p class='ocr_par' dir='ltr' id='par_1_27' title="bbox 365 2641 1949 2723">
     <span class='ocr_line' id='line_1_27' title="bbox 365 2641 1949 2723; baseline -0.009 -16"><span class='ocrx_word' id='word_1_200' title='bbox 365 2655 452 2721; x_wconf 80' lang='grc' dir='ltr'>ξα,</span> <span class='ocrx_word' id='word_1_201' title='bbox 485 2652 519 2706; x_wconf 74' lang='grc' dir='ltr'>ι’</span> <span class='ocrx_word' id='word_1_202' title='bbox 549 2648 651 2723; x_wconf 76' lang='grc' dir='ltr'><strong>ἔφη</strong></span> <span class='ocrx_word' id='word_1_203' title='bbox 685 2672 702 2704; x_wconf 78' lang='grc' dir='ltr'><strong>ι</strong></span> <span class='ocrx_word' id='word_1_204' title='bbox 744 2653 884 2718; x_wconf 69' lang='grc' dir='ltr'>ἐστὶ,</span> <span class='ocrx_word' id='word_1_205' title='bbox 914 2652 976 2704; x_wconf 81' lang='grc' dir='ltr'><strong>τὸ</strong></span> <span class='ocrx_word' id='word_1_206' title='bbox 1008 2649 1176 2721; x_wconf 71' lang='grc' dir='ltr'>ἐμόν’</span> <span class='ocrx_word' id='word_1_207' title='bbox 1213 2668 1233 2701; x_wconf 76' lang='grc' dir='ltr'><strong>ι</strong></span> <span class='ocrx_word' id='word_1_208' title='bbox 1271 2649 1300 2701; x_wconf 83' lang='lat'><strong>6</strong></span> <span class='ocrx_word' id='word_1_209' title='bbox 1334 2648 1413 2712; x_wconf 81' lang='grc' dir='ltr'><strong>δὲ,</strong></span> <span class='ocrx_word' id='word_1_210' title='bbox 1449 2666 1467 2699; x_wconf 77' lang='grc' dir='ltr'><strong>ι</strong></span> <span class='ocrx_word' id='word_1_211' title='bbox 1501 2647 1709 2712; x_wconf 85' lang='grc' dir='ltr'>Πέπερι</span> <span class='ocrx_word' id='word_1_212' title='bbox 1732 2659 1745 2674; x_wconf 87' lang='grc'><strong>·</strong></span> <span class='ocrx_word' id='word_1_213' title='bbox 1777 2662 1796 2695; x_wconf 66' lang='grc' dir='ltr'><strong>ι</strong></span> <span class='ocrx_word' id='word_1_214' title='bbox 1853 2641 1949 2693; x_wconf 73' lang='grc' dir='ltr'><strong>καὶ</strong></span> 
     </span>
    </p>
   </div>
   <div class='ocr_carea' id='block_1_28' title="bbox 363 2732 1947 2812">
    <p class='ocr_par' dir='ltr' id='par_1_28' title="bbox 363 2732 1947 2812">
     <span class='ocr_line' id='line_1_28' title="bbox 363 2732 1947 2812; baseline -0.011 -11"><span class='ocrx_word' id='word_1_215' title='bbox 363 2747 600 2807; x_wconf 68' lang='grc' dir='ltr'>ἕκαστος</span> <span class='ocrx_word' id='word_1_216' title='bbox 625 2745 811 2798; x_wconf 84' lang='grc' dir='ltr'>αὐτῶν</span> <span class='ocrx_word' id='word_1_217' title='bbox 836 2742 1055 2812; x_wconf 69' lang='grc' dir='ltr'>ἐνόμιζε</span> <span class='ocrx_word' id='word_1_218' title='bbox 1089 2742 1286 2810; x_wconf 70' lang='grc' dir='ltr'>μήπως</span> <span class='ocrx_word' id='word_1_219' title='bbox 1320 2742 1410 2791; x_wconf 74' lang='grc' dir='ltr'><strong>τδν</strong></span> <span class='ocrx_word' id='word_1_220' title='bbox 1438 2738 1630 2804; x_wconf 68' lang='grc' dir='ltr'>ἕτερον</span> <span class='ocrx_word' id='word_1_221' title='bbox 1700 2732 1947 2805; x_wconf 84' lang='grc' dir='ltr'>συμπαί-</span> 
     </span>
    </p>
   </div>
   <div class='ocr_carea' id='block_1_29' title="bbox 370 2826 1952 2913">
    <p class='ocr_par' dir='ltr' id='par_1_29' title="bbox 370 2826 1952 2913">
     <span class='ocr_line' id='line_1_29' title="bbox 370 2826 1952 2913; baseline -0.009 -20"><span class='ocrx_word' id='word_1_222' title='bbox 370 2840 458 2913; x_wconf 81' lang='grc' dir='ltr'><strong>ξῃ.</strong></span> <span class='ocrx_word' id='word_1_223' title='bbox 499 2838 613 2890; x_wconf 72' lang='grc' dir='ltr'><strong>Καὶ</strong></span> <span class='ocrx_word' id='word_1_224' title='bbox 653 2836 827 2898; x_wconf 81' lang='grc' dir='ltr'>οὕτως</span> <span class='ocrx_word' id='word_1_225' title='bbox 871 2837 948 2898; x_wconf 86' lang='grc' dir='ltr'><strong>είς</strong></span> <span class='ocrx_word' id='word_1_226' title='bbox 995 2835 1276 2906; x_wconf 79' lang='grc' dir='ltr'><strong>συνθήκην</strong></span> <span class='ocrx_word' id='word_1_227' title='bbox 1312 2829 1478 2906; x_wconf 76' lang='grc' dir='ltr'>ἦλθον</span> <span class='ocrx_word' id='word_1_228' title='bbox 1534 2831 1621 2885; x_wconf 77' lang='grc' dir='ltr'><strong>ἵνα</strong></span> <span class='ocrx_word' id='word_1_229' title='bbox 1678 2826 1952 2882; x_wconf 80' lang='grc' dir='ltr'>ἀνταλλάο</span> 
     </span>
    </p>
   </div>
   <div class='ocr_carea' id='block_1_30' title="bbox 2034 611 3620 687">
    <p class='ocr_par' dir='ltr' id='par_1_30' title="bbox 2034 611 3620 687">
     <span class='ocr_line' id='line_1_30' title="bbox 2034 611 3620 687; baseline -0.001 -15"><span class='ocrx_word' id='word_1_230' title='bbox 2034 619 2161 673; x_wconf 78' lang='grc' dir='ltr'>ὁδοῦ</span> <span class='ocrx_word' id='word_1_231' title='bbox 2181 618 2278 672; x_wconf 73' lang='grc' dir='ltr'><strong>καὶ</strong></span> <span class='ocrx_word' id='word_1_232' title='bbox 2327 616 2643 682; x_wconf 74' lang='grc' dir='ltr'>ἀνοίξαντες</span> <span class='ocrx_word' id='word_1_233' title='bbox 2678 618 2776 685; x_wconf 75' lang='grc' dir='ltr'><strong>οὐχ</strong></span> <span class='ocrx_word' id='word_1_234' title='bbox 2838 611 2998 687; x_wconf 72' lang='grc' dir='ltr'>εὗρον</span> <span class='ocrx_word' id='word_1_235' title='bbox 3033 617 3207 672; x_wconf 77' lang='grc' dir='ltr'>οὐδέν.</span> <span class='ocrx_word' id='word_1_236' title='bbox 3240 617 3428 679; x_wconf 78' lang='grc' dir='ltr'>Οὕτως</span> <span class='ocrx_word' id='word_1_237' title='bbox 3482 618 3620 671; x_wconf 73' lang='grc' dir='ltr'>ἐπά-</span> 
     </span>
    </p>
   </div>
   <div class='ocr_carea' id='block_1_31' title="bbox 2029 711 3620 783">
    <p class='ocr_par' dir='ltr' id='par_1_31' title="bbox 2029 711 3620 783">
     <span class='ocr_line' id='line_1_31' title="bbox 2029 711 3620 783; baseline -0.001 -18"><span class='ocrx_word' id='word_1_238' title='bbox 2029 712 2200 781; x_wconf 84' lang='grc' dir='ltr'>θομεν</span> <span class='ocrx_word' id='word_1_239' title='bbox 2230 713 2461 782; x_wconf 83' lang='grc' dir='ltr'>χήμεῖς.</span> <span class='ocrx_word' id='word_1_240' title='bbox 2497 711 2700 765; x_wconf 70' lang='grc' dir='ltr'>Λοιπδν</span> <span class='ocrx_word' id='word_1_241' title='bbox 2732 713 2759 764; x_wconf 88' lang='lat'><strong>6</strong></span> <span class='ocrx_word' id='word_1_242' title='bbox 2797 712 3205 783; x_wconf 78' lang='grc' dir='ltr'>μητροπολίτης</span> <span class='ocrx_word' id='word_1_243' title='bbox 3248 712 3447 765; x_wconf 83' lang='grc' dir='ltr'>δέδωκε</span> <span class='ocrx_word' id='word_1_244' title='bbox 3506 713 3620 774; x_wconf 84' lang='grc' dir='ltr'>τοῖς</span> 
     </span>
    </p>
   </div>
   <div class='ocr_carea' id='block_1_32' title="bbox 2028 805 3618 874">
    <p class='ocr_par' dir='ltr' id='par_1_32' title="bbox 2028 805 3618 874">
     <span class='ocr_line' id='line_1_32' title="bbox 2028 805 3618 874; baseline -0.003 -13"><span class='ocrx_word' id='word_1_245' title='bbox 2028 806 2469 872; x_wconf 77' lang='grc' dir='ltr'>ἀπεσταλμένοις</span> <span class='ocrx_word' id='word_1_246' title='bbox 2500 805 2769 873; x_wconf 75' lang='grc' dir='ltr'>Τούρκοις</span> <span class='ocrx_word' id='word_1_247' title='bbox 2802 808 2949 874; x_wconf 70' lang='grc' dir='ltr'>παρὰ</span> <span class='ocrx_word' id='word_1_248' title='bbox 2996 806 3092 865; x_wconf 79' lang='grc' dir='ltr'><strong>τοῦ</strong></span> <span class='ocrx_word' id='word_1_249' title='bbox 3139 808 3333 873; x_wconf 78' lang='grc' dir='ltr'>ἀμηρᾶ</span> <span class='ocrx_word' id='word_1_250' title='bbox 3381 808 3474 859; x_wconf 71' lang='grc' dir='ltr'><strong>καὶ</strong></span> <span class='ocrx_word' id='word_1_251' title='bbox 3522 805 3618 858; x_wconf 82' lang='grc' dir='ltr'>τοῦ</span> 
     </span>
    </p>
   </div>
   <div class='ocr_carea' id='block_1_33' title="bbox 2030 897 3622 968">
    <p class='ocr_par' dir='ltr' id='par_1_33' title="bbox 2030 897 3622 968">
     <span class='ocr_line' id='line_1_33' title="bbox 2030 897 3622 968; baseline -0.002 -16"><span class='ocrx_word' id='word_1_252' title='bbox 2030 901 2353 967; x_wconf 70' lang='grc' dir='ltr'>Ἰὀυραγάνη</span> <span class='ocrx_word' id='word_1_253' title='bbox 2391 903 2502 960; x_wconf 85' lang='grc' dir='ltr'>τοῖς</span> <span class='ocrx_word' id='word_1_254' title='bbox 2571 899 2686 966; x_wconf 82' lang='grc' dir='ltr'>μετ’</span> <span class='ocrx_word' id='word_1_255' title='bbox 2742 897 2874 968; x_wconf 76' lang='grc' dir='ltr'>ἐμοῦ</span> <span class='ocrx_word' id='word_1_256' title='bbox 2935 897 3054 950; x_wconf 66' lang='grc' dir='ltr'>οὖσι</span> <span class='ocrx_word' id='word_1_257' title='bbox 3110 898 3418 964; x_wconf 83' lang='grc' dir='ltr'>γράμματα</span> <span class='ocrx_word' id='word_1_258' title='bbox 3482 897 3622 964; x_wconf 78' lang='grc' dir='ltr'>πρὸς</span> 
     </span>
    </p>
   </div>
   <div class='ocr_carea' id='block_1_34' title="bbox 2030 989 3618 1054">
    <p class='ocr_par' dir='ltr' id='par_1_34' title="bbox 2030 989 3618 1054">
     <span class='ocr_line' id='line_1_34' title="bbox 2030 989 3618 1054; baseline 0 -11"><span class='ocrx_word' id='word_1_259' title='bbox 2030 993 2156 1051; x_wconf 73' lang='grc' dir='ltr'>τοὺς</span> <span class='ocrx_word' id='word_1_260' title='bbox 2193 992 2405 1044; x_wconf 79' lang='grc' dir='ltr'>ἑαυτῶν</span> <span class='ocrx_word' id='word_1_261' title='bbox 2439 991 2707 1052; x_wconf 78' lang='grc' dir='ltr'><strong>αὐθέντας</strong></span> <span class='ocrx_word' id='word_1_262' title='bbox 2753 992 2880 1054; x_wconf 79' lang='grc' dir='ltr'>τοὺς</span> <span class='ocrx_word' id='word_1_263' title='bbox 2916 992 3351 1051; x_wconf 79' lang='grc' dir='ltr'>ἀποστείλαντας</span> <span class='ocrx_word' id='word_1_264' title='bbox 3399 989 3618 1051; x_wconf 79' lang='grc' dir='ltr'>αὐτοὺς,</span> 
     </span>
    </p>
   </div>
   <div class='ocr_carea' id='block_1_35' title="bbox 2032 1084 3625 1154">
    <p class='ocr_par' dir='ltr' id='par_1_35' title="bbox 2032 1084 3625 1154">
     <span class='ocr_line' id='line_1_35' title="bbox 2032 1084 3625 1154; baseline -0.002 -17"><span class='ocrx_word' id='word_1_265' title='bbox 2032 1085 2207 1154; x_wconf 76' lang='grc' dir='ltr'>κάμοὶ</span> <span class='ocrx_word' id='word_1_266' title='bbox 2235 1084 2291 1136; x_wconf 81' lang='grc' dir='ltr'><strong>δὲ</strong></span> <span class='ocrx_word' id='word_1_267' title='bbox 2332 1085 2497 1145; x_wconf 85' lang='grc' dir='ltr'>πολὺς</span> <span class='ocrx_word' id='word_1_268' title='bbox 2530 1085 2727 1152; x_wconf 74' lang='grc' dir='ltr'>συνέϐη</span> <span class='ocrx_word' id='word_1_269' title='bbox 2751 1085 3040 1152; x_wconf 85' lang='grc' dir='ltr'>λογισμὸς,</span> <span class='ocrx_word' id='word_1_270' title='bbox 3082 1085 3155 1152; x_wconf 86' lang='grc' dir='ltr'><strong>μή</strong></span> <span class='ocrx_word' id='word_1_271' title='bbox 3196 1100 3324 1135; x_wconf 84' lang='grc' dir='ltr'>ποτε</span> <span class='ocrx_word' id='word_1_272' title='bbox 3380 1084 3625 1152; x_wconf 74' lang='grc' dir='ltr'><strong>ὑπόσχη-</strong></span> 
     </span>
    </p>
   </div>
   <div class='ocr_carea' id='block_1_36' title="bbox 2030 1171 3625 1245">
    <p class='ocr_par' dir='ltr' id='par_1_36' title="bbox 2030 1171 3625 1245">
     <span class='ocr_line' id='line_1_36' title="bbox 2030 1171 3625 1245; baseline -0.001 -18"><span class='ocrx_word' id='word_1_273' title='bbox 2030 1171 2127 1229; x_wconf 72' lang='grc' dir='ltr'>ται</span> <span class='ocrx_word' id='word_1_274' title='bbox 2169 1175 2353 1228; x_wconf 82' lang='grc' dir='ltr'>δοῦναι</span> <span class='ocrx_word' id='word_1_275' title='bbox 2404 1177 2573 1229; x_wconf 81' lang='grc' dir='ltr'>ἄστεά</span> <span class='ocrx_word' id='word_1_276' title='bbox 2615 1194 2740 1230; x_wconf 89' lang='grc' dir='ltr'>τινα</span> <span class='ocrx_word' id='word_1_277' title='bbox 2792 1177 2893 1243; x_wconf 78' lang='grc' dir='ltr'><strong>τῆς</strong></span> <span class='ocrx_word' id='word_1_278' title='bbox 2949 1178 3193 1243; x_wconf 77' lang='grc' dir='ltr'>Πάτρας,</span> <span class='ocrx_word' id='word_1_279' title='bbox 3261 1178 3421 1239; x_wconf 86' lang='grc' dir='ltr'>εῖπερ</span> <span class='ocrx_word' id='word_1_280' title='bbox 3477 1174 3625 1245; x_wconf 77' lang='grc' dir='ltr'><strong>αὐτῷ</strong></span> 
     </span>
    </p>
   </div>
   <div class='ocr_carea' id='block_1_37' title="bbox 2039 1265 3623 1339">
    <p class='ocr_par' dir='ltr' id='par_1_37' title="bbox 2039 1265 3623 1339">
     <span class='ocr_line' id='line_1_37' title="bbox 2039 1265 3623 1339; baseline 0 -18"><span class='ocrx_word' id='word_1_281' title='bbox 2039 1268 2286 1339; x_wconf 72' lang='grc' dir='ltr'>βοηθήσῃ</span> <span class='ocrx_word' id='word_1_282' title='bbox 2313 1265 2670 1335; x_wconf 55' lang='grc' dir='ltr'>παραλαϐεῖν</span> <span class='ocrx_word' id='word_1_283' title='bbox 2693 1269 2941 1338; x_wconf 82' lang='grc' dir='ltr'>αὑτήν,ἣ</span> <span class='ocrx_word' id='word_1_284' title='bbox 2978 1269 3181 1335; x_wconf 79' lang='grc' dir='ltr'>πλῆθός</span> <span class='ocrx_word' id='word_1_285' title='bbox 3210 1288 3262 1322; x_wconf 89' lang='grc' dir='ltr'><strong>τι</strong></span> <span class='ocrx_word' id='word_1_286' title='bbox 3296 1270 3623 1337; x_wconf 78' lang='grc' dir='ltr'>γρημάτων.</span> 
     </span>
    </p>
   </div>
   <div class='ocr_carea' id='block_1_38' title="bbox 2035 1355 3626 1431">
    <p class='ocr_par' dir='ltr' id='par_1_38' title="bbox 2035 1355 3626 1431">
     <span class='ocr_line' id='line_1_38' title="bbox 2035 1355 3626 1431; baseline -0.003 -16"><span class='ocrx_word' id='word_1_287' title='bbox 2035 1363 2148 1416; x_wconf 72' lang='grc' dir='ltr'><strong>Καὶ</strong></span> <span class='ocrx_word' id='word_1_288' title='bbox 2186 1362 2260 1431; x_wconf 77' lang='grc' dir='ltr'>μὴ</span> <span class='ocrx_word' id='word_1_289' title='bbox 2289 1362 2598 1430; x_wconf 81' lang='grc' dir='ltr'>παυόμενος</span> <span class='ocrx_word' id='word_1_290' title='bbox 2634 1362 2708 1431; x_wconf 77' lang='grc' dir='ltr'><strong>τῷ</strong></span> <span class='ocrx_word' id='word_1_291' title='bbox 2731 1362 2981 1430; x_wconf 86' lang='grc' dir='ltr'>λογισμῷ</span> <span class='ocrx_word' id='word_1_292' title='bbox 3017 1363 3124 1425; x_wconf 78' lang='grc' dir='ltr'>ἕως</span> <span class='ocrx_word' id='word_1_293' title='bbox 3155 1355 3215 1415; x_wconf 67' lang='grc' dir='ltr'><strong>οὗ</strong></span> <span class='ocrx_word' id='word_1_294' title='bbox 3266 1362 3424 1430; x_wconf 84' lang='grc' dir='ltr'>μάθω</span> <span class='ocrx_word' id='word_1_295' title='bbox 3462 1360 3523 1412; x_wconf 85' lang='grc' dir='ltr'><strong>τδ</strong></span> <span class='ocrx_word' id='word_1_296' title='bbox 3573 1360 3626 1412; x_wconf 83' lang='grc' dir='ltr'>τί</span> 
     </span>
    </p>
   </div>
   <div class='ocr_carea' id='block_1_39' title="bbox 2043 1451 3627 1521">
    <p class='ocr_par' dir='ltr' id='par_1_39' title="bbox 2043 1451 3627 1521">
     <span class='ocr_line' id='line_1_39' title="bbox 2043 1451 3627 1521; baseline -0.003 -15"><span class='ocrx_word' id='word_1_297' title='bbox 2043 1455 2330 1521; x_wconf 73' lang='grc' dir='ltr'>περιεῖχον</span> <span class='ocrx_word' id='word_1_298' title='bbox 2362 1454 2427 1504; x_wconf 81' lang='grc' dir='ltr'>τὰ</span> <span class='ocrx_word' id='word_1_299' title='bbox 2463 1455 2800 1519; x_wconf 84' lang='grc' dir='ltr'>γράμματα,</span> <span class='ocrx_word' id='word_1_300' title='bbox 2849 1452 2943 1504; x_wconf 69' lang='grc' dir='ltr'><strong>καὶ</strong></span> <span class='ocrx_word' id='word_1_301' title='bbox 2999 1452 3171 1505; x_wconf 83' lang='grc' dir='ltr'>πολλά</span> <span class='ocrx_word' id='word_1_302' title='bbox 3225 1452 3498 1509; x_wconf 75' lang='grc' dir='ltr'>κοπιάσας</span> <span class='ocrx_word' id='word_1_303' title='bbox 3532 1451 3627 1503; x_wconf 77' lang='grc' dir='ltr'><strong>καὶ</strong></span> 
     </span>
    </p>
   </div>
   <div class='ocr_carea' id='block_1_40' title="bbox 2038 1543 3626 1611">
    <p class='ocr_par' dir='ltr' id='par_1_40' title="bbox 2038 1543 3626 1611">
     <span class='ocr_line' id='line_1_40' title="bbox 2038 1543 3626 1611; baseline -0.003 -13"><span class='ocrx_word' id='word_1_304' title='bbox 2038 1544 2341 1598; x_wconf 84' lang='grc' dir='ltr'>συνεσθίων</span> <span class='ocrx_word' id='word_1_305' title='bbox 2371 1545 2554 1599; x_wconf 70' lang='grc' dir='ltr'>αὐτοῖς</span> <span class='ocrx_word' id='word_1_306' title='bbox 2587 1544 2831 1610; x_wconf 81' lang='grc' dir='ltr'>ὲμέθυσα</span> <span class='ocrx_word' id='word_1_307' title='bbox 2854 1543 3053 1599; x_wconf 80' lang='grc' dir='ltr'>αὐτοὺς</span> <span class='ocrx_word' id='word_1_308' title='bbox 3078 1544 3147 1595; x_wconf 84' lang='grc' dir='ltr'>τὰ</span> <span class='ocrx_word' id='word_1_309' title='bbox 3193 1545 3427 1611; x_wconf 78' lang='grc' dir='ltr'>μέγιστα</span> <span class='ocrx_word' id='word_1_310' title='bbox 3456 1544 3626 1594; x_wconf 80' lang='grc' dir='ltr'>ἀκου-</span> 
     </span>
    </p>
   </div>
   <div class='ocr_carea' id='block_1_41' title="bbox 2038 1634 3628 1705">
    <p class='ocr_par' dir='ltr' id='par_1_41' title="bbox 2038 1634 3628 1705">
     <span class='ocr_line' id='line_1_41' title="bbox 2038 1634 3628 1705; baseline -0.006 -15"><span class='ocrx_word' id='word_1_311' title='bbox 2038 1638 2170 1699; x_wconf 86' lang='grc' dir='ltr'>σίως</span> <span class='ocrx_word' id='word_1_312' title='bbox 2202 1638 2290 1689; x_wconf 80' lang='grc' dir='ltr'><strong>διὰ</strong></span> <span class='ocrx_word' id='word_1_313' title='bbox 2311 1637 2370 1688; x_wconf 73' lang='grc' dir='ltr'><strong>τὸ</strong></span> <span class='ocrx_word' id='word_1_314' title='bbox 2389 1639 2779 1704; x_wconf 83' lang='grc' dir='ltr'>συγκοινωνεῖν</span> <span class='ocrx_word' id='word_1_315' title='bbox 2804 1635 2959 1705; x_wconf 76' lang='lat'><strong>153</strong></span> <span class='ocrx_word' id='word_1_316' title='bbox 2984 1635 3130 1702; x_wconf 75' lang='grc' dir='ltr'>κάμὲ</span> <span class='ocrx_word' id='word_1_317' title='bbox 3149 1636 3244 1686; x_wconf 78' lang='grc' dir='ltr'>σὺν</span> <span class='ocrx_word' id='word_1_318' title='bbox 3264 1637 3447 1687; x_wconf 71' lang='grc' dir='ltr'>αὐτοῖς</span> <span class='ocrx_word' id='word_1_319' title='bbox 3489 1634 3628 1701; x_wconf 64' lang='grc' dir='ltr'>πρὸς</span> 
     </span>
    </p>
   </div>
   <div class='ocr_carea' id='block_1_42' title="bbox 2036 1725 3634 1796">
    <p class='ocr_par' dir='ltr' id='par_1_42' title="bbox 2036 1725 3634 1796">
     <span class='ocr_line' id='line_1_42' title="bbox 2036 1725 3634 1796; baseline -0.004 -14"><span class='ocrx_word' id='word_1_320' title='bbox 2036 1729 2096 1782; x_wconf 69' lang='grc' dir='ltr'><strong>τὸ</strong></span> <span class='ocrx_word' id='word_1_321' title='bbox 2129 1731 2295 1790; x_wconf 82' lang='grc' dir='ltr'>πιεῖν,</span> <span class='ocrx_word' id='word_1_322' title='bbox 2323 1729 2417 1780; x_wconf 71' lang='grc' dir='ltr'><strong>καὶ</strong></span> <span class='ocrx_word' id='word_1_323' title='bbox 2441 1728 2630 1796; x_wconf 77' lang='grc' dir='ltr'>σχεδὸν</span> <span class='ocrx_word' id='word_1_324' title='bbox 2657 1726 2966 1794; x_wconf 81' lang='grc' dir='ltr'>ὲμεθύσθην</span> <span class='ocrx_word' id='word_1_325' title='bbox 2994 1743 3009 1756; x_wconf 88' lang='grc'><strong>·</strong></span> <span class='ocrx_word' id='word_1_326' title='bbox 3040 1726 3134 1777; x_wconf 70' lang='grc' dir='ltr'><strong>καὶ</strong></span> <span class='ocrx_word' id='word_1_327' title='bbox 3155 1725 3413 1790; x_wconf 71' lang='grc' dir='ltr'>τοσοῦτον</span> <span class='ocrx_word' id='word_1_328' title='bbox 3436 1725 3634 1791; x_wconf 72' lang='grc' dir='ltr'>ἐμέθυ-</span> 
     </span>
    </p>
   </div>
   <div class='ocr_carea' id='block_1_43' title="bbox 2041 1816 3631 1889">
    <p class='ocr_par' dir='ltr' id='par_1_43' title="bbox 2041 1816 3631 1889">
     <span class='ocr_line' id='line_1_43' title="bbox 2041 1816 3631 1889; baseline -0.004 -14"><span class='ocrx_word' id='word_1_329' title='bbox 2041 1839 2143 1875; x_wconf 91' lang='grc' dir='ltr'>σαν</span> <span class='ocrx_word' id='word_1_330' title='bbox 2172 1823 2371 1875; x_wconf 76' lang='grc' dir='ltr'>ἐκεῖνοι</span> <span class='ocrx_word' id='word_1_331' title='bbox 2401 1820 2546 1874; x_wconf 77' lang='grc' dir='ltr'>ὥστε</span> <span class='ocrx_word' id='word_1_332' title='bbox 2573 1822 2765 1889; x_wconf 84' lang='grc' dir='ltr'>ἀπῆρα</span> <span class='ocrx_word' id='word_1_333' title='bbox 2797 1819 2894 1872; x_wconf 79' lang='grc' dir='ltr'><strong>ἀπ’</strong></span> <span class='ocrx_word' id='word_1_334' title='bbox 2924 1820 3106 1873; x_wconf 73' lang='grc' dir='ltr'><strong>αὐτῶν</strong></span> <span class='ocrx_word' id='word_1_335' title='bbox 3161 1820 3260 1880; x_wconf 77' lang='grc' dir='ltr'><strong>τὰς</strong></span> <span class='ocrx_word' id='word_1_336' title='bbox 3311 1816 3631 1883; x_wconf 68' lang='grc' dir='ltr'>ἐπιστολὰς,</span> 
     </span>
    </p>
   </div>
   <div class='ocr_carea' id='block_1_44' title="bbox 2038 1909 3634 1980">
    <p class='ocr_par' dir='ltr' id='par_1_44' title="bbox 2038 1909 3634 1980">
     <span class='ocr_line' id='line_1_44' title="bbox 2038 1909 3634 1980; baseline -0.003 -14"><span class='ocrx_word' id='word_1_337' title='bbox 2038 1912 2137 1968; x_wconf 71' lang='grc' dir='ltr'><strong>καὶ</strong></span> <span class='ocrx_word' id='word_1_338' title='bbox 2206 1912 2534 1980; x_wconf 78' lang='grc' dir='ltr'>ἀνεγνωκὼς</span> <span class='ocrx_word' id='word_1_339' title='bbox 2589 1914 2763 1976; x_wconf 78' lang='grc' dir='ltr'>αὑτὰς</span> <span class='ocrx_word' id='word_1_340' title='bbox 2826 1912 2920 1965; x_wconf 74' lang='grc' dir='ltr'><strong>καὶ</strong></span> <span class='ocrx_word' id='word_1_341' title='bbox 2995 1912 3382 1980; x_wconf 73' lang='grc' dir='ltr'>μεταγράψας,</span> <span class='ocrx_word' id='word_1_342' title='bbox 3468 1909 3634 1964; x_wconf 82' lang='grc' dir='ltr'>πάλιν</span> 
     </span>
    </p>
   </div>
   <div class='ocr_carea' id='block_1_45' title="bbox 2040 2003 3635 2073">
    <p class='ocr_par' dir='ltr' id='par_1_45' title="bbox 2040 2003 3635 2073">
     <span class='ocr_line' id='line_1_45' title="bbox 2040 2003 3635 2073; baseline -0.002 -17"><span class='ocrx_word' id='word_1_343' title='bbox 2040 2006 2354 2073; x_wconf 75' lang='grc' dir='ltr'>σφραγίσας</span> <span class='ocrx_word' id='word_1_344' title='bbox 2414 2006 2572 2060; x_wconf 77' lang='grc' dir='ltr'>εἴασα</span> <span class='ocrx_word' id='word_1_345' title='bbox 2627 2004 2849 2065; x_wconf 77' lang='grc' dir='ltr'><strong>αὐτούς.</strong></span> <span class='ocrx_word' id='word_1_346' title='bbox 2902 2005 2992 2066; x_wconf 85' lang='grc' dir='ltr'>Ὧς</span> <span class='ocrx_word' id='word_1_347' title='bbox 3018 2006 3075 2057; x_wconf 78' lang='grc' dir='ltr'><strong>δὲ</strong></span> <span class='ocrx_word' id='word_1_348' title='bbox 3142 2003 3353 2070; x_wconf 69' lang='grc' dir='ltr'>ἕερθισα</span> <span class='ocrx_word' id='word_1_349' title='bbox 3408 2005 3487 2065; x_wconf 75' lang='grc' dir='ltr'><strong>είς</strong></span> <span class='ocrx_word' id='word_1_350' title='bbox 3534 2003 3635 2069; x_wconf 81' lang='grc' dir='ltr'><strong>τὴν</strong></span> 
     </span>
    </p>
   </div>
   <div class='ocr_carea' id='block_1_46' title="bbox 1986 2086 3669 2165">
    <p class='ocr_par' dir='ltr' id='par_1_46' title="bbox 1986 2086 3669 2165">
     <span class='ocr_line' id='line_1_46' title="bbox 1986 2086 3669 2165; baseline -0.002 -16"><span class='ocrx_word' id='word_1_351' title='bbox 1986 2132 1991 2135; x_wconf 51' lang='grc' dir='ltr'><strong>μ</strong></span> <span class='ocrx_word' id='word_1_352' title='bbox 2041 2098 2221 2158; x_wconf 84' lang='grc' dir='ltr'>πόλιν,</span> <span class='ocrx_word' id='word_1_353' title='bbox 2252 2097 2407 2162; x_wconf 77' lang='grc' dir='ltr'><strong>ἐδόθη</strong></span> <span class='ocrx_word' id='word_1_354' title='bbox 2449 2115 2541 2165; x_wconf 88' lang='grc' dir='ltr'><strong>μοι</strong></span> <span class='ocrx_word' id='word_1_355' title='bbox 2598 2097 2960 2165; x_wconf 77' lang='grc' dir='ltr'>συμπρέσὸυς</span> <span class='ocrx_word' id='word_1_356' title='bbox 3000 2095 3228 2162; x_wconf 79' lang='grc' dir='ltr'>Μάρκος</span> <span class='ocrx_word' id='word_1_357' title='bbox 3266 2098 3292 2146; x_wconf 83' lang='lat'><strong>6</strong></span> <span class='ocrx_word' id='word_1_358' title='bbox 3340 2086 3669 2147; x_wconf 69' lang='grc' dir='ltr'><strong>Πα).αιο)ὄ-’</strong></span> 
     </span>
    </p>
   </div>
   <div class='ocr_carea' id='block_1_47' title="bbox 2042 2185 3634 2257">
    <p class='ocr_par' dir='ltr' id='par_1_47' title="bbox 2042 2185 3634 2257">
     <span class='ocr_line' id='line_1_47' title="bbox 2042 2185 3634 2257; baseline -0.003 -15"><span class='ocrx_word' id='word_1_359' title='bbox 2042 2206 2137 2257; x_wconf 80' lang='grc' dir='ltr'><strong>γος</strong></span> <span class='ocrx_word' id='word_1_360' title='bbox 2165 2190 2193 2241; x_wconf 84' lang='lat'><strong>6</strong></span> <span class='ocrx_word' id='word_1_361' title='bbox 2230 2189 2500 2256; x_wconf 81' lang='grc' dir='ltr'>’ῐαγροςὸ</span> <span class='ocrx_word' id='word_1_362' title='bbox 2536 2191 2629 2242; x_wconf 67' lang='grc' dir='ltr'><strong>καὶ</strong></span> <span class='ocrx_word' id='word_1_363' title='bbox 2695 2187 2926 2253; x_wconf 74' lang='grc' dir='ltr'>ὕστερον</span> <span class='ocrx_word' id='word_1_364' title='bbox 2991 2187 3462 2257; x_wconf 80' lang='grc' dir='ltr'>πρωτοστράτωρ,</span> <span class='ocrx_word' id='word_1_365' title='bbox 3512 2185 3634 2238; x_wconf 72' lang='grc' dir='ltr'>τότε</span> 
     </span>
    </p>
   </div>
   <div class='ocr_carea' id='block_1_48' title="bbox 2047 2279 3637 2352">
    <p class='ocr_par' dir='ltr' id='par_1_48' title="bbox 2047 2279 3637 2352">
     <span class='ocr_line' id='line_1_48' title="bbox 2047 2279 3637 2352; baseline -0.003 -18"><span class='ocrx_word' id='word_1_366' title='bbox 2047 2282 2103 2336; x_wconf 79' lang='grc' dir='ltr'><strong>δὲ</strong></span> <span class='ocrx_word' id='word_1_367' title='bbox 2171 2283 2741 2352; x_wconf 71' lang='grc' dir='ltr'>πρωτοὸεστιαρίτης.</span> <span class='ocrx_word' id='word_1_368' title='bbox 2800 2283 2909 2336; x_wconf 75' lang='grc' dir='ltr'><strong>Καὶ</strong></span> <span class='ocrx_word' id='word_1_369' title='bbox 2968 2283 3089 2334; x_wconf 63' lang='grc' dir='ltr'>ἀντὶ</span> <span class='ocrx_word' id='word_1_370' title='bbox 3142 2279 3236 2334; x_wconf 82' lang='grc' dir='ltr'><strong>τοῦ</strong></span> <span class='ocrx_word' id='word_1_371' title='bbox 3301 2280 3637 2348; x_wconf 79' lang='grc' dir='ltr'>συμϐοηθεῖν</span> 
     </span>
    </p>
   </div>
   <div class='ocr_carea' id='block_1_49' title="bbox 2049 2371 3643 2448">
    <p class='ocr_par' dir='ltr' id='par_1_49' title="bbox 2049 2371 3643 2448">
     <span class='ocr_line' id='line_1_49' title="bbox 2049 2371 3643 2448; baseline -0.006 -19"><span class='ocrx_word' id='word_1_372' title='bbox 2049 2393 2140 2446; x_wconf 89' lang='grc' dir='ltr'><strong>μοι</strong></span> <span class='ocrx_word' id='word_1_373' title='bbox 2174 2378 2417 2439; x_wconf 73' lang='grc' dir='ltr'>ἐναντίος</span> <span class='ocrx_word' id='word_1_374' title='bbox 2439 2371 2509 2448; x_wconf 83' lang='grc' dir='ltr'>ἦν</span> <span class='ocrx_word' id='word_1_375' title='bbox 2543 2378 2682 2430; x_wconf 77' lang='grc' dir='ltr'>κατά</span> <span class='ocrx_word' id='word_1_376' title='bbox 2715 2378 2811 2444; x_wconf 77' lang='grc' dir='ltr'><strong>τῆς</strong></span> <span class='ocrx_word' id='word_1_377' title='bbox 2865 2376 3177 2437; x_wconf 79' lang='grc' dir='ltr'>ὑποθέσεως</span> <span class='ocrx_word' id='word_1_378' title='bbox 3217 2373 3286 2425; x_wconf 82' lang='grc' dir='ltr'>δι’</span> <span class='ocrx_word' id='word_1_379' title='bbox 3335 2374 3404 2444; x_wconf 77' lang='grc' dir='ltr'>ἢν</span> <span class='ocrx_word' id='word_1_380' title='bbox 3464 2374 3643 2440; x_wconf 64' lang='grc' dir='ltr'>ὲπτιρ-</span> 
     </span>
    </p>
   </div>
   <div class='ocr_carea' id='block_1_50' title="bbox 2046 2463 3642 2540">
    <p class='ocr_par' dir='ltr' id='par_1_50' title="bbox 2046 2463 3642 2540">
     <span class='ocr_line' id='line_1_50' title="bbox 2046 2463 3642 2540; baseline -0.004 -18"><span class='ocrx_word' id='word_1_381' title='bbox 2046 2470 2245 2540; x_wconf 81' lang='grc' dir='ltr'>χόμην,</span> <span class='ocrx_word' id='word_1_382' title='bbox 2271 2471 2370 2522; x_wconf 69' lang='grc' dir='ltr'><strong>καὶ</strong></span> <span class='ocrx_word' id='word_1_383' title='bbox 2394 2470 2493 2522; x_wconf 77' lang='grc' dir='ltr'><strong>οὐκ</strong></span> <span class='ocrx_word' id='word_1_384' title='bbox 2526 2465 2646 2521; x_wconf 75' lang='grc' dir='ltr'>οἶδα</span> <span class='ocrx_word' id='word_1_385' title='bbox 2674 2469 2735 2520; x_wconf 72' lang='grc' dir='ltr'>τό</span> <span class='ocrx_word' id='word_1_386' title='bbox 2763 2468 2960 2525; x_wconf 80' lang='grc' dir='ltr'>αἴτιον,</span> <span class='ocrx_word' id='word_1_387' title='bbox 3017 2466 3131 2519; x_wconf 80' lang='grc' dir='ltr'>ἀλλ’</span> <span class='ocrx_word' id='word_1_388' title='bbox 3160 2467 3192 2536; x_wconf 82' lang='grc' dir='ltr'>ἢ</span> <span class='ocrx_word' id='word_1_389' title='bbox 3240 2467 3302 2519; x_wconf 84' lang='grc' dir='ltr'><strong>τδ</strong></span> <span class='ocrx_word' id='word_1_390' title='bbox 3362 2468 3389 2517; x_wconf 90' lang='lat'><strong>6</strong></span> <span class='ocrx_word' id='word_1_391' title='bbox 3443 2463 3642 2530; x_wconf 84' lang='grc' dir='ltr'>φθόνος</span> 
     </span>
    </p>
   </div>
   <div class='ocr_carea' id='block_1_51' title="bbox 2047 2552 3687 2630">
    <p class='ocr_par' dir='ltr' id='par_1_51' title="bbox 2047 2552 3687 2630">
     <span class='ocr_line' id='line_1_51' title="bbox 2047 2552 3687 2630; baseline -0.006 -16"><span class='ocrx_word' id='word_1_392' title='bbox 2047 2562 2148 2614; x_wconf 75' lang='grc' dir='ltr'><strong>οὐκ</strong></span> <span class='ocrx_word' id='word_1_393' title='bbox 2187 2556 2296 2613; x_wconf 80' lang='grc' dir='ltr'>οἵδε</span> <span class='ocrx_word' id='word_1_394' title='bbox 2342 2561 2626 2630; x_wconf 85' lang='grc' dir='ltr'>προτιμᾷν</span> <span class='ocrx_word' id='word_1_395' title='bbox 2683 2560 2744 2611; x_wconf 80' lang='grc' dir='ltr'><strong>τὸ</strong></span> <span class='ocrx_word' id='word_1_396' title='bbox 2800 2559 3103 2627; x_wconf 80' lang='grc' dir='ltr'>συμφέρον.</span> <span class='ocrx_word' id='word_1_397' title='bbox 3185 2555 3543 2616; x_wconf 75' lang='grc' dir='ltr'>’Δπελθόντες</span> <span class='ocrx_word' id='word_1_398' title='bbox 3596 2552 3687 2605; x_wconf 80' lang='grc' dir='ltr'><strong>δ’-</strong></span> 
     </span>
    </p>
   </div>
   <div class='ocr_carea' id='block_1_52' title="bbox 2050 2642 3644 2721">
    <p class='ocr_par' dir='ltr' id='par_1_52' title="bbox 2050 2642 3644 2721">
     <span class='ocr_line' id='line_1_52' title="bbox 2050 2642 3644 2721; baseline -0.007 -17"><span class='ocrx_word' id='word_1_399' title='bbox 2050 2652 2186 2721; x_wconf 79' lang='grc' dir='ltr'>ὁμοῦ</span> <span class='ocrx_word' id='word_1_400' title='bbox 2234 2652 2373 2719; x_wconf 75' lang='grc' dir='ltr'>πρὸς</span> <span class='ocrx_word' id='word_1_401' title='bbox 2431 2651 2526 2702; x_wconf 73' lang='grc' dir='ltr'>τὸν</span> <span class='ocrx_word' id='word_1_402' title='bbox 2587 2651 2812 2718; x_wconf 79' lang='grc' dir='ltr'>ἀμηρᾶν</span> <span class='ocrx_word' id='word_1_403' title='bbox 2874 2648 3145 2710; x_wconf 72' lang='grc' dir='ltr'>ἐλάϐομεν</span> <span class='ocrx_word' id='word_1_404' title='bbox 3204 2643 3504 2710; x_wconf 82' lang='grc' dir='ltr'>ἀπολογίαν</span> <span class='ocrx_word' id='word_1_405' title='bbox 3555 2642 3644 2693; x_wconf 81' lang='grc' dir='ltr'><strong>ἵνα</strong></span> 
     </span>
    </p>
   </div>
   <div class='ocr_carea' id='block_1_53' title="bbox 2052 2734 3644 2811">
    <p class='ocr_par' dir='ltr' id='par_1_53' title="bbox 2052 2734 3644 2811">
     <span class='ocr_line' id='line_1_53' title="bbox 2052 2734 3644 2811; baseline -0.006 -13"><span class='ocrx_word' id='word_1_406' title='bbox 2052 2742 2209 2807; x_wconf 78' lang='grc' dir='ltr'>αὖθις</span> <span class='ocrx_word' id='word_1_407' title='bbox 2244 2742 2615 2805; x_wconf 80' lang='grc' dir='ltr'>ἀποδὼσωμεν</span> <span class='ocrx_word' id='word_1_408' title='bbox 2637 2743 2737 2809; x_wconf 83' lang='grc' dir='ltr'>τὴν</span> <span class='ocrx_word' id='word_1_409' title='bbox 2766 2736 2990 2811; x_wconf 83' lang='grc' dir='ltr'>Πάτραν</span> <span class='ocrx_word' id='word_1_410' title='bbox 3030 2734 3113 2799; x_wconf 75' lang='grc' dir='ltr'>οἷς</span> <span class='ocrx_word' id='word_1_411' title='bbox 3159 2739 3415 2806; x_wconf 77' lang='grc' dir='ltr'>προεῖχον</span> <span class='ocrx_word' id='word_1_412' title='bbox 3443 2735 3582 2800; x_wconf 75' lang='grc' dir='ltr'><strong>αὑτή</strong></span> <span class='ocrx_word' id='word_1_413' title='bbox 3592 2751 3644 2789; x_wconf 88' lang='grc' dir='ltr'>ν.</span> 
     </span>
    </p>
   </div>
   <div class='ocr_carea' id='block_1_54' title="bbox 2066 2827 3647 2904">
    <p class='ocr_par' dir='ltr' id='par_1_54' title="bbox 2066 2827 3647 2904">
     <span class='ocr_line' id='line_1_54' title="bbox 2066 2827 3647 2904; baseline -0.009 -13"><span class='ocrx_word' id='word_1_414' title='bbox 2066 2837 2519 2904; x_wconf 77' lang='grc' dir='ltr'>Ἀπελογισάμην</span> <span class='ocrx_word' id='word_1_415' title='bbox 2556 2831 2651 2889; x_wconf 82' lang='grc' dir='ltr'><strong>οὗν</strong></span> <span class='ocrx_word' id='word_1_416' title='bbox 2690 2834 2846 2900; x_wconf 81' lang='grc' dir='ltr'>κάγὼ</span> <span class='ocrx_word' id='word_1_417' title='bbox 2897 2833 2973 2898; x_wconf 82' lang='grc' dir='ltr'><strong>τῷ</strong></span> <span class='ocrx_word' id='word_1_418' title='bbox 3027 2831 3235 2902; x_wconf 75' lang='grc' dir='ltr'>πρώτῳ</span> <span class='ocrx_word' id='word_1_419' title='bbox 3282 2831 3382 2898; x_wconf 82' lang='grc' dir='ltr'><strong>τῆς</strong></span> <span class='ocrx_word' id='word_1_420' title='bbox 3447 2827 3647 2896; x_wconf 83' lang='grc' dir='ltr'>βουλῆς</span> 
     </span>
    </p>
   </div>
   <div class='ocr_carea' id='block_1_55' title="bbox 373 2917 3643 3001">
    <p class='ocr_par' dir='ltr' id='par_1_55' title="bbox 373 2917 3643 3001">
     <span class='ocr_line' id='line_1_55' title="bbox 373 2917 3643 3001; baseline -0.008 -6"><span class='ocrx_word' id='word_1_421' title='bbox 373 2932 537 2995; x_wconf 78' lang='grc' dir='ltr'>ξωσιν</span> <span class='ocrx_word' id='word_1_422' title='bbox 569 2932 637 2984; x_wconf 72' lang='grc' dir='ltr'><strong>τὰ</strong></span> <span class='ocrx_word' id='word_1_423' title='bbox 681 2930 899 3001; x_wconf 77' lang='grc' dir='ltr'>φορτία.</span> <span class='ocrx_word' id='word_1_424' title='bbox 926 2931 1020 2983; x_wconf 57' lang='grc' dir='ltr'><strong>καὶ</strong></span> <span class='ocrx_word' id='word_1_425' title='bbox 1050 2928 1127 3000; x_wconf 81' lang='grc' dir='ltr'>μὴ</span> <span class='ocrx_word' id='word_1_426' title='bbox 1166 2926 1453 2996; x_wconf 73' lang='grc' dir='ltr'>γινώσκων</span> <span class='ocrx_word' id='word_1_427' title='bbox 1503 2930 1531 2978; x_wconf 73' lang='grc' dir='ltr'>ὁ</span> <span class='ocrx_word' id='word_1_428' title='bbox 1593 2919 1672 2985; x_wconf 69' lang='grc' dir='ltr'><strong>εἷς</strong></span> <span class='ocrx_word' id='word_1_429' title='bbox 1727 2924 1796 2975; x_wconf 70' lang='grc' dir='ltr'><strong>τὰ</strong></span> <span class='ocrx_word' id='word_1_430' title='bbox 1858 2920 1953 2973; x_wconf 72' lang='grc' dir='ltr'><strong>τοῦ</strong></span> <span class='ocrx_word' id='word_1_431' title='bbox 2055 2926 2149 2983; x_wconf 73' lang='grc' dir='ltr'>τοῦ</span> <span class='ocrx_word' id='word_1_432' title='bbox 2201 2929 2399 2999; x_wconf 80' lang='grc' dir='ltr'>ἀμηρᾶ</span> <span class='ocrx_word' id='word_1_433' title='bbox 2447 2928 2686 2998; x_wconf 77' lang='grc' dir='ltr'>τοῦνομα</span> <span class='ocrx_word' id='word_1_434' title='bbox 2750 2924 3187 2996; x_wconf 70' lang='grc' dir='ltr'>Ἰὅραὴμ-πασιᾶ</span> <span class='ocrx_word' id='word_1_435' title='bbox 3247 2923 3331 2975; x_wconf 84' lang='grc' dir='ltr'><strong>ὅτι</strong></span> <span class='ocrx_word' id='word_1_436' title='bbox 3381 2917 3643 2988; x_wconf 77' lang='grc' dir='ltr'>τοιαύτην</span> 
     </span>
    </p>
   </div>
   <div class='ocr_carea' id='block_1_56' title="bbox 375 3014 3645 3093">
    <p class='ocr_par' dir='ltr' id='par_1_56' title="bbox 375 3014 3645 3093">
     <span class='ocr_line' id='line_1_56' title="bbox 375 3014 3645 3093; baseline -0.005 -18"><span class='ocrx_word' id='word_1_437' title='bbox 375 3024 567 3093; x_wconf 76' lang='grc' dir='ltr'>ἑτέρου</span> <span class='ocrx_word' id='word_1_438' title='bbox 620 3021 813 3077; x_wconf 74' lang='grc' dir='ltr'>ἔλαὸον</span> <span class='ocrx_word' id='word_1_439' title='bbox 870 3023 1087 3093; x_wconf 81' lang='grc' dir='ltr'>φορτία.</span> <span class='ocrx_word' id='word_1_440' title='bbox 1136 3022 1230 3075; x_wconf 71' lang='grc' dir='ltr'><strong>καὶ</strong></span> <span class='ocrx_word' id='word_1_441' title='bbox 1279 3019 1588 3080; x_wconf 81' lang='grc' dir='ltr'>σπουδαίως</span> <span class='ocrx_word' id='word_1_442' title='bbox 1656 3016 1956 3085; x_wconf 75' lang='grc' dir='ltr'>ἐπορεύετο</span> <span class='ocrx_word' id='word_1_443' title='bbox 2057 3025 2352 3093; x_wconf 69' lang='grc' dir='ltr'><strong>ἀπῆκρισιν</strong></span> <span class='ocrx_word' id='word_1_444' title='bbox 2379 3022 2492 3089; x_wconf 62' lang='grc' dir='ltr'><strong>ἐγὼ</strong></span> <span class='ocrx_word' id='word_1_445' title='bbox 2523 3022 2583 3075; x_wconf 69' lang='grc' dir='ltr'>οὗ</span> <span class='ocrx_word' id='word_1_446' title='bbox 2607 3021 2793 3088; x_wconf 80' lang='grc' dir='ltr'>τολμῶ</span> <span class='ocrx_word' id='word_1_447' title='bbox 2842 3020 3024 3072; x_wconf 77' lang='grc' dir='ltr'>εἰπεῖν</span> <span class='ocrx_word' id='word_1_448' title='bbox 3078 3017 3157 3083; x_wconf 81' lang='grc' dir='ltr'><strong>τῷ</strong></span> <span class='ocrx_word' id='word_1_449' title='bbox 3201 3014 3442 3085; x_wconf 77' lang='grc' dir='ltr'>αὐθέντῃ</span> <span class='ocrx_word' id='word_1_450' title='bbox 3497 3025 3645 3079; x_wconf 77' lang='grc' dir='ltr'>μουο</span> 
     </span>
    </p>
   </div>
   <div class='ocr_carea' id='block_1_57' title="bbox 377 3096 3650 3186">
    <p class='ocr_par' dir='ltr' id='par_1_57' title="bbox 377 3096 3650 3186">
     <span class='ocr_line' id='line_1_57' title="bbox 377 3096 3650 3186; baseline -0.007 -9"><span class='ocrx_word' id='word_1_451' title='bbox 377 3117 606 3176; x_wconf 74' lang='grc' dir='ltr'><strong>ἕκαστος</strong></span> <span class='ocrx_word' id='word_1_452' title='bbox 634 3115 719 3167; x_wconf 78' lang='grc' dir='ltr'>ἵνα</span> <span class='ocrx_word' id='word_1_453' title='bbox 750 3114 938 3186; x_wconf 72' lang='grc' dir='ltr'>πόῤῥω</span> <span class='ocrx_word' id='word_1_454' title='bbox 967 3113 1228 3184; x_wconf 83' lang='grc' dir='ltr'>μακρύνῃ</span> <span class='ocrx_word' id='word_1_455' title='bbox 1263 3112 1372 3164; x_wconf 72' lang='grc' dir='ltr'><strong>ἀπὸ</strong></span> <span class='ocrx_word' id='word_1_456' title='bbox 1398 3096 1493 3162; x_wconf 63' lang='grc' dir='ltr'><strong>τόὖ</strong></span> <span class='ocrx_word' id='word_1_457' title='bbox 1516 3108 1703 3172; x_wconf 71' lang='grc' dir='ltr'>ἄλλον,</span> <span class='ocrx_word' id='word_1_458' title='bbox 1730 3108 1805 3176; x_wconf 84' lang='grc' dir='ltr'><strong>μή</strong></span> <span class='ocrx_word' id='word_1_459' title='bbox 1837 3123 1954 3168; x_wconf 83' lang='grc' dir='ltr'><strong>πως</strong></span> <span class='ocrx_word' id='word_1_460' title='bbox 2059 3110 2233 3181; x_wconf 72' lang='grc' dir='ltr'>ὅμως,</span> <span class='ocrx_word' id='word_1_461' title='bbox 2276 3110 2400 3164; x_wconf 76' lang='grc' dir='ltr'>ἐπεὶ</span> <span class='ocrx_word' id='word_1_462' title='bbox 2436 3113 2644 3174; x_wconf 79' lang='grc' dir='ltr'>ἐκεῖνος</span> <span class='ocrx_word' id='word_1_463' title='bbox 2692 3109 3018 3162; x_wconf 79' lang='grc' dir='ltr'>ἀπέστειλεν</span> <span class='ocrx_word' id='word_1_464' title='bbox 3063 3107 3165 3175; x_wconf 78' lang='grc' dir='ltr'><strong>ἐμὲ</strong></span> <span class='ocrx_word' id='word_1_465' title='bbox 3201 3105 3336 3174; x_wconf 74' lang='grc' dir='ltr'>πρὸς</span> <span class='ocrx_word' id='word_1_466' title='bbox 3394 3103 3488 3156; x_wconf 69' lang='grc' dir='ltr'><strong>τὸν</strong></span> <span class='ocrx_word' id='word_1_467' title='bbox 3555 3100 3650 3169; x_wconf 81' lang='grc' dir='ltr'>μέ-</span> 
     </span>
    </p>
   </div>
   <div class='ocr_carea' id='block_1_58' title="bbox 376 3191 3647 3278">
    <p class='ocr_par' dir='ltr' id='par_1_58' title="bbox 376 3191 3647 3278">
     <span class='ocr_line' id='line_1_58' title="bbox 376 3191 3647 3278; baseline -0.01 -1"><span class='ocrx_word' id='word_1_468' title='bbox 376 3208 411 3276; x_wconf 71' lang='grc' dir='ltr'>ἡ</span> <span class='ocrx_word' id='word_1_469' title='bbox 441 3205 661 3278; x_wconf 81' lang='grc' dir='ltr'>μηχανὴ</span> <span class='ocrx_word' id='word_1_470' title='bbox 714 3204 1101 3276; x_wconf 79' lang='grc' dir='ltr'>φανερωθείη’</span> <span class='ocrx_word' id='word_1_471' title='bbox 1160 3205 1257 3259; x_wconf 69' lang='grc' dir='ltr'><strong>καὶ</strong></span> <span class='ocrx_word' id='word_1_472' title='bbox 1309 3202 1756 3274; x_wconf 75' lang='grc' dir='ltr'>παραγενόμενοι</span> <span class='ocrx_word' id='word_1_473' title='bbox 1799 3201 1828 3253; x_wconf 73' lang='grc' dir='ltr'>ὁ</span> <span class='ocrx_word' id='word_1_474' title='bbox 1877 3192 2027 3272; x_wconf 62' lang='grc' dir='ltr'><strong>εἶξε</strong></span> <span class='ocrx_word' id='word_1_475' title='bbox 2060 3221 2166 3274; x_wconf 87' lang='grc' dir='ltr'><strong>γαν</strong></span> <span class='ocrx_word' id='word_1_476' title='bbox 2222 3203 2471 3274; x_wconf 80' lang='grc' dir='ltr'>ἀμηρᾶν,</span> <span class='ocrx_word' id='word_1_477' title='bbox 2527 3199 2893 3272; x_wconf 81' lang='grc' dir='ltr'>προσταξάτω</span> <span class='ocrx_word' id='word_1_478' title='bbox 2943 3198 3041 3253; x_wconf 74' lang='grc' dir='ltr'><strong>καὶ</strong></span> <span class='ocrx_word' id='word_1_479' title='bbox 3112 3196 3283 3258; x_wconf 80' lang='grc' dir='ltr'><strong>αὐτὸς</strong></span> <span class='ocrx_word' id='word_1_480' title='bbox 3351 3210 3477 3246; x_wconf 88' lang='grc' dir='ltr'>τινα</span> <span class='ocrx_word' id='word_1_481' title='bbox 3536 3191 3647 3244; x_wconf 86' lang='grc' dir='ltr'><strong>τῶν</strong></span> 
     </span>
    </p>
   </div>
   <div class='ocr_carea' id='block_1_59' title="bbox 375 3369 3649 3464">
    <p class='ocr_par' dir='ltr' id='par_1_59' title="bbox 375 3369 3649 3464">
     <span class='ocr_line' id='line_1_59' title="bbox 375 3369 3649 3464; baseline -0.008 -16"><span class='ocrx_word' id='word_1_482' title='bbox 375 3392 620 3449; x_wconf 75' lang='lat' dir='ltr'><strong>devenit.</strong></span> <span class='ocrx_word' id='word_1_483' title='bbox 675 3389 910 3462; x_wconf 74' lang='lat' dir='ltr'><strong>Rogavit</strong></span> <span class='ocrx_word' id='word_1_484' title='bbox 970 3391 1158 3464; x_wconf 83' lang='lat' dir='ltr'><strong>igitur,</strong></span> <span class='ocrx_word' id='word_1_485' title='bbox 1213 3398 1272 3444; x_wconf 82' lang='grc' dir='ltr'><strong>ιιι</strong></span> <span class='ocrx_word' id='word_1_486' title='bbox 1302 3404 1410 3459; x_wconf 82' lang='lat' dir='ltr'><strong>ego</strong></span> <span class='ocrx_word' id='word_1_487' title='bbox 1437 3403 1662 3458; x_wconf 90' lang='lat' dir='ltr'><strong>quoque</strong></span> <span class='ocrx_word' id='word_1_488' title='bbox 1708 3385 1772 3439; x_wconf 72' lang='lat' dir='ltr'><strong>ad</strong></span> <span class='ocrx_word' id='word_1_489' title='bbox 1809 3384 1955 3440; x_wconf 90' lang='lat' dir='ltr'><strong>diem</strong></span> <span class='ocrx_word' id='word_1_490' title='bbox 2059 3385 2146 3441; x_wconf 88' lang='lat' dir='ltr'><strong>bis</strong></span> <span class='ocrx_word' id='word_1_491' title='bbox 2192 3402 2296 3442; x_wconf 86' lang='lat' dir='ltr'><strong>usu</strong></span> <span class='ocrx_word' id='word_1_492' title='bbox 2370 3384 2540 3440; x_wconf 86' lang='lat' dir='ltr'><strong>venit.</strong></span> <span class='ocrx_word' id='word_1_493' title='bbox 2574 3381 2847 3449; x_wconf 87' lang='lat' dir='ltr'><strong>Deinceps</strong></span> <span class='ocrx_word' id='word_1_494' title='bbox 2906 3375 3257 3446; x_wconf 82' lang='lat' dir='ltr'><strong>metropolita</strong></span> <span class='ocrx_word' id='word_1_495' title='bbox 3310 3372 3534 3438; x_wconf 82' lang='lat' dir='ltr'><strong>Turcis,</strong></span> <span class='ocrx_word' id='word_1_496' title='bbox 3579 3369 3649 3424; x_wconf 87' lang='lat' dir='ltr'><strong>ab</strong></span> 
     </span>
    </p>
   </div>
   <div class='ocr_carea' id='block_1_60' title="bbox 376 3460 3647 3557">
    <p class='ocr_par' dir='ltr' id='par_1_60' title="bbox 376 3460 3647 3557">
     <span class='ocr_line' id='line_1_60' title="bbox 376 3460 3647 3557; baseline -0.01 -12"><span class='ocrx_word' id='word_1_497' title='bbox 376 3495 700 3557; x_wconf 70' lang='lat' dir='ltr'><strong>sequentem</strong></span> <span class='ocrx_word' id='word_1_498' title='bbox 734 3487 810 3541; x_wconf 91' lang='lat' dir='ltr'><strong>ibi</strong></span> <span class='ocrx_word' id='word_1_499' title='bbox 841 3499 1157 3539; x_wconf 84' lang='lat' dir='ltr'><strong>manerem:</strong></span> <span class='ocrx_word' id='word_1_500' title='bbox 1184 3481 1334 3551; x_wconf 84' lang='lat' dir='ltr'><strong>quod</strong></span> <span class='ocrx_word' id='word_1_501' title='bbox 1369 3482 1417 3536; x_wconf 88' lang='lat' dir='ltr'><strong>ei</strong></span> <span class='ocrx_word' id='word_1_502' title='bbox 1435 3481 1648 3536; x_wconf 85' lang='lat' dir='ltr'><strong>duabus</strong></span> <span class='ocrx_word' id='word_1_503' title='bbox 1675 3478 1745 3533; x_wconf 89' lang='lat' dir='ltr'><strong>de</strong></span> <span class='ocrx_word' id='word_1_504' title='bbox 1775 3477 1958 3532; x_wconf 79' lang='lat' dir='ltr'><strong>causis</strong></span> <span class='ocrx_word' id='word_1_505' title='bbox 2063 3494 2248 3533; x_wconf 85' lang='lat' dir='ltr'><strong>amera</strong></span> <span class='ocrx_word' id='word_1_506' title='bbox 2277 3486 2329 3531; x_wconf 89' lang='lat' dir='ltr'><strong>et</strong></span> <span class='ocrx_word' id='word_1_507' title='bbox 2361 3475 2689 3528; x_wconf 83' lang='lat' dir='ltr'><strong>Turacbane</strong></span> <span class='ocrx_word' id='word_1_508' title='bbox 2722 3471 2934 3527; x_wconf 88' lang='lat' dir='ltr'><strong>missis,</strong></span> <span class='ocrx_word' id='word_1_509' title='bbox 2976 3467 3068 3536; x_wconf 90' lang='lat' dir='ltr'><strong>qui</strong></span> <span class='ocrx_word' id='word_1_510' title='bbox 3114 3481 3327 3519; x_wconf 89' lang='lat' dir='ltr'><strong>mecum</strong></span> <span class='ocrx_word' id='word_1_511' title='bbox 3360 3474 3544 3524; x_wconf 84' lang='lat' dir='ltr'><strong>erant,</strong></span> <span class='ocrx_word' id='word_1_512' title='bbox 3577 3460 3647 3512; x_wconf 89' lang='lat' dir='ltr'><strong>ad</strong></span> 
     </span>
    </p>
   </div>
   <div class='ocr_carea' id='block_1_61' title="bbox 377 3555 3651 3652">
    <p class='ocr_par' dir='ltr' id='par_1_61' title="bbox 377 3555 3651 3652">
     <span class='ocr_line' id='line_1_61' title="bbox 377 3555 3651 3652; baseline -0.007 -21"><span class='ocrx_word' id='word_1_513' title='bbox 377 3579 654 3652; x_wconf 84' lang='lat' dir='ltr'><strong>promisi:</strong></span> <span class='ocrx_word' id='word_1_514' title='bbox 714 3594 847 3638; x_wconf 87' lang='lat' dir='ltr'><strong>una.</strong></span> <span class='ocrx_word' id='word_1_515' title='bbox 921 3585 981 3630; x_wconf 93' lang='lat' dir='ltr'><strong>ut</strong></span> <span class='ocrx_word' id='word_1_516' title='bbox 1028 3574 1330 3629; x_wconf 85' lang='lat' dir='ltr'><strong>indicarem</strong></span> <span class='ocrx_word' id='word_1_517' title='bbox 1393 3573 1620 3627; x_wconf 88' lang='lat' dir='ltr'><strong>domino</strong></span> <span class='ocrx_word' id='word_1_518' title='bbox 1670 3584 1791 3624; x_wconf 91' lang='lat' dir='ltr'><strong>meo</strong></span> <span class='ocrx_word' id='word_1_519' title='bbox 1827 3568 1958 3637; x_wconf 91' lang='lat' dir='ltr'><strong>quid</strong></span> <span class='ocrx_word' id='word_1_520' title='bbox 2062 3586 2255 3626; x_wconf 88' lang='lat' dir='ltr'><strong>eorum</strong></span> <span class='ocrx_word' id='word_1_521' title='bbox 2308 3566 2648 3633; x_wconf 58' lang='lat' dir='ltr'><strong>dmninus,‘a</strong></span> <span class='ocrx_word' id='word_1_522' title='bbox 2677 3564 2879 3633; x_wconf 79' lang='lat' dir='ltr'><strong>quibus</strong></span> <span class='ocrx_word' id='word_1_523' title='bbox 2922 3562 3074 3615; x_wconf 88' lang='lat' dir='ltr'><strong>missi</strong></span> <span class='ocrx_word' id='word_1_524' title='bbox 3109 3566 3399 3618; x_wconf 85' lang='lat' dir='ltr'><strong>venerant,</strong></span> <span class='ocrx_word' id='word_1_525' title='bbox 3437 3555 3651 3609; x_wconf 85' lang='lat' dir='ltr'><strong>litteras</strong></span> 
     </span>
    </p>
   </div>
   <div class='ocr_carea' id='block_1_62' title="bbox 377 3643 3654 3742">
    <p class='ocr_par' dir='ltr' id='par_1_62' title="bbox 377 3643 3654 3742">
     <span class='ocr_line' id='line_1_62' title="bbox 377 3643 3654 3742; baseline -0.01 -15"><span class='ocrx_word' id='word_1_526' title='bbox 377 3668 897 3742; x_wconf 77' lang='lat' dir='ltr'><strong>contigissel,‘quod</strong></span> <span class='ocrx_word' id='word_1_527' title='bbox 931 3668 980 3723; x_wconf 90' lang='lat' dir='ltr'><strong>is</strong></span> <span class='ocrx_word' id='word_1_528' title='bbox 1004 3683 1139 3723; x_wconf 88' lang='lat' dir='ltr'><strong>sane</strong></span> <span class='ocrx_word' id='word_1_529' title='bbox 1170 3683 1236 3721; x_wconf 76' lang='lat' dir='ltr'><strong>ex</strong></span> <span class='ocrx_word' id='word_1_530' title='bbox 1271 3682 1358 3720; x_wconf 90' lang='lat' dir='ltr'><strong>me</strong></span> <span class='ocrx_word' id='word_1_531' title='bbox 1395 3665 1634 3735; x_wconf 90' lang='lat' dir='ltr'><strong>primum</strong></span> <span class='ocrx_word' id='word_1_532' title='bbox 1662 3662 1957 3733; x_wconf 89' lang='lat' dir='ltr'><strong>cognovit;</strong></span> <span class='ocrx_word' id='word_1_533' title='bbox 2064 3662 2252 3717; x_wconf 83' lang='lat' dir='ltr'><strong>dedit:</strong></span> <span class='ocrx_word' id='word_1_534' title='bbox 2315 3673 2381 3712; x_wconf 90' lang='lat' dir='ltr'><strong>ac</strong></span> <span class='ocrx_word' id='word_1_535' title='bbox 2420 3659 2719 3712; x_wconf 84' lang='lat' dir='ltr'><strong>vehemens</strong></span> <span class='ocrx_word' id='word_1_536' title='bbox 2767 3668 2854 3707; x_wconf 86' lang='lat' dir='ltr'><strong>me</strong></span> <span class='ocrx_word' id='word_1_537' title='bbox 2884 3652 3059 3705; x_wconf 87' lang='lat' dir='ltr'><strong>subiit</strong></span> <span class='ocrx_word' id='word_1_538' title='bbox 3111 3647 3382 3716; x_wconf 80' lang='lat' dir='ltr'><strong>suspicio,</strong></span> <span class='ocrx_word' id='word_1_539' title='bbox 3415 3661 3482 3700; x_wconf 84' lang='lat' dir='ltr'><strong>ne</strong></span> <span class='ocrx_word' id='word_1_540' title='bbox 3510 3643 3654 3699; x_wconf 77' lang='lat' dir='ltr'><strong>forte</strong></span> 
     </span>
    </p>
   </div>
   <div class='ocr_carea' id='block_1_63' title="bbox 377 3737 3656 3828">
    <p class='ocr_par' dir='ltr' id='par_1_63' title="bbox 377 3737 3656 3828">
     <span class='ocr_line' id='line_1_63' title="bbox 377 3737 3656 3828; baseline -0.01 -8"><span class='ocrx_word' id='word_1_541' title='bbox 377 3737 573 3828; x_wconf 67' lang='lat' dir='ltr'><strong>altera,</strong></span> <span class='ocrx_word' id='word_1_542' title='bbox 615 3771 677 3818; x_wconf 89' lang='lat' dir='ltr'><strong>ut</strong></span> <span class='ocrx_word' id='word_1_543' title='bbox 708 3737 1005 3816; x_wconf 76' lang='lat' dir='ltr'><strong>consilium</strong></span> <span class='ocrx_word' id='word_1_544' title='bbox 1039 3759 1404 3828; x_wconf 68' lang='lat' dir='ltr'><strong>metropolita:</strong></span> <span class='ocrx_word' id='word_1_545' title='bbox 1424 3758 1723 3811; x_wconf 88' lang='lat' dir='ltr'><strong>discerem.</strong></span> <span class='ocrx_word' id='word_1_546' title='bbox 1758 3753 1841 3808; x_wconf 88' lang='lat' dir='ltr'><strong>Ob</strong></span> <span class='ocrx_word' id='word_1_547' title='bbox 1868 3767 1963 3807; x_wconf 87' lang='lat' dir='ltr'><strong>eas</strong></span> <span class='ocrx_word' id='word_1_548' title='bbox 2066 3753 2263 3824; x_wconf 81' lang='lat' dir='ltr'><strong>oppida</strong></span> <span class='ocrx_word' id='word_1_549' title='bbox 2303 3751 2554 3817; x_wconf 71' lang='lat' dir='ltr'><strong>quaedam</strong></span> <span class='ocrx_word' id='word_1_550' title='bbox 2619 3745 2902 3800; x_wconf 73' lang='lat' dir='ltr'><strong>Patrensis</strong></span> <span class='ocrx_word' id='word_1_551' title='bbox 2951 3743 3238 3807; x_wconf 87' lang='lat' dir='ltr'><strong>territorii,</strong></span> <span class='ocrx_word' id='word_1_552' title='bbox 3275 3747 3368 3793; x_wconf 88' lang='lat' dir='ltr'><strong>aut</strong></span> <span class='ocrx_word' id='word_1_553' title='bbox 3401 3737 3656 3796; x_wconf 82' lang='lat' dir='ltr'><strong>aliquan-</strong></span> 
     </span>
    </p>
   </div>
   <div class='ocr_carea' id='block_1_64' title="bbox 378 3828 3654 3923">
    <p class='ocr_par' dir='ltr' id='par_1_64' title="bbox 378 3828 3654 3923">
     <span class='ocr_line' id='line_1_64' title="bbox 378 3828 3654 3923; baseline -0.009 -13"><span class='ocrx_word' id='word_1_554' title='bbox 378 3856 516 3911; x_wconf 86' lang='lat' dir='ltr'><strong>duas</strong></span> <span class='ocrx_word' id='word_1_555' title='bbox 547 3869 745 3911; x_wconf 81' lang='lat' dir='ltr'><strong>causas</strong></span> <span class='ocrx_word' id='word_1_556' title='bbox 781 3853 947 3923; x_wconf 81' lang='lat' dir='ltr'><strong>igitur</strong></span> <span class='ocrx_word' id='word_1_557' title='bbox 983 3867 1111 3907; x_wconf 90' lang='lat' dir='ltr'><strong>cum</strong></span> <span class='ocrx_word' id='word_1_558' title='bbox 1145 3851 1242 3904; x_wconf 88' lang='lat' dir='ltr'><strong>illo</strong></span> <span class='ocrx_word' id='word_1_559' title='bbox 1276 3850 1477 3903; x_wconf 86' lang='lat' dir='ltr'><strong>mansi.</strong></span> <span class='ocrx_word' id='word_1_560' title='bbox 1530 3846 1652 3901; x_wconf 88' lang='lat' dir='ltr'><strong>Vidi</strong></span> <span class='ocrx_word' id='word_1_561' title='bbox 1684 3846 1759 3901; x_wconf 97' lang='lat' dir='ltr'><strong>ibi</strong></span> <span class='ocrx_word' id='word_1_562' title='bbox 1791 3845 1961 3900; x_wconf 90' lang='lat' dir='ltr'><strong>etiam</strong></span> <span class='ocrx_word' id='word_1_563' title='bbox 2066 3856 2185 3901; x_wconf 90' lang='lat' dir='ltr'><strong>tum</strong></span> <span class='ocrx_word' id='word_1_564' title='bbox 2225 3846 2475 3915; x_wconf 58' lang='lat' dir='ltr'><strong>pecuniae</strong></span> <span class='ocrx_word' id='word_1_565' title='bbox 2534 3839 2904 3911; x_wconf 82' lang='lat' dir='ltr'><strong>promisisset,</strong></span> <span class='ocrx_word' id='word_1_566' title='bbox 2939 3837 2983 3890; x_wconf 92' lang='lat' dir='ltr'><strong>si</strong></span> <span class='ocrx_word' id='word_1_567' title='bbox 3030 3850 3092 3890; x_wconf 91' lang='lat' dir='ltr'><strong>se</strong></span> <span class='ocrx_word' id='word_1_568' title='bbox 3125 3833 3179 3886; x_wconf 91' lang='lat' dir='ltr'><strong>in</strong></span> <span class='ocrx_word' id='word_1_569' title='bbox 3223 3828 3541 3899; x_wconf 81' lang='lat' dir='ltr'><strong>occupando</strong></span> <span class='ocrx_word' id='word_1_570' title='bbox 3587 3842 3654 3882; x_wconf 87' lang='lat' dir='ltr'><strong>ea</strong></span> 
     </span>
    </p>
   </div>
   <div class='ocr_carea' id='block_1_65' title="bbox 382 3923 3646 4012">
    <p class='ocr_par' dir='ltr' id='par_1_65' title="bbox 382 3923 3646 4012">
     <span class='ocr_line' id='line_1_65' title="bbox 382 3923 3646 4012; baseline -0.009 -8"><span class='ocrx_word' id='word_1_571' title='bbox 382 3948 857 4004; x_wconf 80' lang='lat' dir='ltr'><strong>intervenientem</strong></span> <span class='ocrx_word' id='word_1_572' title='bbox 919 3945 1219 4000; x_wconf 87' lang='lat' dir='ltr'><strong>Bicardum</strong></span> <span class='ocrx_word' id='word_1_573' title='bbox 1289 3942 1643 4002; x_wconf 81' lang='lat' dir='ltr'><strong>Marcellum,</strong></span> <span class='ocrx_word' id='word_1_574' title='bbox 1694 3937 1963 4007; x_wconf 83' lang='lat' dir='ltr'><strong>Naupacti</strong></span> <span class='ocrx_word' id='word_1_575' title='bbox 2068 3939 2209 4012; x_wconf 85' lang='lat' dir='ltr'><strong>urbe</strong></span> <span class='ocrx_word' id='word_1_576' title='bbox 2235 3937 2542 4005; x_wconf 68' lang='lat' dir='ltr'><strong>adiuvaret.</strong></span> <span class='ocrx_word' id='word_1_577' title='bbox 2602 3931 2714 3987; x_wconf 84' lang='lat' dir='ltr'><strong>Nec</strong></span> <span class='ocrx_word' id='word_1_578' title='bbox 2778 3928 2996 3984; x_wconf 84' lang='lat' dir='ltr'><strong>cessavi</strong></span> <span class='ocrx_word' id='word_1_579' title='bbox 3033 3923 3646 3993; x_wconf 80' lang='lat' dir='ltr'><strong>asuspicione.donec</strong></span> 
     </span>
    </p>
   </div>
   <div class='ocr_carea' id='block_1_66' title="bbox 379 4015 3656 4110">
    <p class='ocr_par' dir='ltr' id='par_1_66' title="bbox 379 4015 3656 4110">
     <span class='ocr_line' id='line_1_66' title="bbox 379 4015 3656 4110; baseline -0.008 -16"><span class='ocrx_word' id='word_1_580' title='bbox 379 4039 724 4110; x_wconf 71' lang='lat' dir='ltr'><strong>praefectum,</strong></span> <span class='ocrx_word' id='word_1_581' title='bbox 743 4054 906 4108; x_wconf 85' lang='lat' dir='ltr'><strong>quem</strong></span> <span class='ocrx_word' id='word_1_582' title='bbox 943 4037 1185 4092; x_wconf 80' lang='lat' dir='ltr'><strong>mirabar</strong></span> <span class='ocrx_word' id='word_1_583' title='bbox 1208 4035 1436 4090; x_wconf 90' lang='lat' dir='ltr'><strong>omnino</strong></span> <span class='ocrx_word' id='word_1_584' title='bbox 1466 4031 1810 4088; x_wconf 85' lang='lat' dir='ltr'><strong>simillimum</strong></span> <span class='ocrx_word' id='word_1_585' title='bbox 1843 4041 1967 4085; x_wconf 87' lang='lat' dir='ltr'><strong>esse</strong></span> <span class='ocrx_word' id='word_1_586' title='bbox 2067 4029 2477 4101; x_wconf 82' lang='lat' dir='ltr'><strong>cognovissem,</strong></span> <span class='ocrx_word' id='word_1_587' title='bbox 2505 4025 2636 4095; x_wconf 91' lang='lat' dir='ltr'><strong>quid</strong></span> <span class='ocrx_word' id='word_1_588' title='bbox 2666 4039 2743 4078; x_wconf 83' lang='lat' dir='ltr'><strong>eae</strong></span> <span class='ocrx_word' id='word_1_589' title='bbox 2770 4023 2966 4076; x_wconf 59' lang='lat' dir='ltr'><strong>litterae</strong></span> <span class='ocrx_word' id='word_1_590' title='bbox 2996 4021 3363 4075; x_wconf 73' lang='lat' dir='ltr'><strong>Continerent.</strong></span> <span class='ocrx_word' id='word_1_591' title='bbox 3392 4015 3656 4069; x_wconf 89' lang='lat' dir='ltr'><strong>multum-</strong></span> 
     </span>
    </p>
   </div>
   <div class='ocr_carea' id='block_1_67' title="bbox 380 4105 3654 4202">
    <p class='ocr_par' dir='ltr' id='par_1_67' title="bbox 380 4105 3654 4202">
     <span class='ocr_line' id='line_1_67' title="bbox 380 4105 3654 4202; baseline -0.009 -15"><span class='ocrx_word' id='word_1_592' title='bbox 380 4131 747 4202; x_wconf 72' lang='lat' dir='ltr'><strong>metmpolitae</strong></span> <span class='ocrx_word' id='word_1_593' title='bbox 770 4130 1010 4188; x_wconf 73' lang='lat' dir='ltr'><strong>Siilensi.</strong></span> <span class='ocrx_word' id='word_1_594' title='bbox 1032 4128 1343 4191; x_wconf 84' lang='lat' dir='ltr'><strong>Malatcsta,</strong></span> <span class='ocrx_word' id='word_1_595' title='bbox 1365 4142 1489 4182; x_wconf 91' lang='lat' dir='ltr'><strong>cum</strong></span> <span class='ocrx_word' id='word_1_596' title='bbox 1513 4122 1967 4181; x_wconf 88' lang='lat' dir='ltr'><strong>accubuissemus</strong></span> <span class='ocrx_word' id='word_1_597' title='bbox 2069 4140 2181 4194; x_wconf 87' lang='lat' dir='ltr'><strong>que</strong></span> <span class='ocrx_word' id='word_1_598' title='bbox 2213 4135 2396 4190; x_wconf 67' lang='lat' dir='ltr'><strong>opera:</strong></span> <span class='ocrx_word' id='word_1_599' title='bbox 2442 4118 2767 4184; x_wconf 76' lang='lat' dir='ltr'><strong>impendens</strong></span> <span class='ocrx_word' id='word_1_600' title='bbox 2798 4122 2854 4169; x_wconf 91' lang='lat' dir='ltr'><strong>et</strong></span> <span class='ocrx_word' id='word_1_601' title='bbox 2883 4129 3011 4167; x_wconf 89' lang='lat' dir='ltr'><strong>cum</strong></span> <span class='ocrx_word' id='word_1_602' title='bbox 3057 4112 3124 4166; x_wconf 91' lang='lat' dir='ltr'><strong>iis</strong></span> <span class='ocrx_word' id='word_1_603' title='bbox 3153 4109 3481 4168; x_wconf 84' lang='lat' dir='ltr'><strong>convivans,</strong></span> <span class='ocrx_word' id='word_1_604' title='bbox 3536 4105 3654 4159; x_wconf 80' lang='lat' dir='ltr'><strong>ine-</strong></span> 
     </span>
    </p>
   </div>
   <div class='ocr_carea' id='block_1_68' title="bbox 274 4194 3658 4292">
    <p class='ocr_par' dir='ltr' id='par_1_68' title="bbox 274 4194 3658 4292">
     <span class='ocr_line' id='line_1_68' title="bbox 274 4194 3658 4292; baseline -0.007 -13"><span class='ocrx_word' id='word_1_605' title='bbox 274 4219 289 4223; x_wconf 70' lang='grc'><strong>’</strong></span> <span class='ocrx_word' id='word_1_606' title='bbox 383 4238 494 4278; x_wconf 87' lang='lat' dir='ltr'><strong>una</strong></span> <span class='ocrx_word' id='word_1_607' title='bbox 534 4230 589 4278; x_wconf 89' lang='lat' dir='ltr'><strong>et</strong></span> <span class='ocrx_word' id='word_1_608' title='bbox 615 4223 1090 4292; x_wconf 88' lang='lat' dir='ltr'><strong>colloqueremur,</strong></span> <span class='ocrx_word' id='word_1_609' title='bbox 1122 4222 1177 4275; x_wconf 90' lang='lat' dir='ltr'><strong>in</strong></span> <span class='ocrx_word' id='word_1_610' title='bbox 1214 4220 1568 4276; x_wconf 84' lang='lat' dir='ltr'><strong>sermonibus</strong></span> <span class='ocrx_word' id='word_1_611' title='bbox 1600 4214 1850 4271; x_wconf 86' lang='lat' dir='ltr'><strong>studiose</strong></span> <span class='ocrx_word' id='word_1_612' title='bbox 1873 4227 1970 4267; x_wconf 84' lang='lat' dir='ltr'><strong>co-</strong></span> <span class='ocrx_word' id='word_1_613' title='bbox 2070 4216 2249 4274; x_wconf 86' lang='lat' dir='ltr'><strong>briavi</strong></span> <span class='ocrx_word' id='word_1_614' title='bbox 2290 4228 2388 4269; x_wconf 87' lang='lat' dir='ltr'><strong>eos</strong></span> <span class='ocrx_word' id='word_1_615' title='bbox 2423 4210 2680 4282; x_wconf 82' lang='lat' dir='ltr'><strong>quamvis</strong></span> <span class='ocrx_word' id='word_1_616' title='bbox 2713 4202 3112 4277; x_wconf 80' lang='lat' dir='ltr'><strong>repugnantes,</strong></span> <span class='ocrx_word' id='word_1_617' title='bbox 3145 4218 3271 4257; x_wconf 87' lang='lat' dir='ltr'><strong>cum</strong></span> <span class='ocrx_word' id='word_1_618' title='bbox 3301 4215 3410 4255; x_wconf 82' lang='lat' dir='ltr'><strong>una</strong></span> <span class='ocrx_word' id='word_1_619' title='bbox 3437 4213 3561 4252; x_wconf 76' lang='lat' dir='ltr'><strong>cum</strong></span> <span class='ocrx_word' id='word_1_620' title='bbox 3585 4194 3658 4251; x_wconf 84' lang='lat' dir='ltr'><strong>iis</strong></span> 
     </span>
    </p>
   </div>
   <div class='ocr_carea' id='block_1_69' title="bbox 382 4290 3657 4386">
    <p class='ocr_par' dir='ltr' id='par_1_69' title="bbox 382 4290 3657 4386">
     <span class='ocr_line' id='line_1_69' title="bbox 382 4290 3657 4386; baseline -0.009 -13"><span class='ocrx_word' id='word_1_621' title='bbox 382 4317 620 4373; x_wconf 87' lang='lat' dir='ltr'><strong>nabatur</strong></span> <span class='ocrx_word' id='word_1_622' title='bbox 643 4316 941 4384; x_wconf 78' lang='lat' dir='ltr'><strong>expiscari,</strong></span> <span class='ocrx_word' id='word_1_623' title='bbox 974 4331 1082 4386; x_wconf 88' lang='lat' dir='ltr'><strong>qua</strong></span> <span class='ocrx_word' id='word_1_624' title='bbox 1123 4314 1192 4369; x_wconf 89' lang='lat' dir='ltr'><strong>de</strong></span> <span class='ocrx_word' id='word_1_625' title='bbox 1231 4329 1291 4369; x_wconf 89' lang='lat' dir='ltr'><strong>re</strong></span> <span class='ocrx_word' id='word_1_626' title='bbox 1367 4300 1471 4382; x_wconf 74' lang='lat' dir='ltr'><strong>ego</strong></span> <span class='ocrx_word' id='word_1_627' title='bbox 1504 4311 1569 4365; x_wconf 88' lang='lat' dir='ltr'><strong>ad</strong></span> <span class='ocrx_word' id='word_1_628' title='bbox 1600 4323 1843 4364; x_wconf 87' lang='lat' dir='ltr'><strong>ameram</strong></span> <span class='ocrx_word' id='word_1_629' title='bbox 1865 4307 1971 4362; x_wconf 86' lang='lat' dir='ltr'><strong>iter</strong></span> <span class='ocrx_word' id='word_1_630' title='bbox 2073 4321 2343 4382; x_wconf 78' lang='lat' dir='ltr'><strong>putarem,</strong></span> <span class='ocrx_word' id='word_1_631' title='bbox 2374 4322 2479 4361; x_wconf 89' lang='lat' dir='ltr'><strong>nec</strong></span> <span class='ocrx_word' id='word_1_632' title='bbox 2506 4306 2698 4359; x_wconf 83' lang='lat' dir='ltr'><strong>aberat</strong></span> <span class='ocrx_word' id='word_1_633' title='bbox 2724 4302 2986 4364; x_wconf 88' lang='lat' dir='ltr'><strong>multum,</strong></span> <span class='ocrx_word' id='word_1_634' title='bbox 3021 4299 3154 4368; x_wconf 89' lang='lat' dir='ltr'><strong>quin</strong></span> <span class='ocrx_word' id='word_1_635' title='bbox 3179 4294 3486 4359; x_wconf 81' lang='lat' dir='ltr'><strong>inebriarer</strong></span> <span class='ocrx_word' id='word_1_636' title='bbox 3516 4290 3657 4358; x_wconf 88' lang='lat' dir='ltr'><strong>ipse.</strong></span> 
     </span>
    </p>
   </div>
   <div class='ocr_carea' id='block_1_70' title="bbox 384 4379 3665 4478">
    <p class='ocr_par' dir='ltr' id='par_1_70' title="bbox 384 4379 3665 4478">
     <span class='ocr_line' id='line_1_70' title="bbox 384 4379 3665 4478; baseline -0.009 -12"><span class='ocrx_word' id='word_1_637' title='bbox 384 4410 671 4478; x_wconf 83' lang='lat' dir='ltr'><strong>suscipere</strong></span> <span class='ocrx_word' id='word_1_638' title='bbox 708 4409 926 4473; x_wconf 84' lang='lat' dir='ltr'><strong>vellem,</strong></span> <span class='ocrx_word' id='word_1_639' title='bbox 968 4415 1138 4478; x_wconf 88' lang='lat' dir='ltr'><strong>atque</strong></span> <span class='ocrx_word' id='word_1_640' title='bbox 1167 4420 1273 4477; x_wconf 89' lang='lat' dir='ltr'><strong>ego</strong></span> <span class='ocrx_word' id='word_1_641' title='bbox 1302 4379 1548 4460; x_wconf 75' lang='lat' dir='ltr'><strong>vicissim</strong></span> <span class='ocrx_word' id='word_1_642' title='bbox 1585 4417 1652 4457; x_wconf 77' lang='lat' dir='ltr'><strong>ex</strong></span> <span class='ocrx_word' id='word_1_643' title='bbox 1686 4401 1783 4456; x_wconf 91' lang='lat' dir='ltr'><strong>illo</strong></span> <span class='ocrx_word' id='word_1_644' title='bbox 1810 4415 1967 4471; x_wconf 64' lang='lat' dir='ltr'><strong>quaa-</strong></span> <span class='ocrx_word' id='word_1_645' title='bbox 2072 4379 2154 4458; x_wconf 77' lang='lat' dir='ltr'><strong>illi</strong></span> <span class='ocrx_word' id='word_1_646' title='bbox 2176 4409 2359 4456; x_wconf 87' lang='lat' dir='ltr'><strong>autem</strong></span> <span class='ocrx_word' id='word_1_647' title='bbox 2387 4413 2452 4453; x_wconf 91' lang='lat' dir='ltr'><strong>eo</strong></span> <span class='ocrx_word' id='word_1_648' title='bbox 2466 4395 2752 4453; x_wconf 88' lang='lat' dir='ltr'><strong>ebrietatis</strong></span> <span class='ocrx_word' id='word_1_649' title='bbox 2780 4399 3202 4464; x_wconf 77' lang='lat' dir='ltr'><strong>processerunt,</strong></span> <span class='ocrx_word' id='word_1_650' title='bbox 3224 4395 3285 4465; x_wconf 87' lang='lat' dir='ltr'><strong>ut</strong></span> <span class='ocrx_word' id='word_1_651' title='bbox 3312 4379 3665 4452; x_wconf 84' lang='lat' dir='ltr'><strong>epistolasiis</strong></span> 
     </span>
    </p>
   </div>
   <div class='ocr_carea' id='block_1_71' title="bbox 384 4480 3665 4571">
    <p class='ocr_par' dir='ltr' id='par_1_71' title="bbox 384 4480 3665 4571">
     <span class='ocr_line' id='line_1_71' title="bbox 384 4480 3665 4571; baseline -0.01 -15"><span class='ocrx_word' id='word_1_652' title='bbox 384 4502 573 4557; x_wconf 83' lang='lat' dir='ltr'><strong>rebam</strong></span> <span class='ocrx_word' id='word_1_653' title='bbox 593 4500 808 4563; x_wconf 85' lang='lat' dir='ltr'><strong>audire.</strong></span> <span class='ocrx_word' id='word_1_654' title='bbox 838 4499 973 4571; x_wconf 90' lang='lat' dir='ltr'><strong>quid</strong></span> <span class='ocrx_word' id='word_1_655' title='bbox 1002 4500 1121 4570; x_wconf 81' lang='lat' dir='ltr'><strong>ipse</strong></span> <span class='ocrx_word' id='word_1_656' title='bbox 1153 4500 1220 4556; x_wconf 89' lang='lat' dir='ltr'><strong>de</strong></span> <span class='ocrx_word' id='word_1_657' title='bbox 1250 4499 1419 4555; x_wconf 76' lang='lat' dir='ltr'><strong>rebus</strong></span> <span class='ocrx_word' id='word_1_658' title='bbox 1447 4497 1714 4550; x_wconf 84' lang='lat' dir='ltr'><strong>adversus</strong></span> <span class='ocrx_word' id='word_1_659' title='bbox 1744 4493 1965 4548; x_wconf 87' lang='lat' dir='ltr'><strong>Patram</strong></span> <span class='ocrx_word' id='word_1_660' title='bbox 1992 4508 2047 4571; x_wconf 33' lang='grc' dir='ltr'><strong>ἐκ</strong></span> <span class='ocrx_word' id='word_1_661' title='bbox 2076 4493 2482 4555; x_wconf 86' lang='lat' dir='ltr'><strong>subtraherem,</strong></span> <span class='ocrx_word' id='word_1_662' title='bbox 2507 4488 2711 4559; x_wconf 90' lang='lat' dir='ltr'><strong>quibus</strong></span> <span class='ocrx_word' id='word_1_663' title='bbox 2739 4480 2902 4540; x_wconf 82' lang='lat' dir='ltr'><strong>lectis</strong></span> <span class='ocrx_word' id='word_1_664' title='bbox 2925 4493 2977 4537; x_wconf 89' lang='lat' dir='ltr'><strong>et</strong></span> <span class='ocrx_word' id='word_1_665' title='bbox 3006 4480 3298 4544; x_wconf 75' lang='lat' dir='ltr'><strong>descriptis</strong></span> <span class='ocrx_word' id='word_1_666' title='bbox 3328 4484 3665 4539; x_wconf 86' lang='lat' dir='ltr'><strong>rursumque</strong></span> 
     </span>
    </p>
   </div>
   <div class='ocr_carea' id='block_1_72' title="bbox 384 4565 3665 4669">
    <p class='ocr_par' dir='ltr' id='par_1_72' title="bbox 384 4565 3665 4669">
     <span class='ocr_line' id='line_1_72' title="bbox 384 4565 3665 4669; baseline -0.015 -6"><span class='ocrx_word' id='word_1_667' title='bbox 384 4599 554 4669; x_wconf 78' lang='lat' dir='ltr'><strong>gestis</strong></span> <span class='ocrx_word' id='word_1_668' title='bbox 609 4595 886 4652; x_wconf 74' lang='lat' dir='ltr'><strong>sentiret:</strong></span> <span class='ocrx_word' id='word_1_669' title='bbox 922 4606 1163 4663; x_wconf 85' lang='lat' dir='ltr'><strong>cumque</strong></span> <span class='ocrx_word' id='word_1_670' title='bbox 1222 4600 1417 4646; x_wconf 82' lang='lat' dir='ltr'><strong>neuter</strong></span> <span class='ocrx_word' id='word_1_671' title='bbox 1460 4603 1528 4642; x_wconf 82' lang='lat' dir='ltr'><strong>ex</strong></span> <span class='ocrx_word' id='word_1_672' title='bbox 1558 4587 1730 4641; x_wconf 81' lang='lat' dir='ltr'><strong>altero</strong></span> <span class='ocrx_word' id='word_1_673' title='bbox 1764 4584 1968 4640; x_wconf 84' lang='lat' dir='ltr'><strong>elicere</strong></span> <span class='ocrx_word' id='word_1_674' title='bbox 2001 4565 2049 4608; x_wconf 78' lang='grc' dir='ltr'><strong>ν</strong></span> <span class='ocrx_word' id='word_1_675' title='bbox 2078 4586 2407 4654; x_wconf 70' lang='lat' dir='ltr'><strong>obsignatis,</strong></span> <span class='ocrx_word' id='word_1_676' title='bbox 2462 4583 2612 4652; x_wconf 84' lang='lat' dir='ltr'><strong>ipsos</strong></span> <span class='ocrx_word' id='word_1_677' title='bbox 2648 4580 2850 4633; x_wconf 87' lang='lat' dir='ltr'><strong>missos</strong></span> <span class='ocrx_word' id='word_1_678' title='bbox 2887 4574 3013 4630; x_wconf 78' lang='lat' dir='ltr'><strong>feci.</strong></span> <span class='ocrx_word' id='word_1_679' title='bbox 3046 4571 3346 4639; x_wconf 77' lang='lat' dir='ltr'><strong>PoSIquam</strong></span> <span class='ocrx_word' id='word_1_680' title='bbox 3383 4567 3438 4619; x_wconf 90' lang='lat' dir='ltr'><strong>in</strong></span> <span class='ocrx_word' id='word_1_681' title='bbox 3474 4565 3665 4617; x_wconf 87' lang='lat' dir='ltr'><strong>urbem</strong></span> 
     </span>
    </p>
   </div>
   <div class='ocr_carea' id='block_1_73' title="bbox 383 4672 1973 4759">
    <p class='ocr_par' dir='ltr' id='par_1_73' title="bbox 383 4672 1973 4759">
     <span class='ocr_line' id='line_1_73' title="bbox 383 4672 1973 4759; baseline -0.011 -14"><span class='ocrx_word' id='word_1_682' title='bbox 383 4698 572 4759; x_wconf 79' lang='lat' dir='ltr'><strong>posset</strong></span> <span class='ocrx_word' id='word_1_683' title='bbox 632 4695 847 4743; x_wconf 85' lang='lat' dir='ltr'><strong>secreta</strong></span> <span class='ocrx_word' id='word_1_684' title='bbox 894 4686 1020 4755; x_wconf 67' lang='lat' dir='ltr'><strong>eius</strong></span> <span class='ocrx_word' id='word_1_685' title='bbox 1051 4685 1313 4749; x_wconf 88' lang='lat' dir='ltr'><strong>consilia,</strong></span> <span class='ocrx_word' id='word_1_686' title='bbox 1349 4683 1552 4737; x_wconf 85' lang='lat' dir='ltr'><strong>accidit</strong></span> <span class='ocrx_word' id='word_1_687' title='bbox 1603 4679 1785 4741; x_wconf 87' lang='lat' dir='ltr'><strong>nobis,</strong></span> <span class='ocrx_word' id='word_1_688' title='bbox 1822 4672 1973 4746; x_wconf 90' lang='lat' dir='ltr'><strong>quod</strong></span> 
     </span>
    </p>
   </div>
   <div class='ocr_carea' id='block_1_74' title="bbox 385 4767 1975 4851">
    <p class='ocr_par' dir='ltr' id='par_1_74' title="bbox 385 4767 1975 4851">
     <span class='ocr_line' id='line_1_74' title="bbox 385 4767 1975 4851; baseline -0.009 -16"><span class='ocrx_word' id='word_1_689' title='bbox 385 4781 720 4851; x_wconf 75' lang='lat' dir='ltr'><strong>quaestuosis</strong></span> <span class='ocrx_word' id='word_1_690' title='bbox 749 4774 1082 4849; x_wconf 84' lang='lat' dir='ltr'><strong>quibusdam</strong></span> <span class='ocrx_word' id='word_1_691' title='bbox 1117 4775 1319 4831; x_wconf 88' lang='lat' dir='ltr'><strong>accidit</strong></span> <span class='ocrx_word' id='word_1_692' title='bbox 1354 4782 1724 4828; x_wconf 83' lang='lat' dir='ltr'><strong>mercaturam</strong></span> <span class='ocrx_word' id='word_1_693' title='bbox 1762 4767 1975 4823; x_wconf 76' lang='lat' dir='ltr'><strong>facien-</strong></span> 
     </span>
    </p>
   </div>
   <div class='ocr_carea' id='block_1_75' title="bbox 387 4861 1960 4942">
    <p class='ocr_par' dir='ltr' id='par_1_75' title="bbox 387 4861 1960 4942">
     <span class='ocr_line' id='line_1_75' title="bbox 387 4861 1960 4942; baseline -0.01 -14"><span class='ocrx_word' id='word_1_694' title='bbox 387 4875 559 4937; x_wconf 83' lang='lat' dir='ltr'><strong>tibus,</strong></span> <span class='ocrx_word' id='word_1_695' title='bbox 604 4887 843 4942; x_wconf 89' lang='lat' dir='ltr'><strong>quorum</strong></span> <span class='ocrx_word' id='word_1_696' title='bbox 872 4872 1013 4927; x_wconf 87' lang='lat' dir='ltr'><strong>alter</strong></span> <span class='ocrx_word' id='word_1_697' title='bbox 1039 4884 1139 4940; x_wconf 91' lang='lat' dir='ltr'><strong>pro</strong></span> <span class='ocrx_word' id='word_1_698' title='bbox 1170 4868 1351 4924; x_wconf 89' lang='lat' dir='ltr'><strong>serico</strong></span> <span class='ocrx_word' id='word_1_699' title='bbox 1378 4868 1620 4936; x_wconf 73' lang='lat' dir='ltr'><strong>plantam</strong></span> <span class='ocrx_word' id='word_1_700' title='bbox 1654 4861 1960 4933; x_wconf 88' lang='lat' dir='ltr'><strong>quamdam</strong></span> 
     </span>
    </p>
   </div>
   <div class='ocr_carea' id='block_1_76' title="bbox 388 4956 1972 5034">
    <p class='ocr_par' dir='ltr' id='par_1_76' title="bbox 388 4956 1972 5034">
     <span class='ocr_line' id='line_1_76' title="bbox 388 4956 1972 5034; baseline -0.009 -13"><span class='ocrx_word' id='word_1_701' title='bbox 388 4967 724 5031; x_wconf 74' lang='lat' dir='ltr'><strong>maritimam</strong></span> <span class='ocrx_word' id='word_1_702' title='bbox 749 4964 1028 5034; x_wconf 83' lang='lat' dir='ltr'><strong>portabat,</strong></span> <span class='ocrx_word' id='word_1_703' title='bbox 1045 4964 1185 5018; x_wconf 86' lang='lat' dir='ltr'><strong>alter</strong></span> <span class='ocrx_word' id='word_1_704' title='bbox 1212 4976 1312 5031; x_wconf 92' lang='lat' dir='ltr'><strong>pro</strong></span> <span class='ocrx_word' id='word_1_705' title='bbox 1340 4960 1530 5030; x_wconf 86' lang='lat' dir='ltr'><strong>pipere</strong></span> <span class='ocrx_word' id='word_1_706' title='bbox 1555 4957 1708 5028; x_wconf 81' lang='lat' dir='ltr'><strong>junci</strong></span> <span class='ocrx_word' id='word_1_707' title='bbox 1747 4956 1972 5010; x_wconf 81' lang='lat' dir='ltr'><strong>baccam</strong></span> 
     </span>
    </p>
   </div>
   <div class='ocr_carea' id='block_1_77' title="bbox 389 5040 1977 5120">
    <p class='ocr_par' dir='ltr' id='par_1_77' title="bbox 389 5040 1977 5120">
     <span class='ocr_line' id='line_1_77' title="bbox 389 5040 1977 5120; baseline -0.01 -4"><span class='ocrx_word' id='word_1_708' title='bbox 389 5061 625 5117; x_wconf 84' lang='lat' dir='ltr'><strong>aridam.</strong></span> <span class='ocrx_word' id='word_1_709' title='bbox 666 5057 733 5112; x_wconf 84' lang='lat' dir='ltr'><strong>Hi</strong></span> <span class='ocrx_word' id='word_1_710' title='bbox 759 5073 884 5112; x_wconf 87' lang='lat' dir='ltr'><strong>cum</strong></span> <span class='ocrx_word' id='word_1_711' title='bbox 920 5057 1026 5113; x_wconf 89' lang='lat' dir='ltr'><strong>sibi</strong></span> <span class='ocrx_word' id='word_1_712' title='bbox 1051 5053 1456 5117; x_wconf 86' lang='lat' dir='ltr'><strong>occurrissent,</strong></span> <span class='ocrx_word' id='word_1_713' title='bbox 1534 5040 1977 5120; x_wconf 66' lang='lat' dir='ltr'><strong>qumSissentque</strong></span> 
     </span>
    </p>
   </div>
   <div class='ocr_carea' id='block_1_78' title="bbox 388 5137 1976 5219">
    <p class='ocr_par' dir='ltr' id='par_1_78' title="bbox 388 5137 1976 5219">
     <span class='ocr_line' id='line_1_78' title="bbox 388 5137 1976 5219; baseline -0.01 -12"><span class='ocrx_word' id='word_1_714' title='bbox 388 5152 661 5215; x_wconf 81' lang='lat' dir='ltr'><strong>vicissim,</strong></span> <span class='ocrx_word' id='word_1_715' title='bbox 696 5150 959 5219; x_wconf 89' lang='lat' dir='ltr'><strong>quidnam</strong></span> <span class='ocrx_word' id='word_1_716' title='bbox 1012 5148 1281 5202; x_wconf 89' lang='lat' dir='ltr'><strong>mercium</strong></span> <span class='ocrx_word' id='word_1_717' title='bbox 1312 5151 1625 5215; x_wconf 84' lang='lat' dir='ltr'><strong>portarent,</strong></span> <span class='ocrx_word' id='word_1_718' title='bbox 1659 5155 1806 5194; x_wconf 90' lang='lat' dir='ltr'><strong>unus</strong></span> <span class='ocrx_word' id='word_1_719' title='bbox 1837 5137 1976 5193; x_wconf 86' lang='lat' dir='ltr'><strong>seri-</strong></span> 
     </span>
    </p>
   </div>
   <div class='ocr_carea' id='block_1_79' title="bbox 391 5232 1978 5313">
    <p class='ocr_par' dir='ltr' id='par_1_79' title="bbox 391 5232 1978 5313">
     <span class='ocr_line' id='line_1_79' title="bbox 391 5232 1978 5313; baseline -0.007 -16"><span class='ocrx_word' id='word_1_720' title='bbox 391 5261 541 5311; x_wconf 78' lang='lat' dir='ltr'><strong>cum,</strong></span> <span class='ocrx_word' id='word_1_721' title='bbox 576 5244 714 5297; x_wconf 81' lang='lat' dir='ltr'><strong>alter</strong></span> <span class='ocrx_word' id='word_1_722' title='bbox 737 5244 893 5313; x_wconf 87' lang='lat' dir='ltr'><strong>piper</strong></span> <span class='ocrx_word' id='word_1_723' title='bbox 924 5241 1086 5297; x_wconf 77' lang='lat' dir='ltr'><strong>dixit.</strong></span> <span class='ocrx_word' id='word_1_724' title='bbox 1119 5241 1307 5310; x_wconf 85' lang='lat' dir='ltr'><strong>itaque</strong></span> <span class='ocrx_word' id='word_1_725' title='bbox 1338 5253 1464 5293; x_wconf 89' lang='lat' dir='ltr'><strong>cum</strong></span> <span class='ocrx_word' id='word_1_726' title='bbox 1490 5247 1723 5306; x_wconf 88' lang='lat' dir='ltr'><strong>uterque</strong></span> <span class='ocrx_word' id='word_1_727' title='bbox 1746 5232 1978 5288; x_wconf 88' lang='lat' dir='ltr'><strong>alterius</strong></span> 
     </span>
    </p>
   </div>
   <div class='ocr_carea' id='block_1_80' title="bbox 2079 4661 3665 4741">
    <p class='ocr_par' dir='ltr' id='par_1_80' title="bbox 2079 4661 3665 4741">
     <span class='ocr_line' id='line_1_80' title="bbox 2079 4661 3665 4741; baseline -0.016 -11"><span class='ocrx_word' id='word_1_728' title='bbox 2079 4679 2229 4741; x_wconf 85' lang='lat' dir='ltr'><strong>veni,</strong></span> <span class='ocrx_word' id='word_1_729' title='bbox 2270 4676 2487 4730; x_wconf 75' lang='lat' dir='ltr'><strong>Marcus</strong></span> <span class='ocrx_word' id='word_1_730' title='bbox 2528 4669 2866 4738; x_wconf 71' lang='lat' dir='ltr'><strong>Palaeologus</strong></span> <span class='ocrx_word' id='word_1_731' title='bbox 2891 4665 3108 4733; x_wconf 85' lang='lat' dir='ltr'><strong>lagrus,</strong></span> <span class='ocrx_word' id='word_1_732' title='bbox 3132 4661 3225 4730; x_wconf 87' lang='lat' dir='ltr'><strong>qui</strong></span> <span class='ocrx_word' id='word_1_733' title='bbox 3261 4671 3447 4728; x_wconf 89' lang='lat' dir='ltr'><strong>postea</strong></span> <span class='ocrx_word' id='word_1_734' title='bbox 3471 4663 3665 4724; x_wconf 87' lang='lat' dir='ltr'><strong>proto-</strong></span> 
     </span>
    </p>
   </div>
   <div class='ocr_carea' id='block_1_81' title="bbox 2082 4748 3662 4832">
    <p class='ocr_par' dir='ltr' id='par_1_81' title="bbox 2082 4748 3662 4832">
     <span class='ocr_line' id='line_1_81' title="bbox 2082 4748 3662 4832; baseline -0.018 -5"><span class='ocrx_word' id='word_1_735' title='bbox 2082 4779 2286 4828; x_wconf 88' lang='lat' dir='ltr'><strong>strator</strong></span> <span class='ocrx_word' id='word_1_736' title='bbox 2348 4767 2471 4832; x_wconf 82' lang='lat' dir='ltr'><strong>fuit,</strong></span> <span class='ocrx_word' id='word_1_737' title='bbox 2529 4774 2646 4819; x_wconf 90' lang='lat' dir='ltr'><strong>tum</strong></span> <span class='ocrx_word' id='word_1_738' title='bbox 2683 4769 2866 4815; x_wconf 86' lang='lat' dir='ltr'><strong>autem</strong></span> <span class='ocrx_word' id='word_1_739' title='bbox 2918 4750 3329 4826; x_wconf 85' lang='lat' dir='ltr'><strong>protovestiarii</strong></span> <span class='ocrx_word' id='word_1_740' title='bbox 3389 4748 3662 4817; x_wconf 75' lang='lat' dir='ltr'><strong>dignitate</strong></span> 
     </span>
    </p>
   </div>
   <div class='ocr_carea' id='block_1_82' title="bbox 2083 4844 3652 4934">
    <p class='ocr_par' dir='ltr' id='par_1_82' title="bbox 2083 4844 3652 4934">
     <span class='ocr_line' id='line_1_82' title="bbox 2083 4844 3652 4934; baseline -0.017 -14"><span class='ocrx_word' id='word_1_741' title='bbox 2083 4865 2435 4934; x_wconf 77' lang='lat' dir='ltr'><strong>fungebatur,</strong></span> <span class='ocrx_word' id='word_1_742' title='bbox 2487 4857 2779 4929; x_wconf 84' lang='lat' dir='ltr'><strong>legationis</strong></span> <span class='ocrx_word' id='word_1_743' title='bbox 2814 4854 2998 4909; x_wconf 84' lang='lat' dir='ltr'><strong>socius</strong></span> <span class='ocrx_word' id='word_1_744' title='bbox 3031 4849 3164 4903; x_wconf 88' lang='lat' dir='ltr'><strong>mihi</strong></span> <span class='ocrx_word' id='word_1_745' title='bbox 3218 4844 3513 4912; x_wconf 84' lang='lat' dir='ltr'><strong>adjunctus</strong></span> <span class='ocrx_word' id='word_1_746' title='bbox 3541 4848 3652 4893; x_wconf 88' lang='lat' dir='ltr'><strong>est.</strong></span> 
     </span>
    </p>
   </div>
   <div class='ocr_carea' id='block_1_83' title="bbox 2081 4927 3663 5011">
    <p class='ocr_par' dir='ltr' id='par_1_83' title="bbox 2081 4927 3663 5011">
     <span class='ocr_line' id='line_1_83' title="bbox 2081 4927 3663 5011; baseline -0.019 -2"><span class='ocrx_word' id='word_1_747' title='bbox 2081 4954 2134 5009; x_wconf 87' lang='lat' dir='ltr'><strong>ls</strong></span> <span class='ocrx_word' id='word_1_748' title='bbox 2171 4927 2384 5008; x_wconf 66' lang='lat' dir='ltr'><strong>tantum</strong></span> <span class='ocrx_word' id='word_1_749' title='bbox 2414 4927 2627 5009; x_wconf 74' lang='lat' dir='ltr'><strong>aberat.</strong></span> <span class='ocrx_word' id='word_1_750' title='bbox 2648 4943 3045 5011; x_wconf 83' lang='lat' dir='ltr'><strong>utinejuvaret</strong></span> <span class='ocrx_word' id='word_1_751' title='bbox 3066 4939 3121 4992; x_wconf 90' lang='lat' dir='ltr'><strong>in</strong></span> <span class='ocrx_word' id='word_1_752' title='bbox 3152 4937 3394 5004; x_wconf 88' lang='lat' dir='ltr'><strong>negotio,</strong></span> <span class='ocrx_word' id='word_1_753' title='bbox 3429 4927 3663 4997; x_wconf 84' lang='lat' dir='ltr'><strong>obquod</strong></span> 
     </span>
    </p>
   </div>
   <div class='ocr_carea' id='block_1_84' title="bbox 2079 5018 3667 5107">
    <p class='ocr_par' dir='ltr' id='par_1_84' title="bbox 2079 5018 3667 5107">
     <span class='ocr_line' id='line_1_84' title="bbox 2079 5018 3667 5107; baseline -0.019 -8"><span class='ocrx_word' id='word_1_754' title='bbox 2079 5059 2368 5107; x_wconf 76' lang='lat' dir='ltr'><strong>veneram,</strong></span> <span class='ocrx_word' id='word_1_755' title='bbox 2410 5051 2468 5097; x_wconf 94' lang='lat' dir='ltr'><strong>ut</strong></span> <span class='ocrx_word' id='word_1_756' title='bbox 2497 5042 2884 5095; x_wconf 82' lang='lat' dir='ltr'><strong>adversaretur</strong></span> <span class='ocrx_word' id='word_1_757' title='bbox 2911 5031 3044 5087; x_wconf 87' lang='lat' dir='ltr'><strong>mihi</strong></span> <span class='ocrx_word' id='word_1_758' title='bbox 3075 5047 3088 5081; x_wconf 88' lang='lat'><strong>:</strong></span> <span class='ocrx_word' id='word_1_759' title='bbox 3123 5021 3414 5095; x_wconf 63' lang='lat' dir='ltr'><strong>cuquego</strong></span> <span class='ocrx_word' id='word_1_760' title='bbox 3433 5021 3507 5076; x_wconf 85' lang='lat' dir='ltr'><strong>rei</strong></span> <span class='ocrx_word' id='word_1_761' title='bbox 3543 5018 3667 5072; x_wconf 90' lang='lat' dir='ltr'><strong>nul-</strong></span> 
     </span>
    </p>
   </div>
   <div class='ocr_carea' id='block_1_85' title="bbox 2080 5112 3672 5194">
    <p class='ocr_par' dir='ltr' id='par_1_85' title="bbox 2080 5112 3672 5194">
     <span class='ocr_line' id='line_1_85' title="bbox 2080 5112 3672 5194; baseline -0.02 0"><span class='ocrx_word' id='word_1_762' title='bbox 2080 5139 2193 5194; x_wconf 90' lang='lat' dir='ltr'><strong>lam</strong></span> <span class='ocrx_word' id='word_1_763' title='bbox 2237 5137 2397 5191; x_wconf 86' lang='lat' dir='ltr'><strong>aliam</strong></span> <span class='ocrx_word' id='word_1_764' title='bbox 2461 5142 2685 5189; x_wconf 79' lang='lat' dir='ltr'><strong>causam</strong></span> <span class='ocrx_word' id='word_1_765' title='bbox 2748 5126 2897 5190; x_wconf 89' lang='lat' dir='ltr'><strong>novi,</strong></span> <span class='ocrx_word' id='word_1_766' title='bbox 2937 5122 3044 5178; x_wconf 90' lang='lat' dir='ltr'><strong>nisi</strong></span> <span class='ocrx_word' id='word_1_767' title='bbox 3083 5118 3227 5188; x_wconf 89' lang='lat' dir='ltr'><strong>quod</strong></span> <span class='ocrx_word' id='word_1_768' title='bbox 3259 5115 3464 5170; x_wconf 88' lang='lat' dir='ltr'><strong>invidia</strong></span> <span class='ocrx_word' id='word_1_769' title='bbox 3495 5112 3672 5164; x_wconf 86' lang='lat' dir='ltr'><strong>bono-</strong></span> 
     </span>
    </p>
   </div>
   <div class='ocr_carea' id='block_1_86' title="bbox 2088 5203 3670 5284">
    <p class='ocr_par' dir='ltr' id='par_1_86' title="bbox 2088 5203 3670 5284">
     <span class='ocr_line' id='line_1_86' title="bbox 2088 5203 3670 5284; baseline -0.02 0"><span class='ocrx_word' id='word_1_770' title='bbox 2088 5244 2212 5284; x_wconf 88' lang='lat' dir='ltr'><strong>rare</strong></span> <span class='ocrx_word' id='word_1_771' title='bbox 2240 5225 2533 5281; x_wconf 82' lang='lat' dir='ltr'><strong>utilitatem</strong></span> <span class='ocrx_word' id='word_1_772' title='bbox 2563 5236 2671 5276; x_wconf 89' lang='lat' dir='ltr'><strong>non</strong></span> <span class='ocrx_word' id='word_1_773' title='bbox 2718 5215 3029 5273; x_wconf 88' lang='lat' dir='ltr'><strong>consuevit.</strong></span> <span class='ocrx_word' id='word_1_774' title='bbox 3077 5208 3196 5265; x_wconf 88' lang='lat' dir='ltr'><strong>Una</strong></span> <span class='ocrx_word' id='word_1_775' title='bbox 3226 5208 3398 5277; x_wconf 78' lang='lat' dir='ltr'><strong>igitur</strong></span> <span class='ocrx_word' id='word_1_776' title='bbox 3422 5203 3487 5257; x_wconf 82' lang='lat' dir='ltr'><strong>ad</strong></span> <span class='ocrx_word' id='word_1_777' title='bbox 3516 5216 3670 5256; x_wconf 80' lang='lat' dir='ltr'><strong>ame-</strong></span> 
     </span>
    </p>
   </div>
   <div class='ocr_carea' id='block_1_87' title="bbox 390 5294 3667 5403">
    <p class='ocr_par' dir='ltr' id='par_1_87' title="bbox 390 5294 3667 5403">
     <span class='ocr_line' id='line_1_87' title="bbox 390 5294 3667 5403; baseline -0.014 -11"><span class='ocrx_word' id='word_1_778' title='bbox 390 5336 687 5393; x_wconf 75' lang='lat' dir='ltr'><strong>deludendi</strong></span> <span class='ocrx_word' id='word_1_779' title='bbox 742 5335 975 5403; x_wconf 86' lang='lat' dir='ltr'><strong>cupidus</strong></span> <span class='ocrx_word' id='word_1_780' title='bbox 1037 5294 1234 5396; x_wconf 35' lang='lat' dir='ltr'><strong>esset:</strong></span> <span class='ocrx_word' id='word_1_781' title='bbox 1269 5329 1532 5386; x_wconf 89' lang='lat' dir='ltr'><strong>convenit</strong></span> <span class='ocrx_word' id='word_1_782' title='bbox 1589 5329 1735 5383; x_wconf 87' lang='lat' dir='ltr'><strong>inter</strong></span> <span class='ocrx_word' id='word_1_783' title='bbox 1769 5340 1891 5386; x_wconf 86' lang='lat' dir='ltr'><strong>eos.</strong></span> <span class='ocrx_word' id='word_1_784' title='bbox 1918 5332 1981 5380; x_wconf 88' lang='lat' dir='ltr'><strong>ut</strong></span> <span class='ocrx_word' id='word_1_785' title='bbox 2083 5335 2201 5375; x_wconf 88' lang='lat' dir='ltr'><strong>ram</strong></span> <span class='ocrx_word' id='word_1_786' title='bbox 2235 5314 2487 5389; x_wconf 81' lang='lat' dir='ltr'><strong>profecti,</strong></span> <span class='ocrx_word' id='word_1_787' title='bbox 2543 5322 2869 5382; x_wconf 90' lang='lat' dir='ltr'><strong>responsum</strong></span> <span class='ocrx_word' id='word_1_788' title='bbox 2930 5303 3180 5365; x_wconf 88' lang='lat' dir='ltr'><strong>tulimus,</strong></span> <span class='ocrx_word' id='word_1_789' title='bbox 3219 5295 3541 5403; x_wconf 48' lang='lat' dir='ltr'><strong>utIPatram</strong></span> <span class='ocrx_word' id='word_1_790' title='bbox 3577 5294 3667 5394; x_wconf 74' lang='lat' dir='ltr'><strong>iis,</strong></span> 
     </span>
    </p>
   </div>
   <div class='ocr_carea' id='block_1_88' title="bbox 391 5416 1971 5498">
    <p class='ocr_par' dir='ltr' id='par_1_88' title="bbox 391 5416 1971 5498">
     <span class='ocr_line' id='line_1_88' title="bbox 391 5416 1971 5498; baseline -0.009 -14"><span class='ocrx_word' id='word_1_791' title='bbox 391 5436 779 5498; x_wconf 89' lang='lat' dir='ltr'><strong>permutarent</strong></span> <span class='ocrx_word' id='word_1_792' title='bbox 808 5440 1045 5490; x_wconf 81' lang='lat' dir='ltr'><strong>merces,</strong></span> <span class='ocrx_word' id='word_1_793' title='bbox 1071 5434 1239 5494; x_wconf 87' lang='lat' dir='ltr'><strong>atque</strong></span> <span class='ocrx_word' id='word_1_794' title='bbox 1274 5428 1506 5489; x_wconf 90' lang='lat' dir='ltr'><strong>uterque</strong></span> <span class='ocrx_word' id='word_1_795' title='bbox 1529 5418 1659 5490; x_wconf 90' lang='lat' dir='ltr'><strong>quid</strong></span> <span class='ocrx_word' id='word_1_796' title='bbox 1692 5416 1839 5471; x_wconf 84' lang='lat' dir='ltr'><strong>alter</strong></span> <span class='ocrx_word' id='word_1_797' title='bbox 1869 5416 1971 5469; x_wconf 87' lang='lat' dir='ltr'><strong>ha-</strong></span> 
     </span>
    </p>
   </div>
   <div class='ocr_carea' id='block_1_89' title="bbox 387 5507 1974 5590">
    <p class='ocr_par' dir='ltr' id='par_1_89' title="bbox 387 5507 1974 5590">
     <span class='ocr_line' id='line_1_89' title="bbox 387 5507 1974 5590; baseline -0.01 -14"><span class='ocrx_word' id='word_1_798' title='bbox 387 5522 543 5577; x_wconf 88' lang='lat' dir='ltr'><strong>beret</strong></span> <span class='ocrx_word' id='word_1_799' title='bbox 598 5520 844 5590; x_wconf 82' lang='lat' dir='ltr'><strong>ignarus,</strong></span> <span class='ocrx_word' id='word_1_800' title='bbox 869 5520 990 5590; x_wconf 82' lang='lat' dir='ltr'><strong>ejus</strong></span> <span class='ocrx_word' id='word_1_801' title='bbox 1048 5533 1191 5573; x_wconf 91' lang='lat' dir='ltr'><strong>onus</strong></span> <span class='ocrx_word' id='word_1_802' title='bbox 1219 5515 1436 5585; x_wconf 86' lang='lat' dir='ltr'><strong>accepit</strong></span> <span class='ocrx_word' id='word_1_803' title='bbox 1479 5512 1776 5580; x_wconf 85' lang='lat' dir='ltr'><strong>abibatque</strong></span> <span class='ocrx_word' id='word_1_804' title='bbox 1818 5507 1974 5563; x_wconf 81' lang='lat' dir='ltr'><strong>festi-</strong></span> 
     </span>
    </p>
   </div>
   <div class='ocr_carea' id='block_1_90' title="bbox 391 5601 1975 5683">
    <p class='ocr_par' dir='ltr' id='par_1_90' title="bbox 391 5601 1975 5683">
     <span class='ocr_line' id='line_1_90' title="bbox 391 5601 1975 5683; baseline -0.008 -15"><span class='ocrx_word' id='word_1_805' title='bbox 391 5622 608 5675; x_wconf 85' lang='lat' dir='ltr'><strong>nanter,</strong></span> <span class='ocrx_word' id='word_1_806' title='bbox 636 5620 698 5667; x_wconf 85' lang='lat' dir='ltr'><strong>ut</strong></span> <span class='ocrx_word' id='word_1_807' title='bbox 720 5611 885 5683; x_wconf 86' lang='lat' dir='ltr'><strong>longe</strong></span> <span class='ocrx_word' id='word_1_808' title='bbox 911 5611 1191 5667; x_wconf 87' lang='lat' dir='ltr'><strong>recederet</strong></span> <span class='ocrx_word' id='word_1_809' title='bbox 1217 5623 1286 5663; x_wconf 83' lang='lat' dir='ltr'><strong>ne</strong></span> <span class='ocrx_word' id='word_1_810' title='bbox 1301 5607 1458 5662; x_wconf 80' lang='lat' dir='ltr'><strong>fraus</strong></span> <span class='ocrx_word' id='word_1_811' title='bbox 1476 5607 1631 5661; x_wconf 82' lang='lat' dir='ltr'><strong>ﬁeret</strong></span> <span class='ocrx_word' id='word_1_812' title='bbox 1661 5601 1975 5658; x_wconf 80' lang='lat' dir='ltr'><strong>manifesta.</strong></span> 
     </span>
    </p>
   </div>
   <div class='ocr_carea' id='block_1_91' title="bbox 391 5695 1977 5775">
    <p class='ocr_par' dir='ltr' id='par_1_91' title="bbox 391 5695 1977 5775">
     <span class='ocr_line' id='line_1_91' title="bbox 391 5695 1977 5775; baseline -0.007 -17"><span class='ocrx_word' id='word_1_813' title='bbox 391 5705 606 5761; x_wconf 89' lang='lat' dir='ltr'><strong>Diversi</strong></span> <span class='ocrx_word' id='word_1_814' title='bbox 671 5704 845 5775; x_wconf 78' lang='lat' dir='ltr'><strong>igitur</strong></span> <span class='ocrx_word' id='word_1_815' title='bbox 896 5720 1019 5761; x_wconf 89' lang='lat' dir='ltr'><strong>cum</strong></span> <span class='ocrx_word' id='word_1_816' title='bbox 1082 5702 1351 5759; x_wconf 87' lang='lat' dir='ltr'><strong>abiisscnt</strong></span> <span class='ocrx_word' id='word_1_817' title='bbox 1375 5709 1431 5756; x_wconf 94' lang='lat' dir='ltr'><strong>et</strong></span> <span class='ocrx_word' id='word_1_818' title='bbox 1469 5700 1637 5770; x_wconf 90' lang='lat' dir='ltr'><strong>longo</strong></span> <span class='ocrx_word' id='word_1_819' title='bbox 1664 5696 1777 5767; x_wconf 82' lang='lat' dir='ltr'><strong>jam</strong></span> <span class='ocrx_word' id='word_1_820' title='bbox 1804 5695 1977 5750; x_wconf 86' lang='lat' dir='ltr'><strong>inter-</strong></span> 
     </span>
    </p>
   </div>
   <div class='ocr_carea' id='block_1_92' title="bbox 389 5786 1977 5868">
    <p class='ocr_par' dir='ltr' id='par_1_92' title="bbox 389 5786 1977 5868">
     <span class='ocr_line' id='line_1_92' title="bbox 389 5786 1977 5868; baseline -0.007 -16"><span class='ocrx_word' id='word_1_821' title='bbox 389 5797 536 5853; x_wconf 80' lang='lat' dir='ltr'><strong>vallo</strong></span> <span class='ocrx_word' id='word_1_822' title='bbox 592 5797 899 5864; x_wconf 86' lang='lat' dir='ltr'><strong>distarent,</strong></span> <span class='ocrx_word' id='word_1_823' title='bbox 935 5805 1218 5868; x_wconf 88' lang='lat' dir='ltr'><strong>postremo</strong></span> <span class='ocrx_word' id='word_1_824' title='bbox 1271 5792 1477 5863; x_wconf 88' lang='lat' dir='ltr'><strong>apertis</strong></span> <span class='ocrx_word' id='word_1_825' title='bbox 1526 5789 1791 5855; x_wconf 82' lang='lat' dir='ltr'><strong>sarcinis,</strong></span> <span class='ocrx_word' id='word_1_826' title='bbox 1829 5786 1977 5857; x_wconf 89' lang='lat' dir='ltr'><strong>quod</strong></span> 
     </span>
    </p>
   </div>
   <div class='ocr_carea' id='block_1_93' title="bbox 389 5881 1971 5962">
    <p class='ocr_par' dir='ltr' id='par_1_93' title="bbox 389 5881 1971 5962">
     <span class='ocr_line' id='line_1_93' title="bbox 389 5881 1971 5962; baseline -0.006 -15"><span class='ocrx_word' id='word_1_827' title='bbox 389 5889 717 5962; x_wconf 71' lang='lat' dir='ltr'><strong>quar&#39;ebant</strong></span> <span class='ocrx_word' id='word_1_828' title='bbox 772 5890 917 5946; x_wconf 87' lang='lat' dir='ltr'><strong>baud</strong></span> <span class='ocrx_word' id='word_1_829' title='bbox 951 5896 1299 5962; x_wconf 83' lang='lat' dir='ltr'><strong>repererunt.</strong></span> <span class='ocrx_word' id='word_1_830' title='bbox 1330 5886 1465 5944; x_wconf 84' lang='lat' dir='ltr'><strong>Tale</strong></span> <span class='ocrx_word' id='word_1_831' title='bbox 1495 5883 1632 5956; x_wconf 89' lang='lat' dir='ltr'><strong>quid</strong></span> <span class='ocrx_word' id='word_1_832' title='bbox 1669 5881 1838 5940; x_wconf 83' lang='lat' dir='ltr'><strong>etiam</strong></span> <span class='ocrx_word' id='word_1_833' title='bbox 1871 5895 1971 5937; x_wconf 87' lang='lat' dir='ltr'><strong>no-</strong></span> 
     </span>
    </p>
   </div>
   <div class='ocr_carea' id='block_1_94' title="bbox 2083 5381 3673 5481">
    <p class='ocr_par' dir='ltr' id='par_1_94' title="bbox 2083 5381 3673 5481">
     <span class='ocr_line' id='line_1_94' title="bbox 2083 5381 3673 5481; baseline -0.021 -13"><span class='ocrx_word' id='word_1_834' title='bbox 2083 5381 2321 5481; x_wconf 81' lang='lat' dir='ltr'><strong>quorum</strong></span> <span class='ocrx_word' id='word_1_835' title='bbox 2382 5381 2596 5464; x_wconf 77' lang='lat' dir='ltr'><strong>fuisset,</strong></span> <span class='ocrx_word' id='word_1_836' title='bbox 2640 5381 3100 5457; x_wconf 74' lang='lat' dir='ltr'><strong>restitueremus;</strong></span> <span class='ocrx_word' id='word_1_837' title='bbox 3145 5407 3252 5461; x_wconf 79' lang='lat' dir='ltr'><strong>qua</strong></span> <span class='ocrx_word' id='word_1_838' title='bbox 3276 5387 3344 5443; x_wconf 90' lang='lat' dir='ltr'><strong>de</strong></span> <span class='ocrx_word' id='word_1_839' title='bbox 3387 5403 3446 5442; x_wconf 87' lang='lat' dir='ltr'><strong>re</strong></span> <span class='ocrx_word' id='word_1_840' title='bbox 3473 5397 3574 5455; x_wconf 78' lang='lat' dir='ltr'><strong>ego</strong></span> <span class='ocrx_word' id='word_1_841' title='bbox 3597 5381 3673 5457; x_wconf 69' lang='lat' dir='ltr'><strong>ei,</strong></span> 
     </span>
    </p>
   </div>
   <div class='ocr_carea' id='block_1_95' title="bbox 2084 5471 3671 5574">
    <p class='ocr_par' dir='ltr' id='par_1_95' title="bbox 2084 5471 3671 5574">
     <span class='ocr_line' id='line_1_95' title="bbox 2084 5471 3671 5574; baseline -0.02 -15"><span class='ocrx_word' id='word_1_842' title='bbox 2084 5471 2178 5574; x_wconf 75' lang='lat' dir='ltr'><strong>qui</strong></span> <span class='ocrx_word' id='word_1_843' title='bbox 2199 5513 2399 5556; x_wconf 71' lang='lat' dir='ltr'><strong>amere:</strong></span> <span class='ocrx_word' id='word_1_844' title='bbox 2434 5497 2650 5567; x_wconf 88' lang='lat' dir='ltr'><strong>primus</strong></span> <span class='ocrx_word' id='word_1_845' title='bbox 2674 5500 2793 5549; x_wconf 90' lang='lat' dir='ltr'><strong>erat</strong></span> <span class='ocrx_word' id='word_1_846' title='bbox 2822 5505 2853 5544; x_wconf 90' lang='lat' dir='ltr'><strong>a</strong></span> <span class='ocrx_word' id='word_1_847' title='bbox 2883 5487 3155 5550; x_wconf 85' lang='lat' dir='ltr'><strong>consiliis,</strong></span> <span class='ocrx_word' id='word_1_848' title='bbox 3183 5471 3671 5546; x_wconf 81' lang='lat' dir='ltr'><strong>lbraemi-pasiani</strong></span> 
     </span>
    </p>
   </div>
   <div class='ocr_carea' id='block_1_96' title="bbox 2086 5573 3669 5659">
    <p class='ocr_par' dir='ltr' id='par_1_96' title="bbox 2086 5573 3669 5659">
     <span class='ocr_line' id='line_1_96' title="bbox 2086 5573 3669 5659; baseline -0.021 -7"><span class='ocrx_word' id='word_1_849' title='bbox 2086 5573 2330 5659; x_wconf 84' lang='lat' dir='ltr'><strong>nomine,</strong></span> <span class='ocrx_word' id='word_1_850' title='bbox 2367 5589 2540 5654; x_wconf 80' lang='lat' dir='ltr'><strong>edixi,</strong></span> <span class='ocrx_word' id='word_1_851' title='bbox 2577 5587 2686 5642; x_wconf 83' lang='lat' dir='ltr'><strong>tale</strong></span> <span class='ocrx_word' id='word_1_852' title='bbox 2723 5597 3050 5654; x_wconf 83' lang='lat' dir='ltr'><strong>responsum</strong></span> <span class='ocrx_word' id='word_1_853' title='bbox 3086 5593 3196 5634; x_wconf 91' lang='lat' dir='ltr'><strong>non</strong></span> <span class='ocrx_word' id='word_1_854' title='bbox 3228 5573 3431 5630; x_wconf 86' lang='lat' dir='ltr'><strong>audere</strong></span> <span class='ocrx_word' id='word_1_855' title='bbox 3467 5582 3553 5622; x_wconf 92' lang='lat' dir='ltr'><strong>me</strong></span> <span class='ocrx_word' id='word_1_856' title='bbox 3580 5580 3669 5620; x_wconf 88' lang='lat' dir='ltr'><strong>re-</strong></span> 
     </span>
    </p>
   </div>
   <div class='ocr_carea' id='block_1_97' title="bbox 2086 5655 3668 5746">
    <p class='ocr_par' dir='ltr' id='par_1_97' title="bbox 2086 5655 3668 5746">
     <span class='ocr_line' id='line_1_97' title="bbox 2086 5655 3668 5746; baseline -0.023 1"><span class='ocrx_word' id='word_1_857' title='bbox 2086 5690 2234 5746; x_wconf 80' lang='lat' dir='ltr'><strong>ferre</strong></span> <span class='ocrx_word' id='word_1_858' title='bbox 2260 5687 2329 5743; x_wconf 86' lang='lat' dir='ltr'><strong>ad</strong></span> <span class='ocrx_word' id='word_1_859' title='bbox 2390 5683 2676 5740; x_wconf 88' lang='lat' dir='ltr'><strong>dominum</strong></span> <span class='ocrx_word' id='word_1_860' title='bbox 2714 5693 2896 5734; x_wconf 78' lang='lat' dir='ltr'><strong>meum</strong></span> <span class='ocrx_word' id='word_1_861' title='bbox 2925 5694 2939 5731; x_wconf 90' lang='lat'><strong>:</strong></span> <span class='ocrx_word' id='word_1_862' title='bbox 2977 5687 3167 5729; x_wconf 90' lang='lat' dir='ltr'><strong>verum</strong></span> <span class='ocrx_word' id='word_1_863' title='bbox 3203 5664 3411 5728; x_wconf 76' lang='lat' dir='ltr'><strong>tamen,</strong></span> <span class='ocrx_word' id='word_1_864' title='bbox 3442 5674 3567 5715; x_wconf 91' lang='lat' dir='ltr'><strong>cum</strong></span> <span class='ocrx_word' id='word_1_865' title='bbox 3597 5655 3668 5712; x_wconf 87' lang='lat' dir='ltr'><strong>ad</strong></span> 
     </span>
    </p>
   </div>
   <div class='ocr_carea' id='block_1_98' title="bbox 2087 5752 3708 5856">
    <p class='ocr_par' dir='ltr' id='par_1_98' title="bbox 2087 5752 3708 5856">
     <span class='ocr_line' id='line_1_98' title="bbox 2087 5752 3708 5856; baseline -0.024 -15"><span class='ocrx_word' id='word_1_866' title='bbox 2087 5797 2348 5856; x_wconf 82' lang='lat' dir='ltr'><strong>magnum</strong></span> <span class='ocrx_word' id='word_1_867' title='bbox 2374 5792 2618 5835; x_wconf 81' lang='lat' dir='ltr'><strong>arceram</strong></span> <span class='ocrx_word' id='word_1_868' title='bbox 2647 5775 2737 5831; x_wconf 89' lang='lat' dir='ltr'><strong>ille</strong></span> <span class='ocrx_word' id='word_1_869' title='bbox 2774 5788 2859 5828; x_wconf 91' lang='lat' dir='ltr'><strong>me</strong></span> <span class='ocrx_word' id='word_1_870' title='bbox 2882 5769 3149 5830; x_wconf 85' lang='lat' dir='ltr'><strong>misisset,</strong></span> <span class='ocrx_word' id='word_1_871' title='bbox 3180 5763 3298 5832; x_wconf 88' lang='lat' dir='ltr'><strong>ipse</strong></span> <span class='ocrx_word' id='word_1_872' title='bbox 3340 5752 3663 5827; x_wconf 85' lang='lat' dir='ltr'><strong>quempiam</strong></span> <span class='ocrx_word' id='word_1_873' title='bbox 3704 5783 3708 5788; x_wconf 90' lang='lat'><strong><em>-</em></strong></span> 
     </span>
    </p>
   </div>
   <div class='ocr_carea' id='block_1_99' title="bbox 2089 5850 3674 5945">
    <p class='ocr_par' dir='ltr' id='par_1_99' title="bbox 2089 5850 3674 5945">
     <span class='ocr_line' id='line_1_99' title="bbox 2089 5850 3674 5945; baseline -0.023 -11"><span class='ocrx_word' id='word_1_874' title='bbox 2089 5850 2301 5934; x_wconf 71' lang='lat' dir='ltr'><strong>mecum</strong></span> <span class='ocrx_word' id='word_1_875' title='bbox 2342 5872 2563 5945; x_wconf 71' lang='lat' dir='ltr'><strong>iuberet</strong></span> <span class='ocrx_word' id='word_1_876' title='bbox 2601 5868 2777 5935; x_wconf 84' lang='lat' dir='ltr'><strong>abire,</strong></span> <span class='ocrx_word' id='word_1_877' title='bbox 2809 5863 2900 5936; x_wconf 87' lang='lat' dir='ltr'><strong>qui</strong></span> <span class='ocrx_word' id='word_1_878' title='bbox 2947 5858 3352 5933; x_wconf 80' lang='lat' dir='ltr'><strong>maguiamera:</strong></span> <span class='ocrx_word' id='word_1_879' title='bbox 3383 5850 3674 5904; x_wconf 83' lang='lat' dir='ltr'><strong>decretum</strong></span> 
     </span>
    </p>
   </div>
  </div>
