3964 6426
316 396 425 464 ’165

1333 395 1780 458 ΟΠΒΟΝΙΟΟΝ
1825 395 2100 458 MAIUS.
2135 422 2204 434 -
2233 399 2380 461 LIB.
2421 401 2498 463 ΙΙ.

3477 402 3583 464 ’ἱϐθ

318 509 492 581 αὐτῆς
521 509 701 564 πάντα
729 507 804 570 ὡς
831 508 962 562 ἴδιον
994 505 1156 579 156
1192 507 1358 561 αὐτοῦ
1388 507 1575 577 κτῆμα
1628 510 1656 561 6
1708 507 1899 561 δεσπό-
1931 516 1976 571 Α
2006 514 2128 583 ἐμοὶ
2155 513 2384 583 μήνυμα
2432 513 2583 583 παρὰ
2632 512 2728 566 τοῦ
2773 515 3036 570 αὐθέντοο
3102 531 3206 584 μου
3248 513 3317 568 δι’
3365 513 3602 568 ἐκείνου

317 618 420 668 της
469 601 576 668 κὺρ
628 598 974 668 ’Δνδρόνικος
1037 603 1151 660 τοῖς
1205 599 1488 662 Ἐνετίοις.
1524 598 1638 652 Νῦν
1690 599 1748 652 δὲ
1802 601 1902 652 οὐκ

319 692 548 758 ἔξεστιν,
583 691 732 745 ἐάσω
761 691 936 761 αὐτὴν
966 693 1022 743 ἐν
1053 692 1206 760 μέσῳ
1251 692 1346 745 τοῦ
1388 691 1554 743 τόπου
1586 691 1744 760 ἡμῶν
1807 694 1903 747 καὶ

319 788 477 854 ὑμῶν
507 787 776 857 ἄρχεσθαι
825 787 930 839 ὑπὸ
961 788 1070 840 τῶν
1115 787 1365 840 Ἐνετῶν.
1407 807 1426 840 ι
1463 789 1574 841 Καὶ⁹
1602 785 1776 848 οὕτως
1825 783 1902 854 τῷ

331 879 634 951 Ἀπριλλίῳ
697 881 830 950 μηνὶ
899 879 996 932 τοῦ
1047 879 1212 933 αὐτοῦ
1263 880 1418 943 ἔτους
1475 879 1751 949 παρέλασε
1802 879 1902 950 τὴν

319 971 642 1042 θαυμαστὴν
668 971 1077 1038 Θεσσαλονίκην
1119 974 1147 1025 6
1180 974 1404 1042 άμηρᾶς
1431 972 1679 1042 πολέμῳ.

397 1063 460 1117 '0
483 1063 538 1115 δέ
572 1063 845 1131 δεσπότης
879 1065 972 1116 καὶ
1011 1063 1280 1131 αὐθέντης
1315 1081 1415 1130 μου
1447 1064 1554 1133 κὺρ
1608 1066 1901 1118 Κωνσταν-

319 1155 462 1214 τῖνος
489 1154 654 1224 Μαΐῳ
673 1154 768 1206 τοῦ
791 1153 958 1206 αὐτοῦ
978 1155 1132 1217 ἔτους
1161 1155 1437 1223 παρέλαϐε
1468 1155 1525 1207 τὸ
1545 1157 1643 1224 τῆς
1678 1157 1900 1226 Πάτρας

326 1240 620 1316 πολίχνιονς
645 1247 805 1316 λιμοῦ
836 1248 984 1320 αἰτίᾳ
1011 1250 1106 1300 καὶ
1137 1251 1304 1318 ἄλλης
1363 1249 1736 1313 κακοπαθείας
1790 1251 1899 1303 τῶν

324 1337 470 1389 ἔνδον
502 1336 689 1392 αὐτοῦ.
726 1341 836 1392 Καὶ
873 1343 940 1410 τῇ
988 1341 1188 1410 δεκάτῃ
1230 1341 1434 1413 ἐϐδόμῃ
1516 1341 1738 1394 Ὶουλίου
1801 1341 1896 1395 τοῦ

324 1428 490 1480 αὐτοῦ
531 1429 685 1491 ἔτους
711 1431 1020 1499 παρέλαϐον
1059 1433 1108 1484 οἱ
1139 1434 1448 1486 Καταλάνοι
1511 1433 1611 1504 τὴν
1663 1435 1900 1503 Γλαρέν-

323 1517 478 1584 τζαν,
509 1520 605 1573 καὶ
624 1522 1004 1591 κρατήσαντές
1030 1541 1139 1576 τινι
1187 1525 1368 1593 καιρῷ
1420 1521 1541 1578 εἶτα
1609 1525 1898 1594 ἐπώλησαν

324 1609 494 1679 αὐτὴν
523 1610 609 1664 διὰ
635 1613 904 1682 χρυσίνων
942 1615 1182 1682 νουμίων
1211 1617 1454 1685 χιλιάιῖας
1502 1617 1596 1670 δύο
1631 1618 1723 1670 καὶ
1764 1617 1898 1670 δέκα

320 1699 399 1768 τῷ
426 1699 656 1774 αὐθέντῃ
692 1719 818 1771 μου,
855 1705 948 1758 καὶ
979 1703 1100 1774 μετ’
1125 1707 1305 1776 ὀλίγον
1353 1706 1668 1779 προστάξας
1721 1711 1898 1763 πάντα

319 1796 389 1845 τὰ
419 1795 572 1864 τείχη
607 1797 774 1866 αὐτῆς
802 1796 1098 1868 ἐπόρθησε.
1132 1803 1236 1854 Καὶ
1294 1801 1372 1869 τῷ
1418 1802 1716 1872 Αὐγούστῳ
1769 1801 1898 1872 μηνὶ

2011 603 2341 672 γράμματος
2368 603 2434 656 ἐκ
2462 605 2558 672 τῆς
2587 603 2901 672 Βοστίτζας,
2939 605 3022 659 ὅτι
3072 605 3167 658 τοῦ
3215 603 3584 673 παρελθόντος

2021 695 2356 764 Ἰανουαρίου
2412 693 2458 758 ζ’
2512 695 2742 766 τέθνηκε
2796 697 3053 765 λοιμώδει
3093 697 3235 766 νόσῳ
3281 699 3308 748 6
3359 695 3583 764 ἄριστος

2007 787 2178 855 κάμοὶ
2213 789 2368 854 φίλος
2402 788 2692 859 Μακάριος
2726 791 2752 840 6
2784 791 2879 841 καὶ
2934 788 3171 857 Μακρὴς
3225 785 3583 856 καλούμενος,

2006 879 2035 930 6
2067 878 2197 946 παρ’
2225 877 2492 948 ὀφθαλμῷ
2517 878 2615 946 μὲν
2657 880 3041 947 πατριαρχικῷ
3093 878 3430 947 ὑπερηφάνῳ
3479 877 3580 928 καὶ⁸

2008 971 2235 1024 πλεῖστα
2260 971 2522 1042 ἀγερώχῳ
2545 973 3064 1043 καρδίᾳαὶρετικὸς,
3097 971 3247 1039 παρὰ
3287 971 3343 1022 δέ
3377 968 3584 1037 ὀφθαλ-

2013 1065 2098 1134 μῷ
2131 1067 2623 1136 παντοκρατορικῷ
2669 1069 2960 1136 ἀκοιμήτῳ
3016 1068 3110 1118 καὶ
3153 1065 3379 1136 ἀληθείᾳ
3427 1062 3583 1116 δικα-

2007 1157 2178 1228 ζούσῃ
2202 1158 2482 1228 ὀρθόδοξος
2512 1158 2604 1212 ὢν.
2639 1160 2736 1222 ’⁸ος
2781 1177 2886 1213 τινι
2938 1157 3114 1227 καιρῷ
3153 1157 3251 1210 καὶ
3301 1159 3378 1218 εἰς
3433 1155 3586 1206 Κων-

2009 1251 2456 1304 σταντινούπολιν
2511 1252 2817 1320 ἐπανῆλθεν
2869 1253 2978 1308 ἀπὸ
3031 1253 3126 1305 τοῦ
3197 1253 3356 1316 ἁγίου
3423 1249 3585 1314 ὅρους

2006 1343 2102 1396 καὶ
2137 1344 2236 1409 τὴν
2301 1344 2469 1412 μονὴν
2501 1345 2598 1395 τοῦ
2643 1345 3094 1415 Παντοκράτορος
3132 1344 3290 1396 ἔλαϐε
3341 1355 3585 1409 παρακι-

2006 1434 2158 1502 νήσει
2186 1432 2279 1486 καὶ
2310 1434 2569 1506 συνεργίᾳ
2597 1435 2728 1505 ἐμῇ,
2763 1436 2838 1499 ὼς
2877 1438 2924 1488 οἱ
2983 1438 3184 1496 πάντες
3233 1433 3531 1486 ἐπίσταντο
3566 1444 3580 1458 ⁸

2005 1527 2102 1579 καὶ
2133 1527 2396 1596 σθνάρσει
2435 1529 2533 1594 μὲν
2556 1529 2772 1597 πρῶτον
2804 1529 2896 1581 τοῦ
2924 1529 3365 1595 παντοκράτορος
3416 1521 3580 1584 Θεοῦ,

1970 1677 1982 1686 ,
2006 1620 2202 1684 ἔπειτα
2223 1620 2279 1672 δέ
2311 1620 2520 1690 σπουδῇ
2552 1638 2608 1672 τε
2643 1622 2740 1673 καὶ
2788 1621 3084 1692 ἐπιμελείᾳ
3129 1619 3262 1688 ἐμοῦ
3291 1635 3350 1668 τε
3394 1617 3585 1669 κάκεί-

2005 1729 2096 1766 νου
2131 1714 2240 1766 πᾶν
2283 1712 2446 1764 καλὸν
2503 1713 2640 1782 πρὸς
2716 1711 2978 1765 σύστασιν
3029 1711 3122 1763 καὶ
3164 1707 3462 1775 εὐκοσμίαν
3502 1706 3586 1767 είς

2005 1805 2106 1875 τὴν
2129 1804 2303 1874 αὐτὴν
2337 1805 2507 1872 μονὴν
2554 1803 2935 1875 προεχώρησε.
2979 1804 3091 1877 Καὶ
3147 1803 3226 1870 τῷ
3280 1801 3426 1853 τέλει
3488 1796 3582 1851 τοῦ

320 1885 413 1938 τοῦ
441 1887 609 1940 αὑτοῦ
642 1887 796 1952 ἔτους
829 1892 1346 1962 ἐπαναστρέψαντες
1378 1896 1427 1946 οί
1482 1896 1592 1947 ἀπὸ
1647 1894 1741 1948 τοῦ
1797 1895 1895 1962 βα·
1929 1880 1971 1935 Β
2002 1897 2164 1968 ἔαρος
2232 1897 2398 1950 αὐτοῦ
2461 1897 2526 1966 δὴ
2575 1897 2670 1950 τοῦ
2736 1898 2890 1960 ἔτους
2939 1893 3108 1966 ἦλθεν
3153 1897 3182 1947 6
3227 1892 3587 1962 Τουραχάνης

322 1979 512 2042 σιλέως
561 1980 668 2048 κὺρ
730 1981 979 2036 Ἰωάννου
1055 1986 1190 2054 πρὸς
1239 1987 1332 2039 τὸν
1389 1987 1580 2039 πάπαν
1619 1988 1896 2058 Μαρτῖνον

322 2072 608 2142 πρέσόεις,
639 2075 865 2144 Μάρκος
891 2075 1037 2144 λέγω
1065 2078 1091 2128 6
1124 2078 1346 2146 Ἰαγρος
1373 2082 1466 2132 καὶ
1503 2081 1678 2149 μέγας
1734 2097 1898 2148 στρα-

318 2167 682 2237 τοπεδάρχης,
707 2169 802 2221 καὶ
823 2172 851 2222 6
885 2170 1060 2239 μέγας
1094 2171 1546 2240 πρωτοσύγκελος
1599 2174 1694 2225 καὶ
1727 2171 1899 2241 ἡγού-

325 2275 484 2328 μενος
538 2261 638 2328 τῆς
692 2261 1002 2332 σεϐασμξας
1065 2267 1234 2333 μονῆς
1275 2263 1370 2316 τοῦ
1424 2265 1897 2336 Παντοκράτορος,

325 2351 418 2404 καὶ⁵
469 2353 497 2406 6
555 2353 910 2423 ίερομόναχος
961 2354 1056 2407 καὶ
1115 2354 1489 2423 πνευματικὸς
1533 2356 1824 2424 Μακάριος
1874 2357 1903 2408 6

322 2445 558 2515 Μακρὴς
587 2447 1016 2516 ὀνομαζόμενος,
1050 2447 1190 2520 ἀνὴρ
1225 2449 1449 2519 ἄριστος
1497 2447 1640 2500 κατά
1701 2465 1760 2500 τε
1818 2447 1904 2499 λό-

324 2555 421 2604 γον
443 2540 538 2591 καὶ
574 2540 777 2612 ἀρετὴν
807 2541 902 2594 καὶ
946 2541 1164 2596 σύνεσιν
1193 2557 1209 2572 ·
1276 2543 1370 2594 καὶ
1427 2541 1764 2610 διερχόμενοι
1803 2539 1902 2606 τὴν

327 2631 744 2700 Πελοπόννησον
811 2633 1079 2701 ἐποίησαν
1122 2632 1191 2685 δι’
1233 2631 1461 2702 ὁρισμοῦ
1505 2631 1601 2685 τοῦ
1637 2631 1904 2700 βασιλέως

325 2720 593 2792 δεσπότην
613 2725 705 2775 τὸν
729 2723 1156 2777 αὖθεντόπουλον
1185 2727 1289 2795 κὺρ
1329 2725 1549 2794 Θωμᾶν.

396 2815 508 2866 Καὶ
536 2815 614 2884 τῷ
637 2817 808 2880 ,ςῶλο
842 2818 949 2870 ἔτει
978 2817 1109 2886 μηνὶ
1135 2818 1498 2888 Σεπτεμϐρίῳ
1522 2818 1906 2888 εὐηργετήοην

325 2903 443 2974 ὲγὼ
477 2905 636 2975 157
657 2907 757 2976 τὴν
779 2907 876 2976 τῆς
905 2910 1123 2978 Πάτρας
1153 2895 1475 2980 ἠγεμονίαν.
1511 2909 1619 2961 Καὶ
1641 2909 1719 2978 τῷ
1755 2905 1906 2976 αὐτῷ

329 2995 444 3050 ἔτει
481 2998 794 3068 Ὀκτωσρίῳ
827 3002 957 3069 μηνὶ
1005 3002 1218 3071 ἀπῆρεν
1249 3003 1276 3053 6
1309 3001 1555 3072 μπεγλέρ
1593 3001 1771 3069 μπέης
1798 2999 1908 3052 τῶν

331 3088 594 3158 Ίόύρκων
651 3091 886 3162 τοῦνομα
935 3095 1168 3163 Σινάνης
1196 3095 1263 3146 τά
1324 3093 1600 3146 Ἰωάννινα
1661 3094 1758 3146 καὶ
1810 3093 1908 3162 τὴν

2002 1992 2093 2044 καὶ
2119 1990 2494 2060 κατεχάλασεν
2529 1987 2688 2053 αὖθις
2717 1991 2787 2042 τὰ
2831 1989 2926 2041 τοῦ
2972 1987 3190 2056 Ἰσθμοῦ
3249 1987 3426 2054 τείχη.
3475 1983 3586 2035 Καὶ

2002 2084 2174 2153 πολλὴ
2199 2082 2424 2153 λοιμικὴ
2454 2082 2611 2145 νόσος
2634 2082 2860 2150 γέγονεν
2893 2082 2952 2134 ἐν
2983 2082 3047 2150 τῇ
3080 2079 3297 2148 Πάτρᾳ.

2077 2222 2131 2278 ι’.
2168 2222 2280 2276 Καὶ
2319 2223 2385 2290 τῇ
2420 2218 2500 2273 λα’
2535 2216 2872 2288 Ἰανουαρίου
2898 2216 2992 2269 τοῦ
3026 2213 3185 2289 βῆμ’
3218 2216 3374 2276 ἔτους
3424 2206 3619 2267 σταλο’

2003 2319 2122 2380 θεὶς
2155 2316 2264 2384 ἐγὼ
2301 2315 2551 2384 ἀπῆλθον
2605 2312 2853 2383 πρέσϐυς
2894 2311 3032 2381 πρὸς
3085 2311 3179 2364 τὸν
3233 2307 3459 2376 ἀμηρᾶν
3489 2306 3588 2358 καὶ

2003 2411 2094 2462 τὸν
2149 2408 2396 2478 βασιλέα,
2443 2407 2538 2475 ἀφ’
2575 2398 2636 2457 οὗ
2682 2405 2747 2476 δὴ
2781 2403 2878 2458 τοῦ
2930 2403 3202 2474 βασιλέως
3239 2401 3338 2451 καὶ
3386 2399 3446 2451 τὸ
3491 2397 3586 2449 τοῦ

2005 2499 2515 2572 πρωτοσεστιαρίου
2539 2499 2797 2566 ὀφφίκιον
2833 2497 2996 2568 158
3023 2495 3146 2548 τότε
3175 2489 3586 2564 εὐηργετήθην.

2018 2600 2107 2653 Ἐν
2135 2592 2180 2666 ᾧ
2213 2595 2323 2648 ἔτει
2353 2594 2430 2666 τῷ
2453 2596 2686 2664 Μαρτίῳ
2719 2593 2852 2661 μηνὶ
2883 2593 2981 2642 καὶ
3009 2587 3340 2659 ήέναλλαγὴ
3364 2585 3475 2637 τῶν
3503 2584 3592 2636 τό-

2007 2710 2126 2746 πων
2172 2690 2496 2759 ἀμφοτέρων
2543 2687 2652 2740 τῶν
2706 2683 2952 2752 ἀδελφῶν
3011 2684 3106 2736 καὶ
3150 2679 3429 2734 δεσποτῶν
3479 2677 3590 2747 κὺρ

2007 2783 2426 2841 Κωνσταντίνου
2457 2783 2550 2834 καὶ
2579 2782 2686 2849 κὺρ
2718 2779 2894 2848 Θωμᾶ
2919 2775 3071 2844 ἐγένε
3085 2792 3158 2827 τοι
3187 2775 3214 2826 6
3243 2774 3341 2840 μὲν
3371 2770 3592 2838 ἀπῆρεν

2009 2877 2078 2930 τὰ
2103 2875 2442 2944 Καλάδρυτα
2474 2873 2575 2926 καὶ
2607 2871 2786 2922 πάντα
2815 2869 2884 2921 τὰ
2931 2870 3135 2930 ἐκεῖσε,
3165 2865 3193 2916 6
3225 2864 3283 2918 δὲ
3329 2862 3430 2934 τὴν
3455 2859 3596 2914 Γλα-

2013 2968 2243 3039 ρέντζαν
2274 2966 2372 3018 καὶ
2398 2965 2468 3016 τά
2494 2961 2660 3032 πέριξ
2686 2961 2855 3021 αὐτῆς
2881 2960 3082 3012 πάντα.

2083 3098 2194 3151 Καὶ
2233 3096 2312 3166 τῷ
2343 3097 2542 3168 ,ςῇμω
2592 3094 2700 3147 ἔτει
2755 3094 3080 3164 τέθνηκενὴ
3139 3092 3233 3144 τοῦ
3265 3090 3594 3145 Μαλατέστα

329 3181 512 3234 αὐτῶν
545 3186 830 3254 περιοχὴν.
881 3188 992 3240 Καὶ
1035 3190 1100 3258 τῇ
1150 3192 1242 3251 κς¹
1296 3187 1544 3256 Μαρτίου
1582 3185 1676 3238 τοῦ
1738 3183 1905 3238 αὑτοῦ
1935 3215 1978 3272 c
2014 3191 2281 3261 θυγάτηρ.
2343 3188 2480 3260 γυνὴ
2537 3186 2632 3240 τοῦ
2679 3187 2944 3241 δεσπότου
2994 3187 3102 3258 κὺρ
3151 3185 3431 3256 Θεοδώρου
3495 3182 3593 3237 τοῦ

327 3273 506 3339 ἔτους.
542 3277 600 3328 ἐν
633 3277 815 3348 ἡμέρᾳ
849 3281 942 3331 καὶ
989 3278 1109 3350 ὥρᾳ
1162 3283 1228 3348 τῇ
1290 3279 1428 3348 αὐτῇ
1486 3279 1543 3330 ἐν
1692 3277 1789 3329 καὶ⁵
1841 3275 1910 3328 τὰ
1955 3271 1961 3272 ⁷
2014 3280 2563 3349 πορφυρογεννήτου,
2616 3281 2649 3349 ἠ
2691 3277 2861 3348 κυρία
2910 3277 3151 3330 Κλεώπα
3179 3275 3420 3346 τοῦνομα
3452 3290 3466 3306 °
3498 3274 3596 3328 καὶ

327 3369 706 3438 προγεγοιότα
739 3388 830 3440 μοι
858 3371 1079 3441 συνέὅη,
1113 3370 1385 3442 ἐδεξάμην
1418 3372 1511 3424 καὶ
1571 3371 1633 3424 16
1665 3369 1910 3443 λυπηρὸν

330 3555 547 3625 imperii
575 3557 747 3612 teneri
786 3573 815 3611 a
841 3557 1097 3614 Venetis.
1140 3579 1157 3610 ι
1194 3560 1371 3628 Atque
1402 3560 1473 3613 ita
1521 3574 1710 3614 mense
1736 3559 1907 3629 Aprili

329 3649 576 3714 ejusdem
633 3649 760 3702 anni
820 3649 1084 3718 inclytam
1163 3649 1614 3706 Thessalonicam
1695 3666 1909 3704 antcras

328 3743 380 3794 vi
406 3742 572 3810 cepit.

363 3833 797 3890 .Cnnstantinns
849 3835 1078 3905 despota
1141 3845 1349 3902 autem,
1417 3837 1676 3892 dominus
1729 3852 1905 3901 meus,

327 3941 518 3981 mense
546 3926 684 3980 Maio
709 3929 954 3994 ejusdem
1007 3929 1136 3982 anni
1192 3928 1411 3982 Patram
1467 3930 1519 3984 in
1579 3940 1903 3998 potestatem

324 4020 557 4088 redegit,
598 4021 735 4088 pesti
769 4021 1002 4090 aliisque
1036 4023 1237 4075 civium
1290 4022 1657 4077 incommodis
1707 4024 1904 4078 subac-

323 4125 464 4165 tam.
495 4112 713 4167 Decimo
773 4117 1008 4182 septimo
1048 4113 1178 4167 Julii
1221 4116 1348 4173 anni
1379 4115 1624 4183 ejusdem
1657 4116 1905 4170 Catelani

326 4207 678 4260 Glareutzam
713 4218 1070 4276 occuparunt,
1105 4223 1338 4278 eamque
1369 4207 1683 4278 aliquandiu
1723 4220 1906 4263 reten-

329 4307 464 4357 tam,
527 4297 818 4352 duodecim
881 4315 1177 4354 aureorum
1212 4300 1453 4354 millibus
1511 4301 1736 4354 domino
1784 4315 1908 4355 meo

327 4389 711 4455 vendiderunt,
749 4391 842 4460 qui
881 4379 1030 4445 brevi
1068 4401 1192 4462 pust
1217 4393 1418 4446 moenia
1462 4392 1583 4461 ejus
1645 4393 1902 4448 universa

327 4481 536 4535 destrui
566 4480 752 4547 jussit.
789 4481 973 4538 Mense
1008 4485 1257 4554 Augusto
1281 4483 1524 4550 ejusdem
1549 4485 1678 4538 anni
1731 4483 1908 4538 redie~

332 4583 459 4627 runt
492 4574 561 4626 ab
607 4576 938 4642 imperatore
994 4575 1202 4630 Joanne
1237 4577 1304 4630 ad
1361 4577 1657 4632 Martiuum
1709 4593 1902 4646 papam

329 4665 685 4733 missijlegati,
705 4659 1154 4736 Marcuslagrus,
1181 4683 1414 4736 magnus
1434 4668 1908 4738 stratupedarcha.

325 4764 383 4808 et
414 4772 644 4826 magnus
676 4759 1102 4828 prntosyncelus
1137 4769 1190 4812 et
1225 4761 1539 4813 venerando
1575 4760 1911 4813 monasterio

325 4847 737 4902 Pantocratoris
761 4849 1072 4916 praefectus,
1109 4851 1577 4904 hiermnonachus
1613 4859 1668 4903 et
1737 4852 1904 4918 spiri-

326 4941 492 4993 tualis
546 4949 698 5008 pater
755 4939 1049 5004 Macarius,
1080 4943 1410 5012 cognomine
1445 4941 1650 5005 Macra,
1678 4942 1770 5017 _vir
1797 4943 1912 4995 elo-

326 5031 569 5101 quentia,
601 5033 804 5087 virtute
831 5043 885 5086 et
911 5035 1202 5102 prudentia
1241 5035 1759 5102 praestantissimus.
1821 5033 1909 5098 Ili,

330 5139 425 5192 per
451 5121 883 5192 Ptlupnnuesum
911 5125 1345 5193 proﬁciscentes,
1415 5125 1684 5180 Thomam
1755 5128 1916 5197 prin-

325 5217 500 5283 cipr-m
527 5217 683 5286 jussu
719 5220 1067 5287 imperatoris
1093 5219 1378 5287 despotain
1406 5219 1674 5274 fecerunt.

402 5310 557 5360 Auno
593 5308 752 5373 6059,
790 5325 980 5365 mense
1026 5310 1358 5379 Septembri,
1415 5311 1740 5380 praefectura
1811 5312 1913 5367 Pa-

331 5400 938 5456 [1⁸1⁸11ξῄ(ΣΟΙΝΗΗἪιΩΗΙε
997 5419 1144 5458 sum.
1215 5403 1418 5456 Eodem
1494 5419 1662 5472 anno,
1727 5422 1914 5461 mense

329 5493 574 5555 Octobri,
657 5495 1020 5564 lieglerbegus
1091 5494 1291 5561 Turca,
1365 5498 1589 5552 nomine
1655 5499 1910 5568 Sinancs,

327 5583 599 5638 Joannina
635 5587 996 5656 regionesque
1019 5589 1336 5658 adjacentcs
1361 5592 1657 5659 oet-npavit
1688 5609 1702 5654 ;
1730 5601 1784 5646 et
1836 5593 1916 5646 vi-

329 5675 535 5727 cesimo
565 5685 719 5729 sexto
748 5675 923 5731 Martii
959 5677 1047 5732 die
1081 5691 1136 5732 et
1195 5681 1327 5734 hora
1361 5683 1578 5745 eadem,
1610 5697 1719 5750 qna
1785 5693 1912 5738 ante

329 5777 548 5820 narrata
585 5768 711 5822 mihi
737 5769 1080 5833 acciderunt,
1110 5788 1209 5840 per
1241 5773 1454 5826 litteras
1517 5775 1726 5829 domini
1777 5777 1907 5839 mei,

340 5859 579 5913 Bostitza
612 5862 866 5931 srrip'as,
903 5865 1110 5918 tristem
1145 5869 1396 5922 nuntium
1435 5867 1646 5936 accepi,
1678 5878 1909 5937 practer-

2013 3375 2188 3446 ἐτάφη
2220 3374 2278 3428 ἐν
2312 3376 2380 3445 τῇ
2417 3371 2511 3426 τοῦ
2549 3372 2824 3426 Ζωοδότου
2870 3373 3030 3444 μονῇ.

2013 3560 2073 3613 iti
2132 3556 2377 3612 Januarii
2411 3558 2498 3613 die
2525 3561 2760 3627 septimo
2808 3564 3089 3611 mortuum
3153 3569 3278 3609 esse
3328 3553 3593 3624 pestifero

2010 3650 2208 3703 morbo
2226 3648 2402 3702 virum
2431 3649 2699 3718 optimum
2718 3655 2771 3701 et
2803 3647 2938 3701 mihi
2968 3645 3372 3700 amicissimum
3415 3643 3596 3696 Maea-

2011 3742 2153 3796 rium
2181 3741 2418 3797 Macram
2449 3760 2463 3796 :
2499 3741 2592 3810 qui
2626 3755 2750 3797 cum
2776 3739 3098 3808 patriarcha:
3124 3737 3304 3791 oculis
3338 3735 3598 3803 superbis

2010 3844 2065 3889 et
2095 3836 2279 3890 animo
2305 3834 2648 3890 ferocissimo
2681 3831 2971 3888 haereticus
3012 3831 3306 3890 videretur,
3343 3827 3600 3895 onmipo—

2012 3928 2142 3981 tenti
2192 3941 2519 3995 semperque
2561 3925 2709 3992 vigili
2769 3933 2824 3977 et
2853 3923 2918 3978 ad
2945 3979 2950 3990 ,
2976 3922 3263 3977 veritatem
3321 3916 3599 3988 judiranti

2009 4018 2523 4074 ocutnorthodoxits
2552 4027 2690 4093 erat.
2728 4015 2776 4069 ls
2801 4017 3036 4085 quodam
3061 4025 3310 4082 tempore
3359 4011 3596 4078 (lpolim,

2011 4129 2038 4166 a
2073 4120 2258 4166 monte
2285 4120 2474 4164 sancto
2499 4123 2775 4170 reversus,
2835 4121 2922 4160 me
2966 4114 3196 4160 auctore
3224 4113 3279 4157 et
3343 4103 3602 4170 adjutore

2010 4215 2070 4258 ut
2130 4204 2380 4258 sciebant
2437 4217 2653 4264 omnes,
2701 4199 3104 4254 monasterium
3179 4195 3594 4251 Pautocratoris

2011 4295 2312 4362 regendum
2376 4293 2611 4362 accepit,
2664 4301 2717 4346 et
2799 4291 3009 4366 auxilio
3068 4290 3290 4359 quidem
3349 4287 3590 4356 primum

2011 4387 2406 4456 nrnnipoteutis
2438 4385 2553 4453 Dei,
2604 4385 2805 4440 deinde
2861 4400 2982 4438 meo
3020 4393 3076 4438 et
3134 4384 3311 4452 ipsius
3340 4382 3525 4434 studio
3549 4385 3602 4431 et
3655 4442 3661 4447 _

2015 4480 2318 4550 diligentia,
2350 4480 2416 4532 ad
2449 4494 2539 4534 res
2569 4478 2886 4534 monasterii
2915 4479 3035 4547 ejus
3061 4477 3399 4531 ordinandas
3423 4475 3604 4528 admi-

2020 4573 2450 4639 nistrandasque
2488 4571 2670 4624 nntnia
2709 4570 3131 4639 praeclarissime
3159 4568 3307 4622 fecit.
3347 4569 3606 4620 Exeunte-

2018 4679 2146 4716 vere
2181 4663 2429 4732 ejusdem
2464 4661 2593 4715 anni
2627 4661 3006 4724 Turachanes,
3044 4658 3415 4727 impressione
3437 4657 3583 4709 facta

2013 4754 2213 4824 dejecit
2246 4769 2441 4807 rursus
2473 4767 2662 4807 muros
2710 4753 2926 4812 ISIhmi,
2952 4767 3015 4805 ac
3071 4749 3248 4803 Patre
3307 4749 3617 4802 veheuwns.

2013 4845 2326 4914 pestilentia
2355 4845 2478 4898 fuit.

2098 4940 2183 4994 10.
2221 4938 2316 4993 Die
2342 4939 2518 5007 primo
2549 4946 2604 4992 et
2634 4935 2920 4990 tricesimo
2961 4931 3212 4988 Januarii
3273 4933 3401 4985 anni
3460 4931 3614 4986 69.ίο

2015 5036 2222 5092 missus
2255 5049 2376 5089 sum
2427 5033 2638 5102 legatus
2696 5030 2761 5084 ad
2844 5045 3087 5084 ameram
3113 5037 3166 5082 et
3217 5028 3604 5094 iquramrem

2014 5129 2103 5196 qui
2135 5137 2246 5179 tmn
2287 5124 2692 5194 pr'ntovestiarii
2729 5122 2996 5194 dignitate
3031 5136 3118 5175 me
3179 5121 3416 5175 ornavit.
3485 5120 3608 5185 Quo

2013 5221 2206 5276 eodem
2251 5234 2416 5280 anno,
2449 5231 2641 5272 mense
2701 5215 2922 5280 Martio,
2983 5217 3311 5286 permutatio
3357 5215 3609 5268 locorum

2017 5315 2159 5368 inter
2196 5313 2338 5366 duos
2377 5310 2575 5364 fratres
2599 5318 2652 5363 et
2685 5309 2982 5378 principes,
3052 5307 3481 5362 Constantinum
3548 5293 3616 5359 et.

2014 5406 2306 5466 Thmnam,
2364 5405 2506 5456 farta
2563 5414 2646 5460 cst
2710 5418 2986 5472 :quorum
3049 5403 3188 5455 alter
3239 5401 3530 5470 Calnhryta
3555 5408 3611 5454 et

2018 5513 2138 5564 qua:
2169 5507 2294 5548 sunt
2351 5495 2404 5547 in
2455 5495 2677 5555 vicinia,
2729 5495 2870 5549 alter
2914 5493 3266 5549 Glareutzam
3289 5500 3342 5545 et
3362 5491 3602 5544 circum-

2013 5587 2254 5660 jacentia
2289 5589 2404 5639 Im'a
2438 5587 2641 5654 arci-pit
2662 5619 2678 5636 .
3501 5587 3542 5624 ιι

2087 5683 2245 5733 Anno
2263 5678 2394 5734 6941
2438 5679 2732 5730 ΜυΙιιιυειιυ
2765 5679 2898 5740 tilia,
2937 5692 3076 5730 uxor
3109 5674 3385 5730 Theodori
3407 5673 3604 5736 despo-

2019 5783 2085 5825 ta:
2131 5769 2614 5841 porphyrogcuiti,
2681 5769 2881 5842 Cicopa
2933 5770 3180 5828 domina,
3243 5765 3382 5820 obiit
3436 5773 3489 5819 et
3546 5765 3608 5818 in.

2018 5867 2358 5920 monasterio
2395 5864 2598 5919 Christi
2633 5861 2937 5918 Salvatoris
2980 5861 3194 5927 sepulta
3220 5869 3324 5914 est.
