3964 6428
410 297 512 357 771
1618 305 1948 368 GEORGII

2056 310 2428 372 EIRANTZAZ
2517 324 2529 332 ε
3566 326 3669 391 772

402 413 626 483 Πάτρας
657 414 748 468 διά
778 414 950 484 ξηρᾶς
993 418 1075 480 τίς
1121 418 1213 474 τδν
1247 418 1489 492 Εὔριπον
1524 423 1809 491 ἀπελθὼν,
1835 429 1863 482 6
1888 428 1988 481 αύ-
2017 436 2062 493 Α
2095 429 2212 492 πῶς
2231 412 2305 482 οὐ.
2323 429 2667 503 κατεφλέχθη
2723 431 2906 496 Ἠλίας
2936 432 3028 487 tut
3061 434 3119 487 τδ
3156 434 3310 505 ἅρμα
3358 437 3419 492 τδ
3449 440 3670 511 πύρινον

398 507 594 576 θέντης
622 524 725 575 μου
755 508 919 576 λέγω,
960 513 1060 564 σὺν
1102 513 1257 582 ἡμῖν·
1290 516 1387 568 καὶ
1438 516 1709 585 ἐμϐάντες
1747 519 1827 581 εἵς
1858 537 1984 575 τινα
2087 520 2287 583 ἐπιϐάς
2322 521 2483 588 ;πῶς
2522 524 2550 575 6
2590 522 2819 586 Ἡσαΐας
2851 518 2959 577 εἶδε
2995 523 3086 577 τὸν
3124 526 3330 597 Κύριον
3358 529 3449 582 ἐπὶ
3478 507 3666 600 θρόνου

394 598 510 653 τῶν
563 600 791 653 Ἐνετῶν
825 605 1026 675 τριήρη
1068 605 1181 658 ἀπὸ
1228 606 1421 671 ἄστεος
1464 609 1706 679 Εὐρίπου
1747 610 1982 666 Εὔϐοιαν
2086 610 2295 682 ὑψηλοῦ
2329 613 2419 665 καὶ
2452 604 2771 682 ἐπηρμένου
2815 615 3129 684 καθήμενον
3163 633 3180 683 ;
3242 618 3358 682 πῶς
3412 619 3441 673 ὁ
3472 598 3669 695 Δανιὴλ

393 691 716 762 λεγομένην,
751 695 809 747 ὲν
836 691 871 768 ᾖ
894 696 956 767 δή
987 699 1206 769 τριήρει
1233 694 1303 772 ἦν
1327 703 1420 754 καὶ
1451 702 1479 755 ὅ
1511 720 1641 757 ποτε
1684 705 1741 757 ὲν
1774 707 1843 777 τῇ
1872 705 1981 760 Πάο
2084 703 2396 774 ὲφανέρωσε
2422 704 2485 756 τὸ
2530 705 2919 774 κεκρυμμένον
2949 705 3200 761 ἐνύπνιον
3242 708 3338 762 τοῦ
3388 691 3667 783 Ναϐουχο·

389 804 498 858 τρᾳ
527 790 816 852 κανονικὸς
840 792 1069 861 Μάρκος
1092 793 1254 863 ήνίκα
1284 795 1610 864 ἀπήλθομεν
1638 798 1759 851 κατ’
1783 798 1979 867 αὐτῆς,
2081 796 2320 865 δονόσωρ
2351 813 2367 862 ;
2407 796 2527 860 πῶς
2547 799 2575 849 6
2598 797 2828 868 οὐρανὸς
2856 798 2984 861 τοὺς
3030 800 3266 870 ἀστέρας
3304 803 3526 874 κατέχει
3588 807 3665 876 μὴ

389 882 449 944 ὃς
482 882 676 950 γέγονε
721 883 817 936 καὶ
850 883 1082 951 λεγάτος
1127 886 1279 956 παρὰ
1328 888 1423 941 τοῦ
1469 888 1630 943 mitra
1688 890 1978 956 Εὑγενείου
2083 886 2527 957 βασταζόμενος;
2556 888 2731 959 πῶςή
2769 889 2866 955 νὺξ
2888 889 3146 962 ἐγέννησε
3182 891 3282 963 τήν
3308 895 3518 964 ἡμέραν
3566 897 3663 949 καὶ

386 976 483 1029 τοῦ
517 978 814 1045 συγγενοῦς
843 978 1034 1042 αὐτοῦ,
1069 984 1161 1032 καὶ
1193 980 1325 1050 παρ’
1355 980 1567 1034 ἐκείνου
1608 982 1690 1034 ἔτι
1721 983 1979 1054 καὶπρὸς
2082 980 2331 1046 γίνεται;
2363 978 2479 1042 πῶς
2507 979 2569 1032 τὸ
2592 980 2708 1047 φῶς
2730 978 2827 1032 τοῦ
2870 981 3021 1049 ἡλίου
3050 981 3275 1050 φωτίζει
3338 985 3516 1038 πάντα
3570 987 3663 1039 τὸν

386 1067 478 1137 τὸν
512 1068 742 1138 βασιλέα
766 1068 857 1121 διὰ
889 1069 1190 1140 πρεσϐείας
1219 1070 1526 1142 ἀπεστάλη,
1555 1071 1651 1124 καὶ
1679 1075 1745 1143 τῇ
1775 1071 1852 1125 κδ’
1879 1071 1976 1128 τοῦ
2083 1073 2291 1140 κόσμον
2317 1087 2332 1137 ;
2370 1073 2419 1124 εί
2442 1070 2618 1125 ταῦτα
2638 1072 2986 1144 ἐρμηνεύσῃς
3034 1090 3127 1140 μοι
3159 1074 3196 1129 ἃ
3230 1077 3416 1146 ἐρωτῶ
3444 1094 3522 1140 σε,
3546 1076 3664 1132 οἶδα

387 1158 557 1213 αὑτοῦ
591 1159 762 1231 μηνὸς
808 1159 1182 1230 Σεπτεμϐρίου
1213 1161 1588 1234 ἀπεσώθημεν
1633 1166 1715 1228 είς
1745 1166 1845 1235 τὴν
1886 1165 1979 1219 πό-
2078 1158 2163 1216 ὃίὲι
2197 1161 2639 1231 καταλαμϐάνεις
2665 1163 2760 1216 καὶ
2785 1162 2884 1233 τήν
2909 1163 3163 1232 γέννησιν
3214 1164 3315 1234 τῆς
3362 1167 3655 1236 παρθένου.

384 1252 491 1306 λιν.
2091 1253 2254 1306 Ἀλλὰ
2280 1254 2559 1338 ἀλλότριος
2592 1254 2866 1307 κάκείνων
2897 1257 2993 1307 καὶ
3021 1254 3230 1309 τούτων
3258 1257 3543 1328 ὑπάρχεις.

468 1345 606 1399 Ἀλλ’
636 1346 823 1417 ἐπειδὴ
853 1347 911 1400 ἐν
945 1347 1085 1417 τῷδε
1114 1347 1192 1418 τῷ
1238 1345 1416 1417 καιρῷ
1473 1347 1708 1414 διάλεξις
1738 1365 1823 1413 τις
1882 1366 1975 1403 σε·
2162 1346 2221 1399 ’0
2255 1346 2509 1417 Ἐϐραῖος
2533 1346 2699 1399 πάλιν
2721 1346 3006 1416 ἠρώτησεν
3026 1364 3039 1378 υ
3068 1367 3090 1400 ι
3121 1348 3183 1402 Ei
3219 1348 3322 1402 οὐκ
3350 1350 3655 1418 ἀναγκαίως

300 1482 309 1489 .
383 1436 989 1508 σημειωμὲνη,ὲγὲνετο
1021 1440 1333 1508 ἀναμεταξὺ
1393 1439 1489 1493 τοῦ
1539 1439 1805 1510 βασιλέως
1864 1440 1971 1507 κίιρ
2077 1437 2194 1492 ἀλλ’
2225 1437 2388 1498 ἑκὼν,
2426 1437 2503 1500 ῶς
2535 1436 2697 1501 αὐτὸς
2726 1438 2855 1508 φῂς,
2887 1437 3157 1491 ἀπέθανεν
3195 1440 3222 1492 6
3253 1439 3504 1509 Χριστὸς,
3555 1458 3654 1511 φο-

379 1525 630 1580 Ἰωάννου
699 1529 795 1581 καί
850 1546 999 1593 τινος
1042 1530 1296 1599 Ἐϐραίου
1345 1531 1511 1584 Ξένου
1558 1530 1819 1601 τοῦνομα,
1871 1529 1970 1603 τοῦ
2074 1531 2200 1594 νεὺς
2227 1531 2336 1602 ἄρα
2368 1530 2563 1585 ἑαυτοῦ
2590 1529 2857 1602 νομίζοιτ’
2883 1530 2950 1584 ἂν
2977 1532 3223 1597 είκότως,
3274 1534 3369 1586 καὶ
3418 1531 3652 1603 ψυχικῆς

382 1619 676 1689 μετέπειτα
703 1619 791 1673 διὰ
810 1622 909 1690 τῆς
940 1621 1037 1675 τοῦ
1071 1623 1228 1691 ἁγίου
1263 1623 1640 1693 βαπτίσματος
1672 1624 1971 1693 ἀναγεννή-
2073 1625 2163 1677 διὰ
2185 1623 2344 1676 τοῦτο
2366 1623 2641 1693 τιμωρίας
2667 1623 2833 1689 ἄξιος.
2872 1643 2889 1677 ι
2933 1623 2995 1677 '0
3025 1623 3281 1693 βασιλεὺς
3312 1626 3648 1696 ἀποκριθεὶς,

381 1726 520 1774 σεως
597 1712 1098 1781 μετονομασθέντος
1164 1715 1515 1786 Ἐμμανουήλ
1540 1755 1557 1781 ,
1621 1714 1815 1768 λοιπὸν
1866 1714 1968 1768 οὐκ
2002 1778 2040 1787 _
2080 1735 2099 1768 ι
2129 1714 2269 1768 Πολύ
2292 1732 2368 1779 τι,
2398 1715 2551 1782 Ξὲνε,
2583 1717 2699 1769 τοῖν
2729 1715 2913 1784 λόγοιν
2938 1717 3144 1787 ἀμφοῖν
3184 1716 3386 1786 μεταξὺ
3425 1718 3484 1771 τὺ
3537 1717 3650 1773 διά-

377 1804 575 1873 ἀφήσω
590 1778 686 1858 τοῦ
713 1778 1035 1877 διηγεῖσθαι.
1229 1778 1245 1785 ⁷
1274 1778 1287 1785 τ
1470 1778 1487 1786 ’
1544 1778 1551 1781 ⁷
1612 1850 1617 1853 .
2002 1778 2043 1833 Β
2072 1824 2239 1878 φορον
2272 1824 2287 1839 ⁸
2320 1808 2455 1861 ἀλλὰ
2484 1778 2671 1877 θαῦμά
2726 1809 2777 1876 γ’
2803 1778 3143 1879 οὐδὲν-ὁμοῦ
3173 1778 3284 1872 τοῖς
3332 1778 3511 1874 αλλοις
3550 1812 3648 1877 ἀγ-

459 1898 551 1951 Ἒν
610 1901 850 1968 πρώτοις
906 1900 1165 1971 ἠρωτήθη
1233 1902 1261 1955 6
1323 1902 1581 1975 βασιλεὺς
1646 1909 1798 1978 παρά
1870 1908 1965 1963 τοῦ
2068 1903 2208 1953 νοεῖν
2241 1916 2300 1951 σε
2332 1901 2428 1953 καὶ
2475 1899 2654 1971 τοῦτο.
2686 1900 2886 1962 Φονεὺς
2933 1900 3045 1969 γὰρ
3093 1900 3291 1955 ἑαυτοῦ
3344 1900 3540 1969 λέγοιτ’
3581 1903 3646 1956 ἂν

390 1982 644 2056 Ἐϐραίου
669 1990 846 2044 τοιάδε
867 2006 883 2021 ο
916 2007 935 2041 ι
962 1990 1084 2054 Πῶς
1105 1987 1172 2062 ἦν
1192 1993 1417 2047 δυνατὸν
1431 1998 1609 2049 τεκεῖν
1630 1996 1729 2068 τὴν
1745 1999 1965 2070 Μαρίαν

375 2080 467 2166 τρν
498 2081 732 2152 Χριστὸν
770 2085 1040 2156 παρθένον
1072 2086 1276 2154 οὓσαν;
1317 2107 1337 2141 ι
1387 2089 1445 2144 Ὀ
1474 2090 1531 2144 δὲ
1561 2092 1817 2162 βασιλεὺς
1857 2095 1965 2148 ἀπ-

375 2176 569 2253 εκρίθη
595 2195 610 2209 ο
654 2196 674 2230 ι
702 2178 826 2243 Πῶς
852 2179 1038 2233 ἔτεκεν
1065 2183 1093 2234 6
1135 2182 1308 2253 ’Δδὰμ
1334 2183 1432 2253 τὴν
1472 2184 1618 2240 Εὕαν
1643 2187 1816 2258 χωρὶς
1866 2205 1965 2257 γυ-

373 2270 603 2335 ναικὸς;
641 2272 737 2326 καὶ
770 2271 885 2334 πῶς
912 2271 1209 2342 ἐξήνθησεν
1239 2276 1272 2343 ἡ
1307 2273 1382 2343 γῆ
1409 2277 1579 2346 χωρὶς
1600 2278 1959 2348 σπέρματος;

374 2364 493 2426 πῶς
540 2363 765 2417 ἔϐλυσεν
819 2364 964 2435 ὕδωρ
1001 2367 1031 2436 ή
1064 2365 1369 2436 ἀκρότομος
1399 2367 1622 2437 πέτρα;
1681 2369 1801 2434 πῶς
1862 2370 1959 2425 τοῦ

389 2457 602 2527 ’Δαρὼν
631 2458 967 2528 ἐϐλάστησεν
998 2460 1031 2529 ἡ
1063 2458 1295 2528 ρἀδο;;
1330 2460 1447 2523 πῶς
1466 2460 1758 2532 οὐρανόθεν
1800 2480 1962 2516 κατε-

375 2551 602 2620 πέμφθη
647 2552 707 2604 τὸ
756 2554 972 2621 μάννας
1025 2551 1140 2614 πῶς
1204 2551 1537 2620 ἐπληθύνετο
1576 2554 1608 2623 ἡ
1646 2553 1805 2625 ὑδρία
1862 2555 1958 2609 τοῦ

374 2643 648 2713 ἀλεύρου;
682 2645 799 2708 πῶς
830 2645 889 2697 τὸ
917 2644 1092 2697 ἔλαιον
1128 2643 1435 2699 Ἐλισσαίου
1465 2645 1689 2699 ἔϐλυσεν
1723 2648 1802 2710 είς
1833 2649 1958 2712 τοὺς

373 2736 657 2803 κεράμους
686 2750 701 2798 ;
733 2734 850 2796 πῶς
888 2736 923 2804 ή
955 2734 1117 2807 164
1152 2735 1348 2805 ῥάϐδος
1406 2737 1502 2789 τοῦ
1548 2736 1750 2790 Ἰεσσαὶ
1797 2738 1958 2792 ἐϐλά-

373 2843 574 2896 στησεν
626 2827 837 2893 atem;
902 2829 1017 2891 πῶς
1068 2831 1154 2881 ἐπὶ
1199 2828 1401 2882 Γεδεὼν
1445 2830 1473 2882 6
1509 2831 1674 2894 πόκος
1705 2830 1954 2904 ἀπερρύη

370 2922 564 2993 δρόσον
595 2939 610 2987 ;
642 2920 758 2983 πῶς
785 2921 878 2974 ἐπὶ
907 2920 1142 2991 Σαμψὼι
1170 2922 1393 2977 ἔϐλυσεν
1416 2922 1562 2992 ὕδωρ
1614 2925 1674 2976 τὸ
1725 2925 1953 2993 όστοῦν;

372 3017 490 3079 πῶς
530 3010 797 3085 ἐφύλαττε
821 3019 947 3080 τοὺς
986 3017 1180 3081 παῖδας
1230 3017 1534 3085 ἀφλέκτους
1593 3020 1625 3088 ή
1681 3018 1950 3090 κάμινος-ς

371 3110 493 3172 πῶς
522 3109 613 3161 ἐπὶ
648 3109 849 3163 Μανωὲ
875 3108 1147 3180 ἁνήφθηή
1196 3110 1375 3180 πέτρα
1413 3110 1534 3181 δίχα
1591 3108 1724 3179 ὕλης
1758 3126 1774 3175 ;
1812 3110 1956 3200 6:5);
1982 3140 2028 3200 ο

373 3203 649 3271 ὲκαίετοή
688 3199 853 3271 βάτος
886 3201 980 3253 ἐπὶ
1026 3199 1307 3265 Μωῦσέως
1339 3200 1436 3254 καὶ
1484 3200 1544 3254 οὐ
1586 3198 1949 3268 κατεκαίετο;

368 3381 504 3437 remi
524 3377 750 3441 Veneta,
772 3377 976 3436 Euboea
998 3379 1162 3443 dicta,
1182 3377 1238 3433 in
1257 3393 1363 3450 qua
1386 3379 1574 3435 eadem
1601 3378 1815 3436 Marcus
1832 3387 1953 3436 erat

367 3478 463 3548 qui
521 3477 696 3540 olim,
743 3490 868 3531 cum
942 3474 1160 3531 Patram
1232 3490 1698 3545 oppugnaremtts,
1756 3475 1812 3530 in
1883 3491 1995 3553 ea»

366 3569 505 3625 urbe
541 3572 867 3629 canonicos,
898 3579 1019 3624 tum
1047 3575 1228 3623 autem
1263 3568 1472 3641 legatus
1505 3568 1735 3637 Eugenii
1771 3584 1945 3639 papas,

256 3674 283 3688 '
367 3663 473 3722 sibi
553 3662 798 3732 cognati.
867 3660 937 3716 ad
1004 3662 1391 3730 imperatorem
1455 3661 1797 3716 mittebatur.
1855 3662 1952 3718 Dio

365 3766 565 3828 quarto
627 3765 683 3811 et
716 3754 983 3810 vicesimo
1019 3754 1364 3824 Septembris
1396 3754 1700 3810 incolumes
1731 3754 1947 3827 Byzan-

363 3852 502 3907 tium
524 3850 686 3905 delati
705 3862 919 3905 sumus.

433 3945 705 4011 Quoniam
737 3922 922 3999 autem
953 3943 1051 3997 illo
1105 3950 1350 4012 tempore
1392 3942 1572 3999 habita
1609 3952 1694 3999 est
1734 3960 1945 4000 memo-

365 4040 561 4095 rabilis
599 4039 901 4107 disputat‘o
961 4037 1103 4091 inter
1157 4036 1422 4091 Joannem
1469 4039 1850 4108 imperatorem
1891 4046 1945 4093 et

363 4135 652 4189 Hebrzeum
695 4124 1011 4202 quemdam,
1070 4131 1293 4185 nomine
1334 4128 1572 4196 Xenutn,
1606 4130 1701 4201 qui
1754 4138 1944 4200 postea

363 4242 523 4282 sacro
548 4227 873 4295 baptismate
903 4234 1280 4295 regeneratus,
1322 4218 1698 4276 Emmanuelis
1742 4227 1943 4277 nomen

361 4320 598 4388 accepit,
629 4335 751 4370 eam
790 4310 986 4371 litteris
1022 4318 1283 4369 mandare
1316 4330 1421 4369 non
1457 4315 1731 4369 omittam.

428 4412 677 4466 Primum
707 4409 972 4465 Hebraeus
1013 4409 1396 4476 imperatorem
1424 4407 1505 4461 sic
1537 4405 1893 4475 interrogavit
1923 4418 1940 4457 :

354 4528 387 4562 ιι
434 4506 721 4574 Quomodo
754 4505 925 4559 Maria
957 4502 1237 4559 Christum
1269 4516 1531 4571 generare
1584 4500 1782 4569 potuit,
1810 4500 1938 4555 dum

353 4603 517 4671 wit-go
584 4596 745 4654 erat?
790 4615 811 4650 ι
855 4594 1158 4668 Respondit
1223 4594 1559 4664 imperator:
1625 4591 1940 4657 «Quomodo

352 4692 608 4748 ,Adamus
638 4692 805 4745 Evam
840 4691 963 4746 sine
1009 4704 1180 4745 usura
1230 4688 1481 4745 mulieris
1511 4686 1747 4757 genuit?
1795 4696 1938 4743 terra

228 4784 241 4793 “
350 4783 598 4840 ηοίιιοιυίι
651 4784 772 4840 sine
825 4779 1084 4838 semine?
1139 4780 1256 4837 saxi
1307 4778 1623 4848 superﬁcies
1680 4794 1939 4848 percussa

357 4879 539 4934 emisit
567 4874 805 4948 aquam?
835 4884 928 4930 aut
972 4875 1250 4943 quomodo
1302 4873 1453 4941 virga
1503 4871 1739 4927 Aaronis
1788 4873 1942 4928 fron-

360 4972 516 5025 duit?
550 4969 827 5040 quomodo
862 4967 1082 5023 cmlitus
1123 4980 1322 5020 manna
1350 4964 1651 5019 demiSsutn
1681 4966 1803 5020 est?
1843 4966 1940 5039 hy-

358 5067 477 5120 dria
528 5065 748 5132 impleta
775 5070 862 5118 est
894 5060 1115 5114 farina?
1146 5059 1420 5128 quomodo
1451 5058 1503 5109 in
1566 5075 1695 5113 vasa
1750 5061 1935 5114 lit-lilia

357 5163 539 5213 oleum
575 5159 753 5213 Elistei
779 5152 1063 5208 manavit?
1095 5149 1268 5205 Jcssai
1304 5150 1557 5205 baculum
1589 5150 1755 5206 liores
1784 5152 1936 5220 egit?

358 5253 650 5305 irruratum
682 5260 769 5303 est
794 5244 1067 5300 Gedeonis
1098 5242 1312 5298 vellus?
1342 5244 1619 5313 quombdo
1643 5244 1933 5314 Sampsoni

358 5362 421 5399 ex
464 5354 587 5398 osse
618 5357 761 5409 aqua
814 5338 1004 5392 subit?
1038 5349 1150 5391 tres
1195 5339 1348 5407 pueri
1386 5338 1439 5391 in
1496 5341 1713 5392 camino
1738 5355 1766 5391 ιι
1805 5355 1938 5394 con-

357 5438 614 5493 bustione
674 5434 873 5488 servati
931 5432 1100 5488 sunt?
1158 5429 1445 5498 Quomodo
1502 5430 1682 5486 Manoi
1737 5447 1931 5486 saxum

358 5532 479 5583 sine
520 5524 749 5579 materia
789 5523 962 5579 arsit?
988 5534 1085 5579 aut
1132 5527 1302 5581 rubus
1349 5524 1781 5596 Mosiﬂagravit,
1835 5538 1936 5578 nec

355 5626 717 5687 consumptus
740 5619 866 5674 est?
891 5632 985 5673 aut
1016 5618 1168 5675 Elias
1203 5620 1257 5674 in
1287 5636 1453 5673 curru
1490 5619 1646 5688 igneo
1688 5632 1794 5671 non
1848 5625 1935 5670 est

353 5698 717 5765 combustus?
762 5712 1039 5781 quomodo
1090 5710 1260 5768 Isaias
1287 5710 1570 5766 dominum
1627 5711 1680 5762 in
1736 5709 1933 5764 throno

1970 4466 2018 4524 l)

2066 1990 2291 2054 δικαίως
2352 1994 2382 2045 6
2400 1991 2616 2045 ιὲαυτὺν
2664 1992 3021 2062 διαχειρίσας,
3066 1994 3166 2062 οὐχ
3188 1995 3215 2046 6
3240 1993 3380 2065 ὑπὲρ
3413 1994 3512 2062 τῆς
3538 1995 3642 2048 τῶν

2066 2081 2412 2152 φιλουμένων
2439 2083 2661 2153 ἀγάπης
2691 2085 2987 2157 ἀφειδήσας
3035 2088 3231 2141 ἑαυτοῦ
3286 2090 3382 2141 καὶ
3419 2089 3643 2144 θάνατον

2063 2176 2330 2241 ὑποστάςο
2354 2179 2383 2230 6
2397 2176 2505 2247 γὰρ
2521 2177 2766 2242 τοιοῦτος
2786 2179 2944 2250 165
2960 2181 3059 2234 οὐκ
3078 2181 3327 2253 αὐτόχειρ
3347 2182 3478 2235 ἀλλὰ
3493 2182 3642 2249 φίλος

2062 2271 2455 2341 προσηκόντως
2496 2271 2701 2343 ἀληθὴς
2755 2273 2960 2326 καλοῖτ’
3023 2273 3091 2328 ἂν
3141 2274 3217 2338 ὼς
3266 2275 3457 2329 ἑαυτὸν
3504 2275 3641 2346 ὑπὲρ

2060 2363 2168 2416 τῶν
2200 2362 2542 2433 φιλουμένων
2576 2364 2830 2433 προδοὺς,
2878 2364 2944 2419 ἵν’
2969 2365 3231 2432 ἐκείνους,
3264 2370 3311 2420 εί
3344 2367 3517 2433 οὕτως
3553 2367 3639 2421 τύσ

2060 2471 2168 2526 χοι,
2193 2455 2303 2509 τῶν
2338 2457 2805 2528 ἑπικρεμαμένων
2851 2457 3100 2514 θανάτων
3150 2460 3420 2531 ἐξέληται.
3474 2459 3639 2514 Ταῦτ’

2057 2550 2171 2621 ἄρα
2204 2549 2640 2620 φιλανθρωπίας,
2672 2551 2817 2604 καὶό
2852 2552 3087 2623 Χριστὸς
3126 2554 3412 2608 ἀποίσεται
3439 2553 3640 2625 μᾶλλον

2069 2645 2230 2713 χάριν
2266 2641 2303 2712 ἢ
2328 2642 2594 2705 τοιούτοις
2613 2643 2959 2714 ἐγκλήμασιν
2986 2645 3358 2700 ὑποκείσεται.
3395 2665 3415 2698 ι

2126 2734 2293 2798 Ξένος
2323 2736 2351 2788 6
2391 2730 2644 2806 Ἐϐραῖος
2666 2736 2850 2807 ἐρωτᾷ
2871 2752 2886 2765 ⁸
2925 2755 2945 2789 ι
2975 2736 3167 2791 Πόσων
3195 2737 3304 2809 ἄρα
3333 2736 3521 2791 δεινῶν
3548 2738 3635 2792 ατ·

2054 2845 2171 2881 τιον
2197 2828 2289 2881 ἀεὶ
2314 2828 2377 2881 τὸ
2405 2826 2601 2897 ψεῦδος
2633 2829 2960 2884 καθίσταται
2981 2832 2995 2885 ι
3019 2831 3047 2884 6
3073 2831 3182 2901 γὰρ
3206 2832 3489 2904 προφήτης
3511 2831 3630 2901 οὐχι

2065 2919 2133 2974 Ἦ
2160 2922 2448 2991 παρθένος,
2468 2921 2607 2986 ἀλλ’,
2642 2921 2711 2976 Ἦ
2734 2920 2964 2991 νεᾶνις,
2996 2923 3182 2996 φησὶν,
3208 2922 3374 2991 τέξει,
3393 2924 3631 2995 δηλονότι

2058 3015 2392 3070 συνελθοῦσα
2408 3017 2569 3087 ἀνδρί
2584 3029 2600 3045 ⁸
2629 3017 2788 3088 ὑμετς
2806 3018 2863 3072 δὲ
2877 3020 2977 3082 τὰς
2995 3017 3205 3073 ἑαυτῶν
3230 3019 3491 3088 συστῆσαι
3511 3018 3630 3079 βου-

2060 3109 2276 3179 λόμενοι
2312 3110 2622 3180 τερατείας,
2647 3112 2747 3181 τὴν
2778 3112 3049 3182 παρθύνον
3073 3114 3177 3184 τῆς
3212 3113 3453 3175 νεάνιδος
3484 3114 3630 3166 ἀντι·

2057 3201 2259 3258 τίθετε.
2295 3202 2365 3257 τί
2410 3201 2522 3275 γὰρ
2562 3204 2629 3259 ἄν
2672 3220 2757 3269 τις
2807 3206 2907 3259 καὶ
2953 3202 3127 3275 λέγοι,
3175 3206 3345 3260 πᾶσαν
3384 3205 3629 3261 δντεῦθεν

2054 3389 2331 3446 somnium
2362 3389 2887 3451 Nabuchodonosori
2922 3395 3180 3466 aperuit?
3210 3395 3483 3465 quomodo
3513 3409 3631 3452 cm-

2055 3487 2168 3538 lutn
2225 3496 2372 3541 astra
2414 3490 2677 3553 continet,
2727 3506 2853 3545 cum
2911 3484 3021 3545 non
3089 3492 3470 3547 sustentetur?
3521 3506 3629 3545 uox

2052 3577 2194 3632 diem
2235 3580 2419 3646 genuit
2446 3591 2501 3635 et
2533 3582 2777 3651 gignitur
2817 3583 2978 3651 ipsa?
3044 3584 3230 3639 lutnen
3285 3583 3413 3638 solis
3455 3592 3625 3638 totum

2053 3673 2318 3725 mundum
2362 3671 2670 3727 illuminat?
2717 3673 2840 3728 Haec
2894 3676 3027 3730 mihi
3063 3678 3108 3730 si
3145 3676 3521 3745 explicaveris,
3575 3685 3626 3731 te

2050 3763 2216 3816 etiam
2281 3764 2514 3833 virginis
2572 3777 2787 3835 partum
2850 3769 3050 3835 putabo
3110 3769 3385 3833 explicare
3446 3784 3623 3836 posse.

2049 3851 2349 3909 Enimvero
2384 3865 2439 3908 tu
2479 3871 2582 3910 nec
2641 3857 2754 3920 illa,
2791 3873 2892 3910 nec
2924 3858 3070 3913 hunc
3118 3859 3553 3928 comprehendis.
3598 3877 3618 3911 ι

2122 3944 2331 4001 Rursus
2363 3947 2624 4002 Hebraeus
2652 3949 2896 4017 rogavit:
2939 3968 2958 4001 ι
3003 3948 3059 4005 Si
3100 3966 3207 4004 non
3250 3959 3493 4016 coactus,
3525 3950 3619 4005 sed

2049 4040 2259 4105 volens,
2292 4047 2351 4091 ut
2384 4038 2498 4106 ipse
2528 4039 2689 4105 dicis,
2718 4039 2969 4094 Christus
3003 4054 3253 4096 mortuus
3292 4055 3393 4110 est,
3427 4046 3617 4097 merito

2049 4142 2224 4183 semet
2256 4129 2598 4186 interfecisse
2630 4141 2687 4186 et
2744 4133 2864 4209 ideo
2906 4149 3066 4202 poena
3117 4136 3385 4205 spirituali
3423 4138 3618 4206 dignus

2047 4237 2170 4276 esse
2205 4221 2472 4275 videatur.
2508 4239 2527 4272 ι
2572 4222 2875 4290 Imperator
2906 4226 3263 4294 respondens,
3307 4226 3617 4296 «Magnum,

2048 4313 2244 4383 inquit,
2272 4311 2448 4380 Xeue,
2498 4314 2641 4369 inter
2690 4316 2807 4370 haec
2863 4317 3160 4373 discrimen
3211 4328 3327 4386 est;
3382 4336 3479 4376 nec
3514 4321 3616 4374 tui-

2047 4422 2167 4462 rum
2199 4418 2406 4471 tamen,
2438 4418 2491 4462 te
2521 4408 2625 4461 hoc
2652 4421 2777 4462 cum
2828 4408 3057 4477 reliquis
3108 4411 3379 4482 ignorare.
3440 4412 3618 4468 Semet

2046 4500 2391 4556 interlecisso
2427 4500 2573 4554 cnim
2620 4500 2745 4569 jure
2779 4501 3019 4568 dicatur,
3059 4504 3156 4574 qui
3210 4521 3307 4560 sua
3348 4519 3408 4560 se
3449 4523 3609 4561 manu

2047 4593 2340 4658 occiderit,
2366 4606 2474 4645 non
2503 4592 2572 4657 ls,
2601 4594 2720 4661 qui,
2749 4593 3019 4649 charitate
3054 4595 3108 4649 in
3138 4599 3344 4652 amicos
3379 4612 3616 4653 comnm-

2046 4694 2156 4747 tus,
2193 4687 2314 4740 vitae
2355 4700 2470 4740 suae
2522 4699 2633 4740 non
2681 4685 2859 4754 parcit
2911 4701 3218 4758 eorumque
3274 4704 3437 4746 causa
3472 4692 3616 4745 subit

2043 4792 2299 4834 mortem.
2371 4777 2527 4849 Talis.
2582 4778 2730 4833 enim
2768 4793 2878 4833 non
2913 4781 2999 4834 sui
3039 4782 3333 4848 homicida,
3371 4786 3463 4839 sed
3497 4789 3612 4840 sin-

2043 4885 2206 4924 cerus
2265 4870 2478 4924 anticus
2511 4871 2708 4923 merito
2739 4871 3078 4936 nominatur,
3115 4876 3205 4945 qui
3260 4877 3609 4947 semetipsum

2042 4974 2143 5029 pro
2169 4957 2384 5013 dilectis
2409 4958 2597 5024 tradit,
2634 4968 2696 5012 ut
2723 4974 2838 5023 eos,
2868 4962 2914 5015 si
2937 4965 3136 5033 possit,
3168 4966 3237 5019 ab
3262 4965 3608 5036 impendente

2044 5063 2216 5108 morte
2269 5054 2490 5123 eripiat.
2546 5054 2732 5129 Quare
2773 5055 2906 5111 illud
2937 5060 3104 5113 animi
3163 5062 3383 5132 benigni
3425 5076 3529 5132 est,
3554 5072 3609 5119 et

2041 5147 2292 5201 Christ-us
2334 5144 2564 5215 gratiam
2587 5147 2791 5213 potius,
2835 5163 2998 5218 quam
3037 5153 3169 5210 istas
3200 5157 3608 5212 criminationes

2041 5248 2301 5292 meretur.
2345 5256 2364 5290 ι

2106 5333 2329 5390 Rursus
2359 5333 2658 5391 Hebraeus:
2696 5357 2717 5390 ι
2764 5338 2909 5403 Οιιοι
2945 5341 3081 5394 mala
3130 5358 3347 5411 semper
3386 5345 3608 5399 menda-

2030 5428 2186 5482 ciunt
2214 5428 2419 5482 creavit
2451 5428 2464 5481 !
2500 5431 2763 5498 propheta
2806 5432 2955 5485 enim
3023 5447 3133 5488 non
3197 5436 3453 5504 virginem
3512 5436 3605 5502 ait,

2038 5523 2133 5577 sed
2162 5520 2632 5576 adolescentulam
2687 5532 2961 5591 parturam
2996 5541 3139 5589 esse,
3175 5528 3349 5581 virum
3412 5527 3605 5582 videli~

2037 5626 2125 5670 cet
2171 5621 2492 5683 expertam;
2547 5629 2644 5669 vos
2699 5625 2904 5681 autem,
2936 5626 3190 5687 portenta
3224 5629 3401 5673 vestra
3450 5620 3607 5674 nobis

2039 5708 2500 5772 commendaturi,
2530 5722 2630 5779 pro
2683 5709 3033 5765 adolescente
3070 5710 3298 5766 muliere
3346 5710 3604 5779 virginem

356 5805 577 5860 excelso
612 5806 903 5865 uelevato
926 5810 1201 5864 sedentem
1229 5803 1623 5861 vitlitibuuiel
1651 5802 1929 5858 occultum
2032 5799 2369 5872 supponitis.
2422 5799 2557 5866 Quis
2600 5804 2700 5858 hoc
2751 5801 2932 5858 verbis
2993 5812 3341 5872 assequatur,
3402 5810 3599 5872 quanta
