3964 6428
447 333 560 394 775

1664 330 1999 391 GEORGII
2030 329 2056 390 Ι

2160 328 2388 397 ΚΑΝΤΖ
2400 328 2458 390 :1?
3582 339 3664 402 ’Πθ

446 443 940 515 κατορχησάμινον
974 442 1081 495 τῶν
1127 441 1295 496 θείων
1344 440 1767 509 ἐπιταγμάτων.
1800 442 1892 511 Μὴ
1927 442 2038 509 γὰρ
2067 447 2116 504 Α
2144 439 2241 493 καὶ
2260 418 2446 504 πέρας
2471 438 2623 507 ἔσχε,
2655 437 2760 494 κᾶν
2796 437 2954 509 ὑμεῖς
2980 439 3212 510 τάληθὲς
3242 444 3454 515 σαθροῖς
3480 450 3577 504 τισὶ
3596 453 3670 507 λό-

447 538 515 609 δὴ
552 538 782 607 νομίσας
814 536 978 607 168
1019 534 1359 588 ἀπεστάλθαι
1393 550 1469 604 με
1514 533 1655 603 πρὸς
1688 533 1746 586 σὲ
1788 532 1865 596 ὡς
1893 533 2043 598 ἄξιον

450 630 583 685 ὄντα
608 644 623 659 ο
657 629 854 699 πόρρω
883 627 995 695 γάρ
1027 623 1077 680 εἷ
1108 627 1174 679 σὺ
1205 625 1303 679 τοῦ
1334 625 1572 686 τοιοῦτος
1614 623 1774 687 εἶναι,
1803 622 1945 677 ὥστε
1980 624 2042 676 οὐ

453 713 548 775 σοῦ
584 738 646 788 γε
683 721 865 782 ἕνεκα,
921 720 1056 771 ἀλλὰ
1103 717 1199 771 τοῦ
1262 719 1412 771 οίκου
1453 716 1626 769 Ἰούδα
1682 718 1776 769 καὶ
1828 717 2043 769 πάντων

450 792 808 876 ἀπέσταλμαι
841 813 950 863 τῶν
975 812 1107 864 υίιῖιν
1145 812 1396 880 Ἰσραήλ.
1434 829 1453 860 ι
1496 809 1596 862 Διὰ
1627 808 1787 861 τοῦτο
1813 808 1907 861 οὖν
1937 808 2045 861 δώ·

453 923 535 958 σει
566 906 771 973 Κύριος
799 904 965 964 αὐτὸς
997 904 1133 971 ὑμῖν
1169 906 1419 971 σημεῖον.
1449 902 1585 955 Ἰδοὺ
1623 901 1658 972 ἡ
1687 900 1960 971 παρθένος
1989 903 2047 954 ὲν

456 999 657 1065 γαστρὶ
682 996 915 1065 λήψεται
951 998 1048 1050 καὶ
1079 996 1298 1059 τέξεται
1343 994 1481 1061 υἱὸν,
1526 994 1624 1048 καὶ
1664 993 1956 1047 καλέσουσι
1984 994 2046 1047 τὸ

450 1088 627 1149 ὄνομα
689 1089 1266 1157 αὑτοῦῈμμανουήλ.
1307 1106 1326 1139 ι
1371 1085 1435 1140 El
1489 1087 1609 1155 μὲν,
1669 1086 1743 1147 ὡς
1798 1087 1863 1139 σὺ
1916 1086 2044 1157 φῂς,

455 1184 643 1234 νεᾶνιν
670 1184 699 1234 6
727 1182 1022 1250 προφήτης
1054 1181 1363 1248 προῦλεγεν
1392 1180 1449 1231 ὲν
1484 1181 1687 1249 γαστρὶ
1717 1179 1868 1245 ἕξειν
1899 1179 2043 1246 ὡμι-

454 1272 691 1337 ληκυίαν
728 1272 909 1339 ἀνδρὶ.
967 1273 1196 1339 μάταιον
1227 1267 1296 1340 ἦν
1331 1269 1575 1340 ἀτεχνῶς
1625 1271 1722 1323 καὶ
1764 1271 1887 1324 λίαν
1918 1270 2047 1324 ἀλό-

456 1383 644 1433 γιστον
680 1366 742 1416 τὸ
796 1368 1026 1433 σημεῖον
1068 1365 1230 1418 τοῦτο
1284 1364 1496 1417 καλεῖν.
1534 1366 1699 1418 ’Δνευ
1739 1363 1796 1416 δὲ
1853 1363 2046 1416 τούτου

462 1460 558 1512 καὶ
584 1458 644 1510 τὸ
679 1455 887 1522 νεᾶνις
910 1458 1031 1510 ἀντὶ
1060 1456 1158 1509 τοῦ
1202 1456 1503 1525 παρθένος
1533 1457 1788 1525 εὑρήσεις
1821 1455 2049 1523 ἐφιστὰς

460 1548 520 1601 ὲν
540 1549 617 1616 τῷ
637 1549 1070 1617 Δευτερονομίῳ.
1092 1548 1230 1617 Φησὶ
1250 1548 1362 1615 γὰρ
1382 1547 1457 1607 ὡς
1489 1563 1508 1597 ι
1539 1545 1648 1600 Εάν
1676 1564 1762 1610 τις
1792 1545 2055 1616 βιάσηται
2102 1548 2105 1551 ’

460 1644 518 1693 ὲν
542 1640 618 1707 τῷ
643 1641 811 1709 πεδίῳ
840 1626 1113 1702 νεδνιδαη
1142 1640 1410 1710 παρθένον
1434 1639 1634 1707 δηλαδή
1662 1655 1677 1669 ⁸
1708 1639 1941 1709 ἀλλαχοῦ
1966 1640 2046 1705 δὲ,

469 1752 488 1784 ι
511 1733 643 1787 Ἐάν
672 1749 755 1793 τις
788 1730 925 1801 εὕρῃ
959 1732 1061 1794 τὴν
1089 1734 1255 1784 παῖδα
1280 1734 1382 1799 τὴν
1421 1732 1914 1800 μεμνηστευμένην
1953 1734 2047 1785 καὶ

2146 547 2264 597 γοις
2288 530 2385 584 καὶ
2416 528 2767 594 ἁσυστάτοις,
2793 531 3131 601 οίκειότερον
3158 535 3214 588 δὲ
3244 537 3414 590 είπετν
3442 541 3671 612 ἀνοήτοις⁹

2146 623 2507 692 περιτρέπειν
2542 623 2901 692 ἐπιχειρεῖτε.
2941 624 3131 688 Ἀξιον
3165 625 3221 678 δὲ
3254 627 3389 696 μηδὲ
3420 630 3563 687 τοῦτο
3586 651 3673 688 πα.

2147 714 2436 784 ρατρέχειν
2457 715 2529 778 ὡς
2558 715 2606 768 εί
2631 714 2707 785 μὴ
2729 718 2785 766 ὲν
2813 718 2880 784 τῇ
2911 717 3166 787 παρθένῳ
3193 721 3377 792 Μαρίᾳ
3407 722 3463 776 τὸ
3486 730 3676 794 σημεῖον

2147 805 2339 878 εἴληφε
2398 808 2596 877 πέρας.
2641 808 2756 869 πῶς
2793 808 2851 873 ἐξ
2901 809 3072 880 αὐτῆς
3122 813 3149 865 6
3179 817 3562 886 γεγεννημένος
3599 823 3681 876 οὐκ

2147 900 2211 953 ἐκ
2268 899 2584 970 θελήματος
2643 900 2848 969 σαρκὸς
2895 902 3016 955 οὐδὲ
3057 904 3120 957 ὲκ
3172 904 3469 974 θελήματος
3499 911 3678 981 ἀνδρὸς⁹

2151 991 2270 1045 ἀλλ’
2296 995 2360 1045 ὲκ
2415 991 2735 1060 Πνεύματος
2766 994 2930 1060 ἁγίου
2981 996 3218 1061 κατάθτὺ
3259 1002 3571 1068 προφητικὸν
3611 1002 3683 1054 λό-

2147 1100 2269 1150 γιον
2328 1084 2684 1155 Ἐμμανουήλ
2724 1085 3044 1155 ὠνομάσθη,
3091 1089 3263 1159 ἤγουν
3316 1090 3444 1144 Μεθ’
3479 1093 3616 1162 ἡμῶν
3661 1097 3683 1147 6

2148 1173 2315 1237 Θεός,
2348 1176 2381 1247 ἢ
2429 1176 2673 1245 δηλονότι
2707 1179 2735 1230 6
2774 1178 2908 1241 Θεὸς
2943 1179 3098 1231 ἔσται
3137 1180 3254 1249 μεθ’
3289 1183 3440 1251 ἡμῶν
3484 1183 3583 1235 τῶν
3611 1187 3686 1238 ἀν-

2150 1267 2410 1336 θρώπων,
2450 1268 2620 1338 ἤγουν
2668 1272 2858 1337 ὅμοιος
2915 1271 3048 1339 ἡμῖν
3102 1272 3390 1341 ἄνθρωπος
3434 1275 3572 1329 ἔσται
3608 1280 3687 1329 καὶ

2148 1363 2284 1424 Θεὸς
2311 1367 2338 1415 6
2371 1363 2533 1426 αὐτὸς
2559 1363 2843 1432 ὑπάρχων.
2878 1363 3153 1443 Ὡσαύτως
3181 1365 3236 1418 δὲ
3266 1367 3473 1420 καὶ-διὰ
3494 1369 3578 1420 τοῦ
3603 1386 3687 1421 κα·

2149 1456 2416 1510 λέσουσι
2436 1461 2535 1508 τιν
2559 1456 2772 1521 πληθὺν
2791 1458 2973 1509 πᾶσαν
2995 1457 3187 1525 είρηκε
3216 1457 3324 1511 τῶν
3353 1457 3686 1527 ἁνθρὼπων,ὅ

2151 1547 2249 1599 καὶ
2276 1546 2544 1613 ἐγεγόνει.
2590 1543 2816 1608 Τούτοις
2847 1544 2903 1598 δὲ
2953 1545 3046 1597 καὶ
3077 1545 3145 1599 τὰ
3177 1548 3233 1598 ὲν
3276 1546 3351 1614 τῷ
3387 1546 3584 1617 Βαροὺχ
3609 1545 3686 1600 τοῦ

2160 1639 2439 1709 Ἰερεμίου
2478 1640 2797 1690 παντάπασι
2831 1639 3140 1705 συμφωνεῐο
3181 1635 3351 1699 Οὗτος
3375 1638 3498 1706 γάρ,
3531 1637 3687 1706 φησὶν,

2158 1752 2177 1785 ι
2203 1733 2231 1784 6
2259 1732 2394 1794 Θεὸς
2424 1731 2609 1800 ἡμῶν,
2642 1732 2702 1783 οὐ
2732 1730 3125 1800 λογισθήσεται
3148 1730 3339 1799 ἕτερος
3371 1731 3499 1798 πρὸς
3524 1730 3685 1782 αὐτόν’

468 1824 807 1892 βιασάμενος
864 1824 1099 1893 ιοιμηθῇ
1158 1826 1276 1892 μετ’
1311 1823 1504 1889 αὐτῆς,
1561 1824 1914 1877 ἀποκτενεῖτε
1959 1824 2049 1876 τὸν
2080 1807 2125 1868 Β
2159 1824 2346 1894 ἐξεῦρε
2378 1825 2544 1877 πᾶσιν
2574 1824 2691 1877 ὁδὸν
2727 1824 3062 1891 ἐπιστήμης.
3094 1842 3112 1874 ι
3147 1823 3353 1877 ὡσανεὶ
3376 1820 3567 1887 ἔλεγεν,
3589 1816 3687 1872 Οἵδε

462 1918 759 1985 ἄνθρωπον
799 1915 984 1983 μόνον,
1023 1914 1119 1967 καὶ
1150 1917 1215 1982 τῇ
1249 1914 1452 1966 νεάνιδι
1492 1915 1551 1966 οὐ
1584 1916 1846 1985 ποιήσετε
1875 1916 2049 1970 οὐδέν.

469 2007 582 2061 Καὶ
605 2011 631 2060 ὁ
662 2008 903 2076 Ἔσδρας
931 2008 988 2059 δὲ
1027 2007 1246 2060 νεάνιδα
1276 2007 1434 2060 καλεῖ
1463 2007 1564 2077 τὴν
1589 2007 1668 2078 τῷ
1703 2008 1919 2077 βασιλεῖ
1961 2008 2056 2062 καὶ⁶

465 2103 727 2171 προφήτῃ
769 2100 934 2153 Δαόὶδ
987 2103 1331 2172 γεγηρακὸτι
1387 2103 1852 2172 συγκοιμωμένην
1909 2119 2053 2173 παρ-

463 2195 645 2257 θένον,
681 2195 716 2264 ἢ
766 2195 1150 2262 περιθάλψεως
1176 2196 1350 2265 ραύτῷ
1391 2195 1555 2265 χάριν
1588 2196 1695 2249 ὑπὸ
1727 2199 1927 2265 γήρεος
1950 2213 2055 2250 καο

464 2289 798 2358 τεψυγμένῳ
842 2289 1211 2355 συνεκοιμᾶτο
1258 2292 1353 2339 καὶ
1379 2290 1534 2342 οὐδὲν
1567 2290 1758 2358 ἕτερόν
1789 2308 1864 2344 τι.
1916 2291 2059 2355 Φησὶ

463 2381 575 2449 γάρ
607 2382 687 2433 ὅτι
720 2381 814 2433 καὶ
839 2381 938 2433 οὐκ
969 2378 1111 2447 ἔγνω
1145 2379 1354 2449 ταύτην
1387 2383 1415 2435 6
1466 2366 1749 2451 βασιλεὺς.
1783 2380 1938 2434 Ἐπεὶ
1974 2382 2055 2449 δὲ,

465 2474 659 2543 ὥσπερ
690 2471 941 2539 εἴπομεν,
989 2474 1085 2527 καὶ
1123 2474 1184 2527 τὸ
1217 2475 1506 2527 συλλαϐεῖν
1548 2476 1788 2540 γυναῖκα
1837 2491 2060 2541 συγκοι-

471 2568 735 2638 μωμένην
768 2569 924 2636 ἀνδρὶ
958 2569 1147 2620 καινζν
1172 2568 1327 2620 οὐδὲν
1351 2562 1442 2638 ἦν,
1482 2567 1606 2621 οὐδὲ
1648 2571 1879 2636 σημεῖον
1912 2568 2059 2620 εἰκό-

463 2682 575 2728 τως
606 2663 751 2717 τοῦτ’
784 2664 851 2717 ἂν
906 2665 1165 2716 ὲκᾶλεσεν
1207 2667 1235 2717 6
1264 2666 1576 2733 προφήτης,
1618 2664 1870 2718 λείπεται
1901 2664 2061 2716 τοῦτο

466 2755 717 2823 νομίζειν
770 2754 937 2807 αὑτὸν
994 2756 1277 2826 εἰρηκέναι
1332 2758 1560 2824 σημεῖον
1608 2755 1856 2809 δεδόσθαι
1909 2755 2062 2822 παρὰ

467 2845 631 2910 Θεοῦ,
680 2847 740 2900 τδ
777 2846 1047 2917 παρθένον
1084 2849 1215 2903 ἄνευ
1250 2848 1440 2918 ἀνδρὸς
1470 2852 1700 2901 »τεκεῖνι
1733 2849 1760 2902 ὂ
1804 2848 1964 2920 169
1996 2850 2060 2919 δὴ

469 3043 592 3093 zus,
625 3043 724 3081 nec
746 3026 935 3089 facere
964 3028 1217 3093 voluerit,
1252 3027 1396 3097 quod
1431 3043 1461 3082 a
1507 3026 1615 3081 Deo
1647 3027 1697 3082 ei
1735 3029 2057 3081 mandatum

469 3121 993 3175 crat.Arbitramur
1048 3120 1232 3190 igitur,
1298 3135 1447 3185 cum,
1501 3120 1645 3186 quod
1690 3121 1853 3174 homo
1909 3125 2056 3174 esset

2157 1917 2337 1970 πᾶσαν
2390 1916 2711 1986 ἐπιστήμην
2761 1915 2836 1976 ὡς
2890 1914 3197 1976 αὖτοσοφία
3239 1914 3336 1979 ὢν,
3384 1916 3475 1968 καὶ
3521 1917 3689 1976 πάντας

2156 2014 2283 2073 τοὺς
2308 2010 2500 2078 λόγους
2533 1992 2713 2064 αὐτῶν
2750 2009 2828 2066 ὡς
2855 2009 3200 2080 δημιουργὸς
3229 2009 3416 2063 αὐτῶν
3445 2007 3535 2071 ὢν,
3577 2026 3592 2059 ι
3618 2008 3711 2071 ut

2158 2104 2359 2157 ἔδωκεν
2412 2104 2586 2174 αὐτὴν
2630 2102 2833 2157 Ἰακὼϐ
2888 2102 2966 2171 τῷ
3002 2102 3157 2155 παιδὶ
3210 2101 3401 2164 αὑτοῦ.
3439 2120 3457 2154 ι
3489 2102 3594 2170 ἦτοι
3630 2098 3689 2170 τῷ

2155 2197 2329 2268 δούλῳ
2352 2195 2541 2264 αὑτοῦ,
2582 2216 2602 2249 ι
2640 2197 2740 2251 καὶ
2774 2196 2997 2265 Ἰσραὴλ
3027 2194 3105 2265 τῷ
3138 2196 3487 2265 ἠγαπημένῳ
3513 2193 3689 2248 ὑπἀὐ-

2156 2292 2285 2343 τοῦ·
2317 2288 2458 2359 μετὰ
2507 2290 2564 2342 δὲ
2621 2285 2800 2341 ταῦτα
2846 2289 2940 2341 ἐπὶ
2973 2287 3073 2355 τῆς
3130 2287 3240 2358 γῆς
3285 2283 3439 2357 ὤφθη
3485 2285 3690 2348 καὶτοῖς

2159 2383 2473 2452 ἀνθρώποις
2510 2381 2951 2450 συνανεστράφη.
2991 2398 3009 2427 ι

2229 2474 2389 2537 Eho;
2435 2476 2618 2544 ἐρωτᾷ
2643 2492 2658 2506 θ
2715 2493 2734 2525 ι
2769 2473 3017 2542 Μῃδενός
3050 2491 3134 2526 πω
3182 2474 3295 2527 τῶν
3336 2475 3392 2540 ἐξ
3442 2472 3637 2536 αἰῶνος,
3662 2466 3690 2524 ὗ

2162 2566 2408 2636 βασιλεῦ.
2466 2565 2774 2637 ἀνθρώπων
2821 2568 2962 2634 ὑπὲρ
3000 2568 3068 2619 τὰ
3107 2568 3262 2637 χίλια
3313 2567 3408 2633 ἐτη
3452 2568 3691 2636 ζήσαντος,

2161 2658 2276 2721 πῶς
2295 2659 2456 2712 αὐτὸν
2478 2660 2569 2711 τὸν
2591 2658 2839 2712 Μεσσίαν
3050 2660 3423 2728 τετρακοσίων
3444 2658 3593 2724 ἐγγὺς
3618 2655 3690 2725 ἤδη

2162 2751 2256 2802 καὶ
2290 2750 2480 2819 χιλίων
2516 2751 2924 2820 παρῳχηκότων
2954 2747 3227 2802 ἐνιαυτῶν
3256 2750 3338 2802 ἔτι
3370 2748 3467 2819 ζῇν
3510 2745 3695 2813 ὑπειλὴ-

2162 2860 2339 2912 φατε;
2377 2842 2668 2898 Ἀδύνατον
2701 2844 2832 2914 γάρ.
2865 2843 2928 2897 El
2955 2841 3001 2896 δ’
3035 2844 3337 2899 ἀποθανεῖν
3364 2842 3571 2915 φαίητε,
3594 2835 3696 2909 ψεῦ-

2161 3037 2469 3092 parumqne
2502 3023 2896 3077 convenienter
2933 3021 3041 3077 hoc
3070 3023 3339 3090 propheta
3398 3023 3593 3094 signum
3622 3031 3693 3071 no—

2163 3117 2472 3171 minaturus
2523 3116 2741 3183 fuisset,
2782 3115 3130 3186 relinquitur,
3162 3130 3225 3171 ut
3280 3126 3543 3187 putemus,
3599 3124 3694 3166 eum

469 3214 714 3267 vanitate
747 3226 801 3268 et
838 3214 1079 3267 amentia
1110 3213 1436 3277 obstrictus,
1468 3230 1531 3267 ac
1564 3214 2057 3284 pseudoprophetis
2084 3184 2128 3241 θ
2164 3207 2267 3261 hoc
2296 3209 2511 3275 signum
2545 3223 2573 3261 a
2618 3207 2725 3261 Deo
2754 3207 2943 3261 datum
2987 3207 3054 3261 iri
3100 3208 3313 3272 dicere,
3349 3216 3406 3263 ut
3459 3207 3611 3268 virgo,
3634 3199 3696 3253 vi-

470 3316 525 3359 et
552 3304 795 3360 fatidicis
822 3315 877 3359 et
908 3306 1067 3359 istius
1100 3308 1317 3373 generis
1371 3306 1496 3359 aliis
1533 3308 1925 3376 impostnribus
1976 3309 2061 3363 in-

471 3399 673 3460 itiaret,
707 3400 890 3452 divina
926 3399 1180 3451 mandata
1211 3408 1565 3453 contemnere
1596 3410 1705 3454 n0n
1738 3412 2058 3456 cunctatum

471 3505 613 3546 esse.
656 3489 808 3544 Unde
848 3490 1041 3553 Isaias,
1080 3491 1427 3545 insolentiam
1475 3493 1634 3546 istam
1678 3504 1733 3546 et
1768 3494 2060 3562 impuden-

474 3584 603 3636 tiam
632 3583 681 3637 ei
741 3583 1131 3651 exprobrans:
1180 3602 1197 3632 ι
1240 3582 1471 3645 Idcirco,
1525 3583 1726 3651 inquit,
1794 3583 2061 3641 Dominus

471 3673 588 3742 ipse
647 3674 805 3728 dabLt
868 3674 1025 3728 vobis
1086 3675 1325 3743 signum.
1370 3693 1388 3725 ι
1451 3674 1553 3740 Qui
1609 3676 1855 3730 videlicet
1912 3677 2062 3729 misit

474 3784 562 3821 nte
598 3768 664 3820 ad
707 3778 758 3822 te
793 3766 1081 3835 profanum
1114 3775 1165 3819 et
1195 3766 1421 3836 impium
1448 3780 1503 3820 et
1565 3766 1917 3821 insultantem
1962 3767 2064 3820 im-

470 3860 641 3927 periis
688 3859 910 3913 divinis.
968 3858 1081 3911 Noli
1141 3858 1288 3913 enim
1350 3858 1690 3923 existimare,
1761 3874 1846 3913 me
1887 3859 1953 3915 ad
1999 3869 2053 3913 te

472 3953 710 4007 missum
736 3968 879 4015 esse,
908 3952 1036 4021 quia
1065 3951 1265 4021 dignus
1291 3953 1366 4007 sis
1396 3971 1408 4006 :
1445 3953 1674 4005 multmn
1737 3952 1913 4007 abest.
1961 3952 2066 4006 Ita—

470 4061 580 4116 que
607 4060 713 4099 non
746 4056 968 4114 propter
996 4054 1066 4108 te,
1134 4046 1228 4099 sed
1261 4056 1482 4113 propter
1508 4045 1732 4099 domum
1789 4042 1951 4110 Juda,
2008 4052 2065 4098 et

472 4140 766 4193 univorsos
806 4137 951 4191 ﬁlios
987 4136 1153 4190 Israel
1198 4136 1402 4191 missus
1464 4152 1611 4189 sum.
1661 4155 1679 4186 ι
1725 4134 1931 4190 Idcirco
1964 4137 2064 4206 igi-

476 4236 566 4280 tur
596 4225 867 4280 Dominus
905 4225 1023 4293 ipse
1052 4225 1201 4278 dabit
1240 4226 1396 4280 vobis
1427 4226 1663 4296 signum.
1726 4227 1867 4280 I'Jcce
1911 4229 2063 4298 virgo

471 4320 770 4389 concipiet,
798 4328 852 4372 et
885 4318 1062 4386 pariet
1093 4318 1283 4380 liliutn,
1319 4328 1374 4371 et
1397 4319 1668 4373 vocabunt
1696 4335 1895 4374 nomen
1943 4322 2064 4390 ejus

473 4409 911 4465 Emmanuelem.
952 4427 973 4460 ι
1015 4408 1172 4475 Quod
1225 4408 1295 4473 si,
1357 4419 1415 4463 ut
1471 4419 1525 4465 tu
1591 4411 1753 4476 dicis,
1799 4413 2063 4482 propheta

472 4502 970 4565 adolescentulam,
1003 4516 1210 4556 marem
1241 4517 1484 4571 passam,
1513 4517 1905 4574 concepturam
1931 4521 2057 4562 esse
2093 4527 2138 4581 υ

474 4598 821 4668 praediceret,
850 4609 1084 4665 prorsus
1113 4594 1355 4665 ineptum
1418 4594 1559 4650 foret
1587 4606 1640 4650 et
1671 4597 1740 4651 ab
1794 4598 1945 4652 omni
1978 4614 2065 4651 ra-

479 4691 628 4745 tione
663 4690 927 4756 alienum,
989 4688 1133 4744 istud
1200 4690 1418 4754 signum
1455 4689 1755 4760 appellare.
1789 4688 2063 4744 Praeterea

476 4780 943 4836 adolescentulam
1005 4796 1103 4850 pro
1135 4779 1346 4850 virgine
1410 4781 1643 4849 positam
1698 4779 1972 4845 invenies,
2017 4780 2062 4835 si

474 4874 795 4940 attenderis,
830 4874 884 4929 in
946 4872 1400 4936 Deuteronomio,
1457 4873 1550 4927 ubi
1616 4874 1732 4927 haec
1769 4873 2063 4944 leguntur:

484 4988 502 5019 ι
541 4970 595 5023 Si
620 4972 816 5039 quisin
853 4984 985 5039 agro
1008 4969 1294 5024 violaverit
1325 4966 1821 5029 adolescentulam,
1852 4986 1871 5019 ι
1906 4967 1957 5022 id
1981 4979 2068 5025 est

478 5061 787 5132 virginem;
854 5069 909 5115 et
966 5060 1119 5124 alibi,
1190 5077 1209 5111 ι
1261 5058 1317 5113 Si
1382 5059 1506 5127 quis
1557 5058 1833 5113 invenerit
1892 5061 2061 5117 ﬁliam

474 5167 739 5221 sponsam
772 5154 937 5221 eique
965 5154 1014 5205 vi
1047 5150 1611 5225 facta‘concuimerit.
1675 5151 1945 5207 occidetis
1970 5169 2065 5208 so-

478 5248 587 5300 lum
622 5247 921 5307 hominem,
976 5246 1027 5299 in
1081 5242 1547 5298 adolescentulam
1577 5242 2004 5301 nihilstatnctis.
2040 5266 2058 5300 ι

477 5339 657 5409 Atque
691 5340 893 5393 Esdras
928 5337 1195 5408 virginem
1230 5336 1380 5388 illam
1437 5350 1561 5387 cum
1599 5333 1804 5392 Davide
1853 5355 1979 5408 rege.
2011 5351 2065 5393 ct

474 5431 742 5499 propheta
772 5429 884 5498 jam
934 5432 1088 5484 senio
1141 5427 1395 5481 confecto
1454 5428 1767 5494 cubantem,
1829 5446 1938 5485 non
1994 5435 2067 5487 ob

475 5523 645 5586 aliud,
686 5520 788 5574 nisi
824 5532 881 5572 ut
915 5520 1072 5574 annis
1099 5519 1211 5589 jam
1243 5517 1535 5589 frigentem
1591 5520 1818 5589 foveret,
1877 5525 2063 5595 adole-

476 5614 785 5667 scentulam
816 5621 993 5668 vocat.
1020 5612 1163 5666 Dicit
1221 5613 1367 5666 enim
1401 5627 1429 5666 ε
1474 5628 1599 5681 rege
1654 5613 1772 5667 eﬂn
1809 5630 1915 5668 non
1959 5616 2064 5670 ini—

480 5704 589 5755 tam
632 5718 774 5758 esse.
812 5702 1084 5770 Quoniam
1114 5703 1299 5773 igitur,
1373 5712 1431 5757 ut
1478 5704 1743 5773 diximus,
1797 5705 2060 5761 lctninam

476 5806 509 5845 α
559 5795 675 5850 viro
734 5811 1110 5866 compressam
1145 5798 1437 5868 concipere
1490 5797 1629 5852 nihil
1685 5814 1883 5852 novum
1925 5810 2059 5866 erat,

2165 3313 2286 3352 rum
2340 3298 2565 3351 minime
2612 3313 2798 3365 passa,
2873 3299 3043 3352 ﬁlium
3107 3299 3340 3354 ederet:
3413 3296 3546 3367 quod
3598 3305 3699 3348 Sane

2162 3395 2420 3438 eventum
2455 3385 2666 3448 habuit,
2723 3387 3084 3454 quantumvis
3142 3404 3246 3442 vos
3289 3390 3557 3442 veritatem
3587 3396 3700 3436 mar-

2165 3477 2301 3532 cidis
2327 3478 2581 3546 maleque
2611 3479 3040 3541 cohaerentibus,
3075 3489 3190 3545 aut,
3237 3493 3295 3534 ιιι
3322 3481 3492 3534 dicant
3516 3476 3701 3537 rectius,

2164 3569 2380 3623 stolidis
2430 3569 2771 3637 argumentis
2827 3581 3074 3625 evertere
3108 3573 3409 3626 conamini.
3449 3569 3551 3623 Nec
3595 3563 3700 3619 illud

2165 3660 2247 3715 fas
2279 3670 2363 3717 est
2428 3675 2569 3737 nos]
2595 3661 2898 3730 prasterire,
2952 3662 3055 3717 nisi
3097 3664 3150 3715 in
3189 3665 3402 3733 virgine
3436 3661 3590 3716 Maria
3622 3658 3702 3712 hoc

2165 3754 2381 3822 signum
2421 3764 2677 3807 eventum
2712 3752 3015 3817 habuisset,
3048 3756 3330 3823 quomodo
3367 3770 3432 3808 ex
3459 3773 3517 3807 ea
3552 3761 3700 3811 natust

2167 3863 2275 3901 non
2309 3862 2376 3900 ex
2430 3848 2711 3901 voluntate
2766 3847 2973 3911 carnis,
3024 3861 3124 3900 nec
3171 3862 3241 3902 ex
3297 3848 3567 3899 voluntate
3605 3838 3700 3903 viri,

2166 3940 2261 3996 sed
2293 3954 2358 3993 ex
2390 3937 2597 4007 Spiritu
2643 3946 2835 3993 sancto
2869 3937 3172 3991 secundum
3216 3938 3489 4007 prophetae
3543 3944 3699 3987 oracu-

2168 4034 2279 4087 lum
2347 4041 2577 4087 vocatus
2638 4032 2711 4087 sit
2772 4028 3118 4092 Emmanuel,
3187 4028 3243 4083 id
3290 4040 3391 4096 est,
3446 4026 3701 4081 Nobiscum

2166 4125 2312 4181 Deus
2343 4141 2488 4193 :quo
2512 4126 2771 4178 nimirum
2825 4122 3176 4193 signiﬁcavit,
3237 4122 3407 4178 Deum
3457 4120 3700 4175 nobiscum

2169 4219 2283 4275 fore
2311 4220 2407 4288 qui
2435 4233 2632 4280 sumus
2653 4217 2925 4279 homines,
2957 4216 3073 4271 sive
3121 4216 3355 4271 similem
3388 4214 3535 4270 nobis
3558 4205 3705 4264 Immi-

2170 4328 2291 4367 netn
2322 4311 2440 4365 fore
2467 4320 2523 4365 et
2553 4300 2737 4364 tamen
2772 4308 3025 4363 eumdem
3055 4307 3248 4364 Deum.
3277 4307 3433 4373 Quod
3456 4313 3508 4360 et
3533 4302 3703 4359 factum

2167 4413 2271 4457 est.
2322 4401 2468 4456 Idem
2525 4401 2693 4455 verbo
2754 4418 2773 4451 ι
2839 4400 3117 4455 vocabunt
3165 4418 3184 4453 ι
3250 4401 3464 4472 generis
3516 4388 3746 4457 humani

2168 4493 2584 4547 universitatem
2640 4490 3008 4561 signiﬁcavit:
3045 4492 3191 4562 quod
3226 4502 3282 4547 et
3337 4492 3511 4561 ipsum
3540 4491 3704 4542 eventu

2168 4584 2589 4653 comprobatum
2638 4594 2740 4637 est.
2783 4581 2920 4636 Cum
2972 4583 3058 4638 bis
3103 4582 3266 4638 etiam
3320 4581 3561 4638 Jeremire
3608 4586 3706 4642 quit

2167 4684 2297 4730 sunt
2326 4676 2470 4744 apud
2507 4675 2822 4729 Baruchum
2849 4676 3063 4744 penitus
3092 4677 3465 4732 consentiunt.
3496 4672 3543 4726 ls
3566 4668 3706 4729 enim.

2175 4786 2193 4822 ι
2237 4771 2380 4837 Deus
2412 4778 2620 4835 noster,
2654 4769 2849 4837 inquit.
2881 4783 2991 4824 non
3054 4770 3351 4825 habebitur
3398 4769 3629 4824 diversus
3650 4757 3706 4812 ab

2166 4879 2251 4919 eo.
2279 4834 2497 4918 invenit
2544 4862 2805 4919 omnibus
2834 4868 2977 4918 viam
3014 4864 3281 4928 scientiae,
3324 4882 3344 4917 ι
3395 4859 3544 4931 quasi
3578 4854 3709 4910 dice:

2169 4966 2273 5035 ret,
2332 4956 2489 5010 novit
2519 4970 2743 5010 omnem
2779 4954 3091 5020 scientiam,
3137 4963 3197 5009 ut
3250 4953 3345 5025 qui
3374 4961 3457 5009 est
3509 4952 3614 5020 ipsa
3634 4958 3706 4998 sa-

2167 5051 2407 5121 pientia,
2466 5058 2521 5105 et
2570 5065 2765 5104 omnes
2826 5065 3113 5105 sermones
3171 5063 3384 5110 eorum,
3445 5053 3499 5099 ut
3545 5048 3706 5096 eorum

2165 5128 2443 5205 conditor,
2484 5160 2502 5194 ι
2550 5150 2714 5211 atque
2755 5139 2907 5195 dedit
2950 5157 3070 5195 eam
3097 5140 3303 5197 Jacobo
3350 5152 3514 5209 puero
3556 5142 3706 5193 suo,t

2167 5235 2219 5289 id
2244 5245 2348 5299 est,
2378 5246 2540 5289 servo
2572 5248 2693 5298 suo,
2742 5251 2761 5284 ι
2810 5242 2864 5287 et
2894 5231 3079 5288 lsraeli
3117 5248 3147 5287 a
3182 5247 3240 5286 se
3292 5231 3524 5290 dilecto;
3551 5231 3710 5294 postea

2168 5341 2352 5381 autem
2387 5328 2440 5381 in
2478 5336 2623 5383 terra
2663 5327 2811 5382 visus
2841 5335 2897 5381 et
2936 5342 3060 5381 cum
3093 5323 3410 5380 hominibus
3454 5324 3712 5377 conversa-

2169 5431 2256 5476 tus
2280 5431 2384 5475 est.
2425 5438 2443 5470 ι

2238 5514 2428 5569 chus
2460 5512 2819 5583 interrogavit
2847 5530 2861 5568 :
2894 5530 2913 5563 ι
2943 5509 3081 5566 Cum
3112 5519 3233 5579 post
3266 5505 3511 5562 homines
3555 5503 3709 5559 natalia

2169 5611 2489 5679 imperator,
2525 5610 2710 5662 nullus
2743 5621 2984 5676 unquam
3018 5606 3159 5658 ultra
3191 5614 3366 5657 annos
3407 5597 3546 5653 mille
3579 5591 3709 5645 vixe-

2171 5706 2262 5768 rit,
2298 5719 2409 5773 quo
2449 5712 2607 5771 pacto
2639 5701 2816 5772 ipsum
2849 5699 3099 5755 Messiam
3121 5699 3230 5768 jam
3245 5692 3417 5749 'annis
3446 5691 3561 5762 plus
3582 5681 3708 5738 mille

2169 5811 2218 5854 et
2243 5799 2659 5870 quadringentis
2689 5792 2977 5867 prtcteritis
3000 5794 3181 5848 adhuc
3198 5790 3377 5846 vivere
3398 5775 3669 5856 opinamini
3688 5772 3708 5822 7
