3964 6430
440 326 546 392 779
1673 334 2004 397 GEORGII

2113 337 2158 396 Η
2174 339 2215 396 Β
2228 339 2269 394 Α
2283 339 2491 398 NTZJE
3577 358 3655 420 πο

512 449 718 520 Παρὼν
766 451 863 504 καὶ
911 449 1195 517 Ματθαίος
1242 452 1270 504 ό
1303 452 1660 526 ἱερομόναχος
1703 457 1797 510 καὶ
1855 457 2030 528 μέγας
2063 462 2106 519 Α
2137 461 2414 532 προτέραν
2445 461 2774 532 ἐπιφάνειάν
2817 479 2912 516 του
2943 464 3296 534 προθεσπίζει
3339 469 3426 522 καὶ
3456 471 3656 528 δείκνυσι

441 544 930 635 πρωτοσύγκελλος
959 537 1221 617 βασιλικῇ
1251 549 1554 618 προστάξει
1580 547 1758 603 ταῦτα
1791 549 1895 620 ἐφη
1930 552 2026 604 καὶ
2131 553 2222 607 τὸν
2257 555 2396 624 μετὰ
2421 554 2681 627 Ἰωάννην
2711 556 2802 610 τδν
2834 557 3144 628 βαπτιστὴν
3187 563 3397 634 ἐκείνης
3425 569 3658 635 προηγού.

437 633 826 706 ἃπελογίσατο.
865 639 976 692 Καὶ
1015 641 1043 692 6
1075 639 1174 709 μὲν
1201 639 1366 703 Ξένος
1396 640 1620 712 ἐρωτῶν
1641 636 1799 696 εἶπεν
1827 642 2023 725 οὕτως,
2135 664 2298 716 μενον
2329 664 2342 678 ·
2369 668 2386 700 ι
2410 647 2546 702 Ἰδοὺ
2577 649 2687 718 γὰρ
2713 648 2846 717 ἐγὼ,
2883 650 3082 721 λέγων,
3112 633 3450 717 ἐξαποστελῶ
3468 633 3552 711 τὴν
3576 660 3657 725 άτ-

435 732 511 797 ῶς
530 752 550 786 t
578 734 718 805 Ἤδη
745 731 839 787 τὸν
869 734 973 805 μὲν
1002 734 1254 789 Μεσσίαν
1275 735 1591 804 ἐληλυθέναι
1614 737 1774 805 φατὲ,
1797 722 2025 791 τὸνΘε-
2131 741 2290 810 γελόν
2323 761 2426 812 μου
2450 745 2560 814 πρὸ
2589 743 2889 815 προσώπου
2923 764 3041 812 σου,
3070 747 3129 809 ὃς
3177 753 3554 804 κατασκευάσει
3579 722 3658 822 την

438 825 630 898 σόίτην
661 827 736 895 μὴ
756 827 965 898 ἥκοντα
997 826 1141 882 κατὰ
1166 828 1264 892 τὰς
1286 828 1396 882 τῶν
1426 829 1730 899 προφητῶν
1761 830 1950 902 ῥήσεις
1971 850 2018 897 ;›
2129 833 2248 887 ὁδόν
2283 852 2378 888 σου
2408 834 2723 906 ἔμπροσθέν
2761 854 2878 902 σου,
2931 841 3030 892 καὶ
3073 839 3418 909 ὲπιϐλέᾥεται
3449 844 3551 914 ὁδὸν
3575 846 3660 914 πρὸ

446 924 506 977 ’0
532 923 814 985 Ματθαῖος
843 920 1204 991 ἀποκριθείς·
1247 941 1266 974 t
1303 921 1594 990 Ἄκουσον,
1632 918 1678 979 ὧ
1722 925 1877 993 Ξένε,
1929 925 2025 980 καὶ
2129 928 2435 998 προσώπου
2466 948 2564 986 σου
2587 947 2600 962 ·
2630 932 2727 986 καὶ
2758 930 3022 1002 ἐξαίφνης
3056 933 3175 1004 ἥξει
3225 936 3304 999 είς
3335 936 3422 988 τὸν
3448 909 3558 990 vis.
3585 909 3660 990 αῖ)-

437 1017 623 1084 σύνες.
655 1018 758 1072 Δύο
788 1017 884 1080 τὰς
916 1016 1010 1070 τοῦ
1043 1015 1285 1090 Χριστοῦ
1315 1017 1632 1088 παρουσίας
1661 1020 1711 1073 οί
1740 1023 2022 1090 προφῆται
2128 1021 2225 1076 τοῦ
2267 1024 2494 1088 Κύριος.
2536 1044 2554 1077 ι
2607 1024 2833 1078 Πάντων
2863 1027 2972 1099 γὰρ
3006 1027 3340 1094 ἀγνοούντων
3370 1032 3394 1082 ὁ
3435 1032 3661 1100 statim;

436 1114 802 1186 κηρύττουσι,
857 1111 1068 1182 ταύτην
1096 1128 1157 1164 τε
1192 1112 1293 1183 τὴν
1339 1111 1442 1183 ἤδη
1492 1115 1882 1185 γεγενημένην
1926 1115 2025 1170 καὶ
2127 1115 2285 1180 τόκος
2329 1118 2552 1186 ἐγένετο
2578 1133 2592 1147 ⁸
2625 1119 2757 1171 ναὸν
2804 1119 2914 1190 γὰρ
2945 1119 3045 1188 τὴν
3078 1119 3419 1190 ἀνθρωπείαν
3447 1121 3656 1190 ὠνὸμαςε

431 1208 532 1279 τὴν
587 1208 669 1272 εἰς
704 1207 897 1260 ἔπειτα
934 1209 1000 1276 τῇ
1033 1205 1261 1276 τελευτῇ
1307 1204 1402 1258 τοῦ
1458 1205 1671 1274 κόσμου
1705 1207 2022 1278 φανησομέ-
2061 1193 2068 1198 ’
2130 1210 2318 1280 φύσιν,
2352 1213 2419 1282 ἦν
2467 1215 2494 1266 6
2531 1212 2670 1275 Θεὸς
2708 1213 2884 1280 Λόγος
2917 1213 3173 1268 ἀνέλαϐε.
3209 1215 3346 1285 Πρὸς
3375 1215 3428 1268 δὲ
3463 1217 3520 1284 τῇ
3549 1230 3658 1282 προ-

430 1317 557 1373 νηνο
592 1303 689 1356 καλ⁴
716 1300 820 1370 τῆς
854 1300 956 1371 μὲν
989 1301 1144 1371 μιᾶς,
1194 1301 1297 1369 τῆς
1329 1298 1595 1367 δευτέρας
1620 1299 1850 1371 δηλαδὴ,
1881 1301 2019 1372 πρό·
2125 1303 2266 1376 τέρᾳ
2298 1305 2394 1357 καὶ
2436 1303 2536 1375 τὴν
2563 1306 2823 1376 δευτέραν
2868 1305 3082 1360 ἔλευσιν
3133 1307 3468 1377 ὑπογράφει·
3510 1327 3525 1357 ι
3555 1309 3660 1359 ’l’ob

428 1396 633 1465 δρομον
661 1393 884 1448 ἔσεσθαι
911 1392 1003 1446 τὸν
1040 1391 1236 1445 Ἠλίαν
1261 1391 1510 1460 λέγουσι,
1539 1392 1638 1462 τῆς
1666 1391 1722 1445 δὲ
1747 1394 2022 1465 προτέρας
2125 1395 2350 1470 ἔρχεται
2381 1397 2588 1469 Κύριος
2617 1401 3040 1470 παντοκράτωρ,
3066 1400 3164 1453 καὶ
3184 1402 3264 1464 τίς
3293 1399 3664 1470 ὑπομενείἠμέ-

439 1486 700 1556 οιωάννης
732 1485 977 1554 ἐγένετο,
1018 1482 1079 1538 ὃν
1103 1482 1342 1551 ἄγγελον
1374 1482 1474 1552 μὲν
1509 1483 1535 1536 6
1564 1484 1852 1553 προφήτης
1884 1481 2020 1536 ῶνό-
2130 1507 2232 1560 ραν
2262 1490 2474 1543 εἰσόδου
2526 1490 2716 1556 αὑτοῦ,
2748 1491 2780 1561 ἢ
2815 1496 2899 1552 τίς
2949 1491 3320 1561 ﬁngamus“,
3355 1493 3410 1544 ὲν
3440 1493 3501 1561 τῇ
3533 1487 3662 1561 1⁷4

428 1597 572 1651 μασε
603 1579 916 1649 Μαλαχίας,
961 1579 1023 1631 ού
1076 1576 1237 1647 μόνον
1264 1575 1340 1640 ὡς
1389 1576 1488 1647 τὴν
1532 1577 1809 1648 προτέραν
1849 1578 2018 1633 αὑτοῦ
2125 1582 2368 1654 ὀπτασίᾳ.
2428 1583 2634 1650 adrui;
2693 1582 3054 1654 ἀδυσώπητος
3109 1584 3378 1638 καθιείται
3427 1588 3596 1654 κριτὴς
3639 1585 3658 1634 ὁ

426 1676 740 1748 παρουσίαν
772 1673 942 1742 ἔγγὺς
969 1668 1138 1725 οὖσαν
1173 1670 1472 1742 μηνύοντα,
1511 1671 1648 1724 ἀλλὰ
1678 1673 1772 1725 καὶ
1794 1672 1867 1736 ὠς
1902 1672 2018 1743 βίον
2125 1677 2416 1740 ἀποδιδοὺς
2448 1679 2664 1749 ἑκάστῳ
2697 1679 2843 1732 κατὰ
2888 1679 2959 1732 τὰ
3009 1679 3152 1750 ἔργα
3183 1679 3372 1732 αὑτοῦ.
3415 1701 3431 1726 ι
3462 1671 3576 1729 Εἶτα
3603 1675 3666 1727 δι-

425 1770 830 1838 ἁσπασάμενον
887 1765 1089 1836 μικροῦ
1122 1765 1215 1819 τοῦ
1256 1766 1367 1819 τῶν
1392 1765 1644 1836 ἀγγέλων
1684 1767 1741 1834 ἐξ
1783 1767 2017 1837 ἐφαμίλ·
2053 1814 2095 1870 Β
2126 1771 2320 1826 δάσκει
2353 1771 2422 1824 τὰ
2450 1773 2592 1825 κατὰ
2630 1773 2728 1844 τὴν
2761 1773 3041 1843 προτέραν
3083 1771 3242 1836 αὖθις
3281 1771 3570 1842 παρουσίαν
3591 1767 3660 1821 ὑπ’

423 1865 518 1917 λου
547 1862 856 1934 χωροῦντα.
906 1859 1096 1913 Ἠλίαν
1129 1858 1186 1912 δὲ
1214 1859 1310 1913 καὶ
1342 1859 1534 1912 τοῦτον
1565 1861 1593 1911 6
1621 1860 1860 1928 Χριστὸς
1889 1861 2016 1914 ὲκά-
2053 1858 2095 1870 “’
2125 1863 2295 1919 αὐτοῦ
2338 1863 2595 1933 δρώμενα
2620 1879 2635 1894 ο
2666 1882 2686 1916 t
2740 1863 2888 1917 Διότι
2933 1863 3099 1928 αὐτὸς
3155 1864 3443 1935 πορεύεται
3480 1861 3544 1924 ὡς
3574 1859 3660 1930 πῦρ

421 1959 529 2022 λει,
564 1955 664 2011 οὐκ
692 1952 885 2025 ἐπειδὴ
927 1951 1117 2014 Ἠλίας
1149 1946 1238 2024 ἦν.
1271 1952 1387 2005 ἀλλ’
1409 1952 1567 2024 173
1601 1953 1686 2006 δτι
1713 1953 1814 2025 τὴν
1843 1953 2014 2024 αὐτὴν
2105 1959 2492 2038 κχωνευτηρίου
2525 1957 2621 2013 καὶ
2664 1957 2740 2020 ὡς
2782 1958 2893 2012 πόα
2923 1957 3259 2025 πλυνόντων,
3293 1959 3384 2012 καὶ
3428 1955 3660 2010 καθιεῖται

421 2051 618 2120 ἐκείνῳ
687 2046 920 2118 πληρῶν
956 2045 1228 2115 ἐτύγχανε
1281 2045 1602 2101 διακονίαν·
1655 2046 1849 2114 ὥσπερ
1907 2049 2012 2116 γὰρ
2120 2052 2378 2126 χωνεύων
2426 2053 2524 2106 καὶ
2577 2051 2894 2122 καθαρίζων
2928 2051 2990 2105 τὸ
3037 2051 3306 2123 ἀργύριον
3352 2050 3444 2105 καὶ
3478 2049 3531 2102 τὸ
3554 2065 3661 2119 χρυ·

419 2148 628 2209 ἐκεῖνος
680 2142 994 2212 πρόδρομος
1030 2138 1187 2192 ἔσται
1230 2139 1331 2210 τῆς
1362 2138 1628 2210 δευτέρας
1675 2139 2012 2210 παρουσίας,
2063 2137 2066 2141 ’
2121 2147 2260 2200 σέον.
2295 2164 2313 2197 ›
2350 2145 2619 2216 Σημαίνει
2649 2143 2707 2198 δὲ
2739 2143 2828 2196 διὰ
2857 2143 3066 2198 τούτων
3091 2147 3121 2198 6
3171 2145 3452 2216 προφήτης
3479 2142 3567 2212 τὴν
3590 2139 3658 2193 διὰ

419 2241 563 2294 οὕτω
613 2240 712 2292 καὶ
763 2228 919 2295 οὗτος
971 2233 1072 2303 τῆς
1127 2233 1407 2304 προτέρας
1442 2233 1687 2302 ἐγένετο.
1745 2232 1823 2286 Οὔ
1859 2231 2011 2303 παρὰ
2118 2237 2212 2292 τοῦ
2245 2239 2404 2310 ἁγίου
2428 2235 2752 2307 Πνεύματος
2780 2235 3073 2306 κάθαρσιν,
3104 2237 3171 2307 ἢν
3194 2234 3660 2306 θεανδρικῶςόΛίο

417 2332 582 2389 τοῦτο
606 2330 667 2386 δὲ
711 2330 896 2398 μόνον,
931 2325 1049 2381 ἀλλ’
1083 2326 1165 2379 ὅτι
1199 2325 1299 2378 καὶ
1333 2324 1451 2395 βίον
1487 2323 1680 2396 μετῄει
1723 2325 2012 2396 κατάκρας
2118 2347 2214 2396 γος
2271 2328 2743 2398 πολιτευσάμενος
2805 2328 2940 2397 ἡμῖν
2968 2327 3269 2398 ἐχαρίσατο
3293 2343 3308 2359 ο
3365 2328 3455 2379 καὶ
3486 2328 3580 2396 γὰρ
3617 2326 3660 2376 ἐν

415 2427 496 2497 τῷ
527 2426 740 2481 ἐκείνου
769 2421 1166 2495 συμϐαίνοντα.
1203 2418 1348 2474 Ἀλλ’
1381 2420 1432 2472 oi
1469 2419 1569 2490 μὲν
1595 2418 1879 2497 προφῆται
1914 2416 2013 2472 καὶ
2114 2423 2293 2493 τούτῳ
2348 2421 2633 2491 μυστικῶς
2685 2421 2813 2485 τοὺς
2845 2420 3178 2490 προσιόντας
3227 2419 3544 2492 ἀναχωνεύει
3588 2416 3662 2470 κιὶ

414 2521 749 2592 ἀμφοτέρων
771 2517 1095 2587 μέμνηνται
1130 2513 1340 2568 τούτων
1375 2513 1470 2567 καὶ
1502 2514 1632 2577 τοὺς
1663 2496 2010 2582 προωδευκό·
2114 2516 2387 2584 νεουργεῖ,
2417 2513 2492 2583 τῷ
2526 2514 2662 2584 πυρὶ
2689 2513 2786 2567 τοῦ
2817 2513 3143 2582 Πνεύματος
3165 2513 3462 2583 χρώμενος,
3489 2507 3567 2565 οἶα
3584 2509 3661 2581 δη-

412 2633 513 2679 τας
557 2611 832 2682 ἑκατέρας
866 2609 1240 2680 κηρύττουσιν
1263 2623 1276 2638 ·
1312 2606 1472 2677 ὑμεῖς
1504 2605 1562 2659 δὲ
1602 2604 1700 2677 τὴν
1734 2605 1834 2676 μὲν
1868 2619 2008 2676 προ·
2117 2607 2404 2678 μιουργὸς,
2430 2609 2458 2661 6
2488 2607 2770 2676 Δεσπότης
2799 2624 2813 2638 ·
2842 2607 3100 2677 καθάπερ
3134 2609 3242 2662 τινὶ
3291 2609 3397 2680 πόα
3434 2607 3504 2678 τῷ
3536 2604 3659 2660 ὕδατι

409 2710 579 2782 τέραν
607 2709 734 2776 σιγῇ
771 2702 1103 2769 κακούργως
1139 2699 1514 2772 παρέρχεσθε,
1557 2698 1675 2767 εἴγε
1701 2699 1798 2753 καὶ
1830 2698 1908 2768 τῷ
1933 2697 2010 2770 νῷ

415 2803 520 2874 τῆς
567 2798 798 2868 Γραφῆς
831 2793 1077 2862 ἀτεχνῶς
1108 2791 1459 2857 ἱπιϐάλλετε,
1505 2791 1606 2862 τῆς
1641 2791 1699 2844 δὲ
1744 2791 2008 2858 δευτέρας

418 2889 705 2965 μέμνησθε
739 2889 933 2959 μόνης,
963 2879 1032 2958 ἦς
1059 2887 1087 2938 6
1122 2883 1397 2955 Θεσὸίτης
1429 2883 1839 2953 προδραμεϊται
1869 2882 2008 2936 πάν.

412 3003 522 3049 τως
567 2982 782 3046 Ἠλίας.
830 2980 1000 3036 Ἀλλὰ
1050 2979 1158 3049 γὰρ
1205 2977 1304 3034 καὶ
1357 2976 1467 3030 τῶν
1501 2978 1770 3050 χρησμῶν
1819 2975 2005 3031 αὐτῶν

411 3074 806 3144 ἀκουσώμεθα.
849 3071 910 3127 '0
960 3071 1253 3134 θεσπέσιος
1295 3068 1593 3149 Μαλαχίας
1633 3068 1734 3141 τὴν
1763 3068 1858 3122 τοῦ
1890 3068 2006 3122 Σω-

410 3175 581 3242 τῆρος
609 3165 899 3240 βουληθεὶς
925 3161 1236 3233 παρουσίαν
1259 3160 1495 3226 διδάξαι,
1522 3161 1616 3214 καὶ
1643 3159 1719 3223 ὡς
1745 3160 1867 3230 ἥξει
1900 3159 2002 3230 τῆς
2031 3176 2075 3236 ο
2110 3161 2268 3226 αὖθις
2296 3160 2562 3216 ἐπανιών.
2603 3162 2715 3216 Καὶ
2761 3162 2902 3232 μετά
2933 3179 3058 3217 τινα
3105 3165 3206 3234 τῆς
3239 3165 3491 3234 δευτέρας
3523 3162 3652 3214 πάλιν

409 3265 629 3327 δικαίας
687 3258 1111 3320 ἀνταποδόσεως
1155 3257 1184 3310 ό
1230 3256 1447 3326 καιρὸς,
1475 3252 1698 3324 πρῶτος
1747 3253 1848 3323 μὲν
1901 3253 2003 3324 τὴν
2109 3247 2414 3318 ἐπιδημίας
2471 3248 2932 3320 ύπομιμνήσκει’
2985 3272 3003 3304 ί
3057 3252 3195 3306 Ἰδοὺ
3244 3254 3354 3323 ἐγὼ
3389 3249 3651 3307 -άποστελῶ

408 3376 916 3450 spectantibusque,
941 3374 996 3427 in
1019 3370 1193 3427 caelos
1209 3377 1502 3440 susceptus
1523 3376 1629 3434 est,
1649 3367 1833 3438 ibique
1854 3382 2004 3423 nunc
2108 3365 2471 3435 posteriorem
2497 3369 2966 3432 commemoratis,
2999 3372 3085 3422 cui
3118 3372 3348 3424 omnino
3379 3383 3649 3440 ρπεοιιτευ·

409 3469 631 3529 assidet
658 3467 775 3524 Deo
806 3465 978 3527 Patri,
1013 3479 1141 3520 cum
1161 3463 1353 3518 eodem
1400 3461 1472 3518 ab
1515 3462 1778 3517 universo
1807 3469 2002 3517 sancto
2106 3473 2202 3514 rus
2232 3469 2316 3516 est
2339 3459 2630 3515 Thesbites
2669 3459 2832 3515 Elias.
2857 3461 3078 3517 Atenim
3124 3466 3531 3535 audinmttsipsa
3552 3477 3654 3518 ora-

409 3563 718 3623 cmlestittm
760 3559 934 3616 choro
973 3558 1260 3612 adoratus.
1293 3573 1314 3608 ι
2104 3553 2250 3609 cula.
2283 3553 2517 3609 Divinus
2563 3553 2864 3610 Malachias
2902 3557 2969 3611 de
2999 3557 3287 3614 Salvatore
3330 3559 3552 3614 aﬂuturo
3569 3570 3654 3610 nos

477 3655 582 3722 Qui
611 3653 739 3707 huic
759 3645 1124 3720 disputationi
1153 3645 1423 3702 intererat
1470 3643 1764 3702 Matthaaus
1808 3647 1998 3701 hiero-
2101 3647 2304 3702 docere
2331 3648 2544 3713 volens,
2569 3656 2624 3704 et
2652 3648 2816 3718 quale
2847 3649 3092 3704 futurum
3129 3654 3203 3708 sit
3264 3663 3474 3722 tempus
3511 3653 3648 3720 justas

403 3748 713 3805 monachus
743 3752 798 3798 et
821 3755 1054 3811 magnus
1090 3738 1553 3810 protosyncellus,
1602 3739 1760 3810 jussu
1822 3738 1998 3807 impe-
2100 3740 2604 3809 compensationis,
2640 3740 2884 3810 primum
2909 3742 3133 3810 quidem
3166 3744 3404 3815 priorem
3447 3743 3654 3811 alicujus

405 3843 606 3901 ratoris
630 3843 746 3898 haec
775 3839 913 3893 dixit
940 3837 1357 3907 responditque.
1376 3834 1731 3905 Interrogans
1761 3833 1952 3889 Xenus
1978 3849 1993 3888 :
2105 3833 2404 3888 adventum
2435 3832 2773 3889 vaticinatur
2800 3833 3209 3906 significatque,
3244 3839 3335 3909 qui
3362 3834 3648 3908 przerursmi

410 3958 430 3992 ι
470 3938 602 4003 Vos,
636 3935 838 4006 inquit,
858 3931 1116 3988 Messiam
1129 3930 1244 4001 jam
1265 3929 1478 3985 venisse
1499 3929 1790 3994 dictitatis,
1816 3926 1994 3982 Thes-
2095 3925 2292 3982 Joanni
2330 3927 2584 3996 baptista:
2611 3941 2975 3984 successurus
3002 3931 3074 3983 sit
3107 3946 3121 3984 :
3160 3949 3179 3983 ι
3215 3934 3350 3987 Ecce
3397 3932 3552 3994 enim,
3581 3929 3647 3982 in-

400 4033 553 4089 biten
577 4043 685 4085 non
728 4027 946 4082 venisse
967 4023 1269 4080 secundum
1302 4037 1469 4078 voces
1492 4022 1887 4092 prophetarum
1912 4021 1935 4075 ?
1965 4040 1985 4074 ›
2094 4019 2236 4088 quit,
2265 4019 2519 4088 angelum
2542 4033 2722 4073 meum
2752 4029 2879 4074 ante
2912 4020 3110 4076 faciem
3141 4026 3548 4086 tuanrmittam,
3568 4018 3644 4090 qni

402 4120 711 4192 Respondit
735 4117 1062 4172 Mattharus:
1093 4132 1113 4166 ε
1141 4113 1306 4178 Audi,
1333 4113 1586 4176 che,et
1612 4114 1854 4168 adverte.
1881 4113 1990 4167 Du-
2094 4116 2240 4168 viam
2275 4113 2374 4166 tibi
2407 4121 2618 4167 sternet
2675 4115 3059 4184 spectabitque
3118 4131 3238 4170 eam
3300 4131 3422 4171 ante
3478 4116 3644 4169 faciem

398 4217 598 4288 plicem
627 4213 921 4270 adventum
981 4207 1190 4263 Christi
1250 4209 1534 4278 prephetm
1585 4209 1984 4276 praenuntiant,
2094 4206 2564 4271 tttam;etstatim
2587 4207 2767 4260 veniet
2790 4206 3314 4276 adtemplumsuum
3338 4211 3638 4265 Dominth

399 4325 548 4372 eum,
573 4308 666 4377 qui
689 4306 803 4374 jam
835 4301 1120 4372 praeteriit,
1147 4311 1202 4354 et
1231 4302 1324 4370 qui
1358 4301 1413 4354 in
1440 4299 1547 4354 ﬁne
1578 4316 1764 4355 rerum
1828 4300 1984 4354 futu-
2089 4299 2356 4356 Omnibus
2380 4299 2527 4353 enim
2561 4299 2761 4354 nesciis
2795 4306 2988 4369 partus
3021 4302 3284 4358 salutaris
3337 4303 3506 4358 factus
3549 4308 3640 4354 est.

401 4417 498 4459 rus
528 4408 614 4455 est
640 4405 734 4458 :et
767 4393 935 4450 unius
962 4393 1209 4463 quidem,
1239 4377 1468 4448 secundi
1502 4407 1716 4461 nempe,
1746 4407 1985 4462 praecur-
2087 4394 2361 4449 Nimirum
2399 4392 2663 4461 templum
2691 4401 2948 4446 naturam
3006 4392 3306 4450 humanam
3359 4391 3641 4466 appellavit.

402 4507 586 4552 sorem
617 4489 793 4546 Eliam
828 4483 947 4540 fore
967 4492 1195 4549 canunt,
1242 4485 1386 4539 sicut
1416 4476 1640 4538 alterius
1673 4498 1983 4552 praecursor
2014 4530 2062 4557 ,δ
2090 4501 2252 4556 quam
2282 4487 2426 4540 Deus
2446 4481 2688 4539 Verbum
2707 4487 2968 4554 suscepit.
2995 4485 3132 4541 Cum
3168 4490 3348 4557 priore
3373 4499 3539 4544 autem
3556 4487 3640 4540 ad-

399 4589 642 4644 Joannes
676 4582 802 4648 fuit,
821 4594 983 4650 quem
1003 4576 1304 4633 Malachias
1322 4579 1586 4648 propheta
1610 4576 1861 4652 angelum
1884 4591 1980 4627 no-
2015 4569 2062 4590 ι’
2093 4586 2257 4629 ventu
2287 4576 2454 4629 etiam
2483 4569 2788 4629 secundum
2809 4576 3093 4632 describit.
3130 4597 3149 4631 t
3177 4580 3317 4637 Ecce
3333 4577 3642 4635 venitDomi-

399 4678 630 4738 minavit
662 4688 810 4743 ;non
842 4671 1045 4736 solum,
1083 4671 1211 4741 quia
1243 4672 1481 4740 priorem
1518 4669 1734 4723 Domini
1774 4667 1981 4721 adven-
2089 4683 2196 4722 nus
2247 4667 2602 4736 omnipotens
2658 4684 2673 4721 :
2707 4670 2834 4737 quis
2879 4670 3177 4726 sustinebit
3216 4672 3358 4728 diem
3388 4674 3636 4740 ingressus

394 4783 513 4830 tum
552 4771 662 4841 iam
690 4767 936 4823 vicinum
978 4763 1267 4828 indicavit,
1295 4763 1389 4818 sed
1422 4765 1611 4828 etiam,
1659 4761 1790 4830 quia
1853 4759 1977 4812 vita:
2081 4760 2224 4829 ejus,
2257 4771 2351 4814 aut
2383 4761 2510 4829 quis
2539 4758 2778 4829 prodibit
2809 4760 2865 4814 in
2899 4760 3020 4830 ejus
3060 4763 3462 4834 conspectum?
3498 4763 3634 4817 lue:-

393 4865 705 4924 instilutum
741 4865 988 4916 sectatus
1016 4867 1123 4921 est,
1168 4856 1318 4925 quod
1363 4869 1490 4909 cum
1552 4851 1803 4922 angelica
1866 4850 1974 4903 vita
2080 4851 2504 4920 orabilisjudex
2533 4850 2744 4905 sedebit
2774 4849 3088 4923 referetque
3115 4857 3316 4925 cuique
3359 4853 3629 4910 secundum

390 4956 788 5032 prepemodum
817 4960 1074 5010 certaret.
1103 4949 1283 5018 Atque
1306 4948 1456 5002 hunc
1479 4961 1702 5016 quoque
1719 4943 1974 5001 Christus
2078 4942 2199 5012 ejus
2229 4956 2418 5012 Opera.
2461 4958 2481 4992 ›
2515 4941 2724 4996 Deinde
2755 4940 2811 4995 in
2845 4943 3016 5012 priori
3051 4961 3244 5001 rursus
3263 4948 3485 5001 adventu
3504 4946 3632 4998 abeo

391 5050 569 5107 Eliam
601 5044 915 5119 appellavit,
946 5056 1060 5097 nun
1092 5042 1238 5108 quod
1264 5035 1414 5095 Elias
1447 5046 1616 5103 esset,
1671 5037 1767 5092 sed
1823 5037 1971 5106 quod
2075 5035 2220 5091 facta
2253 5035 2458 5090 ducet:
2497 5053 2515 5086 ι
2549 5033 2734 5101 Quare
2767 5036 2885 5106 ipse
2916 5036 3100 5092 veniet
3139 5049 3198 5092 ut
3226 5039 3367 5110 ignis
3415 5033 3628 5092 fornacis

389 5142 583 5201 eodem
622 5135 936 5196 ministerio
997 5132 1352 5204 fungebatur,
1417 5144 1530 5200 quo
1585 5127 1968 5200 illefungetur.
2073 5139 2129 5185 et
2172 5129 2324 5182 sicut
2365 5127 2534 5184 herba
2583 5125 2876 5194 fullonum,
2929 5145 2994 5185 ac
3048 5131 3261 5185 sedebit
3305 5127 3536 5185 conﬂans
3583 5131 3629 5176 et

389 5237 546 5292 Sicut
577 5231 725 5289 enim
755 5228 897 5284 alter
940 5225 1238 5280 adventum
1299 5222 1608 5278 secundum
1657 5223 1966 5288 antecedet,
2071 5237 2318 5294 purgans
2355 5231 2644 5293 argentum
2676 5229 2733 5276 et
2762 5235 2982 5279 aurum.
3023 5240 3048 5273 ›
3084 5224 3290 5290 Quibus
3327 5222 3496 5277 verbis
3517 5227 3626 5287 pro-

389 5327 471 5384 sic
506 5323 644 5379 alter
674 5319 918 5390 priorem
946 5312 1270 5370 antecessit.
1300 5312 1414 5367 Nee
1445 5312 1516 5366 ob
1571 5327 1735 5367 unam
1801 5313 1964 5369 istam
2069 5317 2230 5387 pheta
2263 5316 2646 5387 purgationem
2681 5329 2778 5384 per
2809 5314 3076 5387 Spiritum
3121 5325 3367 5370 sanctum
3413 5313 3623 5366 futuram

386 5429 611 5478 causam
636 5412 715 5466 ita
740 5421 868 5463 eum
902 5403 1216 5476 appeliavit,
1243 5403 1338 5459 sed
1375 5405 1566 5472 etiam,
1614 5407 1744 5477 quia
1799 5407 1962 5462 vitam
2066 5408 2365 5478 signiﬁcat,
2399 5423 2564 5478 quam
2595 5405 2833 5464 Verbum
2865 5418 3096 5478 utraque
3127 5419 3316 5463 natura
3365 5404 3621 5460 nobiscum

383 5509 602 5568 colebat
624 5503 772 5561 illius
791 5500 917 5556 vitm
945 5510 1175 5569 prorsus
1193 5497 1454 5554 similem.
1475 5498 1767 5572 Propheta:
1797 5503 1963 5574 igitur
2066 5510 2343 5555 versatum
2369 5502 2534 5555 nobis
2560 5499 2886 5569 impertivit.
2934 5498 3112 5571 Hujus
3133 5500 3276 5555 enim
3305 5511 3461 5568 opera
3483 5503 3622 5549 acce-

386 5610 688 5668 utrumque
717 5593 1019 5656 adventum
1051 5600 1362 5646 memorant
1385 5601 1440 5648 et
1478 5594 1770 5666 utriusque
1819 5613 1963 5667 pra:-
2063 5594 2256 5650 dentes
2280 5593 2347 5648 ad
2379 5608 2441 5648 se
2477 5594 2710 5664 mystice
2737 5592 2938 5649 conﬁat
2967 5609 3033 5649 ac
3077 5601 3301 5648 renovat
3353 5590 3616 5648 Dominus,

385 5691 567 5749 dicunt
600 5695 1000 5760 praecursorem
1032 5697 1048 5749 ;
1084 5690 1142 5736 at
1165 5694 1260 5739 vos
1295 5683 1535 5754 priorem
1585 5689 1811 5758 quidem
1859 5691 1959 5746 ad-
2060 5693 2187 5764 igne
2215 5691 2476 5763 Spiritus,
2499 5700 2761 5763 tanquam
2779 5688 2980 5750 artifex
3004 5691 3295 5761 quispiam,
3325 5700 3471 5750 usus;
3492 5693 3614 5751 aqua

382 5793 607 5838 ventum
641 5775 896 5848 nequiter
922 5774 1146 5832 silentio
1175 5777 1491 5844 praeteritis,
1526 5779 1800 5850 siquidem
1828 5795 1958 5836 sen-

2111 5785 2410 5858 iptismatis
2425 5795 2685 5856 tanquam
2709 5784 2881 5840 herba
2899 5786 3136 5855 quadam
3173 5782 3360 5838 sordes
3382 5785 3612 5849 peccato-

385 5886 507 5928 aum
536 5871 838 5930 Scriptura:
863 5868 1010 5925 haud
1035 5866 1203 5925 dubie
1232 5873 1636 5944 assequimini;
1667 5888 1732 5932 ac
1775 5874 1952 5932 solum
2057 5893 2178 5935 rum
2203 5858 2546 5947 abstergens,
2579 5887 2743 5945 atque
2777 5876 2904 5944 igne
2957 5878 3186 5944 spiritus
3243 5887 3430 5929 eorum
3489 5875 3608 5922 quas

2112 2703 2208 2756 τοῦ
2239 2700 2623 2772 βαπτίσματος
2653 2701 2746 2776 τὸν
2778 2701 3194 2771 τῆςάμαρτίας
3241 2702 3410 2773 ῥύπον
3447 2701 3660 2768 ἀποσμή-

2110 2813 2217 2866 χει,
2243 2797 2341 2849 καὶ
2367 2795 2444 2865 τῷ
2482 2795 2618 2866 πυρὶ
2649 2794 2742 2849 τοῦ
2769 2794 3088 2864 Πνεύματος
3116 2795 3212 2849 τοῦ
3241 2797 3440 2861 ταύτης
3482 2793 3553 2849 ἰοῦ
3581 2793 3655 2853 τὰς

2113 2884 2391 2955 ἡμετέρας
2443 2883 2723 2954 ἐλευθεροῖ
2753 2884 2953 2955 ψυχάς.
2991 2885 3130 2938 Μεθ’
3163 2889 3229 2956 ῆν
3263 2889 3374 2951 τοῖς
3417 2883 3652 2957 μὴιφυλά-

2113 2976 2236 3043 ξασι
2304 2979 2387 3040 είς
2443 2976 2597 3041 τέλος
2657 2979 2757 3048 τὴν
2813 2977 2996 3049 ψυχὴν
3055 2979 3396 3050 ἀκηλίδωτον
3461 2976 3653 3048 φοϐερὸς

2109 3070 2411 3141 ὀφθήσεται
2447 3071 2545 3126 καὶ
2588 3071 2968 3141 ἀπαραίτητος
2999 3072 3298 3143 κολαστὴς,
3333 3074 3392 3127 τὸ
3436 3074 3652 3140 δεύτερον
