  <div class='ocr_page' id='page_1' title='image "/cluster/home/n/w/nwhite01/storage/ocr_20150623/156/coo.31924054870617/399.png"; bbox 0 0 3964 6438; ppageno 0'>
   <div class='ocr_carea' id='block_1_1' title="bbox 496 414 600 479">
    <p class='ocr_par' dir='ltr' id='par_1_1' title="bbox 496 414 600 479">
     <span class='ocr_line' id='line_1_1' title="bbox 496 414 600 479; baseline -0.019 1"><span class='ocrx_word' id='word_1_1' title='bbox 496 414 600 479; x_wconf 67' lang='lat'><strong>783</strong></span> 
     </span>
    </p>
   </div>
   <div class='ocr_carea' id='block_1_2' title="bbox 1706 407 3686 482">
    <p class='ocr_par' dir='ltr' id='par_1_2' title="bbox 1706 407 3686 482">
     <span class='ocr_line' id='line_1_2' title="bbox 1706 407 3686 482; baseline -0.002 -10"><span class='ocrx_word' id='word_1_2' title='bbox 1706 409 2058 472; x_wconf 54' lang='lat' dir='ltr'><strong>‘esonon</strong></span> <span class='ocrx_word' id='word_1_3' title='bbox 2100 407 2304 470; x_wconf 81' lang='lat' dir='ltr'><strong>PHRA</strong></span> <span class='ocrx_word' id='word_1_4' title='bbox 2319 408 2535 472; x_wconf 54' lang='lat' dir='ltr'><strong>arma</strong></span> <span class='ocrx_word' id='word_1_5' title='bbox 2583 436 2597 448; x_wconf 88' lang='lat'><strong>-</strong></span> <span class='ocrx_word' id='word_1_6' title='bbox 3600 415 3686 482; x_wconf 58' lang='grc' dir='ltr'><strong>τις</strong></span> 
     </span>
    </p>
   </div>
   <div class='ocr_carea' id='block_1_3' title="bbox 493 522 3686 598">
    <p class='ocr_par' dir='ltr' id='par_1_3' title="bbox 493 522 3686 598">
     <span class='ocr_line' id='line_1_3' title="bbox 493 522 3686 598; baseline 0.001 -17"><span class='ocrx_word' id='word_1_7' title='bbox 493 528 605 598; x_wconf 75' lang='grc' dir='ltr'>σὴφ</span> <span class='ocrx_word' id='word_1_8' title='bbox 638 524 736 580; x_wconf 77' lang='grc' dir='ltr'>καὶ</span> <span class='ocrx_word' id='word_1_9' title='bbox 766 522 862 579; x_wconf 82' lang='grc' dir='ltr'>τοῦ</span> <span class='ocrx_word' id='word_1_10' title='bbox 906 523 1169 578; x_wconf 76' lang='grc' dir='ltr'><strong>δεσπότου</strong></span> <span class='ocrx_word' id='word_1_11' title='bbox 1202 524 1310 596; x_wconf 73' lang='grc' dir='ltr'>κὺρ</span> <span class='ocrx_word' id='word_1_12' title='bbox 1360 523 1679 596; x_wconf 74' lang='grc' dir='ltr'><strong>Δημητρίου</strong></span> <span class='ocrx_word' id='word_1_13' title='bbox 1714 524 1810 575; x_wconf 71' lang='grc' dir='ltr'>καὶ</span> <span class='ocrx_word' id='word_1_14' title='bbox 1858 522 2072 577; x_wconf 88' lang='grc' dir='ltr'>πολλῶν</span> <span class='ocrx_word' id='word_1_15' title='bbox 2105 526 2146 584; x_wconf 79' lang='grc' dir='ltr'><strong>Α</strong></span> <span class='ocrx_word' id='word_1_16' title='bbox 2178 539 2315 593; x_wconf 90' lang='grc' dir='ltr'>νην;</span> <span class='ocrx_word' id='word_1_17' title='bbox 2352 542 2372 578; x_wconf 75' lang='grc' dir='ltr'><strong>ι</strong></span> <span class='ocrx_word' id='word_1_18' title='bbox 2413 523 2488 577; x_wconf 83' lang='grc' dir='ltr'><strong>οὐ</strong></span> <span class='ocrx_word' id='word_1_19' title='bbox 2543 522 2632 578; x_wconf 81' lang='grc' dir='ltr'>διὰ</span> <span class='ocrx_word' id='word_1_20' title='bbox 2680 522 2886 594; x_wconf 82' lang='grc' dir='ltr'>ταύτην</span> <span class='ocrx_word' id='word_1_21' title='bbox 2916 522 3009 579; x_wconf 76' lang='grc' dir='ltr'>οὖν</span> <span class='ocrx_word' id='word_1_22' title='bbox 3043 523 3141 597; x_wconf 79' lang='grc' dir='ltr'>τὴν</span> <span class='ocrx_word' id='word_1_23' title='bbox 3182 525 3356 581; x_wconf 76' lang='grc' dir='ltr'>αἰτίαν</span> <span class='ocrx_word' id='word_1_24' title='bbox 3389 525 3527 584; x_wconf 79' lang='grc' dir='ltr'>εἷπον</span> <span class='ocrx_word' id='word_1_25' title='bbox 3561 534 3608 587; x_wconf 62' lang='grc' dir='ltr'>τὶ</span> <span class='ocrx_word' id='word_1_26' title='bbox 3631 534 3686 597; x_wconf 77' lang='grc' dir='ltr'>ὡς</span> 
     </span>
    </p>
   </div>
   <div class='ocr_carea' id='block_1_4' title="bbox 488 616 2075 693">
    <p class='ocr_par' dir='ltr' id='par_1_4' title="bbox 488 616 2075 693">
     <span class='ocr_line' id='line_1_4' title="bbox 488 616 2075 693; baseline -0.002 -20"><span class='ocrx_word' id='word_1_27' title='bbox 488 621 770 693; x_wconf 74' lang='grc' dir='ltr'><strong>ἀρχόντων</strong></span> <span class='ocrx_word' id='word_1_28' title='bbox 817 621 918 690; x_wconf 85' lang='grc' dir='ltr'>τῆς</span> <span class='ocrx_word' id='word_1_29' title='bbox 950 618 1263 689; x_wconf 77' lang='grc' dir='ltr'><strong>συγκλήτου</strong></span> <span class='ocrx_word' id='word_1_30' title='bbox 1308 620 1405 672; x_wconf 78' lang='grc' dir='ltr'>καὶ</span> <span class='ocrx_word' id='word_1_31' title='bbox 1435 618 1533 688; x_wconf 83' lang='grc' dir='ltr'><strong>τῆς</strong></span> <span class='ocrx_word' id='word_1_32' title='bbox 1580 616 1879 688; x_wconf 74' lang='grc' dir='ltr'><strong>ἐκκλησίας</strong></span> <span class='ocrx_word' id='word_1_33' title='bbox 1915 616 2075 687; x_wconf 78' lang='grc'><strong>17⁸1</strong></span> 
     </span>
    </p>
   </div>
   <div class='ocr_carea' id='block_1_5' title="bbox 488 710 2073 793">
    <p class='ocr_par' dir='ltr' id='par_1_5' title="bbox 488 710 2073 793">
     <span class='ocr_line' id='line_1_5' title="bbox 488 710 2073 793; baseline -0.005 -23"><span class='ocrx_word' id='word_1_34' title='bbox 488 717 585 770; x_wconf 64' lang='grc' dir='ltr'>καὶ</span> <span class='ocrx_word' id='word_1_35' title='bbox 615 714 835 768; x_wconf 82' lang='grc' dir='ltr'>πάντων</span> <span class='ocrx_word' id='word_1_36' title='bbox 868 712 1056 793; x_wconf 64' lang='grc' dir='ltr'>σχεδὸν</span> <span class='ocrx_word' id='word_1_37' title='bbox 1098 712 1210 766; x_wconf 88' lang='grc' dir='ltr'><strong>τῶν</strong></span> <span class='ocrx_word' id='word_1_38' title='bbox 1266 710 1687 783; x_wconf 85' lang='grc' dir='ltr'>μητροπολιτῶν</span> <span class='ocrx_word' id='word_1_39' title='bbox 1718 711 1814 765; x_wconf 74' lang='grc' dir='ltr'>καὶ</span> <span class='ocrx_word' id='word_1_40' title='bbox 1854 710 2073 763; x_wconf 71' lang='grc' dir='ltr'>ἐπισκό-</span> 
     </span>
    </p>
   </div>
   <div class='ocr_carea' id='block_1_6' title="bbox 491 801 2075 875">
    <p class='ocr_par' dir='ltr' id='par_1_6' title="bbox 491 801 2075 875">
     <span class='ocr_line' id='line_1_6' title="bbox 491 801 2075 875; baseline -0.002 -17"><span class='ocrx_word' id='word_1_41' title='bbox 491 822 609 860; x_wconf 73' lang='grc' dir='ltr'><strong>⁴ιτων</strong></span> <span class='ocrx_word' id='word_1_42' title='bbox 639 805 731 858; x_wconf 75' lang='grc' dir='ltr'>διὰ</span> <span class='ocrx_word' id='word_1_43' title='bbox 780 804 882 875; x_wconf 83' lang='grc' dir='ltr'>τὴν</span> <span class='ocrx_word' id='word_1_44' title='bbox 920 804 1321 874; x_wconf 87' lang='grc' dir='ltr'>μελετηθεῖσαν</span> <span class='ocrx_word' id='word_1_45' title='bbox 1359 805 1456 858; x_wconf 75' lang='grc' dir='ltr'>καὶ</span> <span class='ocrx_word' id='word_1_46' title='bbox 1497 803 1574 874; x_wconf 85' lang='grc' dir='ltr'>μὴ</span> <span class='ocrx_word' id='word_1_47' title='bbox 1626 802 2009 873; x_wconf 75' lang='grc' dir='ltr'>ὠφεληθεῖσαν</span> <span class='ocrx_word' id='word_1_48' title='bbox 2042 801 2075 870; x_wconf 84' lang='grc' dir='ltr'>ἢ</span> 
     </span>
    </p>
   </div>
   <div class='ocr_carea' id='block_1_7' title="bbox 491 892 2077 969">
    <p class='ocr_par' dir='ltr' id='par_1_7' title="bbox 491 892 2077 969">
     <span class='ocr_line' id='line_1_7' title="bbox 491 892 2077 969; baseline -0.004 -17"><span class='ocrx_word' id='word_1_49' title='bbox 491 898 697 969; x_wconf 74' lang='grc' dir='ltr'>μᾶλλον</span> <span class='ocrx_word' id='word_1_50' title='bbox 726 897 905 950; x_wconf 78' lang='grc' dir='ltr'>εἰπεῖν</span> <span class='ocrx_word' id='word_1_51' title='bbox 949 896 1023 966; x_wconf 76' lang='grc' dir='ltr'>μὴ</span> <span class='ocrx_word' id='word_1_52' title='bbox 1055 895 1424 965; x_wconf 70' lang='grc' dir='ltr'>ὠφελήσασαν</span> <span class='ocrx_word' id='word_1_53' title='bbox 1455 893 1677 947; x_wconf 83' lang='grc' dir='ltr'>σύνοδον</span> <span class='ocrx_word' id='word_1_54' title='bbox 1711 892 1811 965; x_wconf 77' lang='grc' dir='ltr'>τὴν</span> <span class='ocrx_word' id='word_1_55' title='bbox 1841 894 1899 945; x_wconf 72' lang='grc' dir='ltr'>ἐν</span> <span class='ocrx_word' id='word_1_56' title='bbox 1925 892 2077 945; x_wconf 81' lang='grc' dir='ltr'>Φλω-</span> 
     </span>
    </p>
   </div>
   <div class='ocr_carea' id='block_1_8' title="bbox 491 988 2077 1062">
    <p class='ocr_par' dir='ltr' id='par_1_8' title="bbox 491 988 2077 1062">
     <span class='ocr_line' id='line_1_8' title="bbox 491 988 2077 1062; baseline -0.003 -17"><span class='ocrx_word' id='word_1_57' title='bbox 491 992 681 1062; x_wconf 69' lang='grc' dir='ltr'>ρεντίᾳ</span> <span class='ocrx_word' id='word_1_58' title='bbox 735 989 1252 1059; x_wconf 75' lang='grc' dir='ltr'>συναθροισθεῖσαν,</span> <span class='ocrx_word' id='word_1_59' title='bbox 1301 988 1430 1042; x_wconf 75' lang='grc' dir='ltr'>ἔνθα</span> <span class='ocrx_word' id='word_1_60' title='bbox 1481 991 1576 1042; x_wconf 75' lang='grc' dir='ltr'><strong>καὶ</strong></span> <span class='ocrx_word' id='word_1_61' title='bbox 1618 989 1678 1041; x_wconf 76' lang='grc' dir='ltr'>οὗ</span> <span class='ocrx_word' id='word_1_62' title='bbox 1734 988 2077 1059; x_wconf 70' lang='grc' dir='ltr'>συ-ιεπέρασε</span> 
     </span>
    </p>
   </div>
   <div class='ocr_carea' id='block_1_9' title="bbox 489 1080 2077 1150">
    <p class='ocr_par' dir='ltr' id='par_1_9' title="bbox 489 1080 2077 1150">
     <span class='ocr_line' id='line_1_9' title="bbox 489 1080 2077 1150; baseline -0.005 -13"><span class='ocrx_word' id='word_1_63' title='bbox 489 1086 603 1146; x_wconf 67' lang='grc' dir='ltr'>τοῖς</span> <span class='ocrx_word' id='word_1_64' title='bbox 640 1084 801 1143; x_wconf 72' lang='grc' dir='ltr'>πᾶσι.</span> <span class='ocrx_word' id='word_1_65' title='bbox 832 1082 906 1135; x_wconf 82' lang='grc' dir='ltr'><strong>Οὐ</strong></span> <span class='ocrx_word' id='word_1_66' title='bbox 937 1080 1082 1150; x_wconf 84' lang='grc' dir='ltr'>λέγω</span> <span class='ocrx_word' id='word_1_67' title='bbox 1113 1080 1272 1136; x_wconf 82' lang='grc' dir='ltr'>τοῦτο</span> <span class='ocrx_word' id='word_1_68' title='bbox 1304 1080 1447 1135; x_wconf 88' lang='grc' dir='ltr'><strong>κατά</strong></span> <span class='ocrx_word' id='word_1_69' title='bbox 1469 1082 1579 1135; x_wconf 85' lang='grc' dir='ltr'><strong>τῶν</strong></span> <span class='ocrx_word' id='word_1_70' title='bbox 1604 1082 1703 1150; x_wconf 83' lang='grc' dir='ltr'>τῆς</span> <span class='ocrx_word' id='word_1_71' title='bbox 1745 1080 2077 1150; x_wconf 81' lang='grc' dir='ltr'>Ἐκκλησίας</span> 
     </span>
    </p>
   </div>
   <div class='ocr_carea' id='block_1_10' title="bbox 491 1173 2078 1247">
    <p class='ocr_par' dir='ltr' id='par_1_10' title="bbox 491 1173 2078 1247">
     <span class='ocr_line' id='line_1_10' title="bbox 491 1173 2078 1247; baseline -0.004 -16"><span class='ocrx_word' id='word_1_72' title='bbox 491 1177 789 1247; x_wconf 81' lang='grc' dir='ltr'><strong>δογμάτων</strong></span> <span class='ocrx_word' id='word_1_73' title='bbox 813 1190 827 1206; x_wconf 76' lang='grc' dir='ltr'><strong><em>ο</em></strong></span> <span class='ocrx_word' id='word_1_74' title='bbox 860 1174 1037 1228; x_wconf 82' lang='grc' dir='ltr'>ταῦτα</span> <span class='ocrx_word' id='word_1_75' title='bbox 1075 1175 1202 1245; x_wconf 85' lang='grc' dir='ltr'><strong>-γὰρ</strong></span> <span class='ocrx_word' id='word_1_76' title='bbox 1236 1176 1371 1247; x_wconf 87' lang='grc' dir='ltr'>παρ’</span> <span class='ocrx_word' id='word_1_77' title='bbox 1422 1174 1605 1238; x_wconf 85' lang='grc' dir='ltr'>ἀλλοις</span> <span class='ocrx_word' id='word_1_78' title='bbox 1641 1173 1907 1238; x_wconf 79' lang='grc' dir='ltr'><strong>ἐδόθησαν</strong></span> <span class='ocrx_word' id='word_1_79' title='bbox 1955 1175 2078 1242; x_wconf 85' lang='grc' dir='ltr'>κρί-</span> 
     </span>
    </p>
   </div>
   <div class='ocr_carea' id='block_1_11' title="bbox 490 1263 2079 1339">
    <p class='ocr_par' dir='ltr' id='par_1_11' title="bbox 490 1263 2079 1339">
     <span class='ocr_line' id='line_1_11' title="bbox 490 1263 2079 1339; baseline -0.003 -17"><span class='ocrx_word' id='word_1_80' title='bbox 490 1271 711 1322; x_wconf 88' lang='grc' dir='ltr'>νεσθαι·</span> <span class='ocrx_word' id='word_1_81' title='bbox 754 1267 882 1338; x_wconf 66' lang='grc' dir='ltr'>ἐμοὶ</span> <span class='ocrx_word' id='word_1_82' title='bbox 911 1267 968 1320; x_wconf 72' lang='grc' dir='ltr'>δὲ</span> <span class='ocrx_word' id='word_1_83' title='bbox 998 1268 1160 1339; x_wconf 85' lang='grc' dir='ltr'>ἀρκεῖ</span> <span class='ocrx_word' id='word_1_84' title='bbox 1193 1268 1227 1337; x_wconf 80' lang='grc' dir='ltr'><strong>ἡ</strong></span> <span class='ocrx_word' id='word_1_85' title='bbox 1276 1266 1524 1336; x_wconf 82' lang='grc' dir='ltr'><strong>πατρική</strong></span> <span class='ocrx_word' id='word_1_86' title='bbox 1576 1283 1678 1334; x_wconf 84' lang='grc' dir='ltr'><strong>μου</strong></span> <span class='ocrx_word' id='word_1_87' title='bbox 1720 1264 1943 1335; x_wconf 80' lang='grc' dir='ltr'>διαδοχὴ</span> <span class='ocrx_word' id='word_1_88' title='bbox 1978 1263 2079 1334; x_wconf 86' lang='grc' dir='ltr'>τῆς</span> 
     </span>
    </p>
   </div>
   <div class='ocr_carea' id='block_1_12' title="bbox 492 1358 2078 1432">
    <p class='ocr_par' dir='ltr' id='par_1_12' title="bbox 492 1358 2078 1432">
     <span class='ocr_line' id='line_1_12' title="bbox 492 1358 2078 1432; baseline -0.001 -17"><span class='ocrx_word' id='word_1_89' title='bbox 492 1366 752 1428; x_wconf 75' lang='grc' dir='ltr'>πίστεως,</span> <span class='ocrx_word' id='word_1_90' title='bbox 807 1362 941 1415; x_wconf 77' lang='grc' dir='ltr'>διότι</span> <span class='ocrx_word' id='word_1_91' title='bbox 978 1361 1039 1414; x_wconf 73' lang='grc' dir='ltr'>οὐ</span> <span class='ocrx_word' id='word_1_92' title='bbox 1088 1360 1244 1432; x_wconf 87' lang='grc' dir='ltr'>παρά</span> <span class='ocrx_word' id='word_1_93' title='bbox 1272 1378 1424 1425; x_wconf 89' lang='grc' dir='ltr'>τινος</span> <span class='ocrx_word' id='word_1_94' title='bbox 1466 1358 1575 1413; x_wconf 85' lang='grc' dir='ltr'><strong>τῶν</strong></span> <span class='ocrx_word' id='word_1_95' title='bbox 1627 1359 1858 1414; x_wconf 75' lang='grc' dir='ltr'>ἐκείνων</span> <span class='ocrx_word' id='word_1_96' title='bbox 1892 1359 2078 1429; x_wconf 81' lang='grc' dir='ltr'>μερῶν</span> 
     </span>
    </p>
   </div>
   <div class='ocr_carea' id='block_1_13' title="bbox 489 1452 2079 1525">
    <p class='ocr_par' dir='ltr' id='par_1_13' title="bbox 489 1452 2079 1525">
     <span class='ocr_line' id='line_1_13' title="bbox 489 1452 2079 1525; baseline -0.004 -14"><span class='ocrx_word' id='word_1_97' title='bbox 489 1457 599 1511; x_wconf 89' lang='grc' dir='ltr'><strong>τῶν</strong></span> <span class='ocrx_word' id='word_1_98' title='bbox 634 1457 693 1521; x_wconf 73' lang='grc' dir='ltr'><strong>ἐξ</strong></span> <span class='ocrx_word' id='word_1_99' title='bbox 749 1456 998 1519; x_wconf 77' lang='grc' dir='ltr'>ἐναντίας</span> <span class='ocrx_word' id='word_1_100' title='bbox 1051 1456 1267 1525; x_wconf 78' lang='grc' dir='ltr'>ἥκουσα</span> <span class='ocrx_word' id='word_1_101' title='bbox 1309 1454 1496 1522; x_wconf 87' lang='grc' dir='ltr'>λέγειν</span> <span class='ocrx_word' id='word_1_102' title='bbox 1545 1453 1616 1507; x_wconf 76' lang='grc' dir='ltr'><strong>τά</strong></span> <span class='ocrx_word' id='word_1_103' title='bbox 1649 1453 1897 1524; x_wconf 77' lang='grc' dir='ltr'>ἡμέτερα</span> <span class='ocrx_word' id='word_1_104' title='bbox 1930 1452 2079 1506; x_wconf 88' lang='grc' dir='ltr'><strong>κακά</strong></span> 
     </span>
    </p>
   </div>
   <div class='ocr_carea' id='block_1_14' title="bbox 488 1530 2078 1616">
    <p class='ocr_par' dir='ltr' id='par_1_14' title="bbox 488 1530 2078 1616">
     <span class='ocr_line' id='line_1_14' title="bbox 488 1530 2078 1616; baseline -0.006 -13"><span class='ocrx_word' id='word_1_105' title='bbox 488 1546 656 1607; x_wconf 84' lang='grc' dir='ltr'>εἶναι.</span> <span class='ocrx_word' id='word_1_106' title='bbox 694 1548 831 1602; x_wconf 73' lang='grc' dir='ltr'>ἀλλὰ</span> <span class='ocrx_word' id='word_1_107' title='bbox 875 1548 1079 1616; x_wconf 80' lang='grc' dir='ltr'>μᾶλλον</span> <span class='ocrx_word' id='word_1_108' title='bbox 1114 1546 1255 1599; x_wconf 65' lang='grc' dir='ltr'>καλὰ</span> <span class='ocrx_word' id='word_1_109' title='bbox 1297 1544 1393 1598; x_wconf 73' lang='grc' dir='ltr'>καὶ</span> <span class='ocrx_word' id='word_1_110' title='bbox 1428 1544 1659 1615; x_wconf 82' lang='grc' dir='ltr'>ἀρχαῖα,</span> <span class='ocrx_word' id='word_1_111' title='bbox 1694 1544 1789 1597; x_wconf 78' lang='grc' dir='ltr'><strong>καὶ</strong></span> <span class='ocrx_word' id='word_1_112' title='bbox 1816 1544 1886 1596; x_wconf 68' lang='grc' dir='ltr'><strong>τὰ</strong></span> <span class='ocrx_word' id='word_1_113' title='bbox 1933 1530 2078 1596; x_wconf 72' lang='grc' dir='ltr'>ἐκεί-</span> 
     </span>
    </p>
   </div>
   <div class='ocr_carea' id='block_1_15' title="bbox 487 1634 2077 1703">
    <p class='ocr_par' dir='ltr' id='par_1_15' title="bbox 487 1634 2077 1703">
     <span class='ocr_line' id='line_1_15' title="bbox 487 1634 2077 1703; baseline -0.006 -7"><span class='ocrx_word' id='word_1_114' title='bbox 487 1661 598 1696; x_wconf 87' lang='grc' dir='ltr'><strong>νων</strong></span> <span class='ocrx_word' id='word_1_115' title='bbox 632 1641 798 1693; x_wconf 75' lang='grc' dir='ltr'>πάλιν</span> <span class='ocrx_word' id='word_1_116' title='bbox 826 1639 887 1692; x_wconf 79' lang='grc' dir='ltr'>οὐ</span> <span class='ocrx_word' id='word_1_117' title='bbox 937 1638 1109 1703; x_wconf 82' lang='grc' dir='ltr'>κακὰ,</span> <span class='ocrx_word' id='word_1_118' title='bbox 1150 1637 1288 1690; x_wconf 85' lang='grc' dir='ltr'><strong>ἀλλά</strong></span> <span class='ocrx_word' id='word_1_119' title='bbox 1336 1636 1500 1690; x_wconf 89' lang='grc' dir='ltr'>καλά.</span> <span class='ocrx_word' id='word_1_120' title='bbox 1537 1637 1649 1690; x_wconf 72' lang='grc' dir='ltr'><strong>Καὶ</strong></span> <span class='ocrx_word' id='word_1_121' title='bbox 1690 1634 1767 1697; x_wconf 78' lang='grc' dir='ltr'><strong>ὡς</strong></span> <span class='ocrx_word' id='word_1_122' title='bbox 1811 1636 1989 1688; x_wconf 67' lang='grc' dir='ltr'>εἰπεῖν</span> <span class='ocrx_word' id='word_1_123' title='bbox 2019 1636 2077 1687; x_wconf 80' lang='grc' dir='ltr'>ὲν</span> 
     </span>
    </p>
   </div>
   <div class='ocr_carea' id='block_1_16' title="bbox 488 1727 2076 1802">
    <p class='ocr_par' dir='ltr' id='par_1_16' title="bbox 488 1727 2076 1802">
     <span class='ocr_line' id='line_1_16' title="bbox 488 1727 2076 1802; baseline -0.004 -15"><span class='ocrx_word' id='word_1_124' title='bbox 488 1731 927 1802; x_wconf 74' lang='grc' dir='ltr'>παραδείγματι,</span> <span class='ocrx_word' id='word_1_125' title='bbox 975 1731 1058 1784; x_wconf 84' lang='grc' dir='ltr'>ὅτι</span> <span class='ocrx_word' id='word_1_126' title='bbox 1104 1729 1204 1799; x_wconf 79' lang='grc' dir='ltr'>τὴν</span> <span class='ocrx_word' id='word_1_127' title='bbox 1240 1730 1415 1799; x_wconf 82' lang='grc' dir='ltr'>μέσην</span> <span class='ocrx_word' id='word_1_128' title='bbox 1446 1727 1563 1781; x_wconf 62' lang='grc' dir='ltr'>ὁδὸν</span> <span class='ocrx_word' id='word_1_129' title='bbox 1592 1728 1691 1798; x_wconf 81' lang='grc' dir='ltr'>τῆς</span> <span class='ocrx_word' id='word_1_130' title='bbox 1735 1728 1945 1790; x_wconf 85' lang='grc' dir='ltr'>πόλεως</span> <span class='ocrx_word' id='word_1_131' title='bbox 1976 1727 2076 1798; x_wconf 81' lang='grc' dir='ltr'>τὴν</span> 
     </span>
    </p>
   </div>
   <div class='ocr_carea' id='block_1_17' title="bbox 489 1819 2076 1894">
    <p class='ocr_par' dir='ltr' id='par_1_17' title="bbox 489 1819 2076 1894">
     <span class='ocr_line' id='line_1_17' title="bbox 489 1819 2076 1894; baseline -0.004 -14"><span class='ocrx_word' id='word_1_132' title='bbox 489 1827 761 1881; x_wconf 78' lang='grc' dir='ltr'>πλατεῖαν</span> <span class='ocrx_word' id='word_1_133' title='bbox 814 1827 910 1879; x_wconf 68' lang='grc' dir='ltr'><strong>καὶ</strong></span> <span class='ocrx_word' id='word_1_134' title='bbox 940 1823 1261 1894; x_wconf 80' lang='grc' dir='ltr'><strong>εὐρύχωρον</strong></span> <span class='ocrx_word' id='word_1_135' title='bbox 1294 1821 1639 1892; x_wconf 86' lang='grc' dir='ltr'>διηρχόμεθα</span> <span class='ocrx_word' id='word_1_136' title='bbox 1680 1822 1913 1883; x_wconf 83' lang='grc' dir='ltr'>πολλοὺς</span> <span class='ocrx_word' id='word_1_137' title='bbox 1947 1819 2076 1893; x_wconf 85' lang='grc' dir='ltr'>χρό-</span> 
     </span>
    </p>
   </div>
   <div class='ocr_carea' id='block_1_18' title="bbox 488 1912 2076 1989">
    <p class='ocr_par' dir='ltr' id='par_1_18' title="bbox 488 1912 2076 1989">
     <span class='ocr_line' id='line_1_18' title="bbox 488 1912 2076 1989; baseline -0.004 -15"><span class='ocrx_word' id='word_1_138' title='bbox 488 1938 615 1982; x_wconf 82' lang='grc' dir='ltr'>νους</span> <span class='ocrx_word' id='word_1_139' title='bbox 665 1918 807 1989; x_wconf 83' lang='grc' dir='ltr'>μετά</span> <span class='ocrx_word' id='word_1_140' title='bbox 847 1934 1038 1980; x_wconf 89' lang='grc' dir='ltr'>τινων,</span> <span class='ocrx_word' id='word_1_141' title='bbox 1073 1916 1143 1969; x_wconf 91' lang='grc' dir='ltr'><strong>δι’</strong></span> <span class='ocrx_word' id='word_1_142' title='bbox 1170 1912 1239 1988; x_wconf 81' lang='grc' dir='ltr'>ἦς</span> <span class='ocrx_word' id='word_1_143' title='bbox 1275 1915 1639 1985; x_wconf 81' lang='grc' dir='ltr'>καταντῶμεν</span> <span class='ocrx_word' id='word_1_144' title='bbox 1663 1915 1744 1978; x_wconf 80' lang='grc' dir='ltr'><strong>είς</strong></span> <span class='ocrx_word' id='word_1_145' title='bbox 1777 1914 1877 1984; x_wconf 79' lang='grc' dir='ltr'>τὴν</span> <span class='ocrx_word' id='word_1_146' title='bbox 1912 1915 2076 1979; x_wconf 84' lang='grc' dir='ltr'>ἁγίαν</span> 
     </span>
    </p>
   </div>
   <div class='ocr_carea' id='block_1_19' title="bbox 488 2008 2077 2084">
    <p class='ocr_par' dir='ltr' id='par_1_19' title="bbox 488 2008 2077 2084">
     <span class='ocr_line' id='line_1_19' title="bbox 488 2008 2077 2084; baseline -0.004 -16"><span class='ocrx_word' id='word_1_147' title='bbox 488 2015 722 2084; x_wconf 78' lang='grc' dir='ltr'>Σοφίαν·</span> <span class='ocrx_word' id='word_1_148' title='bbox 749 2008 871 2065; x_wconf 79' lang='grc' dir='ltr'>εἶτα</span> <span class='ocrx_word' id='word_1_149' title='bbox 897 2011 1039 2081; x_wconf 85' lang='grc' dir='ltr'>μετά</span> <span class='ocrx_word' id='word_1_150' title='bbox 1065 2028 1217 2072; x_wconf 79' lang='grc' dir='ltr'>τινας</span> <span class='ocrx_word' id='word_1_151' title='bbox 1246 2010 1477 2078; x_wconf 82' lang='grc' dir='ltr'>καιροὺς</span> <span class='ocrx_word' id='word_1_152' title='bbox 1505 2008 1705 2079; x_wconf 76' lang='grc' dir='ltr'>εὑρέθη</span> <span class='ocrx_word' id='word_1_153' title='bbox 1737 2009 1891 2077; x_wconf 79' lang='grc' dir='ltr'>παρά</span> <span class='ocrx_word' id='word_1_154' title='bbox 1912 2024 2077 2061; x_wconf 89' lang='grc' dir='ltr'>τινων</span> 
     </span>
    </p>
   </div>
   <div class='ocr_carea' id='block_1_20' title="bbox 487 2097 2074 2174">
    <p class='ocr_par' dir='ltr' id='par_1_20' title="bbox 487 2097 2074 2174">
     <span class='ocr_line' id='line_1_20' title="bbox 487 2097 2074 2174; baseline -0.006 -15"><span class='ocrx_word' id='word_1_155' title='bbox 487 2107 587 2159; x_wconf 74' lang='grc' dir='ltr'>καὶ</span> <span class='ocrx_word' id='word_1_156' title='bbox 618 2103 756 2174; x_wconf 83' lang='grc' dir='ltr'>άλλη</span> <span class='ocrx_word' id='word_1_157' title='bbox 808 2102 927 2165; x_wconf 73' lang='grc' dir='ltr'>ὁδὸς</span> <span class='ocrx_word' id='word_1_158' title='bbox 977 2100 1329 2163; x_wconf 86' lang='grc' dir='ltr'>καταντῶσα,</span> <span class='ocrx_word' id='word_1_159' title='bbox 1364 2098 1439 2159; x_wconf 85' lang='grc' dir='ltr'>ὡς</span> <span class='ocrx_word' id='word_1_160' title='bbox 1488 2098 1736 2167; x_wconf 87' lang='grc' dir='ltr'>λέγουσι,</span> <span class='ocrx_word' id='word_1_161' title='bbox 1781 2103 1879 2152; x_wconf 75' lang='grc' dir='ltr'>καὶ</span> <span class='ocrx_word' id='word_1_162' title='bbox 1932 2097 2074 2169; x_wconf 80' lang='grc' dir='ltr'>αὑτὴ</span> 
     </span>
    </p>
   </div>
   <div class='ocr_carea' id='block_1_21' title="bbox 485 2192 2077 2266">
    <p class='ocr_par' dir='ltr' id='par_1_21' title="bbox 485 2192 2077 2266">
     <span class='ocr_line' id='line_1_21' title="bbox 485 2192 2077 2266; baseline -0.004 -14"><span class='ocrx_word' id='word_1_163' title='bbox 485 2200 626 2260; x_wconf 72' lang='grc' dir='ltr'>ἐκεῖ,</span> <span class='ocrx_word' id='word_1_164' title='bbox 657 2200 755 2252; x_wconf 76' lang='grc' dir='ltr'>καὶ</span> <span class='ocrx_word' id='word_1_165' title='bbox 792 2194 1205 2266; x_wconf 85' lang='grc' dir='ltr'>παροτρύνουσί</span> <span class='ocrx_word' id='word_1_166' title='bbox 1261 2210 1328 2264; x_wconf 93' lang='grc' dir='ltr'><strong>με</strong></span> <span class='ocrx_word' id='word_1_167' title='bbox 1382 2193 1637 2261; x_wconf 87' lang='grc' dir='ltr'>λέγοντες</span> <span class='ocrx_word' id='word_1_168' title='bbox 1661 2208 1675 2223; x_wconf 80' lang='grc'><em>’</em></span> <span class='ocrx_word' id='word_1_169' title='bbox 1719 2210 1737 2243; x_wconf 77' lang='grc' dir='ltr'><strong>ι</strong></span> <span class='ocrx_word' id='word_1_170' title='bbox 1790 2192 1943 2245; x_wconf 86' lang='grc' dir='ltr'>Ἐλθὲ</span> <span class='ocrx_word' id='word_1_171' title='bbox 1982 2193 2077 2246; x_wconf 78' lang='grc' dir='ltr'>καὶ</span> 
     </span>
    </p>
   </div>
   <div class='ocr_carea' id='block_1_22' title="bbox 488 2282 2076 2361">
    <p class='ocr_par' dir='ltr' id='par_1_22' title="bbox 488 2282 2076 2361">
     <span class='ocr_line' id='line_1_22' title="bbox 488 2282 2076 2361; baseline -0.006 -16"><span class='ocrx_word' id='word_1_172' title='bbox 488 2293 554 2345; x_wconf 75' lang='grc' dir='ltr'>σὺ</span> <span class='ocrx_word' id='word_1_173' title='bbox 586 2290 675 2344; x_wconf 77' lang='grc' dir='ltr'>διὰ</span> <span class='ocrx_word' id='word_1_174' title='bbox 694 2291 793 2361; x_wconf 87' lang='grc' dir='ltr'>τῆς</span> <span class='ocrx_word' id='word_1_175' title='bbox 826 2289 949 2343; x_wconf 80' lang='grc' dir='ltr'>ὁδοῦ</span> <span class='ocrx_word' id='word_1_176' title='bbox 982 2287 1209 2356; x_wconf 79' lang='grc' dir='ltr'>ταύτης,</span> <span class='ocrx_word' id='word_1_177' title='bbox 1242 2288 1309 2357; x_wconf 75' lang='grc' dir='ltr'>ἦν</span> <span class='ocrx_word' id='word_1_178' title='bbox 1336 2286 1574 2358; x_wconf 75' lang='grc' dir='ltr'>εὕρομεν</span> <span class='ocrx_word' id='word_1_179' title='bbox 1598 2300 1612 2313; x_wconf 86' lang='grc'><strong>·</strong></span> <span class='ocrx_word' id='word_1_180' title='bbox 1647 2283 1873 2354; x_wconf 75' lang='grc' dir='ltr'>καὶγὰρ</span> <span class='ocrx_word' id='word_1_181' title='bbox 1905 2285 1953 2335; x_wconf 79' lang='grc' dir='ltr'>εἰ</span> <span class='ocrx_word' id='word_1_182' title='bbox 1982 2282 2076 2336; x_wconf 83' lang='grc' dir='ltr'><strong>καί</strong></span> 
     </span>
    </p>
   </div>
   <div class='ocr_carea' id='block_1_23' title="bbox 484 2376 2077 2456">
    <p class='ocr_par' dir='ltr' id='par_1_23' title="bbox 484 2376 2077 2456">
     <span class='ocr_line' id='line_1_23' title="bbox 484 2376 2077 2456; baseline -0.007 -16"><span class='ocrx_word' id='word_1_183' title='bbox 484 2387 641 2440; x_wconf 64' lang='grc' dir='ltr'>ἔστιν</span> <span class='ocrx_word' id='word_1_184' title='bbox 689 2383 833 2456; x_wconf 71' lang='grc' dir='ltr'>αὕτη</span> <span class='ocrx_word' id='word_1_185' title='bbox 879 2377 1041 2456; x_wconf 73' lang='grc' dir='ltr'>δι’ἧς</span> <span class='ocrx_word' id='word_1_186' title='bbox 1093 2383 1317 2455; x_wconf 79' lang='grc' dir='ltr'><strong>ἀπέρχῃ</strong></span> <span class='ocrx_word' id='word_1_187' title='bbox 1350 2380 1493 2451; x_wconf 76' lang='grc' dir='ltr'>καλὴ</span> <span class='ocrx_word' id='word_1_188' title='bbox 1550 2380 1642 2433; x_wconf 78' lang='grc' dir='ltr'>καὶ</span> <span class='ocrx_word' id='word_1_189' title='bbox 1689 2376 1916 2449; x_wconf 84' lang='grc' dir='ltr'>ἀρχαία,</span> <span class='ocrx_word' id='word_1_190' title='bbox 1978 2378 2077 2430; x_wconf 79' lang='grc' dir='ltr'>καὶ</span> 
     </span>
    </p>
   </div>
   <div class='ocr_carea' id='block_1_24' title="bbox 487 2469 2072 2547">
    <p class='ocr_par' dir='ltr' id='par_1_24' title="bbox 487 2469 2072 2547">
     <span class='ocr_line' id='line_1_24' title="bbox 487 2469 2072 2547; baseline -0.007 -16"><span class='ocrx_word' id='word_1_191' title='bbox 487 2479 627 2547; x_wconf 73' lang='grc' dir='ltr'>ἡμῖν</span> <span class='ocrx_word' id='word_1_192' title='bbox 678 2475 923 2547; x_wconf 73' lang='grc' dir='ltr'>ἀρχῆθεν</span> <span class='ocrx_word' id='word_1_193' title='bbox 972 2474 1193 2544; x_wconf 79' lang='grc' dir='ltr'>γνωστὴ</span> <span class='ocrx_word' id='word_1_194' title='bbox 1233 2474 1331 2528; x_wconf 77' lang='grc' dir='ltr'>καὶ</span> <span class='ocrx_word' id='word_1_195' title='bbox 1388 2476 1485 2527; x_wconf 77' lang='grc' dir='ltr'>σὺν</span> <span class='ocrx_word' id='word_1_196' title='bbox 1547 2472 1678 2542; x_wconf 79' lang='grc' dir='ltr'>ὑμῖν</span> <span class='ocrx_word' id='word_1_197' title='bbox 1724 2469 2072 2541; x_wconf 78' lang='grc' dir='ltr'>διερχομένη,</span> 
     </span>
    </p>
   </div>
   <div class='ocr_carea' id='block_1_25' title="bbox 492 2561 2075 2640">
    <p class='ocr_par' dir='ltr' id='par_1_25' title="bbox 492 2561 2075 2640">
     <span class='ocr_line' id='line_1_25' title="bbox 492 2561 2075 2640; baseline -0.008 -13"><span class='ocrx_word' id='word_1_198' title='bbox 492 2569 630 2627; x_wconf 74' lang='grc' dir='ltr'><strong>ἀλλά</strong></span> <span class='ocrx_word' id='word_1_199' title='bbox 650 2569 747 2625; x_wconf 73' lang='grc' dir='ltr'>καὶ</span> <span class='ocrx_word' id='word_1_200' title='bbox 774 2567 937 2639; x_wconf 78' lang='grc' dir='ltr'>αὕτη,</span> <span class='ocrx_word' id='word_1_201' title='bbox 968 2567 1035 2640; x_wconf 80' lang='grc' dir='ltr'>ἣν</span> <span class='ocrx_word' id='word_1_202' title='bbox 1067 2567 1304 2639; x_wconf 79' lang='grc' dir='ltr'>εὕρομεν</span> <span class='ocrx_word' id='word_1_203' title='bbox 1342 2566 1460 2631; x_wconf 81' lang='grc' dir='ltr'>νῦν,</span> <span class='ocrx_word' id='word_1_204' title='bbox 1489 2567 1628 2635; x_wconf 85' lang='grc' dir='ltr'>καλή</span> <span class='ocrx_word' id='word_1_205' title='bbox 1676 2566 1828 2618; x_wconf 78' lang='grc' dir='ltr'>ἐστιν</span> <span class='ocrx_word' id='word_1_206' title='bbox 1850 2579 1865 2595; x_wconf 86' lang='grc'><strong>·</strong></span> <span class='ocrx_word' id='word_1_207' title='bbox 1906 2581 1927 2615; x_wconf 77' lang='lat' dir='ltr'><strong>t</strong></span> <span class='ocrx_word' id='word_1_208' title='bbox 1964 2561 2075 2632; x_wconf 77' lang='grc' dir='ltr'><strong>ἐγὼ</strong></span> 
     </span>
    </p>
   </div>
   <div class='ocr_carea' id='block_1_26' title="bbox 490 2653 2074 2729">
    <p class='ocr_par' dir='ltr' id='par_1_26' title="bbox 490 2653 2074 2729">
     <span class='ocr_line' id='line_1_26' title="bbox 490 2653 2074 2729; baseline -0.008 -12"><span class='ocrx_word' id='word_1_209' title='bbox 490 2662 550 2717; x_wconf 70' lang='grc' dir='ltr'>δὲ</span> <span class='ocrx_word' id='word_1_210' title='bbox 584 2661 802 2717; x_wconf 76' lang='grc' dir='ltr'>ἀκούων</span> <span class='ocrx_word' id='word_1_211' title='bbox 859 2660 1011 2729; x_wconf 85' lang='grc' dir='ltr'>παρὰ</span> <span class='ocrx_word' id='word_1_212' title='bbox 1052 2659 1151 2729; x_wconf 77' lang='grc' dir='ltr'>μὲν</span> <span class='ocrx_word' id='word_1_213' title='bbox 1179 2658 1289 2711; x_wconf 84' lang='grc' dir='ltr'><strong>τῶν</strong></span> <span class='ocrx_word' id='word_1_214' title='bbox 1334 2659 1417 2710; x_wconf 85' lang='grc' dir='ltr'>ὅτι</span> <span class='ocrx_word' id='word_1_215' title='bbox 1450 2657 1590 2727; x_wconf 86' lang='grc' dir='ltr'>καλή</span> <span class='ocrx_word' id='word_1_216' title='bbox 1627 2658 1763 2721; x_wconf 77' lang='grc' dir='ltr'>ἐστι,</span> <span class='ocrx_word' id='word_1_217' title='bbox 1821 2654 1975 2725; x_wconf 77' lang='grc' dir='ltr'>παρὰ</span> <span class='ocrx_word' id='word_1_218' title='bbox 2015 2653 2074 2708; x_wconf 75' lang='grc' dir='ltr'>δὲ</span> 
     </span>
    </p>
   </div>
   <div class='ocr_carea' id='block_1_27' title="bbox 485 2743 2073 2821">
    <p class='ocr_par' dir='ltr' id='par_1_27' title="bbox 485 2743 2073 2821">
     <span class='ocr_line' id='line_1_27' title="bbox 485 2743 2073 2821; baseline -0.006 -17"><span class='ocrx_word' id='word_1_219' title='bbox 485 2753 599 2807; x_wconf 81' lang='grc' dir='ltr'><strong>τῶν</strong></span> <span class='ocrx_word' id='word_1_220' title='bbox 623 2754 709 2807; x_wconf 80' lang='grc' dir='ltr'>ὅτι</span> <span class='ocrx_word' id='word_1_221' title='bbox 737 2752 799 2805; x_wconf 82' lang='grc' dir='ltr'>οὐ</span> <span class='ocrx_word' id='word_1_222' title='bbox 824 2750 988 2821; x_wconf 83' lang='grc' dir='ltr'>καλὴ,</span> <span class='ocrx_word' id='word_1_223' title='bbox 1026 2751 1123 2803; x_wconf 77' lang='grc' dir='ltr'>καὶ</span> <span class='ocrx_word' id='word_1_224' title='bbox 1155 2748 1489 2816; x_wconf 76' lang='grc' dir='ltr'>ἀσυμφωνία</span> <span class='ocrx_word' id='word_1_225' title='bbox 1519 2746 1657 2799; x_wconf 81' lang='grc' dir='ltr'>οὖσα</span> <span class='ocrx_word' id='word_1_226' title='bbox 1692 2748 1751 2799; x_wconf 79' lang='grc' dir='ltr'>ἐν</span> <span class='ocrx_word' id='word_1_227' title='bbox 1780 2743 1860 2815; x_wconf 84' lang='grc' dir='ltr'><strong>τῷ</strong></span> <span class='ocrx_word' id='word_1_228' title='bbox 1900 2746 2073 2814; x_wconf 79' lang='grc' dir='ltr'>μέσῳ,</span> 
     </span>
    </p>
   </div>
   <div class='ocr_carea' id='block_1_28' title="bbox 487 2836 2075 2916">
    <p class='ocr_par' dir='ltr' id='par_1_28' title="bbox 487 2836 2075 2916">
     <span class='ocr_line' id='line_1_28' title="bbox 487 2836 2075 2916; baseline -0.011 -11"><span class='ocrx_word' id='word_1_229' title='bbox 487 2846 578 2901; x_wconf 80' lang='grc' dir='ltr'>διὰ</span> <span class='ocrx_word' id='word_1_230' title='bbox 605 2845 658 2899; x_wconf 78' lang='grc' dir='ltr'><strong>τί</strong></span> <span class='ocrx_word' id='word_1_231' title='bbox 687 2844 764 2916; x_wconf 80' lang='grc' dir='ltr'>μὴ</span> <span class='ocrx_word' id='word_1_232' title='bbox 794 2843 936 2897; x_wconf 74' lang='grc' dir='ltr'>εἴπω</span> <span class='ocrx_word' id='word_1_233' title='bbox 980 2845 1099 2914; x_wconf 83' lang='grc' dir='ltr'>μετ’</span> <span class='ocrx_word' id='word_1_234' title='bbox 1144 2843 1373 2913; x_wconf 84' lang='grc' dir='ltr'>είρήνης</span> <span class='ocrx_word' id='word_1_235' title='bbox 1399 2856 1414 2871; x_wconf 91' lang='grc'><strong>·</strong></span> <span class='ocrx_word' id='word_1_236' title='bbox 1452 2858 1479 2892; x_wconf 64' lang='grc' dir='ltr'><strong>ι</strong></span> <span class='ocrx_word' id='word_1_237' title='bbox 1518 2837 1853 2910; x_wconf 82' lang='grc' dir='ltr'>Ἀπέρχεσθε</span> <span class='ocrx_word' id='word_1_238' title='bbox 1892 2836 2075 2899; x_wconf 85' lang='grc' dir='ltr'>καλῶς</span> 
     </span>
    </p>
   </div>
   <div class='ocr_carea' id='block_1_29' title="bbox 446 2929 2074 3008">
    <p class='ocr_par' dir='ltr' id='par_1_29' title="bbox 446 2929 2074 3008">
     <span class='ocr_line' id='line_1_29' title="bbox 446 2929 2074 3008; baseline -0.008 -15"><span class='ocrx_word' id='word_1_239' title='bbox 446 2954 461 2973; x_wconf 77' lang='grc' dir='ltr'><strong><em>ο</em></strong></span> <span class='ocrx_word' id='word_1_240' title='bbox 487 2941 571 3003; x_wconf 80' lang='grc' dir='ltr'>εἰς</span> <span class='ocrx_word' id='word_1_241' title='bbox 614 2937 713 3008; x_wconf 86' lang='grc' dir='ltr'>τὴν</span> <span class='ocrx_word' id='word_1_242' title='bbox 745 2936 911 3006; x_wconf 81' lang='grc' dir='ltr'>ἁγίαν</span> <span class='ocrx_word' id='word_1_243' title='bbox 957 2934 1160 3004; x_wconf 82' lang='grc' dir='ltr'>Σοφίαν</span> <span class='ocrx_word' id='word_1_244' title='bbox 1212 2934 1339 2988; x_wconf 79' lang='grc' dir='ltr'>ὅθεν</span> <span class='ocrx_word' id='word_1_245' title='bbox 1383 2933 1642 3006; x_wconf 82' lang='grc' dir='ltr'>βούλεσθε</span> <span class='ocrx_word' id='word_1_246' title='bbox 1668 2946 1681 2959; x_wconf 92' lang='grc'><strong>·</strong></span> <span class='ocrx_word' id='word_1_247' title='bbox 1753 2929 1865 2997; x_wconf 79' lang='grc' dir='ltr'><strong>ἐγὼ</strong></span> <span class='ocrx_word' id='word_1_248' title='bbox 1906 2930 2074 2984; x_wconf 86' lang='grc' dir='ltr'>πάλιν</span> 
     </span>
    </p>
   </div>
   <div class='ocr_carea' id='block_1_30' title="bbox 486 3021 2074 3100">
    <p class='ocr_par' dir='ltr' id='par_1_30' title="bbox 486 3021 2074 3100">
     <span class='ocr_line' id='line_1_30' title="bbox 486 3021 2074 3100; baseline -0.008 -14"><span class='ocrx_word' id='word_1_249' title='bbox 486 3030 685 3086; x_wconf 79' lang='grc' dir='ltr'>διέλθω</span> <span class='ocrx_word' id='word_1_250' title='bbox 716 3029 805 3084; x_wconf 86' lang='grc' dir='ltr'><strong>διά</strong></span> <span class='ocrx_word' id='word_1_251' title='bbox 826 3032 926 3100; x_wconf 65' lang='grc' dir='ltr'>τῆς</span> <span class='ocrx_word' id='word_1_252' title='bbox 958 3026 1082 3083; x_wconf 83' lang='grc' dir='ltr'>ὁδοῦ</span> <span class='ocrx_word' id='word_1_253' title='bbox 1118 3027 1185 3099; x_wconf 78' lang='grc' dir='ltr'>ῆν</span> <span class='ocrx_word' id='word_1_254' title='bbox 1212 3027 1307 3080; x_wconf 75' lang='grc' dir='ltr'>καὶ</span> <span class='ocrx_word' id='word_1_255' title='bbox 1343 3026 1465 3096; x_wconf 84' lang='grc' dir='ltr'>μεθ’</span> <span class='ocrx_word' id='word_1_256' title='bbox 1494 3023 1650 3091; x_wconf 83' lang='grc' dir='ltr'>ὑμῶν</span> <span class='ocrx_word' id='word_1_257' title='bbox 1681 3021 1864 3093; x_wconf 84' lang='grc' dir='ltr'>πολλῷ</span> <span class='ocrx_word' id='word_1_258' title='bbox 1894 3024 2074 3093; x_wconf 67' lang='grc' dir='ltr'>χρόνῳ</span> 
     </span>
    </p>
   </div>
   <div class='ocr_carea' id='block_1_31' title="bbox 491 3113 2074 3193">
    <p class='ocr_par' dir='ltr' id='par_1_31' title="bbox 491 3113 2074 3193">
     <span class='ocr_line' id='line_1_31' title="bbox 491 3113 2074 3193; baseline -0.009 -15"><span class='ocrx_word' id='word_1_259' title='bbox 491 3121 658 3193; x_wconf 75' lang='lat'><strong>178</strong></span> <span class='ocrx_word' id='word_1_260' title='bbox 690 3120 1048 3193; x_wconf 75' lang='grc' dir='ltr'>διηρχόμην,ο</span> <span class='ocrx_word' id='word_1_261' title='bbox 1070 3122 1166 3172; x_wconf 72' lang='grc' dir='ltr'>καὶ</span> <span class='ocrx_word' id='word_1_262' title='bbox 1202 3118 1376 3187; x_wconf 71' lang='grc' dir='ltr'>καλὴν</span> <span class='ocrx_word' id='word_1_263' title='bbox 1412 3117 1587 3186; x_wconf 77' lang='grc' dir='ltr'>αὐτὴν</span> <span class='ocrx_word' id='word_1_264' title='bbox 1624 3116 1720 3169; x_wconf 78' lang='grc' dir='ltr'>καὶ</span> <span class='ocrx_word' id='word_1_265' title='bbox 1749 3114 1879 3185; x_wconf 79' lang='grc' dir='ltr'>παρ’</span> <span class='ocrx_word' id='word_1_266' title='bbox 1917 3113 2074 3182; x_wconf 80' lang='grc' dir='ltr'>ὑμῶν</span> 
     </span>
    </p>
   </div>
   <div class='ocr_carea' id='block_1_32' title="bbox 2184 613 3688 689">
    <p class='ocr_par' dir='ltr' id='par_1_32' title="bbox 2184 613 3688 689">
     <span class='ocr_line' id='line_1_32' title="bbox 2184 613 3688 689; baseline 0.007 -23"><span class='ocrx_word' id='word_1_267' title='bbox 2184 614 2261 685; x_wconf 81' lang='grc' dir='ltr'>μὴ</span> <span class='ocrx_word' id='word_1_268' title='bbox 2291 613 2680 685; x_wconf 81' lang='grc' dir='ltr'>ὠφελήσασαν,</span> <span class='ocrx_word' id='word_1_269' title='bbox 2720 614 2840 669; x_wconf 83' lang='grc' dir='ltr'>ἀλλ’</span> <span class='ocrx_word' id='word_1_270' title='bbox 2875 615 3065 670; x_wconf 72' lang='grc' dir='ltr'>ἕνεκεν</span> <span class='ocrx_word' id='word_1_271' title='bbox 3088 617 3185 686; x_wconf 84' lang='grc' dir='ltr'>τῆς</span> <span class='ocrx_word' id='word_1_272' title='bbox 3219 618 3564 689; x_wconf 75' lang='grc' dir='ltr'>ἀσυμφωνίας.</span> <span class='ocrx_word' id='word_1_273' title='bbox 3594 626 3688 677; x_wconf 52' lang='lat' dir='ltr'><strong>liii):</strong></span> 
     </span>
    </p>
   </div>
   <div class='ocr_carea' id='block_1_33' title="bbox 2179 705 3689 780">
    <p class='ocr_par' dir='ltr' id='par_1_33' title="bbox 2179 705 3689 780">
     <span class='ocr_line' id='line_1_33' title="bbox 2179 705 3689 780; baseline 0.005 -22"><span class='ocrx_word' id='word_1_274' title='bbox 2179 705 2376 770; x_wconf 73' lang='grc' dir='ltr'>ἓνωσις</span> <span class='ocrx_word' id='word_1_275' title='bbox 2406 706 2493 777; x_wconf 72' lang='grc' dir='ltr'><strong>εἴη</strong></span> <span class='ocrx_word' id='word_1_276' title='bbox 2525 706 2635 760; x_wconf 74' lang='grc' dir='ltr'><strong>τῶν</strong></span> <span class='ocrx_word' id='word_1_277' title='bbox 2660 706 3001 776; x_wconf 74' lang='grc' dir='ltr'>ἐκκλησιῶν,</span> <span class='ocrx_word' id='word_1_278' title='bbox 3027 710 3123 762; x_wconf 83' lang='grc' dir='ltr'>καὶ</span> <span class='ocrx_word' id='word_1_279' title='bbox 3152 709 3433 779; x_wconf 72' lang='grc' dir='ltr'>ὑστερῆσαι</span> <span class='ocrx_word' id='word_1_280' title='bbox 3463 730 3521 780; x_wconf 88' lang='grc' dir='ltr'><strong>με</strong></span> <span class='ocrx_word' id='word_1_281' title='bbox 3544 715 3568 765; x_wconf 86' lang='grc' dir='ltr'><strong>ό</strong></span> <span class='ocrx_word' id='word_1_282' title='bbox 3588 716 3689 773; x_wconf 55' lang='lat' dir='ltr'><strong>ad;</strong></span> 
     </span>
    </p>
   </div>
   <div class='ocr_carea' id='block_1_34' title="bbox 2178 799 3687 877">
    <p class='ocr_par' dir='ltr' id='par_1_34' title="bbox 2178 799 3687 877">
     <span class='ocr_line' id='line_1_34' title="bbox 2178 799 3687 877; baseline 0.004 -25"><span class='ocrx_word' id='word_1_283' title='bbox 2178 799 2291 852; x_wconf 83' lang='grc' dir='ltr'><strong>τῶν</strong></span> <span class='ocrx_word' id='word_1_284' title='bbox 2323 799 2625 870; x_wconf 82' lang='grc' dir='ltr'>ὀφθαλμῶν</span> <span class='ocrx_word' id='word_1_285' title='bbox 2666 818 2791 871; x_wconf 90' lang='grc' dir='ltr'>μου.</span> <span class='ocrx_word' id='word_1_286' title='bbox 2819 800 2983 855; x_wconf 78' lang='grc' dir='ltr'>Ἀλλά</span> <span class='ocrx_word' id='word_1_287' title='bbox 3014 803 3103 857; x_wconf 76' lang='grc' dir='ltr'><strong>διὰ</strong></span> <span class='ocrx_word' id='word_1_288' title='bbox 3145 802 3235 867; x_wconf 75' lang='grc' dir='ltr'><strong>τίς</strong></span> <span class='ocrx_word' id='word_1_289' title='bbox 3284 804 3363 857; x_wconf 74' lang='grc' dir='ltr'>ὅτι</span> <span class='ocrx_word' id='word_1_290' title='bbox 3413 804 3499 858; x_wconf 76' lang='grc' dir='ltr'>καὶ</span> <span class='ocrx_word' id='word_1_291' title='bbox 3524 806 3636 875; x_wconf 75' lang='grc' dir='ltr'>αὑτὴ</span> <span class='ocrx_word' id='word_1_292' title='bbox 3664 811 3687 877; x_wconf 69' lang='grc' dir='ltr'><strong>ἡ</strong></span> 
     </span>
    </p>
   </div>
   <div class='ocr_carea' id='block_1_35' title="bbox 2180 889 3691 968">
    <p class='ocr_par' dir='ltr' id='par_1_35' title="bbox 2180 889 3691 968">
     <span class='ocr_line' id='line_1_35' title="bbox 2180 889 3691 968; baseline 0 -20"><span class='ocrx_word' id='word_1_293' title='bbox 2180 894 2280 965; x_wconf 81' lang='grc' dir='ltr'>τῆς</span> <span class='ocrx_word' id='word_1_294' title='bbox 2312 894 2535 948; x_wconf 84' lang='grc' dir='ltr'>συνόδου</span> <span class='ocrx_word' id='word_1_295' title='bbox 2582 893 2846 959; x_wconf 80' lang='grc' dir='ltr'>ὑπόθεσις</span> <span class='ocrx_word' id='word_1_296' title='bbox 2881 889 2950 965; x_wconf 72' lang='grc' dir='ltr'>ἦν</span> <span class='ocrx_word' id='word_1_297' title='bbox 2985 896 3135 948; x_wconf 84' lang='grc' dir='ltr'>αίτία</span> <span class='ocrx_word' id='word_1_298' title='bbox 3172 894 3357 968; x_wconf 81' lang='grc' dir='ltr'>πρώτη</span> <span class='ocrx_word' id='word_1_299' title='bbox 3390 897 3475 950; x_wconf 78' lang='grc' dir='ltr'>καὶ</span> <span class='ocrx_word' id='word_1_300' title='bbox 3521 901 3691 966; x_wconf 78' lang='grc' dir='ltr'>μεγάλη</span> 
     </span>
    </p>
   </div>
   <div class='ocr_carea' id='block_1_36' title="bbox 2182 986 3693 1058">
    <p class='ocr_par' dir='ltr' id='par_1_36' title="bbox 2182 986 3693 1058">
     <span class='ocr_line' id='line_1_36' title="bbox 2182 986 3693 1058; baseline 0 -18"><span class='ocrx_word' id='word_1_301' title='bbox 2182 986 2269 1040; x_wconf 77' lang='grc' dir='ltr'><strong>ἴνα</strong></span> <span class='ocrx_word' id='word_1_302' title='bbox 2300 988 2530 1057; x_wconf 86' lang='grc' dir='ltr'>γένηται</span> <span class='ocrx_word' id='word_1_303' title='bbox 2581 989 2613 1057; x_wconf 84' lang='grc' dir='ltr'><strong>ή</strong></span> <span class='ocrx_word' id='word_1_304' title='bbox 2646 989 2789 1043; x_wconf 84' lang='grc' dir='ltr'>κατὰ</span> <span class='ocrx_word' id='word_1_305' title='bbox 2832 992 2931 1058; x_wconf 79' lang='grc' dir='ltr'>τῆς</span> <span class='ocrx_word' id='word_1_306' title='bbox 2978 990 3575 1052; x_wconf 84' lang='grc' dir='ltr'>Κωνσταντινουπόλεως</span> <span class='ocrx_word' id='word_1_307' title='bbox 3609 993 3693 1043; x_wconf 76' lang='grc' dir='ltr'><strong>τῶν</strong></span> 
     </span>
    </p>
   </div>
   <div class='ocr_carea' id='block_1_37' title="bbox 2182 1076 3693 1149">
    <p class='ocr_par' dir='ltr' id='par_1_37' title="bbox 2182 1076 3693 1149">
     <span class='ocr_line' id='line_1_37' title="bbox 2182 1076 3693 1149; baseline 0.003 -20"><span class='ocrx_word' id='word_1_308' title='bbox 2182 1076 2400 1132; x_wconf 86' lang='grc' dir='ltr'>ἀσεϐῶν</span> <span class='ocrx_word' id='word_1_309' title='bbox 2425 1078 2640 1147; x_wconf 73' lang='grc' dir='ltr'>ἔφοδος,</span> <span class='ocrx_word' id='word_1_310' title='bbox 2670 1081 2768 1133; x_wconf 71' lang='grc' dir='ltr'><strong>καὶ</strong></span> <span class='ocrx_word' id='word_1_311' title='bbox 2796 1078 2909 1139; x_wconf 68' lang='grc' dir='ltr'>ἀπὸ</span> <span class='ocrx_word' id='word_1_312' title='bbox 2954 1082 3160 1149; x_wconf 81' lang='grc' dir='ltr'>ταύτης</span> <span class='ocrx_word' id='word_1_313' title='bbox 3190 1079 3348 1135; x_wconf 87' lang='grc' dir='ltr'>πάλιν</span> <span class='ocrx_word' id='word_1_314' title='bbox 3388 1081 3419 1149; x_wconf 70' lang='grc' dir='ltr'>ἡ</span> <span class='ocrx_word' id='word_1_315' title='bbox 3457 1081 3693 1149; x_wconf 70' lang='grc' dir='ltr'>πολιορκία</span> 
     </span>
    </p>
   </div>
   <div class='ocr_carea' id='block_1_38' title="bbox 2180 1170 3693 1243">
    <p class='ocr_par' dir='ltr' id='par_1_38' title="bbox 2180 1170 3693 1243">
     <span class='ocr_line' id='line_1_38' title="bbox 2180 1170 3693 1243; baseline 0.001 -21"><span class='ocrx_word' id='word_1_316' title='bbox 2180 1171 2275 1223; x_wconf 73' lang='grc' dir='ltr'>καὶ</span> <span class='ocrx_word' id='word_1_317' title='bbox 2308 1170 2663 1241; x_wconf 82' lang='grc' dir='ltr'>αἱχμαλωσία</span> <span class='ocrx_word' id='word_1_318' title='bbox 2696 1172 2796 1225; x_wconf 76' lang='grc' dir='ltr'>καὶ</span> <span class='ocrx_word' id='word_1_319' title='bbox 2825 1172 3058 1243; x_wconf 72' lang='grc' dir='ltr'>τοιαύτη</span> <span class='ocrx_word' id='word_1_320' title='bbox 3107 1172 3203 1227; x_wconf 80' lang='grc' dir='ltr'>καὶ</span> <span class='ocrx_word' id='word_1_321' title='bbox 3234 1172 3457 1243; x_wconf 83' lang='grc' dir='ltr'>τοσαύτη</span> <span class='ocrx_word' id='word_1_322' title='bbox 3487 1177 3693 1242; x_wconf 59' lang='grc' dir='ltr'>συμφορὰ</span> 
     </span>
    </p>
   </div>
   <div class='ocr_carea' id='block_1_39' title="bbox 2180 1264 3693 1336">
    <p class='ocr_par' dir='ltr' id='par_1_39' title="bbox 2180 1264 3693 1336">
     <span class='ocr_line' id='line_1_39' title="bbox 2180 1264 3693 1336; baseline 0.002 -22"><span class='ocrx_word' id='word_1_323' title='bbox 2180 1265 2371 1334; x_wconf 73' lang='grc' dir='ltr'>ἡμῶν·</span> <span class='ocrx_word' id='word_1_324' title='bbox 2409 1266 2505 1318; x_wconf 79' lang='grc' dir='ltr'>καὶ</span> <span class='ocrx_word' id='word_1_325' title='bbox 2532 1264 2807 1319; x_wconf 76' lang='grc' dir='ltr'>ἀκούσατε</span> <span class='ocrx_word' id='word_1_326' title='bbox 2840 1265 3028 1334; x_wconf 77' lang='grc' dir='ltr'>λόγους</span> <span class='ocrx_word' id='word_1_327' title='bbox 3068 1264 3314 1336; x_wconf 82' lang='grc' dir='ltr'>ἀληθεῖς,</span> <span class='ocrx_word' id='word_1_328' title='bbox 3348 1266 3439 1336; x_wconf 75' lang='grc' dir='ltr'>τὴν</span> <span class='ocrx_word' id='word_1_329' title='bbox 3462 1266 3693 1334; x_wconf 59' lang='lat' dir='ltr'><strong>Adtoniti,-</strong></span> 
     </span>
    </p>
   </div>
   <div class='ocr_carea' id='block_1_40' title="bbox 2182 1357 3278 1430">
    <p class='ocr_par' dir='ltr' id='par_1_40' title="bbox 2182 1357 3278 1430">
     <span class='ocr_line' id='line_1_40' title="bbox 2182 1357 3278 1430; baseline 0.004 -19"><span class='ocrx_word' id='word_1_330' title='bbox 2182 1357 2334 1411; x_wconf 82' lang='grc' dir='ltr'>θειαν</span> <span class='ocrx_word' id='word_1_331' title='bbox 2367 1358 2781 1428; x_wconf 82' lang='grc' dir='ltr'>προϐαλομένου</span> <span class='ocrx_word' id='word_1_332' title='bbox 2820 1376 2921 1428; x_wconf 88' lang='grc' dir='ltr'><strong>μου</strong></span> <span class='ocrx_word' id='word_1_333' title='bbox 2952 1360 3278 1430; x_wconf 87' lang='grc' dir='ltr'>μαρτυρίαν.</span> 
     </span>
    </p>
   </div>
   <div class='ocr_carea' id='block_1_41' title="bbox 2253 1447 3695 1523">
    <p class='ocr_par' dir='ltr' id='par_1_41' title="bbox 2253 1447 3695 1523">
     <span class='ocr_line' id='line_1_41' title="bbox 2253 1447 3695 1523; baseline 0 -20"><span class='ocrx_word' id='word_1_334' title='bbox 2253 1447 2423 1504; x_wconf 76' lang='grc' dir='ltr'>Εἶπεν</span> <span class='ocrx_word' id='word_1_335' title='bbox 2458 1452 2486 1504; x_wconf 90' lang='grc' dir='ltr'><strong>ό</strong></span> <span class='ocrx_word' id='word_1_336' title='bbox 2509 1450 2760 1521; x_wconf 78' lang='grc' dir='ltr'>ἀοίδιμος</span> <span class='ocrx_word' id='word_1_337' title='bbox 2798 1450 3056 1520; x_wconf 83' lang='grc' dir='ltr'>βασιλεὺς</span> <span class='ocrx_word' id='word_1_338' title='bbox 3087 1452 3192 1523; x_wconf 82' lang='grc' dir='ltr'>κὺρ</span> <span class='ocrx_word' id='word_1_339' title='bbox 3220 1451 3465 1523; x_wconf 70' lang='grc' dir='ltr'>Μανουὴλ</span> <span class='ocrx_word' id='word_1_340' title='bbox 3491 1453 3604 1520; x_wconf 66' lang='grc' dir='ltr'>πριις</span> <span class='ocrx_word' id='word_1_341' title='bbox 3625 1454 3695 1504; x_wconf 72' lang='grc' dir='ltr'><strong>τὸν</strong></span> 
     </span>
    </p>
   </div>
   <div class='ocr_carea' id='block_1_42' title="bbox 2180 1542 3696 1616">
    <p class='ocr_par' dir='ltr' id='par_1_42' title="bbox 2180 1542 3696 1616">
     <span class='ocr_line' id='line_1_42' title="bbox 2180 1542 3696 1616; baseline -0.002 -20"><span class='ocrx_word' id='word_1_342' title='bbox 2180 1543 2299 1597; x_wconf 76' lang='grc' dir='ltr'>υἱὸν</span> <span class='ocrx_word' id='word_1_343' title='bbox 2333 1542 2526 1610; x_wconf 77' lang='grc' dir='ltr'>αὑτοῦ,</span> <span class='ocrx_word' id='word_1_344' title='bbox 2569 1543 2662 1597; x_wconf 67' lang='grc' dir='ltr'>τὸν</span> <span class='ocrx_word' id='word_1_345' title='bbox 2713 1543 2941 1614; x_wconf 82' lang='grc' dir='ltr'>βασιλέα</span> <span class='ocrx_word' id='word_1_346' title='bbox 2969 1546 3075 1616; x_wconf 79' lang='grc' dir='ltr'><strong>κυρ</strong></span> <span class='ocrx_word' id='word_1_347' title='bbox 3101 1543 3377 1616; x_wconf 83' lang='grc' dir='ltr'>Ἰωάννην,</span> <span class='ocrx_word' id='word_1_348' title='bbox 3422 1544 3565 1612; x_wconf 84' lang='grc' dir='ltr'>μόνος</span> <span class='ocrx_word' id='word_1_349' title='bbox 3593 1544 3696 1613; x_wconf 66' lang='grc' dir='ltr'>πρδς</span> 
     </span>
    </p>
   </div>
   <div class='ocr_carea' id='block_1_43' title="bbox 2181 1636 3695 1708">
    <p class='ocr_par' dir='ltr' id='par_1_43' title="bbox 2181 1636 3695 1708">
     <span class='ocr_line' id='line_1_43' title="bbox 2181 1636 3695 1708; baseline -0.001 -20"><span class='ocrx_word' id='word_1_350' title='bbox 2181 1636 2366 1705; x_wconf 90' lang='grc' dir='ltr'>μόνον,</span> <span class='ocrx_word' id='word_1_351' title='bbox 2410 1636 2593 1705; x_wconf 80' lang='grc' dir='ltr'>κάμοῦ</span> <span class='ocrx_word' id='word_1_352' title='bbox 2631 1639 2799 1706; x_wconf 83' lang='grc' dir='ltr'>μόνου</span> <span class='ocrx_word' id='word_1_353' title='bbox 2849 1639 3147 1705; x_wconf 77' lang='grc' dir='ltr'>ἱσταμένου</span> <span class='ocrx_word' id='word_1_354' title='bbox 3182 1638 3482 1708; x_wconf 74' lang='grc' dir='ltr'>ἔμπροσθεν</span> <span class='ocrx_word' id='word_1_355' title='bbox 3522 1636 3695 1689; x_wconf 68' lang='grc' dir='ltr'>αὐτῶνθ</span> 
     </span>
    </p>
   </div>
   <div class='ocr_carea' id='block_1_44' title="bbox 2180 1728 3696 1799">
    <p class='ocr_par' dir='ltr' id='par_1_44' title="bbox 2180 1728 3696 1799">
     <span class='ocr_line' id='line_1_44' title="bbox 2180 1728 3696 1799; baseline -0.001 -18"><span class='ocrx_word' id='word_1_356' title='bbox 2180 1728 2275 1781; x_wconf 80' lang='grc' dir='ltr'>καὶ</span> <span class='ocrx_word' id='word_1_357' title='bbox 2317 1729 2644 1793; x_wconf 74' lang='grc' dir='ltr'>ἐκπεσόντος</span> <span class='ocrx_word' id='word_1_358' title='bbox 2688 1729 2850 1798; x_wconf 84' lang='grc' dir='ltr'>λόγου</span> <span class='ocrx_word' id='word_1_359' title='bbox 2894 1732 3025 1798; x_wconf 81' lang='grc' dir='ltr'>περὶ</span> <span class='ocrx_word' id='word_1_360' title='bbox 3047 1735 3149 1799; x_wconf 84' lang='grc' dir='ltr'>τῆς</span> <span class='ocrx_word' id='word_1_361' title='bbox 3182 1731 3398 1785; x_wconf 88' lang='grc' dir='ltr'>συνόδου</span> <span class='ocrx_word' id='word_1_362' title='bbox 3428 1729 3521 1799; x_wconf 76' lang='grc' dir='ltr'>ἔφη</span> <span class='ocrx_word' id='word_1_363' title='bbox 3548 1745 3558 1757; x_wconf 81' lang='lat'>&#39;</span> <span class='ocrx_word' id='word_1_364' title='bbox 3584 1747 3600 1780; x_wconf 82' lang='grc' dir='ltr'><strong>ι</strong></span> <span class='ocrx_word' id='word_1_365' title='bbox 3625 1728 3696 1780; x_wconf 78' lang='grc' dir='ltr'><strong>Υἱὲ</strong></span> 
     </span>
    </p>
   </div>
   <div class='ocr_carea' id='block_1_45' title="bbox 2184 1820 3697 1894">
    <p class='ocr_par' dir='ltr' id='par_1_45' title="bbox 2184 1820 3697 1894">
     <span class='ocr_line' id='line_1_45' title="bbox 2184 1820 3697 1894; baseline 0 -21"><span class='ocrx_word' id='word_1_366' title='bbox 2184 1838 2313 1890; x_wconf 84' lang='grc' dir='ltr'>μου,</span> <span class='ocrx_word' id='word_1_367' title='bbox 2346 1821 2580 1891; x_wconf 77' lang='grc' dir='ltr'>βεϐαίως</span> <span class='ocrx_word' id='word_1_368' title='bbox 2616 1823 2711 1876; x_wconf 75' lang='grc' dir='ltr'>καὶ</span> <span class='ocrx_word' id='word_1_369' title='bbox 2741 1823 2965 1894; x_wconf 85' lang='grc' dir='ltr'>ἀληθῶς</span> <span class='ocrx_word' id='word_1_370' title='bbox 2992 1824 3337 1893; x_wconf 79' lang='grc' dir='ltr'>ἐπιστάμεθα</span> <span class='ocrx_word' id='word_1_371' title='bbox 3370 1824 3428 1875; x_wconf 82' lang='grc' dir='ltr'>ὲκ</span> <span class='ocrx_word' id='word_1_372' title='bbox 3458 1822 3600 1891; x_wconf 77' lang='grc' dir='ltr'>μέσου</span> <span class='ocrx_word' id='word_1_373' title='bbox 3624 1820 3697 1886; x_wconf 80' lang='grc' dir='ltr'>τῆς</span> 
     </span>
    </p>
   </div>
   <div class='ocr_carea' id='block_1_46' title="bbox 2182 1914 3696 1985">
    <p class='ocr_par' dir='ltr' id='par_1_46' title="bbox 2182 1914 3696 1985">
     <span class='ocr_line' id='line_1_46' title="bbox 2182 1914 3696 1985; baseline -0.001 -18"><span class='ocrx_word' id='word_1_374' title='bbox 2182 1914 2413 1982; x_wconf 76' lang='grc' dir='ltr'>καρδίας</span> <span class='ocrx_word' id='word_1_375' title='bbox 2439 1915 2624 1968; x_wconf 75' lang='grc' dir='ltr'>αὐτῶν</span> <span class='ocrx_word' id='word_1_376' title='bbox 2651 1915 2714 1985; x_wconf 85' lang='grc' dir='ltr'>δὴ</span> <span class='ocrx_word' id='word_1_377' title='bbox 2743 1915 2854 1969; x_wconf 88' lang='grc' dir='ltr'><strong>τῶν</strong></span> <span class='ocrx_word' id='word_1_378' title='bbox 2885 1915 3119 1984; x_wconf 75' lang='grc' dir='ltr'>ἀσεϐῶν,</span> <span class='ocrx_word' id='word_1_379' title='bbox 3159 1918 3244 1972; x_wconf 85' lang='grc' dir='ltr'>ὅτι</span> <span class='ocrx_word' id='word_1_380' title='bbox 3273 1917 3389 1970; x_wconf 88' lang='grc' dir='ltr'>λίαν</span> <span class='ocrx_word' id='word_1_381' title='bbox 3419 1916 3696 1979; x_wconf 75' lang='grc' dir='ltr'>διστάζονσι,</span> 
     </span>
    </p>
   </div>
   <div class='ocr_carea' id='block_1_47' title="bbox 2180 2005 3697 2080">
    <p class='ocr_par' dir='ltr' id='par_1_47' title="bbox 2180 2005 3697 2080">
     <span class='ocr_line' id='line_1_47' title="bbox 2180 2005 3697 2080; baseline -0.002 -22"><span class='ocrx_word' id='word_1_382' title='bbox 2180 2006 2512 2076; x_wconf 82' lang='grc' dir='ltr'>φοϐούμενοι</span> <span class='ocrx_word' id='word_1_383' title='bbox 2567 2007 2663 2077; x_wconf 53' lang='grc' dir='ltr'>μή,</span> <span class='ocrx_word' id='word_1_384' title='bbox 2689 2024 2808 2072; x_wconf 88' lang='grc' dir='ltr'><strong>πως</strong></span> <span class='ocrx_word' id='word_1_385' title='bbox 2846 2010 3307 2080; x_wconf 85' lang='grc' dir='ltr'>συμφωνήσωμεν</span> <span class='ocrx_word' id='word_1_386' title='bbox 3345 2009 3436 2062; x_wconf 74' lang='grc' dir='ltr'>καὶ</span> <span class='ocrx_word' id='word_1_387' title='bbox 3464 2005 3697 2075; x_wconf 80' lang='grc' dir='ltr'>ὲνωθῶμεν</span> 
     </span>
    </p>
   </div>
   <div class='ocr_carea' id='block_1_48' title="bbox 2180 2097 3696 2171">
    <p class='ocr_par' dir='ltr' id='par_1_48' title="bbox 2180 2097 3696 2171">
     <span class='ocr_line' id='line_1_48' title="bbox 2180 2097 3696 2171; baseline -0.003 -21"><span class='ocrx_word' id='word_1_388' title='bbox 2180 2101 2292 2162; x_wconf 74' lang='grc' dir='ltr'>τοῖς</span> <span class='ocrx_word' id='word_1_389' title='bbox 2334 2099 2577 2163; x_wconf 83' lang='grc' dir='ltr'>δυτικοῖς</span> <span class='ocrx_word' id='word_1_390' title='bbox 2624 2100 2980 2170; x_wconf 87' lang='grc' dir='ltr'>Χριστιανοῖς</span> <span class='ocrx_word' id='word_1_391' title='bbox 3003 2117 3018 2132; x_wconf 76' lang='lat'>&#39;</span> <span class='ocrx_word' id='word_1_392' title='bbox 3051 2101 3206 2155; x_wconf 82' lang='grc' dir='ltr'>δοκεῖ</span> <span class='ocrx_word' id='word_1_393' title='bbox 3232 2102 3340 2171; x_wconf 83' lang='grc' dir='ltr'><strong>γάρ</strong></span> <span class='ocrx_word' id='word_1_394' title='bbox 3384 2100 3552 2162; x_wconf 81' lang='grc' dir='ltr'>αὐτοῖς</span> <span class='ocrx_word' id='word_1_395' title='bbox 3579 2098 3642 2150; x_wconf 82' lang='grc' dir='ltr'>ὅτι</span> <span class='ocrx_word' id='word_1_396' title='bbox 3662 2097 3696 2147; x_wconf 81' lang='grc' dir='ltr'><strong>εί</strong></span> 
     </span>
    </p>
   </div>
   <div class='ocr_carea' id='block_1_49' title="bbox 2178 2190 3696 2271">
    <p class='ocr_par' dir='ltr' id='par_1_49' title="bbox 2178 2190 3696 2271">
     <span class='ocr_line' id='line_1_49' title="bbox 2178 2190 3696 2271; baseline -0.003 -27"><span class='ocrx_word' id='word_1_397' title='bbox 2178 2190 2337 2244; x_wconf 81' lang='grc' dir='ltr'>τοῦτο</span> <span class='ocrx_word' id='word_1_398' title='bbox 2360 2191 2612 2261; x_wconf 82' lang='grc' dir='ltr'>γένηται,</span> <span class='ocrx_word' id='word_1_399' title='bbox 2640 2192 2936 2271; x_wconf 64' lang='grc' dir='ltr'>γενήσεταί</span> <span class='ocrx_word' id='word_1_400' title='bbox 2961 2210 3013 2246; x_wconf 87' lang='grc' dir='ltr'><strong>τι</strong></span> <span class='ocrx_word' id='word_1_401' title='bbox 3047 2194 3222 2247; x_wconf 82' lang='grc' dir='ltr'>κακὸν</span> <span class='ocrx_word' id='word_1_402' title='bbox 3252 2194 3394 2262; x_wconf 82' lang='grc' dir='ltr'>μέγα</span> <span class='ocrx_word' id='word_1_403' title='bbox 3423 2191 3534 2245; x_wconf 86' lang='grc' dir='ltr'>κατ’</span> <span class='ocrx_word' id='word_1_404' title='bbox 3560 2190 3696 2242; x_wconf 80' lang='grc' dir='ltr'>αὐτῶν</span> 
     </span>
    </p>
   </div>
   <div class='ocr_carea' id='block_1_50' title="bbox 2178 2281 3697 2355">
    <p class='ocr_par' dir='ltr' id='par_1_50' title="bbox 2178 2281 3697 2355">
     <span class='ocr_line' id='line_1_50' title="bbox 2178 2281 3697 2355; baseline -0.005 -20"><span class='ocrx_word' id='word_1_405' title='bbox 2178 2283 2333 2354; x_wconf 70' lang='grc' dir='ltr'>παρὰ</span> <span class='ocrx_word' id='word_1_406' title='bbox 2362 2283 2470 2338; x_wconf 86' lang='grc' dir='ltr'><strong>τῶν</strong></span> <span class='ocrx_word' id='word_1_407' title='bbox 2517 2284 2826 2355; x_wconf 80' lang='grc' dir='ltr'>εἰρημένων</span> <span class='ocrx_word' id='word_1_408' title='bbox 2870 2285 3106 2339; x_wconf 86' lang='grc' dir='ltr'>δυτικῶν</span> <span class='ocrx_word' id='word_1_409' title='bbox 3135 2286 3205 2338; x_wconf 84' lang='grc' dir='ltr'><strong>δι’</strong></span> <span class='ocrx_word' id='word_1_410' title='bbox 3237 2286 3405 2355; x_wconf 75' lang='grc' dir='ltr'>ἡμᾶς.</span> <span class='ocrx_word' id='word_1_411' title='bbox 3449 2282 3623 2337; x_wconf 68' lang='grc' dir='ltr'>Λοιπὸν</span> <span class='ocrx_word' id='word_1_412' title='bbox 3654 2281 3697 2329; x_wconf 72' lang='grc' dir='ltr'><strong>τὸ</strong></span> 
     </span>
    </p>
   </div>
   <div class='ocr_carea' id='block_1_51' title="bbox 2179 2369 3698 2448">
    <p class='ocr_par' dir='ltr' id='par_1_51' title="bbox 2179 2369 3698 2448">
     <span class='ocr_line' id='line_1_51' title="bbox 2179 2369 3698 2448; baseline -0.004 -21"><span class='ocrx_word' id='word_1_413' title='bbox 2179 2376 2309 2442; x_wconf 78' lang='grc' dir='ltr'>περὶ</span> <span class='ocrx_word' id='word_1_414' title='bbox 2341 2376 2439 2443; x_wconf 81' lang='grc' dir='ltr'>τῆς</span> <span class='ocrx_word' id='word_1_415' title='bbox 2472 2376 2698 2430; x_wconf 90' lang='grc' dir='ltr'>συνόδου</span> <span class='ocrx_word' id='word_1_416' title='bbox 2751 2376 2956 2448; x_wconf 80' lang='grc' dir='ltr'>μελέτα</span> <span class='ocrx_word' id='word_1_417' title='bbox 2994 2378 3096 2447; x_wconf 73' lang='grc' dir='ltr'>μὲν</span> <span class='ocrx_word' id='word_1_418' title='bbox 3132 2378 3267 2430; x_wconf 84' lang='grc' dir='ltr'>αὐτὸ</span> <span class='ocrx_word' id='word_1_419' title='bbox 3317 2373 3602 2443; x_wconf 73' lang='grc' dir='ltr'>κα“ι“ζήτει,</span> <span class='ocrx_word' id='word_1_420' title='bbox 3631 2369 3698 2422; x_wconf 73' lang='grc' dir='ltr'>καὶ</span> 
     </span>
    </p>
   </div>
   <div class='ocr_carea' id='block_1_52' title="bbox 2181 2461 3695 2539">
    <p class='ocr_par' dir='ltr' id='par_1_52' title="bbox 2181 2461 3695 2539">
     <span class='ocr_line' id='line_1_52' title="bbox 2181 2461 3695 2539; baseline -0.003 -18"><span class='ocrx_word' id='word_1_421' title='bbox 2181 2467 2416 2538; x_wconf 85' lang='grc' dir='ltr'>μάλιστα</span> <span class='ocrx_word' id='word_1_422' title='bbox 2448 2470 2579 2522; x_wconf 87' lang='grc' dir='ltr'>ὅταν</span> <span class='ocrx_word' id='word_1_423' title='bbox 2601 2468 2796 2538; x_wconf 86' lang='grc' dir='ltr'>χρείαν</span> <span class='ocrx_word' id='word_1_424' title='bbox 2823 2468 2972 2539; x_wconf 76' lang='grc' dir='ltr'>ἔχεις</span> <span class='ocrx_word' id='word_1_425' title='bbox 3005 2468 3250 2538; x_wconf 85' lang='grc' dir='ltr'>φοϐῆσαι</span> <span class='ocrx_word' id='word_1_426' title='bbox 3279 2469 3403 2532; x_wconf 79' lang='grc' dir='ltr'>τοὺς</span> <span class='ocrx_word' id='word_1_427' title='bbox 3426 2466 3636 2528; x_wconf 80' lang='grc' dir='ltr'>ἀσεϐεῖς.</span> <span class='ocrx_word' id='word_1_428' title='bbox 3657 2461 3695 2513; x_wconf 76' lang='grc' dir='ltr'><strong>τὺ</strong></span> 
     </span>
    </p>
   </div>
   <div class='ocr_carea' id='block_1_53' title="bbox 2178 2558 3693 2635">
    <p class='ocr_par' dir='ltr' id='par_1_53' title="bbox 2178 2558 3693 2635">
     <span class='ocr_line' id='line_1_53' title="bbox 2178 2558 3693 2635; baseline -0.002 -22"><span class='ocrx_word' id='word_1_429' title='bbox 2178 2561 2237 2627; x_wconf 70' lang='grc' dir='ltr'>δὲ,</span> <span class='ocrx_word' id='word_1_430' title='bbox 2278 2561 2508 2628; x_wconf 77' lang='grc' dir='ltr'>ποιῆσαι</span> <span class='ocrx_word' id='word_1_431' title='bbox 2548 2562 2724 2633; x_wconf 81' lang='grc' dir='ltr'>αὐτὴν</span> <span class='ocrx_word' id='word_1_432' title='bbox 2772 2564 2973 2633; x_wconf 83' lang='grc' dir='ltr'>μηκέτι</span> <span class='ocrx_word' id='word_1_433' title='bbox 3009 2563 3389 2635; x_wconf 77' lang='grc' dir='ltr'>ἐπιχειρισθῇς</span> <span class='ocrx_word' id='word_1_434' title='bbox 3429 2559 3569 2624; x_wconf 79' lang='grc' dir='ltr'>αὐτὸ,</span> <span class='ocrx_word' id='word_1_435' title='bbox 3598 2558 3693 2613; x_wconf 76' lang='grc' dir='ltr'>διότι</span> 
     </span>
    </p>
   </div>
   <div class='ocr_carea' id='block_1_54' title="bbox 2178 2650 3697 2726">
    <p class='ocr_par' dir='ltr' id='par_1_54' title="bbox 2178 2650 3697 2726">
     <span class='ocr_line' id='line_1_54' title="bbox 2178 2650 3697 2726; baseline 0.002 -19"><span class='ocrx_word' id='word_1_436' title='bbox 2178 2652 2253 2717; x_wconf 83' lang='grc' dir='ltr'><strong>ὡς</strong></span> <span class='ocrx_word' id='word_1_437' title='bbox 2286 2653 2472 2723; x_wconf 81' lang='grc' dir='ltr'>βλέπω</span> <span class='ocrx_word' id='word_1_438' title='bbox 2503 2655 2632 2718; x_wconf 82' lang='grc' dir='ltr'>τοὺς</span> <span class='ocrx_word' id='word_1_439' title='bbox 2664 2656 3000 2725; x_wconf 78' lang='grc' dir='ltr'>ἡμετέρους,</span> <span class='ocrx_word' id='word_1_440' title='bbox 3029 2654 3130 2709; x_wconf 77' lang='grc' dir='ltr'>οῦκ</span> <span class='ocrx_word' id='word_1_441' title='bbox 3161 2657 3302 2709; x_wconf 86' lang='grc' dir='ltr'>είσιν</span> <span class='ocrx_word' id='word_1_442' title='bbox 3333 2654 3567 2726; x_wconf 80' lang='grc' dir='ltr'>άρμόδιοι</span> <span class='ocrx_word' id='word_1_443' title='bbox 3598 2650 3697 2718; x_wconf 47' lang='lat' dir='ltr'><strong>apii</strong></span> 
     </span>
    </p>
   </div>
   <div class='ocr_carea' id='block_1_55' title="bbox 2177 2742 3698 2821">
    <p class='ocr_par' dir='ltr' id='par_1_55' title="bbox 2177 2742 3698 2821">
     <span class='ocr_line' id='line_1_55' title="bbox 2177 2742 3698 2821; baseline 0.004 -22"><span class='ocrx_word' id='word_1_444' title='bbox 2177 2745 2239 2799; x_wconf 78' lang='grc' dir='ltr'>τὸ</span> <span class='ocrx_word' id='word_1_445' title='bbox 2266 2747 2452 2814; x_wconf 79' lang='grc' dir='ltr'>εὑρεῖν</span> <span class='ocrx_word' id='word_1_446' title='bbox 2502 2747 2730 2817; x_wconf 85' lang='grc' dir='ltr'>μέθοδον</span> <span class='ocrx_word' id='word_1_447' title='bbox 2763 2749 2859 2802; x_wconf 79' lang='grc' dir='ltr'>καὶ</span> <span class='ocrx_word' id='word_1_448' title='bbox 2906 2749 3109 2821; x_wconf 90' lang='grc' dir='ltr'>τρόπον</span> <span class='ocrx_word' id='word_1_449' title='bbox 3144 2749 3394 2813; x_wconf 80' lang='grc' dir='ltr'>ένώσεως</span> <span class='ocrx_word' id='word_1_450' title='bbox 3436 2742 3698 2817; x_wconf 78' lang='grc' dir='ltr'>συμφωνίας</span> 
     </span>
    </p>
   </div>
   <div class='ocr_carea' id='block_1_56' title="bbox 2177 2833 3697 2914">
    <p class='ocr_par' dir='ltr' id='par_1_56' title="bbox 2177 2833 3697 2914">
     <span class='ocr_line' id='line_1_56' title="bbox 2177 2833 3697 2914; baseline -0.005 -22"><span class='ocrx_word' id='word_1_451' title='bbox 2177 2855 2237 2892; x_wconf 87' lang='grc' dir='ltr'><strong>τε</strong></span> <span class='ocrx_word' id='word_1_452' title='bbox 2268 2841 2364 2894; x_wconf 79' lang='grc' dir='ltr'>καὶ</span> <span class='ocrx_word' id='word_1_453' title='bbox 2402 2840 2628 2911; x_wconf 73' lang='grc' dir='ltr'>εἰρήνης</span> <span class='ocrx_word' id='word_1_454' title='bbox 2668 2840 2829 2911; x_wconf 76' lang='lat'><strong>179</strong></span> <span class='ocrx_word' id='word_1_455' title='bbox 2870 2842 2966 2895; x_wconf 81' lang='grc' dir='ltr'>καὶ</span> <span class='ocrx_word' id='word_1_456' title='bbox 2996 2842 3222 2914; x_wconf 84' lang='grc' dir='ltr'>ἀγάπης</span> <span class='ocrx_word' id='word_1_457' title='bbox 3266 2842 3360 2896; x_wconf 78' lang='grc' dir='ltr'>καὶ</span> <span class='ocrx_word' id='word_1_458' title='bbox 3400 2837 3640 2911; x_wconf 82' lang='grc' dir='ltr'>ὁμονοίας,</span> <span class='ocrx_word' id='word_1_459' title='bbox 3662 2833 3697 2886; x_wconf 84' lang='grc' dir='ltr'><strong>εί</strong></span> 
     </span>
    </p>
   </div>
   <div class='ocr_carea' id='block_1_57' title="bbox 2180 2930 3696 3005">
    <p class='ocr_par' dir='ltr' id='par_1_57' title="bbox 2180 2930 3696 3005">
     <span class='ocr_line' id='line_1_57' title="bbox 2180 2930 3696 3005; baseline -0.005 -15"><span class='ocrx_word' id='word_1_460' title='bbox 2180 2931 2255 3003; x_wconf 82' lang='grc' dir='ltr'>μὴ</span> <span class='ocrx_word' id='word_1_461' title='bbox 2287 2933 2635 3001; x_wconf 71' lang='grc' dir='ltr'>φροντίζουσι</span> <span class='ocrx_word' id='word_1_462' title='bbox 2678 2935 2815 3003; x_wconf 81' lang='grc' dir='ltr'>πρὸς</span> <span class='ocrx_word' id='word_1_463' title='bbox 2862 2934 2923 2987; x_wconf 83' lang='grc' dir='ltr'>τὸ</span> <span class='ocrx_word' id='word_1_464' title='bbox 2958 2934 3291 3005; x_wconf 73' lang='grc' dir='ltr'>ἐπιστρέψαι</span> <span class='ocrx_word' id='word_1_465' title='bbox 3339 2934 3548 2996; x_wconf 77' lang='grc' dir='ltr'>αὐτοὺς,</span> <span class='ocrx_word' id='word_1_466' title='bbox 3591 2930 3696 2995; x_wconf 75' lang='grc' dir='ltr'>λέγω</span> 
     </span>
    </p>
   </div>
   <div class='ocr_carea' id='block_1_58' title="bbox 2176 3021 3699 3098">
    <p class='ocr_par' dir='ltr' id='par_1_58' title="bbox 2176 3021 3699 3098">
     <span class='ocr_line' id='line_1_58' title="bbox 2176 3021 3699 3098; baseline -0.003 -21"><span class='ocrx_word' id='word_1_467' title='bbox 2176 3026 2304 3089; x_wconf 81' lang='grc' dir='ltr'>τοὺς</span> <span class='ocrx_word' id='word_1_468' title='bbox 2327 3025 2608 3092; x_wconf 80' lang='grc' dir='ltr'>δυτικοὺς,</span> <span class='ocrx_word' id='word_1_469' title='bbox 2637 3026 2713 3089; x_wconf 86' lang='grc' dir='ltr'><strong>ὡς</strong></span> <span class='ocrx_word' id='word_1_470' title='bbox 2740 3021 2884 3097; x_wconf 81' lang='grc' dir='ltr'>ἦμεν</span> <span class='ocrx_word' id='word_1_471' title='bbox 2907 3027 3176 3098; x_wconf 78' lang='grc' dir='ltr'>ἀρχῆθεν.</span> <span class='ocrx_word' id='word_1_472' title='bbox 3207 3028 3377 3083; x_wconf 84' lang='grc' dir='ltr'>Τοῦτο</span> <span class='ocrx_word' id='word_1_473' title='bbox 3406 3028 3461 3081; x_wconf 74' lang='grc' dir='ltr'>δὲ</span> <span class='ocrx_word' id='word_1_474' title='bbox 3487 3025 3699 3080; x_wconf 74' lang='grc' dir='ltr'>ἀδύνατον</span> 
     </span>
    </p>
   </div>
   <div class='ocr_carea' id='block_1_59' title="bbox 2176 3114 3697 3193">
    <p class='ocr_par' dir='ltr' id='par_1_59' title="bbox 2176 3114 3697 3193">
     <span class='ocr_line' id='line_1_59' title="bbox 2176 3114 3697 3193; baseline -0.001 -23"><span class='ocrx_word' id='word_1_475' title='bbox 2176 3114 2347 3181; x_wconf 73' lang='grc' dir='ltr'>ὅντως</span> <span class='ocrx_word' id='word_1_476' title='bbox 2367 3134 2382 3148; x_wconf 77' lang='grc' dir='ltr'><strong>ο</strong></span> <span class='ocrx_word' id='word_1_477' title='bbox 2418 3118 2608 3190; x_wconf 78' lang='grc' dir='ltr'>σχεδὸν</span> <span class='ocrx_word' id='word_1_478' title='bbox 2641 3120 2750 3188; x_wconf 78' lang='grc' dir='ltr'>γὰρ</span> <span class='ocrx_word' id='word_1_479' title='bbox 2784 3118 3061 3189; x_wconf 82' lang='grc' dir='ltr'>φοϐοῦμαι</span> <span class='ocrx_word' id='word_1_480' title='bbox 3093 3119 3174 3192; x_wconf 77' lang='grc' dir='ltr'>μὴ</span> <span class='ocrx_word' id='word_1_481' title='bbox 3206 3122 3300 3175; x_wconf 85' lang='grc' dir='ltr'>καὶ</span> <span class='ocrx_word' id='word_1_482' title='bbox 3332 3122 3510 3193; x_wconf 79' lang='grc' dir='ltr'>χεῖρον</span> <span class='ocrx_word' id='word_1_483' title='bbox 3540 3115 3697 3187; x_wconf 77' lang='grc' dir='ltr'>σχίσμα</span> 
     </span>
    </p>
   </div>
   <div class='ocr_carea' id='block_1_60' title="bbox 486 3201 3697 3285">
    <p class='ocr_par' dir='ltr' id='par_1_60' title="bbox 486 3201 3697 3285">
     <span class='ocr_line' id='line_1_60' title="bbox 486 3201 3697 3285; baseline -0.004 -15"><span class='ocrx_word' id='word_1_484' title='bbox 486 3218 587 3270; x_wconf 76' lang='grc' dir='ltr'>καὶ</span> <span class='ocrx_word' id='word_1_485' title='bbox 635 3215 742 3269; x_wconf 88' lang='grc' dir='ltr'><strong>τῶν</strong></span> <span class='ocrx_word' id='word_1_486' title='bbox 785 3213 1072 3285; x_wconf 80' lang='grc' dir='ltr'>προγόνων</span> <span class='ocrx_word' id='word_1_487' title='bbox 1130 3209 1590 3285; x_wconf 81' lang='grc' dir='ltr'>μαρτυρουμένην</span> <span class='ocrx_word' id='word_1_488' title='bbox 1638 3208 1735 3261; x_wconf 78' lang='grc' dir='ltr'>καὶ</span> <span class='ocrx_word' id='word_1_489' title='bbox 1787 3205 2073 3278; x_wconf 79' lang='grc' dir='ltr'>διερχομέ-</span> <span class='ocrx_word' id='word_1_490' title='bbox 2097 3207 2146 3271; x_wconf 88' lang='lat' dir='ltr'><strong><em>C</em></strong></span> <span class='ocrx_word' id='word_1_491' title='bbox 2176 3208 2432 3282; x_wconf 81' lang='grc' dir='ltr'>γένηται·</span> <span class='ocrx_word' id='word_1_492' title='bbox 2462 3211 2553 3265; x_wconf 74' lang='grc' dir='ltr'>καὶ</span> <span class='ocrx_word' id='word_1_493' title='bbox 2578 3209 2688 3265; x_wconf 81' lang='grc' dir='ltr'>ίδοὺ</span> <span class='ocrx_word' id='word_1_494' title='bbox 2709 3211 3189 3284; x_wconf 80' lang='grc' dir='ltr'>ἀπεκαλύφθημεν</span> <span class='ocrx_word' id='word_1_495' title='bbox 3214 3216 3329 3279; x_wconf 80' lang='grc' dir='ltr'>τοῖς</span> <span class='ocrx_word' id='word_1_496' title='bbox 3350 3201 3697 3268; x_wconf 81' lang='grc' dir='ltr'>ἀσεϐέσι.ι1ὀῦ</span> 
     </span>
    </p>
   </div>
   <div class='ocr_carea' id='block_1_61' title="bbox 491 3386 2069 3464">
    <p class='ocr_par' dir='ltr' id='par_1_61' title="bbox 491 3386 2069 3464">
     <span class='ocr_line' id='line_1_61' title="bbox 491 3386 2069 3464; baseline -0.006 -13"><span class='ocrx_word' id='word_1_497' title='bbox 491 3396 677 3464; x_wconf 73' lang='lat' dir='ltr'><strong>tisque</strong></span> <span class='ocrx_word' id='word_1_498' title='bbox 723 3404 831 3448; x_wconf 88' lang='lat' dir='ltr'><strong>tam</strong></span> <span class='ocrx_word' id='word_1_499' title='bbox 883 3390 1151 3449; x_wconf 76' lang='lat' dir='ltr'><strong>senatorii</strong></span> <span class='ocrx_word' id='word_1_500' title='bbox 1183 3389 1415 3456; x_wconf 86' lang='lat' dir='ltr'><strong>ordinis,</strong></span> <span class='ocrx_word' id='word_1_501' title='bbox 1447 3403 1612 3459; x_wconf 88' lang='lat' dir='ltr'><strong>quam</strong></span> <span class='ocrx_word' id='word_1_502' title='bbox 1649 3386 1908 3442; x_wconf 66' lang='lat' dir='ltr'><strong>Ecclesia:</strong></span> <span class='ocrx_word' id='word_1_503' title='bbox 1939 3386 2069 3442; x_wconf 76' lang='lat' dir='ltr'><strong>viris</strong></span> 
     </span>
    </p>
   </div>
   <div class='ocr_carea' id='block_1_62' title="bbox 490 3480 2070 3560">
    <p class='ocr_par' dir='ltr' id='par_1_62' title="bbox 490 3480 2070 3560">
     <span class='ocr_line' id='line_1_62' title="bbox 490 3480 2070 3560; baseline -0.004 -17"><span class='ocrx_word' id='word_1_504' title='bbox 490 3487 829 3560; x_wconf 75' lang='lat' dir='ltr'><strong>primoribus</strong></span> <span class='ocrx_word' id='word_1_505' title='bbox 877 3495 931 3540; x_wconf 86' lang='lat' dir='ltr'><strong>et</strong></span> <span class='ocrx_word' id='word_1_506' title='bbox 961 3484 1233 3539; x_wconf 83' lang='lat' dir='ltr'><strong>universis</strong></span> <span class='ocrx_word' id='word_1_507' title='bbox 1263 3481 1658 3553; x_wconf 84' lang='lat' dir='ltr'><strong>propemodum</strong></span> <span class='ocrx_word' id='word_1_508' title='bbox 1707 3480 2070 3550; x_wconf 84' lang='lat' dir='ltr'><strong>metropolitis</strong></span> 
     </span>
    </p>
   </div>
   <div class='ocr_carea' id='block_1_63' title="bbox 488 3570 2067 3650">
    <p class='ocr_par' dir='ltr' id='par_1_63' title="bbox 488 3570 2067 3650">
     <span class='ocr_line' id='line_1_63' title="bbox 488 3570 2067 3650; baseline -0.006 -13"><span class='ocrx_word' id='word_1_509' title='bbox 488 3591 544 3637; x_wconf 93' lang='lat' dir='ltr'><strong>et</strong></span> <span class='ocrx_word' id='word_1_510' title='bbox 572 3580 871 3650; x_wconf 81' lang='lat' dir='ltr'><strong>episcopis,</strong></span> <span class='ocrx_word' id='word_1_511' title='bbox 907 3584 1132 3649; x_wconf 84' lang='lat' dir='ltr'><strong>propter</strong></span> <span class='ocrx_word' id='word_1_512' title='bbox 1170 3590 1314 3638; x_wconf 90' lang='lat' dir='ltr'><strong>eam,</strong></span> <span class='ocrx_word' id='word_1_513' title='bbox 1344 3587 1508 3644; x_wconf 87' lang='lat' dir='ltr'><strong>quam</strong></span> <span class='ocrx_word' id='word_1_514' title='bbox 1536 3570 1927 3637; x_wconf 82' lang='lat' dir='ltr'><strong>meditabatur,</strong></span> <span class='ocrx_word' id='word_1_515' title='bbox 1972 3572 2067 3627; x_wconf 91' lang='lat' dir='ltr'><strong>sed</strong></span> 
     </span>
    </p>
   </div>
   <div class='ocr_carea' id='block_1_64' title="bbox 487 3663 2071 3743">
    <p class='ocr_par' dir='ltr' id='par_1_64' title="bbox 487 3663 2071 3743">
     <span class='ocr_line' id='line_1_64' title="bbox 487 3663 2071 3743; baseline -0.008 -15"><span class='ocrx_word' id='word_1_516' title='bbox 487 3676 575 3733; x_wconf 70' lang='lat' dir='ltr'><strong>cui</strong></span> <span class='ocrx_word' id='word_1_517' title='bbox 609 3689 719 3730; x_wconf 88' lang='lat' dir='ltr'><strong>non</strong></span> <span class='ocrx_word' id='word_1_518' title='bbox 746 3671 971 3743; x_wconf 69' lang='lat' dir='ltr'><strong>profuit,</strong></span> <span class='ocrx_word' id='word_1_519' title='bbox 1009 3670 1113 3737; x_wconf 85' lang='lat' dir='ltr'><strong>vel,</strong></span> <span class='ocrx_word' id='word_1_520' title='bbox 1148 3677 1207 3723; x_wconf 93' lang='lat' dir='ltr'><strong>ut</strong></span> <span class='ocrx_word' id='word_1_521' title='bbox 1236 3669 1417 3739; x_wconf 89' lang='lat' dir='ltr'><strong>aptius</strong></span> <span class='ocrx_word' id='word_1_522' title='bbox 1456 3666 1658 3731; x_wconf 89' lang='lat' dir='ltr'><strong>dicam,</strong></span> <span class='ocrx_word' id='word_1_523' title='bbox 1689 3679 1813 3735; x_wconf 67' lang='lat' dir='ltr'><strong>qua:</strong></span> <span class='ocrx_word' id='word_1_524' title='bbox 1837 3664 1951 3735; x_wconf 88' lang='lat' dir='ltr'><strong>ipsa</strong></span> <span class='ocrx_word' id='word_1_525' title='bbox 1985 3663 2071 3717; x_wconf 85' lang='lat' dir='ltr'><strong>ni-</strong></span> 
     </span>
    </p>
   </div>
   <div class='ocr_carea' id='block_1_65' title="bbox 487 3756 2066 3841">
    <p class='ocr_par' dir='ltr' id='par_1_65' title="bbox 487 3756 2066 3841">
     <span class='ocr_line' id='line_1_65' title="bbox 487 3756 2066 3841; baseline -0.009 -15"><span class='ocrx_word' id='word_1_526' title='bbox 487 3772 564 3826; x_wconf 88' lang='lat' dir='ltr'><strong>hil</strong></span> <span class='ocrx_word' id='word_1_527' title='bbox 587 3767 820 3841; x_wconf 82' lang='lat' dir='ltr'><strong>profuit,</strong></span> <span class='ocrx_word' id='word_1_528' title='bbox 856 3764 1145 3821; x_wconf 68' lang='lat' dir='ltr'><strong>Florentiae</strong></span> <span class='ocrx_word' id='word_1_529' title='bbox 1191 3770 1438 3817; x_wconf 76' lang='lat' dir='ltr'><strong>coactam</strong></span> <span class='ocrx_word' id='word_1_530' title='bbox 1482 3759 1751 3831; x_wconf 87' lang='lat' dir='ltr'><strong>synodum</strong></span> <span class='ocrx_word' id='word_1_531' title='bbox 1791 3756 2066 3813; x_wconf 84' lang='lat' dir='ltr'><strong>discessit.</strong></span> 
     </span>
    </p>
   </div>
   <div class='ocr_carea' id='block_1_66' title="bbox 485 3848 2070 3933">
    <p class='ocr_par' dir='ltr' id='par_1_66' title="bbox 485 3848 2070 3933">
     <span class='ocr_line' id='line_1_66' title="bbox 485 3848 2070 3933; baseline -0.011 -13"><span class='ocrx_word' id='word_1_532' title='bbox 485 3865 545 3921; x_wconf 81' lang='lat' dir='ltr'><strong>In</strong></span> <span class='ocrx_word' id='word_1_533' title='bbox 579 3879 642 3931; x_wconf 81' lang='lat' dir='ltr'><strong>ea</strong></span> <span class='ocrx_word' id='word_1_534' title='bbox 676 3861 848 3933; x_wconf 77' lang='lat' dir='ltr'><strong>igitur</strong></span> <span class='ocrx_word' id='word_1_535' title='bbox 895 3874 1018 3914; x_wconf 86' lang='lat' dir='ltr'><strong>cum</strong></span> <span class='ocrx_word' id='word_1_536' title='bbox 1069 3855 1299 3926; x_wconf 82' lang='lat' dir='ltr'><strong>reliquis</strong></span> <span class='ocrx_word' id='word_1_537' title='bbox 1337 3854 1601 3909; x_wconf 89' lang='lat' dir='ltr'><strong>omnibus</strong></span> <span class='ocrx_word' id='word_1_538' title='bbox 1639 3851 1778 3909; x_wconf 81' lang='lat' dir='ltr'><strong>nihil</strong></span> <span class='ocrx_word' id='word_1_539' title='bbox 1840 3848 2070 3920; x_wconf 75' lang='lat' dir='ltr'><strong>profecit</strong></span> 
     </span>
    </p>
   </div>
   <div class='ocr_carea' id='block_1_67' title="bbox 486 3940 2064 4025">
    <p class='ocr_par' dir='ltr' id='par_1_67' title="bbox 486 3940 2064 4025">
     <span class='ocr_line' id='line_1_67' title="bbox 486 3940 2064 4025; baseline -0.01 -16"><span class='ocrx_word' id='word_1_540' title='bbox 486 3956 788 4025; x_wconf 83' lang='lat' dir='ltr'><strong>imperator</strong></span> <span class='ocrx_word' id='word_1_541' title='bbox 822 3971 834 4007; x_wconf 91' lang='lat'><strong>:</strong></span> <span class='ocrx_word' id='word_1_542' title='bbox 873 3949 1023 4021; x_wconf 92' lang='lat' dir='ltr'><strong>quod</strong></span> <span class='ocrx_word' id='word_1_543' title='bbox 1064 3964 1172 4003; x_wconf 91' lang='lat' dir='ltr'><strong>non</strong></span> <span class='ocrx_word' id='word_1_544' title='bbox 1213 3947 1282 4003; x_wconf 92' lang='lat' dir='ltr'><strong>de</strong></span> <span class='ocrx_word' id='word_1_545' title='bbox 1311 3945 1588 4016; x_wconf 80' lang='lat' dir='ltr'><strong>dogmatis</strong></span> <span class='ocrx_word' id='word_1_546' title='bbox 1620 3940 1881 3999; x_wconf 69' lang='lat' dir='ltr'><strong>Ecclesiae</strong></span> <span class='ocrx_word' id='word_1_547' title='bbox 1906 3942 2064 3996; x_wconf 79' lang='lat' dir='ltr'><strong>dico:</strong></span> 
     </span>
    </p>
   </div>
   <div class='ocr_carea' id='block_1_68' title="bbox 486 4027 2069 4106">
    <p class='ocr_par' dir='ltr' id='par_1_68' title="bbox 486 4027 2069 4106">
     <span class='ocr_line' id='line_1_68' title="bbox 486 4027 2069 4106; baseline -0.014 -4"><span class='ocrx_word' id='word_1_548' title='bbox 486 4062 551 4102; x_wconf 89' lang='lat' dir='ltr'><strong>ea</strong></span> <span class='ocrx_word' id='word_1_549' title='bbox 585 4045 732 4100; x_wconf 87' lang='lat' dir='ltr'><strong>enim</strong></span> <span class='ocrx_word' id='word_1_550' title='bbox 764 4042 885 4097; x_wconf 77' lang='lat' dir='ltr'><strong>aliis</strong></span> <span class='ocrx_word' id='word_1_551' title='bbox 919 4043 1043 4094; x_wconf 88' lang='lat' dir='ltr'><strong>data</strong></span> <span class='ocrx_word' id='word_1_552' title='bbox 1084 4034 1557 4106; x_wconf 84' lang='lat' dir='ltr'><strong>suntjudieanda,</strong></span> <span class='ocrx_word' id='word_1_553' title='bbox 1594 4046 1661 4086; x_wconf 89' lang='lat' dir='ltr'><strong>ac</strong></span> <span class='ocrx_word' id='word_1_554' title='bbox 1696 4029 1831 4085; x_wconf 86' lang='lat' dir='ltr'><strong>mihi</strong></span> <span class='ocrx_word' id='word_1_555' title='bbox 1867 4027 2069 4084; x_wconf 82' lang='lat' dir='ltr'><strong>snﬂieit</strong></span> 
     </span>
    </p>
   </div>
   <div class='ocr_carea' id='block_1_69' title="bbox 484 4123 2069 4217">
    <p class='ocr_par' dir='ltr' id='par_1_69' title="bbox 484 4123 2069 4217">
     <span class='ocr_line' id='line_1_69' title="bbox 484 4123 2069 4217; baseline -0.013 -18"><span class='ocrx_word' id='word_1_556' title='bbox 484 4142 647 4217; x_wconf 86' lang='lat' dir='ltr'><strong>quasi</strong></span> <span class='ocrx_word' id='word_1_557' title='bbox 682 4137 1001 4196; x_wconf 71' lang='lat' dir='ltr'><strong>haereditate</strong></span> <span class='ocrx_word' id='word_1_558' title='bbox 1036 4150 1070 4189; x_wconf 86' lang='lat' dir='ltr'><strong>a</strong></span> <span class='ocrx_word' id='word_1_559' title='bbox 1111 4123 1418 4202; x_wconf 83' lang='lat' dir='ltr'><strong>majoribus</strong></span> <span class='ocrx_word' id='word_1_560' title='bbox 1463 4136 1688 4198; x_wconf 88' lang='lat' dir='ltr'><strong>accepta</strong></span> <span class='ocrx_word' id='word_1_561' title='bbox 1728 4126 1887 4194; x_wconf 87' lang='lat' dir='ltr'><strong>ﬁdes,</strong></span> <span class='ocrx_word' id='word_1_562' title='bbox 1933 4140 2069 4195; x_wconf 91' lang='lat' dir='ltr'><strong>quo-</strong></span> 
     </span>
    </p>
   </div>
   <div class='ocr_carea' id='block_1_70' title="bbox 487 4217 2069 4295">
    <p class='ocr_par' dir='ltr' id='par_1_70' title="bbox 487 4217 2069 4295">
     <span class='ocr_line' id='line_1_70' title="bbox 487 4217 2069 4295; baseline -0.015 -2"><span class='ocrx_word' id='word_1_563' title='bbox 487 4239 637 4293; x_wconf 85' lang='lat' dir='ltr'><strong>niam</strong></span> <span class='ocrx_word' id='word_1_564' title='bbox 675 4250 706 4288; x_wconf 86' lang='lat' dir='ltr'><strong>a</strong></span> <span class='ocrx_word' id='word_1_565' title='bbox 734 4235 960 4288; x_wconf 79' lang='lat' dir='ltr'><strong>nemine</strong></span> <span class='ocrx_word' id='word_1_566' title='bbox 979 4227 1273 4284; x_wconf 68' lang='lat' dir='ltr'><strong>contraria:</strong></span> <span class='ocrx_word' id='word_1_567' title='bbox 1288 4223 1468 4295; x_wconf 85' lang='lat' dir='ltr'><strong>partis</strong></span> <span class='ocrx_word' id='word_1_568' title='bbox 1495 4220 1708 4278; x_wconf 75' lang='lat' dir='ltr'><strong>assecla</strong></span> <span class='ocrx_word' id='word_1_569' title='bbox 1733 4218 1940 4283; x_wconf 82' lang='lat' dir='ltr'><strong>audivi,</strong></span> <span class='ocrx_word' id='word_1_570' title='bbox 1966 4217 2069 4272; x_wconf 87' lang='lat' dir='ltr'><strong>do-</strong></span> 
     </span>
    </p>
   </div>
   <div class='ocr_carea' id='block_1_71' title="bbox 488 4314 2069 4400">
    <p class='ocr_par' dir='ltr' id='par_1_71' title="bbox 488 4314 2069 4400">
     <span class='ocr_line' id='line_1_71' title="bbox 488 4314 2069 4400; baseline -0.011 -17"><span class='ocrx_word' id='word_1_571' title='bbox 488 4337 671 4400; x_wconf 84' lang='lat' dir='ltr'><strong>gmata</strong></span> <span class='ocrx_word' id='word_1_572' title='bbox 705 4335 892 4380; x_wconf 89' lang='lat' dir='ltr'><strong>nostra</strong></span> <span class='ocrx_word' id='word_1_573' title='bbox 919 4336 1083 4391; x_wconf 78' lang='lat' dir='ltr'><strong>prava</strong></span> <span class='ocrx_word' id='word_1_574' title='bbox 1121 4334 1264 4383; x_wconf 86' lang='lat' dir='ltr'><strong>esse,</strong></span> <span class='ocrx_word' id='word_1_575' title='bbox 1297 4319 1409 4373; x_wconf 81' lang='lat' dir='ltr'><strong>into</strong></span> <span class='ocrx_word' id='word_1_576' title='bbox 1432 4316 1612 4386; x_wconf 85' lang='lat' dir='ltr'><strong>petius</strong></span> <span class='ocrx_word' id='word_1_577' title='bbox 1635 4314 1869 4387; x_wconf 83' lang='lat' dir='ltr'><strong>pulchra</strong></span> <span class='ocrx_word' id='word_1_578' title='bbox 1890 4322 1945 4367; x_wconf 90' lang='lat' dir='ltr'><strong>et</strong></span> <span class='ocrx_word' id='word_1_579' title='bbox 1969 4327 2069 4366; x_wconf 86' lang='lat' dir='ltr'><strong>an-</strong></span> 
     </span>
    </p>
   </div>
   <div class='ocr_carea' id='block_1_72' title="bbox 492 4404 2067 4492">
    <p class='ocr_par' dir='ltr' id='par_1_72' title="bbox 492 4404 2067 4492">
     <span class='ocr_line' id='line_1_72' title="bbox 492 4404 2067 4492; baseline -0.011 -17"><span class='ocrx_word' id='word_1_580' title='bbox 492 4425 665 4492; x_wconf 86' lang='lat' dir='ltr'><strong>tiqua,</strong></span> <span class='ocrx_word' id='word_1_581' title='bbox 685 4428 1000 4489; x_wconf 81' lang='lat' dir='ltr'><strong>quanquam</strong></span> <span class='ocrx_word' id='word_1_582' title='bbox 1024 4426 1121 4467; x_wconf 90' lang='lat' dir='ltr'><strong>nec</strong></span> <span class='ocrx_word' id='word_1_583' title='bbox 1145 4426 1244 4466; x_wconf 87' lang='lat' dir='ltr'><strong>sua</strong></span> <span class='ocrx_word' id='word_1_584' title='bbox 1261 4410 1514 4481; x_wconf 76' lang='lat' dir='ltr'><strong>dogmata</strong></span> <span class='ocrx_word' id='word_1_585' title='bbox 1539 4422 1726 4478; x_wconf 88' lang='lat' dir='ltr'><strong>prava,</strong></span> <span class='ocrx_word' id='word_1_586' title='bbox 1759 4407 1853 4461; x_wconf 85' lang='lat' dir='ltr'><strong>sed</strong></span> <span class='ocrx_word' id='word_1_587' title='bbox 1871 4415 1927 4460; x_wconf 90' lang='lat' dir='ltr'><strong>et</strong></span> <span class='ocrx_word' id='word_1_588' title='bbox 1948 4404 2067 4471; x_wconf 84' lang='lat' dir='ltr'><strong>ipsa</strong></span> 
     </span>
    </p>
   </div>
   <div class='ocr_carea' id='block_1_73' title="bbox 2175 3392 3704 3471">
    <p class='ocr_par' dir='ltr' id='par_1_73' title="bbox 2175 3392 3704 3471">
     <span class='ocr_line' id='line_1_73' title="bbox 2175 3392 3704 3471; baseline -0.001 -25"><span class='ocrx_word' id='word_1_589' title='bbox 2175 3406 2341 3462; x_wconf 89' lang='lat' dir='ltr'><strong>quam</strong></span> <span class='ocrx_word' id='word_1_590' title='bbox 2372 3392 2655 3449; x_wconf 83' lang='lat' dir='ltr'><strong>vobiscum</strong></span> <span class='ocrx_word' id='word_1_591' title='bbox 2688 3394 2780 3450; x_wconf 90' lang='lat' dir='ltr'><strong>diu</strong></span> <span class='ocrx_word' id='word_1_592' title='bbox 2816 3398 3099 3466; x_wconf 85' lang='lat' dir='ltr'><strong>usurpavi,</strong></span> <span class='ocrx_word' id='word_1_593' title='bbox 3136 3406 3195 3454; x_wconf 89' lang='lat' dir='ltr'><strong>et</strong></span> <span class='ocrx_word' id='word_1_594' title='bbox 3216 3399 3492 3471; x_wconf 81' lang='lat' dir='ltr'><strong>pulchram</strong></span> <span class='ocrx_word' id='word_1_595' title='bbox 3518 3395 3641 3451; x_wconf 84' lang='lat' dir='ltr'><strong>illam</strong></span> <span class='ocrx_word' id='word_1_596' title='bbox 3664 3400 3704 3445; x_wconf 79' lang='lat' dir='ltr'><strong>et</strong></span> 
     </span>
    </p>
   </div>
   <div class='ocr_carea' id='block_1_74' title="bbox 2174 3485 3697 3564">
    <p class='ocr_par' dir='ltr' id='par_1_74' title="bbox 2174 3485 3697 3564">
     <span class='ocr_line' id='line_1_74' title="bbox 2174 3485 3697 3564; baseline 0.001 -24"><span class='ocrx_word' id='word_1_597' title='bbox 2174 3500 2205 3540; x_wconf 90' lang='lat' dir='ltr'><strong>a</strong></span> <span class='ocrx_word' id='word_1_598' title='bbox 2239 3486 2510 3542; x_wconf 87' lang='lat' dir='ltr'><strong>nobismet</strong></span> <span class='ocrx_word' id='word_1_599' title='bbox 2526 3502 2590 3541; x_wconf 89' lang='lat' dir='ltr'><strong>ac</strong></span> <span class='ocrx_word' id='word_1_600' title='bbox 2614 3490 2915 3558; x_wconf 86' lang='lat' dir='ltr'><strong>majoribus</strong></span> <span class='ocrx_word' id='word_1_601' title='bbox 2933 3492 3222 3561; x_wconf 90' lang='lat' dir='ltr'><strong>probatam</strong></span> <span class='ocrx_word' id='word_1_602' title='bbox 3245 3485 3697 3564; x_wconf 69' lang='lat' dir='ltr'><strong>usurpatamqucit</strong></span> 
     </span>
    </p>
   </div>
   <div class='ocr_carea' id='block_1_75' title="bbox 2174 3577 3703 3655">
    <p class='ocr_par' dir='ltr' id='par_1_75' title="bbox 2174 3577 3703 3655">
     <span class='ocr_line' id='line_1_75' title="bbox 2174 3577 3703 3655; baseline 0.002 -24"><span class='ocrx_word' id='word_1_603' title='bbox 2174 3577 2292 3633; x_wconf 74' lang='lat' dir='ltr'><strong>Non</strong></span> <span class='ocrx_word' id='word_1_604' title='bbox 2327 3579 2429 3634; x_wconf 87' lang='lat' dir='ltr'><strong>hac</strong></span> <span class='ocrx_word' id='word_1_605' title='bbox 2488 3578 2755 3636; x_wconf 83' lang='lat' dir='ltr'><strong>de&#39;eausa</strong></span> <span class='ocrx_word' id='word_1_606' title='bbox 2790 3581 2959 3650; x_wconf 80' lang='lat' dir='ltr'><strong>igitur</strong></span> <span class='ocrx_word' id='word_1_607' title='bbox 2993 3585 3269 3655; x_wconf 83' lang='lat' dir='ltr'><strong>synodum</strong></span> <span class='ocrx_word' id='word_1_608' title='bbox 3319 3585 3452 3641; x_wconf 88' lang='lat' dir='ltr'><strong>nihil</strong></span> <span class='ocrx_word' id='word_1_609' title='bbox 3479 3581 3703 3655; x_wconf 81' lang='lat' dir='ltr'><strong>profuisse</strong></span> 
     </span>
    </p>
   </div>
   <div class='ocr_carea' id='block_1_76' title="bbox 2173 3670 3707 3745">
    <p class='ocr_par' dir='ltr' id='par_1_76' title="bbox 2173 3670 3707 3745">
     <span class='ocr_line' id='line_1_76' title="bbox 2173 3670 3707 3745; baseline 0.001 -20"><span class='ocrx_word' id='word_1_610' title='bbox 2173 3670 2311 3738; x_wconf 80' lang='lat' dir='ltr'><strong>dixi,</strong></span> <span class='ocrx_word' id='word_1_611' title='bbox 2341 3672 2436 3727; x_wconf 89' lang='lat' dir='ltr'><strong>sed</strong></span> <span class='ocrx_word' id='word_1_612' title='bbox 2461 3683 2691 3743; x_wconf 82' lang='lat' dir='ltr'><strong>propter</strong></span> <span class='ocrx_word' id='word_1_613' title='bbox 2724 3673 3083 3733; x_wconf 87' lang='lat' dir='ltr'><strong>discordiam.</strong></span> <span class='ocrx_word' id='word_1_614' title='bbox 3118 3677 3345 3745; x_wconf 84' lang='lat' dir='ltr'><strong>Utinam</strong></span> <span class='ocrx_word' id='word_1_615' title='bbox 3380 3681 3523 3734; x_wconf 88' lang='lat' dir='ltr'><strong>tieret</strong></span> <span class='ocrx_word' id='word_1_616' title='bbox 3560 3672 3707 3732; x_wconf 53' lang='lat' dir='ltr'><strong>conci‘</strong></span> 
     </span>
    </p>
   </div>
   <div class='ocr_carea' id='block_1_77' title="bbox 2174 3763 3701 3839">
    <p class='ocr_par' dir='ltr' id='par_1_77' title="bbox 2174 3763 3701 3839">
     <span class='ocr_line' id='line_1_77' title="bbox 2174 3763 3701 3839; baseline 0.005 -19"><span class='ocrx_word' id='word_1_617' title='bbox 2174 3765 2329 3820; x_wconf 89' lang='lat' dir='ltr'><strong>liatio</strong></span> <span class='ocrx_word' id='word_1_618' title='bbox 2353 3766 2718 3820; x_wconf 76' lang='lat' dir='ltr'><strong>ecclesiarum</strong></span> <span class='ocrx_word' id='word_1_619' title='bbox 2756 3766 2772 3822; x_wconf 79' lang='grc' dir='ltr'><strong>ί</strong></span> <span class='ocrx_word' id='word_1_620' title='bbox 2805 3768 2890 3824; x_wconf 90' lang='lat' dir='ltr'><strong>sic</strong></span> <span class='ocrx_word' id='word_1_621' title='bbox 2912 3783 3013 3839; x_wconf 83' lang='lat' dir='ltr'><strong>ego</strong></span> <span class='ocrx_word' id='word_1_622' title='bbox 3038 3786 3148 3825; x_wconf 91' lang='lat' dir='ltr'><strong>non</strong></span> <span class='ocrx_word' id='word_1_623' title='bbox 3180 3786 3513 3834; x_wconf 70' lang='lat' dir='ltr'><strong>recusarem.</strong></span> <span class='ocrx_word' id='word_1_624' title='bbox 3540 3763 3701 3839; x_wconf 66' lang='lat' dir='ltr'><strong>privari</strong></span> 
     </span>
    </p>
   </div>
   <div class='ocr_carea' id='block_1_78' title="bbox 2174 3857 3704 3936">
    <p class='ocr_par' dir='ltr' id='par_1_78' title="bbox 2174 3857 3704 3936">
     <span class='ocr_line' id='line_1_78' title="bbox 2174 3857 3704 3936; baseline 0.002 -24"><span class='ocrx_word' id='word_1_625' title='bbox 2174 3873 2262 3913; x_wconf 91' lang='lat' dir='ltr'><strong>me</strong></span> <span class='ocrx_word' id='word_1_626' title='bbox 2286 3890 2291 3895; x_wconf 73' lang='grc' dir='ltr'><strong>ι</strong></span> <span class='ocrx_word' id='word_1_627' title='bbox 2318 3873 2350 3913; x_wconf 91' lang='lat' dir='ltr'><strong>a</strong></span> <span class='ocrx_word' id='word_1_628' title='bbox 2382 3857 2497 3914; x_wconf 86' lang='lat' dir='ltr'><strong>Deo</strong></span> <span class='ocrx_word' id='word_1_629' title='bbox 2517 3857 2716 3914; x_wconf 85' lang='lat' dir='ltr'><strong>oculis.</strong></span> <span class='ocrx_word' id='word_1_630' title='bbox 2756 3858 3027 3915; x_wconf 86' lang='lat' dir='ltr'><strong>Nimirum</strong></span> <span class='ocrx_word' id='word_1_631' title='bbox 3059 3862 3177 3932; x_wconf 89' lang='lat' dir='ltr'><strong>ipsa</strong></span> <span class='ocrx_word' id='word_1_632' title='bbox 3213 3864 3362 3920; x_wconf 79' lang='lat' dir='ltr'><strong>illius</strong></span> <span class='ocrx_word' id='word_1_633' title='bbox 3386 3862 3567 3936; x_wconf 80' lang='lat' dir='ltr'><strong>synodi</strong></span> <span class='ocrx_word' id='word_1_634' title='bbox 3587 3872 3704 3929; x_wconf 71' lang='lat' dir='ltr'><strong>qua!-</strong></span> 
     </span>
    </p>
   </div>
   <div class='ocr_carea' id='block_1_79' title="bbox 2172 3948 3703 4037">
    <p class='ocr_par' dir='ltr' id='par_1_79' title="bbox 2172 3948 3703 4037">
     <span class='ocr_line' id='line_1_79' title="bbox 2172 3948 3703 4037; baseline -0.002 -31"><span class='ocrx_word' id='word_1_635' title='bbox 2172 3952 2282 4006; x_wconf 90' lang='lat' dir='ltr'><strong>stio</strong></span> <span class='ocrx_word' id='word_1_636' title='bbox 2319 3966 2486 4007; x_wconf 86' lang='lat' dir='ltr'><strong>causa</strong></span> <span class='ocrx_word' id='word_1_637' title='bbox 2540 3953 2719 4037; x_wconf 80' lang='lat' dir='ltr'><strong>prima</strong></span> <span class='ocrx_word' id='word_1_638' title='bbox 2759 3961 2814 4008; x_wconf 90' lang='lat' dir='ltr'><strong>et</strong></span> <span class='ocrx_word' id='word_1_639' title='bbox 2849 3956 3178 4024; x_wconf 86' lang='lat' dir='ltr'><strong>gravissima</strong></span> <span class='ocrx_word' id='word_1_640' title='bbox 3216 3966 3336 4013; x_wconf 89' lang='lat' dir='ltr'><strong>erat</strong></span> <span class='ocrx_word' id='word_1_641' title='bbox 3391 3948 3703 4027; x_wconf 73' lang='lat' dir='ltr'><strong>expeditionis</strong></span> 
     </span>
    </p>
   </div>
   <div class='ocr_carea' id='block_1_80' title="bbox 2170 4046 3705 4122">
    <p class='ocr_par' dir='ltr' id='par_1_80' title="bbox 2170 4046 3705 4122">
     <span class='ocr_line' id='line_1_80' title="bbox 2170 4046 3705 4122; baseline 0 -21"><span class='ocrx_word' id='word_1_642' title='bbox 2170 4046 2240 4102; x_wconf 88' lang='lat' dir='ltr'><strong>ab</strong></span> <span class='ocrx_word' id='word_1_643' title='bbox 2267 4046 2449 4116; x_wconf 90' lang='lat' dir='ltr'><strong>impiis</strong></span> <span class='ocrx_word' id='word_1_644' title='bbox 2466 4056 2657 4101; x_wconf 86' lang='lat' dir='ltr'><strong>contra</strong></span> <span class='ocrx_word' id='word_1_645' title='bbox 2688 4046 2901 4117; x_wconf 85' lang='lat' dir='ltr'><strong>Gpolim</strong></span> <span class='ocrx_word' id='word_1_646' title='bbox 2929 4060 3203 4119; x_wconf 81' lang='lat' dir='ltr'><strong>susceptae</strong></span> <span class='ocrx_word' id='word_1_647' title='bbox 3227 4062 3393 4122; x_wconf 87' lang='lat' dir='ltr'><strong>atque</strong></span> <span class='ocrx_word' id='word_1_648' title='bbox 3410 4049 3588 4107; x_wconf 87' lang='lat' dir='ltr'><strong>deinde</strong></span> <span class='ocrx_word' id='word_1_649' title='bbox 3601 4058 3705 4101; x_wconf 85' lang='lat' dir='ltr'><strong>con-</strong></span> 
     </span>
    </p>
   </div>
   <div class='ocr_carea' id='block_1_81' title="bbox 2170 4136 3706 4213">
    <p class='ocr_par' dir='ltr' id='par_1_81' title="bbox 2170 4136 3706 4213">
     <span class='ocr_line' id='line_1_81' title="bbox 2170 4136 3706 4213; baseline 0.007 -19"><span class='ocrx_word' id='word_1_650' title='bbox 2170 4148 2377 4195; x_wconf 69' lang='lat' dir='ltr'><strong>secutae</strong></span> <span class='ocrx_word' id='word_1_651' title='bbox 2404 4139 2747 4196; x_wconf 86' lang='lat' dir='ltr'><strong>obsessionis</strong></span> <span class='ocrx_word' id='word_1_652' title='bbox 2778 4149 2834 4196; x_wconf 92' lang='lat' dir='ltr'><strong>et</strong></span> <span class='ocrx_word' id='word_1_653' title='bbox 2858 4144 3298 4213; x_wconf 67' lang='lat' dir='ltr'><strong>expugnationis</strong></span> <span class='ocrx_word' id='word_1_654' title='bbox 3320 4155 3376 4200; x_wconf 93' lang='lat' dir='ltr'><strong>et</strong></span> <span class='ocrx_word' id='word_1_655' title='bbox 3405 4152 3558 4198; x_wconf 71' lang='lat' dir='ltr'><strong>tantae</strong></span> <span class='ocrx_word' id='word_1_656' title='bbox 3577 4136 3706 4203; x_wconf 75' lang='grc' dir='ltr'>Ιιιιίιη</span> 
     </span>
    </p>
   </div>
   <div class='ocr_carea' id='block_1_82' title="bbox 2170 4218 3708 4302">
    <p class='ocr_par' dir='ltr' id='par_1_82' title="bbox 2170 4218 3708 4302">
     <span class='ocr_line' id='line_1_82' title="bbox 2170 4218 3708 4302; baseline 0.001 -18"><span class='ocrx_word' id='word_1_657' title='bbox 2170 4228 2343 4286; x_wconf 83' lang='lat' dir='ltr'><strong>cladis</strong></span> <span class='ocrx_word' id='word_1_658' title='bbox 2399 4240 2649 4286; x_wconf 62' lang='lat' dir='ltr'><strong>nostra:</strong></span> <span class='ocrx_word' id='word_1_659' title='bbox 2690 4232 2835 4302; x_wconf 88' lang='lat' dir='ltr'><strong>agite</strong></span> <span class='ocrx_word' id='word_1_660' title='bbox 2866 4233 3054 4288; x_wconf 82' lang='lat' dir='ltr'><strong>audite</strong></span> <span class='ocrx_word' id='word_1_661' title='bbox 3087 4251 3101 4299; x_wconf 88' lang='lat'><strong>;</strong></span> <span class='ocrx_word' id='word_1_662' title='bbox 3138 4237 3430 4293; x_wconf 87' lang='lat' dir='ltr'><strong>audituros</strong></span> <span class='ocrx_word' id='word_1_663' title='bbox 3477 4218 3567 4289; x_wconf 84' lang='lat' dir='ltr'><strong>vos</strong></span> <span class='ocrx_word' id='word_1_664' title='bbox 3611 4239 3708 4285; x_wconf 71' lang='lat' dir='ltr'><strong>esse</strong></span> 
     </span>
    </p>
   </div>
   <div class='ocr_carea' id='block_1_83' title="bbox 2169 4321 3705 4400">
    <p class='ocr_par' dir='ltr' id='par_1_83' title="bbox 2169 4321 3705 4400">
     <span class='ocr_line' id='line_1_83' title="bbox 2169 4321 3705 4400; baseline -0.001 -21"><span class='ocrx_word' id='word_1_665' title='bbox 2169 4323 2517 4380; x_wconf 84' lang='lat' dir='ltr'><strong>narrationes</strong></span> <span class='ocrx_word' id='word_1_666' title='bbox 2548 4339 2731 4389; x_wconf 88' lang='lat' dir='ltr'><strong>veras,</strong></span> <span class='ocrx_word' id='word_1_667' title='bbox 2766 4333 2941 4381; x_wconf 82' lang='lat' dir='ltr'><strong>testor</strong></span> <span class='ocrx_word' id='word_1_668' title='bbox 2980 4340 3134 4395; x_wconf 87' lang='lat' dir='ltr'><strong>eum,</strong></span> <span class='ocrx_word' id='word_1_669' title='bbox 3158 4330 3358 4399; x_wconf 86' lang='lat' dir='ltr'><strong>quiest</strong></span> <span class='ocrx_word' id='word_1_670' title='bbox 3390 4329 3500 4400; x_wconf 83' lang='lat' dir='ltr'><strong>ipsa</strong></span> <span class='ocrx_word' id='word_1_671' title='bbox 3524 4321 3705 4379; x_wconf 70' lang='lat' dir='ltr'><strong>veritas.</strong></span> 
     </span>
    </p>
   </div>
   <div class='ocr_carea' id='block_1_84' title="bbox 2242 4416 3708 4489">
    <p class='ocr_par' dir='ltr' id='par_1_84' title="bbox 2242 4416 3708 4489">
     <span class='ocr_line' id='line_1_84' title="bbox 2242 4416 3708 4489; baseline -0.003 -16"><span class='ocrx_word' id='word_1_672' title='bbox 2242 4417 2536 4476; x_wconf 81' lang='lat' dir='ltr'><strong>Gloriosus</strong></span> <span class='ocrx_word' id='word_1_673' title='bbox 2566 4416 2869 4489; x_wconf 77' lang='lat' dir='ltr'><strong>imperator</strong></span> <span class='ocrx_word' id='word_1_674' title='bbox 2903 4419 3118 4479; x_wconf 75' lang='lat' dir='ltr'><strong>Manuel</strong></span> <span class='ocrx_word' id='word_1_675' title='bbox 3150 4422 3422 4480; x_wconf 82' lang='lat' dir='ltr'><strong>Joannem</strong></span> <span class='ocrx_word' id='word_1_676' title='bbox 3458 4422 3609 4477; x_wconf 78' lang='lat' dir='ltr'><strong>tilium</strong></span> <span class='ocrx_word' id='word_1_677' title='bbox 3628 4417 3708 4469; x_wconf 86' lang='lat' dir='ltr'><strong>im—</strong></span> 
     </span>
    </p>
   </div>
   <div class='ocr_carea' id='block_1_85' title="bbox 488 4497 3708 4607">
    <p class='ocr_par' dir='ltr' id='par_1_85' title="bbox 488 4497 3708 4607">
     <span class='ocr_line' id='line_1_85' title="bbox 488 4497 3708 4607; baseline -0.003 -43"><span class='ocrx_word' id='word_1_678' title='bbox 488 4512 715 4586; x_wconf 83' lang='lat' dir='ltr'><strong>pulchra</strong></span> <span class='ocrx_word' id='word_1_679' title='bbox 737 4522 861 4565; x_wconf 85' lang='lat' dir='ltr'><strong>esse</strong></span> <span class='ocrx_word' id='word_1_680' title='bbox 894 4502 1466 4607; x_wconf 28' lang='lat' dir='ltr'><strong>contenduntmouam</strong></span> <span class='ocrx_word' id='word_1_681' title='bbox 1496 4515 1610 4607; x_wconf 60' lang='lat' dir='ltr'><strong>rent</strong></span> <span class='ocrx_word' id='word_1_682' title='bbox 1634 4500 1712 4555; x_wconf 87' lang='lat' dir='ltr'><strong>ita</strong></span> <span class='ocrx_word' id='word_1_683' title='bbox 1744 4497 1931 4554; x_wconf 86' lang='lat' dir='ltr'><strong>licebit</strong></span> <span class='ocrx_word' id='word_1_684' title='bbox 1961 4510 2062 4607; x_wconf 36' lang='lat' dir='ltr'><strong>cox-</strong></span> <span class='ocrx_word' id='word_1_685' title='bbox 2089 4544 2144 4607; x_wconf 69' lang='grc' dir='ltr'>Β</span> <span class='ocrx_word' id='word_1_686' title='bbox 2170 4519 2476 4581; x_wconf 62' lang='lat' dir='ltr'><strong>pel-morem</strong></span> <span class='ocrx_word' id='word_1_687' title='bbox 2500 4511 2652 4566; x_wconf 70' lang='lat' dir='ltr'><strong>solus</strong></span> <span class='ocrx_word' id='word_1_688' title='bbox 2677 4512 2881 4577; x_wconf 69' lang='lat' dir='ltr'><strong>solum,</strong></span> <span class='ocrx_word' id='word_1_689' title='bbox 2909 4526 2998 4569; x_wconf 78' lang='lat' dir='ltr'><strong>me</strong></span> <span class='ocrx_word' id='word_1_690' title='bbox 3020 4515 3186 4570; x_wconf 73' lang='lat' dir='ltr'><strong>unico</strong></span> <span class='ocrx_word' id='word_1_691' title='bbox 3214 4522 3574 4581; x_wconf 75' lang='lat' dir='ltr'><strong>astante,cum</strong></span> <span class='ocrx_word' id='word_1_692' title='bbox 3597 4504 3708 4561; x_wconf 88' lang='lat' dir='ltr'><strong>forte</strong></span> 
     </span>
    </p>
   </div>
   <div class='ocr_carea' id='block_1_86' title="bbox 485 4587 2063 4673">
    <p class='ocr_par' dir='ltr' id='par_1_86' title="bbox 485 4587 2063 4673">
     <span class='ocr_line' id='line_1_86' title="bbox 485 4587 2063 4673; baseline -0.01 -15"><span class='ocrx_word' id='word_1_693' title='bbox 485 4603 666 4673; x_wconf 86' lang='lat' dir='ltr'><strong>emplo</strong></span> <span class='ocrx_word' id='word_1_694' title='bbox 692 4599 987 4657; x_wconf 84' lang='lat' dir='ltr'><strong>illustrare.</strong></span> <span class='ocrx_word' id='word_1_695' title='bbox 1026 4593 1083 4650; x_wconf 93' lang='lat' dir='ltr'><strong>Si</strong></span> <span class='ocrx_word' id='word_1_696' title='bbox 1116 4595 1209 4657; x_wconf 86' lang='lat' dir='ltr'><strong>via</strong></span> <span class='ocrx_word' id='word_1_697' title='bbox 1232 4593 1322 4648; x_wconf 83' lang='lat' dir='ltr'><strong>illa</strong></span> <span class='ocrx_word' id='word_1_698' title='bbox 1342 4607 1444 4663; x_wconf 87' lang='lat' dir='ltr'><strong>per</strong></span> <span class='ocrx_word' id='word_1_699' title='bbox 1481 4591 1720 4646; x_wconf 90' lang='lat' dir='ltr'><strong>mediam</strong></span> <span class='ocrx_word' id='word_1_700' title='bbox 1757 4590 1949 4644; x_wconf 87' lang='lat' dir='ltr'><strong>urbem</strong></span> <span class='ocrx_word' id='word_1_701' title='bbox 1982 4587 2063 4642; x_wconf 82' lang='lat' dir='ltr'><strong>fe—</strong></span> 
     </span>
    </p>
   </div>
   <div class='ocr_carea' id='block_1_87' title="bbox 487 4682 2063 4765">
    <p class='ocr_par' dir='ltr' id='par_1_87' title="bbox 487 4682 2063 4765">
     <span class='ocr_line' id='line_1_87' title="bbox 487 4682 2063 4765; baseline -0.011 -13"><span class='ocrx_word' id='word_1_702' title='bbox 487 4707 641 4753; x_wconf 89' lang='lat' dir='ltr'><strong>rente</strong></span> <span class='ocrx_word' id='word_1_703' title='bbox 676 4693 839 4765; x_wconf 88' lang='lat' dir='ltr'><strong>plana</strong></span> <span class='ocrx_word' id='word_1_704' title='bbox 872 4699 925 4746; x_wconf 91' lang='lat' dir='ltr'><strong>et</strong></span> <span class='ocrx_word' id='word_1_705' title='bbox 948 4688 1129 4758; x_wconf 84' lang='lat' dir='ltr'><strong>ampla</strong></span> <span class='ocrx_word' id='word_1_706' title='bbox 1160 4702 1257 4758; x_wconf 91' lang='lat' dir='ltr'><strong>per</strong></span> <span class='ocrx_word' id='word_1_707' title='bbox 1285 4686 1507 4756; x_wconf 85' lang='lat' dir='ltr'><strong>longum</strong></span> <span class='ocrx_word' id='word_1_708' title='bbox 1531 4682 1797 4751; x_wconf 84' lang='lat' dir='ltr'><strong>temporis</strong></span> <span class='ocrx_word' id='word_1_709' title='bbox 1829 4682 2063 4751; x_wconf 87' lang='lat' dir='ltr'><strong>spatium</strong></span> 
     </span>
    </p>
   </div>
   <div class='ocr_carea' id='block_1_88' title="bbox 361 4770 2067 4854">
    <p class='ocr_par' dir='ltr' id='par_1_88' title="bbox 361 4770 2067 4854">
     <span class='ocr_line' id='line_1_88' title="bbox 361 4770 2067 4854; baseline -0.012 -9"><span class='ocrx_word' id='word_1_710' title='bbox 361 4807 381 4825; x_wconf 77' lang='grc' dir='ltr'><strong><em>ο</em></strong></span> <span class='ocrx_word' id='word_1_711' title='bbox 488 4803 613 4844; x_wconf 89' lang='lat' dir='ltr'><strong>eum</strong></span> <span class='ocrx_word' id='word_1_712' title='bbox 670 4785 797 4840; x_wconf 85' lang='lat' dir='ltr'><strong>aliis</strong></span> <span class='ocrx_word' id='word_1_713' title='bbox 847 4779 1177 4854; x_wconf 89' lang='lat' dir='ltr'><strong>quibusdam</strong></span> <span class='ocrx_word' id='word_1_714' title='bbox 1212 4776 1450 4849; x_wconf 89' lang='lat' dir='ltr'><strong>profecti</strong></span> <span class='ocrx_word' id='word_1_715' title='bbox 1490 4788 1739 4830; x_wconf 84' lang='lat' dir='ltr'><strong>essemus</strong></span> <span class='ocrx_word' id='word_1_716' title='bbox 1763 4770 1832 4827; x_wconf 88' lang='lat' dir='ltr'><strong>ad</strong></span> <span class='ocrx_word' id='word_1_717' title='bbox 1859 4782 2067 4828; x_wconf 68' lang='lat' dir='ltr'><strong>sanctae</strong></span> 
     </span>
    </p>
   </div>
   <div class='ocr_carea' id='block_1_89' title="bbox 489 4864 2068 4951">
    <p class='ocr_par' dir='ltr' id='par_1_89' title="bbox 489 4864 2068 4951">
     <span class='ocr_line' id='line_1_89' title="bbox 489 4864 2068 4951; baseline -0.015 -12"><span class='ocrx_word' id='word_1_718' title='bbox 489 4881 709 4951; x_wconf 68' lang='lat' dir='ltr'><strong>Sophia:</strong></span> <span class='ocrx_word' id='word_1_719' title='bbox 739 4876 1024 4946; x_wconf 86' lang='lat' dir='ltr'><strong>templum,</strong></span> <span class='ocrx_word' id='word_1_720' title='bbox 1066 4870 1285 4936; x_wconf 73' lang='lat' dir='ltr'><strong>deinde,</strong></span> <span class='ocrx_word' id='word_1_721' title='bbox 1326 4877 1451 4940; x_wconf 89' lang='lat' dir='ltr'><strong>post</strong></span> <span class='ocrx_word' id='word_1_722' title='bbox 1492 4864 1710 4935; x_wconf 88' lang='lat' dir='ltr'><strong>aliquod</strong></span> <span class='ocrx_word' id='word_1_723' title='bbox 1739 4876 1956 4934; x_wconf 89' lang='lat' dir='ltr'><strong>tempus</strong></span> <span class='ocrx_word' id='word_1_724' title='bbox 1984 4865 2068 4916; x_wconf 90' lang='lat' dir='ltr'><strong>in-</strong></span> 
     </span>
    </p>
   </div>
   <div class='ocr_carea' id='block_1_90' title="bbox 480 4955 2063 5038">
    <p class='ocr_par' dir='ltr' id='par_1_90' title="bbox 480 4955 2063 5038">
     <span class='ocr_line' id='line_1_90' title="bbox 480 4955 2063 5038; baseline -0.011 -10"><span class='ocrx_word' id='word_1_725' title='bbox 480 4984 649 5038; x_wconf 51' lang='lat' dir='ltr'><strong>,venta</strong></span> <span class='ocrx_word' id='word_1_726' title='bbox 687 4987 716 5025; x_wconf 76' lang='grc' dir='ltr'><strong>ιι</strong></span> <span class='ocrx_word' id='word_1_727' title='bbox 769 4966 1052 5024; x_wconf 87' lang='lat' dir='ltr'><strong>nonnullis</strong></span> <span class='ocrx_word' id='word_1_728' title='bbox 1097 4964 1205 5019; x_wconf 88' lang='lat' dir='ltr'><strong>alia</strong></span> <span class='ocrx_word' id='word_1_729' title='bbox 1234 4964 1344 5029; x_wconf 87' lang='lat' dir='ltr'><strong>via,</strong></span> <span class='ocrx_word' id='word_1_730' title='bbox 1372 4970 1428 5016; x_wconf 92' lang='lat' dir='ltr'><strong>et</strong></span> <span class='ocrx_word' id='word_1_731' title='bbox 1465 4959 1612 5029; x_wconf 82' lang='lat' dir='ltr'><strong>ipsa.</strong></span> <span class='ocrx_word' id='word_1_732' title='bbox 1656 4957 1816 5012; x_wconf 91' lang='lat' dir='ltr'><strong>utilli</strong></span> <span class='ocrx_word' id='word_1_733' title='bbox 1844 4955 2063 5023; x_wconf 82' lang='lat' dir='ltr'><strong>quidem</strong></span> 
     </span>
    </p>
   </div>
   <div class='ocr_carea' id='block_1_91' title="bbox 487 5040 2068 5130">
    <p class='ocr_par' dir='ltr' id='par_1_91' title="bbox 487 5040 2068 5130">
     <span class='ocr_line' id='line_1_91' title="bbox 487 5040 2068 5130; baseline -0.011 -9"><span class='ocrx_word' id='word_1_734' title='bbox 487 5069 754 5130; x_wconf 90' lang='lat' dir='ltr'><strong>dicerent,</strong></span> <span class='ocrx_word' id='word_1_735' title='bbox 775 5040 968 5118; x_wconf 76' lang='lat' dir='ltr'><strong>eodem</strong></span> <span class='ocrx_word' id='word_1_736' title='bbox 999 5059 1231 5125; x_wconf 84' lang='lat' dir='ltr'><strong>ferente,</strong></span> <span class='ocrx_word' id='word_1_737' title='bbox 1259 5056 1683 5111; x_wconf 84' lang='lat' dir='ltr'><strong>cohortarentur</strong></span> <span class='ocrx_word' id='word_1_738' title='bbox 1713 5065 1802 5105; x_wconf 88' lang='lat' dir='ltr'><strong>me</strong></span> <span class='ocrx_word' id='word_1_739' title='bbox 1826 5051 1911 5104; x_wconf 90' lang='lat' dir='ltr'><strong>bis</strong></span> <span class='ocrx_word' id='word_1_740' title='bbox 1945 5065 2068 5104; x_wconf 85' lang='lat' dir='ltr'><strong>ver-</strong></span> 
     </span>
    </p>
   </div>
   <div class='ocr_carea' id='block_1_92' title="bbox 484 5144 2061 5223">
    <p class='ocr_par' dir='ltr' id='par_1_92' title="bbox 484 5144 2061 5223">
     <span class='ocr_line' id='line_1_92' title="bbox 484 5144 2061 5223; baseline -0.013 -7"><span class='ocrx_word' id='word_1_741' title='bbox 484 5159 606 5216; x_wconf 86' lang='lat' dir='ltr'><strong>bis:</strong></span> <span class='ocrx_word' id='word_1_742' title='bbox 635 5176 655 5210; x_wconf 79' lang='grc' dir='ltr'><strong>ι</strong></span> <span class='ocrx_word' id='word_1_743' title='bbox 682 5155 851 5213; x_wconf 84' lang='lat' dir='ltr'><strong>Utare</strong></span> <span class='ocrx_word' id='word_1_744' title='bbox 876 5162 934 5209; x_wconf 92' lang='lat' dir='ltr'><strong>tu</strong></span> <span class='ocrx_word' id='word_1_745' title='bbox 960 5166 1181 5223; x_wconf 87' lang='lat' dir='ltr'><strong>quoque</strong></span> <span class='ocrx_word' id='word_1_746' title='bbox 1210 5150 1336 5216; x_wconf 83' lang='lat' dir='ltr'><strong>hac,</strong></span> <span class='ocrx_word' id='word_1_747' title='bbox 1365 5161 1531 5219; x_wconf 86' lang='lat' dir='ltr'><strong>quam</strong></span> <span class='ocrx_word' id='word_1_748' title='bbox 1568 5145 1906 5211; x_wconf 88' lang='lat' dir='ltr'><strong>invenimus,</strong></span> <span class='ocrx_word' id='word_1_749' title='bbox 1930 5144 2015 5199; x_wconf 86' lang='lat' dir='ltr'><strong>via</strong></span> <span class='ocrx_word' id='word_1_750' title='bbox 2046 5160 2061 5210; x_wconf 90' lang='lat'><strong>;</strong></span> 
     </span>
    </p>
   </div>
   <div class='ocr_carea' id='block_1_93' title="bbox 487 5238 2062 5316">
    <p class='ocr_par' dir='ltr' id='par_1_93' title="bbox 487 5238 2062 5316">
     <span class='ocr_line' id='line_1_93' title="bbox 487 5238 2062 5316; baseline -0.009 -10"><span class='ocrx_word' id='word_1_751' title='bbox 487 5251 703 5307; x_wconf 86' lang='lat' dir='ltr'><strong>etiamsi</strong></span> <span class='ocrx_word' id='word_1_752' title='bbox 730 5248 876 5305; x_wconf 90' lang='lat' dir='ltr'><strong>enim</strong></span> <span class='ocrx_word' id='word_1_753' title='bbox 899 5247 1150 5316; x_wconf 87' lang='lat' dir='ltr'><strong>ista,qua</strong></span> <span class='ocrx_word' id='word_1_754' title='bbox 1182 5253 1238 5299; x_wconf 92' lang='lat' dir='ltr'><strong>tu</strong></span> <span class='ocrx_word' id='word_1_755' title='bbox 1268 5242 1460 5308; x_wconf 89' lang='lat' dir='ltr'><strong>uteris,</strong></span> <span class='ocrx_word' id='word_1_756' title='bbox 1499 5239 1727 5311; x_wconf 88' lang='lat' dir='ltr'><strong>pulchra</strong></span> <span class='ocrx_word' id='word_1_757' title='bbox 1757 5245 1812 5293; x_wconf 92' lang='lat' dir='ltr'><strong>et</strong></span> <span class='ocrx_word' id='word_1_758' title='bbox 1835 5238 2062 5307; x_wconf 88' lang='lat' dir='ltr'><strong>antiqua</strong></span> 
     </span>
    </p>
   </div>
   <div class='ocr_carea' id='block_1_94' title="bbox 487 5331 2064 5409">
    <p class='ocr_par' dir='ltr' id='par_1_94' title="bbox 487 5331 2064 5409">
     <span class='ocr_line' id='line_1_94' title="bbox 487 5331 2064 5409; baseline -0.011 -10"><span class='ocrx_word' id='word_1_759' title='bbox 487 5351 573 5399; x_wconf 74' lang='lat' dir='ltr'><strong>est</strong></span> <span class='ocrx_word' id='word_1_760' title='bbox 601 5357 667 5397; x_wconf 92' lang='lat' dir='ltr'><strong>ac</strong></span> <span class='ocrx_word' id='word_1_761' title='bbox 706 5340 867 5397; x_wconf 89' lang='lat' dir='ltr'><strong>nobis</strong></span> <span class='ocrx_word' id='word_1_762' title='bbox 903 5338 1112 5409; x_wconf 88' lang='lat' dir='ltr'><strong>pridem</strong></span> <span class='ocrx_word' id='word_1_763' title='bbox 1153 5346 1283 5391; x_wconf 89' lang='lat' dir='ltr'><strong>nota</strong></span> <span class='ocrx_word' id='word_1_764' title='bbox 1324 5343 1379 5389; x_wconf 88' lang='lat' dir='ltr'><strong>et</strong></span> <span class='ocrx_word' id='word_1_765' title='bbox 1408 5334 1692 5389; x_wconf 86' lang='lat' dir='ltr'><strong>vobiscum</strong></span> <span class='ocrx_word' id='word_1_766' title='bbox 1728 5331 1949 5394; x_wconf 89' lang='lat' dir='ltr'><strong>usitata,</strong></span> <span class='ocrx_word' id='word_1_767' title='bbox 1985 5340 2064 5383; x_wconf 88' lang='lat' dir='ltr'><strong>ta-</strong></span> 
     </span>
    </p>
   </div>
   <div class='ocr_carea' id='block_1_95' title="bbox 489 5422 2062 5500">
    <p class='ocr_par' dir='ltr' id='par_1_95' title="bbox 489 5422 2062 5500">
     <span class='ocr_line' id='line_1_95' title="bbox 489 5422 2062 5500; baseline -0.013 -8"><span class='ocrx_word' id='word_1_768' title='bbox 489 5451 613 5491; x_wconf 90' lang='lat' dir='ltr'><strong>men</strong></span> <span class='ocrx_word' id='word_1_769' title='bbox 626 5433 795 5490; x_wconf 89' lang='lat' dir='ltr'><strong>etiam</strong></span> <span class='ocrx_word' id='word_1_770' title='bbox 815 5432 930 5487; x_wconf 71' lang='lat' dir='ltr'><strong>haec</strong></span> <span class='ocrx_word' id='word_1_771' title='bbox 948 5430 1175 5500; x_wconf 89' lang='lat' dir='ltr'><strong>pulchra</strong></span> <span class='ocrx_word' id='word_1_772' title='bbox 1197 5437 1300 5489; x_wconf 84' lang='lat' dir='ltr'><strong>est.</strong></span> <span class='ocrx_word' id='word_1_773' title='bbox 1320 5441 1487 5497; x_wconf 88' lang='lat' dir='ltr'><strong>quam</strong></span> <span class='ocrx_word' id='word_1_774' title='bbox 1508 5422 2014 5487; x_wconf 83' lang='lat' dir='ltr'><strong>nuneinvenimus;</strong></span> <span class='ocrx_word' id='word_1_775' title='bbox 2043 5440 2062 5471; x_wconf 75' lang='grc' dir='ltr'><strong>ι</strong></span> 
     </span>
    </p>
   </div>
   <div class='ocr_carea' id='block_1_96' title="bbox 485 5518 2064 5600">
    <p class='ocr_par' dir='ltr' id='par_1_96' title="bbox 485 5518 2064 5600">
     <span class='ocr_line' id='line_1_96' title="bbox 485 5518 2064 5600; baseline -0.012 -16"><span class='ocrx_word' id='word_1_776' title='bbox 485 5543 588 5600; x_wconf 83' lang='lat' dir='ltr'><strong>ego</strong></span> <span class='ocrx_word' id='word_1_777' title='bbox 623 5535 807 5581; x_wconf 88' lang='lat' dir='ltr'><strong>autent</strong></span> <span class='ocrx_word' id='word_1_778' title='bbox 848 5523 918 5579; x_wconf 89' lang='lat' dir='ltr'><strong>ab</strong></span> <span class='ocrx_word' id='word_1_779' title='bbox 959 5522 1082 5577; x_wconf 85' lang='lat' dir='ltr'><strong>aliis</strong></span> <span class='ocrx_word' id='word_1_780' title='bbox 1113 5521 1387 5585; x_wconf 87' lang='lat' dir='ltr'><strong>audirem,</strong></span> <span class='ocrx_word' id='word_1_781' title='bbox 1425 5518 1710 5587; x_wconf 87' lang='lat' dir='ltr'><strong>pulchram</strong></span> <span class='ocrx_word' id='word_1_782' title='bbox 1747 5528 1867 5568; x_wconf 88' lang='lat' dir='ltr'><strong>eam</strong></span> <span class='ocrx_word' id='word_1_783' title='bbox 1913 5527 2064 5577; x_wconf 91' lang='lat' dir='ltr'><strong>esse,</strong></span> 
     </span>
    </p>
   </div>
   <div class='ocr_carea' id='block_1_97' title="bbox 489 5603 2068 5685">
    <p class='ocr_par' dir='ltr' id='par_1_97' title="bbox 489 5603 2068 5685">
     <span class='ocr_line' id='line_1_97' title="bbox 489 5603 2068 5685; baseline -0.008 -13"><span class='ocrx_word' id='word_1_784' title='bbox 489 5622 555 5672; x_wconf 86' lang='lat' dir='ltr'><strong>ab</strong></span> <span class='ocrx_word' id='word_1_785' title='bbox 579 5618 722 5683; x_wconf 78' lang='lat' dir='ltr'><strong>aliis,</strong></span> <span class='ocrx_word' id='word_1_786' title='bbox 753 5631 863 5672; x_wconf 90' lang='lat' dir='ltr'><strong>non</strong></span> <span class='ocrx_word' id='word_1_787' title='bbox 896 5614 1200 5685; x_wconf 88' lang='lat' dir='ltr'><strong>pulchram,</strong></span> <span class='ocrx_word' id='word_1_788' title='bbox 1219 5620 1471 5679; x_wconf 81' lang='lat' dir='ltr'><strong>essetque</strong></span> <span class='ocrx_word' id='word_1_789' title='bbox 1494 5610 1639 5677; x_wconf 82' lang='lat' dir='ltr'><strong>inter</strong></span> <span class='ocrx_word' id='word_1_790' title='bbox 1658 5603 1919 5677; x_wconf 85' lang='lat' dir='ltr'><strong>utrosque</strong></span> <span class='ocrx_word' id='word_1_791' title='bbox 1945 5607 2068 5661; x_wconf 87' lang='lat' dir='ltr'><strong>dis-</strong></span> 
     </span>
    </p>
   </div>
   <div class='ocr_carea' id='block_1_98' title="bbox 488 5698 2065 5781">
    <p class='ocr_par' dir='ltr' id='par_1_98' title="bbox 488 5698 2065 5781">
     <span class='ocr_line' id='line_1_98' title="bbox 488 5698 2065 5781; baseline -0.011 -13"><span class='ocrx_word' id='word_1_792' title='bbox 488 5708 676 5769; x_wconf 70' lang='lat' dir='ltr'><strong>sensio</strong></span> <span class='ocrx_word' id='word_1_793' title='bbox 705 5717 761 5764; x_wconf 90' lang='lat' dir='ltr'><strong>et</strong></span> <span class='ocrx_word' id='word_1_794' title='bbox 786 5706 1060 5781; x_wconf 89' lang='lat' dir='ltr'><strong>discordia</strong></span> <span class='ocrx_word' id='word_1_795' title='bbox 1087 5721 1101 5757; x_wconf 89' lang='lat'><strong>:</strong></span> <span class='ocrx_word' id='word_1_796' title='bbox 1136 5701 1328 5773; x_wconf 83' lang='lat' dir='ltr'><strong>quidni</strong></span> <span class='ocrx_word' id='word_1_797' title='bbox 1369 5714 1470 5770; x_wconf 80' lang='lat' dir='ltr'><strong>ego</strong></span> <span class='ocrx_word' id='word_1_798' title='bbox 1498 5699 1682 5771; x_wconf 89' lang='lat' dir='ltr'><strong>quiete</strong></span> <span class='ocrx_word' id='word_1_799' title='bbox 1726 5698 1799 5752; x_wconf 86' lang='lat' dir='ltr'><strong>ita</strong></span> <span class='ocrx_word' id='word_1_800' title='bbox 1832 5713 2065 5769; x_wconf 86' lang='lat' dir='ltr'><strong>respon-</strong></span> 
     </span>
    </p>
   </div>
   <div class='ocr_carea' id='block_1_99' title="bbox 489 5792 2071 5866">
    <p class='ocr_par' dir='ltr' id='par_1_99' title="bbox 489 5792 2071 5866">
     <span class='ocr_line' id='line_1_99' title="bbox 489 5792 2071 5866; baseline -0.004 -11"><span class='ocrx_word' id='word_1_801' title='bbox 489 5801 710 5856; x_wconf 84' lang='lat' dir='ltr'><strong>derem:</strong></span> <span class='ocrx_word' id='word_1_802' title='bbox 743 5818 764 5852; x_wconf 76' lang='grc' dir='ltr'><strong>ι</strong></span> <span class='ocrx_word' id='word_1_803' title='bbox 802 5798 886 5857; x_wconf 82' lang='lat' dir='ltr'><strong>Ite</strong></span> <span class='ocrx_word' id='word_1_804' title='bbox 925 5812 1044 5862; x_wconf 86' lang='lat' dir='ltr'><strong>vos,</strong></span> <span class='ocrx_word' id='word_1_805' title='bbox 1074 5811 1181 5866; x_wconf 85' lang='lat' dir='ltr'><strong>qua</strong></span> <span class='ocrx_word' id='word_1_806' title='bbox 1218 5794 1415 5864; x_wconf 88' lang='lat' dir='ltr'><strong>placet,</strong></span> <span class='ocrx_word' id='word_1_807' title='bbox 1445 5794 1512 5849; x_wconf 86' lang='lat' dir='ltr'><strong>ad</strong></span> <span class='ocrx_word' id='word_1_808' title='bbox 1567 5792 1824 5862; x_wconf 87' lang='lat' dir='ltr'><strong>templum</strong></span> <span class='ocrx_word' id='word_1_809' title='bbox 1866 5802 2071 5848; x_wconf 60' lang='lat' dir='ltr'><strong>sanctas</strong></span> 
     </span>
    </p>
   </div>
   <div class='ocr_carea' id='block_1_100' title="bbox 498 5887 2066 5965">
    <p class='ocr_par' dir='ltr' id='par_1_100' title="bbox 498 5887 2066 5965">
     <span class='ocr_line' id='line_1_100' title="bbox 498 5887 2066 5965; baseline -0.004 -16"><span class='ocrx_word' id='word_1_810' title='bbox 498 5890 717 5965; x_wconf 68' lang='lat' dir='ltr'><strong>Sophia</strong></span> <span class='ocrx_word' id='word_1_811' title='bbox 748 5911 767 5959; x_wconf 66' lang='grc' dir='ltr'><strong>ς</strong></span> <span class='ocrx_word' id='word_1_812' title='bbox 792 5904 899 5962; x_wconf 70' lang='lat' dir='ltr'><strong>ego</strong></span> <span class='ocrx_word' id='word_1_813' title='bbox 918 5890 1159 5959; x_wconf 61' lang='lat' dir='ltr'><strong>posthac</strong></span> <span class='ocrx_word' id='word_1_814' title='bbox 1184 5901 1407 5958; x_wconf 82' lang='lat' dir='ltr'><strong>quoque</strong></span> <span class='ocrx_word' id='word_1_815' title='bbox 1435 5887 1717 5957; x_wconf 86' lang='lat' dir='ltr'><strong>usurpabo</strong></span> <span class='ocrx_word' id='word_1_816' title='bbox 1750 5887 2066 5954; x_wconf 54' lang='lat' dir='ltr'><strong>viam‘eam,</strong></span> 
     </span>
    </p>
   </div>
   <div class='ocr_carea' id='block_1_101' title="bbox 2175 4592 3707 4674">
    <p class='ocr_par' dir='ltr' id='par_1_101' title="bbox 2175 4592 3707 4674">
     <span class='ocr_line' id='line_1_101' title="bbox 2175 4592 3707 4674; baseline -0.004 -17"><span class='ocrx_word' id='word_1_817' title='bbox 2175 4606 2242 4660; x_wconf 90' lang='lat' dir='ltr'><strong>de</strong></span> <span class='ocrx_word' id='word_1_818' title='bbox 2271 4603 2481 4674; x_wconf 86' lang='lat' dir='ltr'><strong>synodo</strong></span> <span class='ocrx_word' id='word_1_819' title='bbox 2518 4603 2728 4662; x_wconf 80' lang='lat' dir='ltr'><strong>mentio</strong></span> <span class='ocrx_word' id='word_1_820' title='bbox 2760 4604 3068 4671; x_wconf 88' lang='lat' dir='ltr'><strong>incidisset,</strong></span> <span class='ocrx_word' id='word_1_821' title='bbox 3106 4607 3190 4664; x_wconf 86' lang='lat' dir='ltr'><strong>sic</strong></span> <span class='ocrx_word' id='word_1_822' title='bbox 3223 4616 3309 4664; x_wconf 83' lang='lat' dir='ltr'><strong>est</strong></span> <span class='ocrx_word' id='word_1_823' title='bbox 3337 4606 3560 4662; x_wconf 75' lang='lat' dir='ltr'><strong>aﬂ&#39;atns:</strong></span> <span class='ocrx_word' id='word_1_824' title='bbox 3590 4592 3707 4665; x_wconf 59' lang='lat' dir='ltr'><strong>«,Fili</strong></span> 
     </span>
    </p>
   </div>
   <div class='ocr_carea' id='block_1_102' title="bbox 2175 4689 3709 4770">
    <p class='ocr_par' dir='ltr' id='par_1_102' title="bbox 2175 4689 3709 4770">
     <span class='ocr_line' id='line_1_102' title="bbox 2175 4689 3709 4770; baseline -0.001 -21"><span class='ocrx_word' id='word_1_825' title='bbox 2175 4694 2272 4761; x_wconf 87' lang='lat' dir='ltr'><strong>mi,</strong></span> <span class='ocrx_word' id='word_1_826' title='bbox 2294 4694 2496 4763; x_wconf 90' lang='lat' dir='ltr'><strong>inquit,</strong></span> <span class='ocrx_word' id='word_1_827' title='bbox 2531 4710 2662 4750; x_wconf 84' lang='lat' dir='ltr'><strong>vere</strong></span> <span class='ocrx_word' id='word_1_828' title='bbox 2715 4711 2781 4752; x_wconf 84' lang='lat' dir='ltr'><strong>ac</strong></span> <span class='ocrx_word' id='word_1_829' title='bbox 2803 4705 2955 4752; x_wconf 87' lang='lat' dir='ltr'><strong>certo</strong></span> <span class='ocrx_word' id='word_1_830' title='bbox 2994 4698 3208 4755; x_wconf 82' lang='lat' dir='ltr'><strong>scimus</strong></span> <span class='ocrx_word' id='word_1_831' title='bbox 3237 4697 3531 4770; x_wconf 77' lang='lat' dir='ltr'><strong>exploratis</strong></span> <span class='ocrx_word' id='word_1_832' title='bbox 3553 4689 3709 4760; x_wconf 81' lang='lat' dir='ltr'><strong>impio-</strong></span> 
     </span>
    </p>
   </div>
   <div class='ocr_carea' id='block_1_103' title="bbox 2176 4783 3710 4862">
    <p class='ocr_par' dir='ltr' id='par_1_103' title="bbox 2176 4783 3710 4862">
     <span class='ocr_line' id='line_1_103' title="bbox 2176 4783 3710 4862; baseline -0.004 -20"><span class='ocrx_word' id='word_1_833' title='bbox 2176 4803 2293 4843; x_wconf 88' lang='lat' dir='ltr'><strong>rum</strong></span> <span class='ocrx_word' id='word_1_834' title='bbox 2318 4787 2529 4845; x_wconf 87' lang='lat' dir='ltr'><strong>intimis</strong></span> <span class='ocrx_word' id='word_1_835' title='bbox 2552 4790 2832 4854; x_wconf 86' lang='lat' dir='ltr'><strong>sensibus,</strong></span> <span class='ocrx_word' id='word_1_836' title='bbox 2865 4791 3223 4849; x_wconf 86' lang='lat' dir='ltr'><strong>vehementer</strong></span> <span class='ocrx_word' id='word_1_837' title='bbox 3255 4809 3353 4850; x_wconf 81' lang='lat' dir='ltr'><strong>eos</strong></span> <span class='ocrx_word' id='word_1_838' title='bbox 3383 4791 3501 4862; x_wconf 82' lang='lat' dir='ltr'><strong>angi</strong></span> <span class='ocrx_word' id='word_1_839' title='bbox 3538 4803 3595 4844; x_wconf 84' lang='lat' dir='ltr'><strong>ac</strong></span> <span class='ocrx_word' id='word_1_840' title='bbox 3619 4783 3710 4839; x_wconf 81' lang='lat' dir='ltr'><strong>for-</strong></span> 
     </span>
    </p>
   </div>
   <div class='ocr_carea' id='block_1_104' title="bbox 2175 4882 3709 4955">
    <p class='ocr_par' dir='ltr' id='par_1_104' title="bbox 2175 4882 3709 4955">
     <span class='ocr_line' id='line_1_104' title="bbox 2175 4882 3709 4955; baseline 0 -19"><span class='ocrx_word' id='word_1_841' title='bbox 2175 4882 2406 4949; x_wconf 89' lang='lat' dir='ltr'><strong>midare,</strong></span> <span class='ocrx_word' id='word_1_842' title='bbox 2464 4896 2534 4936; x_wconf 88' lang='lat' dir='ltr'><strong>ne</strong></span> <span class='ocrx_word' id='word_1_843' title='bbox 2596 4884 2818 4952; x_wconf 88' lang='lat' dir='ltr'><strong>quando</strong></span> <span class='ocrx_word' id='word_1_844' title='bbox 2869 4885 3232 4941; x_wconf 89' lang='lat' dir='ltr'><strong>conciliemur</strong></span> <span class='ocrx_word' id='word_1_845' title='bbox 3263 4899 3319 4944; x_wconf 88' lang='lat' dir='ltr'><strong>et</strong></span> <span class='ocrx_word' id='word_1_846' title='bbox 3356 4886 3709 4955; x_wconf 65' lang='lat' dir='ltr'><strong>coniungam&quot;</strong></span> 
     </span>
    </p>
   </div>
   <div class='ocr_carea' id='block_1_105' title="bbox 2175 4966 3707 5035">
    <p class='ocr_par' dir='ltr' id='par_1_105' title="bbox 2175 4966 3707 5035">
     <span class='ocr_line' id='line_1_105' title="bbox 2175 4966 3707 5035; baseline -0.003 -6"><span class='ocrx_word' id='word_1_847' title='bbox 2175 4988 2298 5029; x_wconf 87' lang='lat' dir='ltr'><strong>cum</strong></span> <span class='ocrx_word' id='word_1_848' title='bbox 2320 4972 2653 5029; x_wconf 83' lang='lat' dir='ltr'><strong>Christianis</strong></span> <span class='ocrx_word' id='word_1_849' title='bbox 2678 4974 3134 5031; x_wconf 80' lang='lat' dir='ltr'><strong>occidentalibus.</strong></span> <span class='ocrx_word' id='word_1_850' title='bbox 3167 4976 3284 5033; x_wconf 85' lang='lat' dir='ltr'><strong>Hoc</strong></span> <span class='ocrx_word' id='word_1_851' title='bbox 3304 4979 3449 5034; x_wconf 90' lang='lat' dir='ltr'><strong>enim</strong></span> <span class='ocrx_word' id='word_1_852' title='bbox 3479 4976 3520 5030; x_wconf 90' lang='lat' dir='ltr'><strong>si</strong></span> <span class='ocrx_word' id='word_1_853' title='bbox 3540 4966 3707 5035; x_wconf 82' lang='lat' dir='ltr'><strong>tiat,ab</strong></span> 
     </span>
    </p>
   </div>
   <div class='ocr_carea' id='block_1_106' title="bbox 2176 5067 3706 5142">
    <p class='ocr_par' dir='ltr' id='par_1_106' title="bbox 2176 5067 3706 5142">
     <span class='ocr_line' id='line_1_106' title="bbox 2176 5067 3706 5142; baseline -0.004 -19"><span class='ocrx_word' id='word_1_854' title='bbox 2176 5069 2267 5133; x_wconf 89' lang='lat' dir='ltr'><strong>iis,</strong></span> <span class='ocrx_word' id='word_1_855' title='bbox 2312 5083 2451 5137; x_wconf 87' lang='lat' dir='ltr'><strong>quos</strong></span> <span class='ocrx_word' id='word_1_856' title='bbox 2495 5067 2629 5128; x_wconf 76' lang='lat' dir='ltr'><strong>dixi,</strong></span> <span class='ocrx_word' id='word_1_857' title='bbox 2674 5067 3105 5126; x_wconf 65' lang='lat' dir='ltr'><strong>occidentalibus</strong></span> <span class='ocrx_word' id='word_1_858' title='bbox 3152 5086 3355 5142; x_wconf 87' lang='lat' dir='ltr'><strong>magno</strong></span> <span class='ocrx_word' id='word_1_859' title='bbox 3394 5086 3509 5127; x_wconf 90' lang='lat' dir='ltr'><strong>sese</strong></span> <span class='ocrx_word' id='word_1_860' title='bbox 3538 5070 3706 5121; x_wconf 83' lang='lat' dir='ltr'><strong>damno</strong></span> 
     </span>
    </p>
   </div>
   <div class='ocr_carea' id='block_1_107' title="bbox 2175 5156 3706 5233">
    <p class='ocr_par' dir='ltr' id='par_1_107' title="bbox 2175 5156 3706 5233">
     <span class='ocr_line' id='line_1_107' title="bbox 2175 5156 3706 5233; baseline -0.004 -17"><span class='ocrx_word' id='word_1_861' title='bbox 2175 5172 2398 5233; x_wconf 84' lang='lat' dir='ltr'><strong>propter</strong></span> <span class='ocrx_word' id='word_1_862' title='bbox 2421 5177 2521 5218; x_wconf 90' lang='lat' dir='ltr'><strong>nos</strong></span> <span class='ocrx_word' id='word_1_863' title='bbox 2548 5172 2843 5217; x_wconf 88' lang='lat' dir='ltr'><strong>mactatum</strong></span> <span class='ocrx_word' id='word_1_864' title='bbox 2867 5163 2933 5217; x_wconf 89' lang='lat' dir='ltr'><strong>iri</strong></span> <span class='ocrx_word' id='word_1_865' title='bbox 2959 5172 3171 5231; x_wconf 88' lang='lat' dir='ltr'><strong>putant.</strong></span> <span class='ocrx_word' id='word_1_866' title='bbox 3191 5164 3459 5220; x_wconf 70' lang='lat' dir='ltr'><strong>Cazterum</strong></span> <span class='ocrx_word' id='word_1_867' title='bbox 3478 5156 3637 5229; x_wconf 85' lang='lat' dir='ltr'><strong>cogita</strong></span> <span class='ocrx_word' id='word_1_868' title='bbox 3653 5156 3706 5210; x_wconf 88' lang='lat' dir='ltr'><strong>de</strong></span> 
     </span>
    </p>
   </div>
   <div class='ocr_carea' id='block_1_108' title="bbox 2172 5239 3707 5327">
    <p class='ocr_par' dir='ltr' id='par_1_108' title="bbox 2172 5239 3707 5327">
     <span class='ocr_line' id='line_1_108' title="bbox 2172 5239 3707 5327; baseline -0.006 -15"><span class='ocrx_word' id='word_1_869' title='bbox 2172 5256 2382 5327; x_wconf 87' lang='lat' dir='ltr'><strong>synodo</strong></span> <span class='ocrx_word' id='word_1_870' title='bbox 2411 5262 2467 5310; x_wconf 89' lang='lat' dir='ltr'><strong>et</strong></span> <span class='ocrx_word' id='word_1_871' title='bbox 2500 5268 2614 5311; x_wconf 88' lang='lat' dir='ltr'><strong>rem</strong></span> <span class='ocrx_word' id='word_1_872' title='bbox 2658 5268 2805 5310; x_wconf 65' lang='lat' dir='ltr'><strong>cura</strong></span> <span class='ocrx_word' id='word_1_873' title='bbox 2843 5256 3007 5323; x_wconf 88' lang='lat' dir='ltr'><strong>habe,</strong></span> <span class='ocrx_word' id='word_1_874' title='bbox 3035 5239 3377 5326; x_wconf 70' lang='lat' dir='ltr'><strong>praesertim,</strong></span> <span class='ocrx_word' id='word_1_875' title='bbox 3430 5269 3546 5310; x_wconf 90' lang='lat' dir='ltr'><strong>cum</strong></span> <span class='ocrx_word' id='word_1_876' title='bbox 3584 5244 3707 5316; x_wconf 82' lang='lat' dir='ltr'><strong>impii</strong></span> 
     </span>
    </p>
   </div>
   <div class='ocr_carea' id='block_1_109' title="bbox 2170 5346 3713 5417">
    <p class='ocr_par' dir='ltr' id='par_1_109' title="bbox 2170 5346 3713 5417">
     <span class='ocr_line' id='line_1_109' title="bbox 2170 5346 3713 5417; baseline -0.004 -15"><span class='ocrx_word' id='word_1_877' title='bbox 2170 5348 2267 5402; x_wconf 89' lang='lat' dir='ltr'><strong>tibi</strong></span> <span class='ocrx_word' id='word_1_878' title='bbox 2298 5346 2527 5402; x_wconf 86' lang='lat' dir='ltr'><strong>timendi</strong></span> <span class='ocrx_word' id='word_1_879' title='bbox 2559 5354 2722 5414; x_wconf 88' lang='lat' dir='ltr'><strong>sunt;</strong></span> <span class='ocrx_word' id='word_1_880' title='bbox 2752 5362 2947 5417; x_wconf 89' lang='lat' dir='ltr'><strong>cogere</strong></span> <span class='ocrx_word' id='word_1_881' title='bbox 2975 5358 3157 5403; x_wconf 90' lang='lat' dir='ltr'><strong>autem</strong></span> <span class='ocrx_word' id='word_1_882' title='bbox 3188 5364 3308 5403; x_wconf 77' lang='lat' dir='ltr'><strong>eam</strong></span> <span class='ocrx_word' id='word_1_883' title='bbox 3333 5364 3399 5402; x_wconf 89' lang='lat' dir='ltr'><strong>ne</strong></span> <span class='ocrx_word' id='word_1_884' title='bbox 3422 5348 3527 5417; x_wconf 83' lang='lat' dir='ltr'><strong>jam</strong></span> <span class='ocrx_word' id='word_1_885' title='bbox 3553 5351 3713 5413; x_wconf 75' lang='lat' dir='ltr'><strong>aggre-</strong></span> 
     </span>
    </p>
   </div>
   <div class='ocr_carea' id='block_1_110' title="bbox 2169 5436 3708 5510">
    <p class='ocr_par' dir='ltr' id='par_1_110' title="bbox 2169 5436 3708 5510">
     <span class='ocr_line' id='line_1_110' title="bbox 2169 5436 3708 5510; baseline -0.008 -16"><span class='ocrx_word' id='word_1_886' title='bbox 2169 5439 2345 5502; x_wconf 82' lang='lat' dir='ltr'><strong>diare,</strong></span> <span class='ocrx_word' id='word_1_887' title='bbox 2371 5439 2635 5506; x_wconf 89' lang='lat' dir='ltr'><strong>quoniam</strong></span> <span class='ocrx_word' id='word_1_888' title='bbox 2667 5446 2965 5504; x_wconf 84' lang='lat' dir='ltr'><strong>nostrates,</strong></span> <span class='ocrx_word' id='word_1_889' title='bbox 2995 5449 3055 5494; x_wconf 90' lang='lat' dir='ltr'><strong>ut</strong></span> <span class='ocrx_word' id='word_1_890' title='bbox 3084 5440 3218 5494; x_wconf 87' lang='lat' dir='ltr'><strong>mihi</strong></span> <span class='ocrx_word' id='word_1_891' title='bbox 3259 5440 3478 5510; x_wconf 81' lang='lat' dir='ltr'><strong>quidem</strong></span> <span class='ocrx_word' id='word_1_892' title='bbox 3508 5436 3708 5491; x_wconf 85' lang='lat' dir='ltr'><strong>videtur.</strong></span> 
     </span>
    </p>
   </div>
   <div class='ocr_carea' id='block_1_111' title="bbox 2170 5522 3710 5602">
    <p class='ocr_par' dir='ltr' id='par_1_111' title="bbox 2170 5522 3710 5602">
     <span class='ocr_line' id='line_1_111' title="bbox 2170 5522 3710 5602; baseline -0.001 -17"><span class='ocrx_word' id='word_1_893' title='bbox 2170 5531 2237 5585; x_wconf 89' lang='lat' dir='ltr'><strong>ad</strong></span> <span class='ocrx_word' id='word_1_894' title='bbox 2265 5530 2644 5585; x_wconf 81' lang='lat' dir='ltr'><strong>inveniendam</strong></span> <span class='ocrx_word' id='word_1_895' title='bbox 2670 5530 2943 5586; x_wconf 90' lang='lat' dir='ltr'><strong>rationem</strong></span> <span class='ocrx_word' id='word_1_896' title='bbox 2970 5532 3308 5602; x_wconf 82' lang='lat' dir='ltr'><strong>modumque</strong></span> <span class='ocrx_word' id='word_1_897' title='bbox 3321 5522 3710 5601; x_wconf 73' lang='lat' dir='ltr'><strong>coniunctionis.</strong></span> 
     </span>
    </p>
   </div>
   <div class='ocr_carea' id='block_1_112' title="bbox 2169 5622 3712 5693">
    <p class='ocr_par' dir='ltr' id='par_1_112' title="bbox 2169 5622 3712 5693">
     <span class='ocr_line' id='line_1_112' title="bbox 2169 5622 3712 5693; baseline 0.005 -14"><span class='ocrx_word' id='word_1_898' title='bbox 2169 5638 2496 5687; x_wconf 85' lang='lat' dir='ltr'><strong>consensus,</strong></span> <span class='ocrx_word' id='word_1_899' title='bbox 2538 5624 2710 5693; x_wconf 85' lang='lat' dir='ltr'><strong>pacis,</strong></span> <span class='ocrx_word' id='word_1_900' title='bbox 2762 5622 3054 5680; x_wconf 87' lang='lat' dir='ltr'><strong>charitatis</strong></span> <span class='ocrx_word' id='word_1_901' title='bbox 3078 5634 3133 5679; x_wconf 89' lang='lat' dir='ltr'><strong>et</strong></span> <span class='ocrx_word' id='word_1_902' title='bbox 3186 5623 3493 5680; x_wconf 65' lang='lat' dir='ltr'><strong>concordia</strong></span> <span class='ocrx_word' id='word_1_903' title='bbox 3536 5628 3712 5685; x_wconf 66' lang='grc' dir='ltr'><strong>παίω·</strong></span> 
     </span>
    </p>
   </div>
   <div class='ocr_carea' id='block_1_113' title="bbox 2173 5708 3714 5784">
    <p class='ocr_par' dir='ltr' id='par_1_113' title="bbox 2173 5708 3714 5784">
     <span class='ocr_line' id='line_1_113' title="bbox 2173 5708 3714 5784; baseline -0.001 -17"><span class='ocrx_word' id='word_1_904' title='bbox 2173 5729 2339 5783; x_wconf 86' lang='lat' dir='ltr'><strong>quam</strong></span> <span class='ocrx_word' id='word_1_905' title='bbox 2379 5714 2489 5783; x_wconf 82' lang='lat' dir='ltr'><strong>apti</strong></span> <span class='ocrx_word' id='word_1_906' title='bbox 2547 5723 2699 5779; x_wconf 88' lang='lat' dir='ltr'><strong>sunt,</strong></span> <span class='ocrx_word' id='word_1_907' title='bbox 2731 5715 2825 5770; x_wconf 82' lang='lat' dir='ltr'><strong>sed</strong></span> <span class='ocrx_word' id='word_1_908' title='bbox 2875 5730 2994 5784; x_wconf 83' lang='lat' dir='ltr'><strong>eos,</strong></span> <span class='ocrx_word' id='word_1_909' title='bbox 3034 5715 3402 5773; x_wconf 83' lang='lat' dir='ltr'><strong>occidentales</strong></span> <span class='ocrx_word' id='word_1_910' title='bbox 3428 5713 3562 5773; x_wconf 87' lang='lat' dir='ltr'><strong>dico,</strong></span> <span class='ocrx_word' id='word_1_911' title='bbox 3604 5708 3714 5759; x_wconf 68' lang='lat' dir='ltr'><strong>tales</strong></span> 
     </span>
    </p>
   </div>
   <div class='ocr_carea' id='block_1_114' title="bbox 2130 5801 3710 5880">
    <p class='ocr_par' dir='ltr' id='par_1_114' title="bbox 2130 5801 3710 5880">
     <span class='ocr_line' id='line_1_114' title="bbox 2130 5801 3710 5880; baseline -0.008 -19"><span class='ocrx_word' id='word_1_912' title='bbox 2130 5872 2133 5873; x_wconf 19' lang='grc' dir='ltr'><em>ν</em></span> <span class='ocrx_word' id='word_1_913' title='bbox 2178 5806 2358 5861; x_wconf 84' lang='lat' dir='ltr'><strong>facere</strong></span> <span class='ocrx_word' id='word_1_914' title='bbox 2376 5809 2619 5862; x_wconf 86' lang='lat' dir='ltr'><strong>animum</strong></span> <span class='ocrx_word' id='word_1_915' title='bbox 2643 5810 2936 5878; x_wconf 85' lang='lat' dir='ltr'><strong>inducunt,</strong></span> <span class='ocrx_word' id='word_1_916' title='bbox 2958 5809 3152 5880; x_wconf 85' lang='lat' dir='ltr'><strong>quales</strong></span> <span class='ocrx_word' id='word_1_917' title='bbox 3183 5807 3395 5864; x_wconf 83' lang='lat' dir='ltr'><strong>fuimus</strong></span> <span class='ocrx_word' id='word_1_918' title='bbox 3423 5801 3710 5872; x_wconf 82' lang='lat' dir='ltr'><strong>antiquitus.</strong></span> 
     </span>
    </p>
   </div>
   <div class='ocr_carea' id='block_1_115' title="bbox 2178 5898 3713 5974">
    <p class='ocr_par' dir='ltr' id='par_1_115' title="bbox 2178 5898 3713 5974">
     <span class='ocr_line' id='line_1_115' title="bbox 2178 5898 3713 5974; baseline -0.011 -15"><span class='ocrx_word' id='word_1_919' title='bbox 2178 5898 2332 5966; x_wconf 82' lang='lat' dir='ltr'><strong>Quod</strong></span> <span class='ocrx_word' id='word_1_920' title='bbox 2383 5899 2626 5970; x_wconf 80' lang='lat' dir='ltr'><strong>profecto</strong></span> <span class='ocrx_word' id='word_1_921' title='bbox 2655 5902 2774 5959; x_wconf 74' lang='lat' dir='ltr'><strong>ﬁeri</strong></span> <span class='ocrx_word' id='word_1_922' title='bbox 2804 5918 2913 5959; x_wconf 87' lang='lat' dir='ltr'><strong>non</strong></span> <span class='ocrx_word' id='word_1_923' title='bbox 2946 5912 3159 5974; x_wconf 87' lang='lat' dir='ltr'><strong>potest;</strong></span> <span class='ocrx_word' id='word_1_924' title='bbox 3196 5917 3261 5959; x_wconf 83' lang='lat' dir='ltr'><strong>ac</strong></span> <span class='ocrx_word' id='word_1_925' title='bbox 3286 5903 3450 5958; x_wconf 87' lang='lat' dir='ltr'><strong>timeo</strong></span> <span class='ocrx_word' id='word_1_926' title='bbox 3482 5907 3623 5968; x_wconf 85' lang='lat' dir='ltr'><strong>pene,</strong></span> <span class='ocrx_word' id='word_1_927' title='bbox 3659 5900 3713 5942; x_wconf 76' lang='lat' dir='ltr'><strong>ne</strong></span> 
     </span>
    </p>
   </div>
  </div>
