3964 6476
277 428 388 495 ’Ξεὸ

1335 420 1780 494 CHRONICON
1813 431 2091 494 MAJUS.
2116 447 2183 511 τι
2224 431 2378 493 LIB.
2422 432 2504 494 II.

3418 430 3534 494 786

262 540 320 595 at
354 536 641 609 βασιλέως,
664 538 834 604 εδοξε,
863 538 938 610 μὴ
968 538 1271 610 δεξαμένου
1302 541 1393 595 τὸν
1417 542 1577 612 λόγον
1604 542 1699 598 τοῦ
1734 562 1844 600 πα-
1871 545 1921 604 Α
1949 546 2042 599 τοῦ
2099 547 2371 617 βασιλέως
2428 545 2539 601 ἀπὸ
2585 546 2681 617 τῆς
2716 547 2923 609 πόλεως
2978 548 3074 601 καὶ
3119 547 3526 617 ἀπερχομένου,

263 634 393 707 τρὺς
427 631 619 700 αὑτοῦ,
661 633 827 704 μηδὲν
867 632 1039 686 εἰπὼν
1072 635 1312 698 ἀναστὰς
1341 637 1577 707 ἀπῆλθε.
1614 639 1724 692 Καὶ
1761 657 1845 708 μι-

265 726 397 798 κρὸν
459 724 685 788 σύννους
738 725 978 794 γεγονὼς
1021 728 1049 781 ό
1086 729 1402 799 μακαρίτης
1451 732 1548 784 καὶ
1600 732 1845 801 ἀοίδιμος

266 821 452 891 πατὴρ
475 818 668 884 αὑτοῦ,
720 818 1003 890 ἐμϐλέψας
1053 822 1190 891 πρὸς
1225 823 1294 890 μὲ
1338 816 1494 877 εἶπεσ
1525 843 1544 877 ι
1581 826 1740 879 Δοκεῖ
1765 826 1845 896 τῷ

268 912 482 983 βασιλεῖ
509 912 586 981 τῷ
619 911 721 982 υίῷ
757 928 863 983 μου
896 911 1038 966 εἶναι
1080 915 1246 968 αὑτὸν
1275 916 1542 987 ἁρμόδιον
1591 918 1842 988 βασιλέα,

268 1007 410 1077 πλὴν
439 1006 500 1060 οὐ
527 1006 622 1060 τοῦ
650 1007 923 1077 παρόντος
952 1007 1152 1078 καιροῦ
1171 1025 1184 1040 ·
1215 1009 1406 1079 βλέπει
1435 1014 1546 1082 γὰρ
1573 1014 1668 1066 καὶ
1706 1030 1842 1084 φρο-

265 1100 349 1150 νεῖ
378 1096 616 1167 μεγάλα,
659 1100 754 1151 καὶ
778 1099 1005 1152 τοιαῦτα
1033 1094 1122 1153 οἷα
1159 1103 1221 1153 ,οῖ
1252 1103 1439 1172 καιροὶ
1486 1103 1718 1175 ἔχρῃζον
1750 1106 1846 1159 ἐπὶ

271 1189 369 1254 τῆς
398 1188 704 1258 εὐημερίας
737 1189 847 1241 τῶν
880 1191 1166 1259 προγόνων
1188 1193 1371 1262 ἡμῶν.
1407 1194 1553 1264 Πλὴν
1574 1198 1639 1266 τῇ
1671 1198 1846 1268 σήμε-

272 1294 364 1345 ρον
382 1280 460 1344 ὡς
484 1281 994 1353 παρακολουθοῦσιν
1023 1284 1174 1354 ἡμᾶς
1204 1284 1273 1338 τὰ
1298 1287 1618 1358 πράγματα,
1645 1290 1709 1343 ού
1748 1290 1846 1358 βα-

270 1369 424 1425 σιλέα
454 1372 597 1427 θέλει
620 1374 778 1443 ἡμῶν
799 1376 833 1445 ἡ
855 1375 1024 1447 ἀρχὴ,
1057 1376 1174 1429 ἀλλ’
1211 1377 1499 1447 οἰκονόμον
1521 1397 1534 1411 ⁸
1567 1380 1846 1450 φοϐοῦμαι

268 1462 376 1532 γὰρ
406 1464 482 1533 μή
512 1480 645 1518 ποτε
671 1466 738 1518 ὲκ
763 1465 872 1517 τῶν
904 1468 1229 1538 ποιημάτων
1260 1469 1358 1524 καὶ
1392 1472 1845 1544 ἐπιχειρημάτων

266 1556 434 1610 αὐτοῦ
470 1558 695 1628 γένηται
723 1559 1007 1631 χαλασμδς
1038 1560 1134 1616 τοῦ
1163 1562 1315 1617 οἴκου
1342 1563 1533 1618 τούτου
1552 1580 1566 1596 ’
1594 1566 1845 1635 προείδον

266 1649 378 1719 γὰρ
427 1652 525 1705 καὶ
574 1651 672 1715 τὰς
714 1652 1046 1723 ἐνθυμήσεις
1097 1655 1289 1720 αὐτοῦ,
1332 1656 1428 1711 καὶ
1462 1658 1565 1711 ὅσα
1619 1659 1843 1724 ὲδόξασε

262 1740 617 1811 κατορθῶσαι
663 1747 802 1813 μετά
831 1745 928 1800 τοῦ
970 1747 1300 1817 Μουσταφᾶ,
1330 1749 1424 1802 καὶ
1465 1746 1607 1804 εῐδον
1652 1753 1748 1806 καὶ
1773 1754 1846 1808 τὰ

266 1828 395 1900 τέλη
448 1830 560 1885 τῶν
608 1832 922 1903 δογμάτων,
974 1837 1034 1889 ἐν
1078 1836 1186 1892 τίνι
1242 1839 1477 1912 κινδύνῳ
1515 1843 1661 1912 ἡμᾶς
1704 1844 1843 1916 ἠγα-

265 1936 382 1989 γον.
409 1940 430 1974 ι

337 2013 565 2086 Ἕτερον
594 2016 852 2087 βεϐαιοῦν
897 2021 998 2092 τήν
1039 2039 1170 2077 ποτε
1207 2023 1409 2097 βουλὴν
1449 2026 1546 2080 τοῦ
1590 2029 1844 2100 ἀοιδίμου

264 2108 473 2176 πατρὸς
530 2109 720 2166 αὐτοῦ.
790 2111 879 2179 Ὧς
932 2114 1156 2186 ἔκρινεν
1203 2118 1292 2172 ἵνα
1351 2121 1564 2193 ἀπέλθῃ
1616 2124 1698 2186 είς
1742 2124 1845 2196 τὴν

263 2197 505 2266 σύνοδον,
538 2202 745 2273 ἐστάλη
779 2208 918 2277 πρὸς
943 2209 1037 2262 τὸν
1072 2211 1301 2281 άμηρᾶν
1347 2215 1594 2283 πρέσϐυς
1625 2217 1846 2289 Ἀνδρό-

262 2307 412 2356 νικος
456 2296 758 2366 ό-Ἴαγρος
809 2300 1057 2369 δηλῶσαι
1107 2304 1271 2360 τοῦτο
1323 2308 1462 2375 πρὸς
1511 2311 1736 2364 ὲκεῖνονυ
1768 2311 1846 2375 ὡς

263 2383 403 2453 τάχα
433 2386 587 2455 φίλον
618 2392 714 2445 καὶ
737 2391 972 2462 ἀδελφόν
992 2408 1007 2424 ·
1035 2397 1289 2462 κάκεῖνος
1319 2398 1662 2468 ἀπεκρίνατο
1682 2404 1845 2475 180

235 2477 344 2531 -ὂτι
371 2497 391 2530 ι
425 2481 504 2534 Οὐ
530 2484 787 2550 φαίνεταί
821 2503 914 2556 μοι
938 2488 1107 2543 καλὸν
1134 2484 1278 2545 εῖναι
1310 2492 1612 2567 ἴνα.ύπάγῃ
1639 2497 1730 2548 καὶ
1751 2512 1842 2549 το-

261 2570 453 2626 σοῦτον
504 2575 760 2649 μοχθήσῃ
804 2580 901 2634 καὶ
948 2583 1320 2657 καταναλώσῃ
1361 2585 1455 2639 τὸν
1488 2587 1604 2658 βίον
1646 2589 1839 2655 αὑτοῦ,

259 2664 357 2718 καὶ
387 2668 689 2737 μετέπειτα
714 2673 769 2726 τί
803 2672 865 2727 τὸ
895 2675 1125 2745 κέρδος;
1164 2678 1298 2732 Ἰδοὺ
1333 2680 1446 2748 ἐγὼ
1472 2680 1615 2751 ὑπὲρ
1647 2682 1839 2748 αὑτοῦ,

259 2760 310 2811 εί
338 2762 533 2830 χρείαν
567 2762 678 2832 ἔχει
709 2767 1013 2834 χρημάτων
1041 2767 1109 2820 δι’
1147 2767 1327 2834 ἔξοδον
1359 2772 1455 2826 καὶ
1483 2772 1694 2827 εἴσοδον
1743 2777 1840 2830 καὶ

259 2851 391 2915 ᾷλλο
415 2871 466 2907 τι
501 2856 640 2924 πρὸς
689 2856 994 2928 θεραπείαν
1023 2862 1215 2926 αὑτοῦ,
1253 2863 1481 2934 ἕτοιμός
1523 2867 1644 2937 ειμι
1680 2866 1842 2938 θερα-

264 2943 468 2999 πεῦσαι
501 2948 718 3003 αὐτόν.»
752 2952 862 3004 Kal.
888 2954 1109 3021 ἐγένετο
1133 2957 1306 3021 πολὺς
1328 2958 1491 3026 λόγος
1523 2962 1619 3014 καὶ
1649 2960 1837 3032 βουλὴ,

246 3036 497 3107 πότερον
527 3040 755 3112 γένηται
782 3044 843 3097 τὸ
873 3046 965 3100 τοῦ
998 3048 1194 3119 ἀμηρᾶ
1221 3050 1462 3121 θέλημα,
1502 3053 1534 3123 ἢ
1574 3056 1839 3111 ἀπελθεῖν

263 3126 465 3192 αὐτοὺς
492 3132 574 3194 είς
599 3134 699 3204 τὴν
731 3135 970 3193 σύνοδον.
999 3139 1189 3209 Ὅμως
1221 3143 1444 3208 ἐγένετο
1468 3143 1608 3216 ὅπερ
1639 3146 1838 3217 ἤθελεν

1949 639 2313 694 ἐϐουλεύσατο
2367 641 2397 694 ό
2439 640 2670 711 ἁμηρᾶς
2715 640 2942 710 ποιῆσαι
3000 640 3183 711 μάχην
3235 642 3381 695 κατὰ
3431 643 3531 710 τῆς

1948 733 2160 795 πόλεως
2207 732 2301 786 καὶ
2350 731 2698 802 στρατόπεδα
2748 732 2969 802 πέμψαι
3021 731 3145 786 κατ’
3189 732 3384 803 αὐτῆς.
3419 735 3532 788 Καὶ

1947 823 2105 877 τοῦτο
2148 824 2299 894 παρὰ
2332 825 2469 879 πᾶσι
2504 826 2623 888 τοῖς
2649 822 2817 878 αὐτοῦ
2868 823 3177 895 ἐϐεϐαιώθη
3233 825 3327 879 καὶ
3376 827 3531 878 ὲστε-

1952 916 2153 988 ρεὼθη,
2185 918 2313 972 ἄνευ
2358 918 2524 989 μόνου
2560 916 2653 971 τοῦ
2688 916 2860 971 Χαλὶλ
2907 917 3151 986 μπασιᾶ,
3182 918 3332 978 ὅστις
3365 917 3529 970 ἀντές

1949 1027 2072 1080 στη,
2093 1010 2267 1079 λέγων
2293 1013 2374 1066 ὃτι
2405 1030 2425 1064 ι
2447 1013 2507 1066 El
2527 1013 2669 1066 κατὰ
2689 1011 2791 1081 τῆς
2813 1011 3024 1075 πόλεως
3046 1012 3297 1080 ποιήσεις
3320 1012 3527 1082 μάχην.

1951 1105 2153 1175 μᾶλλόν
2206 1107 2357 1160 ἐστιν
2409 1107 2724 1170 ὲπιϐλαϐὶς,
2772 1108 2849 1178 μή
2912 1122 3029 1170 πως
3079 1104 3423 1174 όσβασιλεὺς
3471 1103 3532 1170 ἐξ

1946 1195 2195 1266 ἀνάγκης
2242 1196 2459 1264 δεηθεὶς
2493 1198 2647 1269 παρὰ
2670 1198 2781 1251 τῶν
2809 1197 3063 1251 Λατίνων
3095 1196 3357 1266 βοήθειαν
3407 1198 3533 1248 ἐπι-

1948 1288 2174 1360 κυρὼσῃ
2203 1288 2274 1342 τά
2306 1288 2557 1357 δόγματα
2594 1289 2800 1356 αὐτῶν,
2832 1288 2928 1343 καὶ
2954 1289 3364 1359 όμονοήσαντες
3392 1284 3532 1356 ὁμοῦ

1945 1383 2290 1453 γενήσονται,
2324 1382 2464 1450 ὅπερ
2491 1382 2864 1451 ὲνδοιόιζομεν.
2897 1380 3045 1435 Ἀλλ’
3079 1378 3219 1447 ἄφες
3243 1377 3377 1432 αὐτὸ
3411 1377 3530 1440 νῦν,

1944 1475 2051 1539 ἕως
2103 1474 2171 1530 ἂν
2212 1475 2328 1547 ἴδῃς
2374 1475 2429 1527 τί
2477 1475 2676 1544 πράξει
2708 1475 2890 1538 αὐτὸς,
2925 1474 3018 1527 καὶ
3068 1474 3118 1526 εί
3170 1471 3272 1540 μὲν
3299 1470 3532 1540 ὁμονοὴι

1948 1584 2108 1633 σωσι,
2136 1569 2202 1623 σὺ
2258 1570 2485 1638 ἀγάπην
2532 1567 2621 1638 ἔχε
2678 1571 2797 1639 μετ’
2833 1567 3061 1622 ἐκείνων
3091 1565 3187 1620 καὶ
3217 1567 3419 1633 ὅρκους
3449 1563 3532 1623 εἰς

1944 1662 2006 1716 τὺ
2034 1664 2223 1733 πρόσω
2254 1662 2424 1717 πάλιν
2446 1676 2461 1693 ⁵
2494 1663 2571 1726 ὡς
2599 1661 2740 1734 ἴδῃς,
2774 1663 2920 1715 οὕτω
2971 1660 3066 1714 καὶ
3098 1657 3331 1730 πράξεις
3353 1646 3458 1708 δεῖ
3485 1653 3558 1707 δ”

1944 1756 2042 1825 οὐχ
2080 1756 2426 1826 ὁμονοήσωσι
2455 1795 2471 1818 ,
2527 1756 2650 1808 τότε
2717 1753 2921 1823 μᾶλλον
2958 1751 3246 1823 ἐξέρχεται
3294 1749 3323 1803 ό
3374 1749 3531 1817 λογιο

1882 1887 1921 1940 Β
1949 1850 2106 1917 σμὸς,
2130 1851 2225 1905 καὶ
2251 1849 2393 1918 μετὰ
2423 1849 2670 1911 πλείονος
2699 1848 2938 1940 θάρσους
2962 1847 3214 1916 ποιήσεις
3233 1843 3268 1940 δ
3287 1842 3476 1917 βούλῃ.
3500 1860 3524 1940 2

1949 1942 2059 1994 Καὶ
2112 1940 2254 2012 αῦτη
2302 1942 2336 2013 ἡ
2388 1941 2556 2012 βουλὴ
2608 1941 2701 1993 τὸν
2752 1941 2853 2008 μὲν
2902 1939 3129 2008 άμηρᾶν
3176 1936 3271 1990 τοῦ
3323 1932 3530 1989 σκοποῦ

1947 2027 2247 2105 ἐκῴλυσεν,
2286 2031 2417 2101 περ)⁸
2464 2030 2522 2084 δὲ
2563 2028 2660 2083 τοῦ
2706 2028 2880 2084 Χαλὶλ
2920 2029 3136 2099 μπασιᾶ
3181 2027 3282 2098 τὴν
3329 2023 3531 2095 βουλὴν

1945 2123 2129 2186 δόντος
2163 2125 2241 2194 τῷ
2274 2123 2455 2196 καιρῷ
2488 2125 2685 2197 μαθεῖν
2713 2124 2865 2197 ἡμᾶς
2889 2124 3025 2180 ἄλλα
3056 2127 3167 2176 τῶν
3197 2122 3400 2178 ἄλλων.
3600 2192 3605 2193 ν

2021 2217 2178 2287 181
2228 2216 2287 2270 Ὀ
2345 2213 2441 2271 οῦν
2485 2217 2755 2286 αὐθέντης
2811 2235 2915 2286 μου
2967 2217 2996 2268 ὁ
3041 2216 3315 2282 δεσπότης
3349 2214 3444 2268 καὶ
3477 2213 3528 2289 οἱ

1947 2309 2210 2380 ἄρχοντες
2260 2309 2591 2379 ὲξὼρθωσαν
2640 2309 2731 2362 τὸν
2781 2307 3148 2375 Παλαιολόγον
3194 2307 3399 2375 Θωμᾶν
3435 2306 3532 2360 καὶ

1946 2401 2086 2473 πρὸς
2142 2401 2497 2473 τὸνβασιλέα
2546 2401 2918 2455 ἀπέστειλαν·
2972 2401 3068 2452 καὶ
3119 2398 3383 2467 λογισμὸς
3434 2398 3530 2451 καὶ

1944 2494 2214 2564 τρικυμία
2265 2497 2325 2546 ὲν
2363 2496 2431 2564 τῇ
2476 2494 2633 2548 πόλει
2681 2480 2982 2563 περιέπεσε
3037 2493 3290 2561 πλείστη.
3328 2490 3432 2548 ἕως
3467 2482 3529 2544 οὗ

1947 2586 2113 2639 πάλιν
2165 2584 2446 2655 ἐμάθομεν
2492 2587 2594 2656 τὴν
2636 2585 2943 2656 ἰσχύσασαν
2984 2583 3184 2654 βουλὴν
3223 2581 3319 2634 τοῦ
3355 2580 3531 2635 Χαλ“·λ

1949 2675 2191 2745 μπασιᾶ.
2236 2675 2347 2730 Καὶ
2381 2675 2513 2742 ἰδοὺ,
2540 2675 2617 2740 ὡς
2647 2678 2760 2745 ἐγὼ
2788 2676 3077 2746 προεῖπον,
3096 2673 3179 2755 μὴ
3204 2673 3395 2727 ἕνεκεν
3425 2673 3533 2724 τῶν

1942 2767 2207 2821 τοιούτων
2239 2769 2581 2834 σκανδάλων,
2615 2769 2675 2822 τὸ
2701 2770 2777 2833 ὡς
2816 2769 2891 2842 μὴ
2920 2767 3100 2839 ὢφελε
3132 2766 3399 2835 γενέσθαι
3432 2766 3534 2836 τὴν

1932 2861 2193 2917 εσύνοδον.

2016 2955 2127 3007 Καὶ
2157 2955 2256 3024 τὴν
2297 2955 2397 3024 μὲν
2444 2954 2551 3008 άπδ
2584 2946 3223 3015 Κωνσταντινουπόλεως
3269 2952 3353 3015 είς
3387 2951 3532 3004 Ἰτα-

1942 3046 2065 3099 λίαν
2121 3047 2395 3116 περίοδον,
2431 3046 2508 3109 ὡς
2564 3047 2837 3119 περισσὴν
2887 3044 3075 3104 οὖσαν.
3110 3047 3299 3115 γραφῇ
3352 3060 3535 3111 παρα·

1941 3137 2126 3191 δοῦναι
2177 3139 2265 3190 διὰ
2291 3138 2349 3191 τὸ
2391 3138 2573 3208 μῆκος
2600 3138 2810 3207 ταύτην
2854 3138 3006 3191 ὲάσω
3031 3154 3046 3169 ο
3097 3136 3199 3207 τὴν
3228 3136 3286 3189 δὲ
3321 3135 3402 3196 είς
3433 3135 3539 3200 τὴν

262 3220 295 3271 ὁ
332 3220 589 3290 βασιλεὺς
618 3226 650 3298 ἢ
684 3229 887 3299 μᾶλλον
927 3231 958 3303 ἡ
996 3234 1142 3303 κακὴ
1174 3233 1335 3304 τύχη.
1374 3234 1720 3303 Ἐξελθόντος
1748 3240 1841 3294 οὖν
1867 3224 1911 3283 C
1956 3229 2200 3287 Ἐνετίσν
2231 3230 2538 3285 είσέλευσιν
2570 3227 2665 3283 τοῦ
2709 3228 2979 3299 βασιλέως
3003 3227 3262 3281 Ἰωάννου
3296 3225 3392 3279 καὶ
3422 3223 3543 3276 τῶν⁴

252 3404 424 3459 eliam
451 3407 692 3465 deterius
715 3412 954 3467 schisma
981 3417 1235 3471 eveniat:
1257 3426 1312 3473 et
1335 3435 1434 3476 nos
1456 3436 1582 3477 ecce
1606 3428 1844 3494 expositi

256 3496 505 3553 [oremus
530 3499 735 3570 impiis.
771 3522 790 3556 ι
822 3505 1120 3573 Imperator
1151 3523 1262 3562 non
1297 3512 1545 3579 probata,
1580 3523 1638 3567 ut
1666 3517 1841 3571 visum

136 3584 147 3587 ’
251 3598 368 3654 est,
398 3591 568 3659 patris
617 3595 919 3659 sententia,
956 3597 1156 3653 tacitus
1192 3604 1433 3656 surrexit
1466 3619 1531 3658 ac
1564 3605 1842 3662 discessit.

256 3680 403 3738 Tum
444 3686 663 3754 paulum
718 3701 904 3741 secum
946 3704 1208 3757 reputans
1259 3695 1432 3750 beatae
1478 3699 1755 3753 memoriae
1792 3708 1849 3755 et

250 3777 589 3831 venerabilis
611 3786 766 3847 pater
782 3778 922 3848 ejus,
945 3794 1139 3850 tneque
1158 3783 1410 3840 intuens:
1441 3784 1698 3843 (Videtur
1714 3791 1844 3855 sibi,

253 3867 463 3935 inquit,
494 3868 640 3924 illius
683 3886 836 3926 meus
871 3873 1168 3940 prmclarus
1218 3876 1523 3947 imperator
1553 3895 1674 3936 esse
1712 3898 1726 3937 :
1761 3890 1848 3938 est

255 3960 411 4013 haud
440 3960 625 4026 dubie,
657 3964 750 4017 sed
785 3978 892 4018 non
939 3965 1067 4021 huic
1095 3970 1240 4023 aetati
1267 3978 1427 4036 aptus
1451 3971 1544 4027 ille
1572 3982 1677 4029 est.
1707 3974 1847 4045 Spe-

252 4062 377 4106 ctat
405 4055 653 4125 sapitque
686 4072 905 4125 magna,
939 4067 993 4113 et
1020 4061 1172 4125 talia,
1204 4063 1384 4132 qualia
1442 4064 1718 4135 majorum
1751 4083 1851 4124 no-

254 4155 506 4201 strorum
541 4164 800 4219 prospera
833 4162 1077 4222 tempora
1102 4156 1476 4224 postulabant.
1499 4156 1626 4224 Sed,
1662 4169 1723 4215 ut
1746 4161 1849 4216 bo-

254 4239 358 4294 die
385 4254 472 4295 res
503 4252 652 4305 sunt,
704 4260 811 4298 non
863 4245 1219 4315 imperatore,
1245 4248 1338 4304 sed
1373 4250 1739 4318 gubernatore
1767 4268 1852 4309 re-

256 4347 437 4403 gnum
465 4343 712 4390 nostrum
750 4347 891 4407 eget.
924 4338 1104 4394 Metuo
1139 4342 1284 4395 enim
1318 4358 1385 4398 ne
1422 4345 1647 4414 quando
1702 4360 1732 4401 e
1758 4345 1857 4401 Ta-u

258 4428 557 4482 cinoribus
604 4431 1006 4501 conatibnsque
1037 4433 1157 4501 ejus
1190 4433 1353 4503 hujus
1379 4435 1539 4504 quasi
1576 4436 1732 4493 navis
1762 4437 1851 4492 in-

1949 3417 2020 3470 im
2034 3425 2275 3487 perator,
2297 3414 2412 3473 sive
2443 3416 2625 3484 potius
2657 3412 2828 3468 fatum
2847 3408 3084 3469 volebat.
3111 3408 3347 3481 Egresso
3368 3408 3536 3476 igitur

1947 3526 2011 3563 ex
2049 3511 2183 3564 urbe
2239 3510 2573 3579 imperatore
2624 3514 2679 3560 et
2728 3507 2833 3561 iter
2893 3513 3282 3574 prosequente.
3319 3517 3549 3557 ameras-

1948 3603 2160 3672 Cpolim
2195 3616 2517 3672 oppugnare
2540 3601 2840 3669 copiasqtte
2862 3599 3129 3652 adversus
3161 3611 3282 3650 eam
3317 3596 3535 3649 mittere.

1949 3696 2261 3751 constituit.
2299 3695 2603 3749 Suaserunt
2654 3692 2761 3746 hoc
2810 3690 3296 3759 approltaruntque
3342 3699 3546 3739 omnes

1951 3788 2253 3844 consiliarii
2275 3788 2417 3857 ejus,
2439 3801 2549 3841 uno
2568 3783 2904 3840 Cbalilbasia
2935 3781 3293 3851 excepto,qui
3323 3782 3535 3835 caeteris

1950 3893 2261 3949 repugnans
2289 3895 2302 3932 :
2342 3897 2360 3928 ι
2398 3876 2513 3930 lmo
2543 3875 2745 3946 potius,
2777 3875 2977 3944 inquit,
2999 3874 3191 3928 urbem
3219 3886 3535 3942 oppugnare

1951 3970 2241 4025 exitiosum
2276 3968 2801 4039 videtur,quoniam
2837 3979 3017 4022 metus
3051 3975 3157 4030 est,
3192 3981 3259 4022 ne
3292 3967 3534 4034 impera.

1953 4070 2059 4128 tor,
2081 4063 2410 4117 necessitate
2431 4071 2654 4117 coactus
2676 4074 2834 4129 opem
2859 4059 3181 4114 Latinorum
3213 4058 3534 4127 implorare,

1952 4170 2141 4211 eorum
2174 4154 2429 4225 dogmata
2483 4154 2867 4224 amplectatur,
2905 4161 2961 4207 et
2993 4154 3066 4207 ita
3109 4153 3350 4217 eveniat,
3385 4150 3533 4220 quod

1955 4262 2234 4312 veremur,
2287 4255 2349 4300 ut
2388 4245 2690 4300 concordes
2743 4246 2820 4303 illi
2870 4244 3003 4299 ﬂant
3040 4243 3535 4314 concilienturque.

1954 4336 2137 4406 Quare
2182 4353 2329 4394 nunc
2381 4340 2537 4393 mitte
2573 4353 2693 4393 eam
2745 4353 2861 4393 rem
2887 4378 2903 4404 ,
2941 4337 3119 4403 donec
3155 4335 3536 4407 viderisquid

1953 4429 2193 4485 Joannes
2224 4443 2337 4485 sua-
2381 4436 2576 4499 sponte
2623 4427 2870 4484 facturus
2904 4428 2996 4484 sit.
3040 4426 3178 4483 Nam
3224 4428 3270 4484 si
3310 4429 3365 4482 in
3401 4443 3539 4484 cou-

259 4524 469 4579 terilus
530 4527 830 4583 exoriatur.
875 4526 1122 4600 Namque
1176 4532 1437 4599 praesensi
1487 4533 1846 4604 cogitationes

1956 4523 2200 4578 cordiam
2241 4521 2528 4587 redierint,
2564 4528 2683 4575 tute
2732 4521 2966 4590 posthac
2998 4534 3190 4575 rursus
3236 4518 3536 4575 amicitiam

258 4617 393 4689 ejus
424 4627 475 4671 et
516 4633 635 4688 qme
681 4634 740 4672 se
772 4636 896 4674 cum
930 4621 1215 4691 lliustapha
1254 4623 1626 4694 perfecturum
1665 4641 1854 4697 spera-

262 4715 390 4777 bat,
423 4720 584 4779 atque
614 4713 879 4778 intellexi,
913 4715 966 4766 in
1005 4716 1147 4784 quod
1180 4718 1486 4786 periculum
1527 4732 1626 4774 nos
1655 4720 1845 4788 praeei-

259 4801 501 4876 pitarint
532 4803 842 4857 sanctiones
870 4805 1241 4874 dogmatum.»

350 4893 425 4947 En
455 4894 552 4949 tibi
580 4896 748 4955 aliud,
772 4911 882 4962 quo
905 4897 1266 4952 conﬁrmatur
1292 4899 1515 4968 gloriosi
1543 4901 1716 4970 patris
1732 4901 1852 4973 ejus

258 4987 587 5045 consilium.
618 4987 913 5057 Postquam
951 4989 1015 5043 ad
1047 4991 1317 5059 synodum
1363 4993 1636 5061 proﬁcisci
1664 4992 1853 5048 decre-

263 5082 373 5142 vit,
417 5078 482 5133 ad
520 5095 758 5134 ameram
792 5079 1005 5150 legatus
1034 5082 1240 5138 missus
1266 5092 1351 5138 est
1385 5083 1733 5140 Andronicus
1761 5087 1850 5140 la-

264 5187 430 5243 grus,
466 5171 556 5242 qui
590 5171 642 5225 id
677 5171 749 5225 illi
797 5181 1057 5243 tanquam
1098 5170 1291 5228 amico.
1310 5182 1365 5229 et
1412 5175 1565 5229 fratri
1596 5175 1852 5233 videlicet

264 5264 635 5335 signiﬁcaret.
684 5263 990 5334 Respondit
1031 5281 1271 5332 ameras,
1302 5282 1411 5321 non
1441 5267 1548 5321 sibi
1602 5270 1851 5338 probari,

263 5372 400 5411 cum
430 5357 886 5428 abire,'tantoque
910 5358 1092 5414 labore
1123 5369 1294 5414 semet
1326 5360 1613 5416 contleere.
1654 5380 1673 5413 ι
1708 5360 1849 5428 Quid

263 5445 445 5512 enim,
485 5465 504 5498 ι
544 5446 745 5517 inquit.
780 5467 797 5498 ι
837 5447 1346 5511 ἰηάεηεηιοιιιηιεηιῑ
1378 5451 1854 5522 reportabit‘lEgo

267 5549 482 5602 tamen,
511 5538 556 5592 si
582 5538 832 5608 pecuniis
862 5539 929 5594 ad
963 5540 1172 5596 abitum
1198 5550 1250 5596 et
1271 5541 1505 5596 reditum
1526 5541 1609 5597 vel
1632 5540 1700 5596 ad
1719 5541 1855 5599 alios

272 5643 415 5686 usus
447 5631 672 5702 indiget,
715 5643 940 5700 paratus
994 5649 1115 5690 sum
1148 5634 1198 5688 ei
1235 5650 1581 5689 succurrere.
1610 5653 1630 5687 ι
1670 5632 1856 5690 Multis

270 5722 474 5780 deinde
530 5725 877 5781 sermonibus
908 5735 963 5781 et
997 5727 1495 5782 consultationibus
1528 5727 1729 5797 agitata
1768 5743 1855 5784 res

267 5821 384 5878 est,
412 5825 593 5870 utrum
627 5831 827 5871 amorne.
858 5817 1168 5873 auctoritati
1202 5818 1528 5889 parendum,
1560 5834 1627 5873 an
1659 5820 1728 5873 ad
1760 5834 1852 5890 sy-

271 5903 822 5988 nodumabeumlum
844 5922 1009 5965 esset.
1055 5910 1310 5967 Sedenim
1335 5910 1547 5966 factum
1577 5918 1681 5977 est,
1708 5911 1856 5979 quod

1958 4631 2087 4672 cum
2133 4615 2202 4670 iis
2233 4629 2298 4670 ac
2331 4614 2512 4669 foedus
2550 4621 2803 4680 servato,
2834 4627 2899 4667 ac
2928 4611 3094 4667 facito
3130 4613 3274 4682 quod
3323 4611 3423 4666 tibi
3456 4610 3542 4685 vi:-

1959 4709 2215 4764 debitur:
2256 4706 2301 4762 si
2337 4707 2480 4762 inter
2527 4719 2625 4760 eos
2656 4719 2765 4758 non
2809 4705 3152 4768 convenerit,
3194 4713 3309 4758 tum
3339 4703 3540 4758 melius

1957 4799 2142 4854 evenit
2167 4795 2485 4857 consilium,
2509 4793 2813 4866 majorique
2831 4808 2936 4850 con
2947 4794 3165 4850 fidentia
3186 4794 3377 4857 facies,
3391 4794 3545 4863 thOd'

1961 4889 2226 4946 volueris.
2266 4908 2285 4941 ι
2343 4887 2461 4944 Hoc
2499 4886 2790 4942 consilium
2841 4874 3295 4957 ameram‘cmpto
3355 4886 3544 4957 probi-

1932 5000 1933 5003 ‘
1963 4983 2082 5037 buit
2109 4998 2123 5048 ;
2159 4982 2228 5036 de
2253 4979 2825 5044 Cbalilbasiaautem,
2854 4979 3069 5036 consilii
3100 4988 3409 5051 opportune
3438 4993 3542 5033 au-

1959 5085 2136 5138 ctore,
2168 5075 2274 5129 alia
2303 5089 2367 5129 ex
2403 5075 2527 5129 aliis
2556 5073 2938 5144 cognovimus.

2032 5167 2296 5225 Dominus
2342 5183 2500 5224 meus
2547 5166 3457 5237 igitur,Couslantinus~dcspota,
3487 5174 3545 5221 et

1959 5263 2236 5333 principes
2277 5262 2544 5317 Thomam
2595 5260 3321 5331 Palmologum‘exvitarunt
3372 5272 3540 5331 atque

1960 5356 2028 5409 ad
2073 5355 2464 5424 imperatorem
2511 5353 2807 5429 miserunt.
2848 5352 3057 5407 Interea
3090 5353 3143 5406 in
3180 5353 3540 5422 cogitationes

1961 5459 2017 5503 et
2046 5447 2247 5527 fluctus
2278 5460 2536 5501 curarum
2598 5445 2848 5516 ingentes
2891 5443 3164 5514 Cpolitani
3202 5444 3538 5505 inciderunt.

1961 5534 2091 5596 dum
2121 5541 2507 5610 cognovimus,
2536 5538 2680 5607 quod
2716 5538 2979 5603 obtinuit,
3008 5538 3305 5593 consilium
3334 5536 3542 5592 Chalit-

1964 5634 2156 5689 basiae.
2201 5631 2359 5688 Vides
2387 5631 2524 5700 jam,
2557 5631 2703 5701 quod
2743 5640 2908 5700 supra
2950 5631 3085 5692 dixi,
3123 5638 3342 5699 propter
3360 5637 3544 5684 tantas

1965 5724 2299 5781 ouensiones
2335 5739 2440 5779 non
2473 5724 2732 5779 debuisse
2764 5724 3032 5796 synodum
3067 5724 3220 5777 istam
3260 5721 3400 5776 ﬂeri.

2035 5816 2142 5872 lter
2169 5815 2518 5886 imperatoris
2542 5816 2693 5888 Cpoli
2731 5817 2788 5872 iu
2822 5815 3030 5870 Italiam
3067 5814 3298 5878 factum,
3330 5825 3388 5868 ut
3424 5829 3537 5867 rem

1965 5923 2451 5980 supervacaneam,
2512 5910 2711 5968 litteris
2750 5909 2988 5977 tradere,
3017 5907 3149 5979 quia
3177 5908 3398 5979 longum
3432 5914 3544 5973 est,
