3964 6482
399 447 504 509 793

1448 453 1892 515 eunemcon
1925 419 2198 517 MAJus.
2239 483 2307 492 —
2344 459 2488 522 LIB.
2534 459 2615 521 ιι.

3490 418 3514 430 ”
3551 456 3657 520 ττιι

397 564 669 635 χασδίοσ·
704 561 969 634 ἄρχοντες
992 564 1050 618 δὲ
1080 563 1175 618 καί
1202 581 1350 629 τινες
1382 565 1536 623 ἄλλοι
1568 562 2048 640 συνηπείγοντοΑ
2149 582 2245 642 ις’,
2278 579 2683 644 Πλησιάταντος
2722 577 2904 632 τοίνυν
2943 577 3038 630 τοῦ
3086 575 3433 647 πατριάρχου
3491 577 3650 645 ἡμῶν

398 655 572 728 αὐτῷ,
614 656 754 727 μετά
807 657 1068 728 οὐρανίας
1113 656 1458 721 λευκοειδοῦς
1508 660 1974 725 ὲπισκεπάζοντες

400 751 585 814 αὐτὸν,
613 750 706 803 καὶ
745 748 889 819 αὕτη
922 749 1393 821 ὲπιμελανίζουσα
1433 752 1509 816 ὡς
1554 752 1668 807 ἰδέα
1712 752 1971 824 ούρανοῦ.

364 912 372 918 ,
399 844 508 896 Καὶ
536 842 727 912 ἔτερος
772 842 946 905 ίππος
974 840 1170 903 λευκὸς
1212 843 1567 914 ὡραιότατος,
1604 844 1975 914 εὐτρεπισμέ-

397 952 487 996 νος
520 936 618 988 καὶ
649 934 812 995 αὐτὸς
843 935 912 988 τὰ
938 935 1099 1000 αὐτὰ,
1132 936 1226 989 καί
1259 937 1495 1006 χρυσοῦς
1535 939 1728 1004 ἀετοὺς
1753 938 1849 993 ὲπί
1878 938 1973 991 τοῦ

398 1026 628 1095 χασδίου
683 1027 822 1096 ἔχων
874 1028 969 1080 καὶ
1023 1027 1186 1097 ἔτερα
1239 1031 1421 1099 χρυσᾶ
1477 1029 1796 1100 πλέγματα,
1841 1032 1973 1085 ἑπο-

402 1119 595 1188 ρεύετο
618 1118 938 1189 ἔμπροσθεν
969 1121 1065 1173 τοῦ
1094 1120 1381 1190 βασιλέως.
1399 1122 1474 1190 μὴ
1501 1123 1642 1192 ἔχων
1667 1123 1972 1194 ἀναϐάτην.

407 1213 470 1266 Ὀ
504 1213 561 1266 δὲ
598 1213 1026 1282 μακαριώτατος
1066 1216 1258 1278 πάπας
1290 1211 1359 1286 ἦν
1390 1215 1701 1285 καθήμενος
1751 1218 1842 1270 ἐπὶ
1876 1216 1973 1271 τοῦ

400 1306 669 1362 παλατίου
699 1307 862 1362 αὐτοῦ
896 1308 1040 1376 μετά
1084 1309 1288 1372 παντὸς
1316 1309 1410 1363 τοῦ
1446 1310 1675 1380 κλήρου,
1709 1311 1972 1381 καρδινά-

398 1400 539 1453 λεων
561 1400 765 1471 δηλαδή
805 1402 1245 1471 μητροπολιτῶν,
1272 1403 1613 1471 ἐπισκόπων,
1655 1405 1847 1473 ἱερέων
1882 1406 1977 1458 καὶ

402 1489 576 1544 ἄλλων
623 1490 719 1543 τοῦ
753 1489 1036 1560 ἱερατικοῦ
1083 1491 1407 1557 καταλόγου,
1442 1492 1537 1545 καὶ
1572 1491 1853 1561 ἀρχόντων
1878 1493 1976 1544 καὶ

401 1581 679 1635 αὐθεντῶν
728 1582 960 1648 πολλῶν,
1017 1582 1372 1652 ἐκδεχόμενοι
1419 1581 1512 1635 τὸν
1560 1580 1808 1650 βασιλέα.
1868 1582 1978 1635 Καὶ

402 1674 650 1737 ἐλθόντες
680 1675 731 1726 οἰ
761 1673 1075 1744 ἔμπροσθεν
1123 1673 1375 1743 ἔφιπποι.
1406 1676 1556 1737 τινὲς
1601 1675 1700 1745 μὲν
1736 1673 1846 1729 τῶν
1877 1677 1978 1744 ἀρ-

402 1769 608 1838 χόντων
650 1768 981 1831 ὲπέζευσαν,
1013 1767 1109 1821 καὶ
1158 1768 1323 1832 αὐτὸς
1352 1769 1381 1820 6
1404 1768 1693 1838 δεσπότης,
1732 1769 1827 1821 καὶ
1859 1771 1976 1822 εἰσε-

2077 670 2135 722 ὲν
2168 669 2246 739 τῷ
2281 669 2518 740 ἐρύματι
2543 670 2892 738 Φραγγουλῆ,
2919 669 3001 722 ἔτι
3050 669 3217 721 αὐτοῦ
3256 672 3480 738 μακρὰν
3515 669 3650 720 ἀπέο

2076 780 2285 833 χοντος,
2320 763 2427 817 ἰδοὺ
2474 763 2613 831 πρὸς
2655 764 2981 827 συνάντησιν
3018 762 3164 830 αὐτῷ
3199 761 3330 823 ναῦς
3376 779 3463 824 τις
3492 762 3649 830 ἐρχο-

2080 857 2213 927 μένη
2250 857 2590 928 κατάχρυσος
2621 857 2716 910 καὶ
2744 856 3018 925 συρομένη
3046 857 3103 908 ὲν
3126 856 3200 923 τῷ
3237 853 3467 921 ποταμῷ
3498 853 3651 919 παρὰ

2077 950 2176 1015 τῆς
2226 954 2441 1019 σκάφης
2491 950 2682 1020 αὐτῆς,
2726 952 2824 1004 καὶ
2870 950 3101 1018 ἐζήτουν
3155 949 3248 1000 τὸν
3300 946 3653 1016 πατριάρχην

2078 1044 2342 1098 εἰσελθεῖν
2373 1046 2429 1097 ὲν
2456 1045 2597 1114 αὐτῇ
2623 1060 2636 1075 ο
2665 1038 2733 1115 ἦν
2770 1042 2879 1111 γὰρ
2909 1042 3160 1110 διόροφος
3209 1039 3303 1091 κιί
3334 1038 3650 1107 τριόροφοῖ,

2077 1136 2154 1190 ῶς
2188 1137 2221 1205 ἡ
2252 1136 2460 1189 παλαιά
2494 1137 2678 1206 ἐκείνη
2723 1136 2820 1189 τοῦ
2854 1135 2978 1188 Νῶε
3031 1121 3286 1193 κιϐωτός.
3320 1132 3432 1185 Kal.
3465 1129 3649 1196 ἐκείνη

2077 1230 2338 1297 ἀσφαλῶς
2367 1226 2433 1301 ἦν
2473 1227 3016 1299 περιησφαλισμένη.
3045 1226 3194 1291 Αὐτὴ
3242 1223 3360 1291 μὲν,
3392 1223 3516 1274 ὅσον
3553 1221 3653 1289 μὲν

2078 1327 2136 1378 ἐν
2184 1323 2261 1393 τῷ
2298 1322 2476 1387 ὕδατι,
2516 1324 2687 1393 πίσσῃ
2736 1320 3077 1391 κεχρισμένη
3130 1316 3399 1383 ὑπῆρχεν.
3432 1316 3557 1368 ὅσον
3597 1312 3653 1364 δὲ

2078 1418 2139 1470 τὸ
2169 1416 2520 1486 φαινόμενον,
2549 1418 2606 1468 ὲν
2651 1412 2907 1485 χρώμασι
2961 1410 3242 1481 διαφόροις
3276 1401 3344 1479 ἦν
3375 1405 3656 1460 κεκαλλω-

2080 1509 2353 1579 πισμένη·
2397 1509 2594 1578 μικρὸν
2637 1508 2694 1562 δὲ
2750 1505 3012 1575 ἀνωτέρω
3058 1501 3437 1573 παραθυρίδες
3464 1515 3657 1566 τετορ-

2078 1601 2361 1672 νευμέναι,
2393 1602 2466 1663 ὡς
2499 1601 2565 1655 ἄν
2610 1617 2695 1663 τις
2741 1599 2983 1660 εἰκάσαι,
3022 1593 3162 1664 μετά
3201 1593 3396 1647 κιόνων
3434 1589 3655 1643 λεπτῶν

2076 1688 2220 1763 ἦσαν
2280 1691 2445 1745 αὐταὶ
2494 1689 2589 1742 καὶ
2635 1687 2777 1758 μετά
2835 1684 3149 1755 μαρμάρων
3209 1679 3508 1742 κοκκίνων,
3556 1677 3656 1730 καὶ

2079 1785 2288 1839 ἀνωθεν
2333 1784 2540 1837 τούτων
2590 1778 2865 1850 πρόκυψις
2914 1774 3251 1845 ὡραιοτάτη.
3288 1771 3548 1837 ὑπεράνω
3593 1768 3651 1822 δὲ

401 1861 568 1954 ἧξθξν
603 1861 692 1915 διὰ
738 1861 840 1930 τῆς
880 1862 1130 1945 μεγάλης
1164 1860 1337 1933 πύλης
1372 1862 1519 1916 ἔνδον
1555 1862 1651 1915 τοῦ
1683 1862 1974 1927 παλατλουν
2015 1899 2055 1954 Β
2081 1877 2260 1942 πάσης
2288 1876 2386 1944 τῆς
2416 1874 2544 1940 νηδς
2578 1869 2856 1926 κύκλωθεν
2885 1868 3161 1935 πολεμικὰ
3196 1863 3428 1933 ὄργανα,
3462 1861 3558 1914 καί
3596 1861 3654 1913 ὲν

403 1948 462 2008 οὗ
490 1948 558 2025 ἦν
587 1954 615 2007 6
650 1954 840 2018 πάπας
861 1970 877 1986 ο
908 1955 999 2007 τὸν
1028 1942 1085 2008 δὲ
1118 1954 1348 2025 βασιλέα
1386 1956 1683 2023 εἰσήγαγον
1732 1955 1977 2024 ἔφιππον

402 2050 468 2103 δι’
498 2049 695 2119 ἑτέρας
723 2049 919 2119 πύλης.
951 2050 1117 2115 Γνοὺς
1145 2047 1239 2104 οὖν
1263 2053 1290 2104 6
1320 2051 1507 2114 πάπας
1541 2052 1622 2104 ὅτι
1650 2051 1818 2119 ἐγγύς
1856 2052 1974 2104 ἐστι

402 2143 504 2212 τῆς
532 2143 712 2213 πύλης
738 2146 765 2198 6
801 2143 1078 2213 βασιλεὺς,
1111 2144 1310 2212 ἀνέστη
1347 2144 1441 2196 καὶ
1491 2143 1840 2208 περιεπάτει.
1874 2143 1974 2194 Ὃν

402 2236 498 2290 καὶ
542 2237 703 2308 εὗρεν
737 2237 764 2289 6
805 2236 1059 2307 βασιλεὺς
1103 2236 1291 2306 ὄρθιον
1318 2255 1333 2269 ·
1376 2236 1470 2290 καὶ
1524 2235 1696 2288 θέλων
1744 2252 1978 2302 γονυπε-

399 2330 589 2401 τῆσαι,
628 2331 728 2385 οὒκ
780 2330 996 2399 ἀφῆκεν
1047 2330 1213 2382 αὐτὸν
1263 2331 1290 2379 6
1338 2328 1547 2390 πάπας,
1603 2327 1720 2382 ἀλλ’
1758 2329 1977 2392 ἐδέξατο

403 2423 566 2476 αὐτὸν
602 2424 686 2486 εἰς
717 2423 846 2485 τοὺς
890 2421 1129 2485 κόλπους
1164 2421 1326 2492 189
1357 2421 1546 2486 αὐτοῦ,
1581 2422 1674 2475 καί
1713 2422 1837 2483 δοὺς
1877 2421 1975 2492 τὴν

399 2513 578 2581 χεῖρα,
609 2512 900 2580 ἠσπάσατο
948 2512 1122 2581 αὐτὴν
1168 2514 1197 2565 6
1249 2512 1528 2581 βασιλεὺς,
1579 2513 1675 2567 καὶ
1720 2513 1976 2567 ἐκάθισεν

398 2605 562 2658 αὐτὸν
605 2603 664 2669 ἐξ
689 2604 994 2674 ἀριστερῶν
1019 2601 1208 2659 αὐτοῦ.
1246 2604 1309 2656 Ol
1350 2603 1405 2657 δὲ
1439 2605 1776 2676 καρδινάλιοι
1822 2605 1975 2677 παρὰ

400 2699 528 2761 τοὺς
580 2698 749 2779 πόόας
806 2699 1022 2763 αὐτῶν,
1084 2699 1418 2768 ποιήσαντες
1469 2699 1562 2753 τὸν
1628 2700 1687 2753 ὲν
1749 2703 1976 2772 Χριστῷ

402 2791 718 2860 ἀσπασμὸν,
772 2793 865 2846 καὶ
892 2791 1255 2862 ὁμιλήσαντες
1282 2791 1478 2861 λόγους
1525 2793 1829 2862 μυστικοὺς
1875 2795 1978 2862 τῆς

402 2885 630 2953 εἰρήνης
658 2883 1014 2956 ἀνεχώρησαν
1037 2887 1136 2939 ἀπ’
1165 2885 1413 2955 ἀλλήλων
1438 2904 1453 2918 ·
1484 2887 1580 2940 καὶ
1599 2888 1627 2940 6
1660 2887 1761 2955 μὲν
1786 2887 1975 2952 πάπας

405 2975 622 3042 ἔμεινεν
672 2978 729 3028 ἐν
780 2975 857 3043 τῷ
903 2977 1148 3047 παλατίῳ
1198 2978 1387 3044 αὑτοῦ,
1423 2981 1452 3033 6
1491 2979 1548 3032 δὲ
1589 2979 1843 3049 βασιλεὺς
1870 2981 1976 3035 ὑπὸ

405 3065 516 3121 τῶν
563 3071 977 3137 συνερχομένων
1022 3070 1171 3140 αὒτῷ
1212 3073 1469 3139 ἐφίππων
1497 3072 1638 3143 ἧχθη
1677 3074 1818 3142 μετά
1846 3072 1976 3128 σαλ-

407 3160 622 3228 πῖγγων
642 3161 699 3213 ὲν
717 3161 887 3230 ἑτέρῳ
904 3162 1152 3234 παλατίῳ
1169 3164 1591 3234 εὖτρεπισμένῳ
1608 3165 1750 3219 πάνυ
1769 3165 1971 3231 καλῶς,

2085 1970 2233 2039 μέσῳ
2286 1968 2602 2035 μαγειρεῖον
2652 1963 2740 2016 διὰ
2795 1961 2955 2031 190
3000 1959 3061 2012 τὸ
3117 1957 3328 2012 ἀνωθεν
3363 1950 3509 2008 εἶναι
3556 1949 3655 2005 τοῦ

2083 2057 2314 2119 καπνοῦ,
2347 2058 2442 2111 καὶ
2479 2055 2683 2124 κλῖμάξ
2708 2071 2792 2117 τις
2828 2052 2978 2121 παρά
3004 2052 3071 2120 τῇ
3099 2047 3331 2119 πρύμνῃ
3361 2044 3456 2098 καὶ
3490 2044 3657 2113 ἑτέρα

2081 2154 2144 2223 τῇ
2174 2149 2373 2220 πρώρᾳ
2400 2148 2537 2218 πρὸς
2565 2147 2626 2209 τὸ
2650 2142 2977 2216 ἀνέρχεσθαι
3010 2141 3103 2196 καὶ
3136 2137 3500 2207 κατέρχεσθαι
3527 2135 3656 2196 τοὺς

2082 2244 2361 2313 ὑπηρέτας
2412 2240 2605 2308 αὐτῆς.
2640 2235 2886 2290 Ἔσωθεν
2924 2227 2982 2288 δὲ
3029 2233 3293 2287 παλάτιον
3324 2228 3477 2293 ἄλλο,
3504 2227 3656 2280 ὡσάν

2079 2356 2164 2401 τις
2209 2336 2337 2405 είπῃ
2389 2333 2516 2387 ναὸν
2568 2328 2894 2400 περικαλλῆ,
2940 2327 3034 2380 καὶ
3092 2323 3352 2385 κοιτῶνες
3399 2320 3653 2388 διάφοροι

2080 2414 2618 2496 περικεκαλυμμένοι
2683 2421 2869 2493 βηλοῖς
2921 2418 3206 2490 χρυσοῖς·⁴
3252 2412 3535 2467 κύκλωθεν
3598 2409 3656 2464 δὲ

2080 2521 2449 2591 ἀναδαθμίδες
2482 2519 2577 2571 καὶ
2608 2515 2818 2588 προϐαθ
2831 2514 2979 2583 μίδαι
3008 2511 3103 2565 καὶ
3131 2509 3313 2581 θρόνοι
3342 2506 3441 2560 καὶ
3473 2521 3656 2575 παρα-

2080 2615 2410 2676 πετάσματα
2451 2607 2884 2679 κατεστρωμένα
2918 2602 3116 2665 τάποις
3158 2601 3414 2671 μακροῖς,
3442 2596 3657 2651 κύκλωε-

2082 2711 2174 2762 θεν
2208 2706 2411 2776 θεωρία
2449 2704 2681 2772 λαμπρὰ
2710 2701 2805 2754 καὶ
2836 2695 3146 2769 περιφανὴς
3178 2695 3275 2749 καὶ
3314 2692 3654 2760 ἀξιέπαινος.

2081 2798 2345 2854 Κάτωθεν
2380 2798 2437 2851 δὲ
2462 2796 2557 2850 τοῦ
2589 2793 2851 2850 παλατίου
2881 2792 3009 2847 ἀλλο
3040 2789 3115 2852 ὡς
3144 2786 3455 2865 κατώγαιον
3484 2781 3654 2838 αὐτοῦ

2078 2894 2179 2949 καὶ
2211 2892 2487 2962 ὑποθῆκαι
2529 2891 2779 2960 ὑπῆρχον
2827 2884 3048 2947 πολλαὶ,
3085 2884 3141 2936 αἰ
3182 2882 3281 2953 μὲν
3317 2881 3463 2933 οῐνου
3495 2877 3552 2931 αι
3597 2876 3656 2929 δὲ

2083 2987 2283 3059 ἰχθύων
2308 2987 2365 3039 αἰ
2413 2986 2470 3039 δὲ
2517 2981 2979 3053 τροφῶνάλλων.
3019 2978 3083 3032 Ἦ
3112 2979 3168 3031 δὲ
3220 2975 3532 3036 καλάθωσις
3561 2971 3659 3024 τοῦ

2078 3080 2281 3151 ὀρόφου
2320 3078 2488 3147 αὐτῆς
2538 3076 2632 3130 καὶ
2678 3077 2712 3146 ἡ
2764 3070 3054 3143 θαυμαστὴ
3094 3069 3353 3131 ἀπόθεσις
3396 3066 3489 3120 καὶ
3526 3063 3660 3117 ἀνά-

2081 3187 2281 3233 παυσις
2307 3169 2417 3222 τῶν
2451 3166 2728 3220 κοιτώνων
2753 3164 2811 3216 ὲν
2841 3163 2979 3232 αὐτῇ
3015 3162 3263 3230 ὑπῆρχον
3297 3150 3656 3227 ὡραιόταταί.

403 3252 627 3332 κάκεῖσε
657 3252 1004 3308 ἀνεπαύσατο
1044 3256 1182 3325 μετά
1226 3256 1337 3310 τῶν
1375 3257 1655 3327 ἀρχόντων
1684 3258 1848 3310 αὑτοῦ
1883 3231 2045 3311 καὶα
2085 3262 2242 3316 Κατά
2295 3259 2394 3332 τὴν
2438 3260 2548 3313 τῶν
2579 3256 2801 3311 Ἰταλῶν
2860 3254 2953 3309 οὖν
3003 3253 3288 3306 διάλεκτον
3342 3249 3589 3302 ἐκαλεῖτο
3623 3248 3655 3314 ἡ

401 3343 517 3505 ἐῶν
559 3328 849 3416 ύπηρετῶν
905 3348 1221 3419 βασιλικῶς,
1274 3349 1406 3422 μηνὶ
1462 3350 1698 3424 Μαρτίῳ
1742 3352 1979 3424 τετάρτῃ

443 3454 605 3505 μερᾳο

443 3454 605 3509 μερᾳο

402 3615 765 3672 ετιιιὰἰὼιειει
818 3618 935 3686 ipse
991 3618 1430 3677 formosissimus
1474 3631 1530 3676 et
1591 3623 1755 3678 simili
1816 3625 1980 3680 modo

402 3718 652 3784 ornatus,
676 3710 729 3764 in
759 3709 917 3776 cujus
945 3702 1118 3765 strato
1142 3713 1342 3778 aquila:
1374 3711 1604 3783 aliaeque
1635 3713 1818 3783 figurae
1841 3730 1978 3768 auro

406 3804 632 3857 intextae
678 3809 857 3864 erant,
921 3801 1309 3871 imperatorem
1360 3784 1723 3872 pra-cedebat,
1788 3816 1982 3859 carens

405 3884 606 3964 equite.
646 3893 1045 3949 Sanctissimus
1089 3909 1227 3964 papa
1255 3895 1307 3948 in
1340 3894 1544 3964 palatio
1590 3912 1689 3950 suo
1719 3913 1840 3949 cum
1869 3907 1981 3952 toto

405 3987 575 4049 clero,
610 3986 711 4040 hoc
739 3995 842 4048 est,
878 3987 1212 4055 purpuratis.
1246 3986 1635 4054 metropolitis,
1669 3989 1973 4059 epierpis,

405 4078 809 4142 sacerdotibus,
858 4080 1184 4148 emterisque
1262 4078 1679 4145 ecclesiasticis,
1734 4088 1789 4135 et
1851 4081 1981 4138 Viris

402 4170 744 4240 principibus
772 4185 836 4225 ac
870 4170 1110 4225 dominis
1130 4171 1340 4233 multis,
1364 4170 1754 4240 imperatorem
1782 4188 1982 4244 exspe-

404 4273 582 4326 ctans,
644 4260 887 4316 sedebat.
923 4260 1198 4327 Advectis,
1276 4262 1367 4332 qui
1428 4277 1624 4331 agmen
1675 4263 1975 4331 ducebant,

399 4354 698 4424 equitibus,
739 4369 769 4409 e
835 4352 1176 4422 principibus
1241 4357 1494 4411 nonnulli
1552 4357 1978 4426 descenderunt,

403 4447 546 4500 inter
582 4460 720 4515 quos
754 4447 869 4515 ipse
921 4447 1146 4515 despota
1179 4444 1306 4509 fuit,
1332 4462 1395 4501 ac
1432 4463 1527 4518 per
1568 4464 1816 4520 magnam
1851 4467 1979 4522 por-

2031 3365 2037 3371 '
2084 3353 2218 3416 ναῦς
2267 3353 2454 3419 ἐκείνη
2499 3348 2931 3423 ὁρρμπούρκιον.
2960 3343 3190 3412 Εἰσῆλθε
3245 3340 3376 3410 γοῦν
3411 3342 3469 3392 ὲν
3515 3338 3656 3404 αὐτῇ

2082 3449 2112 3502 6
2146 3447 2496 3519 πατριάρχης
2530 3444 2667 3527 μετά
2707 3426 2835 3533 τῶν,
2865 3436 3169 3511 ἀρχιερέων
3198 3438 3296 3490 καὶ
3326 3433 3527 3495 παντὸς
3562 3429 3658 3483 τοῦ

2158 3625 2246 3680 l6.
2296 3624 2603 3679 Accedente
2653 3620 2969 3692 patriarcha
3039 3617 3310 3672 nostroad
3374 3616 3655 3671 castellum

2084 3716 2501 3786 Frangulinum,
2533 3715 2625 3768 sed
2648 3725 2828 3768 tamen
2846 3713 3007 3781 longe
3041 3710 3218 3764 adhuc
3240 3707 3660 3772 ahscnte,navis

2084 3809 2328 3864 inaurata
2364 3809 2410 3861 ei
2442 3807 2659 3862 obviam
2695 3806 2950 3866 mittitur,
2986 3817 3080 3870 per
3106 3800 3305 3854 ﬂumen
3357 3815 3386 3852 a
3448 3799 3650 3862 scapha

2084 3920 2179 3958 sua
2211 3911 2407 3963 tracta,
2433 3907 2763 3967 rogaturque
2786 3893 3118 3964 patriarcha,
3146 3903 3202 3946 ιιι
3232 3906 3348 3945 eam
3380 3906 3648 3945 conscen-

2083 3997 2236 4051 deret
2271 4013 2284 4048 :
2315 3993 2545 4047 habebat
2585 3993 2731 4046 enim
2782 3990 2892 4045 duo
2921 3996 2976 4043 et
3039 3988 3137 4041 tria
3185 3985 3449 4047 tabulata,
3515 3984 3660 4039 sicut

2085 4097 2243 4140 vetus
2286 4086 2374 4138 illa
2407 4098 2533 4136 area
2560 4082 2695 4147 Noe,
2735 4089 2790 4135 et
2821 4081 2958 4135 bene
2993 4078 3236 4146 undique
3268 4087 3384 4131 erat
3414 4092 3661 4132 commu-

2083 4185 2226 4244 nita,
2257 4189 2524 4246 quantum
2560 4173 2663 4229 sub
2690 4171 2850 4226 undis
2875 4177 3016 4236 erat,
3051 4170 3169 4239 pice
3197 4168 3357 4232 illita,
3392 4179 3659 4238 quantum

2085 4269 2249 4325 undis
2280 4270 2554 4332 eminens,
2580 4264 2858 4321 coloribus
2920 4263 3092 4324 variis
3144 4262 3429 4316 decorata.
3489 4259 3663 4313 Paulo

2083 4363 2338 4431 superius
2367 4361 2616 4414 fenestrae
2646 4373 2833 4427 Opere,
2856 4365 2913 4410 ut
2954 4355 3079 4426 quis
3114 4362 3353 4424 putaret,
3390 4351 3663 4416 tornatili,

2084 4470 2207 4509 cum
2233 4451 2594 4506 eolumellise
2626 4450 2795 4504 rubro
2845 4462 3158 4514 marmore;
3213 4455 3269 4501 et
3326 4461 3496 4516 supra
3563 4446 3663 4499 has

402 4551 512 4594 tam
546 4539 755 4609 palatii,
790 4539 879 4593 ubi
910 4554 1042 4608 papa
1074 4550 1213 4603 erat,
1249 4540 1485 4609 ingressi
1530 4551 1701 4605 sunt;
1742 4544 1979 4615 impera-
2015 4567 2057 4623 ι)
2086 4547 2394 4617 proiectura
2421 4542 2813 4612 pulcherrima.
2868 4541 2928 4594 ιιι
2971 4554 3187 4596 summa
3247 4539 3372 4593 navi
3435 4540 3664 4592 circnm-

399 4642 572 4688 lorem
606 4648 703 4701 per
727 4633 887 4687 aliam
910 4643 1120 4702 portam
1136 4649 1280 4704 equo
1320 4633 1645 4690 insidentem
1675 4637 1989 4694 introduxe-

400 4726 548 4776 runt.
576 4721 739 4791 Papa,
764 4723 1004 4791 cognito.
1023 4722 1403 4789 imperatorem
1437 4722 1502 4775 ad
1529 4734 1740 4791 portam
1771 4726 1981 4790 adesse,

398 4812 641 4869 Surrexit
660 4821 714 4867 et
735 4812 1113 4876 inambulavit,
1135 4819 1189 4866 et
1211 4812 1284 4865 ita
1305 4813 1479 4881 spatia
1505 4811 1792 4868 facientem
1814 4815 1988 4869 oll'en-

397 4904 481 4959 (Ιίι
505 4918 630 4958 eum
685 4903 985 4971 imperator
1017 4919 1032 4954 ε
1072 4903 1164 4970 qui
1194 4918 1317 4958 cum
1349 4902 1403 4957 in
1444 4918 1619 4972 genua
1651 4905 1814 4958 vellet
1847 4921 1987 4972 pro-

397 4990 681 5056 cumbcre,
706 5005 815 5044 non
843 4991 896 5044 id
922 4990 1172 5060 permisit
1191 5006 1350 5060 papa,
1376 4992 1469 5046 sed
1493 5007 1618 5045 eum
1661 4994 1983 5062 complexus
2006 5058 2007 5061 η

399 5091 763 5153 porrectaque
795 5083 1040 5149 dextera,
1095 5098 1259 5154 quam
1311 5083 1400 5138 ille
1451 5085 1734 5141 osculatus
1766 5095 1874 5151 est,
1915 5087 1983 5141 ad

401 5175 681 5231 sinistram
700 5190 855 5231 suam
877 5175 1185 5230 collocavit.
1217 5174 1508 5245 Purpuratl
1530 5185 1708 5231 autem
1728 5178 1794 5232 ad
1819 5179 1986 5248 pedes

404 5279 603 5321 eorum
633 5266 1005 5321 consederunt
1040 5267 1374 5322 salutatione
1399 5268 1453 5321 in
1482 5267 1706 5324 Christo
1738 5279 1981 5339 peracta.

404 5357 612 5413 Deinde
651 5373 856 5414 arcano
886 5358 956 5414 de
979 5375 1115 5431 pace
1143 5360 1420 5425 collocuti,
1450 5361 1682 5431 digressi
1732 5370 1898 5428 sunt;
1930 5370 1986 5418 et

407 5464 541 5520 papa
566 5451 787 5519 quidem
825 5452 879 5507 in
917 5456 1121 5521 palatio
1151 5470 1254 5510 suo
1307 5454 1532 5517 mansit,
1593 5454 1889 5522 imperator
1917 5455 1986 5511 ab

405 5544 707 5612 equitibus,
745 5546 1072 5615 quibuscum
1103 5556 1350 5609 venerat.
1397 5548 1451 5600 in
1480 5546 1631 5600 aliud
1693 5548 1981 5616 palatium,

408 5634 850 5701 Splendidissime
894 5636 1273 5703 inSIructum,
1322 5651 1446 5690 cum
1498 5636 1755 5691 tubarum
1819 5648 1984 5691 rantu

405 5726 672 5781 deductus
696 5735 802 5790 est,
835 5734 997 5797 atque
1027 5728 1100 5782 ibi
1151 5744 1274 5784 cum
1341 5728 1771 5797 optimatibuset
1825 5729 1987 5782 mini-

408 5819 539 5872 stris
570 5819 686 5874 suis
713 5819 861 5892 regie
922 5820 1230 5877 dii-creatus
1272 5830 1383 5885 est,
1416 5819 1620 5875 mensis
1662 5819 1843 5876 Martii
1899 5822 1985 5876 d’e

408 5922 617 5982 qttnrlo.

2099 4639 2242 4694 circa
2265 4636 2530 4705 disposita
2567 4642 2722 4688 erant
2772 4648 2921 4686 arma
2992 4632 3205 4695 bellica,
3271 4639 3327 4684 ει
3380 4631 3436 4683 in
3486 4630 3666 4682 medio

2089 4728 2273 4791 culina
2301 4728 2373 4781 ob
2401 4739 2695 4781 ascensum
2728 4721 2862 4775 fumi
2913 4721 2967 4775 in
2998 4722 3199 4775 ccelum
3232 4720 3491 4773 liberum.
3526 4718 3664 4774 Sca-

2088 4820 2152 4874 lae
2173 4827 2321 4872 erant
2359 4802 2472 4871 tum
2502 4816 2568 4869 ad
2605 4814 2850 4884 puppim,
2885 4822 2998 4865 tum
3027 4812 3092 4865 ad
3160 4825 3405 4879 proram,
3430 4810 3665 4879 zqnibus

2089 4911 2290 4965 nautici
2318 4907 2552 4963 ministri
2584 4904 2941 4961 escenderent
2975 4911 3029 4957 et
3070 4888 3487 4957 descenderent.
3511 4899 3665 4954 Intus

2086 5004 2242 5074 quasi
2276 5003 2359 5071 pal
2381 5002 2534 5055 illum
2564 5007 2701 5059 erat,
2741 4996 2885 5064 quod
2923 4996 3135 5049 diceres
3154 4994 3413 5061 templum
3448 4992 3651 5065 elegan-

2089 5094 2387 5155 tissimum,
2423 5103 2479 5145 et
2529 5089 2747 5144 diversa
2797 5085 3103 5148 conclavia,
3157 5083 3465 5137 convestita
3525 5083 3664 5137 velis

2086 5188 2304 5251 aureis;
2342 5186 2395 5239 in
2416 5183 2645 5239 circuitu
2676 5182 2876 5251 gradus
2897 5188 3056 5234 erant
3077 5189 3131 5233 et
3155 5177 3428 5244 scamilla,
3482 5176 3663 5230 throni

2087 5288 2141 5347 et
2165 5278 2449 5344 longorum
2484 5280 2786 5342 tapetorum
2823 5269 2994 5324 aulaea
3023 5286 3038 5324 :
3084 5266 3442 5322 circumcirca
3476 5280 3665 5335 aspec-

2088 5381 2176 5426 tus
2200 5366 2543 5438 splendidus,
2579 5362 2901 5434 magnificus
2929 5370 2984 5415 et
3024 5359 3267 5429 elegans.
3323 5357 3467 5413 Infra
3509 5357 3666 5428 pala-

2089 5461 2224 5515 tium
2255 5458 2399 5514 aliud
2426 5458 2582 5527 quasi
2615 5456 3033 5510 subterraneum
3081 5453 3363 5514 conclave,
3395 5459 3448 5504 et
3514 5448 3666 5502 relLe

2090 5552 2423 5621 complures,
2482 5548 2603 5603 alia:
2657 5547 2796 5610 vini,
2841 5547 2962 5601 alia:
3045 5547 3301 5616 piscium,
3363 5545 3665 5598 aliorumve

2088 5644 2517 5699 esculentorum.
2539 5639 2844 5694 Lacunaria
2866 5648 2919 5693 et
2938 5637 3319 5693 cubiculorutn
3346 5628 3425 5689 ad'
3446 5636 3661 5688 cuban-

2088 5736 2218 5791 dmn
2270 5746 2325 5790 ιιι
2373 5733 2762 5803 quiescendum
2802 5729 3239 5787 accommodatio
3294 5726 3663 5796 pultherritna

2088 5834 2267 5882 erant.
2306 5825 2699 5895 Appellabatur
2721 5831 2901 5878 autem
2932 5816 3205 5876 navis‘illa
3235 5818 3495 5872 Italorum
3556 5816 3660 5871 lin-

2091 5935 2191 5987 gua
2230 5916 2627 5973 Horoburcion.
2658 5915 2883 5970 Intravit
2926 5912 3092 5983 igitur
3156 5926 3276 5968 eam
3340 5909 3661 5982 patriarcha
