3964 6498
263 402 378 465 799

1506 359 1833 470 GEORGII
1882 408 2311 470 ΡΗΠΑΝΤΖΕ

3429 411 3533 478 803

266 518 578 588 ριττάσεως
604 519 956 591 ἀσθενήσασα
1011 524 1107 577 καὶ
1136 522 1483 594 ὲκτρωθεῖσα
1525 526 1603 595 τῷ
1642 526 1857 593 Αὖγού-
1885 533 1926 590 Α
1961 525 2133 593 δωρος
2172 525 2249 593 τῷ
2279 522 2606 595 Δεκεμϐρίῳ
2635 525 2768 595 μηνὶ
2796 524 2895 579 τοῦ
2930 525 3096 581 αὐτοῦ
3138 528 3291 593 ἔτους
3322 531 3538 586 ἀπέσω-

264 631 379 684 στῳ
409 616 543 684 μηνὶ
571 616 666 669 τοῦ
700 617 869 671 αὑτοῦ
902 618 1057 682 ἔτους
1082 621 1162 684 εἰς
1191 620 1252 674 τὸ
1283 620 1734 689 Παλαιόκαστρον
1761 618 1855 674 τοῦ

265 709 435 762 αὑτοῦ
465 712 569 772 τῆς
616 711 845 780 Λήμνου
881 713 1074 782 νησίου
1107 714 1351 767 ἀπέθανε
1381 716 1475 767 καὶ
1519 716 1719 787 ἐτάφη.
1749 708 1859 770 καὶ

264 805 330 869 τῇ
362 800 425 861 ιδ’
449 802 545 853 τοῦ
578 802 960 872 Σεπτεμϐρίου
995 805 1167 874 μηνὸς
1191 805 1285 858 τοῦ
1308 808 1497 872 ,ςῇνω
1525 806 1677 869 ἔτους
1709 809 1862 872 ἐγεν-

267 895 405 962 νήθη
441 913 532 960 μοι
565 896 590 947 6
618 895 808 958 ἕτερος
831 895 965 956 *υἱὸς
1010 895 1271 961 Ἀλέξιος.
1302 896 1411 948 Καὶ
1444 896 1522 963 τῷ
1563 896 1858 965 Νοεμϐρίῳ

273 989 403 1055 μηνὶ
450 988 546 1041 τοῦ
592 988 760 1041 αὑτοῦ
791 988 946 1052 ἔτους
976 984 1143 1058 ἦλθεν
1175 993 1254 1051 είς
1285 990 1385 1059 τὴν
1419 989 1573 1042 πόλιν
1607 989 1635 1041 6
1664 987 1861 1042 δετπόυ

269 1100 367 1149 της
396 1084 494 1136 καὶ
520 1082 786 1145 αὐθέντης
817 1085 1070 1149 μου.Καὶ
1096 1086 1162 1153 τῇ
1198 1080 1248 1136 α’
1280 1082 1527 1151 Μαρτίου
1559 1082 1720 1135 ἔλαϐε
1751 1081 1859 1135 ἀπὸ

269 1179 359 1229 τὸν
408 1176 630 1242 Bas-ﬁsa
685 1176 784 1245 τὴν
829 1177 1206 1243 Σηλυμϐρίαν,
1255 1175 1350 1228 καὶ
1398 1175 1728 1227 ἀπέστειλεν
1760 1173 1859 1242 ἐμὲ

272 1274 455 1323 ἐκεῖσε
485 1271 732 1331 διοικεῖν,
767 1272 865 1323 καὶ
891 1269 1066 1329 οὕτως
1098 1266 1403 1339 προσέταξέ
1441 1285 1532 1337 μοι,
1561 1267 1859 1334 φυλάττειν

271 1366 443 1433 αὐτὴν
478 1367 619 1433 μετὰ
652 1366 999 1433 ἐπιμελείας,
1033 1367 1120 1420 διὰ
1150 1366 1249 1436 τὴν
1282 1365 1520 1434 ὑποψίαν
1548 1365 1616 1436 ἢν
1642 1363 1861 1435 εἴχομεν

273 1459 338 1512 ὲκ
366 1459 459 1511 τοῦ
493 1462 688 1528 ἀμηρᾶ
717 1462 812 1512 καὶ
838 1460 932 1513 τοῦ
959 1461 1228 1514 δεσπότου
1258 1459 1386 1530 κῦρ-
1415 1456 1734 1528 Δημητρίου
1764 1456 1859 1510 καὶ

274 1550 442 1605 αὐτοῦ
470 1551 532 1615 δὴ
561 1552 655 1604 τοῦ
690 1551 979 1621 βασιλέως.

350 1641 437 1696 ιθ¹.
468 1641 561 1711 Τῷ
586 1641 645 1695 δὲ
689 1644 897 1713 Ἰουνίῳ
924 1645 1057 1712 μηνὶ
1084 1642 1179 1697 τοῦ
1212 1642 1381 1697 αὐτοῦ
1408 1645 1563 1709 ἔτους
1595 1643 1863 1718 ἦλθενείς

276 1733 872 1788 Κωνσταντινούπολιν
907 1736 1064 1789 Λέων
1102 1738 1129 1788 ὁ
1185 1737 1611 1808 Φραγκόπουλος
1640 1742 1668 1793 ὁ
1707 1757 1860 1809 πρω-

275 1824 623 1895 τοστράτωρ,
666 1827 694 1877 ὁ
721 1823 810 1878 ἐπ’
845 1825 1049 1895 ἀδελφῇ
1086 1826 1203 1890 υίὸς
1257 1826 1351 1881 τοῦ
1394 1828 1565 1882 πάλαι
1620 1830 1860 1901 μεγάλου

1964 636 2058 672 σεν
2088 620 2166 682 εἰς
2195 620 2297 689 τὴν
2325 618 2483 672 πόλιν
2507 636 2523 653 ο
2559 619 2653 675 καὶ
2676 619 2751 690 τῷ
2802 621 3036 691 Μαρτίῳ
3086 624 3220 693 μηνὶ
3250 625 3541 692 παρέδωκα

1948 711 2115 782 ταύτῷ
2143 710 2242 782 τὴν
2269 713 2651 783 Σηλυμϐρίαν.
2678 715 2789 767 Καὶ
2820 714 3090 785 ἐμϐάντος
3153 734 3255 785 μου
3301 718 3380 781 εις
3434 719 3539 782 νῆα

1961 805 2063 875 τὴν
2103 806 2168 859 ἐκ
2230 806 2461 876 Κρήτης
2508 807 2743 861 ’Υαλινᾶ
2785 809 3105 873 Ἀντωνίου,
3152 812 3234 872 είς
3289 812 3390 879 τὴν
3440 813 3538 880 τῆς

1965 899 2209 968 Εὐρίπου
2240 899 2531 981 Κάρυστον
2554 900 2810 969 ἐπαφῆκέ
2845 918 2949 970 με’
3004 901 3099 955 καλ⁵
3134 904 3198 972 τῇ
3235 903 3391 975 τρίτῃ
3441 903 3537 956 τοῦ

1974 991 2196 1044 Ἰουνίου
2224 992 2311 1044 διὰ
2345 992 2446 1061 τῆς
2487 992 2661 1064 ξηρᾶς
2693 993 2815 1047 δδοῦ
2852 994 3064 1062 ἔφθασα
3095 998 3175 1059 εἰς
3226 994 3324 1065 τὴν
3360 996 3542 1067 Σπάρ-

1962 1101 2085 1153 την.
2114 1085 2225 1137 Καὶ
2251 1085 2280 1138 6
2331 1068 2603 1156 δεσπότης
2661 1087 2769 1156 κὺρ
2824 1087 3099 1158 Θεόδωρος
3129 1087 3314 1157 ἐζήτει
3350 1106 3415 1159 με
3471 1091 3540 1144 τὰ

1964 1176 2197 1229 πλεῖστα
2229 1178 2326 1230 καὶ
2362 1177 2693 1248 παρώτρυνε
2744 1179 2836 1232 ἵνα
2892 1180 2986 1232 καὶ
3034 1181 3136 1251 τὴν
3190 1180 3539 1252 Σηλυμϐρίαν

1963 1269 2071 1339 ἔχω
2098 1270 2193 1323 καὶ
2224 1269 2337 1323 τῶν
2378 1272 2612 1341 πρώτων
2673 1271 2844 1326 αὐτοῦ
2897 1273 3232 1344 ὑποχειρίων
3293 1273 3539 1343 εὑρήσω-

1967 1380 2089 1432 μαι.
2126 1363 2490 1432 Διερχόμενος
2515 1361 2610 1418 οὖν
2640 1365 2798 1431 κάγὼ
2838 1358 3002 1434 εὗρον
3051 1364 3143 1419 καὶ
3186 1365 3279 1419 τὸν
3324 1363 3537 1435 Ἰσθμόν

1964 1454 2398 1527 οἰκοδομηθέντα
2433 1458 2586 1529 παρὰ
2612 1456 2709 1512 τοῦ
2739 1457 3003 1512 αὑθέντου
3031 1456 3126 1512 τοῦ
3149 1458 3409 1513 δεσπότου
3432 1461 3538 1529 κὺρ

1966 1548 2388 1602 Κωνοταντίνου
2421 1549 2501 1620 τῷ
2548 1549 2882 1621 παρελθόντι
2912 1549 3059 1618 εαρι.
3086 1551 3399 1616 Φθάσαντός
3437 1571 3538 1623 μου

1967 1636 2062 1691 οὖν
2091 1640 2168 1700 είς
2196 1639 2297 1709 τὴν
2321 1640 2611 1713 Σπάρτην,
2649 1643 2790 1714 μετά
2819 1660 2973 1708 τινας
3006 1630 3223 1715 ἡμέρας
3250 1646 3312 1699 οὐ
3344 1646 3541 1710 πολλὰς

1962 1727 2129 1802 ἦλθεν
2189 1735 2271 1796 εἰς
2326 1734 2430 1804 τὴν
2468 1735 3055 1791 Κωνσταντινούπολιν
3095 1736 3237 1807 μετὰ
3276 1738 3541 1792 πλείστων

1968 1824 2245 1894 τριήρεων
2272 1828 2298 1879 δ
2329 1825 2489 1898 19⁷
2515 1828 2862 1896 καρδινάλιος
2891 1829 2987 1881 καλ⁵
3019 1827 3537 1902 βικεκαγκελλάριος

280 1919 777 1989 πρωτοστράτορος
813 1919 1136 1989 Νικηφόρον
1177 1920 1273 1975 τοῦ
1311 1920 1684 1992 Μελισσηνοῦ,
1717 1924 1776 1977 ὃν
1826 1924 1860 1995 ἠ
1898 1907 1937 1961 Β
1969 1918 2064 1970 καὶ
2099 1916 2391 1981 καθολικδς
2427 1918 2524 1972 τοῦ
2557 1922 2717 1973 πάπα
2736 1920 2964 1986 λεγάτος
2995 1922 3082 1975 διὰ
3128 1922 3228 1992 τὴν
3256 1922 3396 1976 κατά
3434 1922 3540 1975 τῶν

286 2010 503 2081 ἱστορία
530 2008 771 2079 ἀλλαχοῦ
807 2009 1072 2078 ἐδήλωσε.
1105 2012 1206 2067 Διὰ
1250 2014 1412 2068 τοῦτο
1468 2016 1563 2068 καί
1592 2016 1691 2085 τὴν
1744 2020 1865 2069 ἑπι-

281 2104 547 2173 τροπικὴν
587 2102 683 2155 τοῦ
720 2103 1121 2174 Μεσσηνιακοῦ
1169 2106 1376 2160 κόλπου
1415 2108 1658 2178 διῆρχεν,
1705 2109 1867 2181 196

279 2196 353 2260 ὡς
386 2195 480 2248 τοῦ
520 2194 780 2266 ῥηθέντος
820 2197 1065 2266 μεγάλου
1098 2199 1591 2269 πρωτοστράτορος
1613 2200 1862 2268 ἀνεψιὸς,

281 2291 583 2359 προστάξει
606 2291 702 2345 τοῦ
739 2292 1008 2345 δεσπότου
1041 2293 1148 2362 κὶιρ
1169 2292 1473 2364 Θεοδώρου,
1495 2294 1603 2359 ἕως
1630 2288 1695 2348 οὗ
1725 2313 1869 2366 παρ-

280 2384 481 2439 έδωκεν
534 2385 706 2456 αὐτὴν
734 2385 812 2455 τῷ
850 2386 1094 2459 δεσπότῃ
1134 2388 1243 2459 κὺρ
1299 2387 1728 2459 Κωνσταντίνῳ,
1789 2388 1867 2453 ὡς

280 2477 728 2548 προγέγραπται.
760 2478 895 2534 Τότε
927 2478 1176 2549 δρισθεὶς
1211 2479 1369 2542 κάγὼ
1402 2481 1466 2533 ὲκ
1497 2481 1599 2550 τῆς
1641 2480 1865 2550 Σηλυμ-

280 2568 442 2640 ϐρίας
472 2571 778 2633 ἐπανῆλθον
820 2573 902 2636 είς
926 2572 1532 2627 Κωνσταντινούπολιν.
1582 2573 1690 2626 Καὶ
1732 2573 1867 2627 ἀνα-

281 2662 491 2731 μεταξὺ
523 2665 632 2717 τῶν
663 2664 914 2735 ἀδελφῶν
948 2667 1264 2736 συμφωνίαι
1297 2666 1561 2734 γεγόνασι
1586 2665 1864 2731 τοιαῦται,

279 2755 413 2809 ετιδ
446 2756 545 2826 μὲν
600 2756 873 2826 αὐθέντης
930 2774 1032 2827 μου
1071 2760 1099 2811 δ
1142 2740 1411 2825 δεσπότης
1446 2754 1867 2821 Κωνσταντίνος

280 2846 497 2918 ἀπέλθῃ
530 2834 614 2910 εἰς
652 2848 1069 2919 Πελοπόννησον
1091 2850 1186 2903 καί⁵
1206 2850 1299 2903 τὸν
1328 2850 1500 2904 τόπον
1532 2851 1750 2906 ἅπαντα
1770 2850 1865 2906 τοῦ

279 2939 544 2992 δεσπότου
575 2941 683 3008 κὺρ
712 2940 997 3011 Θεοδώρου
1046 2943 1213 3016 λάϐῃ,
1255 2946 1283 2998 6
1330 2944 1387 2997 δὲ
1426 2947 1535 3015 κῦρ
1587 2945 1867 3016 Θεόδωρος

281 3033 367 3094 είς
393 3020 502 3104 τὴν
523 3032 683 3087 πόλιν
711 3034 841 3106 non
879 3036 976 3088 καὶ
1028 3035 1128 3106 τὴν
1167 3026 1526 3109 Σηλυμϐρίαν
1573 3037 1736 3111 λάϐῃ.
1797 3039 1867 3093 ‘A

281 3125 346 3195 δὴ
375 3127 467 3178 καὶ
491 3126 733 3193 ἐγένετο.
757 3126 868 3181 Καὶ
888 3129 953 3199 τῇ
980 3129 1184 3201 δεκάτῃ
1201 3130 1544 3203 Ὁκτωϐρίου
1564 3131 1659 3185 τοῦ
1681 3132 1866 3203 ,ςμνβ⁹

1969 2008 2190 2062 ἀσεϐῶν
2224 2008 2319 2062 τοῦ
2349 2011 2520 2079 ρηγὶς
2556 2013 2656 2082 τῆς
2686 2012 2968 2085 Οὐγγρίας
2999 2012 3301 2079 ὲξέλευσιν.
3349 2011 3538 2067 Ἐστά-

1968 2101 2073 2173 λην
2107 2100 2266 2170 κάγὼ
2293 2097 2452 2167 αὖθις
2503 2105 2752 2175 πρέσϐυς
2784 2107 2921 2176 πρός
2949 2124 3010 2159 τε
3047 2107 3141 2160 τὸν
3189 2088 3543 2177 βασιλέιίκαὶ

1968 2193 2061 2246 τὸν
2096 2194 2324 2264 ἀμηρᾶν
2351 2193 2450 2248 καὶ
2475 2197 2641 2250 αὐτὸν
2676 2197 2742 2269 δὴ
2767 2214 2773 2220 '
2803 2198 2895 2252 τὸν
2950 2199 3116 2270 ρἦα,
3172 2198 3310 2251 ἀλλᾶ
3352 2198 3416 2268 δὴ
3449 2198 3542 2251 καὶ

1970 2276 2110 2357 πρὸς
2158 2286 2252 2339 τὸν
2288 2288 2641 2361 πρεσϐευτὴν
2673 2291 2795 2362 ἦτοι
2846 2292 3082 2359 λεγάτον
3118 2295 3213 2346 καὶ
3253 2293 3392 2364 πρὸς
3451 2292 3541 2346 τδν

1969 2369 2312 2448 καπητάνῶν
2343 2379 2647 2435 Ἀλουῖσιον
2676 2384 3055 2455 Λαουρεδανδν
3078 2374 3169 2440 διά
3193 2403 3346 2449 τινας
3380 2386 3549 2455 ἀναγ-

1969 2469 2133 2534 καίας
2165 2469 2436 2536 δουλείας,
2483 2473 2621 2545 πρὸς
2665 2468 2725 2528 οὗ
2785 2477 3031 2547 προϐῶσι
3093 2478 3160 2530 τὰ
3220 2480 3546 2548 πράγματα.

1971 2563 2339 2633 Διερχόμενος
2367 2563 2461 2617 οὖν
2488 2567 2567 2627 είς
2598 2566 2699 2637 τὴν
2733 2569 3005 2640 Κόρινθον
3036 2571 3101 2640 τῇ
3133 2569 3178 2622 λ’
3205 2571 3300 2623 τοῦ
3331 2569 3549 2638 Αὐγού-

1972 2672 2102 2709 στου
2141 2656 2310 2727 μηνὸς
2344 2658 2433 2711 ῐνα
2467 2659 2565 2722 τὰς
2597 2661 2851 2731 τριήρεις
2894 2661 2987 2716 τοῦ
3024 2662 3214 2716 στόλου
3250 2662 3441 2732 φθάσω
3466 2665 3547 2726 εἰς

1969 2747 2240 2819 Εὔριπον,
2278 2746 2439 2822 εὗρον
2467 2753 2819 2825 τεθαμμένον
2869 2754 2963 2810 τὸν
3023 2756 3404 2825 καλοκάγαθδν
3436 2758 3547 2811 Κο-

1971 2843 2158 2914 ρίνθου
2188 2834 2440 2916 Μάρκον,
2464 2845 2522 2910 ὃς
2552 2849 2650 2902 καὶ
2680 2849 2739 2902 ὲν
2761 2852 2828 2919 τῇ
2877 2850 3016 2921 αὐλῇ
3074 2851 3230 2919 ἡμῶν
3276 2848 3542 2919 ἐγεννήθη

1969 2937 2066 2990 καὶ
2107 2940 2492 3010 συνανετρὰφη
2552 2941 2688 3010 ἡμῖν
2758 2944 2854 2997 καὶ
2907 2943 3013 2997 ὑπὸ
3071 2941 3166 2996 τοῦ
3226 2942 3400 2996 κακοῦ
3450 2943 3547 3012 τῆς

1974 3030 2252 3099 μητρυιᾶς
2298 3030 2466 3085 αὑτοῦ
2498 3031 2673 3086 πολλὰ
2723 3034 3053 3104 πιεζόμενος
3104 3035 3347 3105 μεγάλας
3385 3034 3547 3104 θερα-

1972 3122 2138 3185 πείας
2168 3123 2329 3192 παρὰ
2360 3122 2470 3177 τῶν
2496 3126 2849 3197 γεννητόρων
2880 3145 2983 3196 μου
3028 3126 3311 3197 εὕρισκεν,
3346 3126 3403 3190 ὃς
3453 3129 3545 3180 καὶ

285 3218 441 3282 ἔτους
472 3212 503 3271 δ
534 3219 804 3290 αὐθέντης
842 3237 944 3289 μου
980 3224 1006 3274 ὁ
1037 3223 1310 3294 δεσπότης
1348 3224 1539 3291 ἐξῆλθε
1572 3225 1713 3293 μετά
1739 3225 1867 3295 νηὸς
1894 3250 1938 3309 c
1974 3212 2351 3281 ἀναγκασθεὶς
2380 3216 2443 3267 ὲκ
2472 3214 2575 3267 τοῦ
2594 3215 2791 3268 πολλοῦ
2825 3215 2996 3273 κακοῦ
3022 3215 3193 3284 ἔφυγε
3216 3211 3313 3269 τοῦ
3344 3215 3544 3284 πατρὸς

282 3312 392 3365 ἀπὸ
421 3312 519 3379 τῆς
550 3312 783 3378 πόλεως,
803 3314 901 3367 καὶ
926 3313 1170 3378 πλεύσας
1189 3318 1270 3379 εἰς
1301 3316 1738 3384 Πελοπόννησον,
1765 3317 1862 3369 καὶ

284 3402 452 3455 πάλιν
488 3403 609 3472 μετ’
633 3403 808 3471 αὐτῆς
842 3403 907 3475 δὴ
937 3404 1040 3473 τῆς
1073 3405 1203 3472 νηδς
1231 3405 1259 3457 ὁ
1296 3404 1568 3471 δεσπότης
1593 3407 1699 3475 κὺρ
1731 3404 1863 3459 Θεό-

284 3594 473 3633 mense
510 3578 754 3649 ejusdem
781 3580 935 3647 anni,
975 3577 1352 3645 Pallaeocastri,
1408 3581 1664 3651 quodest
1718 3579 1868 3635 illius

182 3681 188 3689 ‘
283 3674 477 3728 insulae
494 3674 777 3744 oppidum.
801 3675 1057 3729 defuncta
1080 3686 1128 3729 et
1157 3676 1369 3742 sepulta
1392 3685 1496 3731 est.
1524 3672 1866 3731 Duodecimo

281 3766 369 3820 die
401 3766 606 3821 mensis
634 3764 972 3835 Septembris
999 3766 1132 3831 69S!
1167 3766 1309 3820 alius
1346 3765 1492 3820 illius
1518 3765 1650 3819 mihi
1702 3772 1869 3821 natus

281 3867 385 3920 est,
425 3856 694 3914 Alexins:
729 3874 841 3929 quo
879 3860 1069 3913 eodem
1096 3873 1266 3923 anno,
1298 3874 1489 3914 mense
1541 3857 1863 3927 Novembri,

284 3953 512 4020 despota
535 3951 881 4029 et'dominus
941 3968 1098 4007 meus
1155 3952 1210 4006 in
1275 3951 1470 4006 urbem
1519 3952 1763 4019 advenit,
1814 3962 1870 4010 ct

283 4047 529 4104 kalendis
558 4047 768 4106 Martiis
798 4049 867 4104 ab
899 4050 1229 4113 imperatore
1264 4049 1572 4119 Selymbria
1605 4050 1868 4116 donatus,

282 4143 348 4195 a‘.l
377 4141 869 4197 administrandam
903 4158 1019 4196 eam
1060 4154 1147 4196 me
1180 4135 1478 4212 ablegavit,
1512 4143 1864 4210 cohortatus,

170 4272 177 4275 ς
282 4245 343 4290 ut
365 4250 482 4289 eam
519 4235 810 4303 diligenter
839 4244 999 4289 custo
1021 4235 1201 4298 llrcm,
1220 4244 1448 4304 propter
1471 4235 1868 4305 suspicionem,

278 4344 390 4398 qua
440 4344 679 4384 ameram
749 4338 803 4384 et
852 4329 1188 4383 Demetrium
1244 4328 1526 4398 despotam
1580 4330 1872 4401 ipsumque

282 4422 669 4490 imperatorem
706 4421 1072 4476 habebamus.

357 4512 441 4566 l9.
476 4511 659 4565 Mense
683 4510 850 4566 Junio
874 4513 1127 4581 ejusdem
1162 4514 1288 4569 anni
1313 4514 1527 4583 Cpo'im
1551 4516 1700 4569 venit
1752 4513 1865 4568 Leo

284 4603 684 4673 Franeopulus,
713 4615 1100 4674 protostrator,
1156 4606 1300 4662 (ilius
1334 4609 1541 4663 sororis
1574 4605 1864 4675 Nicephori

288 4697 585 4761 Melisseni,
618 4698 1103 4767 magniquonllam
1139 4699 1578 4767 protostratoris,
1633 4698 1701 4752 de
1759 4711 1870 4764 quo

283 4791 392 4843 alio
427 4790 589 4858 hujus
626 4789 869 4844 ltilerizc
905 4791 1028 4844 loco
1054 4792 1260 4846 dictum
1297 4802 1420 4847 est:
1458 4805 1565 4860 qua
1600 4790 1669 4843 de
1700 4803 1870 4844 causa

289 4885 453 4946 idem,
483 4899 683 4953 nempe
713 4894 772 4937 ιιι
803 4900 972 4951 nepos
1003 4885 1151 4940 illius
1202 4886 1384 4955 magni
1432 4882 1867 4954 protostratoris,

280 4976 437 5044 jussu
471 4975 746 5030 Theodori
777 4986 1017 5046 despotre
1057 4976 1383 5031 Messoniaci
1441 4979 1600 5029 sinus
1640 4973 1870 5044 praefec-

286 5077 464 5122 turam
501 5069 849 5137 procurabat,
882 5069 1058 5122 donec
1090 5083 1175 5132 ea,
1196 5077 1251 5122 ut
1281 5081 1447 5136 supra
1482 5066 1862 5130 narravimus,

286 5162 480 5217 tradita
514 5168 599 5217 est
629 5160 1014 5217 Constantino.
1036 5161 1172 5215 Tum
1199 5175 1300 5229 ego
1320 5173 1536 5230 quoque
1558 5159 1744 5229 jussus
1774 5156 1873 5212 Se-

284 5256 519 5326 lymbria
555 5256 764 5327 Cpolim
802 5256 964 5318 relii,
1006 5255 1275 5324 factoque
1300 5263 1440 5308 sunt
1481 5253 1623 5307 inter
1666 5252 1864 5308 fratres

287 5349 368 5403 lue
399 5350 708 5419 pactiones.
762 5360 821 5405 nt
848 5350 1246 5405 Constantinus
1301 5347 1553 5415 despota.
1612 5345 1873 5401 dominus

286 5455 460 5504 meus,
494 5444 547 5495 in
584 5441 1017 5512 Peloponnesum
1039 5441 1365 5505 discederet,
1395 5446 1448 5493 et
1469 5438 1731 5494 ditionem
1752 5454 1875 5493 om-

291 5552 412 5589 nem
452 5535 738 5589 Theodori
763 5537 1005 5604 despotze
1032 5539 1346 5601 occuparet,
1376 5530 1696 5607 The/odorus
1725 5530 1875 5600 Cpo-

290 5627 380 5680 lim
401 5629 613 5680 veniret
644 5636 704 5682 et
729 5628 1002 5693 acciperet
1032 5623 1419 5695 Selytttbriam.
1448 5623 1637 5694 Itaque
1663 5622 1871 5680 iactum

286 5729 390 5772 es'.
426 5719 644 5772 Decimo
679 5716 771 5772 die
800 5714 1062 5772 Octobris
1106 5714 1250 5771 695?.
1307 5716 1558 5785 despora,
1607 5715 1872 5769 dominus

289 5827 461 5869 tuens.
494 5810 561 5863 ab
594 5809 729 5864 urbe
749 5809 871 5863 navi
899 5809 964 5864 in.
992 5807 1431 5880 Peloponnesum
1463 5808 1744 5880 profectus
1766 5818 1874 5875 est,

289 5916 394 5971 qua
425 5906 544 5958 navi
570 5902 893 5975 Theodorus
926 5902 1148 5976 :lcspota
1182 5921 1370 5963 mense
1396 5904 1681 5961 Decembri
1723 5904 1871 5972 ejus-

1972 3304 2139 3359 αὐτοῦ
2173 3305 2268 3360 καὶ
2300 3309 2382 3369 είς
2404 3306 2506 3377 τὴν
2533 3306 2642 3360 τῶν
2685 3305 3078 3361 Ξανθοπούλων
3110 3307 3281 3377 μονὴν
3340 3306 3545 3376 ἀπῆλθε

1967 3399 2064 3452 καὶ
2120 3400 2544 3471 χρησιμώτατος
2601 3401 2935 3472 κατεστάθη.
2991 3399 3210 3464 Φθάπας
3290 3395 3385 3454 οὖν
3437 3397 3546 3469 ἐγὼ

1968 3581 2091 3638 dem
2120 3580 2248 3635 anni
2277 3581 2331 3635 in
2399 3581 2594 3636 urbem
2630 3582 2815 3649 rediit,
2863 3582 2953 3637 cui
2996 3596 3097 3652 ego
3128 3597 3318 3638 mense
3360 3580 3548 3638 Martio

1972 3671 2333 3743 Selymbriam
2366 3671 2588 3737 tradidi,
2643 3672 3038 3744 ingressusque
3089 3688 3281 3728 navem
3324 3672 3550 3729 Creton-

1970 3779 2086 3819 sem
2136 3764 2356 3818 Antonii
2417 3763 2661 3835 Hyalinat
2714 3776 2767 3821 et
2819 3764 3108 3838 Carystum
3157 3766 3223 3821 ad
3282 3764 3547 3836 Euripum

1971 3857 2205 3920 delatus,
2239 3857 2401 3912 tertio
2431 3859 2520 3914 die
2569 3857 2721 3914 Junii
2774 3861 3012 3929 pedestri
3063 3861 3261 3916 itinere
3297 3861 3546 3932 Spartam

1972 3953 2218 4023 perveni.
2282 3951 2607 4008 Theodorus
2660 3952 2887 4023 despota
2957 3966 3136 4009 autem
3205 3957 3550 4019 vehementer

1972 4059 2060 4099 me
2091 4045 2318 4113 rogabat
2346 4045 2869 4113 cohortabaturque,
2911 4050 2969 4101 ut
2999 4048 3166 4101 etiam
3192 4044 3549 4118 Selymbriam

1973 4137 2279 4207 gubernare
2304 4138 2494 4192 vellem
2525 4146 2581 4191 et
2613 4154 2642 4193 e
2676 4140 2866 4209 primis
2892 4139 3008 4208 ejus
3032 4139 3298 4210 subjectis
3322 4154 3462 4196 esse.
3490 4138 3549 4193 In

1975 4231 2309 4285 transeundo
2352 4232 2518 4300 igitur
2552 4225 2818 4285 istlnnum
2846 4248 2876 4287 a
2916 4232 3303 4298 Constantino,
3332 4233 3548 4287 domino

1973 4339 2120 4390 meo,
2156 4314 2343 4380 testate
2373 4326 2646 4394 praeterita
2678 4333 2951 4380 structum
2990 4325 3174 4380 inveni
3207 4343 3222 4393 ;
3257 4335 3312 4380 et
3347 4326 3545 4380 diebus

1974 4432 2082 4472 non
2117 4418 2301 4471 multis
2328 4429 2475 4487 post,
2503 4434 2664 4487 quam
2699 4434 2801 4488 ego
2834 4417 3084 4488 Spartam
3116 4419 3260 4482 veni,
3282 4433 3550 4489 purpura-

1980 4519 2066 4564 tus
2108 4521 2161 4564 et
2185 4502 2671 4566 vicecancellarins
2704 4522 2758 4566 et
2789 4512 3099 4568 catholicus
3133 4529 3285 4582 pnpre
3338 4512 3549 4583 legatus

1973 4601 2157 4656 multis
2184 4599 2501 4657 triremibus
2529 4604 2741 4673 Cpolim
2771 4606 3036 4675 appulsus
3060 4612 3144 4659 est
3161 4614 3379 4674 propter
3400 4604 3550 4659 Hun-

1974 4709 2229 4763 garorum
2283 4695 2427 4764 regis
2490 4696 2786 4751 adversum
2866 4697 3066 4768 impios
3119 4696 3544 4766 expeditionem.

1974 4787 2153 4854 Quare
2175 4802 2276 4857 ego
2304 4803 2496 4843 rursus
2515 4788 2579 4841 ad
2606 4790 3017 4856 imperatorem,
3049 4803 3315 4849 ameram,
3341 4786 3548 4856 ipsum-

1976 4894 2083 4950 que
2116 4866 2323 4950 regem,
2367 4881 2501 4947 quin
2527 4882 2692 4934 etiam
2743 4882 2810 4935 ad
2865 4880 3101 4950 legatum
3133 4889 3187 4934 et
3234 4878 3545 4950 praat‘ectum

1975 4973 2258 5045 Aloysinm
2309 4972 2692 5028 Lauredanum
2726 4987 2895 5042 super
2931 4971 3164 5043 ne‘gotiis
3217 4969 3548 5039 quibusdam

1978 5068 2308 5124 necessariis
2330 5068 2532 5121 missus
2558 5082 2706 5131 sum,
2731 5064 3092 5135 exploratum,
3112 5079 3221 5133 quo
3254 5078 3340 5117 res
3366 5063 3551 5130 proce-

1974 5160 2188 5216 derent.
2218 5158 2290 5215 Ut
2326 5159 2449 5214 veni
2488 5159 2813 5215 Corinthum
2847 5158 2935 5213 die
2966 5155 3199 5227 Augusti
3246 5153 3545 5217 tricesimo,

1975 5252 2231 5308 triremes
2260 5252 2454 5308 classis
2489 5253 2542 5307 in
2572 5251 2779 5320 Euripo
2813 5257 3239 5311 consecuturus,
3279 5246 3545 5315 sepultum

1975 5343 2153 5413 reperi
2184 5343 2333 5412 pium
2361 5351 2416 5397 et
2444 5343 2646 5397 bonum
2666 5337 3196 5401 Marcum,Coriuthi
3214 5337 3549 5407 episcOpum,

1975 5435 2069 5506 qui
2095 5443 2149 5490 et
2181 5436 2234 5490 in
2254 5435 2380 5489 aula
2415 5444 2601 5488 nostra
2637 5442 2823 5495 natus,
2853 5442 2908 5487 et
2960 5431 3246 5485 nobiscum
3283 5428 3551 5482 educatus

1977 5528 2274 5593 fuerat,et,
2310 5528 2378 5582 ab
2435 5527 2904 5597 injustanoverea
2964 5525 3195 5577 multum
3250 5519 3547 5582 cruciatus.

1976 5639 2008 5678 a
2048 5621 2366 5693 parentibus
2423 5622 2559 5676 meis
2620 5634 2724 5672 non
2767 5616 3065 5673 mediocria
3120 5622 3379 5691 expertus
3435 5619 3553 5665 erat

1978 5707 2194 5777 solatia,
2221 5711 2314 5766 sed
2339 5719 2542 5772 tamen.
2556 5708 2965 5764 adversis-simis
2984 5705 3204 5761 casibus
3220 5702 3553 5772 exagitatus,

1979 5814 2132 5878 patre
2153 5806 2365 5863 relicto.
2398 5804 2452 5858 in
2502 5801 2984 5871 Xanthopulorum
3027 5796 3421 5853 monasterium
3466 5806 3552 5849 se-

1981 5900 2165 5967 cessit,
2202 5900 2289 5955 ubi
2329 5899 2491 5952 \ilt'tll
2525 5898 2631 5965 egit
2684 5894 3140 5951 laudatissimam.
3183 5889 3240 5945 In
3292 5888 3553 5955 Euripum
