3964 6452
296 365 404 427 £03

1537 358 1800 421 GEORG
1816 359 1871 419 ll
1915 360 2012 419 PII
2027 358 2353 422 ΠΑΝΤΖςΕ

3469 362 3576 426 θθίι

298 482 399 553 τὴν
458 479 687 552 ἀνδρίαν
747 480 841 535 καὶ
875 479 1089 552 τόλμην
1149 478 1319 535 αὐτοῦ
1364 479 1736 553 δρουγγὰριον
1782 479 1884 551 τῆς
1918 482 2090 569 Λτὰς
2113 481 2209 536 τοῦ
2243 482 2412 536 τόπου
2450 480 2667 536 ἐκείνου
2707 480 2849 552 μετὰ.
2879 480 2974 535 τοῦ
3005 480 3463 556 Καντακουζηνοῦ
3480 488 3579 542 καὶ

300 575 466 648 200
490 574 658 630 αὐτοῦ
682 572 877 645 βίγλας
908 574 1233 645 τετίμηκεν,
1332 575 1557 643 λέγεται
1589 577 1658 646 τῇ
1706 573 1890 628 αὐτῶν

300 640 574 741 galia:ch
602 640 1058 739 ίαννιτζάραγαςν,
1097 640 1196 724 καὶ
1224 640 1345 741 μετ’
1376 640 1561 740 ὀλίγον
1585 640 1892 741 καιρὸνκαὶ

301 762 533 835 βεζὲρην
576 762 740 815 αὐτὸν
778 762 1036 830 ἐποίησε.

372 857 451 925 Τῇ
491 856 586 910 οὖν
624 857 687 920 ιζ’
721 855 817 907 τοῦ
881 855 1105 909 Ἰουλίου
1159 856 1330 926 μηνὸς
1372 857 1466 911 τοῦ
1513 856 1683 911 αὐτοῦ
1732 856 1892 919 ἔτους

300 951 496 1017 γέγονε
520 947 879 1016 παγκὸσμιος
904 947 1135 1001 καύσων
1170 950 1267 1002 καὶ
1297 949 1450 1017 ᾇξιος
1507 951 1737 1021 μνήμης
1759 968 1772 980 ο
1831 952 1892 1003 ἒν

304 1040 349 1110 ᾧ
388 1044 454 1114 δὴ
487 1042 644 1113 θέρει
703 1044 802 1097 καὶ
835 1045 862 1095 ὁ
895 1045 1277 1113 πνευματικὸς
1337 1046 1446 1113 κύρ
1504 1044 1812 1115 Γρηγόριος
1863 1046 1893 1098 ὁ

252 1168 255 1173 -
306 1136 654 1205 Μελισσηνδς
708 1137 1059 1206 πατριάρχης
1114 1136 1361 1204 ἐγένετο.
1424 1137 1533 1191 Καὶ
1584 1140 1650 1205 τῇ
1706 1134 1763 1189 ιε’
1796 1135 1893 1188 τοῦ

304 1231 627 1297 Αὐγούστου
692 1228 868 1298 μηνὸς
909 1229 1178 1299 ἐγεννήθη
1237 1246 1330 1301 μοι
1378 1229 1492 1292 υἱδς
1542 1229 1893 1300 Ἀνδρόνικος

305 1319 661 1390 τοῦνομα,ὂς
691 1320 888 1389 ἔζησεν
917 1320 1131 1391 ἡμέρας
1193 1321 1291 1375 καὶ
1351 1322 1514 1391 μόνον
1574 1320 1741 1374 ὀκτώ.
1782 1321 1893 1375 Καὶ

304 1415 385 1484 τῷ
412 1415 590 1482 ,ςῇνᾶ
612 1415 727 1467 ὲτει
760 1415 820 1466 ἑν
857 1414 991 1483 μηνὶ
1009 1413 1339 1484 Δεκεμϐρίῳ
1365 1414 1615 1483 φθίνοντι
1646 1413 1895 1475 ἐλθόντος

308 1525 416 1577 μου
451 1509 531 1571 είς
553 1510 655 1575 τὴν
678 1506 1100 1574 Πελοπόννησον
1160 1508 1300 1575 μετὰ
1330 1505 1441 1558 τῶν
1495 1507 1594 1576 τῆς
1646 1504 1895 1569 Ἐνετίας

306 1600 637 1671 ἐμπορικῶν
670 1602 974 1677 τριήρεων,
1013 1599 1109 1654 καὶ
1134 1598 1523 1670 Σεπτεμϐρίου
1570 1598 1764 1672 πρώτῃ
1795 1599 1891 1653 τοῦ

308 1696 491 1768 ,ςῇνέ
513 1695 669 1755 ἔτους
695 1692 1080 1764 εὐηργετήθην
1113 1691 1213 1763 τὴν
1238 1693 1542 1764 ἡγεμονίαν
1571 1697 1672 1764 τῆς
1697 1694 1893 1764 Σπάρ-

306 1798 410 1853 της
443 1783 541 1837 καὶ
567 1783 847 1853 διοίκησιν
904 1785 999 1837 καὶ
1063 1784 1286 1839 πάντων
1325 1784 1434 1839 τῶν
1469 1785 1630 1857 πέριξ
1696 1786 1892 1855 αὐτῆς,

1993 572 2090 626 τοῦ
2151 572 2490 644 Εὐδαίμονος
2552 571 2835 637 Ἰωάννου,
2896 574 2994 627 καὶ
3080 577 3211 628 ὅταν
3260 578 3424 632 πάλιν
3484 581 3578 633 εύ-

1996 666 2256 737 ρήσωμαι
2320 668 2380 721 ἐν
2442 666 2635 737 Πάτρᾳ
2693 666 2836 736 μετὰ
2891 667 2988 720 τοῦ
3044 668 3298 741 Λάσκαρι
3360 673 3455 725 καὶ
3480 668 3576 726 τοῦ

1994 758 2359 828 Εὐδαίμονος,
2447 758 2722 824 Ἰωάννου,
2796 760 3207 831 καταλιμπάνω
3284 764 3377 816 τὶν
3436 766 3581 818 Καν-

1994 850 2339 920 τακουζηνδν
2374 851 2454 912 είς
2487 852 2587 920 τὴν
2632 850 2809 922 ἀρχὴν
2846 851 3036 905 αὐτοῦ.
3079 855 3250 906 Ὅταν
3280 856 3334 908 δὲ
3370 856 3579 927 ἕσωμαι

1996 940 2254 1002 ἐνταῦθα.
2322 943 2466 1012 μετὰ
2526 943 2622 996 σοῦ
2685 945 2778 997 καὶ
2808 945 2902 997 τοῦ
2941 946 3275 1016 Εὶδαὶμονος
3324 949 3578 1004 Ἰωάννου

1998 1037 2096 1090 καὶ
2144 1035 2344 1091 ἄλλων.
2387 1038 2665 1090 Ἐτιὸταν
2697 1037 2839 1091 Θεοῦ
2888 1034 3113 1111 εὐδοκία
3168 1037 3429 1109 λήῴωμαι
3484 1041 3582 1095 καὶ

1995 1132 2253 1197 γυναῖκα,
2284 1129 2373 1184 διὰ
2404 1129 2499 1183 σοῦ
2518 1129 2625 1197 ἔξω
2646 1130 2839 1201 αὐτὴν,
2860 1134 2956 1187 καὶ
2978 1131 3214 1185 ἐνταῦθα
3243 1133 3333 1186 τὸν
3352 1134 3579 1188 πλείονα

1997 1222 2191 1294 χρόνον
2240 1222 2574 1287 διαϐιὸάσω,
2648 1227 2743 1277 καὶ
2778 1217 2842 1278 σὺ
2876 1223 3027 1295 Esne
3087 1226 3459 1296 γνωστότερος
3517 1227 3578 1280 ὲν

1997 1318 2169 1370 πᾶσιν
2194 1316 2276 1376 είς
2308 1315 2374 1368 τὰ
2399 1316 2500 1387 τῆς
2541 1313 2841 1385 θεραπείας
2882 1314 3078 1387 αὐτῆς.
3111 1314 3225 1370 Νῦν
3248 1317 3303 1371 δὲ
3329 1314 3442 1387 ἐγὼ
3477 1318 3578 1389 μὲν

1996 1411 2320 1481 ἀπέρχομαι
2350 1409 2486 1480 πρὸς
2523 1411 2814 1480 κρείττονα
2849 1410 3141 1483 οἰκοδομὴν
3196 1411 3290 1466 τοῦ
3335 1412 3554 1482 Ἰσθμοῦ

2000 1504 2064 1557 σὺ
2099 1503 2158 1556 δὲ
2193 1503 2437 1558 ἐνταῦθα
2488 1504 2887 1575 εὑρισκόμενος
2920 1504 3091 1576 ἄρχου
3130 1504 3312 1569 καλῶς
3359 1506 3458 1577 τὴν
3482 1507 3580 1578 ἀρ-

1996 1599 2099 1668 χήν
2127 1614 2246 1662 σου,
2274 1596 2372 1650 καὶ
2407 1596 2621 1652 παῦσον
2651 1600 2754 1662 τὰς
2789 1599 3014 1664 ἀδικίας
3068 1602 3164 1655 καὶ
3213 1602 3314 1664 τὰς
3344 1600 3579 1655 ἐνταῦθα

1999 1689 2203 1754 πολλὰς
2227 1691 2431 1761 ἀρχὰς,
2456 1690 2553 1743 καὶ
2586 1690 2816 1763 ποίησον
2840 1693 3051 1756 πάντας
3081 1692 3157 1761 μὴ
3212 1691 3359 1762 ἔχειν
3410 1692 3579 1764 ἄλλην

1998 1782 2175 1855 ἀρχὴν
2206 1785 2385 1855 πάρεξ
2444 1778 2538 1839 σοῦ
2570 1785 2648 1848 ὡς
2700 1785 2799 1853 ἐμὲ
2848 1786 3017 1855 μόνον
3055 1785 3324 1857 αὐθέντην
3375 1786 3469 1840 καὶ
3516 1785 3577 1840 σὲ

310 1876 483 1945 ἧγουν
514 1876 726 1942 Κουλᾶ,
769 1876 1069 1948 Ἑϐραῖκῆς
1103 1876 1342 1949 Τρίπης,
1379 1878 1721 1950 Τζεραμίου,
1750 1882 1899 1949 Παγ-
1928 1866 1971 1922 Β
1998 1876 2124 1931 ἀντὶ
2155 1874 2318 1947 ἐμοῦ.
2356 1877 2469 1930 Καὶ
2499 1878 2594 1931 ἐὰν
2650 1875 2812 1949 θέλῃς
2864 1878 2961 1931 τοῦ
3028 1876 3105 1949 μὴ
3156 1879 3334 1950 ποιεῖν
3364 1877 3578 1943 ἀδικίας

310 1969 509 2034 κότων,
541 1969 987 2042 Σκλαόοχωρίου,
1022 1971 1119 2024 καὶ
1169 1971 1393 2025 πάντων
1428 1972 1538 2027 τῶν
1573 1973 1755 2029 ἄλλων
1800 1976 1903 2030 αὐ-

309 2063 412 2133 τῆς
440 2065 678 2134 χωρίων,
706 2065 802 2117 καὶ
828 2064 1008 2118 πάντα
1041 2065 1111 2118 τὰ
1170 2064 1521 2137 είσοδὴματα
1564 2067 1769 2133 αὐτῶν,
1823 2068 1901 2131 ὡς

265 2170 273 2175 '
312 2157 413 2211 οὐκ
436 2154 593 2227 εἶχεν
613 2157 793 2222 οὐδεὶς
822 2158 987 2222 ἄλλος
1019 2157 1247 2212 πώποτε
1268 2158 1366 2232 τὴν
1395 2161 1662 2232 τοιαύτην
1690 2163 1900 2234 διοίκη-

313 2266 418 2304 σιν.
454 2245 592 2304 Eine
634 2267 727 2321 μοι
747 2251 802 2304 δὲ
833 2252 924 2304 καὶ
954 2251 1116 2305 τοῦτο
1151 2253 1179 2306 ὁ
1210 2253 1485 2324 αὐθέντης
1519 2272 1623 2325 μου
1649 2270 1665 2287 ο
1698 2274 1716 2309 ι
1743 2256 1900 2310 Ἕνε-

312 2361 410 2399 κεν
445 2344 547 2414 τῆς
583 2343 684 2413 σῆς
721 2343 969 2416 χρηστῆς
991 2328 1324 2416 δουλοσύνης
1350 2347 1449 2400 καὶ
1479 2347 1580 2417 τῆς
1602 2348 1742 2419 ἐμῆς
1762 2349 1901 2418 πρὸς

312 2434 377 2488 οδ
424 2433 695 2505 ἀναδοχῆς
742 2435 840 2488 καὶ
880 2435 1108 2506 ἀγάπης
1157 2436 1618 2507 εὐηργετήσαμὲν
1658 2455 1764 2495 ,σοι
1801 2437 1903 2508 τὴν

311 2528 409 2598 τῆς
440 2527 697 2599 Σπάρτης
724 2527 1020 2600 διοίκησιν,
1055 2530 1153 2583 καὶ
1202 2528 1383 2593 οὕτως
1423 2529 1564 2583 θέλω
1604 2525 1747 2585 εἶναι
1804 2532 1901 2585 καὶ

311 2617 454 2691 αὕτη
508 2619 586 2684 ὡς
615 2618 715 2690 τῆς
763 2617 1035 2689 Κορίνθου
1094 2620 1194 2674 καὶ
1253 2619 1497 2692 Πάτρας,
1554 2614 1629 2674 ὧν
1662 2620 1762 2690 τὴν
1800 2622 1901 2691 μὲν

312 2711 483 2784 ἔχειὸ
523 2712 997 2782 Καντακουζηνδς
1058 2712 1344 2784 Ἰωάννης,
1399 2715 1501 2784 τὴν
1548 2715 1604 2768 δὲ
1659 2714 1901 2779 Ἀλέξιος

311 2808 340 2861 δ
362 2805 673 2878 Λάσκαρις.
701 2804 1092 2875 Καὶγίνωσκε
1120 2807 1205 2861 ὅτι
1239 2806 1434 2879 ἕτερον
1487 2805 1798 2876 μεσάζοντα
1836 2809 1899 2861 οὐ

312 2901 529 2972 ποιήσω
563 2899 744 2972 πάρεξ
775 2898 873 2954 τὸν
907 2899 1177 2970 Σοφιανδν
1239 2898 1557 2971 Εὐδαίμονα
1619 2899 1916 2971 Ἰωάννην,

310 2995 372 3051 δν
393 2994 526 3067 ἔχω.
544 2995 689 3050 Ἀλλ’
708 2993 820 3048 οὐδ’
846 2993 1086 3049 ἐνταῦθα
1115 2993 1427 3065 εὐρὴσομαι
1446 2993 1554 3057 ἀεὶ,
1579 2992 1717 3047 ἀλλὰ

309 3088 609 3160 διέρχομαι
639 3088 730 3142 τὸν
762 3086 932 3142 τόπον
993 3103 1098 3155 μου
1128 3085 1219 3139 διὰ
1265 3083 1441 3138 πολλὰ
1486 3084 1773 3157 ὠφέλιμα·
1806 3088 1902 3138 καὶ

310 3187 443 3239 ὅταν
477 3183 578 3255 μὲν
610 3182 947 3254 εὖρήσωμαι
980 3182 1063 3245 εἰς
1112 3180 1213 3251 τὴν
1258 3180 1551 3249 Κόρινθον,
1610 3181 1899 3250 προστάξω
1927 3220 1969 3274 c

310 3279 411 3343 τὰς
444 3278 583 3350 ἐμὰς
630 3275 926 3341 ὑποθέσεις
991 3273 1248 3345 γίνεσθαι
1290 3272 1385 3325 καὶ
1442 3272 1772 3343 θεωρεῖσθαι
1804 3273 1901 3326 καὶ

311 3466 541 3515 eventus
577 3456 702 3513 fuit.
733 3455 1124 3513 Jannitzarum
1156 3465 1337 3508 autem
1376 3453 1528 3507 illum
1556 3452 1899 3508 Chamnzam

312 3565 550 3617 ameras,
570 3547 902 3605 fortudinem
924 3548 1047 3618 ejus
1070 3555 1124 3601 et
1166 3544 1459 3600 audaciam
1516 3558 1899 3608 remunerans,

313 3630 685 3710 drungarium’
732 3641 912 3712 biglae,
946 3640 1042 3710 qui
1103 3638 1347 3709 ipsorum
1397 3639 1580 3710 lingua
1626 3638 1898 3708 jannitza-

312 3753 475 3807 gat-as
514 3735 740 3800 dicitur,
779 3748 846 3788 ac
880 3731 1031 3786 brevi
1066 3730 1349 3786 intervallo
1380 3732 1616 3786 vezirem
1670 3731 1897 3787 creavit.

386 3827 609 3883 Decimo
637 3825 876 3897 septimo
922 3823 1010 3877 die
1042 3824 1249 3879 mensis
1302 3820 1426 3877 Julii
1466 3823 1714 3893 ejusdem
1748 3825 1898 3891 anui,

314 3929 433 3977 toto
456 3920 589 3976 orbe
642 3929 811 3975 aestus
849 3916 1043 3987 ingens
1093 3924 1147 3971 et
1180 3916 1559 3972 memorabilis
1610 3916 1714 3972 fuit
1745 3935 1758 3974 :
1796 3934 1900 3988 ηυδε

312 4025 498 4072 aestate
552 4001 856 4085 spiritualis
898 4018 1052 4081 pater
1094 4008 1394 4082 Gregorius
1424 4009 1751 4067 Melisscuus
1804 4029 1903 4083 pa-

314 4109 552 4166 triarcha
580 4105 758 4162 factus
783 4113 889 4161 est.
928 4103 1024 4160 Die
1055 4104 1273 4159 decimo
1296 4105 1490 4175 quinto
1530 4109 1735 4162 mensis
1788 4110 1903 4162 Att-

312 4200 454 4273 gusti
486 4201 705 4272 genitus
738 4206 822 4254 est
857 4196 991 4253 mihi
1050 4195 1195 4253 ﬁlius
1224 4198 1595 4261 Andronicus,
1643 4200 1736 4270 qui
1787 4202 1903 4257 dics

313 4304 525 4351 tantum
581 4301 708 4348 octo
742 4291 898 4347 vixit.
950 4297 1109 4346 Anno
1158 4286 1351 4357 6954,‘
1376 4305 1564 4344 mense
1615 4290 1903 4348 Deccmbri

312 4398 568 4456 exeunte,
600 4394 970 4442 mercatorum
1004 4381 1341 4440 Venetorum
1370 4384 1691 4441 triremibus
1720 4385 1772 4439 in
1806 4384 1907 4441 Pe-

311 4483 679 4552 wponncsum
713 4478 1015 4550 proiectus,
1043 4478 1134 4535 die
1167 4481 1350 4548 primo
1396 4475 1738 4549 Septembris
1777 4481 1902 4534 anni

2001 1970 2097 2022 καὶ
2119 1968 2580 2039 φιλοπροσωπίας
2608 1970 2707 2023 καὶ
2735 1969 3016 2044 φυλάττῃς
3068 1970 3275 2041 μᾶλλον
3333 1972 3460 2036 τοὺς
3491 1968 3580 2024 v6-

2005 2077 2164 2131 μους,
2200 2060 2344 2125 ἔξεις
2375 2062 2470 2116 τὸν
2499 2061 2696 2131 μισθὸν
2728 2063 2793 2116 ὲκ
2823 2061 2986 2128 θεοῦ,
3048 2063 3146 2117 καὶ
3179 2063 3238 2128 ἒξ
3273 2061 3432 2135 ἡμῶν
3487 2064 3582 2117 εὐ-

2002 2155 2320 2225 χαριστίαν.
2359 2155 2577 2228 Ἀπεχε
2605 2155 2714 2210 τῶν
2744 2154 2958 2229 δώρων,
3006 2157 3141 2211 διότι
3174 2159 3274 2227 μὲν
3306 2158 3434 2226 περὶ
3475 2158 3581 2213 τῶν

2001 2244 2359 2317 δωροδεκτῶν
2386 2248 2516 2302 τάδε
2543 2250 2709 2320 φησὶν
2749 2251 2779 2304 ὁ
2830 2249 3070 2322 χρυσοῦς
3124 2252 3226 2322 τὴν
3287 2251 3532 2320 γλῶτταν
3560 2263 3579 2281 “

2010 2357 2029 2391 ι
2062 2339 2177 2409 Πῦρ
2197 2341 2547 2395 κατακαύσει
2571 2341 2760 2405 οἴκους
2784 2341 3142 2414 δωρτδεκτῶν
3170 2342 3267 2397 καὶ
3297 2341 3579 2414 καρδίας,ο

2002 2428 2092 2487 διὰ
2117 2434 2169 2487 τὶ
2201 2435 2303 2506 μὲν
2338 2436 2702 2509 ἠδωροδοκία
2750 2435 3065 2506 διαφθείρει
3104 2436 3163 2490 τὸ
3200 2435 3434 2499 δίκαιον,
3490 2435 3585 2489 καὶ

2002 2524 2267 2580 τοσοῦτον
2293 2528 2604 2598 ἀποτυφλοῖ
2627 2528 2703 2591 ὡς
2736 2529 2835 2582 καὶ
2855 2527 3070 2592 ἀθώους
3128 2529 3233 2582 ὑπὸ
3284 2529 3588 2599 καταδίκην

2003 2618 2177 2672 ποιεῖ.
2211 2617 2339 2671 Ἔτι
2371 2619 2429 2672 δὲ
2461 2622 2557 2674 καὶ
2600 2620 2808 2683 ταύτας
2845 2621 2943 2685 τὰς
2979 2622 3133 2692 τρεῖς
3188 2622 3392 2693 ἀρετᾶς
3426 2622 3586 2693 202

2001 2708 2085 2762 δεῖ
2108 2708 2252 2779 ἔχειν
2279 2711 2367 2764 τὸν
2391 2713 2590 2783 κριτὴν
2616 2715 2711 2766 τδν
2739 2713 2998 2785 κρίνοντα
3049 2716 3178 2768 λαὸν
3238 2715 3443 2784 Κυρίου
3493 2718 3587 2769 καὶ

2002 2802 2316 2872 ὁμοφύλους
2344 2805 2740 2876 Χριστιανοὺς,
2779 2808 2965 2859 πίστιν
2990 2806 3161 2880 ὀρθὴν
3207 2809 3288 2873 εἰς
3333 2807 3465 2863 Θεὸν
3493 2808 3586 2863 καὶ

2004 2900 2086 2960 είς
2108 2895 2202 2950 τὸν
2234 2897 2664 2969 προχειρίζοντα
2686 2893 2836 2971 αὐτῷ
2862 2898 2924 2953 τὸ
2946 2900 3183 2970 ἀξίωμα,
3214 2900 3308 2954 καὶ
3326 2899 3583 2971 ἀλήθειαν

2006 2989 2116 3045 ἀπὸ
2137 2989 2242 3061 τῆς
2275 2990 2548 3061 γλώττης,
2593 2993 2690 3046 καὶ
2723 2994 3088 3064 σωφροσύνην
3124 2994 3231 3047 ἀπὸ
3268 2993 3365 3048 τοῦ
3400 2993 3585 3063 σῶμα·

2004 3101 2117 3148 τος·
2155 3084 2254 3138 καὶ
2281 3083 2459 3138 ταῦτα
2495 3086 2676 3141 πάντα
2717 3086 2904 3151 καλῶς
2933 3104 2993 3140 σε
3019 3085 3140 3141 οἶδα
3172 3089 3469 3157 φυλάττειν
3519 3088 3584 3141 ἐκ

2004 3177 2258 3250 νεότητός
2287 3196 2406 3234 σου.
2451 3181 2563 3235 Καὶ
2584 3183 2643 3233 ὲν
2676 3183 2801 3246 ταῖς
2829 3181 3228 3244 ἄποστολικαῖς
3263 3180 3584 3246 Διατάξεσιν

2005 3271 2183 3336 οὓτως
2224 3260 2416 3344 φησίν·
2458 3292 2476 3327 ι
2521 3274 2704 3329 Ἔστω
2737 3278 2764 3329 6
2820 3274 3020 3348 κριτὴς
3050 3275 3586 3347 ἀπροσωπόληπτος,

2005 3455 2214 3511 servari
2268 3466 2321 3510 et
2375 3456 2523 3511 illius
2577 3456 2680 3512 loci
2734 3459 2879 3529 leges
2928 3474 3052 3515 cum
3099 3460 3485 3518 Cantacuzcno
3531 3474 3589 3520 et

2002 3546 2216 3603 Jmnne
2239 3547 2569 3603 Eudzernone
2595 3552 3152 3621 cxaminarijubebo;
3183 3556 3437 3611 s‘militer
3463 3572 3585 3612 cum

2005 3639 2185 3696 Putris
2213 3658 2327 3703 ero,
2361 3656 2485 3695 enm
2531 3638 2752 3696 Lascari
2788 3657 2838 3697 et
2863 3644 3057 3700 eodem
3106 3646 3338 3714 Joanne,
3393 3650 3586 3705 relicto

2004 3732 2388 3786 Cantucuzeno
2429 3731 2483 3786 in
2527 3731 2853 3801 prarl‘ectura
2888 3751 3006 3797 sua,
3056 3743 3113 3790 et
3167 3750 3292 3790 eum
3338 3737 3428 3793 hic
3465 3754 3584 3801 ero,

2008 3839 2181 3882 tecum
2215 3837 2419 3881 etcum
2452 3823 2663 3883 Joanne
2713 3830 2968 3899 aliisque.
3004 3829 3198 3896 Porro,
3251 3832 3295 3886 si
3332 3830 3441 3886 Deo
3476 3834 3588 3902 piae

2005 3922 2205 3987 euenit,
2233 3931 2292 3975 nt
2323 3937 2550 3975 uxorem
2605 3920 2825 3987 ducam,
2859 3938 2956 3993 per
2997 3932 3048 3977 te
3079 3940 3197 3979 eam
3254 3925 3471 3992 ducam,
3522 3941 3586 3981 ac

2009 4017 2305 4086 plurimum
2348 4016 2613 4085 temporis
2679 4015 2770 4071 hic
2810 4016 3221 4082 commorabor,
3252 4027 3307 4072 et
3348 4030 3399 4072 tu
3432 4030 3591 4072 caete-

2009 4109 2085 4163 ris
2119 4109 2348 4178 peritior
2399 4109 2512 4163 eris
2543 4123 2731 4162 earum
2780 4123 2986 4176 rerum,
3041 4098 3315 4179 quibusei
3349 4110 3589 4165 servien-

2007 4198 2141 4254 dum
2173 4198 2299 4252 erit.
2327 4196 2489 4253 Nunc
2515 4198 2580 4252 ad
2610 4199 3002 4254 instituendam
3034 4201 3314 4255 meliorem
3351 4201 3588 4255 aediﬁca-

2008 4292 2213 4346 tionem
2241 4290 2435 4347 Isthmi
2464 4292 2689 4347 discedo
2715 4308 2730 4346 :
2768 4299 2824 4345 tu
2856 4294 2943 4348 hic
2968 4308 3194 4348 manens
3224 4294 3359 4346 bene
3389 4295 3587 4363 guber-

2008 4399 2077 4438 na
2107 4384 2447 4454 provinciam
2481 4370 2649 4452 tuam,
2676 4385 2806 4441 tolle
2845 4385 3076 4457 injurias
3106 4372 3588 4455 dominatnumque

2008 4476 2437 4545 multitudinem,
2479 4493 2545 4532 ac
2573 4478 2681 4544 fac,
2718 4487 2777 4533 ut
2814 4494 2881 4533 ne
2900 4476 3048 4534 aliud
3075 4479 3362 4551 imperium
3391 4488 3587 4550 praeter

312 4574 454 4631 6955
489 4572 702 4646 Sparta:
733 4572 1173 4644 oppidorumque
1237 4570 1484 4627 omnium
1533 4571 1903 4640 adiacentium
1937 4576 1982 4633 ι)
2012 4579 2165 4622 tuum
2211 4571 2488 4636 noverint,
2521 4570 2614 4626 sed
2656 4586 2744 4625 me
2774 4587 2899 4626 esse
2941 4572 3119 4626 solum
3182 4572 3504 4642 principem,
3536 4583 3586 4625 te

314 4670 370 4724 in
402 4670 659 4733 circuitu,
701 4665 755 4721 id
784 4675 888 4733 est,
928 4664 1102 4730 Culae,
1137 4664 1424 4720 Hebraieae
1451 4663 1666 4735 Tripes,
1702 4662 1903 4719 'l‘zera-

244 4790 249 4795 η
315 4762 431 4829 mii,
460 4761 852 4823 Pancotorum,
877 4757 1257 4814 Sclaboehorii
1278 4769 1721 4828 ceterorumque
1748 4759 1904 4812 loco-

315 4871 460 4921 rum,
494 4853 852 4922 omniumque
884 4850 1238 4921 vectigalium
1273 4847 1603 4921 praefectura
1639 4860 1694 4906 et
1722 4850 1903 4927 admi-

312 4945 641 5019 nistratione
662 4944 1055 4999 eohonestatus
1078 4956 1223 4996 sum:
1254 4939 1473 5012 qualem
1522 4942 1904 5012 praefecturam

224 5093 231 5101 ,
313 5044 476 5093 nemo
541 5051 782 5107 unquam
812 5035 953 5091 alius
987 5032 1201 5088 habuit.
1234 5032 1415 5103 Atque
1473 5032 1548 5088 ita
1602 5036 1743 5091 dixit
1770 5037 1903 5092 mihi

312 5130 610 5183 dominus:
651 5145 670 5178 ι
703 5127 938 5195 Propter
971 5124 1215 5179 studiosa
1250 5124 1425 5179 ollicia
1460 5136 1577 5196 tua,
1615 5141 1905 5199 meamque

313 5237 439 5293 erga
470 5231 523 5276 te
552 5221 888 5275 voluntatem
920 5224 976 5287 et
1005 5230 1275 5281 amorem,
1302 5219 1490 5273 ornavi
1536 5230 1587 5276 te
1612 5221 1904 5290 ῃτωίθειυ-

316 5331 373 5368 ra
407 5313 638 5385 Sparue,
686 5325 851 5381 quam
882 5308 1116 5365 similem
1153 5323 1275 5365 esse
1326 5314 1488 5381 cupio
1532 5311 1904 5370 Corinthiacae

314 5417 368 5462 et
400 5404 691 5461 Patrensi:
729 5415 966 5472 quarum
1006 5402 1236 5456 alteram
1290 5400 1534 5461 Joannes
1565 5407 1904 5464 Cantacuzec-

315 5515 442 5565 nus,
495 5499 722 5553 alteram
757 5494 984 5550 Alexius
1018 5494 1272 5553 Lascaris
1303 5497 1489 5554 habet.
1525 5497 1590 5554 Et
1626 5501 1783 5569 scito,
1817 5518 1904 5557 me

313 5591 481 5644 alium
516 5588 825 5641 ministrum
856 5603 961 5642 non
991 5604 1328 5659 creaturum,
1366 5606 1560 5662 praeter
1589 5611 1710 5649 eum
1738 5612 1901 5666 quem

319 5683 520 5747 habeo,
548 5679 817 5737 Joannem
847 5678 1182 5754 Sophianum
1208 5680 1625 5742 Endzemonem.
1654 5686 1773 5743 Non
1806 5707 1903 5744 au-

318 5781 428 5826 t--m
495 5789 713 5845 semper
767 5774 854 5829 hic
903 5790 1019 5841 ero,
1056 5777 1151 5831 sed
1220 5781 1360 5830 obco
1401 5779 1679 5848 regionem
1720 5795 1900 5834 meam

317 5863 507 5921 multis
532 5865 600 5923 de
619 5867 823 5923 causis.
862 5866 1108 5940 Cumque
1131 5866 1383 5923 Corinthi
1426 5884 1544 5935 cro,
1579 5868 1725 5940 leges
1755 5884 1904 5926 ineas

2009 4660 2191 4716 locum
2223 4678 2401 4717 meum
2431 4675 2617 4720 tenere
2649 4678 2972 4736 agnoscant.
3001 4663 3154 4732 Quod
3180 4666 3228 4720 si
3255 4682 3355 4721 nec
3387 4666 3585 4735 injuste

2006 4755 2207 4823 egeris,
2241 4771 2340 4811 nec
2371 4772 2625 4828 personae
2677 4757 2933 4812 habueris
2997 4757 3289 4824 rationem,
3330 4758 3423 4814 sed
3468 4756 3587 4811 dili-

2008 4847 2328 4915 gentissime
2351 4848 2498 4919 leges
2529 4850 2855 4914 servaveris,
2888 4852 3105 4919 praemia
3138 4866 3168 4905 a
3198 4846 3304 4906 Deo
3343 4848 3581 4910 habebis,

2008 4953 2038 4992 a
2074 4940 2352 4996 nobismet
2387 4941 2647 5011 gratiam.
2673 4942 2904 4998 Abstine
2940 4944 3007 4998 ab
3035 4944 3371 5014 accipiendis
3399 4957 3583 4996 mune-

2007 5032 2159 5088 ribus
2180 5033 2283 5088 :th
2303 5050 2411 5103 quo
2437 5034 2722 5088 hominum
2747 5051 2948 5104 genere
2965 5036 3392 5106 Chrysostomus
3415 5034 3544 5089 dicit
3567 5051 3581 5086 :

2014 5142 2033 5174 ι
2062 5123 2207 5195 Ignis
2235 5126 2525 5181 comburct
2576 5128 2774 5183 domos
2807 5138 2861 5182 et
2898 5129 3063 5184 rorda
3098 5144 3287 5183 eorum
3325 5130 3415 5195 qui
3448 5130 3585 5181 dona

2005 5217 2340 5288 accipiunt,s
2371 5229 2686 5290 propterea,
2706 5221 2851 5290 quod
2871 5233 3095 5291 accepta
3113 5220 3254 5275 dona
3278 5230 3584 5292 pervertunt

2001 5309 2272 5380 justitiam
2319 5294 2568 5382 adeoque
2612 5322 2937 5379 excaecant,
2970 5321 3026 5368 ut
3055 5313 3392 5368 condemnes
3420 5311 3581 5367 etiam

2007 5401 2279 5458 insontes.
2313 5402 2580 5459 Praeterea
2616 5405 2702 5459 his
2738 5405 2915 5460 tribus
2945 5407 3242 5461 virtutibus
3300 5405 3582 5476 praeditum

2005 5511 2129 5552 esse
2159 5504 2392 5566 oportet,
2442 5497 2533 5567 qui
2565 5498 2631 5553 de
2694 5500 2893 5569 populo
2955 5497 3173 5555 Domini
3224 5509 3280 5555 et
3332 5502 3585 5555 fratribus

2005 5586 2336 5645 Christianis
2361 5590 2454 5657 jus
2501 5590 2669 5644 dicit:
2707 5590 2811 5645 lide
2846 5600 2993 5645 recta
3040 5600 3170 5659 erga
3226 5602 3373 5653 eum,
3413 5604 3441 5643 a
3479 5604 3585 5657 quo

2005 5683 2323 5750 digmtatem
2348 5694 2431 5737 est
2457 5694 2828 5739 consecutus:
2864 5685 3096 5738 veritate
3125 5684 3261 5747 oris,
3294 5695 3348 5737 et
3381 5695 3581 5755 tempe-

2008 5775 2183 5827 t‘atttia
2218 5777 2503 5841 corporis;
2569 5792 2691 5846 qua:
2725 5780 2907 5830 omnia
2973 5776 3233 5845 praeclare
3260 5784 3313 5830 te
3338 5776 3463 5831 inde
3518 5776 3582 5829 ab
3636 5780 3665 5797 ’

2006 5868 2374 5924 aduiCSCl‘lliia
2409 5884 2631 5926 servare
2661 5869 2810 5927 novi.
2845 5870 2991 5926 idem
3027 5869 3082 5924 in
3111 5868 3425 5939 apostolicis
3452 5882 3584 5924 ron-
