3964 6462
275 364 381 429 805
464 434 471 441 _

1331 362 1776 425 CHRONICON
1820 362 2189 427 MAJUS.’—
2216 364 2369 426 LlB.
2412 365 2496 425 II.

3429 367 3535 430 806

278 478 417 549 μήτε
444 475 707 530 πλούσιον
742 463 1142 546 ἐντρεπόμενος
1176 474 1208 546 ἢ
1238 477 1557 530 κολακεύων
1587 476 1741 546 παρὰ
1792 477 1854 530 τδ
1884 485 1929 542 Δ
1958 476 2277 532 τινοῦπολιν
2313 477 2457 549 ὑπὲρ
2486 477 2700 531 πολλῶν
2735 493 2903 531 τινων
2934 476 3248 531 ὑποθέσεων
3279 475 3376 530 καὶ
3407 479 3538 550 περὶ

273 567 574 642 προσῆκον,
615 567 754 639 μήτε
785 556 1035 631 πενήτων
1071 567 1389 638 φειδόμενος
1407 582 1422 599 ο
1442 569 1516 621 Οὐ
1541 567 1690 642 λήψῃ
1715 566 1848 636 γὰρ,

278 662 437 731 φησὶ,
466 663 764 731 πρόσωπον
797 659 1090 723 δυνάστου,
1117 661 1211 713 καὶ
1249 660 1456 729 πένητα
1483 659 1584 713 οὐκ
1614 661 1848 731 ἐλεήσῃς

276 756 335 808 ὲν
364 753 682 824 κρίσεινὸτι
708 753 806 807 τοῦ
825 752 962 806 Θεοῦ
995 755 1027 823 ὴ
1065 753 1273 823 κρίσις.
1293 753 1512 815 Δίκαιος
1542 754 1604 805 τὸ
1633 753 1848 806 δίκαιον

273 844 548 910 ὄιὼξεται,
584 846 682 899 καὶ
704 847 805 899 οὐκ
835 846 1027 914 άρέσει
1062 846 1138 915 τῷ
1168 845 1363 916 δικαίῳ
1394 847 1585 900 ἄδικόν
1621 862 1779 899 ποτε.
1819 862 1836 894 ι

279 940 677 1009 Προσκυνήσας
733 938 828 992 οὖν
886 938 999 1007 ἐγὼ
1031 940 1197 993 αὐτὸν
1254 940 1353 993 καὶ
1410 939 1848 1009 εὐχαριστήσας,

275 1028 521 1098 ἀπῆλθεν
546 1031 629 1093 el;
665 1030 760 1084 τὸν
799 1030 1016 1101 Ἰσθμὸν
1057 1033 1123 1102 τῇ
1159 1037 1246 1094 κη’
1277 1031 1372 1085 τοῦ
1408 1032 1574 1086 αὑτοῦ
1602 1033 1853 1104 Σεπτεμ-

276 1121 457 1193 ὁρίου.

348 1216 437 1286 Τῷ
464 1216 523 1270 δὲ
555 1217 879 1287 Ὀκτωϐρεῳ
904 1218 1036 1288 μηνὶ
1071 1218 1167 1272 τοῦ
1220 1218 1387 1273 αὐτοῦ
1412 1217 1568 1282 ἔτους
1621 1217 1850 1287 ἐξῆλθεν

278 1308 386 1362 ἀπὸ
414 1308 511 1378 τῆς
548 1308 886 1377 Γλαρέντζας
925 1310 958 1378 ἡ
1008 1309 1174 1379 κυρία
1227 1309 1443 1379 Ἑλένη,
1476 1308 1729 1377 θυγάτηρ
1755 1307 1849 1362 τοῦ

266 1398 386 1472 ’κὺρ
416 1400 591 1471 Θωμᾶ
619 1399 714 1452 τοῦ
738 1399 1029 1462 δεσπότου.
1062 1401 1148 1453 ἵνα
1196 1400 1412 1471 ἀπέλθῃ
1443 1401 1526 1463 εἰς
1583 1400 1683 1470 τὴν
1712 1399 1850 1468 Σερ-

275 1493 401 1558 ϐίοιν
424 1493 517 1547 καὶ
559 1489 814 1561 Λάζαρον
843 1491 937 1547 τὸν
974 1493 1093 1545 υῑδν
1123 1493 1229 1564 κὺρ
1260 1492 1299 1544 Γ
1303 1492 1538 1561 εωργίου
1583 1491 1851 1544 δεσπότου

278 1585 452 1656 ἄνδρα
490 1583 656 1656 λάϐῃ,
690 1585 831 1654 ὅπερ
855 1584 953 1637 καὶ
983 1585 1239 1653 ἐγένετο·
1278 1586 1374 1638 καὶ
1423 1584 1511 1637 διὰ
1552 1583 1712 1637 τοῦτο
1757 1581 1855 1635 καὶ

276 1674 552 1746 δεσπότην
578 1675 674 1729 καὶ
710 1674 875 1728 αὑτὸν
909 1674 975 1745 δὴ
1005 1675 1098 1727 τὸν
1127 1676 1381 1746 Λάζαρον
1411 1677 1440 1728 ὁ
1463 1674 1721 1745 βασιλεὺς
1743 1675 1852 1744 κὺρ

286 1767 546 1837 Ἰωάννης
580 1766 771 1820 ἕνεκεν
795 1766 890 1819 τοῦ
925 1765 1391 1838 φιλανθρωπηνοῦ
1425 1766 1705 1838 Γεωργιου
1759 1783 1854 1820 τε-

271 1862 498 1935 τίμηκε.
537 1862 616 1935 Τῇ
649 1863 705 1918 δὲ
739 1864 825 1928 κζ’
860 1862 955 1918 τοῦ
990 1861 1309 1934 Νοεμϐρίου
1340 1863 1513 1932 μηνὸς
1541 1862 1637 1917 τοῦ
1675 1860 1850 1916 αὐτοῦ

1958 571 2060 639 τῆς
2091 570 2516 641 Τραπεζοῦντος
2554 571 2648 624 καὶ
2689 570 2791 641 τῆς
2819 570 3051 634 Γοτθίας
3091 574 3187 624 καὶ
3216 570 3346 642 περί
3386 588 3537 632 τινος

1959 663 2309 717 συνοικεσξου
2343 662 2431 718 διὰ
2452 662 2545 717 τδν
2576 664 2840 733 αὐθέντην
2878 681 3005 734 μου,
3040 666 3162 716 ἐπεὶ
3195 664 3291 717 ἀπ’
3349 665 3532 718 ἐκεῖσε

1953 756 2358 827 προεσύντυχον
2382 774 2395 789 ’
2432 756 2558 809 ἔνθα
2591 755 2688 809 καὶ
2725 756 3126 825 ἱεροςιονάχους
3161 757 3257 810 καὶ
3306 759 3370 810 ἐκ
3421 758 3533 808 τῶν

1952 848 2262 917 ἀνθρώπων
2327 868 2428 911 μου
2479 850 2700 903 ἔστειλα
2762 850 2820 901 ὲν
2867 850 3100 911 ἐκείνοις
3140 852 3257 902 τοῖς
3313 851 3534 920 μέρεσι,

1956 941 2250 1011 ἐξαιρέτως
2289 941 2346 993 δὲ
2383 942 2477 995 καὶ
2528 941 2621 994 τὸν
2670 939 3038 1008 ἱερομόναχον
3102 939 3378 1003 Ἰσίδωρον
3442 940 3535 990 τὸν

1954 1033 2051 1088 καὶ
2085 1031 2318 1101 ὕστερον
2349 1030 2776 1102 χρηματίσαντα
2809 1030 3231 1100 μητροπολιτην
3267 1029 3534 1098 Ἀθηνῶν,

1957 1122 2078 1193 μεθ’
2106 1116 2185 1176 ὧν
2244 1124 2484 1192 ἔγραψα.
2543 1124 2657 1176 Καὶ
2712 1123 3124 1193 προσμένοντός
3166 1139 3272 1191 μου
3304 1124 3418 1174 ἐκεῖ
3458 1122 3535 1190 τῷ

1966 1213 2174 1285 Ἰουλίῳ
2205 1213 2450 1284 μηνὶ-τοῦ
2480 1212 2675 1281 ,ςῇνξ
2698 1214 2849 1277 ἔτους
2882 1215 3164 1277 ἀπέθανεν
3196 1213 3301 1265 ὑπὸ
3329 1212 3537 1280 λοιμώ-

1955 1309 2079 1370 δους
2139 1307 2447 1376 νοσήματος
2485 1308 2512 1359 ὁ
2541 1306 2815 1378 δεσπϐτης
2852 1309 2959 1377 κὺρ
2995 1307 3276 1376 Θεόδωρος
3333 1308 3393 1359 ὲν
3457 1308 3523 1375 τῇ

1956 1395 2303 1467 Σηλυμόρίᾳ,
2331 1399 2427 1448 καὶ
2467 1397 2802 1473 κομίσαντες
2856 1400 2916 1452 τὸ
2944 1399 3205 1469 λείψανον
3250 1398 3419 1452 αὑτοῦ
3475 1402 3535 1451 ἐν

1956 1492 2023 1561 τῇ
2066 1489 2218 1542 πόλει
2251 1487 2463 1559 ἔθαψαν
2489 1489 2655 1543 αὐτὸν
2691 1494 2749 1543 ὲν
2804 1494 2870 1561 τῇ
2924 1491 3019 1546 τοῦ
3082 1495 3536 1563 Παντοκράτορος

1961 1584 2122 1653 μονῇ.
2152 1583 2262 1637 Καὶ
2292 1585 2357 1653 τῇ
2396 1580 2456 1634 ιε’
2495 1582 2589 1635 τοῦ
2643 1583 2962 1651 Αὐγούστου
3022 1586 3194 1654 μηνὸς
3236 1584 3330 1638 τοῦ
3367 1585 3535 1638 αὑτοῦ

1957 1674 2108 1737 ἔτους
2135 1674 2373 1729 ἀπέθανέ
2423 1692 2514 1746 μοι
2565 1677 2592 1729 ὁ
2620 1676 2736 1740 υἱὸς
2781 1674 3047 1742 Ἀλέξιος,
3086 1678 3262 1741 ζήσας
3311 1678 3537 1748 χρόνους

1957 1774 2000 1821 s'
2032 1768 2126 1820 καὶ
2152 1767 2539 1836 μῆναςένδεκα
2560 1783 2576 1800 ⁸
2611 1763 2672 1822 οὗ
2698 1771 2726 1821 ὁ
2753 1767 2986 1832 θάνατος
3028 1769 3234 1839 σφόδρα
3266 1766 3371 1837 μοῦ
3406 1771 3535 1822 καθ-

1959 1859 2158 1931 ήψατο,
2184 1861 2290 1913 οὐκ
2330 1859 2538 1923 εἰδότος
2566 1877 2670 1931 μου
2695 1859 2807 1931 τοῖαι
2831 1860 3024 1913 ἀθλίου
3057 1860 3125 1931 τά
3155 1861 3423 1928 μέλλοντά
3444 1875 3537 1928 μοι

273 1955 430 2020 ἔτους
458 1952 625 2027 ἦλθεν
650 1957 679 2010 ὁ
703 1957 927 2027 ἀμηρᾶς
965 1957 1110 2009 κατὰ
1143 1953 1238 2009 τοῦ
1266 1954 1491 2026 ’ἰσθμοῦ
1521 1954 1643 2027 ἦτοι
1693 1954 1857 2022 Ἐξαο
1890 1966 1936 2022 Β
1963 1946 2240 2017 συμσῆναι
2278 1947 2660 2019 λυπηρότερά.
2700 1950 2809 2002 Καὶ
2840 1952 2909 2019 τῇ
2938 1949 3022 2003 λα’
3060 1950 3154 2003 τοῦ
3200 1950 3540 2019 Ὀκτωόριου

276 2049 458 2119 μιλίου
480 2064 495 2080 ο
548 2048 645 2103 καὶ
670 2053 738 2121 τῇ
766 2049 968 2120 δεκάτῃ
1001 2049 1097 2102 τοῦ
1125 2047 1468 2117 Δεκεμϐρίου
1506 2047 1679 2118 μηνὸς
1707 2065 1854 2120 παρ·

269 2141 468 2207 ἐλαϐεν
496 2138 663 2194 αὗτδν
690 2142 786 2194 καὶ
818 2140 1120 2211 ἐπόρθησε.
1152 2140 1314 2210 203
1346 2140 1456 2193 Καὶ
1479 2140 1738 2194 ἀπελθὼν
1768 2142 1853 2205 εἰς

273 2231 500 2300 Πάτραν
528 2231 627 2301 τὴν
652 2230 877 2300 Πάτρας
908 2230 1067 2285 πόλιν
1102 2232 1273 2303 μόνην
1296 2230 1579 2302 παρέλαϐε
1610 2231 1709 2287 καὶ
1731 2230 1852 2286 ἐνέ-

265 2338 451 2393 πρητε
477 2322 572 2374 καὶ
606 2321 864 2392 ἠφάνισε.
922 2320 1031 2375 Καὶ
1078 2320 1158 2392 τῷ
1207 2321 1511 2392 Αὐγούστῳ
1573 2321 1709 2393 μηνὶ
1755 2320 1851 2375 τοῦ

265 2412 437 2467 αὐτοῦ
467 2411 625 2478 ἔτους
654 2414 893 2486 ἐστάλην
921 2413 1089 2470 πάλιν
1133 2412 1249 2483 ἐγὼ
1294 2414 1377 2479 εις
1419 2414 1521 2486 τὴν
1554 2415 1854 2469 Κωνσταν·

259 2616 645 2674 stitutionibus
677 2615 750 2672 ita
778 2616 945 2673 dicit:
982 2635 1002 2671 ι
1050 2617 1261 2675 Habeto
1297 2618 1463 2690 judex
1492 2634 1850 2691 personarum

265 2708 481 2765 nullam
512 2708 802 2775 rationem,
823 2724 959 2766 neve
985 2718 1080 2765 aut
1106 2710 1263 2765 diviti
1289 2711 1567 2783 indulgeat
1592 2711 1845 2768 blandia-

264 2811 490 2871 turque,
526 2810 621 2855 aut
649 2811 835 2868 parcat
860 2797 1227 2871 pauperi.Non
1264 2802 1525 2873 respicies
1551 2803 1721 2870 enim,
1764 2802 1846 2857 in-

266 2896 412 2967 quit,
438 2909 724 2965 personam
749 2896 1007 2965 potentis,
1032 2912 1133 2952 nec
1155 2910 1451 2967 pauperum
1474 2894 1847 2959 misereberis,

265 2987 530 3058 quoniam
552 2995 636 3043 est
649 2985 912 3055 judicium
934 2987 1050 3044 Dei.
1068 2987 1253 3046 Justus
1278 2999 1540 3060 sequetur
1555 2988 1846 3058 justitiam,

1961 2039 2131 2112 μηνὸς
2161 2038 2256 2093 τοῦ
2299 2040 2481 2113 ⁴ςῖἢνζσ
2503 2040 2658 2106 ἔτους
2692 2041 2939 2096 ἀπέθανε
2965 2043 3061 2096 καὶ
3087 2045 3115 2096 ὁ
3147 2042 3406 2113 βασιλεὺς
3429 2044 3540 2110 κίιρ

1969 2134 2257 2205 Ἰωάννης,
2304 2134 2442 2187 ἐτῶν
2500 2134 2765 2205 ὑπάρχων
2821 2120 2909 2200 νξ
2968 2136 3061 2187 καὶ
3114 2135 3303 2204 μηνῶν
3354 2139 3386 2187 ι’
3442 2134 3538 2186 καὶ

1958 2227 2185 2299 ἡμερῶν
2219 2225 2302 2291 ιε’,
2356 2227 2453 2281 καὶ
2508 2227 2684 2297 ἐτάφη
2742 2230 2809 2297 τῇ
2864 2227 3056 2300 πρώτῃ
3115 2225 3433 2296 Νοεμϐρίου
3479 2228 3537 2278 ἐν

1956 2321 2026 2391 τῇ
2096 2320 2233 2389 μονῇ
2312 2318 2409 2372 τοῦ
2486 2320 2969 2390 Παντοκράτορος,
3039 2318 3537 2390 αὑτοκρατορήσας

1953 2411 2053 2484 ἐτη
2091 2411 2269 2465 εἴκοσι
2299 2411 2452 2482 τρία,
2487 2411 2666 2483 μῆνας
2694 2413 2845 2480 τρεῖς
2881 2411 2975 2465 καὶ
3017 2410 3229 2482 ἡμέρας
3273 2408 3428 2465 δέκα.

1962 2618 2143 2691 gotiis,
2175 2621 2341 2677 etiam
2373 2618 2441 2674 de
2465 2619 2813 2688 Trapezunte
2842 2626 2896 2671 et
2931 2614 3170 2677 Gottliia.
3209 2625 3264 2670 et
3294 2616 3361 2671 de
3392 2633 3537 2687 qun-

1951 2713 2078 2767 dam
2114 2713 2371 2784 conjugio
2399 2711 2610 2767 dumini
2652 2711 2760 2767 mei
2801 2719 3010 2770 actum,
3046 2708 3199 2764 illine
3234 2719 3361 2765 ante
3410 2724 3543 2764 con-

1953 2804 2192 2861 ditiones
2228 2806 2478 2876 agitans:
2507 2803 2651 2858 unde
2674 2802 3160 2863 hieronionachos,
3180 2814 3233 2857 et
3272 2804 3537 2872 quosdam

1952 2898 2019 2953 de
2059 2897 2193 2952 meis
2221 2896 2570 2963 domesticis,
2590 2898 2646 2950 in
2680 2895 2871 2965 primis
2898 2895 3166 2949 lsidorum
3197 2895 3545 2948 hieromona-

1955 2992 2144 3057 chum,
2186 2990 2280 3059 qui
2313 3000 2499 3060 postea
2531 2990 2873 3042 Athenarum
2932 2987 3280 3055 metropolita
3336 2987 3456 3046 luit.
3486 2987 3543 3040 in

266 3093 378 3135 nec
404 3078 640 3149 placebit
693 3079 771 3134 illi
806 3095 1043 3151 unquam
1077 3081 1367 3152 injustitia.
1412 3101 1431 3135 ι
1490 3080 1692 3135 Deinde
1721 3095 1843 3135 cum
1877 3111 1923 3168 ι)
1955 3082 2089 3137 istas
2116 3083 2370 3152 regiones
2398 3097 2522 3135 eum
2550 3080 2747 3134 litteris
2775 3078 2979 3137 dimisi.
3011 3079 3086 3133 lbi
3108 3094 3231 3131 cum
3260 3080 3538 3147 degerem,

264 3168 557 3225 osculatus
588 3185 713 3224 eum
738 3185 914 3226 essem
950 3171 1299 3251 egissemque
1325 3173 1553 3243 gratias,
1586 3172 1671 3227 die
1702 3172 1846 3243 ejus-

258 3261 393 3318 dem
436 3259 776 3331 Septembris
805 3263 875 3319 28
905 3267 960 3320 in
986 3262 1246 3321 Isthmum
1280 3266 1433 3321 abiit.

339 3351 529 3407 Mense
593 3361 774 3409 autem
812 3353 1032 3412 Octobri
1093 3359 1338 3426 ejusdem
1371 3358 1501 3413 anni
1553 3358 1847 3417 Glarentza

255 3444 524 3500 discessit
564 3443 766 3501 llelena
794 3449 1038 3514 domina,
1071 3450 1297 3504 Tliomaa
1330 3450 1574 3522 despotte
1631 3452 1761 3519 ﬁlia,
1789 3461 1849 3507 ut

254 3536 320 3592 in
360 3535 607 3591 Serviam
650 3535 1093 3607 proficisceretur
1121 3548 1174 3595 et
1219 3539 1452 3608 Lazaro,
1488 3541 1598 3596 lilio
1626 3541 1849 3614 Georgii

256 3617 533 3699 deSpotle,
578 3629 828 3693 nuberet,
876 3616 935 3683 υἱ
984 3631 1147 3685 etiam
1180 3632 1384 3701 nupsit.
1421 3633 1601 3700 Quare
1658 3645 1712 3690 et
1758 3637 1854 3692 de-

252 3727 483 3793 spotain
511 3727 566 3773 et
593 3717 768 3788 ipsum
801 3718 1069 3774 Lazarum
1101 3721 1401 3791 imperatur
1428 3722 1672 3780 Joannes
1725 3742 1853 3796 pro-

246 3823 388 3885 pter
419 3810 717 3882 Georgium
745 3811 1273 3883 Pltilantbropenum
1303 3813 1617 3870 honoravit.
1643 3815 1851 3872 Vicesi-

176 3893 201 3917 ί
247 3921 354 3962 mo
391 3905 629 3975 septimo
657 3905 748 3961 die
775 3907 979 3962 mensis
1049 3905 1379 3962 Novembris
1410 3909 1658 3979 ejusdem
1716 3908 1848 3965 anni

243 4011 490 4053 ameras
518 3994 786 4052 Isthmum
810 3998 927 4053 sive
949 3997 1323 4054 llexamilium
1356 4012 1730 4072 oppugnatum
1760 4017 1856 4056 ve-

239 4089 363 4156 nit,
441 4088 691 4159 cepitque
727 4102 853 4144 eum
904 4088 1216 4161 delevitque
1242 4091 1462 4147 decimo
1515 4090 1854 4149 Decembris.

1952 3187 2139 3228 mense
2175 3171 2326 3226 Julio
2357 3172 2485 3226 anni
2547 3171 2687 3227 6956
2726 3170 3055 3225 Theodorus
3091 3169 3352 3224 dominus
3388 3180 3540 3238 peste

1952 3274 2316 3335 consumptus
2347 3274 2431 3318 est
2463 3262 2785 3331 Selymbrize
2813 3280 2827 3317 :
2851 3262 3012 3332 cujus
3039 3278 3241 3332 corpus
3262 3258 3314 3316 in
3348 3261 3541 3316 urbem

1951 3358 2283 3413 translatum
2307 3366 2362 3412 et
2386 3358 2438 3410 in
2466 3361 2804 3411 monasterio
2826 3355 3237 3410 Pantucratoris
3262 3357 3542 3423 sepultum

1952 3458 2056 3506 est.
2099 3449 2325 3505 Decimo
2376 3449 2571 3520 quinto
2607 3450 2696 3504 die
2728 3450 2957 3519 Augusti
3010 3450 3217 3503 mensis
3285 3448 3540 3515 ejusdem

1953 3541 2083 3597 anni
2122 3551 2376 3597 mortuus
2398 3551 2484 3596 est
2504 3541 2640 3595 mihi
2667 3540 2898 3595 Aiexius
2937 3539 3104 3606 (ilius,
3134 3526 3259 3593 cum
3310 3540 3544 3594 vixisset

1956 3648 2134 3688 annos
2167 3634 2414 3704 quinque
2454 3642 2510 3687 et
2548 3647 2764 3688 menses
2798 3632 3087 3686 undecim:
3152 3631 3310 3697 rnjus
3358 3632 3549 3685 obitus

1958 3725 2311 3781 vehementer
2347 3737 2432 3778 me
2471 3722 2926 3791 amixit,quando
2975 3723 3142 3777 miser
3209 3721 3544 3786 nesciebam,

1956 3833 2078 3889 qua:
2100 3817 2234 3870 mihi
2264 3816 2545 3871 acerbiora
2566 3824 2829 3870 eventura
2859 3825 3066 3871 essent.
3096 3813 3399 3868 Tricesinio
3432 3815 3546 3882 pri-

1958 3924 2050 3964 mo
2084 3907 2173 3963 die
2213 3906 2471 3963 Octobris
2523 3908 2653 3961 anni
2690 3906 2831 3961 6957
2867 3909 3032 3961 etiam
3087 3906 3390 3975 imperator
3451 3905 3549 3960 Jo-

1962 4016 2136 4058 annes
2167 4001 2315 4058 diem
2378 3999 2535 4069 obiit,
2588 4014 2765 4054 annos
2820 4008 2983 4055 natus
3027 4013 3124 4055 sex
3171 4008 3227 4053 et
3268 3997 3546 4067 quinqua-

1965 4092 2138 4164 ginta,
2179 4104 2397 4145 menses
2442 4090 2656 4155 decem,
2693 4089 2814 4144 dies
2875 4087 3209 4159 quindecim,
3255 4083 3552 4153 primoque

239 4177 476 4235 Deinde
513 4176 730 4234 Patram
758 4179 1062 4252 profectus.
1094 4197 1216 4239 eam
1249 4183 1423 4239 solam
1455 4183 1648 4240 urbem
1675 4184 1849 4256 cepit,
1962 4183 2288 4240 Novembris
2319 4182 2410 4238 die
2434 4181 2491 4238 in
2528 4181 2862 4239 monasterio
2924 4178 3335 4236 Pantocratoris
3366 4175 3550 4247 sepul-

235 4269 577 4325 combussit
607 4280 662 4326 et
681 4275 901 4329 evertit.
937 4276 1184 4345 Augusto
1212 4290 1401 4332 mense
1447 4275 1690 4344 ejusdem
1722 4275 1858 4330 anni
1968 4285 2057 4334 tus
2093 4284 2201 4342 est,
2232 4292 2402 4348 regno
2456 4277 2662 4346 potitus
2692 4291 2870 4334 annos
2900 4274 3098 4347 viginti
3154 4281 3289 4341 tres,
3328 4284 3557 4326 menses

232 4378 361 4435 ego
430 4378 624 4421 rursus
655 4363 871 4436 Cpoiim
901 4373 1105 4426 missus
1144 4383 1266 4425 sum
1324 4368 1512 4426 multis
1544 4383 1714 4441 super
1756 4384 1862 4426 ne-
1970 4381 2105 4440 tres,
2128 4370 2249 4428 dies
2287 4369 2498 4427 decem.
