3964 6428
306 364 417 427 80')

1195 329 1202 338 ’
1304 357 1742 421 CHRONICON
1787 351 2052 414 MAJUS.
2093 375 2158 386 —-
2192 351 2336 413 LIB.
2374 349 2489 410 IlI.

3446 340 3554 405 810

312 495 475 551 ρεων,
507 477 604 533 καὶ
655 477 812 548 παρά
861 475 1085 530 πάντων
1128 475 1411 536 ἀσπασίως
1467 472 1660 542 ἐδέχθη
1697 470 1726 521 ὁ
1761 470 1878 530 νέος
1903 465 1956 527 Α
1982 485 2090 520 των
2124 463 2430 536 ἐδέχθημεν
2470 467 2610 534 μετὰ
2645 465 2844 534 χαρᾶς,
2898 463 2992 516 καὶ
3041 459 3392 531 κρουομένων
3447 459 3558 512 τῶν

310 569 448 635 ἄναξ
471 569 610 640 μετά
635 571 828 640 χαρᾶς,
848 569 1225 640 ἐμπλησμένοι
1248 569 1488 625 ἅπαντες
1505 563 1898 632 ἀγαλλιάσεως.

315 660 411 713 καὶ
447 659 814 730 εὐφροσύνης,
848 661 940 712 καὶ
973 659 1278 729 θριάμϐους
1303 655 1573 726 μεγάλους
1625 653 1892 718 ποιήσαν-

313 751 515 815 τες,ὼς
535 752 657 813 ἔθος
683 752 832 804 ἐστὶν
858 752 972 812 τοῖς
999 749 1196 803 νεωστὶ
1217 748 1573 816 ἐστεμμένοις
1608 740 1888 813 βασιλεῦσι

322 845 524 897 ποιεῖν.
549 841 706 895 Μετὰ
747 841 804 894 δέ
851 858 1005 904 τινας
1037 840 1253 910 ἡμέρας
1288 839 1382 892 τὸν
1409 835 1748 900 αὐτάδελφον
1790 831 1892 884 αὑ-

317 935 412 988 τοῦ
443 937 538 988 τὸν
562 937 670 1004 κὺρ
704 935 910 1002 Θωμᾶν
927 933 1020 987 τὸν
1043 930 1476 986 αὑθεντόπουλον
1503 930 1583 990 είς
1609 927 1670 979 τὸ
1693 925 1892 977 δεσπο-

319 1029 473 1080 τικδν
503 1026 724 1096 ἀξίωμα
754 1026 1078 1080 ἀνεϐίϐασε.
1119 1025 1230 1077 Kal
1248 1021 1326 1092 τῷ
1362 1021 1511 1089 αὐτῷ
1539 1020 1647 1072 ἔτει
1672 1021 1731 1072 ἐν
1758 1013 1892 1086 μηνὶ

321 1104 620 1189 Αὐγούστῳ
650 1118 884 1186 ἐξελθὼν
914 1119 1014 1184 τῆς
1047 1115 1254 1179 πόλεως
1272 1115 1301 1168 ὁ
1329 1111 1670 1185 προρῤηθεὶς
1695 1108 1894 1162 δεσπό-

323 1212 424 1280 της
460 1212 566 1280 κὺρ
597 1209 803 1278 θωμᾶς
834 1209 1083 1276 ἀπῆλθεν
1123 1208 1202 1266 είς
1246 1205 1682 1272 Πελοπόννησον.
1721 1200 1801 1270 Τῇ
1832 1197 1893 1251 δὲ

328 1301 522 1372 πρώτῃ
546 1300 926 1371 Σεπτεμϐρίου
954 1299 1051 1354 τοῦ
1080 1297 1262 1366 ’ςῇνέ
1293 1297 1450 1360 ἔτους
1489 1293 1686 1364 ἐξῆλθε
1721 1291 1817 1344 καὶ
1869 1291 1899 1343 ὁ

331 1391 606 1460 δεσπότης
653 1395 682 1445 ό
739 1391 1261 1464 πορφυρογέννητος
1294 1391 1402 1460 κὺρ
1425 1389 1760 1458 Δημήτριος,
1793 1381 1892 1435 καὶ

328 1483 540 1553 ἀπῆλθε
565 1485 822 1547 κάκεῖνος
851 1487 933 1547 είς
979 1481 1412 1553 Πελοπόννησον,
1455 1480 1552 1534 καὶ
1593 1476 1898 1547 συμϐάσεις

333 1575 455 1646 μεθ’
483 1576 664 1645 ὅρκων
692 1575 946 1646 φρικτῶν
982 1574 1091 1648 πρὸ
1134 1573 1230 1628 τοῦ
1263 1571 1505 1638 ἐξελθεῖν
1543 1571 1746 1634 αὐτοὺς
1797 1571 1899 1639 τῆς

333 1667 546 1731 πόλεως
577 1669 813 1720 ἐνώπιον
839 1666 942 1737 τῆς
973 1667 1170 1736 κυρίας
1192 1665 1403 1735 μητρὸς
1433 1663 1618 1718 αὐτῶν
1671 1663 1769 1716 καὶ
1795 1660 1896 1731 βα-

329 1759 584 1828 σιλίσσης
619 1765 714 1812 καὶ
763 1761 856 1812 τοῦ
909 1759 1317 1826 αὐτοκράτορος
1363 1756 1458 1809 καὶ
1509 1753 1739 1821 ἀδελφοῦ
1801 1753 1899 1806 καὶ

331 1856 552 1906 πάντων
592 1849 702 1906 τῶν
754 1853 854 1920 τῆς
913 1851 1226 1920 συγκλήτου
1284 1848 1560 1920 ἐγκρίτων
1619 1846 1898 1917 ἀρχόντων

333 1947 687 2015 ποιήσαντες,
723 1943 811 1996 ἵνα
844 1942 1034 2012 μηδεὶς
1059 1940 1155 1994 τοῦ
1187 1939 1380 2010 ἐτέρου
1408 1939 1538 2001 τοὺς
1569 1938 1769 2002 τόπους
1801 1937 1901 1991 καὶ

333 2041 460 2108 ὅρια
488 2037 783 2108 ὑπερπηδᾷ
800 2036 893 2089 καὶ
919 2035 1167 2106 ἁρπάζῃ,
1199 2031 1316 2087 ἀλλ’
1344 2031 1895 2103 εἰρηνικῶςδιάγειν.

336 2126 496 2186 υῦτοι
527 2131 582 2184 δέ
616 2131 756 2200 μετά
805 2129 980 2181 ταῦτα
1019 2126 1094 2197 μὴ
1150 2125 1496 2195 τηρήσαντες
1548 2125 1672 2188 τοὺς
1704 2122 1904 2194 ὅρκους

335 2225 432 2276 καὶ
484 2223 584 2286 τὰς
639 2221 920 2292 συνθήκας
971 2219 1271 2290 ἠθέτησαν.
1337 2218 1439 2269 Διά
1489 2213 1650 2268 τοῦτο
1704 2216 1762 2268 ἐν
1805 2215 1904 2267 ὑσ-

339 2317 540 2383 τέροις,
600 2314 674 2378 ὡς
740 2313 916 2382 ἐφάνη
975 2312 1072 2366 xal
1128 2305 1271 2364 εἶδον
1325 2306 1505 2373 κάγὼ,
1559 2309 1746 2368 κακῶς
1772 2305 1909 2361 ἀπέ-

337 2409 504 2461 λαϐον
554 2411 652 2460 καὶ
711 2406 851 2476 πρὸς
912 2403 1177 2470 ἀλλήλους
1226 2401 1574 2469 διετέθησαν,
1616 2400 1690 2462 ὡς
1716 2399 1906 2469 πρόσω

337 2503 668 2570 διηγήσομαι
723 2497 793 2551 τὰ
869 2493 1434 2566 παρακολουθήσαντα
1460 2491 1775 2560 ἀναμεταξὺ
1806 2491 1906 2544 αὐ-

336 2611 446 2648 των
454 2632 467 2647 ι

409 2687 490 2753 Τῇ
519 2684 577 2737 δέ
605 2683 847 2753 τετάρτῃ
883 2679 978 2733 τοῦ
1011 2677 1352 2748 Ὀκτωϐρίου
1386 2675 1560 2746 μηνὸς
1590 2673 1685 2728 τοῦ
1735 2672 1904 2727 αὐτοῦ

342 2777 498 2839 ἔτους
527 2775 764 2843 ἐστάλην
793 2772 904 2839 ἐγὼ
929 2772 1084 2839 παρά
1121 2771 1217 2822 τοῦ
1253 2767 1515 2821 αὑθέντου
1553 2784 1652 2836 μου
1689 2766 1783 2819 καὶ
1815 2765 1911 2836 βα-

345 2871 543 2928 σιλέως
576 2865 714 2934 πρὸς
746 2865 838 2916 τὸν
889 2861 1049 2932 207
1077 2859 1176 2927 τῆς
1215 2858 1459 2928 Ἰϐηρίας
1493 2855 1684 2927 κύριον
1727 2857 1910 2925 Γεὼρ-

345 2979 468 3029 γιον
499 2959 710 3021 Μέπεν,
739 2955 799 3020 ὃς
834 2954 964 3024 παρ’
1001 2954 1134 3022 ἡμῖν
1183 2950 1287 3022 ρὴξ
1333 2949 1575 3029 λέγεται,
1625 2949 1724 3002 καὶ
1771 2949 1910 3020 πρὸς

346 3027 437 3106 τὸν
473 3049 699 3120 βασιλέα
727 3045 1148 3118 Τραπεζοῦντος
1179 3043 1288 3113 κὺρ
1333 3027 1586 3110 Ἰωάννην
1625 3039 1722 3095 τὸν
1751 3040 1909 3105 Κομ-

1992 558 2276 628 μουσικῶν
2343 557 2505 610 εἱδῶν
2544 558 2640 610 καὶ
2687 556 2942 625 ὁργάνων
2986 553 3196 617 πάντες
3243 554 3294 606 οἱ
3346 551 3559 605 ἐκεῖθεν

1987 652 2216 723 ἔτρεχον
2253 653 2383 706 ἰδεῖν
2404 653 2498 704 καὶ
2517 649 2855 720 ἐθαύμαζον,
2885 649 3144 717 λέγοντες
3173 648 3254 701 ὅτι
3283 645 3558 715 ἠκούομεν

1990 743 2122 812 περὶ
2152 742 2383 807 τούτων,
2416 741 2534 795 ἀλλ’
2559 741 2839 810 αἰσθητῶς
2869 739 2944 801 ὡς
2974 741 3043 793 τὰ
3075 739 3171 791 νῦν
3212 737 3312 789 οὐκ
3343 736 3560 805 εἴδομεν

1987 832 2112 887 οὔτε
2146 831 2486 902 ἠκούσαμεν.
2517 832 2651 901 Ούχὶ
2687 830 2853 899 μόνον
2901 827 3010 881 ἀπὸ
3040 827 3143 895 τῆς
3183 823 3426 893 Ἰϐηρίας
3459 822 3560 874 πό-

1991 926 2154 990 λεως,
2184 925 2320 979 ἀλλὰ
2351 925 2448 978 καὶ
2499 926 2563 978 ἐκ
2594 923 2702 978 τῶν
2736 917 2898 990 πέριξ
2949 920 3122 988 αὐτῆς
3175 919 3270 971 καὶ
3302 915 3560 986 περάτων

1991 1016 2215 1086 ἔτρεχον
2280 1015 2411 1068 ἰδεῖν
2467 1015 2564 1069 καὶ
2621 1013 2878 1070 ἀκοῦσαι.
2922 1011 3004 1064 δτι
3060 1010 3121 1062 τδ
3150 1008 3323 1078 ὄνομα
3378 1005 3561 1060 αὐτῶν

1993 1110 2214 1179 ἤκουον,
2241 1109 2294 1162 τί
2321 1109 2378 1161 δέ
2407 1109 2559 1161 ἐστιν
2608 1107 2711 1161 οὐκ
2747 1105 3068 1173 ἐγίνωσκον.
3128 1102 3239 1154 Kal
3294 1099 3563 1152 ἐλθόντων

1995 1201 2231 1266 πολλῶν,
2269 1202 2327 1252 ἐν
2356 1199 2543 1262 αὐτοῖς
2574 1195 2643 1269 ἦν
2675 1201 2770 1251 καί
2824 1213 2912 1258 τις
2957 1193 3190 1264 γηραιὸς
3249 1189 3380 1242 ὡσεὶ
3425 1188 3563 1243 ἐτῶν

1998 1292 2221 1355 ἑκατὸν,
2256 1293 2352 1346 καὶ
2377 1291 2507 1343 τάδε
2535 1307 2626 1359 μοι
2654 1290 2982 1358 διηγήσατο.
3017 1281 3132 1338 Ἦν
3190 1281 3430 1350 τοῦνομα
3485 1279 3564 1347 τῷ

1998 1383 2284 1454 πρεσϐύτῃ
2343 1381 2609 1451 Ἐφραὶμ,
2666 1380 2988 1450 ὁρμώμενος
3018 1379 3081 1430 ἐκ
3110 1376 3209 1446 τῆς
3241 1373 3564 1444 περιφήμου

1997 1476 2096 1544 τῆς
2139 1473 2378 1544 Ἰϐηρίας
2412 1473 2626 1536 πόλεως
2662 1472 2994 1542 λεγομένης.
3020 1510 3035 1525 .
3059 1507 3076 1523 .
3103 1507 3116 1520 .
3146 1507 3161 1522 .
3194 1484 3209 1498 ·
3241 1467 3300 1531 ὃς
3352 1469 3416 1520 ἐκ
3449 1465 3564 1518 νεό-

1995 1585 2164 1638 τητος
2194 1565 2360 1620 αὐτοῦ
2383 1566 2780 1638 ᾐχμαλωτίσθη
2835 1565 2940 1618 ὑπὸ
2976 1562 3270 1634 βαρϐάρων
3306 1560 3402 1612 καὶ
3436 1559 3566 1612 ἀσε-

2000 1659 2112 1712 ϐῶν
2142 1657 2252 1710 τῶν
2287 1658 2499 1711 ἐκεῖθεν
2527 1656 2724 1723 ἐθνῶν,
2781 1655 2876 1710 καὶ
2933 1654 3228 1720 ἐπῶλησαν
3284 1651 3450 1704 αὑτὸν
3487 1652 3568 1711 εἰς

2000 1750 2069 1804 τὸ.
2097 1748 2353 1820 ἐνδότερα
2395 1750 2537 1819 μέρη
2563 1747 2673 1802 τῶν
2710 1746 2967 1817 Περσῶν.
3005 1745 3063 1797 '0
3093 1743 3150 1797 δέ
3185 1744 3376 1814 κύριος
3401 1740 3567 1794 αὑτοῦ

2001 1843 2246 1914 ἔμπορος
2264 1842 2364 1906 ὣν,
2403 1841 2498 1894 καὶ
2530 1838 2670 1909 μετά
2700 1839 2907 1906 ἐτέρων
2945 1836 3155 1891 πολλῶν
3183 1835 3449 1906 ἐμπόρων
3480 1832 3572 1887 θέ-

2001 1935 2191 1998 λοντες
2221 1933 2400 1988 ἐλθεῖν
2429 1933 2572 1986 κατὰ
2598 1932 2668 1984 τὰ
2691 1930 2804 1984 τῶν
2836 1928 3016 1983 Ἰνδῶν
3041 1927 3187 1998 μέρη
3215 1929 3451 1996 ποιήσαι
3473 1925 3575 1994 τήν

2003 2026 2190 2088 αὐτοῖς
2221 2024 2632 2094 νενομισμένην
2662 2020 2962 2090 ἐμπορίαν,
2995 2021 3091 2075 καὶ
3131 2017 3576 2090 περιπατοῦντες

2004 2119 2219 2189 ἡμέρας
2251 2117 2350 2170 οὐκ
2377 2116 2570 2184 ὀλίγας
2597 2115 2840 2185 ἤγγισαν
2877 2113 3030 2167 ἔνδον
3079 2114 3177 2182 τῆς
3226 2111 3337 2164 τῶν
3397 2111 3576 2165 Ἰνδῶν

2005 2209 2214 2280 χώρας.
2259 2209 2320 2261 '0
2354 2208 2522 2271 αὐτὸς
2563 2208 2812 2277 Ἐφραὶμ
2847 2206 3131 2277 ἐπιθυμῶν
3159 2205 3325 2275 208
3351 2205 3578 2274 φεύγειν

2003 2303 2104 2357 τοῦ
2127 2301 2299 2373 ζυγοῦ
2323 2302 2422 2370 τῆς
2448 2302 2830 2372 αἰχμαλωσίας
2867 2301 3053 2371 ἐζήτει
3113 2299 3403 2369 εὐκαιρίαν
3429 2313 3444 2328 ⁸
3486 2299 3582 2352 καὶ

2007 2398 2066 2452 ἐν
2099 2399 2202 2469 μιᾷ
2228 2397 2387 2450 νυκτὶ
2405 2397 2732 2466 πανσελήνῳ
2763 2396 2791 2446 ό
2813 2394 3006 2463 κύριος
3025 2393 3192 2447 αὑτοῦ
3225 2391 3582 2454 κεκοπιακὼς

2007 2489 2073 2542 ἐκ
2116 2489 2220 2558 τῆς
2253 2485 2567 2556 ὁδοιπορίας
2611 2485 2708 2538 καὶ
2739 2484 2920 2554 ἕτεροι
2963 2482 3366 2552 συνοδοιπόροι,
3418 2481 3584 2546 αὐτὸς

2009 2582 2113 2652 τῆς
2147 2580 2322 2651 τύχης
2358 2581 2502 2650 φορᾷ
2531 2580 2887 2649 χρησάμενος
2920 2576 3169 2648 ἐγερθεὶς
3205 2579 3384 2644 φυγὰς
3406 2574 3584 2646 ᾤχετο

2010 2674 2076 2725 ἐκ
2110 2672 2281 2724 τόπου
2316 2674 2397 2734 είς
2426 2671 2620 2734 τόπον,
2660 2671 2982 2740 περιπατῶν
3013 2669 3230 2740 ἡμέρας
3293 2669 3494 2730 πολλὰς
3520 2671 3581 2721 ἐν

2011 2765 2247 2836 ἐρήμοις
2297 2764 2491 2827 τόποις
2545 2765 2642 2816 καὶ
2694 2762 2937 2826 ἀϐάτοις.
2972 2760 3248 2829 Ἔφθασεν
3309 2761 3390 2825 είς
3433 2776 3583 2822 τινας

2012 2859 2232 2926 νήσους.
2268 2859 2326 2908 ἐν
2359 2849 2450 2918 αἷς
2487 2853 2734 2908 οἰκοῦσιν
2771 2854 2822 2906 oi
2877 2853 3207 2924 Μακρόϐιοι·
3247 2851 3586 2924 μακροϐίους

2013 2949 2124 3019 γὰρ
2153 2947 2489 3017 ὀνομάζουσι
2524 2946 2617 3000 διὰ
2643 2946 2703 2999 τὸ
2732 2946 2834 3017 ζῇν
2866 2943 3051 2999 πλεῖον
3080 2944 3112 3014 ἢ
3147 2944 3346 2998 ἐκατὸν
3385 2945 3588 3014 πεντή-

2013 3059 2182 3097 κοντα
2221 3041 2316 3111 ἔτη
2351 3040 2586 3098 ἔκαστος
2620 3038 2824 3094 αὐτῶν.
2873 3037 2988 3090 Καὶ
3016 3036 3177 3090 τοῦτο
3233 3037 3293 3090 δὲ
3352 3038 3586 3106 γίνεται,

347 3142 528 3213 νηνδν,
588 3138 728 3210 μετά
769 3135 958 3207 δώρων
1013 3129 1256 3205 ἀγλαῶν’
1287 3134 1384 3186 καὶ
1466 3129 1671 3200 πολλῆς
1729 3147 1916 3198 παρα·
1942 3125 1986 3184 C
2019 3132 2266 3202 λέγουσι,
2299 3131 2390 3185 διὰ
2413 3132 2513 3200 τὴν
2541 3130 2641 3184 τοῦ
2682 3130 2846 3199 ἀέρος
2883 3127 3186 3199 εὐκρασίαν
3220 3130 3316 3183 καὶ
3346 3128 3590 3199 καθαρό-

346 3233 576 3301 σκευῆς,
613 3229 754 3300 μετὰ
777 3229 1058 3299 ἀρχόντων
1115 3226 1214 3280 καὶ
1256 3223 1613 3293 στρατιωτῶν
1650 3223 1916 3293 καὶίερο-

348 3325 610 3397 μονάχων
637 3323 732 3376 καὶ
761 3320 1016 3392 μοναχῶν
1050 3320 1147 3374 καὶ
1201 3317 1425 3388 ψαλτῶν
1481 3315 1764 3387 μουσικῶν
1819 3315 1916 3369 καὶ

349 3420 552 3490 ἰατρῶν
600 3416 695 3471 καί
743 3431 908 3468 τινων
957 3414 1272 3484 κρουόντων
1323 3411 1537 3480 ὄργανα
1600 3412 1696 3463 καὶ
1748 3409 1916 3480 ἔτερα

348 3514 466 3582 εἴδη
495 3508 761 3581 μουσικά.
812 3508 926 3560 Kal
954 3505 1206 3568 ἐλθόντες
1239 3505 1321 3569 είς
1362 3502 1608 3572 Ἰϐηρίαν
1639 3502 1746 3556 ὑπὸ
1777 3501 1920 3556 πάν·
1957 3573 1968 3578 _

352 3701 438 3749 sto
464 3705 653 3747 mense
675 3702 743 3743 ex
769 3686 908 3742 urbe
940 3699 1190 3755 egressus
1211 3685 1264 3740 in
1296 3683 1732 3754 Peloponnesum
1763 3685 1919 3742 abiit.

348 3784 606 3840 Kalendis
634 3778 1048 3850 Septembribus
1083 3778 1209 3831 anni
1241 3776 1384 3834 6955
1409 3776 1574 3830 etiam
1613 3775 1920 3833 Demetrius

350 3883 574 3950 despota
597 3873 1092 3948 porphyrogenitus
1116 3871 1371 3928 dlscessit
1392 3870 1750 3940 similiterque
1787 3869 1923 3924 abiit

354 3975 408 4028 in
437 3972 894 4041 Peloponnesum.
915 3966 975 4020 lli
998 3975 1292 4035 antequam
1320 3979 1384 4019 ex
1413 3963 1548 4018 urbe
1569 3962 1918 4028 excederent,

352 4079 533 4122 coram
573 4072 742 4116 matre
771 4057 1120 4130 imperatrice
1151 4064 1207 4113 et
1236 4057 1566 4125 imperatore
1593 4054 1761 4109 fratre
1784 4068 1921 4108 cun-

353 4159 565 4226 ctisque
599 4151 854 4209 senatorii
901 4150 1111 4206 ordinis
1154 4149 1288 4204 viris
1320 4148 1656 4212 primoribus
1690 4149 1921 4211 horrcn-

352 4250 438 4305 dis
468 4247 823 4304 sacramentis
853 4260 913 4299 se
944 4245 1335 4303 astrinxerunt,
1370 4247 1430 4295 ut
1461 4247 1649 4294 neuter
1697 4237 1921 4292 alterius

237 4406 242 4410 τ
356 4341 472 4395 loca
533 4339 777 4408 ﬁnesque
831 4336 1251 4392 invaderet'aut
1306 4339 1562 4395 vastaret,
1594 4331 1685 4384 sed
1731 4343 1920 4398 pacem

355 4438 597 4487 servaret
629 4439 878 4497 uterque.
902 4429 970 4480 At
1002 4442 1146 4489 mox,
1191 4423 1452 4492 neglectis
1480 4438 1544 4476 ac
1571 4421 1789 4476 violatis
1832 4435 1921 4475 sa-

355 4522 651 4578 cramentis
704 4517 1186 4590 pactionibusque,
1237 4507 1446 4584 postea,
1500 4522 1561 4568 ut
1613 4512 1921 4582 comparuit

353 4629 562 4685 egoque
595 4614 711 4683 ipse
753 4611 886 4673 vidi,
926 4610 1064 4664 male
1098 4608 1237 4663 inter
1283 4623 1340 4662 se
1370 4606 1550 4662 allecti
1605 4616 1658 4660 et
1693 4603 1922 4658 animati

358 4707 622 4770 fuerunt;
666 4703 809 4758 unde
845 4717 966 4771 qua:
999 4709 1186 4755 exorta
1247 4700 1358 4755 sint
1410 4700 1554 4752 inter
1605 4711 1724 4764 eos,
1781 4694 1924 4750 infra

354 4796 658 4865 expﬁcabo.

429 4890 524 4945 Die
547 4895 741 4959 quarto
766 4884 1020 4941 Octobris
1044 4883 1288 4952 ejusdem
1316 4882 1444 4935 anui
1475 4880 1542 4934 ab
1567 4879 1922 4947 imperatore,

357 4983 581 5038 domino
615 4959 760 5041 m-eo,
803 4979 868 5032 ad
902 4977 1208 5046 principem
1238 4972 1452 5038 lberim,
1486 4970 1780 5038 Georgium
1817 4966 1928 5020 Me—

357 5091 484 5145 pen,
511 5071 603 5142 qui
648 5087 677 5125 a
712 5070 872 5124 nobis
907 5083 998 5122 rex
1033 5066 1256 5129 dicitur,
1307 5072 1361 5117 et
1385 5061 1648 5117 Joannem
1692 5059 1928 5112 Comne-

358 5181 512 5232 num,
543 5161 900 5233 Trapezuntis
945 5173 1148 5228 regem,
1200 5156 1404 5210 missus
1439 5167 1560 5206 sum
1611 5164 1733 5202 cum
1768 5149 1927 5202 donis

358 5257 658 5328 splendidis
693 5255 976 5321 multoque
1013 5257 1276 5321 apparatu
1335 5261 1460 5301 cum
1491 5243 1622 5298 viris
1654 5240 1928 5295 nobilibus

358 5359 414 5404 et
461 5347 749 5412 satellitio,
812 5359 939 5398 cum
1000 5336 1448 5396 hieromonacbis
1493 5343 1547 5388 et
1597 5331 1882 5386 monachis
1911 5371 1926 5397 ,

359 5453 482 5493 eum
509 5436 702 5506 psaltis
725 5443 781 5488 et
803 5433 1056 5497 medicis,
1091 5431 1330 5498 aliisque
1361 5422 1692 5496 quibusdam
1725 5435 1930 5492 organa

358 5541 415 5587 et
447 5530 553 5584 alia
600 5531 964 5589 instrumenta
999 5524 1212 5578 musica
1260 5516 1538 5574 tractandi
1576 5515 1786 5584 peritis.
1826 5511 1930 5567 Ubi

360 5623 416 5678 in
463 5622 696 5677 lbet-iam
726 5620 999 5686 venimus,
1052 5615 1240 5672 cuncti
1292 5627 1396 5668 nos
1430 5609 1539 5664 lani
1572 5606 1928 5674 exceperunt,

362 5712 956 5785 pulsatisque-organis
987 5708 1311 5776 caeterisque
1346 5701 1748 5765 instrumentis,
1784 5699 1936 5752 inco-

361 5808 427 5863 ian
460 5814 856 5864 concursantes
901 5803 1092 5857 mirari
1124 5815 1188 5855 ac
1219 5797 1484 5869 proﬁteri,
1515 5793 1736 5849 audisse
1778 5806 1838 5846 se
1867 5789 1936 5844 de

712 5899 978 5958 PATROL.
1026 5897 1145 5955 Gn.
1191 5887 1370 5953 CLVI

2019 3243 2180 3297 τητα,
2218 3224 2310 3277 διὰ
2341 3223 2398 3276 τὶ
2431 3223 2533 3293 μὲν
2581 3223 2637 3274 ἐν
2675 3221 2908 3284 ἐκείνοις
2957 3223 3074 3284 τοῖς
3129 3221 3358 3290 μέρεσιν
3390 3222 3448 3275 ού
3479 3221 3593 3272 λεί-
3658 3251 3666 3260 -

2020 3335 2221 3372 πονται
2253 3315 2471 3386 ὀπῶραι
2503 3317 2760 3368 παντοῖαι
2789 3313 2858 3366 δι’
2893 3313 3018 3366 ὅλου
3046 3311 3145 3365 τοῦ
3177 3312 3456 3376 ἐνιαυτοῦ,
3493 3317 3590 3366 καὶ

2020 3412 2090 3465 τὰ
2116 3409 2217 3480 μὲν
2233 3408 2483 3475 ἀνθοῦσι,
2506 3409 2577 3462 τὰ
2605 3407 2662 3460 δέ
2688 3405 3089 3475 ὁμφακίζουσι,
3118 3403 3188 3457 τὰ
3218 3404 3273 3456 δὲ
3292 3404 3589 3473 τρυγᾶται.

2054 3503 2187 3557 Εκεῖ
2217 3500 2275 3554 δέ
2324 3501 2422 3554 καὶ
2458 3499 2528 3553 τὰ
2561 3498 2780 3568 μεγάλα
2839 3496 3040 3551 Ἰνδικὰ
3104 3495 3349 3565 γίνονται
3411 3494 3596 3566 κάρυα

2025 3681 2225 3737 talibus
2257 3677 2447 3743 rebus,
2492 3686 2802 3744 nunquam,
2839 3679 2899 3725 ut
2931 3684 3099 3735 nunc,
3146 3668 3404 3724 sensibus
3433 3684 3596 3723 usur-

2022 3782 2202 3839 passe.
2235 3764 2422 3833 Neque
2451 3761 2631 3816 solum
2661 3775 2730 3813 ex
2767 3759 2922 3825 urbe,
2969 3757 3063 3811 sed
3097 3759 3262 3813 etiam
3306 3773 3336 3812 e
3374 3759 3507 3813 locis
3536 3767 3594 3812 et

2025 3857 2350 3929 regionibus
2387 3854 2635 3909 ﬁnitimis
2687 3851 2754 3905 ad
2808 3851 3105 3906 videndum
3149 3849 3596 3919 audiendumque

2024 3955 2412 4010 accurrerunt,
2461 3941 2724 4012 quoniam
2771 3939 2988 3993 illarum
3021 3952 3207 3991 rerum
3241 3935 3467 3990 nomina
3498 3951 3598 3989 au-

2024 4042 2293 4103 diverant,
2334 4034 2528 4104 quales
2573 4031 2680 4086 illae
2709 4038 2914 4093 essent,
2949 4029 3302 4098 ignorabant.
3345 4025 3596 4094 Cumque

2024 4129 2183 4186 multi
2229 4112 2656 4189 conﬂuxis‘sent,
2705 4121 2808 4177 fuit
2853 4121 2996 4174 inter
3040 4121 3138 4174 hos
3165 4133 3334 4190 senex
3371 4117 3596 4186 quidam

2025 4233 2244 4280 centum
2277 4219 2503 4276 circiter
2532 4230 2830 4282 annorum,
2868 4214 2963 4284 qui
2997 4214 3117 4267 inec
3149 4211 3281 4266 mihi
3323 4212 3596 4265 narravit.

2026 4316 2159 4370 Erat
2189 4328 2392 4368 nomen
2434 4311 2556 4366 seni
2584 4308 2864 4378 Ephraim,
2901 4316 2955 4360 et
2982 4304 3252 4360 oriundus
3283 4313 3401 4359 erat
3433 4319 3463 4358 ο
3493 4321 3599 4358 no-

2030 4410 2124 4465 bili
2157 4407 2351 4463 lberiaa
2389 4406 2546 4468 urbe,
2579 4416 2704 4471 quae
2733 4399 3040 4471 appellatur
3077 4440 3091 4454 .
3129 4442 3143 4455 .
3177 4440 3190 4454 .
3239 4399 3380 4454 Puer
3407 4409 3600 4469 captus

2031 4522 2062 4560 a
2113 4501 2368 4560 barbaris
2391 4506 2448 4554 et
2476 4495 2660 4566 impiis
2705 4494 2815 4548 illis
2845 4494 3116 4561 gentibus,
3149 4493 3400 4548 venditus
3430 4503 3512 4549 est
3546 4493 3598 4548 in

2027 4601 2323 4664 interiores
2344 4591 2596 4659 regiones
2625 4586 2942 4640 Persarum.
2975 4583 3108 4638 Cum
3143 4585 3309 4638 herus
3341 4583 3483 4652 ejus,
3504 4585 3600 4653 qui

2028 4700 2298 4754 mercator
2317 4691 2460 4746 erat,
2482 4688 2537 4735 et
2567 4677 2659 4732 alii
2689 4677 2845 4731 multi
2880 4683 3237 4736 mercatores,
3264 4677 3406 4742 apud
3438 4673 3601 4730 Indos

2028 4785 2249 4841 solitum
2293 4773 2397 4830 sibi
2441 4775 2742 4823 mercatum
2795 4762 3016 4828 facturi,
3066 4763 3182 4817 dies
3233 4763 3444 4831 aliqum
3499 4764 3603 4817 iter

2031 4873 2310 4929 fecissent,
2332 4857 2555 4933 jamque
2577 4854 3080 4926 appropinquarent
3103 4854 3300 4908 ﬁnibus
3320 4853 3600 4922 ludorum,

2033 4960 2315 5035 Ephraim,
2359 4954 2491 5024 jugo
2523 4947 2734 5006 servitii
2770 4960 2829 5000 se
2865 4943 3197 5000 subtrahere
3229 4944 3479 5014 cupiens,
3514 4945 3603 4998 [ιι-

2031 5034 2111 5125 gae
2144 5045 2613 5121 opportunitatem
2652 5035 2956 5108 qumrebat.
3001 5049 3067 5088 ac
3117 5045 3274 5088 nocte
3320 5034 3605 5102 plcnilunii

2033 5147 2240 5202 lumine
2267 5142 2559 5196 illustrata,
2581 5147 2704 5188 cum
2725 5132 2889 5184 herus
2907 5141 3031 5182 cum
3056 5126 3285 5195 reliquis
3309 5127 3606 5183 comitibus

2033 5239 2212 5294 fessus
2239 5240 2387 5289 esset
2419 5245 2486 5284 ex
2518 5227 2736 5287 itinere,
2768 5221 2884 5292 ipse
2917 5219 3150 5275 fortunae
3187 5219 3454 5286 conﬁsus,
3484 5236 3609 5274 sur-

2033 5330 2175 5385 rexit
2203 5323 2571 5396 fugiendoque
2605 5319 2722 5371 loca
2757 5314 3008 5378 mutavit,
3036 5324 3089 5366 et
3115 5312 3234 5368 dies
3264 5327 3373 5367 non
3403 5327 3607 5382 paucos

2036 5438 2130 5493 per
2156 5417 2301 5474 invia
2329 5429 2394 5468 ac
2427 5413 2640 5466 deserta
2671 5409 3136 5474 circumvagatus,
3169 5404 3414 5473 pervenit
3443 5404 3497 5457 in
3523 5403 3608 5456 in-

2036 5514 2184 5571 sulas
2201 5507 2489 5580 quasdam,
2514 5516 2650 5570 quas
2669 5497 2920 5568 Longaevi
2943 5496 3211 5550 habitant.
3229 5494 3440 5564 Quippe
3461 5493 3611 5547 Lon-

2038 5619 2216 5678 gaevos
2256 5601 2358 5654 bos
2386 5593 2658 5666 appellant
2690 5597 2999 5661 propterea,
3026 5589 3174 5658 quod
3212 5585 3404 5656 singuli
3438 5585 3606 5638 vitam

2040 5677 2206 5766 supra
2243 5704 2420 5745 annos
2455 5695 2673 5741 centum
2707 5692 2763 5737 et
2810 5679 3205 5751 quinquaginta
3252 5677 3560 5746 producunt
3593 5692 3606 5728 :

2041 5791 2092 5845 id
2131 5785 2276 5860 quod
2309 5782 2423 5839 ﬁeri
2462 5781 2616 5836 aiunt
2649 5787 2869 5848 propter
2890 5775 3038 5829 aeris
3069 5769 3385 5840 temperiem
3421 5777 3474 5822 et
3511 5782 3613 5838 pu-

3065 5865 3144 5923 26
