3964 6482
325 406 430 470 813
513 393 516 396 ‘

1227 457 1234 463 .
1347 400 1803 462 CHRONICON
1837 399 2106 464 MAIUS.
2154 422 2214 435 ·-
2269 401 2419 463 LIB.
2470 401 2589 462 III.

3485 405 3594 465 814

325 518 601 576 ἀπέθανεν
626 517 655 568 ὁ
691 516 916 586 ἀμηρᾶς
948 519 976 569 δ
1018 517 1397 588 Ἀμοιράτης,
1440 515 1468 568 ὃ
1518 516 1677 583 κάγὼ
1702 513 1912 586 ἐμαθον
1943 529 1984 582 Α
2014 515 2109 568 καὶ
2139 516 2172 586 η
2209 515 2361 579 πόλις
2390 515 2717 588 ἡπορημένη
2753 515 2873 570 ἐστὶ
2932 513 3022 571 διὰ
3055 514 3148 572 τὸν
3177 515 3449 588 αὐθέντην
3486 536 3591 586 μου

323 610 408 664 ἐτι
423 608 500 662 ὣν
531 611 590 662 ἐν
615 611 681 680 τῇ
714 607 948 680 Ἰϐηρίᾳ.
977 609 1066 672 Ὠς
1086 605 1179 663 οὖν
1201 605 1366 680 ἦλθον
1388 610 1469 671 είς
1490 608 1906 678 Τραπεζοῦντα,

323 699 513 770 εἴρηκέ
546 700 685 769 μοιὸ
717 698 972 768 βασιλεὺς
999 699 1197 754 τοιάδε’
1229 717 1248 750 ι
1279 701 1454 768 Κύριε
1483 697 1713 768 πρέσϐυ,
1745 698 1904 773 2.11

325 793 500 844 εἰπεῖν
533 809 615 844 σοι
660 792 799 844 θέλω
848 790 1101 862 χρηστὰς
1135 791 1420 860 ἀγγελίας,
1449 792 1501 843 εί
1539 789 1614 861 μὴ
1645 789 1728 843 δεῖ
1773 791 1909 842 ἀπο-

323 881 509 937 δοῦναί
559 900 618 936 σε
649 885 784 955 ἡμῖν
816 902 869 937 τι
900 883 1074 950 δῶρον
1104 883 1348 954 χάριτος.
1393 902 1412 937 ι
1463 883 1637 952 Κάγὼ
1667 882 1908 944 ἀναστὰς

325 978 716 1049 προσεκύνησα
744 979 910 1033 αὑτὸν
939 980 1114 1034 εἰπών
1142 996 1188 1033 ⁸(
1224 979 1287 1034 Ὀ
1313 980 1448 1043 Θεὸς
1483 977 1907 1050 μακροημερεύ-

325 1086 409 1122 σοι
443 1071 542 1140 τὴν
587 1070 751 1138 ἁγίαν
786 1088 880 1122 σου
917 1071 1227 1141 βασιλείαν,
1255 1072 1315 1135 ὃς
1363 1071 1714 1142 πολυτρόπως
1749 1071 1905 1142 εὐερ-

323 1165 502 1229 γετείς
522 1163 670 1231 ἡμᾶς
699 1178 712 1193 ·
739 1161 914 1227 οὕτως
938 1165 1031 1217 καὶ
1055 1165 1147 1218 διὰ
1168 1165 1266 1228 τὰς
1294 1163 1390 1220 νῦν
1406 1165 1616 1234 ἀγαθὰς
1642 1165 1908 1234 ἀγγελίας

323 1248 482 1316 αὖθις
507 1255 894 1324 εὐεργετήσεις
918 1257 1092 1328 ἡμᾶς.
1133 1256 1274 1310 Ἀλλ’
1317 1259 1452 1326 ἡμῖν
1484 1257 1586 1312 οὐκ
1629 1257 1777 1311 ἔστιν
1807 1257 1904 1312 άν-

320 1343 504 1406 τάξιόν
530 1361 583 1397 τι
612 1340 913 1400 ἀποδοῦναι
942 1348 1008 1417 τῇ
1045 1346 1299 1418 βασιλείᾳ
1329 1363 1424 1400 σου
1452 1349 1520 1418 τῇ
1553 1346 1708 1419 ἁγίᾳ.
1743 1365 1762 1400 ι
1793 1347 1906 1402 Καὶ

321 1434 486 1498 εὐθὺς
525 1433 650 1489 εἶπέ
701 1454 792 1507 μοι
829 1439 959 1510 περὶ
1003 1430 1109 1492 ’τοῦ
1163 1438 1399 1495 θανάτου
1435 1437 1531 1493 τοῦ
1561 1441 1778 1511 ἀμηρᾶ,
1809 1440 1906 1492 καὶ⁹

323 1527 442 1590 πῶς
475 1531 502 1581 ὁ
537 1528 653 1592 υἱὸς
707 1530 874 1584 αὐτοῦ
922 1531 1144 1600 ἐγένετο
1189 1532 1460 1602 αὐθέντης
1513 1533 1610 1587 καὶ
1641 1533 1903 1596 πλείστας

321 1620 553 1690 χάριτας
583 1622 812 1692 ἐποίησε
837 1624 918 1693 τῷ
949 1623 1168 1688 ἄνακτι,
1215 1627 1312 1679 καὶ
1345 1627 1536 1697 εἰρήνη
1585 1622 1742 1689 αὖθις
1775 1628 1902 1679 ἐπε-

322 1714 546 1784 κυρῶθη
601 1714 917 1785 άναμεταξὺ
976 1717 1162 1771 αὐτῶν
1209 1721 1400 1790 τηρεῖν
1435 1718 1632 1788 αὐτὴν,
1677 1717 1754 1780 ὼς
1806 1720 1902 1772 καὶ

318 1801 521 1871 πρώην
553 1802 692 1872 μετὰ
718 1805 814 1858 τοῦ
847 1805 1058 1876 πατρὸς
1088 1807 1256 1862 αὐτοῦ
1296 1804 1444 1880 εἶχεν
1471 1811 1500 1863 ὀ
1546 1809 1772 1864 ἐκείνων
1815 1803 1898 1861 οῖ-

2016 605 2111 657 καὶ
2146 605 2374 674 βασιλέα
2411 606 2609 659 νεωστὶ
2634 607 2704 660 τὰ
2729 607 2988 677 σκῆπτρα
3032 606 3290 675 λαθόντα,
3320 605 3378 670 ὃς
3407 610 3503 660 καὶ
3529 608 3594 659 ἐκ

2012 697 2123 751 τῶν
2154 699 2254 766 τῆς
2306 699 2591 769 βασιλείας
2645 701 3024 770 είσοδημάτων
3058 701 3233 756 πολλὰ
3261 701 3472 769 ὀφείλει
3503 702 3593 754 διὰ

2010 787 2108 852 τὰς
2137 788 2351 854 ἐξόδους
2376 791 2469 845 καὶ
2490 791 2560 844 τὰ
2584 790 2878 861 φιλόδωρα,
2905 791 2941 846 ἃ
2969 792 3266 863 ἐχαρίσατο
3288 796 3401 855 τοῖς
3427 809 3594 862 στρα-

2009 877 2240 942 τιώταις
2269 879 2365 934 καὶ
2403 881 2554 953 πάσῃ
2581 884 2647 952 τῇ
2689 883 2828 954 αὐλῇ
2857 899 2871 913 ο
2897 883 2976 936 διδ
3005 884 3178 938 δεῖται
3214 883 3410 956 καιροῦ
3439 884 3592 954 εἰρη-

2010 969 2163 1023 νικοῦ
2197 971 2334 1042 πρὸς
2363 971 2425 1026 τὸ
2463 973 2886 1044 ἐξοικονομῆσαι
2917 969 2985 1029 τὰ
3013 975 3113 1041 τῆς
3149 976 3330 1046 μάχης
3358 975 3453 1028 καὶ
3493 975 3587 1029 τοῦ

2010 1061 2252 1133 πολέμου
2283 1063 2566 1134 ἀναγκαῖα
2599 1066 2692 1120 καὶ
2720 1066 3031 1137 ἐπιτήδεια.
3077 1067 3193 1126 Καὶ
3215 1068 3318 1120 ἐὰν
3362 1066 3451 1121 διὰ
3491 1066 3588 1132 τὰς

2009 1153 2287 1224 ἁμαρτίας
2322 1155 2482 1226 ἡμῶν
2512 1158 2540 1210 ὁ
2570 1158 2706 1221 Θεὸς
2753 1159 3161 1232 παραχωρήσει,
3205 1160 3300 1217 καὶ
3349 1159 3512 1222 αὐτὸς
3560 1161 3588 1210 ὁ

2006 1245 2290 1317 ἁλιτήριος
2322 1249 2428 1302 ὑπὸ
2458 1251 2554 1321 τῆς
2589 1252 2845 1323 νεότητος
2870 1252 3038 1306 αὐτοῦ
3067 1253 3164 1308 καὶ
3193 1251 3585 1320 κακογνωμίας

2005 1340 2245 1412 ὀρμήσοι
2275 1343 2343 1398 ἂν
2377 1345 2563 1416 μάχην
2613 1347 2840 1416 ποιῆσαι
2891 1349 3035 1402 κατά
3067 1347 3168 1417 τῆς
3214 1346 3447 1412 πόλεως,
3485 1345 3587 1398 οὐκ

2005 1427 2124 1486 οἶδα
2152 1433 2206 1486 τί
2242 1436 2537 1506 γενήσεται
2558 1439 2640 1501 είς
2665 1439 2837 1509 ἡμᾶς.
2866 1439 2980 1494 Ναὶ
3007 1438 3224 1508 ἀληθῶς
3249 1438 3584 1510 εὐφρόσυνος

2005 1524 2239 1592 ἀγγελία
2270 1521 2359 1596 ἦν,
2393 1527 2442 1580 εί
2483 1527 2757 1583 ἀπέθανεν
2790 1531 2820 1582 ὀ
2850 1529 2946 1583 νῦν
2979 1529 3218 1599 γεγονὼς
3269 1531 3388 1592 νέος
3436 1531 3586 1601 ἀμη-

2008 1616 2129 1683 ρᾶς,
2153 1617 2280 1670 ἐπεὶ
2307 1618 2335 1670 ὁ
2367 1618 2552 1690 πατὴρ
2598 1620 2768 1674 αὑτοῦ
2811 1621 2912 1674 οὐκ
2941 1617 3088 1692 εἶχεν
3120 1622 3280 1676 ἄλλον
3313 1623 3453 1682 υἱὸν,
3489 1621 3586 1672 καὶ

2003 1709 2080 1779 τῷ
2109 1711 2330 1780 γηραιῷ
2355 1712 2419 1765 ἐκ
2441 1712 2541 1783 τῆς
2571 1711 2748 1780 λύπης
2772 1713 2978 1766 ἐδίδοτο
2999 1713 3276 1778 ἀσθένεια,
3306 1712 3368 1777 ἐξ
3393 1709 3459 1782 ἦς
3489 1712 3586 1765 καὶ⁵

2001 1801 2387 1874 ὁλιγοχρονία’
2422 1805 2517 1858 καὶ
2574 1806 2768 1860 τούτου
2822 1806 3015 1860 ἕνεκεν
3061 1809 3141 1869 εἰς
3191 1806 3437 1859 κίνδυνον
3489 1809 3587 1859 καὶ

320 1909 437 1954 κος.
463 1892 638 1961 Κάγὼ
667 1895 908 1960 ἀκούσας
933 1895 1106 1959 οὕτως
1142 1899 1411 1970 ἐγενόμην
1444 1899 1659 1968 ἄφωνος
1684 1901 1779 1954 καὶ
1805 1917 1895 1954 το-
1929 1905 1969 1964 Β
2000 1895 2354 1966 διχοστασίαν
2383 1897 2630 1968 μεγάλην
2667 1900 2962 1954 ἐνέπιπτεν
2989 1901 3021 1972 ἠ
3043 1901 3151 1953 τῶν
3177 1899 3393 1958 ἀσεϐῶν
3415 1897 3582 1970 ἀρχὴ,

323 1982 500 2052 σαύτη
531 1983 693 2054 ὀδύνη
728 2002 822 2054 μοι
853 1987 1163 2060 περιείχετο
1192 1988 1270 2052 ὡς
1299 1991 1347 2043 εί
1376 1991 1504 2062 περὶ
1532 1991 1625 2044 τοῦ
1647 1993 1894 2045 θανάτου

320 2077 431 2132 τῶν
455 2078 606 2149 ἐμῶν
633 2080 910 2149 φιλτάτων
940 2083 1223 2152 ἡκούκειν.
1255 2086 1366 2138 Καὶ
1398 2087 1595 2157 μικρὸν
1625 2086 1898 2157 κατηφιά-

321 2188 420 2235 σας
451 2172 597 2240 λέγω
620 2188 635 2205 ·
670 2193 691 2226 ι
723 2174 976 2232 Δέσποτᾶ
1008 2193 1132 2246 μου,
1157 2176 1309 2248 «αὕτη
1335 2179 1396 2232 οὐ
1427 2179 1696 2250 χαρίεσσα
1725 2182 1898 2249 ἐπαγ-

319 2264 479 2332 γελία
503 2265 676 2333 ἐστὶν,
709 2267 848 2321 ἀλλὰ
879 2269 975 2322 καὶ
1021 2269 1142 2325 λίαν
1191 2261 1452 2342 ὀδυνηρά.
1486 2290 1504 2323 ι
1563 2272 1624 2325 '0
1654 2271 1714 2326 δέ
1747 2272 1896 2342 λέγει

325 2376 342 2408 ι
371 2357 480 2411 Καὶ
498 2359 636 2425 πῶς,
654 2361 857 2430 χρηστὲ
879 2363 1044 2432 «ἄνερ
1066 2378 1079 2428 ;
1113 2381 1130 2414 ο
1156 2363 1333 2431 κάγὼ,
1355 2381 1377 2414 ι
1403 2365 1548 2416 Διότι
1571 2365 1600 2417 ὁ
1621 2363 1898 2434 τεθνηκὼς

319 2449 543 2519 ἀμηρᾶς
584 2447 653 2521 ἦν
688 2451 890 2521 γέρων,
926 2454 1024 2507 καὶ
1069 2458 1133 2506 τὸ
1185 2456 1324 2512 κατὰ
1359 2454 1463 2525 τῆς
1514 2455 1726 2519 πόλεως
1757 2457 1897 2510 άπερ-

319 2542 598 2613 πειράσθη
627 2544 802 2615 αὐτῷ,
835 2547 928 2600 καὶ
961 2545 1144 2600 οὐκέτι
1177 2547 1431 2602 ἐϐούλετο
1479 2549 1898 2620 ἐγχειρισθῆναί

319 2652 373 2688 τι
406 2637 740 2709 κατάὺτῆς,
769 2637 907 2692 ἀλλά
946 2639 1108 2706 μόνον
1132 2639 1295 2710 ἦθελε
1326 2639 1530 2710 μᾶλλον
1559 2641 1893 2711 εἰρηνεύειν-

320 2731 348 2781 ὀ
374 2729 432 2783 δὲ
464 2732 558 2783 νῦν
586 2730 827 2800 γεγονώς
861 2733 977 2785 ἐστι
1010 2732 1128 2796 νέος
1157 2733 1252 2785 καὶ
1299 2733 1578 2788 παιδιόθεν
1608 2735 1799 2806 ἐχθρὸς
1829 2732 1898 2806 ἦν

320 2824 432 2875 τῶν
467 2823 811 2894 Χριστιανῶν
845 2827 982 2896 πρὸς
1033 2825 1096 2879 τὸ
1143 2825 1389 2896 ὑϐρίζειν
1436 2827 1530 2879 καὶ
1577 2827 1899 2882 ἐπαπειλεῖν

323 2916 548 2979 αὐτοὺς,
575 2915 755 2983 λέγων
785 2916 870 2969 ὅτι
895 2918 1024 2970 ὅταν
1063 2918 1257 2989 καιρὸν
1289 2916 1427 2989 εὕρῃ
1456 2919 1764 2989 ἐπιτήδειον
1801 2922 1897 2975 κα)⁵

322 3004 422 3076 τὴν
448 3007 546 3074 τῆς
580 3007 860 3076 βασιλείας
891 3009 1144 3076 ἐξουσίαν
1174 3011 1257 3074 είς
1294 3013 1485 3083 χεῖρας
1518 3011 1686 3065 αὑτοῦ
1718 3011 1895 3083 λήψη..

323 3113 436 3160 ται,
475 3097 574 3167 τὴν
621 3100 798 3172 ἀρχὴν
831 3101 940 3153 τῶν
982 3101 1271 3172 Ῥωμαίων
1300 3105 1413 3170 καὶ
1463 3104 1686 3160 πάντων
1721 3105 1894 3175 212

217 3242 221 3246 .
322 3193 669 3263 Χριστιανῶν
700 3194 813 3266 ἔχει
840 3195 1222 3266 ἐξολοθρεῦσαι
1246 3197 1341 3252 καὶ
1369 3199 1656 3268 ἀφανίσαι,
1687 3198 1766 3254 Τὰ
1797 3201 1893 3252 νῦν

320 3387 554 3442 pomone
587 3375 854 3432 monacha
888 3378 1055 3434 dicta.
1089 3376 1314 3450 Sepulta
1339 3390 1426 3435 est
1461 3380 1516 3436 in
1555 3384 1891 3438 monasterio

322 3467 753 3534 Pantocratoris,
783 3469 938 3538 juxta
971 3470 1191 3526 beatum
1223 3481 1277 3527 et
1318 3473 1619 3542 gloriosum
1651 3475 1890 3546 impera-

321 3569 516 3624 torem,
543 3561 830 3632 coniugem
877 3562 1018 3633 ejus.
1051 3563 1236 3635 Mense
1278 3564 1576 3621 Februario
1599 3570 1726 3622 anni
1749 3568 1892 3622 6959

317 3653 611 3708 Amurates
637 3669 862 3710 ameras
909 3655 1067 3720 obiit,
1111 3658 1256 3725 quod
1286 3673 1387 3726 ego
1419 3657 1473 3712 in
1501 3659 1678 3713 Iberia
1722 3663 1889 3716 etiam

315 3755 432 3799 tum
465 3745 670 3815 degens
716 3747 923 3816 accepi.
978 3745 1377 3818 Trapezuntem
1426 3750 1594 3820 igitur
1646 3762 1706 3806 ut
1741 3754 1888 3818 veni,

319 3837 618 3907 imperator
647 3838 733 3893 his
764 3854 851 3894 me
879 3839 1060 3896 verbis
1084 3841 1308 3911 excepit
1338 3859 1350 3895 :
1381 3860 1400 3894 ι
1434 3841 1660 3897 Domine
1690 3843 1887 3914 legate,

322 3936 562 3990 faustum
618 3935 716 3990 tibi
769 3937 1028 3991 nuntium
1078 3936 1362 4007 impertire
1411 3937 1555 4005 volo,
1595 3938 1699 3993 nisi
1741 3938 1888 4008 quod

322 4045 518 4084 munus
557 4028 776 4100 aliquod
816 4032 954 4099 grati
979 4029 1151 4084 animi
1182 4031 1454 4100 rependas
1495 4031 1628 4085 mihi
1659 4046 1890 4087 necesse

318 4131 418 4177 est.
448 4141 466 4174 ι
494 4123 572 4176 Ad
595 4138 716 4192 quas
736 4137 835 4194 ego
855 4138 1084 4192 surgens
1105 4138 1341 4192 eumque
1356 4125 1592 4178 adorans
1615 4142 1628 4178 :
1660 4124 1884 4189 «Deus,»

317 4217 566 4286 inquam,
597 4235 615 4268 ι
646 4215 763 4271 dies
795 4211 1060 4284 producat
1095 4227 1299 4273 sanctae
1333 4216 1607 4286 maiestati
1643 4230 1768 4285 tuae,
1795 4218 1888 4286 qui

322 4308 482 4362 nobis
515 4323 637 4362 cum
676 4307 864 4363 multis
886 4308 1062 4363 modis
1093 4307 1430 4373 benefacias,
1477 4319 1589 4362 tum
1627 4323 1724 4378 per
1755 4309 1891 4362 istos

319 4413 464 4452 nunc
499 4398 720 4453 nuntios
747 4398 1075 4454 benefacies.
1103 4397 1306 4454 Verum
1333 4400 1470 4454 nihil
1495 4414 1595 4456 nos
1626 4400 1891 4454 habemus

319 4489 565 4558 dignum,
603 4489 745 4557 quod
771 4491 1136 4557 rependamus
1160 4499 1364 4544 sanctae
1403 4489 1675 4560 majestati
1708 4487 1831 4544 tua}.
1864 4508 1883 4541 ι

321 4578 458 4632 Tum
493 4579 675 4633 statim
707 4579 841 4634 dixit
871 4580 1002 4634 mihi
1033 4583 1100 4636 de
1141 4591 1318 4636 morte
1356 4581 1654 4646 Amuratis,
1697 4596 1890 4636 narra-
1916 4607 1969 4662 ,υ

322 4673 528 4741 vitque,
566 4672 843 4740 quomodo
881 4674 1002 4740 ejus
1027 4673 1171 4729 Illius
1211 4674 1468 4744 princeps
1512 4677 1688 4730 factus
1724 4685 1890 4738 esset,

319 4774 372 4817 et
402 4764 634 4832 plurima
662 4763 766 4819 sibi
791 4764 1053 4819 beneficia
1078 4766 1442 4834 praestitisset,
1471 4775 1525 4821 et
1546 4782 1650 4835 pax
1675 4782 1894 4820 rursum

323 4857 466 4910 inter
494 4858 639 4926 ipsos
667 4867 812 4914 esset
838 4858 1181 4925 confirmata,
1215 4858 1394 4927 qualis
1420 4859 1584 4914 etiam
1616 4869 1742 4914 ante
1767 4860 1896 4915 huic

321 4948 510 5002 domui
552 4963 673 5002 cum
707 4957 860 5018 patre
891 4949 1011 5018 ejus
1045 4951 1462 5006 intercesserat.
1500 4949 1635 5016 Quae
1668 4952 1760 5005 ubi
1793 4969 1889 5006 au-

322 5041 455 5106 divi,
493 5041 764 5104 obmutui,
802 5049 1097 5108 tantusque
1127 5039 1284 5094 dolor
1317 5055 1404 5095 me
1449 5039 1692 5103 inceSsit,
1726 5058 1891 5111 quam

323 5136 368 5188 si
416 5134 696 5187 hominum
736 5134 869 5187 mihi
898 5133 1358 5188 charissimorum
1410 5141 1640 5186 mortem
1675 5146 1894 5202 compe-

324 5225 543 5278 rissem.
578 5223 784 5278 Deinde
836 5224 1078 5278 demisso
1110 5224 1316 5288 animo,
1360 5241 1380 5274 ι
1419 5221 1490 5277 Mi
1521 5223 1772 5292 despota,
1805 5223 1890 5277 in-

323 5333 508 5385 quam,
547 5317 650 5372 iste
681 5316 899 5386 quidem
935 5331 1041 5369 non
1069 5325 1258 5384 gratus
1283 5315 1509 5370 nuntius
1533 5323 1639 5380 est,
1668 5315 1763 5369 sed
1792 5315 1892 5371 ad-

322 5411 541 5464 modum
565 5411 728 5464 etiam
765 5409 1016 5464 acerbus.
1049 5427 1068 5460 ι
1107 5406 1390 5463 Tum'ille:
1422 5427 1441 5458 ‹
1469 5409 1778 5474 Quomodo,
1810 5408 1893 5461 vir

325 5499 506 5554 bone?
541 5517 560 5551 ι
604 5519 621 5552 ι
650 5500 808 5564 Quia,
847 5498 1094 5567 inquam,
1137 5499 1205 5564 is,
1245 5498 1337 5566 qui
1373 5497 1532 5558 obiit,
1564 5512 1776 5552 ameras
1805 5512 1894 5551 se-
1930 5527 1937 5533 -

325 5609 426 5646 nex
455 5604 591 5658 erat,
632 5593 936 5661 urbemque
967 5595 1104 5647 satis
1139 5592 1391 5652 tentavit.
1437 5605 1538 5644 nec
1575 5589 1690 5659 jam
1728 5589 1892 5643 ador-

321 5694 481 5738 turus
510 5699 628 5738 eam
664 5695 803 5750 erat,
846 5686 940 5740 sed
972 5698 1157 5754 pacem
1207 5697 1372 5753 quam
1425 5681 1624 5735 bellum
1672 5681 1888 5734 maluit.

327 5779 388 5829 At
421 5777 510 5844 qui
549 5790 694 5828 nunc
730 5774 908 5831 factus
931 5787 1014 5831 est
1047 5790 1287 5838 ameras,
1322 5773 1367 5826 is
1395 5782 1447 5825 et
1471 5772 1690 5841 juvenis
1727 5783 1811 5826 est
1837 5781 1892 5827 et

323 5883 351 5921 a
381 5883 552 5938 puero
584 5867 1026 5923 Christianorum
1063 5866 1338 5932 inimicus,
1378 5864 1774 5921 contumeliose
1795 5880 1888 5920 cos

1996 1990 2097 2044 ,καὶ
2127 1990 2185 2040 ἐν
2211 1989 2290 2052 τῶ
2325 1992 2478 2062 μέσῳ
2508 1991 2700 2046 τούτου
2733 1993 2828 2055 τοῦ
2863 1994 3060 2065 καιροῦ
3079 1993 3313 2046 ,ἐδύνατο
3340 1993 3405 2046 ἂν
3431 1992 3583 2061 διορ-

2000 2080 2174 2135 θῶσαι
2209 2083 2305 2136 καὶ
2333 2085 2691 2156 οἰκονομῆσαι
2724 2086 2792 2139 τὰ
2829 2086 3030 2153 πάντα,
3056 2087 3152 2138 καὶ
3185 2088 3217 2156 ὴ
3253 2085 3456 2142 ἑαυτοῦ
3487 2066 3583 2156 βαῖ

2007 2173 2188 2226 σιλεία
2221 2174 2491 2230 διέϐαινεν
2532 2179 2618 2241 είς
2647 2179 2934 2248 κρείττονα
2973 2179 3336 2248 προτίμησιν.
3371 2195 3393 2228 ›
3435 2179 3493 2233 '0
3523 2178 3580 2240 δὲ

2001 2263 2257 2334 βασιλεὺς
2314 2257 2733 2340 Τραπεζοῦντος
2779 2269 2956 2324 ταῦτά
3009 2287 3102 2340 μοι
3147 2270 3255 2349 ἔφη
3282 2287 3296 2302 ·
3333 2289 3352 2322 ι
3403 2270 3580 2334 Αὐτὸς

2003 2359 2269 2431 ὑπάρχεις
2302 2357 2383 2426 εἷς
2419 2363 2527 2417 τῶν
2557 2363 2840 2433 φρονίμων
2871 2364 3154 2435 ἀρχόντων
3201 2366 3300 2417 καὶ
3343 2382 3572 2436 πρακτι-

2000 2452 2112 2506 κῶν
2139 2454 2238 2522 τῆς
2268 2454 2440 2526 αὐλῆς
2463 2456 2701 2528 ἐκείνης,
2725 2456 2822 2512 καὶ
2841 2457 3134 2526 γινώσκεις
3169 2459 3421 2529 κρεῖττον
3448 2475 3514 2510 πε
3527 2459 3579 2527 pl.

1998 2545 2206 2598 τούτων
2231 2562 2245 2578 σ
2280 2547 2431 2618 ὅμως
2479 2548 2508 2601 ὁ
2557 2549 2714 2612 Θεὸς,
2759 2548 2836 2613 ὡς
2888 2549 3133 2615 δυνατὸς,
3166 2551 3384 2620 ποιήσει
3417 2550 3579 2603 αὐτὸν

1998 2639 2079 2700 είς
2118 2639 2346 2706 ἀγαθόν.
2385 2659 2404 2692 ι
2441 2641 2614 2705 Κάγὼ
2646 2640 2968 2713 ἀποκριθεὶς
2999 2638 3127 2695 εἶπα
3155 2657 3169 2672 ⁸
3197 2660 3215 2694 ι
3243 2642 3381 2696 Δίαν
3412 2641 3580 2711 εὐχα-

2001 2731 2172 2801 ριστῶ
2220 2736 2286 2803 τῇ
2339 2734 2720 2806 καλοκαγαθία
2762 2736 2858 2790 καὶ
2908 2738 3235 2808 προαιρέσει
3267 2737 3429 2813 213
3477 2736 3575 2790 τοῦ

2000 2824 2238 2893 κράτους
2268 2826 2544 2891 comet/51::
2567 2826 2678 2897 ἐγὼ
2703 2827 2806 2882 οὔκ
2838 2829 2958 2899 είμι
2988 2828 3256 2899 τοσαύτης
3288 2829 3576 2898 ποιότητος

1987 2915 2074 2979 ,ὡς
2109 2916 2142 2987 ή
2176 2917 2426 2987 βασιλεία
2465 2937 2558 2973 σου
2605 2920 2922 2986 ἐκέλευσας.
2964 2939 2983 2973 ι
3031 2922 3299 2984 Ἀκούσας
3331 2924 3439 2993 γὰρ
3465 2923 3576 2990 ἐγὼ

1990 3007 2079 3061 ἐτι
2105 3010 2186 3062 ὅτι
2217 3011 2250 3082 ἡ
2281 3010 2372 3064 τοῦ
2407 3013 2814 3085 προρῤηθέντος
2861 3016 3056 3085 ἀμηρᾶ
3086 3015 3246 3084 γυνὴ,
3277 3016 3309 3086 ἡ
3343 3016 3439 3074 καὶ
3479 3015 3574 3069 τοῦ

1998 3103 2095 3170 τῆς
2127 3103 2355 3172 Σερϐίας
2381 3104 2645 3159 δεσπότου
2678 3106 2953 3178 θυγάτηρ,
2977 3107 3117 3177 μετὰ
3140 3107 3239 3177 τὴν
3261 3109 3359 3162 τοῦ
3381 3109 3576 3180 άμηρᾶ

1999 3195 2094 3248 καὶ
2127 3195 2322 3267 ἀνδρὸς
2370 3198 2544 3269 αὐτῆς
2583 3197 2750 3270 θανὴν
2803 3199 3040 3270 ἐντίμως
3071 3203 3166 3258 καὶ
3197 3201 3381 3266 καλῶς
3431 3205 3574 3258 άπε-
3608 3215 3620 3226 ‘

2002 3371 2204 3428 habere
2241 3376 2591 3448 minatusque
2611 3360 2796 3435 dicere
2825 3379 3057 3445 solebat,
3082 3369 3166 3450 se,
3188 3398 3309 3438 cum
3334 3385 3570 3455 primum

1999 3465 2347 3521 occasionem
2385 3467 2690 3526 invenisset
2722 3481 2776 3526 et
2806 3485 2973 3540 regno
3002 3472 3210 3542 potitus
3248 3482 3417 3542 esset,
3458 3475 3572 3532 Ro-

1989 3571 2314 3623 -mauorum,
2360 3560 2472 3616 imo
2501 3561 2946 3620 Christianorum
2981 3566 3226 3621 omnium
3276 3567 3572 3639 imperium

1989 3648 2351 3714 ,perditurnm
2386 3660 2444 3705 et
2491 3652 2825 3712 delcturum.
2866 3642 2930 3710 Et
2963 3670 3093 3710 vero
3142 3657 3274 3720 urbs
3323 3673 3470 3714 nunc
3514 3659 3573 3716 in

1997 3739 2268 3806 angustiis
2294 3750 2375 3796 est
2403 3752 2631 3811 propter
2665 3744 2968 3814 principem
3010 3761 3197 3800 meum
3228 3755 3286 3802 et
3332 3748 3573 3818 impera-

2003 3838 2175 3909 torem
2213 3846 2404 3886 recens
2454 3850 2682 3904 regnum
2733 3837 3015 3905 adeptum,
3067 3839 3156 3893 cui
3187 3838 3259 3894 de
3304 3825 3573 3898 reditibus

1998 3921 2209 3990 imperii
2238 3911 2442 3990 grande
2466 3939 2541 3980 aes
2572 3926 2812 3984 alienum
2850 3929 3174 3987 solvendum
3204 3941 3312 3999 est,
3351 3943 3571 4004 propter

1997 4010 2372 4079 expeditiones
2399 4022 2453 4069 et
2477 4015 2729 4075 donativa
2755 4027 2868 4073 tum
2894 4019 3182 4089 militibus,
3215 4032 3328 4078 tum
3353 4025 3569 4081 cunctis

1998 4103 2195 4158 aulicis
2215 4105 2409 4160 collata
2428 4107 2747 4164 conﬂatum.
2772 4109 2955 4176 Quare
2975 4114 3318 4182 temporibus
3343 4116 3570 4185 placatis

1998 4207 2138 4264 opus
2163 4203 2267 4259 est,
2295 4204 2353 4249 ut
2383 4197 2546 4253 rebus
2571 4198 2637 4253 ad
2665 4199 2868 4263 bellum
2901 4203 3235 4260 necessariis
3269 4215 3324 4261 et
3353 4205 3570 4262 idoneis

2000 4297 2059 4337 se
2085 4283 2354 4339 instruat.
2387 4283 2543 4351 Quod
2589 4287 2636 4342 si
2669 4288 2815 4346 Deus
2846 4299 3070 4361 propter
3102 4303 3338 4363 peccata
3377 4305 3566 4361 nostra

1999 4377 2352 4444 concesserit,
2381 4389 2440 4433 ut
2458 4394 2693 4450 nequam
2716 4383 2826 4449 ille,
2850 4384 3082 4455 juvenili
3109 4388 3342 4444 audacia
3370 4398 3424 4445 et
3451 4395 3574 4447 ani-

2000 4471 2363 4540 mipravitate
2386 4482 2564 4540 actus,
2593 4476 2781 4532 urbem
2813 4476 2955 4533 bello
2977 4481 3354 4552 aggrediatur,
3378 4487 3568 4542 nescio

1998 4561 2278 4632 equidem.
2313 4563 2443 4630 quid
2478 4565 2640 4623 nobis
2691 4567 2938 4626 futurum
2989 4572 3083 4628 sit.
3135 4573 3392 4629 Profecto
3439 4575 3568 4631 felix

1998 4659 2230 4709 nuntius
2259 4653 2420 4721 foret,
2457 4659 2502 4712 si
2525 4656 2808 4726 juvenem,
2840 4661 2934 4730 qui
2955 4677 3116 4724 nunc
3142 4678 3358 4721 ameras
3389 4667 3569 4722 factus

1997 4755 2103 4806 est.
2131 4748 2338 4804 obiisse
2387 4749 2695 4816 nuntiares,
2742 4752 3013 4821 siquidem
3043 4764 3197 4825 pater
3233 4759 3355 4828 ejus
3400 4761 3565 4816 alium

1998 4840 2168 4894 filium
2212 4855 2322 4896 non
2369 4842 2594 4901 haberet
2623 4853 2677 4898 et
2708 4846 2823 4899 seni
2849 4861 2887 4906 pe
2921 4845 3073 4902 luctu
3120 4850 3360 4904 oriretur
3394 4867 3567 4921 aegro-

1985 4932 2151 4998 tatio,
2181 4949 2245 4987 ex
2274 4936 2630 5003 aegrotatione
2653 4937 2962 4994 deminutio
2985 4941 3129 5000 ~vitae
3159 4959 3174 4995 :
3208 4943 3352 4999 unde
3389 4945 3442 4998 in
3471 4961 3566 5014 pe-

1989 5025 2233 5078 riculum
2261 5034 2314 5078 et
2338 5038 2591 5095 magnam
2621 5029 2946 5085 seditionem
2975 5031 3242 5088 incideret
3262 5033 3564 5104 impiorum

1997 5117 2310 5186 imperium,
2353 5130 2540 5175 nostra
2571 5130 2755 5177 autem
2791 5122 3011 5178 interim
3047 5125 3239 5180 omnia
3265 5127 3484 5183 restitui
3511 5122 3571 5186 et

1996 5209 2371 5264 administrari
2393 5221 2644 5281 possent,
2667 5223 2728 5268 ut
2747 5216 3048 5271 auctoritas
3069 5217 3418 5287 imperatoris
3441 5221 3569 5277 inde

1998 5305 2143 5360 haud
2175 5306 2338 5375 paulo
2369 5305 2690 5362 honoratior
2732 5323 2965 5363 evasura
3001 5308 3217 5365 fuisset.
3249 5328 3271 5362 ι
3298 5301 3447 5366 Tum
3473 5328 3567 5368 re:

1997 5397 2397 5466 Trapezuntius
2425 5398 2497 5452 ita
2522 5400 2804 5468 respondit
2833 5417 2848 5454 :
2886 5418 2905 5452 ι
2934 5400 3014 5454 Tu
3039 5415 3164 5455 cum
3191 5402 3309 5471 ipse
3330 5402 3408 5458 sis
3429 5418 3570 5457 unus

1993 5505 2025 5544 e
2063 5491 2428 5560 prudentibus
2461 5500 2514 5544 et
2561 5493 2753 5561 peritis
2784 5492 2917 5546 viris
2968 5493 3118 5549 illius
3159 5495 3320 5558 aulae,
3377 5495 3572 5549 melius

1997 5585 2185 5651 utique
2205 5584 2304 5636 ista
2329 5582 2550 5637 novisti.
2571 5585 2860 5638 Enimvero
2889 5586 3051 5651 Deus,
3075 5601 3182 5654 qua
3205 5595 3290 5639 est
3311 5587 3569 5651 potentia,

1996 5676 2136 5744 frugi
2174 5675 2327 5728 illum
2362 5675 2546 5730 faciet.
2584 5695 2603 5727 ι
2664 5676 2760 5730 llic
2791 5692 2912 5746 ego,
2976 5696 2994 5728 ι
3027 5676 3272 5745 Magnas,
3319 5675 3567 5743 inquam,

1996 5771 2199 5840 gratias
2246 5785 2349 5841 ago
2402 5770 2701 5838 integritati
2755 5779 2811 5824 et
2865 5769 3100 5824 consilio
3135 5768 3388 5837 potentia:
3434 5774 3566 5830 tute,

1999 5864 2259 5935 quoniam
2294 5878 2399 5918 non
2446 5873 2631 5917 tantus
2677 5879 2822 5929 sum,
2878 5872 3142 5932 quantum
3191 5859 3451 5929 maiestas
3479 5871 3570 5917 tua
