3964 6470
282 399 387 501 817

1284 440 1737 504 CHRONICON
1776 447 2048 513 MAJUS.
2084 473 2152 485 —
2185 404 2330 514 Lm.
2381 449 2497 512 IlI.

3456 446 3580 513 818‘

289 558 409 626 ρίου
445 552 658 626 θέλημα
687 555 1014 625 γενήσηται,
1052 556 1174 609 ἐπεὶ
1200 545 1482 629 συμφέρον
1515 563 1581 632 τῇ
1620 560 1872 635 βασιλείᾳ
1899 567 1950 626 Α
1977 569 2156 634 γονεῖς
2178 569 2348 639 αὐτῆς
2380 570 2554 640 ἡδέως
2577 570 2670 624 καὶ
2694 569 2950 639 ἁσμένως
2981 568 3072 623 τὸν
3095 569 3253 638 λόγον
3279 567 3559 636 ἐδέξαντο,

285 646 382 701 σού
413 650 530 701 ἐστι
579 647 646 700 τὰ
693 648 1073 717 προειρημένα
1107 650 1235 718 τρία
1280 652 1448 715 αἴτια,
1476 652 1576 706 ἐὰν·
1620 657 1870 722 γένηται,

287 740 512 811 μᾶλλον.
549 741 660 793 Καὶ
685 742 736 793 oi
778 744 958 808 γονεῖς
990 741 1165 809 αὐτῆς
1197 745 1515 813 περιχαρῶς
1570 747 1665 799 καὶ
1699 749 1873 816 (Ξισμέό

285 849 395 895 νως
427 831 672 896 δέξονται
722 833 904 888 τοῦτο.
966 833 1381 898 Ἐξαπὸστειλον
1425 831 1520 888 οὖν
1551 836 1716 900 εὐθύς
1745 853 1872 891 τινα

286 924 480 977 πιστὸν
510 924 620 978 τῶν
648 924 744 977 τοῦ
776 923 1040 978 παλατίου
1075 941 1168 978 σου
1217 926 1500 996 ἀρχόντων
1533 927 1564 998 ἢ
1593 929 1704 983 τῶν
1731 932 1874 1002 ἱερου

287 1017 604 1088 μονάχωνῆ
652 1018 933 1087 μοναχῶν,
975 1018 1068 1068 καὶ
1120 1019 1188 1070 τὰ
1232 1021 1365 1089 περὶ
1413 1023 1608 1073 τούτου
1644 1023 1874 1092 διορθώ-

288 1129 462 1174 σουσι,
493 1112 589 1164 καὶ
638 1110 880 1181 ἀναϐολὴ
928 1111 1156 1178 οὐδεμία
1202 1114 1520 1184 γενήσεται.
1557 1139 1578 1167 ι
1625 1117 1872 1170 Ἀποσωο

284 1204 488 1257 θέντων
516 1199 612 1256 οὖν
641 1204 752 1257 τῶν
791 1206 1375 1272 γραμματοκομιστῶν
1424 1209 1564 1276 μετὰ
1605 1210 1704 1278 τῆς
1740 1211 1870 1279 νηὸς

281 1300 342 1350 ὲν
369 1300 433 1368 τῇ
467 1296 719 1368 πόλειτῇ
757 1296 844 1368 κη’
872 1297 1080 1361 Μαΐου,
1129 1300 1225 1350 καὶ
1277 1301 1304 1351 ὁ
1357 1300 1614 1369 βασιλεὺς
1659 1303 1734 1356 ὢν
1788 1308 1869 1367 εἰς

282 1391 478 1459 χοιράγ
491 1407 614 1460 ραν,
643 1390 719 1454 ὡς
746 1391 996 1461 ἐμηνύθη
1025 1391 1177 1463 αὐτῷ
1211 1393 1377 1464 216
1399 1395 1482 1446 ὅτι
1507 1397 1651 1459 τινὲς
1680 1399 1744 1450 ὲκ
1770 1397 1870 1466 τῆς

235 1474 250 1484 ’
298 1481 541 1550 Ἰϐηρίας
589 1482 936 1552 ἐληλύθασιν,
989 1484 1158 1546 ἐάσας
1209 1487 1292 1540 τὸ.
1326 1486 1590 1557 συάγρων
1643 1489 1700 1540 ἐν
1756 1491 1869 1552 τοῖς

281 1573 612 1645 ἀνακτόροις
642 1569 774 1644 ἦλθε
807 1575 950 1645 μετὰ
995 1566 1203 1648 χαρᾶςέ
1245 1578 1334 1630 Ἐν
1375 1571 1420 1646 ᾧ
1459 1579 1524 1650 δὴ
1563 1581 1744 1652 καιρῷ
1775 1579 1870 1648 ἐφ-

280 1666 456 1719 θασαν
487 1667 538 1720 οἱ
567 1671 1028 1739 χαρτοκομισταὶ,
1061 1671 1130 1740 τῇ
1158 1675 1244 1737 κη’
1272 1670 1368 1724 τοῦ
1397 1673 1600 1738 Μαΐου,
1627 1677 1692 1744 τῇ
1726 1675 1865 1747 αὐτῇ

277 1757 442 1809 νυκτὶ
474 1757 771 1811 ὑπνώττων
808 1759 982 1830 ἐφάνη
1037 1777 1128 1830 μοι
1179 1761 1302 1815 κατ’
1346 1762 1479 1832 ὄναρ
1510 1765 1592 1818 ὅτι
1624 1767 1719 1819 καὶ
1754 1765 1868 1835 ἐγὼ

277 1849 361 1913 εἰς
392 1849 493 1920 τὴν
536 1851 1118 1906 Κωνσταντινούπολιν
1151 1853 1389 1922 ἔφθασα,
1419 1857 1517 1910 καὶ
1552 1859 1870 1929 προσσπεύ-

280 1959 384 2006 σας
426 1941 506 2012 τῷ
555 1941 773 2013 βασιλεί
823 1945 1178 2014 ἀσπασθῆναι
1225 1966 1292 2017 με
1328 1951 1454 2014 τοὺς
1487 1951 1659 2016 πόδας
1699 1952 1868 2008 αὐτοῦ

223 2024 228 2027 ’
279 2036 384 2088 οὐκ
415 2035 568 2090 εἴασέ
601 2055 695 2106 με,
720 2038 837 2092 ἀλλ’
866 2039 1148 2093 ἐπιλαϐὼν
1177 2041 1448 2110 ἀνέστησέ
1481 2060 1549 2112 με
1581 2044 1676 2097 καὶ
1703 2061 1868 2098 κατε-

279 2128 475 2200 φίλησέ
511 2147 616 2200 μου
663 2131 790 2194 τοὺς
811 2131 1154 2202 ὀφθαλμούς.
1187 2133 1671 2203 Ἔγωγεέξυπνος
1717 2137 1871 2203 γενύ·

291 2239 452 2293 μενος
491 2220 648 2278 εἷπον
687 2227 802 2289 τοῖς
836 2228 968 2298 περὶ
1021 2227 1124 2296 ἐμὲ
1171 2227 1402 2282 ὐπνοῡσι
1436 2229 1495 2282 τὸ
1529 2231 1737 2302 ὅραμα,
1768 2233 1864 2285 καὶ

277 2315 428 2379 ὅπως
454 2315 558 2384 τῆς
581 2314 802 2386 ἡμέρας
831 2318 1272 2387 μνημονεύσωσι.
1317 2319 1468 2373 ἰδὼν
1505 2319 1598 2374 οὖν
1623 2323 1650 2374 ὁ
1675 2321 1869 2376 αὐθέν-

277 2422 374 2475 της
417 2422 521 2474 μου
565 2408 662 2459 καὶ
710 2406 968 2476 βασιλεὺς
1002 2407 1080 2480 μὴ
1128 2408 1305 2463 ἐλθεῖν
1341 2428 1439 2477 με,
1475 2409 1594 2464 ἀλλ’
1638 2411 1704 2465 ἐκ
1756 2411 1866 2465 τῶν

277 2500 377 2551 σὺν
419 2499 563 2570 ἐμοὶ,
593 2501 689 2553 καὶ
727 2499 828 2571 τὴν
860 2499 1090 2572 πρώτην
1125 2503 1347 2574 γραφὴν
1393 2505 1726 2572 ἀναγνώσας
1765 2488 1866 2559 πεί

279 2589 512 2660 ρίλυπος
540 2591 764 2660 ἐγένετο
795 2591 891 2646 καὶ
916 2593 1210 2664 ἐδυσφόρει
1235 2597 1563 2666 κατηγορῶν
1589 2597 1690 2666 τὴν
1720 2597 1864 2668 ἐμὴν

275 2681 587 2753 βραδύτητα
607 2700 621 2714 ο
651 2684 727 2747 ὡς
755 2685 814 2738 δὲ
843 2684 941 2756 τὴν
989 2686 1187 2756 ἑτέραν
1216 2691 1444 2759 γραφὴν
1479 2689 1575 2742 ἐπὶ
1622 2689 1723 2762 τὴν
1757 2689 1856 2744 αὐ·

277 2793 394 2844 ριον
450 2776 689 2844 ἀνέγνω,
745 2778 842 2830 καὶ
891 2777 1080 2847 μαθὼν
1117 2779 1339 2849 μέλλειν
1389 2780 1566 2835 ἐλθεῖν
1621 2781 1710 2836 διὰ
1760 2783 1862 2854 τῆς

276 2867 522 2934 γραφῆς,
555 2868 664 2920 ἰδοὺ
689 2868 935 2940 ἠρκέσθη
967 2871 1060 2924 καὶ
1109 2871 1329 2942 χαρίεις
1363 2876 1693 2945 ἐναπέμεινε
1718 2892 1732 2908 ο
1765 2878 1862 2932 καὶ

276 2959 442 3023 εὐθὺς
492 2962 862 3031 οἰκονομήσας
908 2963 1165 3036 Μανουὴλ
1215 2966 1312 3020 τὸν
1370 2967 1737 3038 Παλαιολόγον
1767 2969 1862 3024 τὸν

277 3052 380 3121 τῆς
437 3052 906 3124 Καντακουζηνῆς
956 3056 1056 3127 τῆς
1100 3061 1694 3132 πρωτοστρατορίσσης
1730 3063 1860 3116 ἀνε-

275 3144 425 3213 ψιὸν,
453 3143 840 3211 ἐξαπέστειλεν
865 3148 1028 3202 αὐτὸν
1053 3151 1191 3222 πρὸς
1227 3152 1322 3206 τὸν
1351 3151 1454 3221 τῆς
1502 3152 1738 3222 Σερϐίας
1767 3153 1856 3207 δε-

1980 658 2075 710 καὶ
2103 659 2336 729 ἑτοίμως
2357 656 2507 731 εἶχον
2540 661 2899 732 ἐκπληρῶσαι
2929 665 3025 716 καὶ
3054 664 3114 715 τὸ
3145 664 3328 733 ἔργον.
3364 663 3565 717 Ἀλλον

1978 751 2089 822 γὰρ
2119 753 2221 806 οὐκ
2256 754 2500 808 ἐκώλυσε
2532 755 2592 808 τὸ
2641 755 2887 809 τοιοῦτον
2925 757 3262 809 συνοικέσιον
3290 758 3339 809 εἰ
3376 757 3450 826 μὴ
3478 757 3565 808 ὅτι

1977 843 2015 912 ή-
2048 843 2337 912 ὰμήρισσα
2375 843 2570 914 ἐδεήθη
2603 843 2700 895 τοῦ
2749 826 2894 897 Θεοθ
2921 845 3194 913 εὐχομένη
3232 842 3447 907 τάξασα
3483 841 3566 892 ἐτι

1977 933 2181 998 ζῶντος
2218 935 2309 988 τοῦ
2341 935 2536 1006 ἀμηρᾶ
2579 937 2674 990 καὶ
2705 936 2901 1006 ἀνδρὸς
2941 936 3133 1005 αὐτῆς,
3165 937 3214 988 εἰ
3247 938 3274 988 ὁ
3307 934 3441 996 Θεὸς
3467 934 3565 1002 οῖῳ

1973 1025 2038 1096 δή
2081 1043 2208 1079 ποτε
2233 1027 2423 1098 τρόπῳ
2451 1027 2798 1100 ἐλευθερώσῃ
2835 1027 3008 1098 αὐτὴν
3042 1028 3106 1079 ἐκ
3141 1028 3241 1090 τὰς
3276 1027 3386 1078 τῶν
3437 1027 3566 1079 ἀσε-

1976 1117 2087 1169 ϐῶν
2114 1120 2322 1188 χεῖρας,
2353 1118 2530 1189 ἐτέρῳ
2564 1119 2721 1190 ἀνδρὶ
2769 1121 2970 1190 μηκέτι
3005 1118 3063 1170 ἐν
3117 1120 3183 1187 τῇ
3245 1117 3408 1186 217
3448 1114 3562 1186 ζωῇ

1975 1209 2151 1278 αὐτῆς
2175 1209 2528 1279 συζευχθειη,
2552 1211 2688 1264 ἀλλὰ
2719 1212 2906 1281 μένειν
2935 1209 3105 1278 αὐτὴν
3134 1210 3193 1262 ἐν
3227 1207 3562 1278 σοφρωσύνῃ

1973 1302 2425 1371 παρθενεύουσᾶν
2475 1307 2572 1359 καὶ
2625 1306 2770 1360 κατὰ
2825 1305 2888 1358 τὸ
2942 1303 3172 1356 δυνατὸν
3228 1300 3566 1372 θεραπεύειν

1971 1394 2093 1465 Θεῷ
2128 1394 2206 1464 τῷ
2231 1396 2333 1468 τὴν
2368 1397 2686 1468 ἐλευθερίαν
2725 1396 2898 1466 αὐτῆς
2932 1395 3346 1467 χορηγήσαντιο
3380 1392 3449 1446 δι’
3498 1391 3566 1462 ἢν

1972 1486 2156 1541 αἰτίαν
2187 1488 2246 1540 τὸ
2282 1488 2624 1542 συνοικέσιον
2663 1489 2822 1542 τοῦτο
2856 1490 2956 1542 οὐκ
2986 1489 3230 1557 ἐγένετο.

2042 1579 2133 1650 Τῷ
2164 1580 2260 1634 τοῦ
2312 1579 2479 1634 αὐτοῦ
2515 1580 2670 1645 ἔτους
2716 1582 3017 1652 Αὐγούστῳ
3074 1584 3209 1651 μηνὶ
3247 1580 3406 1650 διέϐη
3452 1578 3564 1634 άπὸ

1970 1672 2070 1741 τῆς
2100 1672 2313 1737 πόλεως
2336 1672 2412 1736 ὡς
2445 1674 2622 1743 φυγάς
2647 1675 2676 1726 ὁ
2707 1674 3060 1746 πατριάρχης
3088 1674 3196 1743 κῦρ
3227 1673 3561 1745 Γρηγόριος.

1971 1765 2066 1817 καὶ
2101 1763 2213 1834 ἐγὼ
2257 1768 2322 1836 τῇ
2379 1766 2440 1820 ιδ’
2476 1766 2572 1820 τοῦ
2625 1766 3005 1837 Σεπτεμϐρίου
3057 1767 3228 1837 μηνὸς
3281 1766 3376 1819 τοῦ
3407 1765 3562 1834 ,ς-ῇξθ

1971 1855 2126 1919 ἔτους
2175 1858 2256 1920 εἰς
2314 1857 2899 1911 Κωνσταντινούπολιν
2949 1859 3216 1913 ἀπέσωσα
3273 1858 3416 1930 μετὰ
3464 1861 3567 1928 τῆς

1973 1949 2103 2020 νηὸς
2135 1949 2232 2002 τοῦ
2273 1949 2444 2003 καλοῦ
2475 1950 2768 2004 ’Δντωνῑου
2812 1951 3050 2015 Ῥίτζου,
3078 1950 3172 2004 τοῦ
3209 1952 3307 2004 καὶ
3334 1950 3568 2021 ὕστερον

1976 2037 2436 2110 μαρτυρήσαντος
2481 2037 2625 2110 ὑπὲρ
2685 2039 2788 2110 τῆς
2843 2039 2924 2102 είς
2973 2039 3218 2110 Χριστὸν
3264 2039 3428 2093 αὐτοῦ
3477 2039 3568 2093 πι-

1975 2131 2172 2193 στεως.

2044 2221 2114 2293 β’.
2146 2222 2393 2288 Τελέσας
2417 2219 2510 2278 οὖν
2544 2223 2656 2294 ἐγὼ
2686 2223 2746 2277 τὸ
2775 2223 3118 2278 συνοικέσιον
3149 2226 3204 2278 ἐν
3231 2226 3296 2296 τῇ
3330 2223 3564 2297 Ἰϐηρίᾳ,

1971 2313 2059 2369 ἵνα
2095 2315 2241 2387 λάϐῃ
2283 2317 2312 2368 ὀ
2340 2317 2612 2387 αὐθέντης
2646 2334 2749 2386 μου
2780 2317 2879 2387 τὴν
2925 2317 3020 2370 τοῦ
3051 2317 3232 2386 ἐκεῖσε
3264 2318 3436 2386 ρηγὸς
3470 2316 3568 2370 θυ-

1970 2410 2204 2481 γατέρα,
2235 2409 2386 2472 εἰδὼς
2421 2410 2504 2464 ὅτι
2537 2412 2791 2481 κρεῖττον
2834 2405 2906 2482 ἦν
2938 2411 3000 2463 τὸ
3038 2412 3096 2465 ἐν
3136 2413 3201 2481 τῇ
3229 2410 3447 2482 Ἰϐηρίᾳ
3470 2411 3567 2465 τοῦ

1968 2502 2068 2572 τῆς
2124 2499 2569 2572 Τραπεζοῦντος.
2622 2496 2759 2555 Εἰπέ
2818 2518 2909 2571 μοι
2939 2501 3051 2571 γὰρ
3105 2504 3132 2554 ὁ
3182 2503 3283 2570 τῆς
3320 2498 3570 2572 Ἰϐηρίας
3664 2545 3668 2548 .

1970 2593 2376 2664 προειρημένος
2409 2592 2512 2666 ρὴξ
2533 2593 2737 2647 τοιάδε·
2775 2611 2794 2645 t
2833 2594 2948 2647 Οὐκ
2978 2593 3094 2646 ἔστι
3130 2591 3402 2664 συνήθεια
3429 2573 3567 2664 παρ’

1967 2687 2100 2757 ἡμῖν
2131 2686 2220 2739 ἴνα
2243 2685 2464 2739 διδῶσιν
2493 2686 2758 2756 χρήματα
2780 2687 2834 2760 αῖ
2858 2687 3121 2754 γυναῖκες
3147 2687 3263 2748 τοῖς
3294 2685 3560 2762 ἀνδράσιν

1966 2777 2064 2842 οὓς
2093 2779 2353 2849 μέλλουσι
2381 2778 2595 2844 λαϐεῖν,
2627 2778 2742 2831 ἀλλ’
2774 2779 2822 2831 οἱ
2859 2779 3054 2848 ἄνδρες
3088 2780 3210 2841 ταῖς
3245 2778 3556 2846 γυναιξίν.»

1980 2869 2127 2938 Ἐγὼ
2156 2869 2213 2922 δὲ
2241 2869 2566 2938 ἀποκριθεὶς
2585 2869 2757 2923 αιτῶν
2786 2869 3017 2939 ἱλασμὸν
3041 2867 3176 2939 παρ’
3203 2868 3368 2922 αὐτοῦ
3397 2870 3566 2935 λέγωο

1972 2978 1993 3012 ‹
2026 2963 2143 3014 Οὐκ
2174 2962 2386 3033 ἥκουσα
2411 2963 2633 3015 πώποτε
2663 2961 2925 3033 τοιαύτην
2956 2961 3252 3032 συνήθειαν
3285 2964 3377 3015 καὶ
3402 2962 3568 3031 νόμον

1964 3055 2042 3118 ὡς
2073 3057 2104 3125 ἡ
2137 3054 2389 3126 βασιλεία
2442 3072 2536 3109 σου
2589 3059 2981 3126 προστάττεις.
3022 3073 3041 3106 ι
3101 3055 3161 3109 '0
3213 3056 3270 3110 δὲ
3306 3054 3569 3126 βασιλεὺς

1963 3149 2227 3218 γελάσας,
2273 3151 2412 3221 τάχα
2448 3149 2751 3219 θαυμάζων
2797 3150 2926 3212 τοὺς
2951 3150 3145 3216 λόγους
3202 3167 3326 3219 μου,
3376 3146 3557 3203 εἶπεν⁹

279 3238 512 3308 σπότην,
553 3239 638 3292 ἵνα
673 3241 947 3312 δοκιμάσῃ
992 3244 1090 3299 καὶ
1126 3245 1216 3319 ῐδῃ
1276 3247 1406 3317 περὶ
1449 3245 1510 3300 οὗ
1544 3249 1601 3301 ἐν
1647 3251 1713 3320 τῇ
1750 3250 1859 3321 ἐμῇ
1891 3249 1938 3313 c
1974 3259 1994 3293 ι
2029 3243 2142 3294 Οὐκ
2173 3235 2341 3306 οἶδας,
2374 3238 2673 3310 τιμιώτατε
2704 3239 2858 3309 ἄνερ,
2881 3238 2935 3294 τί
2961 3257 3130 3310 φησιν
3160 3241 3189 3293 ὁ
3215 3241 3394 3311 μέγας
3426 3243 3568 3296 Και-

275 3331 544 3406 ἐπιστολῇ
571 3332 827 3406 γέγραφα
863 3339 1234 3394 συνοικεσίου.
1285 3341 1398 3395 Καὶ
1447 3342 1783 3409 ἀκούσαντες
1811 3345 1862 3396 οι

277 3521 420 3563 uxor
451 3507 576 3576 fuit,
610 3520 664 3567 et
713 3511 784 3568 ab
817 3527 906 3579 eo,
940 3515 1122 3582 aiunt,
1173 3532 1242 3573 ne
1278 3527 1422 3574 tacta
1460 3518 1687 3590 quidem
1724 3530 1806 3576 est
1843 3535 1857 3573 :

275 3616 449 3670 quare
478 3619 578 3659 nec
601 3604 900 3660 liberorum
927 3610 1231 3680 quidquam
1256 3614 1464 3676 genuit.
1497 3615 1575 3668 Ad
1604 3623 1858 3683 quartana

272 3694 388 3761 jam
427 3696 696 3752 rationem
728 3699 877 3767 quod
918 3701 1136 3783 attinet,
1180 3703 1401 3757 etiamsi
1430 3720 1640 3760 annosa
1665 3716 1772 3770 est,
1811 3706 1857 3760 si

278 3791 611 3858 conceperit,
665 3790 756 3846 fiet
808 3792 996 3867 utique
1028 3794 1282 3850 voluntas
1329 3795 1444 3862 Dei,
1479 3799 1703 3867 quando
1743 3806 1858 3851 tres

279 3891 402 3934 ante
423 3866 864 3939 commemorata:
878 3887 1122 3942 rationes
1140 3887 1412 3957 majestali
1431 3866 1536 3945 tua!
1554 3891 1861 3947 commoda:

277 3987 456 4029 erunt.
483 3973 745 4032 Parentes
779 3978 902 4048 ejus
938 3988 1120 4035 autem
1153 3979 1392 4036 libenter
1419 3991 1476 4036 et
1509 3982 1706 4052 cupide
1733 3997 1856 4037 eam

276 4067 648 4122 conditionem
697 4071 985 4140 arripient.
1024 4071 1108 4127 Tu
1151 4074 1265 4143 jam
1309 4072 1606 4130 confestim
1647 4074 1854 4130 mittito

278 4157 415 4214 mihi
444 4159 656 4216 ﬁdelem
687 4165 1002 4233 quempiam
1044 4164 1112 4220 de
1149 4165 1485 4234 primoribus
1514 4167 1730 4237 palatii,
1764 4176 1861 4223 aut

279 4255 752 4320 hieromonachis,
804 4269 902 4314 aut
947 4261 1258 4328 monachis,
1291 4277 1494 4332 resque
1529 4265 1646 4320 hazc
1675 4264 1858 4320 admi-

214 4355 220 4359 '
277 4345 626 4412 nistrabitur,
658 4363 764 4407 nec
788 4351 896 4406 ulla
931 4367 1090 4408 mora
1119 4355 1245 4409 erit.
1277 4372 1296 4408 ι
1331 4354 1470 4410 Cum
1505 4355 1543 4411 ii
1584 4356 1677 4426 qui
1703 4357 1861 4412 litte-

279 4455 368 4494 ras
394 4441 709 4509 portabant,
735 4445 874 4506 salvi
909 4445 978 4501 ad
1014 4448 1206 4504 urbem
1232 4451 1581 4530 appulissent
1602 4451 1692 4508 die
1725 4451 1852 4508 Maii

276 4530 368 4598 28,
413 4532 738 4602 imperator,
773 4538 868 4607 qui
903 4537 1044 4594 forte
1074 4556 1238 4611 apros
1279 4545 1610 4612 venabatur,
1650 4545 1857 4601 certior

280 4624 480 4692 factus,
508 4627 799 4685 advenisse
825 4633 1094 4702 quosdam
1128 4649 1195 4690 ex
1222 4634 1426 4702 Iberia,
1465 4638 1656 4693 relicta
1697 4653 1864 4694 vena-

281 4719 452 4786 tione,
508 4723 856 4784 laetabundus
895 4729 1162 4798 palatium
1208 4734 1386 4802 petiit.
1449 4734 1572 4802 Quo
1619 4746 1870 4806 tempore

283 4812 549 4870 tabellarii
575 4818 939 4885 advenerunt,
975 4823 1064 4877 die
1085 4823 1158 4879 28
1187 4824 1338 4889 Maii,
1361 4826 1551 4881 eadem
1580 4835 1745 4882 nocte
1768 4811 1902 4897 per‘

280 4922 538 4964 somnum
570 4909 722 4966 visus
744 4912 880 4968 mihi
913 4929 1036 4970 sum
1065 4928 1119 4971 et
1144 4917 1260 4988 ipse
1281 4917 1475 4974 adesse
1497 4919 1676 4988 Cpoli,
1706 4934 1866 4974 cum-

279 5019 386 5072 qne
440 5004 759 5062 festinarem
795 5009 864 5063 ad
904 5011 1318 5080 imperatorem,
1354 5030 1530 5086 genua
1570 5015 1694 5085 ejus
1749 5031 1870 5070 am-

283 5099 562 5164 pli-exutus,
604 5101 826 5155 retineri
856 5103 928 5157 ab
955 5118 1023 5160 eo
1053 5113 1110 5159 et
1152 5106 1434 5162 sublevari
1461 5115 1516 5161 et
1547 5109 1746 5164 osculo
1777 5123 1870 5163 sa-

282 5191 467 5245 lutari.
495 5190 950 5262 Expergefactus,
981 5196 1048 5252 iis
1075 5198 1170 5268 qui
1201 5199 1349 5253 circa
1377 5214 1466 5254 me
1490 5199 1864 5264 dormiebant,

1893 4589 1945 4650 D

1968 3334 2194 3406 σάριος;
2227 3335 2516 3403 Διαφόρων
2549 3334 2720 3387 ἐθνῶν
2757 3334 2962 3408 τρόπον
3008 3351 3068 3388 τε
3120 3337 3216 3389 καὶ
3246 3335 3414 3406 νόμον
3440 3336 3567 3407 ἐξη-

1965 3538 2190 3578 cuaena:
2214 3519 2709 3592 protostratorisste
2733 3517 3159 3584 consobrinum,
3185 3517 3254 3572 ad
3275 3517 3564 3589 despotam

1965 3615 2170 3670 Servis:
2204 3615 2500 3683 ablegavit,
2538 3621 2601 3666 ut
2644 3613 2692 3666 is
2723 3611 2794 3667 de
2825 3611 3102 3682 conjugio,
3133 3611 3202 3666 dc
3247 3625 3361 3681 quo
3391 3611 3571 3680 scrip-

1965 3707 2497 3777 seram,inquireret
2533 3718 2599 3758 ac
2626 3704 2863 3759 videret.
2897 3702 3159 3757 Parentes
3190 3702 3570 3770 ejuslihenter

1964 3798 2234 3867 e-tcupide
2276 3797 2642 3853 conditionem
2679 3802 3041 3865 acceperunt,
3075 3801 3130 3848 et
3154 3795 3221 3848 ad
3251 3809 3364 3848 rem
3399 3794 3568 3864 perfi-

1962 3890 2214 3944 ciendam
2247 3888 2422 3958 parati
2446 3897 2622 3942 erant.
2649 3884 2810 3940 Nulla
2842 3885 2989 3941 enim
3019 3884 3125 3940 alia
3164 3900 3251 3940 res
3294 3885 3347 3939 id
3368 3885 3568 3954 conju-

1963 3981 2110 4052 ginm
2136 3981 2484 4046 impediebat,
2508 3980 2615 4035 nisi
2641 3980 2786 4050 quod
2818 3979 3104 4042 amerissa,
3130 3981 3254 4034 vivo
3279 3979 3565 4034 etiamtum

1961 4087 2148 4128 amera
2204 4073 2459 4143 conjuge,
2505 4070 2779 4126 ad‘Deum
2828 4080 3046 4140 precata
3095 4073 3482 4135 constituerat,
3522 4069 3571 4126 si

1966 4166 2109 4221 Deus
2127 4181 2238 4236 quo
2270 4166 2484 4221 tandem
2510 4179 2729 4235 cunque
2754 4164 2913 4219 modo
2945 4163 3232 4219 liberasset
3255 4179 3313 4218 se
3332 4180 3363 4218 e
3394 4163 3570 4217 Inani-

1962 4260 2064 4314 bus
2096 4261 2409 4330 impiorum,
2443 4258 2537 4313 alii
2571 4257 2791 4314 nemini-
2814 4273 2908 4328 per
2943 4267 3109 4312 totam
3141 4257 3306 4312 vitam
3331 4257 3564 4322 nubere,

1961 4351 2055 4406 sed
2093 4351 2147 4405 in
2175 4350 2426 4406 castita-te
2463 4350 2737 4421 virginali,
2770 4355 2915 4420 quod
2944 4359 3179 4405 restaret
3204 4351 3348 4414 vitm,
3393 4359 3568 4405 trans-

1963 4443 2112 4514 igere
2161 4453 2215 4498 et
2246 4459 2346 4514 pro
2375 4442 2583 4498 viribus
2611 4443 2746 4510 Deo,
2799 4443 3081 4499 liberatori
3121 4457 3244 4508 suo,
3284 4445 3517 4499 servire.

2046 4537 2306 4607 Ejusdem
2357 4536 2488 4590 anni
2517 4551 2710 4592 mense
2730 4536 2987 4607 Augusto
3021 4552 3088 4592 ex
3122 4538 3260 4592 urbe
3292 4536 3569 4607 profugus

1975 4630 2111 4686 abiit
2133 4629 2435 4701 Gregorius
2463 4629 2803 4700 patriarcha,
2844 4638 3011 4700 atque
3042 4645 3146 4701 ego
3186 4631 3275 4685 die
3308 4632 3377 4685 Η
3409 4646 3568 4684 men-

1977 4724 2057 4780 sis
2107 4723 2451 4794 Septembris
2511 4723 2642 4776 anni
2674 4721 2818 4778 6960
2854 4722 3069 4791 Cpolim
3117 4722 3320 4777 reverti
3350 4723 3405 4776 in
3441 4723 3568 4778 navi

1975 4817 2081 4872 viri
2122 4817 2316 4888 optimi
2380 4816 2606 4870 Antonii
2671 4812 2857 4882 Ritzi,
2910 4813 3160 4885 ejusdem
3217 4817 3312 4884 qui
3374 4828 3564 4885 postea

1977 4920 2201 4982 propter
2234 4909 2396 4964 fidem
2425 4909 2634 4964 Christi
2667 4907 2993 4978 martyrium
3028 4907 3277 4976 pertulit.

1959 4995 1963 4999 ’
2047 5003 2106 5058 2.
2132 5002 2359 5059 Confeci
2390 5003 2558 5073 igitur
2573 5000 2892 5072 conjugium
2919 4998 3190 5062 inlberia,
3215 5008 3275 5054 ut
3301 4998 3565 5055 dominus

1977 5111 2136 5153 meus
2198 5097 2347 5151 illius
2372 5097 2520 5167 regis
2582 5095 2752 5150 ﬁliam
2798 5094 3050 5149 duceret.
3084 5091 3356 5149 Noveram
3388 5093 3560 5156 enim,

1977 5192 2320 5247 connubiutn
2353 5191 2621 5246 lbericum
2656 5200 2920 5261 praestare
2965 5189 3360 5262 Trapezuntio.
3389 5189 3562 5245 Nam-

283 5285 554 5340 somnium
597 5287 840 5355 narravi,
871 5296 1039 5357 atque
1068 5289 1205 5356 dixi,
1235 5301 1294 5345 ut
1318 5291 1426 5347 diei
1461 5291 1868 5346 meminissent.
1949 5295 2085 5353 lque
2112 5282 2186 5338 ila
2228 5282 2363 5336 mihi
2399 5282 2614 5336 dixerat
2654 5281 2940 5336 [berorum
2971 5295 3066 5336 rex
3097 5297 3112 5335 ε
3155 5279 3356 5336 (Νουίε
3387 5279 3562 5334 moris

284 5376 584 5443 Imperator
617 5387 828 5443 autem,
881 5381 1143 5436 dominus
1184 5397 1366 5449 meus,
1405 5383 1495 5438 ubi
1537 5396 1646 5436 non
1686 5381 1866 5452 ipsum

285 5484 390 5535 me,
422 5469 516 5525 sed
553 5485 585 5526 e
617 5472 914 5529 comitibus
950 5474 1190 5543 aliquem
1221 5475 1416 5529 adesse
1445 5475 1866 5544 animadvertit,

283 5570 337 5615 et
385 5563 629 5631 priorem
661 5564 797 5634 legit
828 5565 1144 5642 epistolam,
1181 5575 1414 5623 moestus
1453 5565 1656 5648 factus,
1683 5568 1868 5638 segni-

286 5655 416 5709 tiam
445 5672 624 5712 meam
656 5674 800 5729 tegre
829 5661 956 5715 tulit
991 5662 1413 5732 accusavitque.
1447 5659 1551 5716 Ubi
1581 5669 1765 5715 autem
1793 5661 1872 5715 al-

287 5753 461 5800 teram
495 5745 584 5801 die
612 5750 865 5818 sequenti
908 5751 1039 5821 legit
1069 5739 1267 5822 meque
1296 5761 1588 5807 venturum
1620 5766 1743 5807 esse
1781 5752 1870 5806 di-

287 5837 442 5904 dicit,
461 5839 741 5909 acquievit
762 5850 815 5896 et
840 5841 1044 5897 laetitiae
1066 5845 1323 5908 sededit,
1351 5844 1651 5914 statimque
1679 5859 1863 5898 rerum

290 5932 487 5989 notitia
515 5934 842 5992 instructum
879 5934 1186 5994 Manuelem
1224 5937 1614 6008 Palaiologum,
1663 5935 1869 5992 Canta-

1976 5391 2086 5430 non
2124 5383 2229 5440 est,
2263 5384 2322 5429 ut
2376 5375 2558 5428 dotem
2591 5375 2726 5428 dent
2756 5371 2972 5428 feminae
3007 5373 3163 5436 viris,
3211 5373 3414 5442 quibus
3461 5387 3563 5426 nu-

1975 5477 2154 5539 plura:
2179 5477 2330 5529 sunt,
2350 5467 2446 5522 sed
2467 5465 2568 5519 viri
2589 5464 2865 5521 feminis.»
2893 5465 3006 5534 Ego
3021 5465 3290 5534 praefatus
3319 5463 3559 5529 veniam,

1977 5575 2258 5630 numquam
2286 5575 2374 5614 me
2402 5558 2470 5613 de
2498 5559 2604 5613 isto
2650 5572 2803 5612 more
2833 5557 3088 5629 autlege,
3136 5559 3357 5627 qualem
3396 5557 3566 5626 maje-

1977 5662 2096 5707 stas
2129 5651 2304 5720 ipsius
2330 5649 2562 5713 diceret,
2587 5650 2816 5706 audisse
2846 5651 3127 5719 respondi.
3150 5649 3290 5705 Tum
3319 5664 3412 5702 rex
3435 5649 3567 5703 sub-

1976 5747 2163 5802 ridens
2184 5755 2240 5800 et
2263 5742 2424 5815 quasi
2454 5744 2663 5798 mirans
2685 5744 2852 5798 verba
2888 5759 3047 5799 mea:
3082 5743 3330 5806 «δεῖευρ,
3363 5742 3564 5810 inquit,

1979 5841 2064 5895 vir
2110 5838 2577 5904 bonoratissime,
2615 5836 2751 5907 quid
2785 5852 3018 5906 magnus
3058 5837 3204 5891 dicat
3242 5833 3567 5890 Ciesarius?

1976 5932 2332 5988 Diversarum
2352 5929 2594 6003 gentium
2617 5943 2800 5985 mores
2818 5938 2873 5985 et
2888 5928 3145 5985 instituta
3163 5927 3448 5998 explicans
3507 5942 3564 5998 in
