3964 6494
425 402 536 472 819
776 386 793 398 ’
1684 415 2020 479 GEORGII

2145 416 2491 481 [ΒΑΝΤΖιλΕ
2703 437 2707 440 ·
3599 427 3687 491 8Ξο

431 524 700 595 γούμενος
728 526 786 578 ἐν
808 526 1048 598 ἐπιτομῇ
1077 527 1255 581 τοιάδε
1293 528 1517 597 φάσκει·
1561 529 1649 583 Ἐν
1677 533 1886 604 ἑκάστῃ
1907 533 2021 604 γὰρ
2050 536 2099 597 Α
2130 535 2310 604 μελῶς
2340 535 2437 590 καὶ
2465 535 2852 608 ὲκτρέφουσιν.
2883 535 3068 600 Οὕτως
3103 538 3204 592 καὶ
3232 537 3304 590 τά
3349 535 3596 604 ἐνταῦθα,
3623 539 3689 603 ὡς

429 617 586 689 χώρᾳ
618 619 712 672 καὶ
733 617 946 672 ἔθνεσιν
966 620 1026 671 ἐν
1049 623 1162 682 τοῖς
1194 620 1294 690 μὲν
1323 621 1623 692 ἐγγράφως
1651 623 1815 692 νόμος
1838 626 2014 690 ἐστὶν,

431 711 490 760 ὲν
513 710 627 771 τοῖς
659 708 716 762 δὲ
942 710 1212 780 ἀγράφως
1240 712 1333 765 καὶ
1376 713 1668 784 συνήθειαο
1704 715 1867 784 νόμος
1902 716 2018 786 γὰρ

429 796 498 848 τά
523 797 734 866 πάτρια
757 798 906 851 δοκεῖ
935 794 1099 856 εἶναι.
1133 800 1224 864 Ὧς
1249 802 1468 872 πρῶτον
1491 805 1665 876 Σῆρες
1695 808 1745 858 οἱ
1766 807 1825 860 τὸ
1847 808 2019 877 ἀκρον

429 891 533 960 τῆς
562 891 669 961 γῆς
724 892 1004 957 οίκοῦντες
1036 894 1238 964 νόμους
1287 895 1472 966 ἔχουσι
1520 899 1588 950 τά
1639 901 1847 968 πάτρια
1891 900 2015 968 ἔθη,

437 985 514 1056 μὴ
548 986 839 1056 πορνεύειν
890 986 924 1057 ἢ
975 988 1233 1042 κλέπτειν
1279 990 1310 1059 ἢ
1363 990 1628 1061 λοιδορεῖν
1677 993 2016 1063 ἢφονεύειυ.

433 1078 622 1145 Νόμος
657 1078 714 1132 δὲ
752 1078 905 1151 παρὰ
934 1081 1294 1152 Βακτριανοῖς
1319 1084 1352 1154 ή
1383 1085 1448 1138 ἐκ
1475 1087 1763 1154 προγόνων
1797 1087 2019 1140 παιδεία

435 1168 536 1222 καὶ
565 1169 840 1238 εὐσέϐεια,
879 1171 953 1240 μὴ
1003 1175 1351 1241 κρεωφαγεῖν
1397 1174 1430 1244 ἢ
1486 1178 1790 1228 οἰνοποτεῖν
1840 1175 1872 1245 ἦ
1920 1177 2020 1229 λα-

438 1260 657 1328 γνεύειν
707 1261 740 1332 ἢ
790 1264 1022 1316 παντοῖα
1057 1265 1203 1317 κακὰ
1246 1265 1698 1337 διαπράττεσθαι,
1741 1269 1916 1321 καίτοι
1956 1287 2017 1336 γε

439 1350 550 1403 τῶν
574 1355 1018 1428 παρακειμένων
1038 1355 1226 1416 αὐτοῖς
1260 1357 1724 1412 Ἰνδῶνιτὰναντία
1755 1359 2024 1430 διαπρατ-

439 1444 684 1512 τομένων
714 1445 912 1509 ἀδεῶς.
957 1447 1049 1500 Ἐν
1078 1447 1136 1502 δὲ
1166 1451 1284 1511 τοῖς
1331 1450 1633 1521 ἐνδοτέροις
1668 1453 1861 1522 μέρεσι
1896 1454 2022 1506 τού-

438 1549 550 1586 των
609 1533 1042 1604 ἀνθρωποφάγοι
1094 1537 1203 1590 εἰσὶ
1258 1539 1353 1591 καὶ
1401 1539 1528 1601 τοὺς
1580 1540 2024 1608 ὲπιξενωμένους

440 1622 808 1690 ἀναιροῦντες
855 1625 1126 1680 ἐσθίουσι.
1159 1628 1341 1697 Νόμος
1379 1629 1673 1693 Χαλδαίοις
1707 1632 1802 1683 καὶ
1847 1631 2026 1684 Βαϐυ-

441 1712 658 1777 λωνίοις
721 1716 1014 1784 ἀσελγείας
1066 1718 1165 1772 καὶ
1232 1714 1630 1790 αἰσχρουργίας
1692 1721 2021 1792 ἀνάμεστος.

447 1805 644 1868 Ἄλλος
678 1805 735 1858 δὲ
761 1805 917 1877 παρά
947 1807 1213 1876 Πηλαίοις
1244 1809 1430 1879 νόμος,
1454 1812 1722 1879 γυναῖκας
1755 1815 2028 1883 γεωργεῖν

447 1898 544 1950 καὶ
593 1889 904 1968 οἰκοδομεῖν
935 1901 1030 1953 καὶ
1059 1899 1128 1954 τὰ
1158 1901 1268 1954 τῶν
1305 1901 1520 1973 ἀνδρῶν
1555 1904 1842 1972 πράττειν,
1873 1881 2028 1957 ήάλλά
2056 1881 2104 1940 Β

445 1989 542 2040 καὶ
574 1989 866 2059 πορνεύειν
918 1991 995 2055 ὠς
1037 1991 1341 2061 βούλονται,
1395 1992 1472 2064 μὴ
1527 1995 1876 2062 κωλυόμεναι
1923 1997 2030 2050 ὑπὸ

442 2081 553 2134 τῶν
587 2081 799 2154 ἀνδρῶν
829 2083 1011 2137 αὐτῶν
1045 2085 1348 2150 παντελῶς·
1386 2089 1445 2140 ὲν
1481 2083 1572 2152 αἷς
1599 2090 1913 2160 ὑπάρχουσι
1934 2090 2030 2142 καὶ⁵

445 2173 704 2226 πλεῖσται
728 2209 732 2211 »
759 2175 1209 2248 πολεμικώταται
1249 2179 1348 2232 καὶ
1398 2179 1648 2252 θηρῶσαι
1681 2183 1750 2234 τὰ
1787 2183 1864 2254 μὴ
1909 2182 2032 2236 λίαν

448 2263 788 2335 ίσχυρότατα
817 2267 927 2320 τῶν
959 2265 1186 2338 θηρίων.
1231 2269 1322 2322 Ἐν
1351 2269 1655 2343 Βρεταννίᾳ
1687 2273 1744 2326 δὲ
1788 2273 2032 2343 πλεῖστοι

444 2355 556 2410 τῶν
589 2357 803 2427 ἀνδρῶν
828 2361 930 2429 μιᾷ
963 2361 1400 2432 συγκαθεύδουσι
1430 2342 1672 2431 γυναικί,
1711 2342 1806 2418 καί
1838 2364 2033 2418 πολλαὶ

445 2446 709 2514 γυναῖκες
741 2449 822 2502 ἑνὶ
867 2450 1236 2521 ἐταιρίζονται
1261 2454 1436 2523 ἀνδρί.
1473 2457 1538 2508 At
1566 2456 1885 2524 ’Δμαζῶναι
1935 2458 2034 2526 μὲν

448 2549 584 2593 ποτε
610 2541 790 2612 καιρῷ
835 2541 1039 2614 ἄνδρας
1086 2545 1187 2598 οὐκ
1218 2545 1458 2616 είχασιν,
1497 2547 1616 2600 ἀλλ’
1640 2547 1715 2608 ὡς
1757 2549 1826 2601 τὰ
1864 2548 2036 2615 ἀλογα

449 2633 566 2698 ζῶα
597 2632 748 2698 ἀπαξ
769 2633 871 2688 τοῦ,
899 2637 1153 2691 ἐνιαυτοῦ
1193 2639 1326 2710 περὶ
1351 2639 1450 2710 τὴν
1487 2640 1710 2712 ἐαρινὴν
1738 2641 2034 2712 ἰσημερίαν

447 2726 741 2796 ὑπερόριοι
768 2728 1038 2795 γίνονται,
1067 2727 1163 2784 καὶ
1193 2731 1529 2801 μιγνύμεναι
1564 2736 1678 2797 τοῖς
1724 2735 2036 2802 γειτνιῶσιν

449 2819 718 2890 ἀνδράσιν
749 2821 827 2886 ὼς
883 2824 1196 2895 πανήγυρίν
1246 2841 1375 2878 τινα
1410 2826 1510 2880 καὶ
1545 2828 1794 2898 μεγάλην
1841 2829 2037 2898 ἑορτὴν

449 2910 532 2982 τῷ
562 2912 743 2983 καιρῷ
778 2914 977 2986 ἐκείνῳ
1025 2915 1311 2985 ἡγοῦνταιο
1349 2918 1408 2984 ἐξ
1457 2903 1534 2974 ὧν
1584 2920 1681 2975 καὶ
1724 2922 1783 2974 ὲν
1836 2921 2038 2993 γαστρὶ

455 3003 936 3076 συλλαμϐάνουσαι
964 3008 1130 3080 219
1156 3010 1586 3083 παλινδρομοῦσι
1624 3014 1810 3068 οἴκαδε
1839 3017 2037 3069 πᾶσαι·

408 3144 412 3149 .
450 3091 531 3170 τῷ
555 3099 612 3153 δὲ
648 3101 830 3172 καιρῷ
872 3103 972 3172 τῆς
1004 3105 1372 3175 ἀποκυήσεως
1398 3107 1467 3161 τὰ
1510 3109 1608 3178 μὲν
1643 3109 1852 3181 άῤῥενα
1883 3100 2040 3179 φθεί-

2121 623 2277 682 εῖπόν
2310 645 2421 696 σσι,
2446 629 2687 701 ὑπάρχει
2725 630 2758 699 ἠ
2800 630 3049 700 ἡμετέρα
3077 629 3371 699 συνήθεια,
3405 628 3479 692 ὣς
3531 610 3691 695 καθὼς

2122 721 2217 774 καὶ
2242 720 2408 782 αὐτὸς
2442 719 2661 790 μέλλεις
2698 720 2892 791 μαθεῖν
2924 721 3079 790 παρὰ
3107 719 3457 785 ἀξιοπίστων
3482 720 3690 791 ἀνδρῶν.

2124 815 2231 866 Καὶ
2269 814 2346 884 μὴ
2376 813 2652 883 θαύμαζε,
2681 815 2983 884 τιμιώτατε
3016 812 3154 880 ἄνερ
3183 811 3296 884 κὺρ
3322 811 3579 882 Γεώργιε.
3605 815 3690 868 Διά

2121 909 2282 962 τοῦτο
2332 908 2601 978 ποιοῦμεν
2633 909 2696 961 τδ
2751 907 2928 978 παρὸν
2969 905 3322 960 συνοικέσιον
3375 903 3492 974 μετ’
3533 905 3691 969 αἰδοῦς

2123 1002 2217 1056 καὶ
2248 1002 2348 1056 οὐκ
2378 1000 2743 1073 ἀσυμσούλως
2776 1000 2910 1066 τῶν,
2947 1001 3043 1053 καῖ⁵
3076 997 3404 1068 ὑπόσχομαι
3429 993 3608 1051 δοῦναι
3636 1000 3690 1065 τῇ

2123 1095 2355 1165 θυγατρί
2393 1112 2495 1164 μου
2525 1093 2657 1148 ἀνευ
2690 1093 2800 1146 τῶν
2828 1090 3148 1160 πολυτίμων
3184 1089 3406 1142 σκευῶν
3449 1088 3692 1157 ἀργυρίου

2123 1187 2219 1240 καὶ
2271 1187 2498 1257 χρυσίου
2550 1188 2646 1241 καὶ
2695 1184 2861 1239 λίθων
2913 1183 3238 1254 πολυτίμων
3277 1183 3376 1235 καὶ
3433 1181 3692 1251 μανακίων

2122 1277 2524 1348 διαμαργάρων
2553 1279 2648 1332 καὶ
2677 1277 2906 1348 χρυσίου
2934 1277 3030 1329 καὶ
3066 1275 3280 1344 ἑτέρων
3320 1272 3506 1337 λίθων,
3545 1273 3693 1341 χωρῖς

2123 1369 2234 1420 τῶν
2259 1370 2576 1438 ἐνδυμάτων
2604 1371 2698 1422 καὶ
2717 1368 3063 1439 ὑφασμάτων
3087 1367 3402 1421 πολυειδῶν
3429 1366 3507 1426 είς
3533 1366 3690 1433 ὑπηρ-

2125 1463 2282 1514 εσίαν
2313 1463 2506 1531 αὐτῆς,
2531 1462 2628 1516 καὶ
2655 1459 2832 1532 πάρεξ
2860 1461 3070 1514 τούτων
3101 1459 3518 1531 χρυσῷνούμια
3538 1457 3690 1527 χιλιά-

2123 1552 2594 1622 δαςςπεντήκοντα
2625 1553 2726 1606 καὶ
2779 1550 2860 1617 ἓξ.
2900 1551 3022 1604 Ἔτι.
3053 1551 3110 1603 δὲ
3157 1549 3260 1603 καὶ
3293 1549 3419 1602 κατ’
3455 1548 3570 1611 ἔτος
3611 1546 3691 1618 ἔχῃ

2126 1647 2320 1715 ἑτέρας
2352 1644 2602 1715 χιλιάδας
2637 1646 2792 1715 τρεῖς
2828 1643 2925 1697 τοῦ
2980 1644 3166 1696 ποιεῖν
3211 1641 3584 1711 ἐλεημοσύνας
3628 1641 3692 1702 είς

2127 1739 2402 1809 πτωχοὺς,
2431 1738 2528 1792 καὶ
2558 1737 2692 1791 ὅπου
2727 1737 2773 1792 δ’
2820 1737 2886 1792 ἂν
2917 1735 3044 1808 δόξῃ
3093 1737 3266 1806 αὐτῇ.
3319 1735 3390 1788 Σὲ
3439 1733 3494 1788 δὲ
3538 1733 3693 1786 ἀκούω

2130 1826 2278 1898 ἔχειν
2303 1827 2495 1882 παιδία
2529 1827 2644 1881 δύο.
2678 1827 2753 1880 Τὸ
2786 1826 2887 1896 μὲν
2922 1826 3095 1898 ἀρρεν
3135 1827 3167 1880 ὁ
3207 1822 3472 1894 βασιλεὺς
3501 1824 3694 1892 ἀνεγέν-

2135 1937 2269 1992 νησε
2300 1921 2393 1976 διὰ
2427 1919 2522 1973 τοῦ
2555 1919 2704 1974 θείου
2745 1919 3154 1991 βαπτίσματος,
3222 1918 3324 1971 καὶ
3357 1915 3518 1971 αὐτοῦ
3545 1917 3694 1971 ἐκεῖνο

2133 2015 2250 2068 ἐστι
2283 2016 2376 2070 καὶ
2402 2016 2580 2070 ἔσται·
2612 2015 2674 2069 τὸ
2701 2014 2760 2068 δὲ
2789 2014 2926 2084 θῆλυ
2956 2015 3095 2068 ἔστω
3140 2014 3210 2066 ἐκ
3258 2013 3360 2080 τῆς
3391 2011 3615 2081 σήμερον
3637 2011 3690 2078 τῇ

2133 2109 2368 2181 θυγατρί
2401 2127 2527 2180 μου,
2549 2109 2584 2180 ἢ
2621 2109 2715 2163 καὶ
2735 2108 3004 2178 ὀφειλέτω
3032 2105 3126 2160 τοῦ
3155 2103 3536 2176 ὕπανδρεῦσαι
3562 2102 3686 2166 αὐτὸ,

2133 2201 2274 2254 ὅπου
2321 2200 2368 2254 δ’
2401 2201 2469 2255 ἂν
2501 2199 2566 2253 σὺ
2605 2199 2802 2272 κρίνῃς
2830 2196 2976 2252 εῖναι
3007 2197 3162 2263 ἄξιον
3193 2196 3388 2250 τόπον.
3439 2194 3546 2248 Καὶ
3591 2193 3690 2246 ὅταν

2135 2289 2297 2363 ἔλθῃς
2327 2291 2426 2344 σὺν
2451 2290 2573 2360 Θεῷ
2600 2287 2735 2358 ἆραι
2760 2288 2957 2361 αὐτὴν,
2981 2288 3107 2342 τότε
3134 2287 3402 2342 ἐπιδώσω
3430 2298 3510 2338 σοι
3533 2283 3690 2352 φορτία

2137 2383 2370 2454 σηρικοῦ
2421 2384 2699 2454 τέτταρα·
2734 2383 2851 2436 ἐστι
2907 2384 3017 2454 γὰρ
3068 2383 3102 2452 ἡ
3164 2379 3382 2450 μέταξα
3411 2377 3586 2447 ἐκείνη
3617 2375 3691 2428 oin:

2137 2477 2406 2547 ἐξίτηλος,
2433 2479 2530 2532 καὶ
2557 2476 2634 2540 ὡς
2670 2477 3016 2547 ἠκούσαμεν,
3051 2475 3367 2544 πράττεται
3403 2471 3464 2525 τὸ
3511 2467 3686 2539 φορτίον

2138 2570 2226 2625 διὰ
2260 2569 2484 2639 χρυσῶν
2515 2567 2757 2638 νουμίων
2787 2567 3197 2622 πεντακοσίων.
3241 2585 3261 2618 ι

2212 2633 2378 2732 2Ξο
2425 2660 2513 2724 Ὧς
2540 2633 2634 2714 οῦν
2679 2660 2860 2713 πάντα
2895 2660 2966 2713 τὰ
3009 2662 3066 2713 ὲν
3113 2663 3186 2732 τῇ
3219 2638 3554 2732 Ἰὃηρῑᾳ’καὶ
3582 2656 3689 2724 Τρα-
3711 2633 3730 2656 ⁸

2143 2753 2406 2818 πεζοῦντι
2435 2753 2793 2816 καταλεπτῶς
2827 2753 3224 2824 ἑδιηγησάμην
3254 2753 3334 2823 τῷ
3383 2749 3584 2822 βασιλεῖ
3621 2744 3690 2798 καὶ

2143 2833 2516 2919 αὐθέντῃμου
2558 2846 2634 2909 ὡς
2669 2845 2899 2912 ἄνωθεν,
2933 2847 3208 2917 ἠρώτησα
3242 2846 3439 2916 μαθεῖν
3467 2843 3554 2897 καὶ
3590 2836 3690 2906 περὶ

2142 2942 2238 2995 τοῦ
2271 2945 2369 3013 τῆς
2400 2942 2634 3011 Σερὸίας
2667 2941 3010 2994 συνοικεσίου
3040 2958 3050 2971 ⁸
3088 2942 3189 2994 καὶ
3240 2937 3562 3010 ἀποκριθεὶς
3597 2926 3691 2984 εἶπέ

2146 3050 2260 3107 μοι·
2301 3054 2318 3087 ι
2355 3036 2498 3104 Ἐγώ
2547 3052 2630 3088 σοι
2662 3035 2864 3104 ὀφείλω
2895 3033 3070 3087 πολλὰ
3098 3033 3196 3088 διὰ
3226 3034 3330 3104 τὴν
3356 3032 3491 3101 πρός
3529 3043 3590 3097 με
3617 3020 3691 3090 σὴν

2145 3126 2369 3196 ἀγάπην
2400 3127 2498 3180 καὶ
2527 3126 2716 3180 πίστιν
2749 3125 3028 3179 παιδιόθεν
3055 3125 3150 3178 καὶ
3185 3125 3288 3196 τὴν
3312 3121 3576 3188 τοσαύτην
3599 3115 3691 3166 δου-

456 3211 637 3264 ρουσι,
668 3199 738 3252 τὰ
776 3193 833 3251 δὲ
863 3191 1000 3268 θῆλυ
1046 3197 1384 3268 ζωογονοῦσι
1425 3201 1520 3255 καὶ
1565 3201 1878 3272 τιθηνοῦσιν
1917 3202 2038 3254 ὲπι-
2068 3226 2111 3282 c
2149 3191 2402 3286 λρσύνῆν-
2432 3215 2573 3271 ἀλλὰ
2601 3218 2760 3270 τοῦτο
2794 3216 2858 3287 δὴ
2891 3217 3078 3270 πλεῖον
3105 3216 3174 3285 σή
3190 3191 3364 3286 μέρον
3391 3212 3454 3268 τὸ
3477 3211 3567 3281 τῆς
3592 3206 3695 3275 Σερ-

453 3397 623 3455 breve
653 3406 933 3454 contracta
951 3399 1068 3455 haec
1085 3401 1270 3458 docet.
1304 3401 1738 3458 Cuivisterraeet
1765 3404 1914 3474 genti
1953 3414 2046 3459 aut

457 3489 659 3559 scripta
677 3490 766 3546 lex
781 3499 866 3546 est
883 3499 978 3546 aut
995 3507 1102 3547 non
1123 3493 1326 3563 scripta
1345 3503 1398 3549 et
1414 3507 1568 3549 more
1585 3495 1907 3550 constituta.
1933 3493 2045 3550 Lex

456 3571 608 3636 enim
638 3597 763 3639 esse
790 3583 1054 3642 videntur.
1075 3585 1254 3655 patria
1273 3585 1548 3652 instituta,
1575 3586 2042 3656 quemadmodum

457 3676 722 3744 primum,
757 3676 854 3748 qui
903 3677 957 3731 in
992 3685 1244 3733 extremo
1277 3679 1414 3734 orbe
1465 3679 1736 3738 habitant.
1772 3678 1936 3734 Seres
1966 3679 2046 3735 le-

457 3781 586 3837 gum
619 3768 744 3823 loco
767 3769 951 3839 patria
994 3769 1248 3824 instituta
1287 3770 1514 3838 habent,
1566 3785 1632 3826 ne
1673 3772 2044 3838 mcechentur,

457 3870 554 3915 aut
585 3859 861 3930 furentur,
898 3869 995 3916 aut
1027 3861 1461 3930 calumniantur,
1493 3873 1588 3918 aut
1616 3862 1900 3919 occidant.
1937 3863 2046 3918 Lex

457 3963 542 4009 est
569 3955 715 4024 apud
741 3955 1066 4012 Bactrianos
1093 3970 1127 4012 α
1163 3956 1466 4026 majoribus
1499 3966 1724 4026 accepta
1749 3956 2047 4026 disciplina

456 4056 512 4102 et
535 4047 732 4116 pietas,
767 4063 836 4104 ne
871 4049 1136 4104 carnibus
1163 4060 1461 4104 vescamur
1487 4058 1583 4104 aut
1602 4049 1798 4104 bibant
1829 4049 2047 4115 viuum,

458 4155 596 4194 neve
621 4140 835 4196 libidini
867 4142 955 4195 vel
989 4142 1084 4197 ulli
1115 4141 1304 4212 generi
1339 4142 1631 4213 pravitatis
1656 4143 1844 4198 locum
1877 4142 2050 4197 relin-

460 4243 661 4301 quant,
717 4250 844 4289 cum
905 4235 1121 4290 ﬁnitimi
1155 4235 1268 4290 illis
1317 4234 1434 4290 indi
1489 4235 1720 4305 impune
1768 4235 2050 4291 contraria

464 4334 664 4393 agant:
695 4341 935 4395 quorum
964 4327 1152 4396 quiin
1209 4328 1530 4398 regionibus
1557 4328 1919 4386 interioribus
1952 4331 2052 4384 lia—

460 4415 662 4480 bitant,
715 4416 1156 4487 autltropophagi
1211 4427 1343 4473 sunt
1386 4427 1443 4473 et
1471 4419 1717 4476 advenas
1783 4422 2050 4476 occidunt

463 4511 895 4582 comeduntque.
927 4509 1201 4567 Chaldaeis
1241 4521 1295 4567 et
1325 4511 1639 4584 Babyloniis
1681 4516 1765 4570 lex
1805 4515 2052 4570 lascivia:

2148 3401 2313 3456 etiam
2352 3401 2510 3473 nobis
2545 3399 2656 3463 hic,
2692 3409 2750 3454 ιιι
2784 3399 2880 3454 tibi
2917 3399 3056 3465 dixi,
3090 3408 3292 3454 nostra
3325 3404 3410 3452 est
3443 3398 3697 3449 consuetu-

2149 3491 2238 3556 do,
2274 3493 2324 3546 id
2369 3494 2512 3562 quod
2545 3507 2574 3546 a
2611 3493 2740 3547 viris
2774 3486 2876 3547 lide
2908 3492 3088 3562 dignis
3138 3491 3354 3562 poteris
3386 3495 3695 3558 cognoscere.

2153 3585 2352 3642 Verum
2391 3580 2479 3641 ne'
2507 3587 2733 3652 mirare,
2761 3587 2843 3641 vir
2872 3586 3308 3642 honoratissime
3333 3579 3559 3650 Georgi:
3585 3587 3697 3646 prte-

2152 3697 2281 3737 sens
2309 3682 2506 3736 horum
2537 3679 2876 3736 connubium
2931 3689 3264 3735 reverenter
3299 3691 3400 3733 nec
3430 3666 3694 3729 inconsulto

2153 3773 2520 3841 instituimus,
2585 3773 2983 3843 polliceorque,
3039 3781 3249 3843 praeter
3305 3767 3585 3840 pretiosam
3627 3772 3696 3811 ar-

2153 3867 2301 3938 genti
2337 3877 2390 3922 et
2417 3867 2536 3921 auri
2578 3865 2968 3936 supellectilem
2992 3905 3006 3932 ,
3045 3873 3252 3935 prater
3275 3875 3515 3936 gemmas
3534 3866 3584 3912 et
3607 3865 3697 3925 m9-

2155 3961 2287 4015 nilia
2315 3960 2650 4031 margaritis,
2688 3961 2828 4014 auro
2853 3967 2908 4012 et
2937 3959 3138 4028 lapillis
3170 3955 3504 4026 composita,
3534 3953 3693 4018 praeter

2155 4061 2339 4108 vestes
2391 4062 2446 4107 et
2482 4053 2690 4108 textilia
2729 4052 2867 4107 varii
2898 4052 3138 4123 generis,
3175 4051 3355 4122 ipsms
3414 4043 3529 4101 usui
3556 4033 3693 4096 desti-

2157 4155 2306 4212 nata,
2337 4154 2535 4216 praeter
2562 4145 2676 4200 haec
2711 4145 2882 4214 igitur
2914 4145 3168 4200 daturum
3194 4159 3280 4199 me
3307 4155 3426 4198 esse
3452 4141 3692 4193 nummum

2155 4251 2451 4292 aureorum
2482 4235 2877 4305 quinquaginta
2899 4249 2992 4289 sex
3023 4233 3215 4288 millia.
3249 4232 3328 4286 Ad
3353 4231 3465 4284 haec
3485 4228 3534 4279 in
3553 4227 3693 4274 annos

2157 4328 2410 4399 singulos
2459 4327 2823 4397 accipiet'alia
2851 4340 3142 4380 aureorum
3167 4327 3273 4380 tria
3303 4321 3489 4383 millia,
3515 4326 3620 4383 qua:
3647 4308 3691 4361 in

2158 4424 2329 4492 stipes
2366 4436 2670 4492 pauperum
2728 4429 2824 4475 aut
2871 4419 3242 4490 quodcunque
3283 4416 3384 4487 ipsi
3434 4405 3692 4504 videbit-ur.

2160 4515 2462 4584 imPendat.
2498 4512 2575 4569 Te
2604 4524 2786 4570 autem
2847 4513 2984 4568 duos
3036 4514 3240 4568 habere
3291 4509 3488 4564 liberos
3533 4497 3692 4553 audio.

462 4613 520 4659 et
546 4604 903 4674 turpitudinis
926 4604 1105 4674 plena.
1125 4607 1282 4676 Apud
1308 4607 1514 4662 Pelaeos
1535 4617 1717 4663 autem
1748 4608 1835 4662 lex
1871 4615 2051 4672 est,ut
2085 4595 2128 4656 D
2158 4623 2394 4676 quorum
2420 4609 2726 4663 masculum
2771 4607 3072 4677 imperator
3112 4620 3143 4660 e
3186 4617 3344 4660 sacro
3366 4599 3507 4654 fonte
3533 4599 3694 4677 susce-

464 4698 730 4754 mulieres
749 4715 908 4770 agros
929 4699 1114 4754 colant
1129 4709 1186 4756 et
1210 4699 1403 4756 domos
1425 4702 1698 4757 aedificent
1727 4701 2052 4770 caeterisque

463 4794 710 4847 virorum
765 4793 1026 4864 operibus
1073 4795 1402 4865 fungantur,
1453 4807 1511 4850 at
1558 4811 1690 4851 vero
1719 4795 1887 4851 etiam
1920 4811 2058 4851 mos-

465 4885 720 4953 chentur,
749 4896 1018 4957 quantum
1050 4888 1202 4954 libet,
1239 4903 1269 4942 a
1308 4888 1444 4943 viris
1476 4887 1635 4957 plane
1660 4903 1768 4943 non
1817 4888 2053 4958 impedi-

465 4989 534 5035 ta:
561 4999 576 5036 :
606 4981 660 5036 in
693 4981 897 5052 quibus
929 4982 1066 5037 adeo
1097 4981 1345 5052 plurimae
1377 4980 1815 5037 bellicosissimas
1843 4991 2055 5037 suntac

467 5075 676 5132 bestias
702 5091 809 5130 non
832 5076 992 5145 plane
1013 5075 1391 5132 validissimas
1415 5083 1710 5129 venantur.
1747 5075 1806 5130 in
1837 5074 2058 5130 Britan-

471 5171 564 5225 nia
578 5179 760 5224 autem
790 5169 1038 5239 plerique
1061 5169 1163 5222 viri
1197 5168 1293 5222 uni
1323 5167 1696 5222 concumbunt
1725 5168 1962 5234 mulieri,
2003 5181 2067 5223 et.

470 5262 658 5318 multa:
705 5262 967 5317 mulieres
1019 5261 1113 5315 uni
1146 5260 1288 5316 viro.
1322 5261 1634 5314 Amazones
1680 5259 1811 5316 olim
1843 5261 2066 5316 maritis

470 5356 738 5410 carebant
769 5370 833 5410 ac
879 5353 1186 5410 bestiarum
1255 5353 1434 5408 inStar
1489 5353 1663 5407 semel
1727 5355 2052 5424 quota-nnis,

470 5448 616 5502 circa
673 5461 903 5501 vernum
962 5445 1376 5515 aquiuoctium,
1430 5445 1688 5502 elinibus
1737 5462 1973 5517 egressae
2004 5458 2058 5502 et

472 5539 902 5592 concumbentes
957 5550 1084 5592 cum
1144 5521 1299 5589 viris.
1335 5535 1608 5603 ﬁnitimis,
1642 5540 1802 5607 quasi
1853 5537 2054 5595 festum

471 5629 767 5699 quemdam
815 5637 1150 5683 conventum
1173 5628 1570 5688 celebrabant:
1602 5629 1747 5686 unde
1775 5631 2061 5701 conceptis

474 5721 677 5778 fetibus
703 5730 920 5776 cuncta:
945 5722 1167 5775 domum
1188 5735 1249 5778 se
1280 5723 1620 5793 recipiebant
1645 5740 1661 5792 ;
1702 5725 1899 5778 deinde
1928 5739 2053 5779 cum

474 5823 694 5880 partum
730 5811 1059 5879 edidissent,
1119 5828 1295 5870 mares
1323 5815 1612 5880 necabam,
1655 5815 1893 5869 feminas
1923 5829 2058 5868 cou-

480 5907 802 5970 servabant,
855 5905 1143 5974 diligenter
1191 5908 1462 5967 iactabant
1502 5909 1935 5980 educabantqne.
1997 5907 2055 5962 Si

2160 4701 2269 4770 pit;
2300 4699 2346 4756 is
2379 4700 2543 4770 igitur
2570 4701 2719 4756 illius
2738 4709 2820 4756 est
2836 4700 3079 4770 eritque;
3113 4709 3167 4754 at
3194 4693 3448 4768 puellaab
3468 4684 3693 4779 hodierno

2159 4793 2246 4848 die
2278 4804 2402 4850 esto
2465 4795 2592 4850 ﬁliae
2659 4809 2812 4860 meae,
2863 4795 3024 4865 cujus
3053 4793 3162 4848 erit
3185 4807 3303 4846 eam
3360 4783 3623 4841 collocare,
3648 4781 3689 4820 In

2159 4903 2321 4957 quem
2349 4899 2402 4944 tu
2441 4876 2784 4943 locumuboui
2807 4885 3176 4942 consulueris.
3211 4882 3350 4938 Tum
3379 4873 3690 4957 autem,cu_m

2159 4997 2277 5036 eam
2322 4989 2603 5048 receptum
2630 4979 2840 5043 venies,
2870 4979 2916 5032 si
2950 4977 3058 5032 Deo
3105 4978 3176 5031 ita
3203 4968 3484 5045 placuerit,
3512 4951 3690 5048 donalto

2159 5075 2258 5128 tibi
2292 5075 2518 5145 insuper
2534 5087 2703 5128 onera
2730 5070 2892 5127 serici
2922 5077 3180 5141 quatuor.
3196 5067 3289 5120 Est
3315 5062 3454 5118 enim
3479 5039 3691 5148 nonfuit

2160 5169 2308 5241 satis
2342 5167 2428 5221 illa
2477 5175 2714 5229 metam,
2776 5163 3028 5233 solvique
3072 5176 3170 5230 pro
3221 5152 3443 5227 singulis
3468 5137 3689 5201 onerlbﬂs

2161 5276 2419 5317 nummos
2453 5274 2650 5314 aureos
2691 5257 3022 5327 quingentos
3043 5252 3242 5323 accepi.
3285 5270 3301 5302 ι

2234 5354 2372 5410 Cum
2413 5353 2579 5423 igitur
2617 5325 2803 5406 omnia
2835 5325 2887 5404 in
2917 5347 3098 5402 Iberia
3123 5357 3171 5401 et
3214 5339 3540 5423 Trapezunte
3563 5325 3687 5423 895i“

2163 5420 2764 5512 subtiliter‘imperatori
2783 5438 3006 5496 domino
3030 5453 3148 5491 meo
3170 5444 3221 5490 et
3245 5449 3273 5488 a
3299 5420 3547 5501 principio
3561 5420 3689 5512 etiar-

2165 5552 2396 5604 rassem,
2411 5538 2476 5591 de
2500 5535 2763 5590 Serviano
2785 5531 3060 5589 connubio
3079 5543 3201 5583 eum
3222 5520 3550 5604 percontatus

2166 5588 2700 5701 alqueiile'itamihi
2725 5624 3059 5696 responditu
3095 5588 3353 5690 Equidem
3379 5588 3684 5705 mullu'llll‘i":

2165 5723 2341 5776 debeo
2368 5731 2592 5792 propter
2634 5734 2780 5784 eam,
2809 5731 2974 5787 quam
3002 5731 3030 5770 a
3058 5726 3229 5784 puero
3255 5718 3380 5774 erga
3409 5709 3485 5797 οξ

2168 5817 2305 5881 tisti,
2349 5786 2782 5869 benevolentiam
2807 5786 2860 5866 cit
2893 5808 3050 5864 fidem
3098 5811 3351 5868 tantaque
3399 5786 3687 5881 οὖλε-ω

2171 5923 2290 5962 rum
2321 5922 2462 5962 nunc
2491 5905 2818 5962 Servianum
2861 5903 2964 5958 hoc
3001 5897 3276 5972 negotium
3305 5868 3682 5945 benevolentiam
