3964 6478
369 404 470 470 8Ξ1

1385 409 1837 471 CHHONICON
1873 411 2144 474 MAJUS.
2173 437 2242 447 —
2271 412 2418 475 LIB.
2457 413 2572 474 liI.

3505 397 3646 478 sas“-

367 520 490 585 ϐίας
524 519 815 592 βεδαίωσις
854 522 951 578 καὶ
987 522 1254 593 ἀσφάλεια
1280 528 1377 580 καὶ
1407 528 1801 598 ἐκσφράγισμᾶ
1825 530 1941 580 ἐστι
1968 527 2021 587 Α
2056 527 2115 580 Ὀ
2144 526 2245 596 μὲν
2273 527 2753 600 Καντακουζηνδς,
2772 527 2832 593 ὃς
2854 527 2962 583 ὰπδ
2988 529 3098 584 τῶν
3123 529 3300 586 ἄλλων
3330 528 3626 600 ἀπροσπα-

372 613 573 684 τῆς-είς
615 615 716 685 ἐμέ
753 633 851 669 σου
885 616 1111 687 ἀγάπης
1151 618 1245 672 καὶ
1267 619 1621 690 δουλοσύνης,
1653 622 1746 672 καὶ
1774 621 1942 673 (ἄντα⁶

369 705 566 773 μοιόήν
613 723 699 759 σοι
731 707 934 774 ὀφείλω
981 708 1084 772 ἕως
1133 710 1192 764 ἐν
1236 711 1350 772 τοῖς
1381 709 1550 793 ζῶσιν
1581 710 1936 781 εὑρίσκομαι,

369 801 492 852 ἐπεὶ
518 800 776 855 τοσοῦτον
807 801 1154 865 κε-κοπίακας
1186 803 1274 856 ἀεὶ
1307 802 1450 874 ὑπὲρ
1480 802 1639 872 ἐμοῦ,
1673 803 1767 857 καὶ
1809 805 1944 872 μᾶλ-

369 893 460 946 λον
489 893 560 945 τὰ
593 893 690 946 νῦν
719 893 1086 962 ἐγκατέλιπες
1112 895 1200 947 τὸν
1251 891 1401 948 οἶκόν
1433 913 1552 964 σου,
1586 897 1838 949 τοσοῦτον
1877 895 1942 967 δὴ

364 987 559 1056 καιρὸν
587 987 777 1057 πόρρω
799 988 904 1056 τῆς
932 989 1031 1057 σῆς
1053 989 1314 1058 πατρίδος
1342 989 1493 1054 ξένας
1515 989 1697 1060 χώρας
1723 1007 1789 1043 πε
1798 972 1946 1061 ριερ-

367 1081 620 1149 χόμενος.
652 1079 818 1133 Ὅθεν
844 1080 894 1132 οἱ
928 1082 1108 1134 ἐκεῖσε
1139 1081 1485 1150 κυριεύοντες
1513 1082 1760 1152 μεγάλας
1787 1083 1943 1154 εὐερ-

368 1171 560 1237 γεσίας
594 1171 693 1224 καὶ
720 1172 888 1241 τιμὰς
923 1171 1332 1240 ἐπηγγέλλοντό
1362 1189 1444 1226 σοι
1474 1172 1678 1239 δοῦναι,
1714 1173 1858 1242 λέγω
1895 1175 1943 1226 οἱ

371 1261 471 1329 τῆς
517 1261 762 1330 Ἰϐηρίας
806 1263 898 1317 καὶ
929 1263 1342 1334 Τραπεζοῦντος
1373 1263 1632 1318 δεσπόται
1665 1265 1759 1318 καὶ
1788 1265 1944 1334 βασι-

367 1351 503 1414 λεῖς,
543 1351 774 1416 ἕκαστος
821 1353 1004 1408 αὐτῶν
1045 1355 1226 1424 ζητῶν
1284 1373 1368 1409 σοι
1417 1357 1556 1426 ὑπὲρ
1616 1358 1804 1422 αὑτοῦ,
1860 1360 1944 1412 ἵνα

371 1441 714 1498 συνοικέσιον
778 1445 898 1514 μετ’
929 1446 1064 1514 ἐμοῦ
1120 1447 1367 1520 τελέσῃς.
1423 1449 1594 1511 Αὐτὸς
1639 1448 1692 1501 δὲ
1729 1448 1804 1511 ὡς
1837 1450 1943 1501 σώ-

370 1553 526 1605 φρων
573 1537 669 1589 καὶ
725 1539 917 1601 πιστὸς
963 1539 1220 1609 Θεράπων
1246 1539 1527 1610 διέκρινας
1557 1542 1617 1595 τὸ
1667 1543 1945 1613 συμφέρον

373 1643 466 1696 μοι
492 1628 587 1680 καὶ
621 1629 1071 1702 ὠφελιμώτερον,
1092 1636 1190 1688 καὶ
1217 1633 1470 1704 ἔδρασας,
1492 1637 1589 1690 καὶ
1619 1636 1654 1692 δι
1685 1638 1948 1708 νενόηκας

371 1718 620 1790 ἔγραψάς
657 1739 750 1792 μοι
802 1724 1212 1792 συμϐουλεύων.
1255 1727 1428 1781 Τοῦτο
1470 1724 1539 1800 ἦν
1583 1730 1726 1798 μέγα
1758 1747 1811 1785 τι
1851 1733 1945 1784 ἐκ-

375 1813 678 1884 μαρτύριον
709 1815 809 1884 τῆς
854 1816 994 1886 πρὸς
1027 1819 1131 1887 ἐμέ
1180 1835 1274 1872 σου
1310 1821 1525 1884 εὐνοίας
1574 1824 1665 1878 καὶ
1706 1823 1943 1893 ἀγάπης.
1983 1865 2024 1919 Β

368 1908 463 1959 καὶ
494 1906 953 1978 πληροφορήθητι
983 1909 1203 1978 ἀληθῶς
1232 1912 1316 1966 ὅτι
1348 1914 1442 1968 καὶ
1481 1917 1611 1985 παρ’
1639 1915 1775 1984 ἐμοῦ
1807 1916 1950 1981 ἕξεις

369 1997 528 2064 ἀξίαν
554 1999 651 2069 τὴν
683 2001 1036 2070 ἀντάμειψιν,
1093 2003 1197 2080 ἕως
1241 2006 1299 2058 ἐν
1333 2009 1446 2070 τοῖς
1493 2006 1662 2072 ζῶσιν
1693 2009 1945 2082 ὑπάρχω.

370 2089 510 2159 Περὶ
546 2089 603 2143 δὲ
653 2089 750 2144 τοῦ
807 2093 865 2147 ἐν
899 2092 1099 2164 Σερὸίᾳ
1139 2097 1485 2150 συνοικεσίου
1530 2091 1705 2170 οὗπερ
1739 2102 1952 2173 ἐρωτᾷς

374 2198 466 2250 με,
497 2185 930 2256 τοιουτοτρόπως
957 2187 1440 2256 παρηκολούθησε.
1474 2191 1631 2244 Μετὰ
1666 2192 1727 2246 τὸ
1766 2191 1951 2247 θανεῖν

370 2272 461 2325 τὸν
491 2264 714 2345 ἀμηρᾶν
751 2275 844 2328 καὶ
879 2275 976 2347 τὴν
1011 2277 1169 2348 221
1222 2281 1412 2334 τούτου
1450 2281 1687 2351 σύζυγον
1741 2285 1951 2338 ἐπανα-

373 2362 685 2434 στρέψασαν
709 2365 846 2435 πρὸς
872 2366 964 2420 τὸν
996 2369 1096 2438 τῆς
1138 2369 1371 2439 Σερὸίας
1407 2370 1680 2445 δεσπότην
1726 2377 1817 2429 τὸν
1850 2392 1953 2430 παο

371 2455 504 2526 τέρα
550 2457 742 2525 αὐτῆς,
775 2458 1055 2527 προσῆλθε
1096 2477 1188 2526 μοι
1243 2461 1696 2535 συλλαλήσασαὴ
1738 2482 1954 2534 πρωτοο

374 2547 739 2616 στρατόρισσα
789 2549 822 2618 ἡ
877 2552 1145 2620 συγγενὴς
1197 2553 1368 2620 αὐτῆς
1399 2555 1530 2623 περὶ
1564 2555 1663 2624 τῆς
1693 2558 1953 2629 τοιαύτης

373 2634 709 2702 ὑποθέσεως,
737 2637 835 2690 καὶ
867 2637 1129 2703 πλείστας
1164 2640 1344 2705 δόσεις
1371 2644 1468 2697 καὶ
1498 2647 1742 2713 προῖκας
1779 2646 1951 2715 ἐπηγ-

373 2726 592 2794 γέλλετό
631 2745 748 2796 μοι,
781 2731 874 2782 καὶ
908 2730 1046 2784 ἄλλα
1084 2733 1259 2786 πολλὰ
1290 2734 1694 2805 ὠφελιμώτατα
1724 2737 1953 2792 ἐτασσεν

376 2817 726 2890 ὑποσχομένη
754 2824 811 2874 ὲν
841 2821 919 2891 τῷ
953 2823 1228 2892 μέλλοντι,
1256 2824 1400 2897 ἅπερ
1426 2827 1583 2895 κάγὼ
1608 2829 1714 2882 ἀπὸ
1743 2830 1954 2885 πολλῶν

378 2909 569 2963 αἰτιῶν
609 2912 839 2980 ἐνόμισα
865 2913 1042 2968 ταῦτα
1074 2916 1253 2986 ἀληθῆ
1289 2913 1432 2972 εἶναι
1459 2922 1551 2973 καὶ
1581 2922 1951 2992 συμφέροντα.

382 2998 576 3067 Ὅμως
602 2999 660 3053 δέ
687 3002 744 3054 ἐν
773 3003 949 3075 τούτῳ
969 3005 1074 3058 ἔδει
1105 3009 1198 3060 καὶ
1221 3009 1388 3080 ἐτέρα
1420 3010 1584 3082 βουλὴ
1611 3013 1706 3065 καλ⁵
1740 3013 1954 3082 σκέψις,

382 3089 538 3158 κάγὼ
566 3093 666 3147 οὐκ
711 3091 858 3164 εἶχον
893 3097 1033 3162 μετά
1063 3115 1206 3164 τινος
1243 3100 1718 3172 συμϐουλευθῆναι
1755 3105 1846 3159 διὰ
1895 3106 1956 3159 τὸ

2047 618 2155 682 θῶς
2187 619 2468 682 ἐϐούλευε,
2501 621 2596 674 καὶ
2630 621 2789 685 αὐτὸς
2842 622 3137 676 ἀπέθανεν
3189 625 3218 675 ό
3254 621 3313 674 δὲ
3345 622 3623 694 Λουκᾶςγό

2044 708 2304 782 Νοταρᾶς
2336 714 2590 783 φανερῶς
2629 714 2722 768 καὶ
2749 715 2973 782 ἀφανῶς
3010 716 3160 784 λέγει
3198 716 3280 770 ὅτι
3311 715 3486 778 οὐδεὶς
3513 714 3622 768 τῶν

2049 804 2228 860 ἄλλων
2265 805 2442 876 πάρεξ
2490 803 2658 859 αὑτοῦ
2707 803 2816 859 οἶδε
2871 807 2922 860 τί
2976 810 3148 874 ποιεῖ,
3197 808 3246 859 εί
3279 807 3353 877 μὴ
3383 807 3453 860 τὰ
3488 806 3622 876 παρ’

2049 896 2214 950 αὑτοῦ
2245 897 2516 965 λεγόμενα
2546 897 2641 949 καὶ
2677 899 2983 964 ποιούμενα
3005 897 3403 966 διισχυρίζεται
3445 897 3621 967 ἀληθῆ

2049 989 2142 1042 καὶ
2175 988 2316 1042 καλὰ
2345 985 2501 1053 εἶναι,
2528 988 2621 1042 καὶ
2647 989 2827 1042 πάντα
2853 987 3005 1042 λίθον
3032 991 3194 1053 κινεῖ,
3225 981 3285 1042 τὸ
3317 988 3408 1042 τοῦ
3435 990 3622 1056 λόγου,

2049 1075 2126 1138 ῶς
2158 1075 2252 1130 καὶ
2281 1078 2443 1140 αὐτὸς
2474 1077 2656 1141 καλῶς
2684 1076 2996 1130 ἐπίστασαι.
3041 1077 3100 1128 '0
3146 1075 3322 1144 μέγας
3371 1077 3622 1146 δομέστι-

2025 1172 2145 1225 ato;
2180 1165 2471 1236 ἐχθρωδῶς
2519 1166 2794 1220 διάκειται
2841 1168 2922 1229 είς
2978 1165 3047 1220 τὰ
3087 1166 3187 1236 τῆς
3240 1167 3494 1236 Σερϐίας,
3531 1168 3624 1220 καὶ

2049 1258 2355 1328 ὁμονοήσας
2410 1258 2551 1327 μετὰ
2583 1258 2677 1310 τοῦ
2722 1259 3184 1330 Καντακουζηνοῦ
3224 1257 3474 1312 Ἰωάννου
3511 1277 3623 1314 παη

2055 1349 2405 1419 ροτρύνοντές
2439 1366 2507 1417 με
2539 1351 2624 1402 ἀεὶ
2657 1350 2745 1404 ἵνα
2775 1351 2836 1403 τὸ
2867 1351 2966 1420 τῆς
2994 1350 3409 1421 Τραπεζοῦντος
3441 1368 3625 1405 συνοι-

2052 1440 2238 1493 κέσιον
2297 1439 2536 1510 γένηται.
2580 1441 2698 1494 Τίνι
2745 1435 2850 1512 γὰρ
2897 1443 3021 1502 τότε
3061 1443 3340 1513 ἐδυνάμην
3391 1443 3627 1511 συμϐου-

2051 1534 2308 1603 λεύεσθαι
2327 1555 2343 1603 ;
2365 1538 2522 1590 Μετὰ
2548 1539 2801 1610 μοναχῶν
2828 1540 2923 1594 καὶ
2957 1539 3066 1595 τῶν
3088 1539 3377 1606 τοιούτωνς
3411 1540 3629 1610 απράγ-

2053 1628 2216 1698 μονές
2241 1629 2373 1684 εισι.
2423 1630 2582 1684 Μετὰ
2633 1631 2940 1702 ἀρχόντων;
2992 1633 3087 1686 καὶ
3116 1633 3293 1695 οὐδεὶς
3331 1633 3620 1703 ἐφρόντιζε

2055 1717 2132 1788 μὴ
2166 1719 2528 1790 προκείμενός
2563 1738 2690 1786 τινι,
2727 1723 2801 1794 μή
2845 1740 2962 1786 πως
2987 1722 3323 1794 δημοσιεύσῃ
3350 1725 3490 1778 αὑτὰ
3515 1726 3628 1784 τοῖς

2055 1809 2258 1874 ἄλλοις.
2293 1812 2497 1865 Λοιπὸν
2522 1813 2684 1882 222
2716 1813 2828 1882 ἐγὼ
2861 1813 3250 1868 ἐδεινοπόιθουν
3273 1816 3352 1876 είς
3383 1815 3484 1883 τὴν
3530 1816 3630 1888 σὴν

2055 1902 2394 1974 βραδύτητα.
2439 1905 2738 1976 Ἐλθούσης
2768 1906 2826 1958 δὲ
2852 1905 2953 1975 τῆς
2981 1907 3203 1977 γραφῆς
3240 1924 3358 1972 σου,
3391 1907 3501 1960 ἰδοῦ
3537 1909 3630 1960 καὶ

2055 1996 2117 2049 σὲ
2153 1998 2249 2050 καὶ
2283 1996 2383 2068 τὴν
2415 1997 2647 2068 γνώμην
2689 2015 2781 2051 σου
2817 1997 3057 2066 ἔγνωκα·
3085 1999 3179 2054 καὶ
3206 1997 3242 2053 ἃ
3271 1999 3494 2069 εἴχομεν
3534 1999 3632 2051 καὶ

2053 2088 2216 2157 ἡμεῖς
2245 2093 2751 2161 προσυνιστάμενα,
2771 2092 3056 2162 φρονίμως
3087 2091 3182 2147 καὶ
3204 2091 3390 2153 καλῶς
3411 2089 3627 2154 ἔλυσας.

2036 2180 2161 2248 Kal.
2225 2180 2388 2254 εὑθίις
2445 2181 2540 2236 τὸν
2593 2182 2962 2250 Παλαιολόγον
3015 2183 3111 2237 καὶ
3169 2183 3263 2238 τὸν
3319 2181 3632 2251 Εὐδαίμονα

2066 2271 2322 2343 Ἰωάννην
2357 2273 2681 2338 ἀπέστειλα,
2732 2274 2798 2328 δι’
2829 2275 2964 2328 ἄλλα
3026 2277 3125 2344 μὲν
3165 2276 3226 2328 τὸ
3277 2274 3629 2344 φαινόμενον.

2052 2365 2129 2426 ὡς
2161 2365 2270 2418 διπὸ
2322 2366 2425 2434 τῆς
2484 2365 2634 2429 θείας
2678 2366 2842 2420 αὑτοῦ
2889 2368 2992 2436 τῆς
3035 2367 3633 2437 πρωτοστρατορίσσης

2054 2453 2187 2526 εἴπῃ
2221 2455 2402 2508 τοῦτο.
2433 2457 2542 2509 Καὶ
2593 2457 2704 2510 ίδοὺ
2740 2457 3058 2527 ἠκούσαμεν
3087 2459 3150 2510 τὸ
3192 2459 3368 2512 αἴτιον
3396 2457 3490 2511 τοῦ
3521 2477 3631 2512 κω-

2052 2547 2316 2618 λύματος,
2349 2549 2444 2601 καὶ
2499 2549 2840 2618 ἐπαύσαμεν.
2879 2551 3079 2604 Λοιπὸν
3113 2551 3211 2608 σὺν
3243 2551 3362 2622 Θεῷ
3393 2551 3630 2605 τελέσω-

2056 2657 2159 2708 μεν
2189 2640 2249 2692 τὸ
2281 2640 2373 2692 τοῦ
2405 2639 2672 2710 βασιλέως
2704 2641 2804 2710 τῆς
2835 2640 3104 2712 Ἰϐηρίας.
3139 2661 3157 2693 ι
3200 2644 3312 2697 Καὶ
3342 2644 3631 2712 γεγονότος

2057 2731 2457 2801 χρυσοϐούλλου
2491 2734 2585 2784 καὶ
2616 2732 3055 2802 ὑπογραφέντος,
3111 2736 3386 2804 περιεῖχεν
3435 2734 3630 2798 οὕτως,

2055 2821 2138 2874 ὅτι
2167 2821 2378 2876 ἐκείνου
2405 2822 2506 2892 μὲν
2542 2824 2574 2893 ἡ
2600 2823 2850 2893 θυγάτηρ
2884 2823 3028 2876 ἐστω
3062 2825 3200 2902 γυνὴ
3227 2816 3326 2876 τοῦ
3367 2824 3635 2896 βασιλέως

2058 2915 2149 2967 καὶ
2195 2914 2453 2969 δέσποινα
2496 2916 2596 2981 τῆς
2647 2916 3295 2984 Κωνσταντινουπόλεως,
3345 2917 3439 2970 καὶ
3471 2917 3635 2981 αὐτὸς

2056 3005 2121 3075 δὴ
2151 3007 2178 3058 ό
2215 3004 2476 3072 βασιλεὺς
2521 3006 2662 3059 ἔστω
2714 3007 2856 3078 ἀνὴρ
2891 3008 3084 3078 αὑτῆς,
3134 3010 3279 3063 κατὰ
3317 3010 3500 3073 πάσας
3537 3011 3635 3074 τὰς

2060 3098 2382 3166 συμφωνίας
2412 3096 2479 3160 ἃς
2516 3098 2636 3166 μετ’
2665 3100 2799 3169 ἐμοῦ
2833 3099 3064 3170 ἔστησεν
3111 3103 3138 3155 ὀ
3176 3102 3367 3172 ῥηθεὶς
3403 3101 3506 3173 ῥὴξ
3536 3103 3637 3171 τῆς

383 3182 592 3248 πάντας
650 3185 971 3257 παθητικῶς
1019 3192 1348 3250 διακεῖσθαι.
1407 3193 1472 3249 Ἦ
1529 3196 1698 3266 κυρία
1751 3214 1853 3264 μου
1921 3199 2029 3273 ἧς
2071 3191 2329 3261 Ἰϐηρίας.
2387 3192 2498 3248 Καὶ
2553 3191 2780 3263 κληθεὶς
2838 3193 3115 3264 προσῆλθε
3153 3195 3496 3249 κατενώπιον
3540 3193 3636 3250 τοῦ

380 3272 638 3329 δέσποινα
671 3279 764 3332 καὶ
802 3282 984 3351 μήτηρ
1015 3283 1110 3336 τοῦ
1160 3286 1432 3356 παρόντος
1475 3286 1590 3356 βίου
1627 3289 1949 3361 ἐξεδήμησε.

382 3460 531 3505 luam
558 3466 622 3506 ac
645 3456 886 3510 studium
913 3458 1076 3512 etiam
1103 3461 1281 3530 magis
1313 3462 1623 3527 confirmat,
1649 3467 1957 3520 communit

380 3552 435 3598 et
457 3544 612 3609 quasi
632 3545 901 3617 obsignat,
933 3551 1146 3619 tibique
1197 3552 1472 3623 obligatus
1500 3570 1644 3618 sum,
1673 3557 1854 3626 quoad
1894 3558 1949 3612 in

381 3636 522 3693 vivis
549 3653 666 3704 cro,
700 3653 825 3694 cum
877 3655 1093 3711 semper
1123 3659 1244 3698 mea
1283 3660 1452 3700 causa
1493 3662 1839 3717 summopere
1879 3650 1959 3703 la—

383 3731 685 3796 boraveris,
721 3746 870 3786 nunc
907 3747 1038 3787 vero
1079 3745 1241 3788 etiam
1283 3735 1507 3807 domum
1542 3746 1686 3792 tuam
1721 3754 1814 3809 per
1841 3740 1962 3794 lon-

386 3839 513 3893 gum
539 3834 758 3894 tempus
788 3824 1105 3894 reliqueris,
1141 3827 1334 3895 procul
1374 3843 1402 3882 a
1426 3831 1604 3899 patria
1629 3841 1847 3898 exteras
1873 3847 1959 3886 re~

387 3916 576 3984 gioncs
607 3916 833 3972 obiens:
873 3918 1016 3973 unde
1045 3933 1193 3983 cum,
1222 3919 1316 3986 qui
1346 3919 1460 3975 illic
1487 3931 1741 3990 regnant,
1763 3937 1961 3993 magna

388 4008 485 4062 tibi
517 4008 657 4063 dona
709 4010 1061 4078 honoresque
1086 4011 1496 4080 promitterent,
1524 4011 1714 4068 lberiae
1743 4015 1962 4068 scilicet

387 4107 443 4152 et
464 4095 830 4168 Trapezuntis
851 4100 1094 4168 despota:
1117 4115 1405 4170 regesque,
1429 4112 1658 4172 uterque
1675 4113 1726 4158 te
1741 4119 1960 4173 rogans,

389 4190 492 4257 ipsi
529 4199 589 4244 ut
623 4191 950 4248 ronciliares
985 4195 1089 4247 hoc
1121 4195 1489 4260 connubium,
1529 4204 1590 4250 ut
1639 4197 1883 4266 prudens
1912 4207 1967 4252 et

393 4282 564 4336 ﬁdelis
595 4282 844 4338 minister
867 4284 1155 4340 decrevisti
1183 4293 1238 4339 et
1267 4283 1468 4353 fecisti,
1492 4287 1635 4357 quod
1663 4287 1793 4342 mihi
1819 4303 1967 4343 como

354 4413 364 4424 .
390 4377 612 4431 modum
645 4387 700 4432 et
722 4378 1072 4433 utilissimum
1108 4385 1275 4444 esset,
1302 4364 1351 4433 et
1381 4380 1511 4447 quid
1541 4379 1636 4434 tibi
1663 4381 1963 4445 videretur,

393 4485 488 4536 per
518 4470 729 4524 litteras
760 4471 892 4523 mihi
921 4473 1169 4526 suasisti.
1202 4471 1338 4527 Illud
1361 4487 1617 4542 magnum
1651 4474 1783 4527 mihi
1813 4474 1968 4528 testi-

2059 3282 2329 3352 βασιλέως
2362 3287 2390 3337 ὁ
2423 3286 2488 3338 ὲκ
2546 3285 2648 3352 τῆς
2691 3285 2934 3357 Ἰϐηρίας
2997 3287 3116 3357 μετ’
3165 3287 3303 3359 ἐμοῦ
3356 3287 3639 3360 ἐληλυθὼς

2060 3461 2238 3518 Lucas
2288 3461 2520 3517 Notaras
2580 3473 2765 3518 autem
2815 3463 2993 3534 palam
3039 3473 3094 3518 et
3149 3464 3364 3518 occulte
3399 3463 3636 3527 dictitat,

2062 3565 2258 3623 praeter
2288 3570 2349 3610 se
2393 3555 2670 3609 neminem
2697 3556 2945 3610 omnium
2978 3556 3152 3622 scire,
3178 3556 3305 3625 quid
3335 3553 3478 3610 facto
3499 3570 3638 3624 opus

2060 3649 2151 3713 sit,
2185 3647 2340 3713 nihil,
2390 3648 2496 3702 nisi
2528 3649 2678 3716 quod
2731 3648 2849 3716 ipse
2888 3647 3024 3703 dicit
3059 3647 3319 3717 facitque,
3347 3663 3536 3702 verum
3575 3663 3640 3702 ac

2066 3739 2268 3793 bonum
2289 3753 2414 3794 esse
2437 3737 2697 3804 affirmat,
2729 3749 3059 3806 omnemque
3090 3738 3323 3809 lapidem
3351 3747 3551 3814 movet,
3581 3748 3641 3792 ut

2067 3835 2187 3880 utar
2225 3826 2538 3894 proverbio,
2573 3825 2626 3880 id
2667 3825 2812 3894 quod
2853 3826 2969 3892 ipse
3010 3823 3150 3879 bene
3203 3824 3370 3880 nosti.
3412 3824 3640 3890 Magnus

2064 3914 2398 3970 domesticus
2419 3912 2619 3967 infesto
2638 3913 2692 3966 in
2718 3911 2941 3966 Servios
2970 3916 3154 3966 anhno
3172 3920 3254 3966 est
3276 3911 3604 3978 conspirans
3621 3937 3637 3948 -

2065 4022 2172 4077 que
2216 4022 2340 4062 cum
2370 4004 2581 4060 Joanne
2598 4002 2984 4058 Cantacuzeno
3019 4003 3266 4072 quOtidie
3291 4016 3376 4055 me
3415 4003 3478 4054 ad
3501 3999 3640 4055 Tra-

2066 4098 2386 4168 pezuntium
2411 4095 2745 4152 connubium
2812 4095 3156 4152 adhortatur.
3213 4093 3352 4147 Cum
3395 4106 3638 4161 quonam

2067 4192 2233 4262 igitur
2253 4191 2614 4245 deliberarem
2641 4188 2820 4244 ?Cum
2855 4187 3137 4242 monachis
3159 4195 3211 4240 et
3233 4185 3508 4255 ejusmodi
3542 4186 3640 4238 hoc

2070 4284 2356 4340 minibus?
2407 4291 2464 4337 at
2511 4295 2629 4336 rem
2682 4280 2960 4352 publicam
3021 4295 3126 4334 non
3173 4279 3468 4346 attingunt.
3501 4277 3641 4332 Cum

2071 4374 2425 4448 proceribus?
2472 4382 2529 4429 at
2580 4389 2741 4430 nemo
2793 4388 2908 4428 rem
2962 4386 3336 4442 perpensurus
3374 4377 3513 4433 erat,
3548 4369 3643 4434 qui

2070 4469 2204 4524 nulli
2228 4468 2554 4539 prOpensior
2596 4474 2764 4530 esset,
2796 4474 2856 4521 ut
2882 4464 3186 4519 timendum
3229 4469 3396 4527 esset,
3431 4475 3500 4514 ne
3523 4474 3645 4514 eam

392 4562 632 4614 monium
659 4572 776 4615 erat
794 4571 901 4618 tua:
925 4580 1050 4634 erga
1072 4579 1156 4618 me
1175 4565 1474 4621 voluntatis
1496 4575 1548 4619 et
1564 4565 1956 4635 benignitatis:

2073 4576 2198 4614 cum
2221 4560 2432 4615 cateris
2459 4545 2916 4613 communicaret.
2942 4555 3133 4625 Itaque
3155 4569 3257 4624 ego
3285 4553 3529 4622 iniquius
3563 4552 3644 4606 fe—

390 4661 446 4705 et
497 4663 652 4707 certo
697 4655 857 4716 scito,
912 4657 1077 4726 digna
1128 4672 1215 4710 me
1245 4657 1342 4711 tibi
1372 4657 1600 4728 praemia
1626 4658 1962 4724 soluturum,

389 4745 568 4813 quoad
620 4745 672 4798 in
704 4746 844 4800 vivis
885 4761 1000 4801 ero.
1051 4745 1210 4813 Quod
1236 4756 1419 4804 autem
1481 4750 1548 4803 de
1580 4749 1848 4805 Serviano
1879 4767 1966 4808 me

389 4832 668 4888 connubio
725 4849 908 4903 rogas,
947 4850 1035 4891 res
1061 4850 1124 4890 ea
1164 4836 1238 4891 ita
1284 4837 1488 4892 evenit.
1517 4838 1716 4893 Amera
1745 4850 1966 4896 mortuo

389 4933 445 4980 et
483 4924 714 4998 conjuge
771 4927 894 4996 ejus
925 4942 1151 4985 reversa
1178 4929 1246 4983 ad
1273 4929 1558 4998 despotam
1593 4931 1820 4996 Servize,
1846 4931 1981 5010 ejus,

391 5028 624 5088 patrem,
671 5021 804 5075 adiit
832 5037 930 5081 me
957 5037 1125 5092 super
1166 5023 1262 5078 illo
1302 5025 1521 5094 negotio
1575 5035 1808 5094 cognata
1833 5027 1968 5095 ejus
2009 5063 2014 5066 ~

390 5110 890 5178 protostratorissa,
925 5113 1326 5182 spoponditque
1357 5114 1490 5167 mihi
1519 5115 1960 5170 cumulatissima

393 5199 537 5254 dona
568 5201 883 5271 dotemque,
903 5210 960 5257 et
993 5204 1099 5257 alia
1119 5203 1290 5258 multa
1311 5204 1602 5260 utilissima
1633 5220 1968 5260 commemo-

393 5292 534 5346 ravit
588 5303 644 5347 et
674 5292 728 5348 in
750 5293 994 5349 futurum
1039 5297 1324 5365 promisit:
1377 5312 1501 5366 quae
1534 5311 1635 5366 ego
1689 5287 1875 5353 multis
1898 5298 1966 5353 de

394 5383 579 5439 causis
611 5399 740 5439 vera
787 5394 887 5440 ete
917 5402 978 5441 re
1021 5402 1145 5442 mea
1195 5385 1313 5444 fore
1339 5389 1672 5444 existimavi.
1710 5389 1966 5444 Attamen

393 5474 501 5530 alio
525 5477 760 5530 consilio
794 5487 847 5532 ct
889 5479 1286 5534 deliberatione
1326 5481 1383 5534 in
1409 5481 1500 5535 tali
1543 5496 1602 5535 re
1647 5495 1786 5550 opus
1825 5491 1967 5549 erat,

394 5580 496 5622 nec
521 5566 822 5633 habebam,
869 5585 1031 5639 quem
1089 5572 1456 5635 consulerem,
1481 5573 1742 5638 quoniam
1775 5589 1968 5630 omnes

395 5656 580 5712 animo
633 5659 1028 5715 vehementiori
1069 5670 1250 5716 erant.
1284 5663 1509 5716 Domina
1539 5673 1594 5717 et
1631 5673 1807 5716 mater
1847 5679 1972 5719 mea

396 5743 714 5816 imperatrix
746 5763 778 5803 e
809 5749 922 5806 vita
959 5763 1240 5818 cesserat;
1284 5751 1744 5819 Cantacuzenus,
1801 5755 1898 5826 qui
1937 5769 1968 5810 e

396 5837 623 5909 reliquis
646 5855 754 5895 non
781 5841 978 5910 cupide
1005 5845 1308 5918 judicabat,
1332 5854 1385 5902 et
1413 5845 1530 5914 ipse
1548 5853 1800 5903 mortuus
1829 5853 1968 5902 erat.

2070 4655 2254 4708 rebam
2290 4667 2470 4707 moras
2493 4659 2639 4706 tuus.
2677 4647 2917 4716 Epistola
2977 4655 3156 4700 autem
3185 4655 3275 4699 tua
3304 4645 3372 4698 ad
3407 4659 3493 4697 me
3517 4658 3644 4712 per—

2068 4744 2204 4809 lata,
2232 4752 2285 4799 et
2305 4752 2358 4798 te
2380 4751 2434 4796 et
2464 4739 2793 4795 sententiam
2818 4748 2966 4791 tuam
2995 4737 3250 4806 cognovi,
3287 4751 3519 4804 qumque
3544 4749 3644 4788 nos

2069 4849 2289 4905 quoque
2314 4834 2464 4904 prius
2490 4831 2790 4886 constituta
2827 4828 3214 4891 habebamus,
3255 4827 3555 4896 prudenter
3589 4837 3645 4880 ct

2069 4928 2354 4983 commode
2396 4924 2770 4992 expediVeras.
2813 4919 3012 4975 Statim
3062 4919 3227 4988 igitur
3275 4917 3642 4987 Palaolngum

2069 5032 2194 5072 cum
2239 5015 2452 5069 Joanne
2477 5011 2828 5077 Eudaemone,
2881 5009 3118 5063 aliarum
3141 5020 3321 5061 rerum
3353 5015 3647 5085 praetextu,

2070 5084 2309 5178 misi,a
2363 5106 2880 5178 protostratorissa,
2935 5109 3231 5155 matertera
3313 5115 3449 5165 sua,
3513 5099 3644 5154 illud

2073 5199 2404 5256 nuntiatum.
2433 5197 2574 5252 Ecce
2618 5205 2800 5250 autem
2819 5235 2834 5258 ,
2865 5207 3086 5248 causam
3114 5207 3236 5260 qua:
3264 5208 3377 5247 rem
3409 5191 3648 5262 impedi-

2071 5306 2174 5360 ret,
2223 5292 2600 5364 cognovimus,
2625 5299 2680 5344 et
2723 5289 3055 5343 destitimns.
3119 5285 3387 5342 Caeterum
3411 5327 3424 5349 ,
3450 5286 3502 5338 si
3533 5285 3646 5338 Deo

2074 5387 2271 5456 placet,
2321 5383 2674 5453 perficiamus
2726 5396 2850 5434 cum
2912 5380 3194 5434 [berorum
3271 5394 3396 5449 rege
3437 5392 3648 5432 connu-

2059 5479 2280 5532 ‘liiumu
2317 5474 2404 5531 Fit
2430 5475 2596 5545 igitur
2625 5474 2769 5527 bulla
2804 5487 2990 5535 aurea,
3019 5472 3110 5526 cui
3143 5473 3513 5540 subscriptum
3541 5480 3647 5534 est,

2074 5569 2128 5623 in
2163 5571 2305 5624 hanc
2339 5565 2665 5622 sententiam
2691 5605 2705 5626 .
2736 5575 2795 5616 ut
2826 5557 2976 5617 illius
2997 5563 3107 5617 tilia
3136 5571 3446 5616 esset-uxor
3473 5561 3648 5628 impe-

2073 5663 2274 5719 ratoris
2309 5671 2362 5716 et
2397 5659 2722 5728 imperatrix
2755 5656 2965 5727 Cpolis,
3015 5657 3318 5724 imperator
3345 5660 3492 5707 esset
3526 5656 3646 5719 ejus

2076 5754 2326 5815 maritus,
2354 5751 2654 5806 secundum
2690 5749 3038 5803 conditiones
3068 5760 3259 5800 omnes
3287 5757 3425 5813 quas
3458 5742 3650 5797 Ibero-

2075 5860 2195 5900 rnm
2227 5858 2323 5900 rex
2356 5856 2568 5898 mecum
2600 5847 3006 5910 composuerat.
3059 5834 3300 5891 Vocatur
3328 5835 3386 5890 in
3421 5847 3653 5904 conspe-
