  <div class='ocr_page' id='page_1' title='image "/cluster/home/n/w/nwhite01/storage/ocr_20150623/156/coo.31924054870617/419.png"; bbox 0 0 3964 6484; ppageno 0'>
   <div class='ocr_carea' id='block_1_1' title="bbox 416 408 524 471">
    <p class='ocr_par' dir='ltr' id='par_1_1' title="bbox 416 408 524 471">
     <span class='ocr_line' id='line_1_1' title="bbox 416 408 524 471; baseline 0 -1"><span class='ocrx_word' id='word_1_1' title='bbox 416 408 524 471; x_wconf 65' lang='lat'><strong>8°23</strong></span> 
     </span>
    </p>
   </div>
   <div class='ocr_carea' id='block_1_2' title="bbox 1691 416 2489 483">
    <p class='ocr_par' dir='ltr' id='par_1_2' title="bbox 1691 416 2489 483">
     <span class='ocr_line' id='line_1_2' title="bbox 1691 416 2489 483; baseline 0.01 -8"><span class='ocrx_word' id='word_1_2' title='bbox 1691 416 2017 479; x_wconf 74' lang='lat' dir='ltr'><strong>GEORGII</strong></span> <span class='ocrx_word' id='word_1_3' title='bbox 2056 422 2489 483; x_wconf 73' lang='grc' dir='ltr'><strong>ΡΗΒΑΝΤΖίΕ</strong></span> 
     </span>
    </p>
   </div>
   <div class='ocr_carea' id='block_1_3' title="bbox 3119 434 3709 495">
    <p class='ocr_par' dir='ltr' id='par_1_3' title="bbox 3119 434 3709 495">
     <span class='ocr_line' id='line_1_3' title="bbox 3119 434 3709 495; baseline 0.002 -1"><span class='ocrx_word' id='word_1_4' title='bbox 3119 478 3149 494; x_wconf 68' lang='grc'><strong>-</strong></span> <span class='ocrx_word' id='word_1_5' title='bbox 3611 434 3709 495; x_wconf 70' lang='grc'><strong>824</strong></span> 
     </span>
    </p>
   </div>
   <div class='ocr_carea' id='block_1_4' title="bbox 410 522 3704 616">
    <p class='ocr_par' dir='ltr' id='par_1_4' title="bbox 410 522 3704 616">
     <span class='ocr_line' id='line_1_4' title="bbox 410 522 3704 616; baseline 0.008 -40"><span class='ocrx_word' id='word_1_6' title='bbox 410 522 681 593; x_wconf 86' lang='grc' dir='ltr'>πρέσϐυς.</span> <span class='ocrx_word' id='word_1_7' title='bbox 705 523 808 576; x_wconf 79' lang='grc' dir='ltr'>Καὶ</span> <span class='ocrx_word' id='word_1_8' title='bbox 854 526 881 577; x_wconf 87' lang='lat'><strong>6</strong></span> <span class='ocrx_word' id='word_1_9' title='bbox 938 524 1199 594; x_wconf 68' lang='grc' dir='ltr'>βασιλεὺς</span> <span class='ocrx_word' id='word_1_10' title='bbox 1243 528 1620 600; x_wconf 76' lang='grc' dir='ltr'>οἱκειοχείρως</span> <span class='ocrx_word' id='word_1_11' title='bbox 1671 531 1988 599; x_wconf 78' lang='grc' dir='ltr'>ἔμπροσθεν</span> <span class='ocrx_word' id='word_1_12' title='bbox 2019 546 2068 602; x_wconf 72' lang='grc' dir='ltr'>Α</span> <span class='ocrx_word' id='word_1_13' title='bbox 2099 538 2297 607; x_wconf 80' lang='grc' dir='ltr'>κυρίαν</span> <span class='ocrx_word' id='word_1_14' title='bbox 2326 556 2447 591; x_wconf 92' lang='grc' dir='ltr'>σου.</span> <span class='ocrx_word' id='word_1_15' title='bbox 2475 559 2494 591; x_wconf 73' lang='grc' dir='ltr'><strong>ι</strong></span> <span class='ocrx_word' id='word_1_16' title='bbox 2543 540 2760 606; x_wconf 82' lang='grc' dir='ltr'>Ἔγωγε</span> <span class='ocrx_word' id='word_1_17' title='bbox 2784 540 3106 611; x_wconf 82' lang='grc' dir='ltr'><strong>ἀποκριθεὶς</strong></span> <span class='ocrx_word' id='word_1_18' title='bbox 3144 538 3324 596; x_wconf 77' lang='grc' dir='ltr'>εἶπον</span> <span class='ocrx_word' id='word_1_19' title='bbox 3363 542 3546 616; x_wconf 76' lang='grc' dir='ltr'>αὐτῷ’</span> <span class='ocrx_word' id='word_1_20' title='bbox 3583 565 3603 599; x_wconf 71' lang='grc' dir='ltr'><strong>ο</strong></span> <span class='ocrx_word' id='word_1_21' title='bbox 3633 551 3704 604; x_wconf 78' lang='grc' dir='ltr'><strong>Οὐ</strong></span> 
     </span>
    </p>
   </div>
   <div class='ocr_carea' id='block_1_5' title="bbox 410 617 1992 696">
    <p class='ocr_par' dir='ltr' id='par_1_5' title="bbox 410 617 1992 696">
     <span class='ocr_line' id='line_1_5' title="bbox 410 617 1992 696; baseline 0.008 -27"><span class='ocrx_word' id='word_1_22' title='bbox 410 617 603 670; x_wconf 83' lang='grc' dir='ltr'>τούτου</span> <span class='ocrx_word' id='word_1_23' title='bbox 655 618 882 683; x_wconf 82' lang='grc' dir='ltr'>ἐποίησε</span> <span class='ocrx_word' id='word_1_24' title='bbox 937 621 1210 690; x_wconf 83' lang='grc' dir='ltr'><strong>σταυροὺς</strong></span> <span class='ocrx_word' id='word_1_25' title='bbox 1248 623 1399 690; x_wconf 81' lang='grc' dir='ltr'>τρεῖς</span> <span class='ocrx_word' id='word_1_26' title='bbox 1452 623 1591 692; x_wconf 66' lang='grc' dir='ltr'>μετὰ</span> <span class='ocrx_word' id='word_1_27' title='bbox 1650 627 1992 696; x_wconf 82' lang='grc' dir='ltr'>κιναϐάρεως</span> 
     </span>
    </p>
   </div>
   <div class='ocr_carea' id='block_1_6' title="bbox 409 709 1995 786">
    <p class='ocr_par' dir='ltr' id='par_1_6' title="bbox 409 709 1995 786">
     <span class='ocr_line' id='line_1_6' title="bbox 409 709 1995 786; baseline 0.006 -25"><span class='ocrx_word' id='word_1_28' title='bbox 409 712 489 772; x_wconf 74' lang='grc' dir='ltr'><strong>εἰς</strong></span> <span class='ocrx_word' id='word_1_29' title='bbox 511 711 572 762; x_wconf 85' lang='grc' dir='ltr'><strong>τὸ</strong></span> <span class='ocrx_word' id='word_1_30' title='bbox 600 709 873 782; x_wconf 77' lang='grc' dir='ltr'><strong>ἀνώτερον</strong></span> <span class='ocrx_word' id='word_1_31' title='bbox 904 711 998 763; x_wconf 77' lang='grc' dir='ltr'>τοῦ</span> <span class='ocrx_word' id='word_1_32' title='bbox 1030 715 1437 781; x_wconf 87' lang='grc' dir='ltr'>χρυσοϐούλλου</span> <span class='ocrx_word' id='word_1_33' title='bbox 1481 717 1736 784; x_wconf 85' lang='grc' dir='ltr'>μέτωπον</span> <span class='ocrx_word' id='word_1_34' title='bbox 1775 719 1857 780; x_wconf 85' lang='grc' dir='ltr'><strong>είς</strong></span> <span class='ocrx_word' id='word_1_35' title='bbox 1905 719 1995 786; x_wconf 86' lang='grc' dir='ltr'>βε-</span> 
     </span>
    </p>
   </div>
   <div class='ocr_carea' id='block_1_7' title="bbox 411 803 1992 878">
    <p class='ocr_par' dir='ltr' id='par_1_7' title="bbox 411 803 1992 878">
     <span class='ocr_line' id='line_1_7' title="bbox 411 803 1992 878; baseline 0.006 -26"><span class='ocrx_word' id='word_1_36' title='bbox 411 803 640 855; x_wconf 85' lang='grc' dir='ltr'>ϐαίωσιν</span> <span class='ocrx_word' id='word_1_37' title='bbox 673 805 817 857; x_wconf 87' lang='grc' dir='ltr'>κατὰ</span> <span class='ocrx_word' id='word_1_38' title='bbox 845 805 942 874; x_wconf 85' lang='grc' dir='ltr'><strong>τὴν</strong></span> <span class='ocrx_word' id='word_1_39' title='bbox 971 807 1198 860; x_wconf 76' lang='grc' dir='ltr'><strong>ἐκείνων</strong></span> <span class='ocrx_word' id='word_1_40' title='bbox 1235 808 1551 878; x_wconf 87' lang='grc' dir='ltr'>συνήθειαν,</span> <span class='ocrx_word' id='word_1_41' title='bbox 1583 811 1676 862; x_wconf 76' lang='grc' dir='ltr'><strong>καὶ</strong></span> <span class='ocrx_word' id='word_1_42' title='bbox 1706 811 1871 864; x_wconf 79' lang='grc' dir='ltr'>ἐδωσε</span> <span class='ocrx_word' id='word_1_43' title='bbox 1899 811 1992 864; x_wconf 84' lang='grc' dir='ltr'><strong>τὸν</strong></span> 
     </span>
    </p>
   </div>
   <div class='ocr_carea' id='block_1_8' title="bbox 414 893 1990 970">
    <p class='ocr_par' dir='ltr' id='par_1_8' title="bbox 414 893 1990 970">
     <span class='ocr_line' id='line_1_8' title="bbox 414 893 1990 970; baseline 0.006 -26"><span class='ocrx_word' id='word_1_44' title='bbox 414 893 816 961; x_wconf 86' lang='grc' dir='ltr'>χρυσόϐουλλον</span> <span class='ocrx_word' id='word_1_45' title='bbox 863 897 957 948; x_wconf 72' lang='grc' dir='ltr'><strong>ἐπὶ</strong></span> <span class='ocrx_word' id='word_1_46' title='bbox 1003 897 1103 959; x_wconf 87' lang='grc' dir='ltr'><strong>τάς</strong></span> <span class='ocrx_word' id='word_1_47' title='bbox 1144 899 1337 968; x_wconf 87' lang='grc' dir='ltr'>χεῖρας</span> <span class='ocrx_word' id='word_1_48' title='bbox 1385 899 1477 951; x_wconf 78' lang='grc' dir='ltr'>τοῦ</span> <span class='ocrx_word' id='word_1_49' title='bbox 1534 900 1852 970; x_wconf 84' lang='grc' dir='ltr'>πρέσϐεως,</span> <span class='ocrx_word' id='word_1_50' title='bbox 1895 902 1990 955; x_wconf 88' lang='grc' dir='ltr'><strong>καί</strong></span> 
     </span>
    </p>
   </div>
   <div class='ocr_carea' id='block_1_9' title="bbox 410 985 1993 1058">
    <p class='ocr_par' dir='ltr' id='par_1_9' title="bbox 410 985 1993 1058">
     <span class='ocr_line' id='line_1_9' title="bbox 410 985 1993 1058; baseline 0.006 -20"><span class='ocrx_word' id='word_1_51' title='bbox 410 1003 578 1055; x_wconf 84' lang='grc' dir='ltr'>φησιν</span> <span class='ocrx_word' id='word_1_52' title='bbox 634 985 817 1056; x_wconf 78' lang='grc' dir='ltr'>αὐτῷ·</span> <span class='ocrx_word' id='word_1_53' title='bbox 868 1007 886 1039; x_wconf 75' lang='grc' dir='ltr'><strong>ι</strong></span> <span class='ocrx_word' id='word_1_54' title='bbox 933 989 1066 1042; x_wconf 82' lang='grc' dir='ltr'>Ἰδοὺ</span> <span class='ocrx_word' id='word_1_55' title='bbox 1108 989 1266 1050; x_wconf 77' lang='grc' dir='ltr'>οὗτος</span> <span class='ocrx_word' id='word_1_56' title='bbox 1303 1009 1320 1040; x_wconf 75' lang='grc' dir='ltr'><strong>ι</strong></span> <span class='ocrx_word' id='word_1_57' title='bbox 1362 991 1465 1058; x_wconf 81' lang='grc' dir='ltr'><strong>ἐμὲ</strong></span> <span class='ocrx_word' id='word_1_58' title='bbox 1507 991 1774 1046; x_wconf 84' lang='grc' dir='ltr'>δεικνύων</span> <span class='ocrx_word' id='word_1_59' title='bbox 1831 1013 1849 1046; x_wconf 79' lang='grc' dir='ltr'><strong>ι</strong></span> <span class='ocrx_word' id='word_1_60' title='bbox 1892 993 1993 1047; x_wconf 77' lang='grc' dir='ltr'><strong>σὺν</strong></span> 
     </span>
    </p>
   </div>
   <div class='ocr_carea' id='block_1_10' title="bbox 409 1079 1992 1156">
    <p class='ocr_par' dir='ltr' id='par_1_10' title="bbox 409 1079 1992 1156">
     <span class='ocr_line' id='line_1_10' title="bbox 409 1079 1992 1156; baseline 0.005 -26"><span class='ocrx_word' id='word_1_61' title='bbox 409 1079 532 1148; x_wconf 79' lang='grc' dir='ltr'><strong>Θεῷ</strong></span> <span class='ocrx_word' id='word_1_62' title='bbox 579 1079 655 1148; x_wconf 85' lang='grc' dir='ltr'>τῷ</span> <span class='ocrx_word' id='word_1_63' title='bbox 698 1081 982 1152; x_wconf 79' lang='grc' dir='ltr'><strong>ἐρχομένῳ</strong></span> <span class='ocrx_word' id='word_1_64' title='bbox 1034 1082 1156 1154; x_wconf 73' lang='grc' dir='ltr'>ἔαρι</span> <span class='ocrx_word' id='word_1_65' title='bbox 1212 1083 1493 1136; x_wconf 73' lang='grc' dir='ltr'><strong>ἐλεύσεται</strong></span> <span class='ocrx_word' id='word_1_66' title='bbox 1537 1086 1677 1155; x_wconf 86' lang='grc' dir='ltr'><strong>μετά</strong></span> <span class='ocrx_word' id='word_1_67' title='bbox 1716 1086 1992 1156; x_wconf 85' lang='grc' dir='ltr'>τριήρεων</span> 
     </span>
    </p>
   </div>
   <div class='ocr_carea' id='block_1_11' title="bbox 409 1173 1985 1248">
    <p class='ocr_par' dir='ltr' id='par_1_11' title="bbox 409 1173 1985 1248">
     <span class='ocr_line' id='line_1_11' title="bbox 409 1173 1985 1248; baseline 0.006 -26"><span class='ocrx_word' id='word_1_68' title='bbox 409 1173 756 1242; x_wconf 76' lang='grc' dir='ltr'>παραλαϐεῖν</span> <span class='ocrx_word' id='word_1_69' title='bbox 804 1174 903 1244; x_wconf 84' lang='grc' dir='ltr'>τὴν</span> <span class='ocrx_word' id='word_1_70' title='bbox 959 1175 1118 1244; x_wconf 42' lang='grc' dir='ltr'>ἐμὴν,</span> <span class='ocrx_word' id='word_1_71' title='bbox 1156 1175 1411 1230; x_wconf 84' lang='grc' dir='ltr'><strong>σύνευνον</strong></span> <span class='ocrx_word' id='word_1_72' title='bbox 1453 1179 1550 1246; x_wconf 78' lang='grc' dir='ltr'><strong>τὴν</strong></span> <span class='ocrx_word' id='word_1_73' title='bbox 1593 1178 1918 1248; x_wconf 84' lang='grc' dir='ltr'>νεόνυμφον,</span> <span class='ocrx_word' id='word_1_74' title='bbox 1965 1197 1985 1231; x_wconf 68' lang='grc' dir='ltr'><strong>ι</strong></span> 
     </span>
    </p>
   </div>
   <div class='ocr_carea' id='block_1_12' title="bbox 411 1261 1667 1339">
    <p class='ocr_par' dir='ltr' id='par_1_12' title="bbox 411 1261 1667 1339">
     <span class='ocr_line' id='line_1_12' title="bbox 411 1261 1667 1339; baseline 0.006 -23"><span class='ocrx_word' id='word_1_75' title='bbox 411 1267 804 1336; x_wconf 80' lang='grc' dir='ltr'>ιῐροσκυνήσας</span> <span class='ocrx_word' id='word_1_76' title='bbox 833 1262 924 1320; x_wconf 79' lang='grc' dir='ltr'>οὖν</span> <span class='ocrx_word' id='word_1_77' title='bbox 955 1268 982 1319; x_wconf 82' lang='lat'><strong>6</strong></span> <span class='ocrx_word' id='word_1_78' title='bbox 1015 1268 1265 1335; x_wconf 85' lang='grc' dir='ltr'>πρέσϐυς</span> <span class='ocrx_word' id='word_1_79' title='bbox 1292 1261 1667 1339; x_wconf 77' lang='grc' dir='ltr'><strong>ἀνεχώρησεν.</strong></span> 
     </span>
    </p>
   </div>
   <div class='ocr_carea' id='block_1_13' title="bbox 481 1357 1991 1428">
    <p class='ocr_par' dir='ltr' id='par_1_13' title="bbox 481 1357 1991 1428">
     <span class='ocr_line' id='line_1_13' title="bbox 481 1357 1991 1428; baseline 0.004 -19"><span class='ocrx_word' id='word_1_80' title='bbox 481 1357 640 1425; x_wconf 75' lang='grc'><strong>223</strong></span> <span class='ocrx_word' id='word_1_81' title='bbox 686 1357 838 1410; x_wconf 75' lang='grc' dir='ltr'>Ἐπεὶ</span> <span class='ocrx_word' id='word_1_82' title='bbox 881 1358 937 1410; x_wconf 84' lang='grc' dir='ltr'>δὲ</span> <span class='ocrx_word' id='word_1_83' title='bbox 971 1357 1078 1411; x_wconf 72' lang='grc' dir='ltr'>ἀπὸ</span> <span class='ocrx_word' id='word_1_84' title='bbox 1112 1359 1214 1426; x_wconf 80' lang='grc' dir='ltr'>τῆς</span> <span class='ocrx_word' id='word_1_85' title='bbox 1267 1359 1445 1428; x_wconf 79' lang='grc' dir='ltr'>ἀρχῆς</span> <span class='ocrx_word' id='word_1_86' title='bbox 1494 1360 1589 1413; x_wconf 83' lang='grc' dir='ltr'>τοῦ</span> <span class='ocrx_word' id='word_1_87' title='bbox 1624 1361 1790 1415; x_wconf 76' lang='grc' dir='ltr'>αὐτοῦ</span> <span class='ocrx_word' id='word_1_88' title='bbox 1838 1363 1991 1427; x_wconf 74' lang='grc' dir='ltr'>ἔτους</span> 
     </span>
    </p>
   </div>
   <div class='ocr_carea' id='block_1_14' title="bbox 407 1447 1991 1522">
    <p class='ocr_par' dir='ltr' id='par_1_14' title="bbox 407 1447 1991 1522">
     <span class='ocr_line' id='line_1_14' title="bbox 407 1447 1991 1522; baseline 0.006 -24"><span class='ocrx_word' id='word_1_89' title='bbox 407 1447 758 1518; x_wconf 67' lang='grc' dir='ltr'>ἐψιθυρίζετο</span> <span class='ocrx_word' id='word_1_90' title='bbox 789 1451 872 1503; x_wconf 80' lang='grc' dir='ltr'>ὅτι</span> <span class='ocrx_word' id='word_1_91' title='bbox 911 1453 939 1504; x_wconf 97' lang='lat'><strong>6</strong></span> <span class='ocrx_word' id='word_1_92' title='bbox 989 1452 1217 1522; x_wconf 80' lang='grc' dir='ltr'>άμηρᾶς</span> <span class='ocrx_word' id='word_1_93' title='bbox 1249 1452 1505 1504; x_wconf 88' lang='grc' dir='ltr'>ἐϐούλετο</span> <span class='ocrx_word' id='word_1_94' title='bbox 1537 1453 1715 1506; x_wconf 78' lang='grc' dir='ltr'>ἐλθεῖν</span> <span class='ocrx_word' id='word_1_95' title='bbox 1764 1457 1907 1508; x_wconf 88' lang='grc' dir='ltr'><strong>κατά</strong></span> <span class='ocrx_word' id='word_1_96' title='bbox 1932 1456 1991 1508; x_wconf 78' lang='grc' dir='ltr'><strong>τὸ</strong></span> 
     </span>
    </p>
   </div>
   <div class='ocr_carea' id='block_1_15' title="bbox 409 1539 1993 1613">
    <p class='ocr_par' dir='ltr' id='par_1_15' title="bbox 409 1539 1993 1613">
     <span class='ocr_line' id='line_1_15' title="bbox 409 1539 1993 1613; baseline 0.005 -23"><span class='ocrx_word' id='word_1_97' title='bbox 409 1539 597 1592; x_wconf 83' lang='grc' dir='ltr'>στενὸν</span> <span class='ocrx_word' id='word_1_98' title='bbox 628 1541 796 1608; x_wconf 83' lang='grc' dir='ltr'>ἐγγὺς</span> <span class='ocrx_word' id='word_1_99' title='bbox 831 1543 924 1594; x_wconf 82' lang='grc' dir='ltr'>τοῦ</span> <span class='ocrx_word' id='word_1_100' title='bbox 976 1543 1257 1612; x_wconf 86' lang='grc' dir='ltr'>ἀνωτέρου</span> <span class='ocrx_word' id='word_1_101' title='bbox 1317 1543 1518 1613; x_wconf 80' lang='grc' dir='ltr'>μέρους</span> <span class='ocrx_word' id='word_1_102' title='bbox 1565 1546 1667 1611; x_wconf 79' lang='grc' dir='ltr'>τῆς</span> <span class='ocrx_word' id='word_1_103' title='bbox 1701 1545 1795 1596; x_wconf 83' lang='grc' dir='ltr'>τοῦ</span> <span class='ocrx_word' id='word_1_104' title='bbox 1822 1546 1993 1598; x_wconf 82' lang='grc' dir='ltr'>Ἀσω-</span> 
     </span>
    </p>
   </div>
   <div class='ocr_carea' id='block_1_16' title="bbox 410 1631 1990 1708">
    <p class='ocr_par' dir='ltr' id='par_1_16' title="bbox 410 1631 1990 1708">
     <span class='ocr_line' id='line_1_16' title="bbox 410 1631 1990 1708; baseline 0.003 -24"><span class='ocrx_word' id='word_1_105' title='bbox 410 1633 584 1695; x_wconf 77' lang='grc' dir='ltr'>μάτου</span> <span class='ocrx_word' id='word_1_106' title='bbox 625 1631 820 1701; x_wconf 78' lang='grc' dir='ltr'>κώμης</span> <span class='ocrx_word' id='word_1_107' title='bbox 850 1633 1212 1703; x_wconf 75' lang='grc' dir='ltr'>οἰκοδομῆσαί</span> <span class='ocrx_word' id='word_1_108' title='bbox 1252 1651 1304 1688; x_wconf 91' lang='grc' dir='ltr'><strong>τι</strong></span> <span class='ocrx_word' id='word_1_109' title='bbox 1343 1635 1628 1705; x_wconf 81' lang='grc' dir='ltr'>φρούριον.</span> <span class='ocrx_word' id='word_1_110' title='bbox 1671 1639 1765 1690; x_wconf 79' lang='grc' dir='ltr'>καὶ</span> <span class='ocrx_word' id='word_1_111' title='bbox 1797 1637 1990 1708; x_wconf 85' lang='grc' dir='ltr'>βουλῆς</span> 
     </span>
    </p>
   </div>
   <div class='ocr_carea' id='block_1_17' title="bbox 407 1725 1988 1802">
    <p class='ocr_par' dir='ltr' id='par_1_17' title="bbox 407 1725 1988 1802">
     <span class='ocr_line' id='line_1_17' title="bbox 407 1725 1988 1802; baseline 0.004 -25"><span class='ocrx_word' id='word_1_112' title='bbox 407 1725 712 1794; x_wconf 78' lang='grc' dir='ltr'>γενομένης</span> <span class='ocrx_word' id='word_1_113' title='bbox 740 1728 828 1779; x_wconf 80' lang='grc' dir='ltr'>ἵνα</span> <span class='ocrx_word' id='word_1_114' title='bbox 859 1729 887 1780; x_wconf 93' lang='lat'><strong>6</strong></span> <span class='ocrx_word' id='word_1_115' title='bbox 933 1728 1192 1796; x_wconf 76' lang='grc' dir='ltr'>βασιλεὺς</span> <span class='ocrx_word' id='word_1_116' title='bbox 1231 1729 1313 1791; x_wconf 87' lang='grc' dir='ltr'>εἰς</span> <span class='ocrx_word' id='word_1_117' title='bbox 1351 1730 1763 1798; x_wconf 75' lang='grc' dir='ltr'>Πελοπόννησον</span> <span class='ocrx_word' id='word_1_118' title='bbox 1803 1731 1988 1802; x_wconf 84' lang='grc' dir='ltr'>στείλῃ</span> 
     </span>
    </p>
   </div>
   <div class='ocr_carea' id='block_1_18' title="bbox 413 1816 1990 1901">
    <p class='ocr_par' dir='ltr' id='par_1_18' title="bbox 413 1816 1990 1901">
     <span class='ocr_line' id='line_1_18' title="bbox 413 1816 1990 1901; baseline 0.006 -34"><span class='ocrx_word' id='word_1_119' title='bbox 413 1816 636 1885; x_wconf 81' lang='grc' dir='ltr'><strong>μηνύων</strong></span> <span class='ocrx_word' id='word_1_120' title='bbox 678 1816 775 1871; x_wconf 81' lang='grc' dir='ltr'>τοῦ</span> <span class='ocrx_word' id='word_1_121' title='bbox 815 1819 990 1872; x_wconf 77' lang='grc' dir='ltr'>ἐλθεῖν</span> <span class='ocrx_word' id='word_1_122' title='bbox 1027 1820 1126 1878; x_wconf 73' lang='grc' dir='ltr'><strong>ἕνα</strong></span> <span class='ocrx_word' id='word_1_123' title='bbox 1156 1820 1264 1874; x_wconf 84' lang='grc' dir='ltr'>τῶν</span> <span class='ocrx_word' id='word_1_124' title='bbox 1315 1822 1670 1901; x_wconf 75' lang='grc' dir='ltr'>αὐταδέλςρων</span> <span class='ocrx_word' id='word_1_125' title='bbox 1709 1823 1899 1884; x_wconf 75' lang='grc' dir='ltr'>αὐτοῦ,</span> <span class='ocrx_word' id='word_1_126' title='bbox 1930 1823 1990 1886; x_wconf 81' lang='grc' dir='ltr'>ὃς</span> 
     </span>
    </p>
   </div>
   <div class='ocr_carea' id='block_1_19' title="bbox 2098 629 3709 708">
    <p class='ocr_par' dir='ltr' id='par_1_19' title="bbox 2098 629 3709 708">
     <span class='ocr_line' id='line_1_19' title="bbox 2098 629 3709 708; baseline 0.007 -27"><span class='ocrx_word' id='word_1_127' title='bbox 2098 629 2341 698; x_wconf 86' lang='grc' dir='ltr'>δύναμαι</span> <span class='ocrx_word' id='word_1_128' title='bbox 2373 631 2689 701; x_wconf 83' lang='grc' dir='ltr'>παραϐῆναι</span> <span class='ocrx_word' id='word_1_129' title='bbox 2717 632 2778 686; x_wconf 83' lang='grc' dir='ltr'><strong>τὸ</strong></span> <span class='ocrx_word' id='word_1_130' title='bbox 2807 633 3141 704; x_wconf 86' lang='grc' dir='ltr'>πρόσταγμά</span> <span class='ocrx_word' id='word_1_131' title='bbox 3176 653 3316 700; x_wconf 89' lang='grc' dir='ltr'>σου,</span> <span class='ocrx_word' id='word_1_132' title='bbox 3354 635 3459 689; x_wconf 84' lang='grc' dir='ltr'>τοῦ</span> <span class='ocrx_word' id='word_1_133' title='bbox 3515 638 3592 708; x_wconf 82' lang='grc' dir='ltr'>μὴ</span> <span class='ocrx_word' id='word_1_134' title='bbox 3624 641 3709 694; x_wconf 88' lang='grc' dir='ltr'>ἐκ-</span> 
     </span>
    </p>
   </div>
   <div class='ocr_carea' id='block_1_20' title="bbox 2095 722 3704 803">
    <p class='ocr_par' dir='ltr' id='par_1_20' title="bbox 2095 722 3704 803">
     <span class='ocr_line' id='line_1_20' title="bbox 2095 722 3704 803; baseline 0.005 -27"><span class='ocrx_word' id='word_1_135' title='bbox 2095 722 2313 776; x_wconf 84' lang='grc' dir='ltr'>τελέσαι</span> <span class='ocrx_word' id='word_1_136' title='bbox 2361 723 2437 785; x_wconf 85' lang='grc' dir='ltr'>ὡς</span> <span class='ocrx_word' id='word_1_137' title='bbox 2476 722 2764 785; x_wconf 82' lang='grc' dir='ltr'>κελεύεις’</span> <span class='ocrx_word' id='word_1_138' title='bbox 2797 723 2912 777; x_wconf 79' lang='grc' dir='ltr'>ἀλλ’</span> <span class='ocrx_word' id='word_1_139' title='bbox 2943 726 2976 795; x_wconf 85' lang='grc' dir='ltr'>ἠ</span> <span class='ocrx_word' id='word_1_140' title='bbox 3009 725 3329 789; x_wconf 88' lang='grc' dir='ltr'>σύντεκνος</span> <span class='ocrx_word' id='word_1_141' title='bbox 3388 729 3491 781; x_wconf 80' lang='grc' dir='ltr'><strong>καὶ</strong></span> <span class='ocrx_word' id='word_1_142' title='bbox 3549 730 3704 803; x_wconf 84' lang='grc' dir='ltr'>δούλη</span> 
     </span>
    </p>
   </div>
   <div class='ocr_carea' id='block_1_21' title="bbox 2094 815 3706 891">
    <p class='ocr_par' dir='ltr' id='par_1_21' title="bbox 2094 815 3706 891">
     <span class='ocr_line' id='line_1_21' title="bbox 2094 815 3706 891; baseline 0.005 -24"><span class='ocrx_word' id='word_1_143' title='bbox 2094 817 2193 885; x_wconf 82' lang='grc' dir='ltr'>τῆς</span> <span class='ocrx_word' id='word_1_144' title='bbox 2228 815 2508 882; x_wconf 80' lang='grc' dir='ltr'>βασιλείας</span> <span class='ocrx_word' id='word_1_145' title='bbox 2546 831 2663 881; x_wconf 89' lang='grc' dir='ltr'>σου,</span> <span class='ocrx_word' id='word_1_146' title='bbox 2697 815 2732 887; x_wconf 76' lang='grc' dir='ltr'>ἠ</span> <span class='ocrx_word' id='word_1_147' title='bbox 2761 817 2898 886; x_wconf 89' lang='grc' dir='ltr'>γυνή</span> <span class='ocrx_word' id='word_1_148' title='bbox 2942 834 3068 886; x_wconf 90' lang='grc' dir='ltr'>μου,</span> <span class='ocrx_word' id='word_1_149' title='bbox 3100 818 3430 873; x_wconf 85' lang='grc' dir='ltr'>ὑποπτεύω</span> <span class='ocrx_word' id='word_1_150' title='bbox 3471 823 3547 891; x_wconf 89' lang='grc' dir='ltr'><strong>μή</strong></span> <span class='ocrx_word' id='word_1_151' title='bbox 3580 840 3706 876; x_wconf 80' lang='grc' dir='ltr'>ποτε</span> 
     </span>
    </p>
   </div>
   <div class='ocr_carea' id='block_1_22' title="bbox 2093 893 3703 980">
    <p class='ocr_par' dir='ltr' id='par_1_22' title="bbox 2093 893 3703 980">
     <span class='ocr_line' id='line_1_22' title="bbox 2093 893 3703 980; baseline 0.003 -18"><span class='ocrx_word' id='word_1_152' title='bbox 2093 893 2182 962; x_wconf 84' lang='grc' dir='ltr'><strong>διά</strong></span> <span class='ocrx_word' id='word_1_153' title='bbox 2210 908 2272 962; x_wconf 85' lang='grc' dir='ltr'><strong>τὸ</strong></span> <span class='ocrx_word' id='word_1_154' title='bbox 2313 913 2582 977; x_wconf 73' lang='grc' dir='ltr'>συχνάκις</span> <span class='ocrx_word' id='word_1_155' title='bbox 2612 927 2680 978; x_wconf 87' lang='grc' dir='ltr'><strong>με</strong></span> <span class='ocrx_word' id='word_1_156' title='bbox 2712 909 3070 974; x_wconf 79' lang='grc' dir='ltr'>ἀπουσιάζειν</span> <span class='ocrx_word' id='word_1_157' title='bbox 3100 909 3298 980; x_wconf 79' lang='grc' dir='ltr'>αὐτῆς</span> <span class='ocrx_word' id='word_1_158' title='bbox 3327 912 3703 979; x_wconf 84' lang='grc' dir='ltr'>ἀγανακτῶσα</span> 
     </span>
    </p>
   </div>
   <div class='ocr_carea' id='block_1_23' title="bbox 2095 1000 3707 1075">
    <p class='ocr_par' dir='ltr' id='par_1_23' title="bbox 2095 1000 3707 1075">
     <span class='ocr_line' id='line_1_23' title="bbox 2095 1000 3707 1075; baseline 0.003 -20"><span class='ocrx_word' id='word_1_159' title='bbox 2095 1002 2526 1071; x_wconf 84' lang='grc' dir='ltr'>ἀποκαρήσηται</span> <span class='ocrx_word' id='word_1_160' title='bbox 2571 1000 2734 1072; x_wconf 64' lang='grc'><strong>224</strong></span> <span class='ocrx_word' id='word_1_161' title='bbox 2767 1001 2997 1071; x_wconf 74' lang='grc' dir='ltr'>μοναχῆ.</span> <span class='ocrx_word' id='word_1_162' title='bbox 3057 1002 3090 1072; x_wconf 81' lang='grc' dir='ltr'>ἢ</span> <span class='ocrx_word' id='word_1_163' title='bbox 3146 1004 3258 1057; x_wconf 74' lang='lat' dir='ltr'><strong>xal.</strong></span> <span class='ocrx_word' id='word_1_164' title='bbox 3314 1004 3464 1075; x_wconf 87' lang='grc' dir='ltr'>ἐάσῃ</span> <span class='ocrx_word' id='word_1_165' title='bbox 3509 1023 3579 1074; x_wconf 88' lang='grc' dir='ltr'><strong>με</strong></span> <span class='ocrx_word' id='word_1_166' title='bbox 3616 1010 3707 1060; x_wconf 78' lang='grc' dir='ltr'>καὶ</span> 
     </span>
    </p>
   </div>
   <div class='ocr_carea' id='block_1_24' title="bbox 2095 1095 3702 1169">
    <p class='ocr_par' dir='ltr' id='par_1_24' title="bbox 2095 1095 3702 1169">
     <span class='ocr_line' id='line_1_24' title="bbox 2095 1095 3702 1169; baseline 0.002 -19"><span class='ocrx_word' id='word_1_167' title='bbox 2095 1095 2258 1150; x_wconf 78' lang='grc' dir='ltr'>ἄλλον</span> <span class='ocrx_word' id='word_1_168' title='bbox 2288 1095 2454 1167; x_wconf 88' lang='grc' dir='ltr'>λάϐῃ·</span> <span class='ocrx_word' id='word_1_169' title='bbox 2496 1096 2624 1164; x_wconf 88' lang='grc' dir='ltr'><strong>χθές</strong></span> <span class='ocrx_word' id='word_1_170' title='bbox 2650 1099 2758 1166; x_wconf 74' lang='grc' dir='ltr'>γὰρ</span> <span class='ocrx_word' id='word_1_171' title='bbox 2797 1095 3038 1166; x_wconf 76' lang='grc' dir='ltr'>ἐλήλυθα</span> <span class='ocrx_word' id='word_1_172' title='bbox 3081 1097 3200 1150; x_wconf 80' lang='grc' dir='ltr'><strong>ἀπὸ</strong></span> <span class='ocrx_word' id='word_1_173' title='bbox 3262 1098 3551 1169; x_wconf 77' lang='grc' dir='ltr'>Ἰϐηρίας,</span> <span class='ocrx_word' id='word_1_174' title='bbox 3597 1100 3702 1155; x_wconf 81' lang='grc' dir='ltr'>δια-</span> 
     </span>
    </p>
   </div>
   <div class='ocr_carea' id='block_1_25' title="bbox 2103 1187 3705 1260">
    <p class='ocr_par' dir='ltr' id='par_1_25' title="bbox 2103 1187 3705 1260">
     <span class='ocr_line' id='line_1_25' title="bbox 2103 1187 3705 1260; baseline 0.003 -20"><span class='ocrx_word' id='word_1_175' title='bbox 2103 1188 2306 1258; x_wconf 75' lang='grc' dir='ltr'>τρίψας</span> <span class='ocrx_word' id='word_1_176' title='bbox 2339 1188 2459 1240; x_wconf 86' lang='grc' dir='ltr'>ἐκεῖ</span> <span class='ocrx_word' id='word_1_177' title='bbox 2487 1187 2582 1256; x_wconf 85' lang='grc' dir='ltr'><strong>ἐτη</strong></span> <span class='ocrx_word' id='word_1_178' title='bbox 2622 1187 2752 1253; x_wconf 84' lang='grc' dir='ltr'>δύο,</span> <span class='ocrx_word' id='word_1_179' title='bbox 2801 1188 2897 1241; x_wconf 80' lang='grc' dir='ltr'>καὶ</span> <span class='ocrx_word' id='word_1_180' title='bbox 2943 1189 2993 1241; x_wconf 87' lang='grc' dir='ltr'><strong>εί</strong></span> <span class='ocrx_word' id='word_1_181' title='bbox 3041 1189 3416 1260; x_wconf 87' lang='grc' dir='ltr'>ἀναχωρήσω</span> <span class='ocrx_word' id='word_1_182' title='bbox 3466 1191 3624 1255; x_wconf 81' lang='grc' dir='ltr'>αὖθις</span> <span class='ocrx_word' id='word_1_183' title='bbox 3651 1194 3705 1246; x_wconf 89' lang='grc' dir='ltr'><strong>ἐν</strong></span> 
     </span>
    </p>
   </div>
   <div class='ocr_carea' id='block_1_26' title="bbox 2097 1277 3706 1350">
    <p class='ocr_par' dir='ltr' id='par_1_26' title="bbox 2097 1277 3706 1350">
     <span class='ocr_line' id='line_1_26' title="bbox 2097 1277 3706 1350; baseline 0.004 -21"><span class='ocrx_word' id='word_1_184' title='bbox 2097 1277 2453 1350; x_wconf 81' lang='grc' dir='ltr'>βραχημερίᾳ</span> <span class='ocrx_word' id='word_1_185' title='bbox 2497 1278 2732 1343; x_wconf 73' lang='grc' dir='ltr'>οἴκοθεν,</span> <span class='ocrx_word' id='word_1_186' title='bbox 2788 1277 3012 1346; x_wconf 78' lang='grc' dir='ltr'>εὔλογον</span> <span class='ocrx_word' id='word_1_187' title='bbox 3057 1280 3260 1333; x_wconf 76' lang='grc' dir='ltr'>αἰτίαν</span> <span class='ocrx_word' id='word_1_188' title='bbox 3317 1280 3558 1350; x_wconf 82' lang='grc' dir='ltr'>εὑρήσει</span> <span class='ocrx_word' id='word_1_189' title='bbox 3618 1285 3706 1338; x_wconf 82' lang='grc' dir='ltr'>καὶ</span> 
     </span>
    </p>
   </div>
   <div class='ocr_carea' id='block_1_27' title="bbox 2093 1363 3696 1442">
    <p class='ocr_par' dir='ltr' id='par_1_27' title="bbox 2093 1363 3696 1442">
     <span class='ocr_line' id='line_1_27' title="bbox 2093 1363 3696 1442; baseline 0.004 -22"><span class='ocrx_word' id='word_1_190' title='bbox 2093 1366 2310 1420; x_wconf 84' lang='grc' dir='ltr'>δικαίαν</span> <span class='ocrx_word' id='word_1_191' title='bbox 2373 1366 2654 1435; x_wconf 87' lang='grc' dir='ltr'>πρόφασιν</span> <span class='ocrx_word' id='word_1_192' title='bbox 2695 1365 2790 1420; x_wconf 82' lang='grc' dir='ltr'>τοῦ</span> <span class='ocrx_word' id='word_1_193' title='bbox 2855 1367 3058 1439; x_wconf 73' lang='grc' dir='ltr'>πρᾶξαι</span> <span class='ocrx_word' id='word_1_194' title='bbox 3107 1368 3171 1422; x_wconf 86' lang='grc' dir='ltr'><strong>ἓν</strong></span> <span class='ocrx_word' id='word_1_195' title='bbox 3208 1369 3276 1436; x_wconf 84' lang='grc' dir='ltr'><strong>ἐξ</strong></span> <span class='ocrx_word' id='word_1_196' title='bbox 3313 1363 3394 1422; x_wconf 82' lang='grc' dir='ltr'><strong>ὧν</strong></span> <span class='ocrx_word' id='word_1_197' title='bbox 3425 1373 3638 1442; x_wconf 74' lang='grc' dir='ltr'>εἴρηκα.</span> <span class='ocrx_word' id='word_1_198' title='bbox 3678 1393 3696 1426; x_wconf 78' lang='grc' dir='ltr'><strong>ι</strong></span> 
     </span>
    </p>
   </div>
   <div class='ocr_carea' id='block_1_28' title="bbox 2105 1455 3701 1530">
    <p class='ocr_par' dir='ltr' id='par_1_28' title="bbox 2105 1455 3701 1530">
     <span class='ocr_line' id='line_1_28' title="bbox 2105 1455 3701 1530; baseline 0.004 -18"><span class='ocrx_word' id='word_1_199' title='bbox 2105 1459 2164 1512; x_wconf 92' lang='lat'><strong>&#39;0</strong></span> <span class='ocrx_word' id='word_1_200' title='bbox 2193 1460 2248 1513; x_wconf 82' lang='grc' dir='ltr'>δὲ</span> <span class='ocrx_word' id='word_1_201' title='bbox 2269 1459 2526 1530; x_wconf 76' lang='grc' dir='ltr'>βασιλεὺς</span> <span class='ocrx_word' id='word_1_202' title='bbox 2557 1460 2794 1527; x_wconf 83' lang='grc' dir='ltr'>γελάσας</span> <span class='ocrx_word' id='word_1_203' title='bbox 2817 1455 2939 1514; x_wconf 82' lang='grc' dir='ltr'>εἶπέ</span> <span class='ocrx_word' id='word_1_204' title='bbox 2979 1479 3066 1530; x_wconf 85' lang='grc' dir='ltr'><strong>μοι</strong></span> <span class='ocrx_word' id='word_1_205' title='bbox 3091 1478 3108 1494; x_wconf 77' lang='grc' dir='ltr'><strong>ο</strong></span> <span class='ocrx_word' id='word_1_206' title='bbox 3147 1481 3168 1514; x_wconf 73' lang='grc' dir='ltr'><strong>ε</strong></span> <span class='ocrx_word' id='word_1_207' title='bbox 3223 1462 3380 1515; x_wconf 77' lang='grc' dir='ltr'>Ἀλλ’</span> <span class='ocrx_word' id='word_1_208' title='bbox 3417 1465 3584 1528; x_wconf 82' lang='grc' dir='ltr'>αὐτὸς</span> <span class='ocrx_word' id='word_1_209' title='bbox 3621 1465 3701 1518; x_wconf 83' lang='grc' dir='ltr'>λέ-</span> 
     </span>
    </p>
   </div>
   <div class='ocr_carea' id='block_1_29' title="bbox 2093 1547 3701 1625">
    <p class='ocr_par' dir='ltr' id='par_1_29' title="bbox 2093 1547 3701 1625">
     <span class='ocr_line' id='line_1_29' title="bbox 2093 1547 3701 1625; baseline 0.004 -22"><span class='ocrx_word' id='word_1_210' title='bbox 2093 1547 2184 1618; x_wconf 75' lang='grc' dir='ltr'><strong>ξον</strong></span> <span class='ocrx_word' id='word_1_211' title='bbox 2210 1552 2350 1622; x_wconf 83' lang='grc' dir='ltr'>αὐτῇ</span> <span class='ocrx_word' id='word_1_212' title='bbox 2388 1551 2476 1604; x_wconf 76' lang='grc' dir='ltr'>ἵνα</span> <span class='ocrx_word' id='word_1_213' title='bbox 2501 1551 2710 1622; x_wconf 81' lang='grc' dir='ltr'>ταύτην</span> <span class='ocrx_word' id='word_1_214' title='bbox 2731 1552 2827 1605; x_wconf 78' lang='grc' dir='ltr'>καὶ</span> <span class='ocrx_word' id='word_1_215' title='bbox 2861 1552 3026 1622; x_wconf 86' lang='grc' dir='ltr'>μόνην</span> <span class='ocrx_word' id='word_1_216' title='bbox 3055 1552 3162 1623; x_wconf 82' lang='grc' dir='ltr'>τὴν</span> <span class='ocrx_word' id='word_1_217' title='bbox 3205 1555 3543 1625; x_wconf 84' lang='grc' dir='ltr'>ὁδοιπορίαν</span> <span class='ocrx_word' id='word_1_218' title='bbox 3579 1573 3701 1624; x_wconf 85' lang='grc' dir='ltr'>συγ-</span> 
     </span>
    </p>
   </div>
   <div class='ocr_carea' id='block_1_30' title="bbox 2091 1643 3700 1715">
    <p class='ocr_par' dir='ltr' id='par_1_30' title="bbox 2091 1643 3700 1715">
     <span class='ocr_line' id='line_1_30' title="bbox 2091 1643 3700 1715; baseline 0.002 -19"><span class='ocrx_word' id='word_1_219' title='bbox 2091 1645 2320 1713; x_wconf 81' lang='grc' dir='ltr'><strong>χωρήσῃ</strong></span> <span class='ocrx_word' id='word_1_220' title='bbox 2342 1660 2422 1696; x_wconf 92' lang='grc' dir='ltr'><strong>σοι</strong></span> <span class='ocrx_word' id='word_1_221' title='bbox 2448 1643 2697 1712; x_wconf 84' lang='grc' dir='ltr'>ποιῆσαι,</span> <span class='ocrx_word' id='word_1_222' title='bbox 2727 1645 2821 1696; x_wconf 75' lang='grc' dir='ltr'><strong>καὶ</strong></span> <span class='ocrx_word' id='word_1_223' title='bbox 2844 1645 3052 1714; x_wconf 86' lang='grc' dir='ltr'>ἐνόρκῳ</span> <span class='ocrx_word' id='word_1_224' title='bbox 3079 1645 3507 1715; x_wconf 82' lang='grc' dir='ltr'>προστάγματι</span> <span class='ocrx_word' id='word_1_225' title='bbox 3526 1647 3700 1700; x_wconf 84' lang='grc' dir='ltr'>τάσσω</span> 
     </span>
    </p>
   </div>
   <div class='ocr_carea' id='block_1_31' title="bbox 2097 1734 3694 1809">
    <p class='ocr_par' dir='ltr' id='par_1_31' title="bbox 2097 1734 3694 1809">
     <span class='ocr_line' id='line_1_31' title="bbox 2097 1734 3694 1809; baseline 0.004 -23"><span class='ocrx_word' id='word_1_226' title='bbox 2097 1734 2297 1804; x_wconf 79' lang='grc' dir='ltr'>μηκέτι</span> <span class='ocrx_word' id='word_1_227' title='bbox 2328 1751 2387 1786; x_wconf 89' lang='grc' dir='ltr'><strong>σε</strong></span> <span class='ocrx_word' id='word_1_228' title='bbox 2432 1734 2726 1806; x_wconf 84' lang='grc' dir='ltr'>ἐνοχλῆσαι</span> <span class='ocrx_word' id='word_1_229' title='bbox 2767 1734 2862 1788; x_wconf 80' lang='grc' dir='ltr'><strong>τοῦ</strong></span> <span class='ocrx_word' id='word_1_230' title='bbox 2913 1735 3152 1800; x_wconf 79' lang='grc' dir='ltr'>ἐξελθεῖν</span> <span class='ocrx_word' id='word_1_231' title='bbox 3221 1754 3290 1791; x_wconf 89' lang='grc' dir='ltr'><strong>σε</strong></span> <span class='ocrx_word' id='word_1_232' title='bbox 3347 1737 3694 1809; x_wconf 83' lang='grc' dir='ltr'>πατριδόθεν.</span> 
     </span>
    </p>
   </div>
   <div class='ocr_carea' id='block_1_32' title="bbox 2095 1826 3697 1901">
    <p class='ocr_par' dir='ltr' id='par_1_32' title="bbox 2095 1826 3697 1901">
     <span class='ocr_line' id='line_1_32' title="bbox 2095 1826 3697 1901; baseline 0.002 -22"><span class='ocrx_word' id='word_1_233' title='bbox 2095 1828 2208 1880; x_wconf 78' lang='grc' dir='ltr'><strong>Καὶ</strong></span> <span class='ocrx_word' id='word_1_234' title='bbox 2243 1826 2386 1895; x_wconf 87' lang='grc' dir='ltr'>μάλα</span> <span class='ocrx_word' id='word_1_235' title='bbox 2422 1826 2601 1888; x_wconf 85' lang='grc' dir='ltr'>καλῶς</span> <span class='ocrx_word' id='word_1_236' title='bbox 2629 1827 2924 1881; x_wconf 81' lang='grc' dir='ltr'>ἐπίστασαι</span> <span class='ocrx_word' id='word_1_237' title='bbox 2971 1828 3038 1880; x_wconf 83' lang='grc' dir='ltr'>τὰ</span> <span class='ocrx_word' id='word_1_238' title='bbox 3073 1829 3179 1882; x_wconf 79' lang='grc' dir='ltr'>ὅσα</span> <span class='ocrx_word' id='word_1_239' title='bbox 3240 1847 3333 1882; x_wconf 89' lang='grc' dir='ltr'><strong>σοι</strong></span> <span class='ocrx_word' id='word_1_240' title='bbox 3369 1830 3697 1901; x_wconf 82' lang='grc' dir='ltr'>ἐπηγγειλά-</span> 
     </span>
    </p>
   </div>
   <div class='ocr_carea' id='block_1_33' title="bbox 413 1909 3695 1992">
    <p class='ocr_par' dir='ltr' id='par_1_33' title="bbox 413 1909 3695 1992">
     <span class='ocr_line' id='line_1_33' title="bbox 413 1909 3695 1992; baseline 0.005 -34"><span class='ocrx_word' id='word_1_241' title='bbox 413 1911 480 1960; x_wconf 81' lang='grc' dir='ltr'><strong>ἂν</strong></span> <span class='ocrx_word' id='word_1_242' title='bbox 514 1909 845 1978; x_wconf 80' lang='grc' dir='ltr'>βουλήσηται</span> <span class='ocrx_word' id='word_1_243' title='bbox 874 1911 1102 1975; x_wconf 86' lang='grc' dir='ltr'>τούτων,</span> <span class='ocrx_word' id='word_1_244' title='bbox 1137 1915 1230 1966; x_wconf 73' lang='grc' dir='ltr'><strong>καὶ</strong></span> <span class='ocrx_word' id='word_1_245' title='bbox 1282 1916 1615 1986; x_wconf 80' lang='grc' dir='ltr'>ὁμοφωνὴσῃ</span> <span class='ocrx_word' id='word_1_246' title='bbox 1665 1917 1744 1978; x_wconf 83' lang='grc' dir='ltr'><strong>είς</strong></span> <span class='ocrx_word' id='word_1_247' title='bbox 1780 1918 1878 1970; x_wconf 84' lang='grc' dir='ltr'>ὅσα</span> <span class='ocrx_word' id='word_1_248' title='bbox 1929 1917 1986 1969; x_wconf 88' lang='grc' dir='ltr'>αἱ</span> <span class='ocrx_word' id='word_1_249' title='bbox 2017 1917 2064 1976; x_wconf 89' lang='grc' dir='ltr'><strong>Β</strong></span> <span class='ocrx_word' id='word_1_250' title='bbox 2098 1936 2205 1990; x_wconf 76' lang='grc' dir='ltr'><strong>μην</strong></span> <span class='ocrx_word' id='word_1_251' title='bbox 2246 1918 2608 1989; x_wconf 83' lang='grc' dir='ltr'>εὐεργετῆσαί</span> <span class='ocrx_word' id='word_1_252' title='bbox 2638 1936 2716 1984; x_wconf 84' lang='grc' dir='ltr'><strong>σε,</strong></span> <span class='ocrx_word' id='word_1_253' title='bbox 2757 1921 2850 1972; x_wconf 78' lang='grc' dir='ltr'>καὶ</span> <span class='ocrx_word' id='word_1_254' title='bbox 2873 1921 2927 1972; x_wconf 89' lang='grc' dir='ltr'><strong>τί</strong></span> <span class='ocrx_word' id='word_1_255' title='bbox 2955 1920 3022 1973; x_wconf 85' lang='grc' dir='ltr'>τὰ</span> <span class='ocrx_word' id='word_1_256' title='bbox 3070 1922 3180 1975; x_wconf 88' lang='grc' dir='ltr'><strong>ἀνά</strong></span> <span class='ocrx_word' id='word_1_257' title='bbox 3239 1923 3276 1991; x_wconf 89' lang='grc' dir='ltr'><strong>ή</strong></span> <span class='ocrx_word' id='word_1_258' title='bbox 3290 1922 3416 1990; x_wconf 83' lang='grc' dir='ltr'>μῶν</span> <span class='ocrx_word' id='word_1_259' title='bbox 3450 1923 3695 1992; x_wconf 76' lang='grc' dir='ltr'><strong>συλλαλη⁴</strong></span> 
     </span>
    </p>
   </div>
   <div class='ocr_carea' id='block_1_34' title="bbox 379 1998 1996 2074">
    <p class='ocr_par' dir='ltr' id='par_1_34' title="bbox 379 1998 1996 2074">
     <span class='ocr_line' id='line_1_34' title="bbox 379 1998 1996 2074; baseline 0.006 -23"><span class='ocrx_word' id='word_1_260' title='bbox 379 1998 696 2068; x_wconf 72' lang='grc' dir='ltr'>’βασιλικαὶ</span> <span class='ocrx_word' id='word_1_261' title='bbox 725 2006 939 2071; x_wconf 71' lang='grc' dir='ltr'>γραφαὶ</span> <span class='ocrx_word' id='word_1_262' title='bbox 983 2002 1372 2073; x_wconf 85' lang='grc' dir='ltr'>διελάμϐανον,</span> <span class='ocrx_word' id='word_1_263' title='bbox 1417 2007 1505 2059; x_wconf 81' lang='grc' dir='ltr'><strong>ἴνα</strong></span> <span class='ocrx_word' id='word_1_264' title='bbox 1545 2009 1790 2074; x_wconf 84' lang='grc' dir='ltr'>ἀνάγκης</span> <span class='ocrx_word' id='word_1_265' title='bbox 1837 2008 1996 2060; x_wconf 80' lang='grc' dir='ltr'>ἐπελ-</span> 
     </span>
    </p>
   </div>
   <div class='ocr_carea' id='block_1_35' title="bbox 409 2093 1993 2170">
    <p class='ocr_par' dir='ltr' id='par_1_35' title="bbox 409 2093 1993 2170">
     <span class='ocr_line' id='line_1_35' title="bbox 409 2093 1993 2170; baseline 0.005 -25"><span class='ocrx_word' id='word_1_266' title='bbox 409 2093 613 2160; x_wconf 84' lang='grc' dir='ltr'>θούσης</span> <span class='ocrx_word' id='word_1_267' title='bbox 643 2095 831 2149; x_wconf 76' lang='grc' dir='ltr'>ἴδωσιν</span> <span class='ocrx_word' id='word_1_268' title='bbox 857 2099 904 2150; x_wconf 77' lang='grc' dir='ltr'><strong>εἰ</strong></span> <span class='ocrx_word' id='word_1_269' title='bbox 929 2101 954 2151; x_wconf 90' lang='lat'><strong>6</strong></span> <span class='ocrx_word' id='word_1_270' title='bbox 979 2100 1205 2168; x_wconf 76' lang='grc' dir='ltr'>ἀμηρᾶς</span> <span class='ocrx_word' id='word_1_271' title='bbox 1239 2101 1493 2170; x_wconf 83' lang='grc' dir='ltr'>βούλεται</span> <span class='ocrx_word' id='word_1_272' title='bbox 1527 2101 1733 2169; x_wconf 79' lang='grc' dir='ltr'>πρᾶξαί</span> <span class='ocrx_word' id='word_1_273' title='bbox 1765 2119 1818 2153; x_wconf 88' lang='grc' dir='ltr'><strong>τι</strong></span> <span class='ocrx_word' id='word_1_274' title='bbox 1848 2103 1993 2153; x_wconf 86' lang='grc' dir='ltr'><strong>κατά</strong></span> 
     </span>
    </p>
   </div>
   <div class='ocr_carea' id='block_1_36' title="bbox 405 2187 1995 2264">
    <p class='ocr_par' dir='ltr' id='par_1_36' title="bbox 405 2187 1995 2264">
     <span class='ocr_line' id='line_1_36' title="bbox 405 2187 1995 2264; baseline 0.004 -26"><span class='ocrx_word' id='word_1_275' title='bbox 405 2187 508 2257; x_wconf 79' lang='grc' dir='ltr'>τῆς</span> <span class='ocrx_word' id='word_1_276' title='bbox 542 2189 754 2253; x_wconf 85' lang='grc' dir='ltr'>πόλεως</span> <span class='ocrx_word' id='word_1_277' title='bbox 779 2189 901 2261; x_wconf 72' lang='grc' dir='ltr'>ἤτοι</span> <span class='ocrx_word' id='word_1_278' title='bbox 949 2192 1049 2260; x_wconf 83' lang='grc' dir='ltr'>τῆς</span> <span class='ocrx_word' id='word_1_279' title='bbox 1082 2191 1389 2261; x_wconf 78' lang='grc' dir='ltr'>βασιλείας,</span> <span class='ocrx_word' id='word_1_280' title='bbox 1449 2195 1542 2248; x_wconf 68' lang='grc' dir='ltr'><strong>καὶ</strong></span> <span class='ocrx_word' id='word_1_281' title='bbox 1590 2194 1801 2264; x_wconf 79' lang='grc' dir='ltr'>ἀπέλθῃ</span> <span class='ocrx_word' id='word_1_282' title='bbox 1856 2195 1995 2263; x_wconf 76' lang='grc' dir='ltr'>πρὸς</span> 
     </span>
    </p>
   </div>
   <div class='ocr_carea' id='block_1_37' title="bbox 406 2282 1992 2358">
    <p class='ocr_par' dir='ltr' id='par_1_37' title="bbox 406 2282 1992 2358">
     <span class='ocr_line' id='line_1_37' title="bbox 406 2282 1992 2358; baseline 0.004 -25"><span class='ocrx_word' id='word_1_283' title='bbox 406 2282 532 2344; x_wconf 69' lang='grc' dir='ltr'>τοὺς</span> <span class='ocrx_word' id='word_1_284' title='bbox 565 2284 815 2347; x_wconf 79' lang='grc' dir='ltr'>δυτικοὺς</span> <span class='ocrx_word' id='word_1_285' title='bbox 856 2284 1125 2349; x_wconf 70' lang='grc' dir='ltr'>αὐθέντας</span> <span class='ocrx_word' id='word_1_286' title='bbox 1169 2288 1264 2339; x_wconf 82' lang='grc' dir='ltr'><strong>καὶ</strong></span> <span class='ocrx_word' id='word_1_287' title='bbox 1301 2289 1626 2356; x_wconf 82' lang='grc' dir='ltr'>συμμαχίαν</span> <span class='ocrx_word' id='word_1_288' title='bbox 1660 2289 1894 2358; x_wconf 76' lang='grc' dir='ltr'>αἰτήσῃ,</span> <span class='ocrx_word' id='word_1_289' title='bbox 1935 2290 1992 2340; x_wconf 90' lang='grc' dir='ltr'><strong>ἐν</strong></span> 
     </span>
    </p>
   </div>
   <div class='ocr_carea' id='block_1_38' title="bbox 406 2375 1994 2450">
    <p class='ocr_par' dir='ltr' id='par_1_38' title="bbox 406 2375 1994 2450">
     <span class='ocr_line' id='line_1_38' title="bbox 406 2375 1994 2450; baseline 0.005 -24"><span class='ocrx_word' id='word_1_290' title='bbox 406 2375 543 2443; x_wconf 78' lang='grc' dir='ltr'>τῷδε</span> <span class='ocrx_word' id='word_1_291' title='bbox 569 2375 647 2445; x_wconf 84' lang='grc' dir='ltr'>τῷ</span> <span class='ocrx_word' id='word_1_292' title='bbox 682 2377 835 2448; x_wconf 82' lang='grc' dir='ltr'>μέσῳ</span> <span class='ocrx_word' id='word_1_293' title='bbox 859 2377 1140 2447; x_wconf 84' lang='grc' dir='ltr'>παρῆλθον</span> <span class='ocrx_word' id='word_1_294' title='bbox 1162 2380 1371 2448; x_wconf 84' lang='grc' dir='ltr'>ἡμέραι</span> <span class='ocrx_word' id='word_1_295' title='bbox 1396 2380 1563 2442; x_wconf 86' lang='grc' dir='ltr'>τινὲς,</span> <span class='ocrx_word' id='word_1_296' title='bbox 1599 2376 1720 2433; x_wconf 76' lang='grc' dir='ltr'>εἶτα</span> <span class='ocrx_word' id='word_1_297' title='bbox 1750 2381 1994 2450; x_wconf 88' lang='grc' dir='ltr'>προστά-</span> 
     </span>
    </p>
   </div>
   <div class='ocr_carea' id='block_1_39' title="bbox 409 2465 1996 2541">
    <p class='ocr_par' dir='ltr' id='par_1_39' title="bbox 409 2465 1996 2541">
     <span class='ocr_line' id='line_1_39' title="bbox 409 2465 1996 2541; baseline 0.004 -23"><span class='ocrx_word' id='word_1_298' title='bbox 409 2465 506 2531; x_wconf 73' lang='grc' dir='ltr'><strong>ξας</strong></span> <span class='ocrx_word' id='word_1_299' title='bbox 534 2467 706 2520; x_wconf 75' lang='grc' dir='ltr'>ἐλθεῖν</span> <span class='ocrx_word' id='word_1_300' title='bbox 739 2485 808 2537; x_wconf 91' lang='grc' dir='ltr'><strong>με</strong></span> <span class='ocrx_word' id='word_1_301' title='bbox 837 2468 1071 2522; x_wconf 81' lang='grc' dir='ltr'>ἐνώπιον</span> <span class='ocrx_word' id='word_1_302' title='bbox 1103 2470 1270 2524; x_wconf 79' lang='grc' dir='ltr'>αὑτοῦ</span> <span class='ocrx_word' id='word_1_303' title='bbox 1311 2467 1434 2524; x_wconf 79' lang='grc' dir='ltr'>εἶπέ</span> <span class='ocrx_word' id='word_1_304' title='bbox 1470 2490 1562 2541; x_wconf 88' lang='grc' dir='ltr'><strong>μοι</strong></span> <span class='ocrx_word' id='word_1_305' title='bbox 1588 2473 1744 2524; x_wconf 83' lang='grc' dir='ltr'>τάδε·</span> <span class='ocrx_word' id='word_1_306' title='bbox 1786 2492 1804 2524; x_wconf 77' lang='grc' dir='ltr'><strong>ι</strong></span> <span class='ocrx_word' id='word_1_307' title='bbox 1837 2473 1996 2541; x_wconf 87' lang='grc' dir='ltr'>Πρω-</span> 
     </span>
    </p>
   </div>
   <div class='ocr_carea' id='block_1_40' title="bbox 405 2557 1992 2635">
    <p class='ocr_par' dir='ltr' id='par_1_40' title="bbox 405 2557 1992 2635">
     <span class='ocr_line' id='line_1_40' title="bbox 405 2557 1992 2635; baseline 0.004 -24"><span class='ocrx_word' id='word_1_308' title='bbox 405 2557 813 2631; x_wconf 84' lang='grc' dir='ltr'>τοϐεστιαρῖτα,</span> <span class='ocrx_word' id='word_1_309' title='bbox 857 2562 989 2631; x_wconf 62' lang='grc' dir='ltr'><strong>περλ¹</strong></span> <span class='ocrx_word' id='word_1_310' title='bbox 1035 2563 1137 2632; x_wconf 83' lang='grc' dir='ltr'><strong>τῆς</strong></span> <span class='ocrx_word' id='word_1_311' title='bbox 1177 2563 1372 2633; x_wconf 79' lang='grc' dir='ltr'>βουλῆς</span> <span class='ocrx_word' id='word_1_312' title='bbox 1408 2559 1476 2635; x_wconf 76' lang='grc' dir='ltr'>ἧς</span> <span class='ocrx_word' id='word_1_313' title='bbox 1507 2567 1820 2635; x_wconf 80' lang='grc' dir='ltr'>ἐστήσαμεν</span> <span class='ocrx_word' id='word_1_314' title='bbox 1851 2566 1992 2618; x_wconf 71' lang='grc' dir='ltr'>ἐτοιο</span> 
     </span>
    </p>
   </div>
   <div class='ocr_carea' id='block_1_41' title="bbox 411 2651 1996 2728">
    <p class='ocr_par' dir='ltr' id='par_1_41' title="bbox 411 2651 1996 2728">
     <span class='ocr_line' id='line_1_41' title="bbox 411 2651 1996 2728; baseline 0.003 -23"><span class='ocrx_word' id='word_1_315' title='bbox 411 2652 652 2723; x_wconf 75' lang='grc' dir='ltr'>μάοθητι</span> <span class='ocrx_word' id='word_1_316' title='bbox 678 2651 774 2708; x_wconf 78' lang='grc' dir='ltr'>τοῦ</span> <span class='ocrx_word' id='word_1_317' title='bbox 815 2655 1076 2708; x_wconf 83' lang='grc' dir='ltr'>ἀπελθεῖν</span> <span class='ocrx_word' id='word_1_318' title='bbox 1105 2673 1165 2709; x_wconf 89' lang='grc' dir='ltr'><strong>σε</strong></span> <span class='ocrx_word' id='word_1_319' title='bbox 1199 2659 1282 2718; x_wconf 81' lang='grc' dir='ltr'>εἰς</span> <span class='ocrx_word' id='word_1_320' title='bbox 1319 2658 1753 2728; x_wconf 69' lang='grc' dir='ltr'>Πελοπόννησονο</span> <span class='ocrx_word' id='word_1_321' title='bbox 1786 2659 1881 2710; x_wconf 74' lang='grc' dir='ltr'><strong>καὶ</strong></span> <span class='ocrx_word' id='word_1_322' title='bbox 1919 2657 1996 2720; x_wconf 82' lang='grc' dir='ltr'>ὡς</span> 
     </span>
    </p>
   </div>
   <div class='ocr_carea' id='block_1_42' title="bbox 407 2743 1998 2816">
    <p class='ocr_par' dir='ltr' id='par_1_42' title="bbox 407 2743 1998 2816">
     <span class='ocr_line' id='line_1_42' title="bbox 407 2743 1998 2816; baseline 0.003 -20"><span class='ocrx_word' id='word_1_323' title='bbox 407 2744 476 2796; x_wconf 78' lang='grc' dir='ltr'><strong>ἂν</strong></span> <span class='ocrx_word' id='word_1_324' title='bbox 505 2743 812 2816; x_wconf 86' lang='grc' dir='ltr'>διορθώσῃς</span> <span class='ocrx_word' id='word_1_325' title='bbox 843 2747 943 2816; x_wconf 82' lang='grc' dir='ltr'>τὴν</span> <span class='ocrx_word' id='word_1_326' title='bbox 975 2749 1154 2801; x_wconf 85' lang='grc' dir='ltr'>ἐκεῖσε</span> <span class='ocrx_word' id='word_1_327' title='bbox 1181 2748 1462 2814; x_wconf 84' lang='grc' dir='ltr'>ὑπόθεσιν,</span> <span class='ocrx_word' id='word_1_328' title='bbox 1486 2751 1682 2812; x_wconf 81' lang='grc' dir='ltr'>ἵνατις</span> <span class='ocrx_word' id='word_1_329' title='bbox 1706 2751 1816 2802; x_wconf 85' lang='grc' dir='ltr'>τῶν</span> <span class='ocrx_word' id='word_1_330' title='bbox 1842 2749 1998 2802; x_wconf 85' lang='grc' dir='ltr'>ἀδελ-</span> 
     </span>
    </p>
   </div>
   <div class='ocr_carea' id='block_1_43' title="bbox 405 2842 1996 2915">
    <p class='ocr_par' dir='ltr' id='par_1_43' title="bbox 405 2842 1996 2915">
     <span class='ocr_line' id='line_1_43' title="bbox 405 2842 1996 2915; baseline 0.002 -20"><span class='ocrx_word' id='word_1_331' title='bbox 405 2842 526 2910; x_wconf 80' lang='grc' dir='ltr'>φῶν</span> <span class='ocrx_word' id='word_1_332' title='bbox 569 2860 673 2912; x_wconf 88' lang='grc' dir='ltr'><strong>μου</strong></span> <span class='ocrx_word' id='word_1_333' title='bbox 707 2843 998 2915; x_wconf 81' lang='grc' dir='ltr'>ἐλεύσηται</span> <span class='ocrx_word' id='word_1_334' title='bbox 1039 2844 1252 2912; x_wconf 86' lang='grc' dir='ltr'>ἐνθάδε,</span> <span class='ocrx_word' id='word_1_335' title='bbox 1288 2847 1591 2915; x_wconf 82' lang='grc' dir='ltr'>ἀναγκαῖόν</span> <span class='ocrx_word' id='word_1_336' title='bbox 1638 2848 1786 2899; x_wconf 90' lang='grc' dir='ltr'>ἐστιν</span> <span class='ocrx_word' id='word_1_337' title='bbox 1823 2846 1996 2898; x_wconf 78' lang='grc' dir='ltr'>ἀπελ-</span> 
     </span>
    </p>
   </div>
   <div class='ocr_carea' id='block_1_44' title="bbox 406 2935 1992 3013">
    <p class='ocr_par' dir='ltr' id='par_1_44' title="bbox 406 2935 1992 3013">
     <span class='ocr_line' id='line_1_44' title="bbox 406 2935 1992 3013; baseline 0.003 -25"><span class='ocrx_word' id='word_1_338' title='bbox 406 2935 522 2988; x_wconf 80' lang='grc' dir='ltr'>θεῖν</span> <span class='ocrx_word' id='word_1_339' title='bbox 554 2953 612 2988; x_wconf 86' lang='grc' dir='ltr'><strong>σε</strong></span> <span class='ocrx_word' id='word_1_340' title='bbox 642 2937 853 2990; x_wconf 83' lang='grc' dir='ltr'>ἐκεῖθεν</span> <span class='ocrx_word' id='word_1_341' title='bbox 881 2940 963 3002; x_wconf 84' lang='grc' dir='ltr'><strong>είς</strong></span> <span class='ocrx_word' id='word_1_342' title='bbox 1004 2939 1229 3008; x_wconf 84' lang='grc' dir='ltr'>Κύπρον</span> <span class='ocrx_word' id='word_1_343' title='bbox 1269 2942 1408 3010; x_wconf 68' lang='grc' dir='ltr'>πρδς</span> <span class='ocrx_word' id='word_1_344' title='bbox 1447 2941 1546 3010; x_wconf 81' lang='grc' dir='ltr'>τὴν</span> <span class='ocrx_word' id='word_1_345' title='bbox 1579 2942 1724 3013; x_wconf 85' lang='grc' dir='ltr'>ἐμὴν</span> <span class='ocrx_word' id='word_1_346' title='bbox 1755 2941 1992 3010; x_wconf 65' lang='grc' dir='ltr'>ἀδελφοί-</span> 
     </span>
    </p>
   </div>
   <div class='ocr_carea' id='block_1_45' title="bbox 410 3029 1995 3104">
    <p class='ocr_par' dir='ltr' id='par_1_45' title="bbox 410 3029 1995 3104">
     <span class='ocr_line' id='line_1_45' title="bbox 410 3029 1995 3104; baseline 0.006 -23"><span class='ocrx_word' id='word_1_347' title='bbox 410 3029 580 3082; x_wconf 86' lang='grc' dir='ltr'>παιδα</span> <span class='ocrx_word' id='word_1_348' title='bbox 621 3029 718 3100; x_wconf 85' lang='grc' dir='ltr'><strong>τήν</strong></span> <span class='ocrx_word' id='word_1_349' title='bbox 751 3033 1050 3102; x_wconf 81' lang='grc' dir='ltr'>ῥήγισσαν.</span> <span class='ocrx_word' id='word_1_350' title='bbox 1089 3035 1287 3104; x_wconf 77' lang='grc' dir='ltr'>Ἡμεῖς</span> <span class='ocrx_word' id='word_1_351' title='bbox 1333 3036 1390 3088; x_wconf 87' lang='grc' dir='ltr'>δὲ</span> <span class='ocrx_word' id='word_1_352' title='bbox 1425 3036 1658 3090; x_wconf 78' lang='grc' dir='ltr'>ἐνταῦθα</span> <span class='ocrx_word' id='word_1_353' title='bbox 1689 3037 1995 3104; x_wconf 77' lang='grc' dir='ltr'>ἑτοιμάσω-</span> 
     </span>
    </p>
   </div>
   <div class='ocr_carea' id='block_1_46' title="bbox 415 3124 1993 3198">
    <p class='ocr_par' dir='ltr' id='par_1_46' title="bbox 415 3124 1993 3198">
     <span class='ocr_line' id='line_1_46' title="bbox 415 3124 1993 3198; baseline 0.006 -23"><span class='ocrx_word' id='word_1_354' title='bbox 415 3124 517 3192; x_wconf 85' lang='grc' dir='ltr'><strong>μέν</strong></span> <span class='ocrx_word' id='word_1_355' title='bbox 548 3141 630 3177; x_wconf 89' lang='grc' dir='ltr'><strong>σοι</strong></span> <span class='ocrx_word' id='word_1_356' title='bbox 668 3126 735 3179; x_wconf 83' lang='grc' dir='ltr'><strong>τά</strong></span> <span class='ocrx_word' id='word_1_357' title='bbox 770 3129 1057 3198; x_wconf 89' lang='grc' dir='ltr'>ἐπιτήδεια</span> <span class='ocrx_word' id='word_1_358' title='bbox 1087 3129 1188 3198; x_wconf 84' lang='grc' dir='ltr'>τῆς</span> <span class='ocrx_word' id='word_1_359' title='bbox 1219 3129 1365 3183; x_wconf 81' lang='grc' dir='ltr'>ὀδοῦ.</span> <span class='ocrx_word' id='word_1_360' title='bbox 1393 3129 1553 3183; x_wconf 70' lang='grc' dir='ltr'>Μετὰ</span> <span class='ocrx_word' id='word_1_361' title='bbox 1576 3131 1637 3183; x_wconf 86' lang='grc' dir='ltr'><strong>τὸ</strong></span> <span class='ocrx_word' id='word_1_362' title='bbox 1670 3130 1909 3195; x_wconf 80' lang='grc' dir='ltr'>ἐξελθεῖν</span> <span class='ocrx_word' id='word_1_363' title='bbox 1935 3148 1993 3184; x_wconf 86' lang='grc' dir='ltr'><strong>σε</strong></span> 
     </span>
    </p>
   </div>
   <div class='ocr_carea' id='block_1_47' title="bbox 413 3205 1996 3292">
    <p class='ocr_par' dir='ltr' id='par_1_47' title="bbox 413 3205 1996 3292">
     <span class='ocr_line' id='line_1_47' title="bbox 413 3205 1996 3292; baseline 0.005 -25"><span class='ocrx_word' id='word_1_364' title='bbox 413 3205 669 3270; x_wconf 78' lang='grc' dir='ltr'>κάκεῖθεν</span> <span class='ocrx_word' id='word_1_365' title='bbox 715 3217 960 3290; x_wconf 82' lang='grc' dir='ltr'>πορεύσῃ</span> <span class='ocrx_word' id='word_1_366' title='bbox 1011 3215 1168 3282; x_wconf 81' lang='grc' dir='ltr'>αὖθις</span> <span class='ocrx_word' id='word_1_367' title='bbox 1225 3222 1308 3283; x_wconf 80' lang='grc' dir='ltr'><strong>είς</strong></span> <span class='ocrx_word' id='word_1_368' title='bbox 1362 3222 1464 3290; x_wconf 84' lang='grc' dir='ltr'><strong>τὴν</strong></span> <span class='ocrx_word' id='word_1_369' title='bbox 1526 3222 1791 3292; x_wconf 85' lang='grc' dir='ltr'>Ἰϐηρίαν,</span> <span class='ocrx_word' id='word_1_370' title='bbox 1845 3223 1996 3286; x_wconf 80' lang='grc' dir='ltr'>ὅπως</span> 
     </span>
    </p>
   </div>
   <div class='ocr_carea' id='block_1_48' title="bbox 2097 2013 3693 2086">
    <p class='ocr_par' dir='ltr' id='par_1_48' title="bbox 2097 2013 3693 2086">
     <span class='ocr_line' id='line_1_48' title="bbox 2097 2013 3693 2086; baseline 0.002 -20"><span class='ocrx_word' id='word_1_371' title='bbox 2097 2013 2280 2078; x_wconf 81' lang='grc' dir='ltr'>θέντα,</span> <span class='ocrx_word' id='word_1_372' title='bbox 2313 2014 2407 2067; x_wconf 72' lang='grc' dir='ltr'><strong>καὶ</strong></span> <span class='ocrx_word' id='word_1_373' title='bbox 2434 2014 2486 2067; x_wconf 87' lang='grc' dir='ltr'><strong>τί</strong></span> <span class='ocrx_word' id='word_1_374' title='bbox 2514 2013 2818 2083; x_wconf 84' lang='grc' dir='ltr'>βουλόμεθα</span> <span class='ocrx_word' id='word_1_375' title='bbox 2842 2015 3087 2083; x_wconf 81' lang='grc' dir='ltr'>ποιῆσαι.</span> <span class='ocrx_word' id='word_1_376' title='bbox 3137 2016 3264 2069; x_wconf 69' lang='grc' dir='ltr'>Καὶ</span> <span class='ocrx_word' id='word_1_377' title='bbox 3288 2014 3462 2069; x_wconf 80' lang='grc' dir='ltr'>τοῦτο</span> <span class='ocrx_word' id='word_1_378' title='bbox 3494 2014 3693 2086; x_wconf 80' lang='grc' dir='ltr'>βέϐαιόν</span> 
     </span>
    </p>
   </div>
   <div class='ocr_carea' id='block_1_49' title="bbox 2097 2106 3691 2177">
    <p class='ocr_par' dir='ltr' id='par_1_49' title="bbox 2097 2106 3691 2177">
     <span class='ocr_line' id='line_1_49' title="bbox 2097 2106 3691 2177; baseline 0.001 -21"><span class='ocrx_word' id='word_1_379' title='bbox 2097 2107 2214 2158; x_wconf 89' lang='grc' dir='ltr'>ἐστι</span> <span class='ocrx_word' id='word_1_380' title='bbox 2248 2107 2342 2158; x_wconf 76' lang='grc' dir='ltr'><strong>καὶ</strong></span> <span class='ocrx_word' id='word_1_381' title='bbox 2372 2108 2540 2175; x_wconf 68' lang='grc' dir='ltr'>χωρὶς</span> <span class='ocrx_word' id='word_1_382' title='bbox 2574 2106 2798 2175; x_wconf 79' lang='grc' dir='ltr'>ἐνόρκου</span> <span class='ocrx_word' id='word_1_383' title='bbox 2832 2106 3296 2176; x_wconf 83' lang='grc' dir='ltr'>προστάγματος,</span> <span class='ocrx_word' id='word_1_384' title='bbox 3331 2107 3422 2160; x_wconf 83' lang='grc' dir='ltr'>ὅτι</span> <span class='ocrx_word' id='word_1_385' title='bbox 3455 2108 3514 2160; x_wconf 79' lang='grc' dir='ltr'>αἱ</span> <span class='ocrx_word' id='word_1_386' title='bbox 3540 2123 3691 2177; x_wconf 85' lang='grc' dir='ltr'>πρεσ-</span> 
     </span>
    </p>
   </div>
   <div class='ocr_carea' id='block_1_50' title="bbox 2097 2197 3691 2268">
    <p class='ocr_par' dir='ltr' id='par_1_50' title="bbox 2097 2197 3691 2268">
     <span class='ocr_line' id='line_1_50' title="bbox 2097 2197 3691 2268; baseline 0.001 -18"><span class='ocrx_word' id='word_1_387' title='bbox 2097 2199 2240 2250; x_wconf 87' lang='grc' dir='ltr'>ϐεῖαι</span> <span class='ocrx_word' id='word_1_388' title='bbox 2271 2199 2364 2250; x_wconf 72' lang='grc' dir='ltr'>καὶ</span> <span class='ocrx_word' id='word_1_389' title='bbox 2401 2197 2703 2266; x_wconf 72' lang='grc' dir='ltr'>όδοιπορίαι</span> <span class='ocrx_word' id='word_1_390' title='bbox 2729 2199 2782 2250; x_wconf 71' lang='grc' dir='ltr'>αἱ</span> <span class='ocrx_word' id='word_1_391' title='bbox 2812 2198 2916 2250; x_wconf 77' lang='grc' dir='ltr'>ὑπὸ</span> <span class='ocrx_word' id='word_1_392' title='bbox 2961 2197 3056 2252; x_wconf 83' lang='grc' dir='ltr'>σοῦ</span> <span class='ocrx_word' id='word_1_393' title='bbox 3090 2197 3410 2252; x_wconf 85' lang='grc' dir='ltr'>παύσουσι.</span> <span class='ocrx_word' id='word_1_394' title='bbox 3467 2198 3691 2268; x_wconf 89' lang='grc' dir='ltr'>Μηνύσω</span> 
     </span>
    </p>
   </div>
   <div class='ocr_carea' id='block_1_51' title="bbox 2095 2287 3687 2358">
    <p class='ocr_par' dir='ltr' id='par_1_51' title="bbox 2095 2287 3687 2358">
     <span class='ocr_line' id='line_1_51' title="bbox 2095 2287 3687 2358; baseline 0 -19"><span class='ocrx_word' id='word_1_395' title='bbox 2095 2287 2152 2339; x_wconf 84' lang='grc' dir='ltr'>δὲ</span> <span class='ocrx_word' id='word_1_396' title='bbox 2187 2288 2280 2341; x_wconf 74' lang='grc' dir='ltr'><strong>καὶ</strong></span> <span class='ocrx_word' id='word_1_397' title='bbox 2313 2287 2450 2358; x_wconf 73' lang='grc' dir='ltr'>πρὸς</span> <span class='ocrx_word' id='word_1_398' title='bbox 2476 2290 2568 2341; x_wconf 80' lang='grc' dir='ltr'>τὸν</span> <span class='ocrx_word' id='word_1_399' title='bbox 2605 2289 2779 2358; x_wconf 87' lang='grc' dir='ltr'>μέγαν</span> <span class='ocrx_word' id='word_1_400' title='bbox 2809 2288 2975 2341; x_wconf 82' lang='grc' dir='ltr'>δούκα</span> <span class='ocrx_word' id='word_1_401' title='bbox 2995 2288 3086 2340; x_wconf 71' lang='grc' dir='ltr'>τὸν</span> <span class='ocrx_word' id='word_1_402' title='bbox 3110 2289 3390 2357; x_wconf 86' lang='grc' dir='ltr'>Νοταρᾶν</span> <span class='ocrx_word' id='word_1_403' title='bbox 3443 2291 3526 2342; x_wconf 78' lang='grc' dir='ltr'><strong>ὅτι</strong></span> <span class='ocrx_word' id='word_1_404' title='bbox 3583 2290 3687 2341; x_wconf 72' lang='grc' dir='ltr'>ἐπεὶ</span> 
     </span>
    </p>
   </div>
   <div class='ocr_carea' id='block_1_52' title="bbox 2095 2378 3688 2450">
    <p class='ocr_par' dir='ltr' id='par_1_52' title="bbox 2095 2378 3688 2450">
     <span class='ocr_line' id='line_1_52' title="bbox 2095 2378 3688 2450; baseline 0.001 -20"><span class='ocrx_word' id='word_1_405' title='bbox 2095 2378 2156 2431; x_wconf 82' lang='grc' dir='ltr'>τὸ</span> <span class='ocrx_word' id='word_1_406' title='bbox 2187 2379 2280 2431; x_wconf 78' lang='grc' dir='ltr'>τοῦ</span> <span class='ocrx_word' id='word_1_407' title='bbox 2315 2380 2554 2449; x_wconf 83' lang='grc' dir='ltr'>μεγάλου</span> <span class='ocrx_word' id='word_1_408' title='bbox 2584 2379 2772 2443; x_wconf 83' lang='grc' dir='ltr'>δουκδς</span> <span class='ocrx_word' id='word_1_409' title='bbox 2800 2380 3058 2448; x_wconf 76' lang='grc' dir='ltr'>όφφίκιον</span> <span class='ocrx_word' id='word_1_410' title='bbox 3086 2381 3325 2450; x_wconf 83' lang='grc' dir='ltr'>κτῆται,</span> <span class='ocrx_word' id='word_1_411' title='bbox 3366 2381 3434 2434; x_wconf 88' lang='grc' dir='ltr'><strong>οὐ</strong></span> <span class='ocrx_word' id='word_1_412' title='bbox 3485 2381 3688 2434; x_wconf 83' lang='grc' dir='ltr'>δύναται</span> 
     </span>
    </p>
   </div>
   <div class='ocr_carea' id='block_1_53' title="bbox 2096 2471 3680 2541">
    <p class='ocr_par' dir='ltr' id='par_1_53' title="bbox 2096 2471 3680 2541">
     <span class='ocr_line' id='line_1_53' title="bbox 2096 2471 3680 2541; baseline -0.002 -17"><span class='ocrx_word' id='word_1_413' title='bbox 2096 2471 2241 2541; x_wconf 80' lang='grc' dir='ltr'>ἔχειν</span> <span class='ocrx_word' id='word_1_414' title='bbox 2274 2472 2458 2525; x_wconf 76' lang='grc' dir='ltr'>καὶτὸ</span> <span class='ocrx_word' id='word_1_415' title='bbox 2487 2473 2833 2540; x_wconf 85' lang='grc' dir='ltr'>μεσαστικόν.</span> <span class='ocrx_word' id='word_1_416' title='bbox 2885 2474 2993 2525; x_wconf 80' lang='grc' dir='ltr'>Καὶ</span> <span class='ocrx_word' id='word_1_417' title='bbox 3050 2471 3217 2525; x_wconf 84' lang='grc' dir='ltr'>τοῦτο</span> <span class='ocrx_word' id='word_1_418' title='bbox 3277 2473 3429 2541; x_wconf 85' lang='grc' dir='ltr'>λέγω</span> <span class='ocrx_word' id='word_1_419' title='bbox 3478 2472 3564 2525; x_wconf 72' lang='grc' dir='ltr'>ἵνα</span> <span class='ocrx_word' id='word_1_420' title='bbox 3618 2488 3680 2523; x_wconf 82' lang='grc' dir='ltr'><strong>σοι</strong></span> 
     </span>
    </p>
   </div>
   <div class='ocr_carea' id='block_1_54' title="bbox 2095 2563 3745 2650">
    <p class='ocr_par' dir='ltr' id='par_1_54' title="bbox 2095 2563 3745 2650">
     <span class='ocr_line' id='line_1_54' title="bbox 2095 2563 3745 2650; baseline -0.002 -33"><span class='ocrx_word' id='word_1_421' title='bbox 2095 2565 2449 2634; x_wconf 82' lang='grc' dir='ltr'>δωρήσωμαι.</span> <span class='ocrx_word' id='word_1_422' title='bbox 2495 2563 2634 2620; x_wconf 79' lang='grc' dir='ltr'>Ἀλλ’</span> <span class='ocrx_word' id='word_1_423' title='bbox 2661 2566 2812 2634; x_wconf 83' lang='grc' dir='ltr'>ὅμως</span> <span class='ocrx_word' id='word_1_424' title='bbox 2832 2566 2931 2618; x_wconf 86' lang='grc' dir='ltr'><strong>οὐκ</strong></span> <span class='ocrx_word' id='word_1_425' title='bbox 2961 2565 3076 2618; x_wconf 83' lang='grc' dir='ltr'>ἐστι</span> <span class='ocrx_word' id='word_1_426' title='bbox 3111 2569 3340 2636; x_wconf 78' lang='grc' dir='ltr'>πρέπον</span> <span class='ocrx_word' id='word_1_427' title='bbox 3402 2565 3492 2617; x_wconf 78' lang='grc' dir='ltr'>ἵνα</span> <span class='ocrx_word' id='word_1_428' title='bbox 3548 2564 3680 2630; x_wconf 51' lang='lat' dir='ltr'><strong>ags-at-</strong></span> <span class='ocrx_word' id='word_1_429' title='bbox 3735 2639 3745 2650; x_wconf 37' lang='lat' dir='ltr'><strong>I</strong></span> 
     </span>
    </p>
   </div>
   <div class='ocr_carea' id='block_1_55' title="bbox 2101 2653 3682 2727">
    <p class='ocr_par' dir='ltr' id='par_1_55' title="bbox 2101 2653 3682 2727">
     <span class='ocr_line' id='line_1_55' title="bbox 2101 2653 3682 2727; baseline -0.003 -17"><span class='ocrx_word' id='word_1_430' title='bbox 2101 2657 2240 2724; x_wconf 88' lang='grc' dir='ltr'>ρέσω</span> <span class='ocrx_word' id='word_1_431' title='bbox 2269 2658 2400 2710; x_wconf 80' lang='grc' dir='ltr'>αὐτὸ</span> <span class='ocrx_word' id='word_1_432' title='bbox 2423 2659 2480 2724; x_wconf 81' lang='grc' dir='ltr'>ἐξ</span> <span class='ocrx_word' id='word_1_433' title='bbox 2510 2657 2673 2711; x_wconf 79' lang='grc' dir='ltr'>αὐτοῦ</span> <span class='ocrx_word' id='word_1_434' title='bbox 2704 2675 2718 2689; x_wconf 75' lang='grc'><strong><em>⁸</em></strong></span> <span class='ocrx_word' id='word_1_435' title='bbox 2771 2659 2888 2711; x_wconf 82' lang='grc' dir='ltr'>ἐστι</span> <span class='ocrx_word' id='word_1_436' title='bbox 2924 2658 3032 2726; x_wconf 78' lang='grc' dir='ltr'><strong>γὰρ</strong></span> <span class='ocrx_word' id='word_1_437' title='bbox 3081 2658 3158 2720; x_wconf 84' lang='grc' dir='ltr'>ὠς</span> <span class='ocrx_word' id='word_1_438' title='bbox 3211 2658 3603 2727; x_wconf 81' lang='grc' dir='ltr'>καταφρονεῖν,</span> <span class='ocrx_word' id='word_1_439' title='bbox 3644 2653 3682 2706; x_wconf 86' lang='grc' dir='ltr'><strong>εί</strong></span> 
     </span>
    </p>
   </div>
   <div class='ocr_carea' id='block_1_56' title="bbox 2100 2741 3683 2819">
    <p class='ocr_par' dir='ltr' id='par_1_56' title="bbox 2100 2741 3683 2819">
     <span class='ocr_line' id='line_1_56' title="bbox 2100 2741 3683 2819; baseline -0.002 -19"><span class='ocrx_word' id='word_1_440' title='bbox 2100 2747 2174 2818; x_wconf 88' lang='grc' dir='ltr'><strong>μὴ</strong></span> <span class='ocrx_word' id='word_1_441' title='bbox 2210 2741 2481 2818; x_wconf 61' lang='grc' dir='ltr'>ἀναϐολὴν</span> <span class='ocrx_word' id='word_1_442' title='bbox 2503 2750 2598 2802; x_wconf 81' lang='grc' dir='ltr'>καὶ</span> <span class='ocrx_word' id='word_1_443' title='bbox 2627 2749 2826 2819; x_wconf 88' lang='grc' dir='ltr'>τρόπον</span> <span class='ocrx_word' id='word_1_444' title='bbox 2885 2751 3191 2819; x_wconf 86' lang='grc' dir='ltr'>ποιήσομεν</span> <span class='ocrx_word' id='word_1_445' title='bbox 3254 2751 3347 2803; x_wconf 81' lang='grc' dir='ltr'><strong>ἵνα</strong></span> <span class='ocrx_word' id='word_1_446' title='bbox 3404 2746 3683 2807; x_wconf 80' lang='grc' dir='ltr'>αύτοθελῶς</span> 
     </span>
    </p>
   </div>
   <div class='ocr_carea' id='block_1_57' title="bbox 2095 2835 3681 2912">
    <p class='ocr_par' dir='ltr' id='par_1_57' title="bbox 2095 2835 3681 2912">
     <span class='ocr_line' id='line_1_57' title="bbox 2095 2835 3681 2912; baseline -0.003 -20"><span class='ocrx_word' id='word_1_447' title='bbox 2095 2841 2466 2911; x_wconf 72' lang='grc' dir='ltr'>ἐγκαταλείψῃ</span> <span class='ocrx_word' id='word_1_448' title='bbox 2494 2842 2623 2894; x_wconf 75' lang='grc' dir='ltr'>αὐτὸ</span> <span class='ocrx_word' id='word_1_449' title='bbox 2648 2843 2880 2904; x_wconf 87' lang='grc' dir='ltr'>ἐκεῖνος.</span> <span class='ocrx_word' id='word_1_450' title='bbox 2940 2842 3050 2897; x_wconf 72' lang='grc' dir='ltr'>Καὶ</span> <span class='ocrx_word' id='word_1_451' title='bbox 3081 2843 3266 2910; x_wconf 82' lang='grc' dir='ltr'>ἐχέτω</span> <span class='ocrx_word' id='word_1_452' title='bbox 3319 2841 3388 2912; x_wconf 79' lang='grc' dir='ltr'>δὴ</span> <span class='ocrx_word' id='word_1_453' title='bbox 3445 2840 3599 2896; x_wconf 87' lang='grc' dir='ltr'>πάλιν</span> <span class='ocrx_word' id='word_1_454' title='bbox 3631 2835 3681 2888; x_wconf 77' lang='grc' dir='ltr'>τὸ</span> 
     </span>
    </p>
   </div>
   <div class='ocr_carea' id='block_1_58' title="bbox 2099 2929 3680 3000">
    <p class='ocr_par' dir='ltr' id='par_1_58' title="bbox 2099 2929 3680 3000">
     <span class='ocr_line' id='line_1_58' title="bbox 2099 2929 3680 3000; baseline -0.001 -20"><span class='ocrx_word' id='word_1_455' title='bbox 2099 2932 2366 2998; x_wconf 79' lang='grc' dir='ltr'>πρωτεῖον</span> <span class='ocrx_word' id='word_1_456' title='bbox 2391 2931 2492 2998; x_wconf 82' lang='grc' dir='ltr'>τῆς</span> <span class='ocrx_word' id='word_1_457' title='bbox 2519 2931 2762 2994; x_wconf 85' lang='grc' dir='ltr'>στάσεως</span> <span class='ocrx_word' id='word_1_458' title='bbox 2803 2933 2896 2983; x_wconf 76' lang='grc' dir='ltr'>καὶ</span> <span class='ocrx_word' id='word_1_459' title='bbox 2931 2931 3027 3000; x_wconf 84' lang='grc' dir='ltr'>τῆς</span> <span class='ocrx_word' id='word_1_460' title='bbox 3060 2929 3295 2999; x_wconf 76' lang='grc' dir='ltr'>βουλῆς,</span> <span class='ocrx_word' id='word_1_461' title='bbox 3323 2931 3423 2984; x_wconf 85' lang='grc' dir='ltr'><strong>καί</strong></span> <span class='ocrx_word' id='word_1_462' title='bbox 3455 2949 3509 2983; x_wconf 85' lang='grc' dir='ltr'><strong>τι</strong></span> <span class='ocrx_word' id='word_1_463' title='bbox 3551 2944 3680 2994; x_wconf 85' lang='grc' dir='ltr'>σιτη-</span> 
     </span>
    </p>
   </div>
   <div class='ocr_carea' id='block_1_59' title="bbox 2102 3016 3680 3093">
    <p class='ocr_par' dir='ltr' id='par_1_59' title="bbox 2102 3016 3680 3093">
     <span class='ocr_line' id='line_1_59' title="bbox 2102 3016 3680 3093; baseline -0.003 -19"><span class='ocrx_word' id='word_1_464' title='bbox 2102 3022 2281 3092; x_wconf 83' lang='grc' dir='ltr'>ρέσιον</span> <span class='ocrx_word' id='word_1_465' title='bbox 2309 3020 2378 3074; x_wconf 84' lang='grc' dir='ltr'>δι’</span> <span class='ocrx_word' id='word_1_466' title='bbox 2408 3022 2571 3077; x_wconf 79' lang='grc' dir='ltr'>ἄλλου</span> <span class='ocrx_word' id='word_1_467' title='bbox 2599 3023 2824 3092; x_wconf 80' lang='grc' dir='ltr'>τρόπου,</span> <span class='ocrx_word' id='word_1_468' title='bbox 2868 3023 2989 3074; x_wconf 79' lang='grc' dir='ltr'>ἐπεὶ</span> <span class='ocrx_word' id='word_1_469' title='bbox 3020 3023 3122 3093; x_wconf 79' lang='grc' dir='ltr'>χρὴ</span> <span class='ocrx_word' id='word_1_470' title='bbox 3158 3024 3400 3093; x_wconf 85' lang='grc' dir='ltr'>ποιῆσαι</span> <span class='ocrx_word' id='word_1_471' title='bbox 3448 3021 3584 3090; x_wconf 86' lang='grc' dir='ltr'><strong>κάμέ</strong></span> <span class='ocrx_word' id='word_1_472' title='bbox 3603 3016 3680 3072; x_wconf 84' lang='grc' dir='ltr'><strong>δύο</strong></span> 
     </span>
    </p>
   </div>
   <div class='ocr_carea' id='block_1_60' title="bbox 2096 3113 3680 3187">
    <p class='ocr_par' dir='ltr' id='par_1_60' title="bbox 2096 3113 3680 3187">
     <span class='ocr_line' id='line_1_60' title="bbox 2096 3113 3680 3187; baseline -0.003 -21"><span class='ocrx_word' id='word_1_473' title='bbox 2096 3115 2205 3168; x_wconf 80' lang='grc' dir='ltr'><strong>τῶν</strong></span> <span class='ocrx_word' id='word_1_474' title='bbox 2253 3115 2533 3185; x_wconf 77' lang='grc' dir='ltr'>ἀρχόντων</span> <span class='ocrx_word' id='word_1_475' title='bbox 2596 3115 2958 3187; x_wconf 79' lang='grc' dir='ltr'>συμϐούλους,</span> <span class='ocrx_word' id='word_1_476' title='bbox 3011 3117 3086 3178; x_wconf 79' lang='grc' dir='ltr'>ὡς</span> <span class='ocrx_word' id='word_1_477' title='bbox 3139 3119 3243 3170; x_wconf 79' lang='grc' dir='ltr'><strong>καὶ</strong></span> <span class='ocrx_word' id='word_1_478' title='bbox 3295 3118 3325 3169; x_wconf 86' lang='grc' dir='ltr'>ὁ</span> <span class='ocrx_word' id='word_1_479' title='bbox 3390 3113 3680 3186; x_wconf 79' lang='grc' dir='ltr'>βασιλεῢςό</span> 
     </span>
    </p>
   </div>
   <div class='ocr_carea' id='block_1_61' title="bbox 2098 3201 3677 3277">
    <p class='ocr_par' dir='ltr' id='par_1_61' title="bbox 2098 3201 3677 3277">
     <span class='ocr_line' id='line_1_61' title="bbox 2098 3201 3677 3277; baseline 0 -18"><span class='ocrx_word' id='word_1_480' title='bbox 2098 3207 2331 3274; x_wconf 81' lang='grc' dir='ltr'>ἀδελφός</span> <span class='ocrx_word' id='word_1_481' title='bbox 2358 3225 2460 3276; x_wconf 88' lang='grc' dir='ltr'><strong>μου</strong></span> <span class='ocrx_word' id='word_1_482' title='bbox 2493 3203 2660 3277; x_wconf 75' lang='grc' dir='ltr'>εἶχεν,</span> <span class='ocrx_word' id='word_1_483' title='bbox 2692 3207 2760 3259; x_wconf 80' lang='grc' dir='ltr'>ἵν’</span> <span class='ocrx_word' id='word_1_484' title='bbox 2791 3201 2892 3262; x_wconf 80' lang='grc' dir='ltr'>ὦσι</span> <span class='ocrx_word' id='word_1_485' title='bbox 2945 3207 3064 3276; x_wconf 84' lang='grc' dir='ltr'>μετ’</span> <span class='ocrx_word' id='word_1_486' title='bbox 3114 3208 3260 3276; x_wconf 78' lang='grc' dir='ltr'>ἐμοῦ</span> <span class='ocrx_word' id='word_1_487' title='bbox 3316 3207 3392 3262; x_wconf 88' lang='grc' dir='ltr'>δι’</span> <span class='ocrx_word' id='word_1_488' title='bbox 3445 3206 3566 3275; x_wconf 78' lang='grc' dir='ltr'>ὅλης</span> <span class='ocrx_word' id='word_1_489' title='bbox 3596 3201 3677 3270; x_wconf 74' lang='grc' dir='ltr'><strong>τῆς</strong></span> 
     </span>
    </p>
   </div>
   <div class='ocr_carea' id='block_1_62' title="bbox 409 3294 3678 3396">
    <p class='ocr_par' dir='ltr' id='par_1_62' title="bbox 409 3294 3678 3396">
     <span class='ocr_line' id='line_1_62' title="bbox 409 3294 3678 3396; baseline 0.003 -36"><span class='ocrx_word' id='word_1_490' title='bbox 409 3310 550 3378; x_wconf 77' lang='grc' dir='ltr'>ἄρῃς</span> <span class='ocrx_word' id='word_1_491' title='bbox 577 3309 677 3380; x_wconf 80' lang='grc' dir='ltr'><strong>τὴν</strong></span> <span class='ocrx_word' id='word_1_492' title='bbox 708 3311 1014 3382; x_wconf 82' lang='grc' dir='ltr'>νεόνυμφον</span> <span class='ocrx_word' id='word_1_493' title='bbox 1053 3313 1151 3382; x_wconf 78' lang='grc' dir='ltr'><strong>τὴν</strong></span> <span class='ocrx_word' id='word_1_494' title='bbox 1181 3315 1322 3384; x_wconf 83' lang='grc' dir='ltr'>ἐμὴν</span> <span class='ocrx_word' id='word_1_495' title='bbox 1357 3315 1616 3367; x_wconf 90' lang='grc' dir='ltr'>σύνευνον</span> <span class='ocrx_word' id='word_1_496' title='bbox 1669 3315 1767 3385; x_wconf 82' lang='grc' dir='ltr'>τὴν</span> <span class='ocrx_word' id='word_1_497' title='bbox 1805 3315 1994 3396; x_wconf 81' lang='grc' dir='ltr'>μελλο·</span> <span class='ocrx_word' id='word_1_498' title='bbox 2021 3294 2063 3351; x_wconf 75' lang='lat' dir='ltr'><strong><em>C</em></strong></span> <span class='ocrx_word' id='word_1_499' title='bbox 2096 3301 2310 3370; x_wconf 70' lang='grc' dir='ltr'>ἡμέρας</span> <span class='ocrx_word' id='word_1_500' title='bbox 2332 3302 2389 3352; x_wconf 73' lang='grc' dir='ltr'><strong>ὲν</strong></span> <span class='ocrx_word' id='word_1_501' title='bbox 2421 3299 2498 3370; x_wconf 75' lang='grc' dir='ltr'><strong>τῷ</strong></span> <span class='ocrx_word' id='word_1_502' title='bbox 2551 3300 2804 3370; x_wconf 74' lang='grc' dir='ltr'>παλατίῳ</span> <span class='ocrx_word' id='word_1_503' title='bbox 2858 3299 2953 3354; x_wconf 67' lang='grc' dir='ltr'><strong>τοῦ</strong></span> <span class='ocrx_word' id='word_1_504' title='bbox 3005 3299 3350 3369; x_wconf 66' lang='grc' dir='ltr'>προδλέπειν</span> <span class='ocrx_word' id='word_1_505' title='bbox 3389 3295 3678 3368; x_wconf 69' lang='grc' dir='ltr'><strong>διορθώνειν</strong></span> 
     </span>
    </p>
   </div>
   <div class='ocr_carea' id='block_1_63' title="bbox 409 3415 1990 3492">
    <p class='ocr_par' dir='ltr' id='par_1_63' title="bbox 409 3415 1990 3492">
     <span class='ocr_line' id='line_1_63' title="bbox 409 3415 1990 3492; baseline 0.005 -21"><span class='ocrx_word' id='word_1_506' title='bbox 409 3427 560 3471; x_wconf 84' lang='lat' dir='ltr'><strong>ctum</strong></span> <span class='ocrx_word' id='word_1_507' title='bbox 591 3415 942 3488; x_wconf 80' lang='lat' dir='ltr'><strong>imperatoris</strong></span> <span class='ocrx_word' id='word_1_508' title='bbox 966 3421 1060 3490; x_wconf 91' lang='lat' dir='ltr'><strong>qui</strong></span> <span class='ocrx_word' id='word_1_509' title='bbox 1095 3437 1312 3475; x_wconf 89' lang='lat' dir='ltr'><strong>mecum</strong></span> <span class='ocrx_word' id='word_1_510' title='bbox 1339 3438 1402 3476; x_wconf 88' lang='lat' dir='ltr'><strong>ex</strong></span> <span class='ocrx_word' id='word_1_511' title='bbox 1436 3422 1610 3477; x_wconf 84' lang='lat' dir='ltr'><strong>Iberia</strong></span> <span class='ocrx_word' id='word_1_512' title='bbox 1643 3423 1858 3492; x_wconf 81' lang='lat' dir='ltr'><strong>legatus</strong></span> <span class='ocrx_word' id='word_1_513' title='bbox 1890 3440 1990 3478; x_wconf 86' lang='lat' dir='ltr'><strong>ve-</strong></span> 
     </span>
    </p>
   </div>
   <div class='ocr_carea' id='block_1_64' title="bbox 410 3493 1994 3583">
    <p class='ocr_par' dir='ltr' id='par_1_64' title="bbox 410 3493 1994 3583">
     <span class='ocr_line' id='line_1_64' title="bbox 410 3493 1994 3583; baseline 0.007 -25"><span class='ocrx_word' id='word_1_514' title='bbox 410 3516 590 3572; x_wconf 84' lang='lat' dir='ltr'><strong>nerat,</strong></span> <span class='ocrx_word' id='word_1_515' title='bbox 620 3517 675 3562; x_wconf 84' lang='lat' dir='ltr'><strong>et</strong></span> <span class='ocrx_word' id='word_1_516' title='bbox 704 3523 887 3562; x_wconf 89' lang='lat' dir='ltr'><strong>coram</strong></span> <span class='ocrx_word' id='word_1_517' title='bbox 941 3510 1048 3565; x_wconf 85' lang='lat' dir='ltr'><strong>hoc</strong></span> <span class='ocrx_word' id='word_1_518' title='bbox 1099 3493 1399 3580; x_wconf 77' lang='lat' dir='ltr'><strong>imperator</strong></span> <span class='ocrx_word' id='word_1_519' title='bbox 1433 3527 1596 3568; x_wconf 88' lang='lat' dir='ltr'><strong>manu</strong></span> <span class='ocrx_word' id='word_1_520' title='bbox 1626 3529 1724 3568; x_wconf 91' lang='lat' dir='ltr'><strong>sua</strong></span> <span class='ocrx_word' id='word_1_521' title='bbox 1754 3514 1807 3567; x_wconf 93' lang='lat' dir='ltr'><strong>in</strong></span> <span class='ocrx_word' id='word_1_522' title='bbox 1833 3529 1994 3583; x_wconf 87' lang='lat' dir='ltr'><strong>snpe-</strong></span> 
     </span>
    </p>
   </div>
   <div class='ocr_carea' id='block_1_65' title="bbox 414 3600 1986 3662">
    <p class='ocr_par' dir='ltr' id='par_1_65' title="bbox 414 3600 1986 3662">
     <span class='ocr_line' id='line_1_65' title="bbox 414 3600 1986 3662; baseline 0.004 -9"><span class='ocrx_word' id='word_1_523' title='bbox 414 3600 558 3655; x_wconf 79' lang='lat' dir='ltr'><strong>riore</strong></span> <span class='ocrx_word' id='word_1_524' title='bbox 619 3601 780 3656; x_wconf 71' lang='lat' dir='ltr'><strong>bullae</strong></span> <span class='ocrx_word' id='word_1_525' title='bbox 820 3602 996 3658; x_wconf 78' lang='lat' dir='ltr'><strong>fronte</strong></span> <span class='ocrx_word' id='word_1_526' title='bbox 1030 3603 1250 3658; x_wconf 75' lang='lat' dir='ltr'><strong>rubrica</strong></span> <span class='ocrx_word' id='word_1_527' title='bbox 1302 3613 1416 3660; x_wconf 91' lang='lat' dir='ltr'><strong>tres</strong></span> <span class='ocrx_word' id='word_1_528' title='bbox 1450 3621 1648 3660; x_wconf 84' lang='lat' dir='ltr'><strong>cruces</strong></span> <span class='ocrx_word' id='word_1_529' title='bbox 1687 3607 1886 3662; x_wconf 92' lang='lat' dir='ltr'><strong>scribit</strong></span> <span class='ocrx_word' id='word_1_530' title='bbox 1916 3603 1986 3661; x_wconf 87' lang='lat' dir='ltr'><strong>ad</strong></span> 
     </span>
    </p>
   </div>
   <div class='ocr_carea' id='block_1_66' title="bbox 409 3693 1990 3766">
    <p class='ocr_par' dir='ltr' id='par_1_66' title="bbox 409 3693 1990 3766">
     <span class='ocr_line' id='line_1_66' title="bbox 409 3693 1990 3766; baseline 0.006 -20"><span class='ocrx_word' id='word_1_531' title='bbox 409 3693 844 3749; x_wconf 82' lang='lat' dir='ltr'><strong>conﬁrmandam</strong></span> <span class='ocrx_word' id='word_1_532' title='bbox 881 3697 1192 3764; x_wconf 71' lang='lat' dir='ltr'><strong>pactionem</strong></span> <span class='ocrx_word' id='word_1_533' title='bbox 1215 3715 1278 3752; x_wconf 80' lang='lat' dir='ltr'><strong>ex</strong></span> <span class='ocrx_word' id='word_1_534' title='bbox 1313 3697 1532 3753; x_wconf 89' lang='lat' dir='ltr'><strong>illorum</strong></span> <span class='ocrx_word' id='word_1_535' title='bbox 1561 3701 1990 3766; x_wconf 86' lang='lat' dir='ltr'><strong>consuetudine,</strong></span> 
     </span>
    </p>
   </div>
   <div class='ocr_carea' id='block_1_67' title="bbox 411 3785 1991 3862">
    <p class='ocr_par' dir='ltr' id='par_1_67' title="bbox 411 3785 1991 3862">
     <span class='ocr_line' id='line_1_67' title="bbox 411 3785 1991 3862; baseline 0.006 -22"><span class='ocrx_word' id='word_1_536' title='bbox 411 3785 687 3856; x_wconf 83' lang='lat' dir='ltr'><strong>traditque</strong></span> <span class='ocrx_word' id='word_1_537' title='bbox 749 3787 952 3842; x_wconf 83' lang='lat' dir='ltr'><strong>bullam</strong></span> <span class='ocrx_word' id='word_1_538' title='bbox 1023 3790 1076 3847; x_wconf 90' lang='lat' dir='ltr'><strong>in</strong></span> <span class='ocrx_word' id='word_1_539' title='bbox 1145 3806 1343 3848; x_wconf 91' lang='lat' dir='ltr'><strong>manus</strong></span> <span class='ocrx_word' id='word_1_540' title='bbox 1405 3791 1571 3862; x_wconf 83' lang='lat' dir='ltr'><strong>legati</strong></span> <span class='ocrx_word' id='word_1_541' title='bbox 1625 3792 1712 3848; x_wconf 83' lang='lat' dir='ltr'><strong>bis</strong></span> <span class='ocrx_word' id='word_1_542' title='bbox 1771 3793 1991 3848; x_wconf 78' lang='lat' dir='ltr'><strong>verbis:</strong></span> 
     </span>
    </p>
   </div>
   <div class='ocr_carea' id='block_1_68' title="bbox 416 3879 1994 3956">
    <p class='ocr_par' dir='ltr' id='par_1_68' title="bbox 416 3879 1994 3956">
     <span class='ocr_line' id='line_1_68' title="bbox 416 3879 1994 3956; baseline 0.006 -24"><span class='ocrx_word' id='word_1_543' title='bbox 416 3901 434 3932; x_wconf 79' lang='grc' dir='ltr'><strong>ι</strong></span> <span class='ocrx_word' id='word_1_544' title='bbox 471 3879 571 3936; x_wconf 88' lang='lat' dir='ltr'><strong>IIic</strong></span> <span class='ocrx_word' id='word_1_545' title='bbox 606 3881 692 3936; x_wconf 86' lang='lat' dir='ltr'><strong>vir</strong></span> <span class='ocrx_word' id='word_1_546' title='bbox 728 3885 858 3952; x_wconf 89' lang='lat' dir='ltr'><strong>(me</strong></span> <span class='ocrx_word' id='word_1_547' title='bbox 890 3884 1257 3955; x_wconf 75' lang='lat' dir='ltr'><strong>ostendebat)</strong></span> <span class='ocrx_word' id='word_1_548' title='bbox 1288 3885 1395 3940; x_wconf 86' lang='lat' dir='ltr'><strong>Deo</strong></span> <span class='ocrx_word' id='word_1_549' title='bbox 1437 3887 1681 3956; x_wconf 89' lang='lat' dir='ltr'><strong>propitio</strong></span> <span class='ocrx_word' id='word_1_550' title='bbox 1739 3888 1994 3956; x_wconf 87' lang='lat' dir='ltr'><strong>proximo</strong></span> 
     </span>
    </p>
   </div>
   <div class='ocr_carea' id='block_1_69' title="bbox 414 3973 1997 4047">
    <p class='ocr_par' dir='ltr' id='par_1_69' title="bbox 414 3973 1997 4047">
     <span class='ocr_line' id='line_1_69' title="bbox 414 3973 1997 4047; baseline 0.006 -24"><span class='ocrx_word' id='word_1_551' title='bbox 414 3987 540 4027; x_wconf 83' lang='lat' dir='ltr'><strong>vere</strong></span> <span class='ocrx_word' id='word_1_552' title='bbox 569 3988 692 4028; x_wconf 90' lang='lat' dir='ltr'><strong>cum</strong></span> <span class='ocrx_word' id='word_1_553' title='bbox 717 3973 1034 4028; x_wconf 85' lang='lat' dir='ltr'><strong>triremibus</strong></span> <span class='ocrx_word' id='word_1_554' title='bbox 1059 3975 1268 4041; x_wconf 84' lang='lat' dir='ltr'><strong>veniet,</strong></span> <span class='ocrx_word' id='word_1_555' title='bbox 1297 3975 1567 4045; x_wconf 81' lang='lat' dir='ltr'><strong>virginem</strong></span> <span class='ocrx_word' id='word_1_556' title='bbox 1592 3977 1727 4032; x_wconf 85' lang='lat' dir='ltr'><strong>mihi</strong></span> <span class='ocrx_word' id='word_1_557' title='bbox 1761 3975 1997 4047; x_wconf 86' lang='lat' dir='ltr'><strong>despon-</strong></span> 
     </span>
    </p>
   </div>
   <div class='ocr_carea' id='block_1_70' title="bbox 412 4064 1999 4138">
    <p class='ocr_par' dir='ltr' id='par_1_70' title="bbox 412 4064 1999 4138">
     <span class='ocr_line' id='line_1_70' title="bbox 412 4064 1999 4138; baseline 0.006 -23"><span class='ocrx_word' id='word_1_558' title='bbox 412 4078 529 4116; x_wconf 83' lang='lat' dir='ltr'><strong>sam</strong></span> <span class='ocrx_word' id='word_1_559' title='bbox 560 4064 953 4121; x_wconf 61' lang='lat' dir='ltr'><strong>abducturus.»</strong></span> <span class='ocrx_word' id='word_1_560' title='bbox 994 4065 1184 4136; x_wconf 86' lang='lat' dir='ltr'><strong>Itaque</strong></span> <span class='ocrx_word' id='word_1_561' title='bbox 1225 4067 1467 4138; x_wconf 80' lang='lat' dir='ltr'><strong>legatus,</strong></span> <span class='ocrx_word' id='word_1_562' title='bbox 1495 4067 1727 4124; x_wconf 83' lang='lat' dir='ltr'><strong>adorato</strong></span> <span class='ocrx_word' id='word_1_563' title='bbox 1759 4069 1999 4137; x_wconf 83' lang='lat' dir='ltr'><strong>impera-</strong></span> 
     </span>
    </p>
   </div>
   <div class='ocr_carea' id='block_1_71' title="bbox 412 4157 858 4222">
    <p class='ocr_par' dir='ltr' id='par_1_71' title="bbox 412 4157 858 4222">
     <span class='ocr_line' id='line_1_71' title="bbox 412 4157 858 4222; baseline -0.002 -10"><span class='ocrx_word' id='word_1_564' title='bbox 412 4168 552 4222; x_wconf 86' lang='lat' dir='ltr'><strong>tore,</strong></span> <span class='ocrx_word' id='word_1_565' title='bbox 581 4157 858 4214; x_wconf 85' lang='lat' dir='ltr'><strong>discessit.</strong></span> 
     </span>
    </p>
   </div>
   <div class='ocr_carea' id='block_1_72' title="bbox 483 4249 1995 4321">
    <p class='ocr_par' dir='ltr' id='par_1_72' title="bbox 483 4249 1995 4321">
     <span class='ocr_line' id='line_1_72' title="bbox 483 4249 1995 4321; baseline 0.007 -19"><span class='ocrx_word' id='word_1_566' title='bbox 483 4249 620 4303; x_wconf 87' lang='lat' dir='ltr'><strong>Cutn</strong></span> <span class='ocrx_word' id='word_1_567' title='bbox 655 4250 813 4305; x_wconf 87' lang='lat' dir='ltr'><strong>initio</strong></span> <span class='ocrx_word' id='word_1_568' title='bbox 842 4251 1086 4321; x_wconf 82' lang='lat' dir='ltr'><strong>ejusdem</strong></span> <span class='ocrx_word' id='word_1_569' title='bbox 1115 4253 1246 4306; x_wconf 86' lang='lat' dir='ltr'><strong>anni</strong></span> <span class='ocrx_word' id='word_1_570' title='bbox 1275 4253 1428 4308; x_wconf 79' lang='lat' dir='ltr'><strong>fama.</strong></span> <span class='ocrx_word' id='word_1_571' title='bbox 1447 4263 1721 4320; x_wconf 82' lang='lat' dir='ltr'><strong>manaret,</strong></span> <span class='ocrx_word' id='word_1_572' title='bbox 1751 4271 1995 4312; x_wconf 88' lang='lat' dir='ltr'><strong>ameram</strong></span> 
     </span>
    </p>
   </div>
   <div class='ocr_carea' id='block_1_73' title="bbox 415 4337 1998 4414">
    <p class='ocr_par' dir='ltr' id='par_1_73' title="bbox 415 4337 1998 4414">
     <span class='ocr_line' id='line_1_73' title="bbox 415 4337 1998 4414; baseline 0.009 -24"><span class='ocrx_word' id='word_1_573' title='bbox 415 4339 479 4391; x_wconf 81' lang='lat' dir='ltr'><strong>ad</strong></span> <span class='ocrx_word' id='word_1_574' title='bbox 499 4341 782 4409; x_wconf 80' lang='lat' dir='ltr'><strong>angustias</strong></span> <span class='ocrx_word' id='word_1_575' title='bbox 809 4357 977 4411; x_wconf 86' lang='lat' dir='ltr'><strong>prope</strong></span> <span class='ocrx_word' id='word_1_576' title='bbox 1002 4346 1345 4411; x_wconf 88' lang='lat' dir='ltr'><strong>superiorem</strong></span> <span class='ocrx_word' id='word_1_577' title='bbox 1371 4355 1580 4414; x_wconf 86' lang='lat' dir='ltr'><strong>partem</strong></span> <span class='ocrx_word' id='word_1_578' title='bbox 1617 4348 1722 4402; x_wconf 86' lang='lat' dir='ltr'><strong>vici</strong></span> <span class='ocrx_word' id='word_1_579' title='bbox 1747 4337 1998 4405; x_wconf 82' lang='lat' dir='ltr'><strong>AsOmati</strong></span> 
     </span>
    </p>
   </div>
   <div class='ocr_carea' id='block_1_74' title="bbox 414 4435 1993 4510">
    <p class='ocr_par' dir='ltr' id='par_1_74' title="bbox 414 4435 1993 4510">
     <span class='ocr_line' id='line_1_74' title="bbox 414 4435 1993 4510; baseline 0.009 -29"><span class='ocrx_word' id='word_1_580' title='bbox 414 4447 536 4485; x_wconf 71' lang='lat' dir='ltr'><strong>esse</strong></span> <span class='ocrx_word' id='word_1_581' title='bbox 556 4441 872 4497; x_wconf 88' lang='lat' dir='ltr'><strong>venturum,</strong></span> <span class='ocrx_word' id='word_1_582' title='bbox 895 4446 953 4488; x_wconf 91' lang='lat' dir='ltr'><strong>ut</strong></span> <span class='ocrx_word' id='word_1_583' title='bbox 979 4435 1050 4489; x_wconf 88' lang='lat' dir='ltr'><strong>ibi</strong></span> <span class='ocrx_word' id='word_1_584' title='bbox 1066 4445 1378 4491; x_wconf 76' lang='lat' dir='ltr'><strong>exstrueret</strong></span> <span class='ocrx_word' id='word_1_585' title='bbox 1394 4440 1711 4507; x_wconf 84' lang='lat' dir='ltr'><strong>castellum,</strong></span> <span class='ocrx_word' id='word_1_586' title='bbox 1733 4456 1993 4510; x_wconf 85' lang='lat' dir='ltr'><strong>cumque,</strong></span> 
     </span>
    </p>
   </div>
   <div class='ocr_carea' id='block_1_75' title="bbox 417 4522 2000 4601">
    <p class='ocr_par' dir='ltr' id='par_1_75' title="bbox 417 4522 2000 4601">
     <span class='ocr_line' id='line_1_75' title="bbox 417 4522 2000 4601; baseline 0.009 -29"><span class='ocrx_word' id='word_1_587' title='bbox 417 4522 654 4578; x_wconf 85' lang='lat' dir='ltr'><strong>roncilio</strong></span> <span class='ocrx_word' id='word_1_588' title='bbox 686 4523 892 4589; x_wconf 91' lang='lat' dir='ltr'><strong>habito,</strong></span> <span class='ocrx_word' id='word_1_589' title='bbox 916 4525 1094 4582; x_wconf 90' lang='lat' dir='ltr'><strong>visum</strong></span> <span class='ocrx_word' id='word_1_590' title='bbox 1126 4537 1293 4593; x_wconf 83' lang='lat' dir='ltr'><strong>esset,</strong></span> <span class='ocrx_word' id='word_1_591' title='bbox 1333 4539 1392 4584; x_wconf 90' lang='lat' dir='ltr'><strong>ut</strong></span> <span class='ocrx_word' id='word_1_592' title='bbox 1418 4530 1723 4601; x_wconf 87' lang='lat' dir='ltr'><strong>imperator</strong></span> <span class='ocrx_word' id='word_1_593' title='bbox 1760 4533 1814 4586; x_wconf 93' lang='lat' dir='ltr'><strong>in</strong></span> <span class='ocrx_word' id='word_1_594' title='bbox 1843 4531 2000 4587; x_wconf 85' lang='lat' dir='ltr'><strong>Pelo-</strong></span> 
     </span>
    </p>
   </div>
   <div class='ocr_carea' id='block_1_76' title="bbox 418 4617 2071 4698">
    <p class='ocr_par' dir='ltr' id='par_1_76' title="bbox 418 4617 2071 4698">
     <span class='ocr_line' id='line_1_76' title="bbox 418 4617 2071 4698; baseline 0.007 -31"><span class='ocrx_word' id='word_1_595' title='bbox 418 4631 736 4684; x_wconf 80' lang='lat' dir='ltr'><strong>ponnesum.</strong></span> <span class='ocrx_word' id='word_1_596' title='bbox 751 4617 817 4673; x_wconf 87' lang='lat' dir='ltr'><strong>ad</strong></span> <span class='ocrx_word' id='word_1_597' title='bbox 848 4617 1074 4674; x_wconf 79' lang='lat' dir='ltr'><strong>fratrem</strong></span> <span class='ocrx_word' id='word_1_598' title='bbox 1111 4621 1508 4679; x_wconf 85' lang='lat' dir='ltr'><strong>arcessendum</strong></span> <span class='ocrx_word' id='word_1_599' title='bbox 1549 4626 1818 4686; x_wconf 86' lang='lat' dir='ltr'><strong>mitteret,</strong></span> <span class='ocrx_word' id='word_1_600' title='bbox 1849 4634 1994 4679; x_wconf 64' lang='lat' dir='ltr'><strong>uter.</strong></span> <span class='ocrx_word' id='word_1_601' title='bbox 2027 4643 2071 4698; x_wconf 78' lang='grc' dir='ltr'><strong>ι)</strong></span> 
     </span>
    </p>
   </div>
   <div class='ocr_carea' id='block_1_77' title="bbox 416 4712 1998 4786">
    <p class='ocr_par' dir='ltr' id='par_1_77' title="bbox 416 4712 1998 4786">
     <span class='ocr_line' id='line_1_77' title="bbox 416 4712 1998 4786; baseline 0.008 -25"><span class='ocrx_word' id='word_1_602' title='bbox 416 4725 634 4779; x_wconf 70' lang='lat' dir='ltr'><strong>cunque</strong></span> <span class='ocrx_word' id='word_1_603' title='bbox 685 4712 902 4767; x_wconf 90' lang='lat' dir='ltr'><strong>illorum</strong></span> <span class='ocrx_word' id='word_1_604' title='bbox 958 4714 1149 4770; x_wconf 89' lang='lat' dir='ltr'><strong>venire</strong></span> <span class='ocrx_word' id='word_1_605' title='bbox 1183 4716 1367 4783; x_wconf 86' lang='lat' dir='ltr'><strong>vellet,</strong></span> <span class='ocrx_word' id='word_1_606' title='bbox 1425 4726 1482 4774; x_wconf 89' lang='lat' dir='ltr'><strong>et</strong></span> <span class='ocrx_word' id='word_1_607' title='bbox 1511 4719 1559 4772; x_wconf 89' lang='lat' dir='ltr'><strong>is</strong></span> <span class='ocrx_word' id='word_1_608' title='bbox 1593 4719 1998 4786; x_wconf 87' lang='lat' dir='ltr'><strong>comprobaret,</strong></span> 
     </span>
    </p>
   </div>
   <div class='ocr_carea' id='block_1_78' title="bbox 415 4805 1999 4876">
    <p class='ocr_par' dir='ltr' id='par_1_78' title="bbox 415 4805 1999 4876">
     <span class='ocr_line' id='line_1_78' title="bbox 415 4805 1999 4876; baseline 0.006 -21"><span class='ocrx_word' id='word_1_609' title='bbox 415 4818 760 4874; x_wconf 66' lang='lat' dir='ltr'><strong>quaecunque</strong></span> <span class='ocrx_word' id='word_1_610' title='bbox 788 4805 1161 4876; x_wconf 86' lang='lat' dir='ltr'><strong>imperatoriis</strong></span> <span class='ocrx_word' id='word_1_611' title='bbox 1220 4808 1424 4864; x_wconf 83' lang='lat' dir='ltr'><strong>litteris</strong></span> <span class='ocrx_word' id='word_1_612' title='bbox 1459 4811 1765 4865; x_wconf 86' lang='lat' dir='ltr'><strong>constituta</strong></span> <span class='ocrx_word' id='word_1_613' title='bbox 1790 4818 1999 4873; x_wconf 86' lang='lat' dir='ltr'><strong>essent,</strong></span> 
     </span>
    </p>
   </div>
   <div class='ocr_carea' id='block_1_79' title="bbox 417 4897 1999 4966">
    <p class='ocr_par' dir='ltr' id='par_1_79' title="bbox 417 4897 1999 4966">
     <span class='ocr_line' id='line_1_79' title="bbox 417 4897 1999 4966; baseline 0.004 -19"><span class='ocrx_word' id='word_1_614' title='bbox 417 4906 604 4965; x_wconf 79' lang='lat' dir='ltr'><strong>atque,</strong></span> <span class='ocrx_word' id='word_1_615' title='bbox 631 4897 676 4950; x_wconf 93' lang='lat' dir='ltr'><strong>si</strong></span> <span class='ocrx_word' id='word_1_616' title='bbox 713 4899 1014 4953; x_wconf 84' lang='lat' dir='ltr'><strong>necessitas</strong></span> <span class='ocrx_word' id='word_1_617' title='bbox 1071 4900 1293 4956; x_wconf 89' lang='lat' dir='ltr'><strong>adesset</strong></span> <span class='ocrx_word' id='word_1_618' title='bbox 1323 4900 1721 4966; x_wconf 73' lang='lat' dir='ltr'><strong>vidissentque</strong></span> <span class='ocrx_word' id='word_1_619' title='bbox 1752 4915 1999 4955; x_wconf 85' lang='lat' dir='ltr'><strong>ameram</strong></span> 
     </span>
    </p>
   </div>
   <div class='ocr_carea' id='block_1_80' title="bbox 419 4988 1998 5062">
    <p class='ocr_par' dir='ltr' id='par_1_80' title="bbox 419 4988 1998 5062">
     <span class='ocr_line' id='line_1_80' title="bbox 419 4988 1998 5062; baseline 0.008 -24"><span class='ocrx_word' id='word_1_620' title='bbox 419 4988 682 5043; x_wconf 81' lang='lat' dir='ltr'><strong>adversus</strong></span> <span class='ocrx_word' id='word_1_621' title='bbox 699 4989 888 5045; x_wconf 87' lang='lat' dir='ltr'><strong>urbem</strong></span> <span class='ocrx_word' id='word_1_622' title='bbox 908 4990 996 5046; x_wconf 85' lang='lat' dir='ltr'><strong>vel</strong></span> <span class='ocrx_word' id='word_1_623' title='bbox 1019 4991 1315 5060; x_wconf 87' lang='lat' dir='ltr'><strong>imperium</strong></span> <span class='ocrx_word' id='word_1_624' title='bbox 1335 4993 1544 5062; x_wconf 88' lang='lat' dir='ltr'><strong>aliquid</strong></span> <span class='ocrx_word' id='word_1_625' title='bbox 1565 4993 1907 5059; x_wconf 89' lang='lat' dir='ltr'><strong>moliturum,</strong></span> <span class='ocrx_word' id='word_1_626' title='bbox 1932 4994 1998 5050; x_wconf 91' lang='lat' dir='ltr'><strong>ad</strong></span> 
     </span>
    </p>
   </div>
   <div class='ocr_carea' id='block_1_81' title="bbox 418 5077 2004 5155">
    <p class='ocr_par' dir='ltr' id='par_1_81' title="bbox 418 5077 2004 5155">
     <span class='ocr_line' id='line_1_81' title="bbox 418 5077 2004 5155; baseline 0.008 -25"><span class='ocrx_word' id='word_1_627' title='bbox 418 5077 790 5155; x_wconf 72' lang='lat' dir='ltr'><strong>occidentales</strong></span> <span class='ocrx_word' id='word_1_628' title='bbox 829 5082 1108 5152; x_wconf 88' lang='lat' dir='ltr'><strong>principes</strong></span> <span class='ocrx_word' id='word_1_629' title='bbox 1126 5098 1284 5154; x_wconf 90' lang='lat' dir='ltr'><strong>opem</strong></span> <span class='ocrx_word' id='word_1_630' title='bbox 1317 5084 1668 5153; x_wconf 84' lang='lat' dir='ltr'><strong>imploratutn</strong></span> <span class='ocrx_word' id='word_1_631' title='bbox 1688 5086 2004 5155; x_wconf 81' lang='lat' dir='ltr'><strong>proﬁcisce—</strong></span> 
     </span>
    </p>
   </div>
   <div class='ocr_carea' id='block_1_82' title="bbox 420 5171 2000 5246">
    <p class='ocr_par' dir='ltr' id='par_1_82' title="bbox 420 5171 2000 5246">
     <span class='ocr_line' id='line_1_82' title="bbox 420 5171 2000 5246; baseline 0.007 -24"><span class='ocrx_word' id='word_1_632' title='bbox 420 5179 592 5224; x_wconf 81' lang='lat' dir='ltr'><strong>retur:</strong></span> <span class='ocrx_word' id='word_1_633' title='bbox 616 5172 728 5226; x_wconf 77' lang='lat' dir='ltr'><strong>lttec</strong></span> <span class='ocrx_word' id='word_1_634' title='bbox 746 5171 915 5242; x_wconf 89' lang='lat' dir='ltr'><strong>igitur</strong></span> <span class='ocrx_word' id='word_1_635' title='bbox 931 5172 1059 5227; x_wconf 88' lang='lat' dir='ltr'><strong>dum</strong></span> <span class='ocrx_word' id='word_1_636' title='bbox 1083 5173 1239 5234; x_wconf 84' lang='lat' dir='ltr'><strong>tiunt,</strong></span> <span class='ocrx_word' id='word_1_637' title='bbox 1263 5173 1451 5242; x_wconf 80' lang='lat' dir='ltr'><strong>paucis</strong></span> <span class='ocrx_word' id='word_1_638' title='bbox 1471 5173 1664 5228; x_wconf 86' lang='lat' dir='ltr'><strong>diebus</strong></span> <span class='ocrx_word' id='word_1_639' title='bbox 1679 5175 2000 5246; x_wconf 79' lang='lat' dir='ltr'><strong>interjectis,</strong></span> 
     </span>
    </p>
   </div>
   <div class='ocr_carea' id='block_1_83' title="bbox 420 5262 2002 5332">
    <p class='ocr_par' dir='ltr' id='par_1_83' title="bbox 420 5262 2002 5332">
     <span class='ocr_line' id='line_1_83' title="bbox 420 5262 2002 5332; baseline 0.007 -17"><span class='ocrx_word' id='word_1_640' title='bbox 420 5262 718 5332; x_wconf 85' lang='lat' dir='ltr'><strong>imperator</strong></span> <span class='ocrx_word' id='word_1_641' title='bbox 739 5279 824 5318; x_wconf 88' lang='lat' dir='ltr'><strong>me</strong></span> <span class='ocrx_word' id='word_1_642' title='bbox 845 5264 912 5318; x_wconf 89' lang='lat' dir='ltr'><strong>ad</strong></span> <span class='ocrx_word' id='word_1_643' title='bbox 941 5278 1000 5319; x_wconf 89' lang='lat' dir='ltr'><strong>se</strong></span> <span class='ocrx_word' id='word_1_644' title='bbox 1030 5265 1360 5320; x_wconf 88' lang='lat' dir='ltr'><strong>arcessitum</strong></span> <span class='ocrx_word' id='word_1_645' title='bbox 1391 5265 1462 5320; x_wconf 90' lang='lat' dir='ltr'><strong>ita</strong></span> <span class='ocrx_word' id='word_1_646' title='bbox 1487 5266 1758 5324; x_wconf 86' lang='lat' dir='ltr'><strong>allocutus</strong></span> <span class='ocrx_word' id='word_1_647' title='bbox 1785 5279 1898 5326; x_wconf 86' lang='lat' dir='ltr'><strong>est:</strong></span> <span class='ocrx_word' id='word_1_648' title='bbox 1928 5269 2002 5326; x_wconf 75' lang='grc' dir='ltr'><strong>«Ε</strong></span> 
     </span>
    </p>
   </div>
   <div class='ocr_carea' id='block_1_84' title="bbox 421 5355 2003 5428">
    <p class='ocr_par' dir='ltr' id='par_1_84' title="bbox 421 5355 2003 5428">
     <span class='ocr_line' id='line_1_84' title="bbox 421 5355 2003 5428; baseline 0.006 -19"><span class='ocrx_word' id='word_1_649' title='bbox 421 5355 847 5426; x_wconf 88' lang='lat' dir='ltr'><strong>consilio,quod</strong></span> <span class='ocrx_word' id='word_1_650' title='bbox 877 5360 1146 5424; x_wconf 85' lang='lat' dir='ltr'><strong>repimus,</strong></span> <span class='ocrx_word' id='word_1_651' title='bbox 1182 5373 1311 5426; x_wconf 86' lang='lat' dir='ltr'><strong>para</strong></span> <span class='ocrx_word' id='word_1_652' title='bbox 1348 5368 1419 5423; x_wconf 89' lang='lat' dir='ltr'><strong>te,</strong></span> <span class='ocrx_word' id='word_1_653' title='bbox 1464 5362 1906 5428; x_wconf 87' lang='lat' dir='ltr'><strong>protovestiarie,</strong></span> <span class='ocrx_word' id='word_1_654' title='bbox 1943 5374 2003 5418; x_wconf 93' lang='lat' dir='ltr'><strong>ut</strong></span> 
     </span>
    </p>
   </div>
   <div class='ocr_carea' id='block_1_85' title="bbox 421 5445 2003 5523">
    <p class='ocr_par' dir='ltr' id='par_1_85' title="bbox 421 5445 2003 5523">
     <span class='ocr_line' id='line_1_85' title="bbox 421 5445 2003 5523; baseline 0.007 -23"><span class='ocrx_word' id='word_1_655' title='bbox 421 5447 475 5500; x_wconf 92' lang='lat' dir='ltr'><strong>in</strong></span> <span class='ocrx_word' id='word_1_656' title='bbox 501 5445 936 5516; x_wconf 82' lang='lat' dir='ltr'><strong>Peloponnesum</strong></span> <span class='ocrx_word' id='word_1_657' title='bbox 969 5448 1344 5516; x_wconf 76' lang='lat' dir='ltr'><strong>proﬁciscare,</strong></span> <span class='ocrx_word' id='word_1_658' title='bbox 1368 5452 1557 5522; x_wconf 88' lang='lat' dir='ltr'><strong>ibique</strong></span> <span class='ocrx_word' id='word_1_659' title='bbox 1589 5455 1869 5523; x_wconf 79' lang='lat' dir='ltr'><strong>negotium</strong></span> <span class='ocrx_word' id='word_1_660' title='bbox 1898 5457 2003 5512; x_wconf 86' lang='lat' dir='ltr'><strong>hoc</strong></span> 
     </span>
    </p>
   </div>
   <div class='ocr_carea' id='block_1_86' title="bbox 421 5537 1996 5609">
    <p class='ocr_par' dir='ltr' id='par_1_86' title="bbox 421 5537 1996 5609">
     <span class='ocr_line' id='line_1_86' title="bbox 421 5537 1996 5609; baseline 0.006 -19"><span class='ocrx_word' id='word_1_661' title='bbox 421 5537 694 5609; x_wconf 68' lang='lat' dir='ltr'><strong>perficies,</strong></span> <span class='ocrx_word' id='word_1_662' title='bbox 720 5547 781 5590; x_wconf 90' lang='lat' dir='ltr'><strong>ut</strong></span> <span class='ocrx_word' id='word_1_663' title='bbox 805 5537 1066 5592; x_wconf 86' lang='lat' dir='ltr'><strong>alteruter</strong></span> <span class='ocrx_word' id='word_1_664' title='bbox 1096 5537 1330 5594; x_wconf 79' lang='lat' dir='ltr'><strong>fratrum</strong></span> <span class='ocrx_word' id='word_1_665' title='bbox 1362 5559 1622 5600; x_wconf 81' lang='lat' dir='ltr'><strong>meorum</strong></span> <span class='ocrx_word' id='word_1_666' title='bbox 1645 5545 1754 5602; x_wconf 89' lang='lat' dir='ltr'><strong>huc</strong></span> <span class='ocrx_word' id='word_1_667' title='bbox 1783 5548 1996 5602; x_wconf 86' lang='lat' dir='ltr'><strong>veniat.</strong></span> 
     </span>
    </p>
   </div>
   <div class='ocr_carea' id='block_1_87' title="bbox 422 5625 1996 5708">
    <p class='ocr_par' dir='ltr' id='par_1_87' title="bbox 422 5625 1996 5708">
     <span class='ocr_line' id='line_1_87' title="bbox 422 5625 1996 5708; baseline 0.008 -29"><span class='ocrx_word' id='word_1_668' title='bbox 422 5625 553 5680; x_wconf 85' lang='lat' dir='ltr'><strong>Inde</strong></span> <span class='ocrx_word' id='word_1_669' title='bbox 604 5636 818 5697; x_wconf 89' lang='lat' dir='ltr'><strong>oportet</strong></span> <span class='ocrx_word' id='word_1_670' title='bbox 871 5638 921 5682; x_wconf 89' lang='lat' dir='ltr'><strong>te</strong></span> <span class='ocrx_word' id='word_1_671' title='bbox 964 5629 1017 5682; x_wconf 91' lang='lat' dir='ltr'><strong>in</strong></span> <span class='ocrx_word' id='word_1_672' title='bbox 1067 5630 1309 5702; x_wconf 82' lang='lat' dir='ltr'><strong>Cyprum</strong></span> <span class='ocrx_word' id='word_1_673' title='bbox 1365 5635 1432 5689; x_wconf 84' lang='lat' dir='ltr'><strong>ad</strong></span> <span class='ocrx_word' id='word_1_674' title='bbox 1474 5637 1742 5708; x_wconf 83' lang='lat' dir='ltr'><strong>reginam,</strong></span> <span class='ocrx_word' id='word_1_675' title='bbox 1776 5648 1996 5708; x_wconf 88' lang='lat' dir='ltr'><strong>neptem</strong></span> 
     </span>
    </p>
   </div>
   <div class='ocr_carea' id='block_1_88' title="bbox 421 5719 1996 5800">
    <p class='ocr_par' dir='ltr' id='par_1_88' title="bbox 421 5719 1996 5800">
     <span class='ocr_line' id='line_1_88' title="bbox 421 5719 1996 5800; baseline 0.01 -31"><span class='ocrx_word' id='word_1_676' title='bbox 421 5733 624 5782; x_wconf 85' lang='lat' dir='ltr'><strong>meam,</strong></span> <span class='ocrx_word' id='word_1_677' title='bbox 657 5719 759 5774; x_wconf 88' lang='lat' dir='ltr'><strong>iter</strong></span> <span class='ocrx_word' id='word_1_678' title='bbox 786 5719 990 5775; x_wconf 79' lang='lat' dir='ltr'><strong>facere.</strong></span> <span class='ocrx_word' id='word_1_679' title='bbox 1033 5722 1142 5779; x_wconf 82' lang='lat' dir='ltr'><strong>Nos</strong></span> <span class='ocrx_word' id='word_1_680' title='bbox 1177 5727 1264 5782; x_wconf 83' lang='lat' dir='ltr'><strong>hic</strong></span> <span class='ocrx_word' id='word_1_681' title='bbox 1287 5731 1600 5785; x_wconf 86' lang='lat' dir='ltr'><strong>necessaria</strong></span> <span class='ocrx_word' id='word_1_682' title='bbox 1646 5731 1829 5784; x_wconf 88' lang='lat' dir='ltr'><strong>itineri</strong></span> <span class='ocrx_word' id='word_1_683' title='bbox 1864 5746 1996 5800; x_wconf 88' lang='lat' dir='ltr'><strong>pro-</strong></span> 
     </span>
    </p>
   </div>
   <div class='ocr_carea' id='block_1_89' title="bbox 420 5807 1999 5874">
    <p class='ocr_par' dir='ltr' id='par_1_89' title="bbox 420 5807 1999 5874">
     <span class='ocr_line' id='line_1_89' title="bbox 420 5807 1999 5874; baseline 0.011 -18"><span class='ocrx_word' id='word_1_684' title='bbox 420 5807 748 5864; x_wconf 76' lang='lat' dir='ltr'><strong>videbimus.</strong></span> <span class='ocrx_word' id='word_1_685' title='bbox 807 5811 933 5866; x_wconf 89' lang='lat' dir='ltr'><strong>lude</strong></span> <span class='ocrx_word' id='word_1_686' title='bbox 978 5828 1232 5872; x_wconf 86' lang='lat' dir='ltr'><strong>reversus</strong></span> <span class='ocrx_word' id='word_1_687' title='bbox 1279 5829 1461 5874; x_wconf 85' lang='lat' dir='ltr'><strong>autem</strong></span> <span class='ocrx_word' id='word_1_688' title='bbox 1509 5819 1563 5873; x_wconf 91' lang='lat' dir='ltr'><strong>in</strong></span> <span class='ocrx_word' id='word_1_689' title='bbox 1608 5819 1841 5874; x_wconf 88' lang='lat' dir='ltr'><strong>Iberiam</strong></span> <span class='ocrx_word' id='word_1_690' title='bbox 1886 5819 1999 5874; x_wconf 83' lang='lat' dir='ltr'><strong>dis-</strong></span> 
     </span>
    </p>
   </div>
   <div class='ocr_carea' id='block_1_90' title="bbox 427 5896 1993 5982">
    <p class='ocr_par' dir='ltr' id='par_1_90' title="bbox 427 5896 1993 5982">
     <span class='ocr_line' id='line_1_90' title="bbox 427 5896 1993 5982; baseline 0.008 -35"><span class='ocrx_word' id='word_1_691' title='bbox 427 5896 604 5966; x_wconf 63' lang='lat' dir='ltr'><strong>sedes,</strong></span> <span class='ocrx_word' id='word_1_692' title='bbox 641 5910 696 5955; x_wconf 89' lang='lat' dir='ltr'><strong>ut</strong></span> <span class='ocrx_word' id='word_1_693' title='bbox 736 5903 974 5960; x_wconf 82' lang='lat' dir='ltr'><strong>adveltas</strong></span> <span class='ocrx_word' id='word_1_694' title='bbox 1015 5922 1206 5966; x_wconf 84' lang='lat' dir='ltr'><strong>recens</strong></span> <span class='ocrx_word' id='word_1_695' title='bbox 1255 5912 1387 5967; x_wconf 88' lang='lat' dir='ltr'><strong>tuibi</strong></span> <span class='ocrx_word' id='word_1_696' title='bbox 1442 5927 1708 5982; x_wconf 78' lang='lat' dir='ltr'><strong>sponsam</strong></span> <span class='ocrx_word' id='word_1_697' title='bbox 1742 5927 1993 5977; x_wconf 65' lang='lat' dir='ltr'><strong>uxorem,</strong></span> 
     </span>
    </p>
   </div>
   <div class='ocr_carea' id='block_1_91' title="bbox 2093 3409 3675 3486">
    <p class='ocr_par' dir='ltr' id='par_1_91' title="bbox 2093 3409 3675 3486">
     <span class='ocr_line' id='line_1_91' title="bbox 2093 3409 3675 3486; baseline -0.005 -17"><span class='ocrx_word' id='word_1_698' title='bbox 2093 3415 2334 3469; x_wconf 86' lang='lat' dir='ltr'><strong>futuram</strong></span> <span class='ocrx_word' id='word_1_699' title='bbox 2360 3413 2644 3470; x_wconf 87' lang='lat' dir='ltr'><strong>dominam</strong></span> <span class='ocrx_word' id='word_1_700' title='bbox 2673 3424 2876 3470; x_wconf 65' lang='lat' dir='ltr'><strong>tuam.»</strong></span> <span class='ocrx_word' id='word_1_701' title='bbox 2911 3413 2991 3469; x_wconf 88' lang='lat' dir='ltr'><strong>Ad</strong></span> <span class='ocrx_word' id='word_1_702' title='bbox 3018 3430 3140 3485; x_wconf 69' lang='lat' dir='ltr'><strong>quat</strong></span> <span class='ocrx_word' id='word_1_703' title='bbox 3157 3429 3270 3486; x_wconf 88' lang='lat' dir='ltr'><strong>ego</strong></span> <span class='ocrx_word' id='word_1_704' title='bbox 3302 3414 3378 3469; x_wconf 87' lang='lat' dir='ltr'><strong>ita</strong></span> <span class='ocrx_word' id='word_1_705' title='bbox 3403 3409 3675 3482; x_wconf 85' lang='lat' dir='ltr'><strong>respondi:</strong></span> 
     </span>
    </p>
   </div>
   <div class='ocr_carea' id='block_1_92' title="bbox 2101 3505 3677 3577">
    <p class='ocr_par' dir='ltr' id='par_1_92' title="bbox 2101 3505 3677 3577">
     <span class='ocr_line' id='line_1_92' title="bbox 2101 3505 3677 3577; baseline -0.003 -19"><span class='ocrx_word' id='word_1_706' title='bbox 2101 3505 2249 3561; x_wconf 67' lang='lat' dir='ltr'><strong>«Non</strong></span> <span class='ocrx_word' id='word_1_707' title='bbox 2280 3521 2505 3576; x_wconf 89' lang='lat' dir='ltr'><strong>possum</strong></span> <span class='ocrx_word' id='word_1_708' title='bbox 2541 3507 2806 3577; x_wconf 87' lang='lat' dir='ltr'><strong>equidem</strong></span> <span class='ocrx_word' id='word_1_709' title='bbox 2841 3506 3120 3561; x_wconf 82' lang='lat' dir='ltr'><strong>declinare</strong></span> <span class='ocrx_word' id='word_1_710' title='bbox 3151 3506 3487 3561; x_wconf 89' lang='lat' dir='ltr'><strong>mandatum</strong></span> <span class='ocrx_word' id='word_1_711' title='bbox 3518 3511 3677 3563; x_wconf 86' lang='lat' dir='ltr'><strong>tuum,</strong></span> 
     </span>
    </p>
   </div>
   <div class='ocr_carea' id='block_1_93' title="bbox 2094 3594 3676 3670">
    <p class='ocr_par' dir='ltr' id='par_1_93' title="bbox 2094 3594 3676 3670">
     <span class='ocr_line' id='line_1_93' title="bbox 2094 3594 3676 3670; baseline -0.006 -17"><span class='ocrx_word' id='word_1_712' title='bbox 2094 3606 2156 3653; x_wconf 89' lang='lat' dir='ltr'><strong>ut</strong></span> <span class='ocrx_word' id='word_1_713' title='bbox 2186 3614 2294 3652; x_wconf 94' lang='lat' dir='ltr'><strong>non</strong></span> <span class='ocrx_word' id='word_1_714' title='bbox 2326 3598 2547 3662; x_wconf 83' lang='lat' dir='ltr'><strong>faciam,</strong></span> <span class='ocrx_word' id='word_1_715' title='bbox 2579 3599 2726 3670; x_wconf 90' lang='lat' dir='ltr'><strong>quod</strong></span> <span class='ocrx_word' id='word_1_716' title='bbox 2754 3599 2948 3669; x_wconf 88' lang='lat' dir='ltr'><strong>jubcs;</strong></span> <span class='ocrx_word' id='word_1_717' title='bbox 2989 3613 3190 3653; x_wconf 89' lang='lat' dir='ltr'><strong>verum</strong></span> <span class='ocrx_word' id='word_1_718' title='bbox 3247 3594 3554 3668; x_wconf 84' lang='lat' dir='ltr'><strong>majestatis</strong></span> <span class='ocrx_word' id='word_1_719' title='bbox 3585 3601 3676 3646; x_wconf 71' lang='lat' dir='ltr'><strong>tua:</strong></span> 
     </span>
    </p>
   </div>
   <div class='ocr_carea' id='block_1_94' title="bbox 2095 3691 3675 3761">
    <p class='ocr_par' dir='ltr' id='par_1_94' title="bbox 2095 3691 3675 3761">
     <span class='ocr_line' id='line_1_94' title="bbox 2095 3691 3675 3761; baseline -0.003 -17"><span class='ocrx_word' id='word_1_720' title='bbox 2095 3700 2395 3746; x_wconf 82' lang='lat' dir='ltr'><strong>commater</strong></span> <span class='ocrx_word' id='word_1_721' title='bbox 2424 3701 2479 3746; x_wconf 82' lang='lat' dir='ltr'><strong>et</strong></span> <span class='ocrx_word' id='word_1_722' title='bbox 2514 3707 2694 3757; x_wconf 88' lang='lat' dir='ltr'><strong>serva,</strong></span> <span class='ocrx_word' id='word_1_723' title='bbox 2718 3691 2920 3761; x_wconf 84' lang='lat' dir='ltr'><strong>conqu</strong></span> <span class='ocrx_word' id='word_1_724' title='bbox 2965 3706 3110 3755; x_wconf 88' lang='lat' dir='ltr'><strong>mea,</strong></span> <span class='ocrx_word' id='word_1_725' title='bbox 3157 3705 3387 3756; x_wconf 89' lang='lat' dir='ltr'><strong>vereor,</strong></span> <span class='ocrx_word' id='word_1_726' title='bbox 3421 3703 3489 3743; x_wconf 84' lang='lat' dir='ltr'><strong>ne</strong></span> <span class='ocrx_word' id='word_1_727' title='bbox 3513 3697 3675 3754; x_wconf 82' lang='lat' dir='ltr'><strong>quau-</strong></span> 
     </span>
    </p>
   </div>
   <div class='ocr_carea' id='block_1_95' title="bbox 2096 3780 3667 3853">
    <p class='ocr_par' dir='ltr' id='par_1_95' title="bbox 2096 3780 3667 3853">
     <span class='ocr_line' id='line_1_95' title="bbox 2096 3780 3667 3853; baseline -0.002 -14"><span class='ocrx_word' id='word_1_728' title='bbox 2096 3785 2188 3847; x_wconf 90' lang='lat' dir='ltr'><strong>do,</strong></span> <span class='ocrx_word' id='word_1_729' title='bbox 2241 3794 2463 3853; x_wconf 88' lang='lat' dir='ltr'><strong>pr0pter</strong></span> <span class='ocrx_word' id='word_1_730' title='bbox 2517 3785 2771 3838; x_wconf 86' lang='lat' dir='ltr'><strong>crebram</strong></span> <span class='ocrx_word' id='word_1_731' title='bbox 2821 3783 3124 3839; x_wconf 85' lang='lat' dir='ltr'><strong>absentiam</strong></span> <span class='ocrx_word' id='word_1_732' title='bbox 3158 3799 3348 3840; x_wconf 87' lang='lat' dir='ltr'><strong>meam</strong></span> <span class='ocrx_word' id='word_1_733' title='bbox 3387 3780 3667 3849; x_wconf 76' lang='lat' dir='ltr'><strong>indignata.</strong></span> 
     </span>
    </p>
   </div>
   <div class='ocr_carea' id='block_1_96' title="bbox 2098 3865 3667 3946">
    <p class='ocr_par' dir='ltr' id='par_1_96' title="bbox 2098 3865 3667 3946">
     <span class='ocr_line' id='line_1_96' title="bbox 2098 3865 3667 3946; baseline -0.008 -16"><span class='ocrx_word' id='word_1_734' title='bbox 2098 3874 2386 3931; x_wconf 82' lang='lat' dir='ltr'><strong>mona&#39;cltis</strong></span> <span class='ocrx_word' id='word_1_735' title='bbox 2422 3892 2482 3932; x_wconf 88' lang='lat' dir='ltr'><strong>se</strong></span> <span class='ocrx_word' id='word_1_736' title='bbox 2527 3876 2787 3946; x_wconf 85' lang='lat' dir='ltr'><strong>adjungat</strong></span> <span class='ocrx_word' id='word_1_737' title='bbox 2817 3887 2912 3933; x_wconf 91' lang='lat' dir='ltr'><strong>aut</strong></span> <span class='ocrx_word' id='word_1_738' title='bbox 2952 3891 3040 3931; x_wconf 87' lang='lat' dir='ltr'><strong>me</strong></span> <span class='ocrx_word' id='word_1_739' title='bbox 3089 3877 3318 3932; x_wconf 90' lang='lat' dir='ltr'><strong>deserto</strong></span> <span class='ocrx_word' id='word_1_740' title='bbox 3375 3875 3542 3930; x_wconf 88' lang='lat' dir='ltr'><strong>nubat</strong></span> <span class='ocrx_word' id='word_1_741' title='bbox 3569 3865 3667 3922; x_wconf 87' lang='lat' dir='ltr'><strong>alii.</strong></span> 
     </span>
    </p>
   </div>
   <div class='ocr_carea' id='block_1_97' title="bbox 2098 3966 3668 4042">
    <p class='ocr_par' dir='ltr' id='par_1_97' title="bbox 2098 3966 3668 4042">
     <span class='ocr_line' id='line_1_97' title="bbox 2098 3966 3668 4042; baseline -0.005 -16"><span class='ocrx_word' id='word_1_742' title='bbox 2098 3967 2425 4042; x_wconf 66' lang='lat' dir='ltr'><strong>Nuperrinte</strong></span> <span class='ocrx_word' id='word_1_743' title='bbox 2452 3971 2600 4026; x_wconf 88' lang='lat' dir='ltr'><strong>enim</strong></span> <span class='ocrx_word' id='word_1_744' title='bbox 2627 3987 2695 4026; x_wconf 81' lang='lat' dir='ltr'><strong>ex</strong></span> <span class='ocrx_word' id='word_1_745' title='bbox 2725 3970 2900 4027; x_wconf 87' lang='lat' dir='ltr'><strong>Iberia</strong></span> <span class='ocrx_word' id='word_1_746' title='bbox 2926 3971 3084 4035; x_wconf 89' lang='lat' dir='ltr'><strong>redii,</strong></span> <span class='ocrx_word' id='word_1_747' title='bbox 3109 3986 3294 4026; x_wconf 91' lang='lat' dir='ltr'><strong>annos</strong></span> <span class='ocrx_word' id='word_1_748' title='bbox 3329 3969 3406 4024; x_wconf 90' lang='lat' dir='ltr'><strong>ibi</strong></span> <span class='ocrx_word' id='word_1_749' title='bbox 3430 3966 3538 4022; x_wconf 91' lang='lat' dir='ltr'><strong>duo</strong></span> <span class='ocrx_word' id='word_1_750' title='bbox 3566 3973 3668 4014; x_wconf 85' lang='lat' dir='ltr'><strong>m0-</strong></span> 
     </span>
    </p>
   </div>
   <div class='ocr_carea' id='block_1_98' title="bbox 2099 4062 3670 4134">
    <p class='ocr_par' dir='ltr' id='par_1_98' title="bbox 2099 4062 3670 4134">
     <span class='ocr_line' id='line_1_98' title="bbox 2099 4062 3670 4134; baseline -0.006 -15"><span class='ocrx_word' id='word_1_751' title='bbox 2099 4076 2277 4130; x_wconf 82' lang='lat' dir='ltr'><strong>ratus,</strong></span> <span class='ocrx_word' id='word_1_752' title='bbox 2341 4073 2504 4134; x_wconf 86' lang='lat' dir='ltr'><strong>atque</strong></span> <span class='ocrx_word' id='word_1_753' title='bbox 2559 4064 2603 4119; x_wconf 84' lang='lat' dir='ltr'><strong>si</strong></span> <span class='ocrx_word' id='word_1_754' title='bbox 2663 4065 2806 4118; x_wconf 91' lang='lat' dir='ltr'><strong>intra</strong></span> <span class='ocrx_word' id='word_1_755' title='bbox 2841 4077 3052 4133; x_wconf 88' lang='lat' dir='ltr'><strong>paucos</strong></span> <span class='ocrx_word' id='word_1_756' title='bbox 3080 4062 3198 4117; x_wconf 87' lang='lat' dir='ltr'><strong>dies</strong></span> <span class='ocrx_word' id='word_1_757' title='bbox 3232 4063 3436 4118; x_wconf 88' lang='lat' dir='ltr'><strong>iterum</strong></span> <span class='ocrx_word' id='word_1_758' title='bbox 3468 4063 3670 4126; x_wconf 80' lang='lat' dir='ltr'><strong>peregre</strong></span> 
     </span>
    </p>
   </div>
   <div class='ocr_carea' id='block_1_99' title="bbox 2101 4140 3664 4228">
    <p class='ocr_par' dir='ltr' id='par_1_99' title="bbox 2101 4140 3664 4228">
     <span class='ocr_line' id='line_1_99' title="bbox 2101 4140 3664 4228; baseline -0.013 -14"><span class='ocrx_word' id='word_1_759' title='bbox 2101 4159 2312 4223; x_wconf 90' lang='lat' dir='ltr'><strong>abiero,</strong></span> <span class='ocrx_word' id='word_1_760' title='bbox 2344 4174 2568 4214; x_wconf 89' lang='lat' dir='ltr'><strong>causam</strong></span> <span class='ocrx_word' id='word_1_761' title='bbox 2592 4158 2844 4212; x_wconf 88' lang='lat' dir='ltr'><strong>idoneam</strong></span> <span class='ocrx_word' id='word_1_762' title='bbox 2864 4167 2920 4211; x_wconf 89' lang='lat' dir='ltr'><strong>et</strong></span> <span class='ocrx_word' id='word_1_763' title='bbox 2937 4157 3146 4228; x_wconf 90' lang='lat' dir='ltr'><strong>justam</strong></span> <span class='ocrx_word' id='word_1_764' title='bbox 3179 4140 3664 4211; x_wconf 83' lang='lat' dir='ltr'><strong>invenietfaciendi</strong></span> 
     </span>
    </p>
   </div>
   <div class='ocr_carea' id='block_1_100' title="bbox 2100 4245 3662 4319">
    <p class='ocr_par' dir='ltr' id='par_1_100' title="bbox 2100 4245 3662 4319">
     <span class='ocr_line' id='line_1_100' title="bbox 2100 4245 3662 4319; baseline -0.012 -13"><span class='ocrx_word' id='word_1_765' title='bbox 2100 4253 2330 4306; x_wconf 81' lang='lat' dir='ltr'><strong>alterum</strong></span> <span class='ocrx_word' id='word_1_766' title='bbox 2363 4251 2582 4312; x_wconf 88' lang='lat' dir='ltr'><strong>horum,</strong></span> <span class='ocrx_word' id='word_1_767' title='bbox 2623 4263 2746 4319; x_wconf 69' lang='lat' dir='ltr'><strong>qua:</strong></span> <span class='ocrx_word' id='word_1_768' title='bbox 2771 4247 2906 4302; x_wconf 78' lang='lat' dir='ltr'><strong>dixi.</strong></span> <span class='ocrx_word' id='word_1_769' title='bbox 2934 4265 2954 4299; x_wconf 72' lang='grc' dir='ltr'><strong>ι</strong></span> <span class='ocrx_word' id='word_1_770' title='bbox 2997 4245 3308 4302; x_wconf 85' lang='lat' dir='ltr'><strong>Subridens</strong></span> <span class='ocrx_word' id='word_1_771' title='bbox 3341 4245 3662 4312; x_wconf 84' lang='lat' dir='ltr'><strong>imperator:</strong></span> 
     </span>
    </p>
   </div>
   <div class='ocr_carea' id='block_1_101' title="bbox 2109 4329 3664 4412">
    <p class='ocr_par' dir='ltr' id='par_1_101' title="bbox 2109 4329 3664 4412">
     <span class='ocr_line' id='line_1_101' title="bbox 2109 4329 3664 4412; baseline -0.01 -18"><span class='ocrx_word' id='word_1_772' title='bbox 2109 4361 2127 4394; x_wconf 77' lang='grc' dir='ltr'><strong>ι</strong></span> <span class='ocrx_word' id='word_1_773' title='bbox 2152 4343 2222 4396; x_wconf 88' lang='lat' dir='ltr'><strong>At</strong></span> <span class='ocrx_word' id='word_1_774' title='bbox 2241 4353 2318 4405; x_wconf 89' lang='lat' dir='ltr'><strong>tu,</strong></span> <span class='ocrx_word' id='word_1_775' title='bbox 2341 4343 2540 4412; x_wconf 84' lang='lat' dir='ltr'><strong>inquit,</strong></span> <span class='ocrx_word' id='word_1_776' title='bbox 2563 4342 2649 4396; x_wconf 76' lang='lat' dir='ltr'><strong>[ac</strong></span> <span class='ocrx_word' id='word_1_777' title='bbox 2663 4348 2720 4395; x_wconf 93' lang='lat' dir='ltr'><strong>ut</strong></span> <span class='ocrx_word' id='word_1_778' title='bbox 2745 4355 2908 4397; x_wconf 87' lang='lat' dir='ltr'><strong>unum</strong></span> <span class='ocrx_word' id='word_1_779' title='bbox 2932 4339 3036 4394; x_wconf 89' lang='lat' dir='ltr'><strong>hoc</strong></span> <span class='ocrx_word' id='word_1_780' title='bbox 3061 4339 3168 4394; x_wconf 88' lang='lat' dir='ltr'><strong>iter</strong></span> <span class='ocrx_word' id='word_1_781' title='bbox 3186 4339 3482 4394; x_wconf 88' lang='lat' dir='ltr'><strong>etiamnum</strong></span> <span class='ocrx_word' id='word_1_782' title='bbox 3505 4329 3664 4384; x_wconf 80' lang='lat' dir='ltr'><strong>facere</strong></span> 
     </span>
    </p>
   </div>
   <div class='ocr_carea' id='block_1_102' title="bbox 2104 4424 3663 4503">
    <p class='ocr_par' dir='ltr' id='par_1_102' title="bbox 2104 4424 3663 4503">
     <span class='ocr_line' id='line_1_102' title="bbox 2104 4424 3663 4503; baseline -0.012 -14"><span class='ocrx_word' id='word_1_783' title='bbox 2104 4435 2200 4489; x_wconf 86' lang='lat' dir='ltr'><strong>tibi</strong></span> <span class='ocrx_word' id='word_1_784' title='bbox 2242 4437 2540 4503; x_wconf 64' lang='lat' dir='ltr'><strong>permittat,</strong></span> <span class='ocrx_word' id='word_1_785' title='bbox 2585 4448 2647 4487; x_wconf 86' lang='lat' dir='ltr'><strong>ac</strong></span> <span class='ocrx_word' id='word_1_786' title='bbox 2671 4434 2792 4503; x_wconf 84' lang='lat' dir='ltr'><strong>jure</strong></span> <span class='ocrx_word' id='word_1_787' title='bbox 2820 4432 3062 4502; x_wconf 85' lang='lat' dir='ltr'><strong>jurandu</strong></span> <span class='ocrx_word' id='word_1_788' title='bbox 3099 4430 3198 4486; x_wconf 87' lang='lat' dir='ltr'><strong>tibi</strong></span> <span class='ocrx_word' id='word_1_789' title='bbox 3238 4427 3505 4500; x_wconf 86' lang='lat' dir='ltr'><strong>spondeo,</strong></span> <span class='ocrx_word' id='word_1_790' title='bbox 3532 4424 3663 4492; x_wconf 89' lang='lat' dir='ltr'><strong>post-</strong></span> 
     </span>
    </p>
   </div>
   <div class='ocr_carea' id='block_1_103' title="bbox 2104 4507 3658 4603">
    <p class='ocr_par' dir='ltr' id='par_1_103' title="bbox 2104 4507 3658 4603">
     <span class='ocr_line' id='line_1_103' title="bbox 2104 4507 3658 4603; baseline -0.008 -25"><span class='ocrx_word' id='word_1_791' title='bbox 2104 4524 2206 4578; x_wconf 88' lang='lat' dir='ltr'><strong>hac</strong></span> <span class='ocrx_word' id='word_1_792' title='bbox 2235 4541 2319 4578; x_wconf 89' lang='lat' dir='ltr'><strong>me</strong></span> <span class='ocrx_word' id='word_1_793' title='bbox 2347 4539 2454 4578; x_wconf 92' lang='lat' dir='ltr'><strong>non</strong></span> <span class='ocrx_word' id='word_1_794' title='bbox 2484 4523 2598 4592; x_wconf 87' lang='lat' dir='ltr'><strong>jam</strong></span> <span class='ocrx_word' id='word_1_795' title='bbox 2632 4531 2950 4579; x_wconf 86' lang='lat' dir='ltr'><strong>crcaturum</strong></span> <span class='ocrx_word' id='word_1_796' title='bbox 2988 4522 3088 4576; x_wconf 88' lang='lat' dir='ltr'><strong>tibi</strong></span> <span class='ocrx_word' id='word_1_797' title='bbox 3120 4521 3431 4577; x_wconf 83' lang='lat' dir='ltr'><strong>molestiam</strong></span> <span class='ocrx_word' id='word_1_798' title='bbox 3464 4507 3658 4603; x_wconf 78' lang='lat' dir='ltr'><strong>itineris</strong></span> 
     </span>
    </p>
   </div>
   <div class='ocr_carea' id='block_1_104' title="bbox 2102 4606 3660 4687">
    <p class='ocr_par' dir='ltr' id='par_1_104' title="bbox 2102 4606 3660 4687">
     <span class='ocr_line' id='line_1_104' title="bbox 2102 4606 3660 4687; baseline -0.011 -16"><span class='ocrx_word' id='word_1_799' title='bbox 2102 4625 2255 4671; x_wconf 84' lang='lat' dir='ltr'><strong>extra</strong></span> <span class='ocrx_word' id='word_1_800' title='bbox 2285 4616 2518 4687; x_wconf 86' lang='lat' dir='ltr'><strong>patriam</strong></span> <span class='ocrx_word' id='word_1_801' title='bbox 2554 4615 2815 4672; x_wconf 78' lang='lat' dir='ltr'><strong>faciendi.</strong></span> <span class='ocrx_word' id='word_1_802' title='bbox 2847 4613 2970 4671; x_wconf 89' lang='lat' dir='ltr'><strong>Scis</strong></span> <span class='ocrx_word' id='word_1_803' title='bbox 2998 4623 3206 4680; x_wconf 89' lang='lat' dir='ltr'><strong>autem,</strong></span> <span class='ocrx_word' id='word_1_804' title='bbox 3237 4628 3361 4685; x_wconf 74' lang='lat' dir='ltr'><strong>qua:</strong></span> <span class='ocrx_word' id='word_1_805' title='bbox 3394 4609 3487 4665; x_wconf 91' lang='lat' dir='ltr'><strong>tibi</strong></span> <span class='ocrx_word' id='word_1_806' title='bbox 3513 4606 3660 4661; x_wconf 84' lang='lat' dir='ltr'><strong>bene-</strong></span> 
     </span>
    </p>
   </div>
   <div class='ocr_carea' id='block_1_105' title="bbox 2105 4691 3654 4780">
    <p class='ocr_par' dir='ltr' id='par_1_105' title="bbox 2105 4691 3654 4780">
     <span class='ocr_line' id='line_1_105' title="bbox 2105 4691 3654 4780; baseline -0.005 -17"><span class='ocrx_word' id='word_1_807' title='bbox 2105 4709 2227 4764; x_wconf 83' lang='lat' dir='ltr'><strong>ﬁcia</strong></span> <span class='ocrx_word' id='word_1_808' title='bbox 2248 4710 2621 4779; x_wconf 83' lang='lat' dir='ltr'><strong>promiserim,</strong></span> <span class='ocrx_word' id='word_1_809' title='bbox 2639 4709 2928 4780; x_wconf 72' lang='lat' dir='ltr'><strong>quaeinter</strong></span> <span class='ocrx_word' id='word_1_810' title='bbox 2945 4723 3046 4764; x_wconf 90' lang='lat' dir='ltr'><strong>nos</strong></span> <span class='ocrx_word' id='word_1_811' title='bbox 3068 4708 3236 4764; x_wconf 91' lang='lat' dir='ltr'><strong>locuti</strong></span> <span class='ocrx_word' id='word_1_812' title='bbox 3270 4709 3443 4764; x_wconf 87' lang='lat' dir='ltr'><strong>simus</strong></span> <span class='ocrx_word' id='word_1_813' title='bbox 3471 4710 3521 4756; x_wconf 85' lang='lat' dir='ltr'><strong>et</strong></span> <span class='ocrx_word' id='word_1_814' title='bbox 3541 4691 3654 4766; x_wconf 78' lang='lat' dir='ltr'><strong>quid</strong></span> 
     </span>
    </p>
   </div>
   <div class='ocr_carea' id='block_1_106' title="bbox 2102 4795 3655 4873">
    <p class='ocr_par' dir='ltr' id='par_1_106' title="bbox 2102 4795 3655 4873">
     <span class='ocr_line' id='line_1_106' title="bbox 2102 4795 3655 4873; baseline -0.008 -18"><span class='ocrx_word' id='word_1_815' title='bbox 2102 4799 2286 4856; x_wconf 81' lang='lat' dir='ltr'><strong>facere</strong></span> <span class='ocrx_word' id='word_1_816' title='bbox 2307 4803 2637 4871; x_wconf 83' lang='lat' dir='ltr'><strong>cogitemus,</strong></span> <span class='ocrx_word' id='word_1_817' title='bbox 2671 4811 2836 4870; x_wconf 89' lang='lat' dir='ltr'><strong>atque</strong></span> <span class='ocrx_word' id='word_1_818' title='bbox 2877 4802 2981 4857; x_wconf 87' lang='lat' dir='ltr'><strong>hoc</strong></span> <span class='ocrx_word' id='word_1_819' title='bbox 3013 4803 3235 4873; x_wconf 88' lang='lat' dir='ltr'><strong>quidem</strong></span> <span class='ocrx_word' id='word_1_820' title='bbox 3263 4801 3424 4855; x_wconf 88' lang='lat' dir='ltr'><strong>etiam</strong></span> <span class='ocrx_word' id='word_1_821' title='bbox 3447 4795 3555 4848; x_wconf 91' lang='lat' dir='ltr'><strong>sine</strong></span> <span class='ocrx_word' id='word_1_822' title='bbox 3575 4801 3655 4842; x_wconf 80' lang='lat' dir='ltr'><strong>sa-</strong></span> 
     </span>
    </p>
   </div>
   <div class='ocr_carea' id='block_1_107' title="bbox 2104 4883 3649 4964">
    <p class='ocr_par' dir='ltr' id='par_1_107' title="bbox 2104 4883 3649 4964">
     <span class='ocr_line' id='line_1_107' title="bbox 2104 4883 3649 4964; baseline -0.012 -16"><span class='ocrx_word' id='word_1_823' title='bbox 2104 4895 2377 4951; x_wconf 80' lang='lat' dir='ltr'><strong>cramenti</strong></span> <span class='ocrx_word' id='word_1_824' title='bbox 2405 4895 2669 4964; x_wconf 78' lang='lat' dir='ltr'><strong>religione</strong></span> <span class='ocrx_word' id='word_1_825' title='bbox 2691 4903 2902 4950; x_wconf 87' lang='lat' dir='ltr'><strong>certum</strong></span> <span class='ocrx_word' id='word_1_826' title='bbox 2932 4904 3033 4959; x_wconf 88' lang='lat' dir='ltr'><strong>est,</strong></span> <span class='ocrx_word' id='word_1_827' title='bbox 3076 4893 3377 4964; x_wconf 79' lang='lat' dir='ltr'><strong>legationes</strong></span> <span class='ocrx_word' id='word_1_828' title='bbox 3404 4895 3457 4942; x_wconf 90' lang='lat' dir='ltr'><strong>et</strong></span> <span class='ocrx_word' id='word_1_829' title='bbox 3479 4883 3649 4939; x_wconf 84' lang='lat' dir='ltr'><strong>itinera</strong></span> 
     </span>
    </p>
   </div>
   <div class='ocr_carea' id='block_1_108' title="bbox 2105 4969 3650 5055">
    <p class='ocr_par' dir='ltr' id='par_1_108' title="bbox 2105 4969 3650 5055">
     <span class='ocr_line' id='line_1_108' title="bbox 2105 4969 3650 5055; baseline -0.014 -14"><span class='ocrx_word' id='word_1_830' title='bbox 2105 4995 2199 5041; x_wconf 90' lang='lat' dir='ltr'><strong>tua</strong></span> <span class='ocrx_word' id='word_1_831' title='bbox 2250 4989 2413 5040; x_wconf 86' lang='lat' dir='ltr'><strong>tinem</strong></span> <span class='ocrx_word' id='word_1_832' title='bbox 2455 4985 2707 5043; x_wconf 84' lang='lat' dir='ltr'><strong>habitura</strong></span> <span class='ocrx_word' id='word_1_833' title='bbox 2740 5001 2884 5041; x_wconf 89' lang='lat' dir='ltr'><strong>esse.</strong></span> <span class='ocrx_word' id='word_1_834' title='bbox 2923 4985 3256 5055; x_wconf 80' lang='lat' dir='ltr'><strong>Signiﬁcabo</strong></span> <span class='ocrx_word' id='word_1_835' title='bbox 3298 4990 3473 5037; x_wconf 85' lang='lat' dir='ltr'><strong>autem</strong></span> <span class='ocrx_word' id='word_1_836' title='bbox 3503 4969 3650 5026; x_wconf 83' lang='lat' dir='ltr'><strong>Nota-</strong></span> 
     </span>
    </p>
   </div>
   <div class='ocr_carea' id='block_1_109' title="bbox 2105 5066 3650 5158">
    <p class='ocr_par' dir='ltr' id='par_1_109' title="bbox 2105 5066 3650 5158">
     <span class='ocr_line' id='line_1_109' title="bbox 2105 5066 3650 5158; baseline -0.003 -26"><span class='ocrx_word' id='word_1_837' title='bbox 2105 5095 2198 5142; x_wconf 69' lang='grc' dir='ltr'>ηε,</span> <span class='ocrx_word' id='word_1_838' title='bbox 2230 5094 2429 5149; x_wconf 82' lang='lat' dir='ltr'><strong>magno</strong></span> <span class='ocrx_word' id='word_1_839' title='bbox 2453 5079 2600 5146; x_wconf 90' lang='lat' dir='ltr'><strong>duci,</strong></span> <span class='ocrx_word' id='word_1_840' title='bbox 2638 5093 2765 5132; x_wconf 89' lang='lat' dir='ltr'><strong>cum</strong></span> <span class='ocrx_word' id='word_1_841' title='bbox 2822 5078 3007 5148; x_wconf 83' lang='lat' dir='ltr'><strong>magni</strong></span> <span class='ocrx_word' id='word_1_842' title='bbox 3045 5076 3200 5132; x_wconf 87' lang='lat' dir='ltr'><strong>ducis</strong></span> <span class='ocrx_word' id='word_1_843' title='bbox 3234 5085 3456 5130; x_wconf 81' lang='lat' dir='ltr'><strong>munere</strong></span> <span class='ocrx_word' id='word_1_844' title='bbox 3481 5066 3650 5158; x_wconf 61' lang='lat' dir='ltr'><strong>funﬂf“</strong></span> 
     </span>
    </p>
   </div>
   <div class='ocr_carea' id='block_1_110' title="bbox 2105 5161 3645 5243">
    <p class='ocr_par' dir='ltr' id='par_1_110' title="bbox 2105 5161 3645 5243">
     <span class='ocr_line' id='line_1_110' title="bbox 2105 5161 3645 5243; baseline -0.014 -14"><span class='ocrx_word' id='word_1_845' title='bbox 2105 5183 2212 5237; x_wconf 87' lang='lat' dir='ltr'><strong>tur,</strong></span> <span class='ocrx_word' id='word_1_846' title='bbox 2244 5188 2354 5228; x_wconf 91' lang='lat' dir='ltr'><strong>non</strong></span> <span class='ocrx_word' id='word_1_847' title='bbox 2385 5187 2546 5242; x_wconf 89' lang='lat' dir='ltr'><strong>posse</strong></span> <span class='ocrx_word' id='word_1_848' title='bbox 2584 5185 2711 5228; x_wconf 90' lang='lat' dir='ltr'><strong>eum</strong></span> <span class='ocrx_word' id='word_1_849' title='bbox 2739 5186 2973 5241; x_wconf 69' lang='lat' dir='ltr'><strong>praeesse</strong></span> <span class='ocrx_word' id='word_1_850' title='bbox 3001 5170 3167 5226; x_wconf 85' lang='lat' dir='ltr'><strong>etiam</strong></span> <span class='ocrx_word' id='word_1_851' title='bbox 3217 5161 3645 5243; x_wconf 77' lang='lat' dir='ltr'><strong>administramus</strong></span> 
     </span>
    </p>
   </div>
   <div class='ocr_carea' id='block_1_111' title="bbox 2101 5255 3642 5336">
    <p class='ocr_par' dir='ltr' id='par_1_111' title="bbox 2101 5255 3642 5336">
     <span class='ocr_line' id='line_1_111' title="bbox 2101 5255 3642 5336; baseline -0.017 -16"><span class='ocrx_word' id='word_1_852' title='bbox 2101 5266 2299 5322; x_wconf 85' lang='lat' dir='ltr'><strong>oIIicio.</strong></span> <span class='ocrx_word' id='word_1_853' title='bbox 2355 5269 2536 5336; x_wconf 85' lang='lat' dir='ltr'><strong>Atque</strong></span> <span class='ocrx_word' id='word_1_854' title='bbox 2583 5265 2691 5326; x_wconf 83' lang='lat' dir='ltr'><strong>hoc</strong></span> <span class='ocrx_word' id='word_1_855' title='bbox 2753 5264 2902 5327; x_wconf 90' lang='lat' dir='ltr'><strong>dico,</strong></span> <span class='ocrx_word' id='word_1_856' title='bbox 2931 5271 2992 5318; x_wconf 91' lang='lat' dir='ltr'><strong>ut</strong></span> <span class='ocrx_word' id='word_1_857' title='bbox 3023 5272 3075 5318; x_wconf 92' lang='lat' dir='ltr'><strong>te</strong></span> <span class='ocrx_word' id='word_1_858' title='bbox 3119 5276 3186 5317; x_wconf 93' lang='lat' dir='ltr'><strong>eo</strong></span> <span class='ocrx_word' id='word_1_859' title='bbox 3214 5270 3432 5315; x_wconf 88' lang='lat' dir='ltr'><strong>munere</strong></span> <span class='ocrx_word' id='word_1_860' title='bbox 3459 5255 3642 5304; x_wconf 88' lang='lat' dir='ltr'><strong>ornem.</strong></span> 
     </span>
    </p>
   </div>
   <div class='ocr_carea' id='block_1_112' title="bbox 2100 5341 3632 5428">
    <p class='ocr_par' dir='ltr' id='par_1_112' title="bbox 2100 5341 3632 5428">
     <span class='ocr_line' id='line_1_112' title="bbox 2100 5341 3632 5428; baseline -0.016 -17"><span class='ocrx_word' id='word_1_861' title='bbox 2100 5355 2289 5428; x_wconf 85' lang='lat' dir='ltr'><strong>Neque</strong></span> <span class='ocrx_word' id='word_1_862' title='bbox 2320 5366 2501 5413; x_wconf 86' lang='lat' dir='ltr'><strong>tamen</strong></span> <span class='ocrx_word' id='word_1_863' title='bbox 2533 5357 2708 5421; x_wconf 88' lang='lat' dir='ltr'><strong>decet,</strong></span> <span class='ocrx_word' id='word_1_864' title='bbox 2730 5355 2966 5427; x_wconf 87' lang='lat' dir='ltr'><strong>spoliare</strong></span> <span class='ocrx_word' id='word_1_865' title='bbox 2991 5369 3076 5408; x_wconf 89' lang='lat' dir='ltr'><strong>me</strong></span> <span class='ocrx_word' id='word_1_866' title='bbox 3099 5369 3223 5407; x_wconf 88' lang='lat' dir='ltr'><strong>eum</strong></span> <span class='ocrx_word' id='word_1_867' title='bbox 3254 5353 3352 5405; x_wconf 88' lang='lat' dir='ltr'><strong>ista</strong></span> <span class='ocrx_word' id='word_1_868' title='bbox 3373 5341 3632 5413; x_wconf 80' lang='lat' dir='ltr'><strong>dignitate.</strong></span> 
     </span>
    </p>
   </div>
   <div class='ocr_carea' id='block_1_113' title="bbox 2102 5435 3640 5530">
    <p class='ocr_par' dir='ltr' id='par_1_113' title="bbox 2102 5435 3640 5530">
     <span class='ocr_line' id='line_1_113' title="bbox 2102 5435 3640 5530; baseline -0.013 -26"><span class='ocrx_word' id='word_1_869' title='bbox 2102 5450 2469 5505; x_wconf 84' lang='lat' dir='ltr'><strong>Contemnere</strong></span> <span class='ocrx_word' id='word_1_870' title='bbox 2491 5450 2639 5504; x_wconf 88' lang='lat' dir='ltr'><strong>enim</strong></span> <span class='ocrx_word' id='word_1_871' title='bbox 2671 5464 2798 5503; x_wconf 87' lang='lat' dir='ltr'><strong>eum</strong></span> <span class='ocrx_word' id='word_1_872' title='bbox 2831 5448 3138 5511; x_wconf 82' lang='lat' dir='ltr'><strong>videamur,</strong></span> <span class='ocrx_word' id='word_1_873' title='bbox 3166 5444 3268 5501; x_wconf 90' lang='lat' dir='ltr'><strong>nisi</strong></span> <span class='ocrx_word' id='word_1_874' title='bbox 3293 5435 3640 5530; x_wconf 40' lang='lat' dir='ltr'><strong>exspectent“?</strong></span> 
     </span>
    </p>
   </div>
   <div class='ocr_carea' id='block_1_114' title="bbox 2102 5525 3639 5614">
    <p class='ocr_par' dir='ltr' id='par_1_114' title="bbox 2102 5525 3639 5614">
     <span class='ocr_line' id='line_1_114' title="bbox 2102 5525 3639 5614; baseline -0.007 -18"><span class='ocrx_word' id='word_1_875' title='bbox 2102 5542 2504 5612; x_wconf 84' lang='lat' dir='ltr'><strong>aliquantisper</strong></span> <span class='ocrx_word' id='word_1_876' title='bbox 2529 5549 2583 5596; x_wconf 91' lang='lat' dir='ltr'><strong>et</strong></span> <span class='ocrx_word' id='word_1_877' title='bbox 2606 5541 2829 5595; x_wconf 87' lang='lat' dir='ltr'><strong>modum</strong></span> <span class='ocrx_word' id='word_1_878' title='bbox 2864 5541 3273 5610; x_wconf 80' lang='lat' dir='ltr'><strong>echgitemus,</strong></span> <span class='ocrx_word' id='word_1_879' title='bbox 3291 5548 3395 5602; x_wconf 89' lang='lat' dir='ltr'><strong>quo</strong></span> <span class='ocrx_word' id='word_1_880' title='bbox 3416 5525 3639 5614; x_wconf 46' lang='lat' dir='ltr'><strong>catuli“:e</strong></span> 
     </span>
    </p>
   </div>
   <div class='ocr_carea' id='block_1_115' title="bbox 2102 5620 3638 5714">
    <p class='ocr_par' dir='ltr' id='par_1_115' title="bbox 2102 5620 3638 5714">
     <span class='ocr_line' id='line_1_115' title="bbox 2102 5620 3638 5714; baseline -0.013 -24"><span class='ocrx_word' id='word_1_881' title='bbox 2102 5650 2200 5690; x_wconf 91' lang='lat' dir='ltr'><strong>sua</strong></span> <span class='ocrx_word' id='word_1_882' title='bbox 2233 5646 2429 5704; x_wconf 89' lang='lat' dir='ltr'><strong>sponte</strong></span> <span class='ocrx_word' id='word_1_883' title='bbox 2460 5633 2720 5703; x_wconf 89' lang='lat' dir='ltr'><strong>deponat.</strong></span> <span class='ocrx_word' id='word_1_884' title='bbox 2745 5633 3044 5687; x_wconf 88' lang='lat' dir='ltr'><strong>Enimvero</strong></span> <span class='ocrx_word' id='word_1_885' title='bbox 3075 5630 3293 5686; x_wconf 85' lang='lat' dir='ltr'><strong>habebit</strong></span> <span class='ocrx_word' id='word_1_886' title='bbox 3329 5620 3638 5714; x_wconf 40' lang='lat' dir='ltr'><strong>rursus.</strong></span> 
     </span>
    </p>
   </div>
   <div class='ocr_carea' id='block_1_116' title="bbox 2101 5705 3631 5796">
    <p class='ocr_par' dir='ltr' id='par_1_116' title="bbox 2101 5705 3631 5796">
     <span class='ocr_line' id='line_1_116' title="bbox 2101 5705 3631 5796; baseline -0.022 -11"><span class='ocrx_word' id='word_1_887' title='bbox 2101 5746 2220 5785; x_wconf 86' lang='lat' dir='ltr'><strong>mas</strong></span> <span class='ocrx_word' id='word_1_888' title='bbox 2269 5729 2322 5782; x_wconf 92' lang='lat' dir='ltr'><strong>in</strong></span> <span class='ocrx_word' id='word_1_889' title='bbox 2387 5727 2642 5793; x_wconf 89' lang='lat' dir='ltr'><strong>consilio,</strong></span> <span class='ocrx_word' id='word_1_890' title='bbox 2694 5735 2750 5780; x_wconf 90' lang='lat' dir='ltr'><strong>et</strong></span> <span class='ocrx_word' id='word_1_891' title='bbox 2799 5725 3022 5779; x_wconf 85' lang='lat' dir='ltr'><strong>aliunde</strong></span> <span class='ocrx_word' id='word_1_892' title='bbox 3057 5720 3282 5792; x_wconf 83' lang='lat' dir='ltr'><strong>aliquod</strong></span> <span class='ocrx_word' id='word_1_893' title='bbox 3311 5705 3631 5796; x_wconf 58' lang='lat' dir='ltr'><strong>stipendium.</strong></span> 
     </span>
    </p>
   </div>
   <div class='ocr_carea' id='block_1_117' title="bbox 2101 5800 3644 5890">
    <p class='ocr_par' dir='ltr' id='par_1_117' title="bbox 2101 5800 3644 5890">
     <span class='ocr_line' id='line_1_117' title="bbox 2101 5800 3644 5890; baseline -0.022 -16"><span class='ocrx_word' id='word_1_894' title='bbox 2101 5818 2543 5890; x_wconf 79' lang='lat' dir='ltr'><strong>quandoquidem</strong></span> <span class='ocrx_word' id='word_1_895' title='bbox 2585 5833 2670 5872; x_wconf 87' lang='lat' dir='ltr'><strong>me</strong></span> <span class='ocrx_word' id='word_1_896' title='bbox 2718 5831 2935 5887; x_wconf 90' lang='lat' dir='ltr'><strong>quoque</strong></span> <span class='ocrx_word' id='word_1_897' title='bbox 2962 5815 3102 5871; x_wconf 84' lang='lat' dir='ltr'><strong>duos</strong></span> <span class='ocrx_word' id='word_1_898' title='bbox 3123 5831 3153 5870; x_wconf 85' lang='lat' dir='ltr'><strong>e</strong></span> <span class='ocrx_word' id='word_1_899' title='bbox 3182 5808 3464 5870; x_wconf 84' lang='lat' dir='ltr'><strong>nobilitate</strong></span> <span class='ocrx_word' id='word_1_900' title='bbox 3489 5800 3644 5850; x_wconf 67' lang='lat' dir='ltr'><strong>conet-</strong></span> 
     </span>
    </p>
   </div>
   <div class='ocr_carea' id='block_1_118' title="bbox 2102 5891 3632 5983">
    <p class='ocr_par' dir='ltr' id='par_1_118' title="bbox 2102 5891 3632 5983">
     <span class='ocr_line' id='line_1_118' title="bbox 2102 5891 3632 5983; baseline -0.007 -17"><span class='ocrx_word' id='word_1_901' title='bbox 2102 5911 2314 5978; x_wconf 87' lang='lat' dir='ltr'><strong>liarios,</strong></span> <span class='ocrx_word' id='word_1_902' title='bbox 2357 5910 2548 5983; x_wconf 85' lang='lat' dir='ltr'><strong>quales</strong></span> <span class='ocrx_word' id='word_1_903' title='bbox 2631 5910 2823 5967; x_wconf 82' lang='lat' dir='ltr'><strong>habuit</strong></span> <span class='ocrx_word' id='word_1_904' title='bbox 2892 5909 3215 5978; x_wconf 77' lang='lat' dir='ltr'><strong>imperator,</strong></span> <span class='ocrx_word' id='word_1_905' title='bbox 3279 5901 3443 5961; x_wconf 68' lang='lat' dir='ltr'><strong>frater</strong></span> <span class='ocrx_word' id='word_1_906' title='bbox 3483 5891 3632 5956; x_wconf 58' lang='grc' dir='ltr'><strong>ωθων</strong></span> 
     </span>
    </p>
   </div>
  </div>
