3964 6434
293 439 404 508 825
1339 440 1780 504 CHRONICUN
1816 440 1897 499 Ml

2000 436 2180 500 IS.—
2215 442 2355 504 LIB.
2397 443 2517 507 ΙΙῘ.
3439 445 3542 507 8‘26

294 556 388 614 καὶ
417 524 678 628 πράττειν
701 556 996 625 ἀναγκαῖα,
1044 555 1287 620 δουλείας
1340 575 1398 610 τε
1433 560 1529 612 καὶ
1581 556 1860 616 ὑποθέσεις
1891 555 1937 612 Α
1966 556 2234 623 πέμπτον.
2264 559 2374 611 Καὶ
2392 553 2511 610 εἶπέ
2549 574 2642 627 μοι
2669 558 2797 626 περὶ
2837 557 3028 611 τούτου
3063 556 3227 610 πάλιν
3251 571 3267 588 ο
3330 574 3349 607 t
3397 555 3543 608 Ἀλλ’

293 652 394 721 τῆς
419 651 713 720 βασιλείας.
754 669 774 704 ι
810 650 972 720 225
1006 651 1115 703 Καὶ
1139 650 1310 712 οὕτως
1345 650 1588 720 ἐμηνύθη
1640 653 1666 704 ἐ
1696 651 1872 717 μέγας
1974 647 2208 716 ὑποψίαν
2242 647 2350 717 ἔχω
2382 648 2464 701 ὅτι
2501 648 2594 701 ἐὰν
2631 647 2818 717 ἕτερόν
2871 665 2992 701 τινα
3042 647 3216 717 πάρεξ
3265 645 3358 698 σοῦ
3415 646 3547 696 ἁπο-

297 742 421 808 δοὺξ
441 742 528 796 διὰ
547 742 641 794 τοῦ
666 741 800 810 ἐμοῦ
827 742 921 794 καὶ
963 741 1128 794 αὐτοῦ
1163 742 1469 807 συντέκνου,
1515 742 1610 794 τοῦ
1659 743 1871 810 ίερομοο

1974 741 2188 806 στείλω,
2216 743 2274 794 οὐ
2309 741 2538 810 φυλάξει
2575 759 2666 810 μοι
2699 742 2799 811 τὴν
2836 741 3148 810 τρέπουσαν
3175 737 3388 791 εὔνοιαν
3448 738 3544 790 καὶ

298 837 461 905 νάχου
487 833 581 887 καὶ
604 832 974 903 πνευματικοῦ
1009 833 1210 901 πατρὸς
1240 833 1518 901 Νεοφύτου
1553 833 1645 886 τοῦ
1702 836 1760 886 ἐν
1803 834 1870 902 τῇ
1975 833 2175 898 πίστιν,
2216 834 2290 904 μή
2334 851 2444 894 πως
2483 835 2838 904 ἀπατήσωσιν
2863 831 3020 884 αὑτὸν
3054 834 3100 884 οἱ
3135 829 3390 882 δεσπόται
3453 827 3547 880 καὶ

299 929 394 981 τοῦ
425 927 791 998 Χαρσιανίτου
823 927 978 996 μονῇ.
1003 926 1112 978 Καὶ
1144 926 1381 989 ἀκούσας
1409 930 1434 978 ὁ
1461 927 1711 996 Νοταρᾶς
1746 927 1874 996 περὶ
1976 924 2192 992 ἀδελφοί
2218 941 2344 994 μου,
2365 925 2723 994 ὑποσχόμενοι
2746 923 2919 992 τούτῳ
2945 923 3034 974 διὰ
3074 921 3248 990 τούτῳ
3300 921 3388 973 διὰ
3412 937 3549 988 χρυ-

299 1018 455 1073 τοῦδε
471 1017 564 1070 τοῦ
584 1016 838 1085 ὀφφικίου
864 1014 1102 1084 ἔστερξε,
1119 1014 1255 1085 πλὴν
1277 1015 1580 1086 ἑκουσίωςῆ
1602 1017 1873 1079 ἀκουσίως

303 1108 404 1161 οὐκ
434 1102 553 1160 οἴδα
572 1119 586 1132 '
613 1104 705 1158 καὶ
730 1103 928 1172 μᾶλλον
949 1103 1220 1155 ἐδείκνυεν
1249 1105 1330 1156 ὃτι
1357 1104 1451 1156 καὶ
1469 1106 1597 1174 πρὶν
1621 1105 1653 1173 ἢ
1677 1105 1772 1156 τοῦ
1799 1105 1878 1154 εἰ-

306 1204 429 1254 πεῖν
455 1199 604 1269 αὐτῷ
635 1197 762 1268 περὶ
782 1195 970 1249 τούτου
1005 1197 1277 1263 ἐλογίζετο
1309 1196 1715 1266 ποιῆσαι,ὄπως
1727 1195 1824 1249 καὶ
1848 1197 1876 1248 ό

308 1293 563 1363 βασιλεὺς
591 1292 1002 1363 ἅντιχαρίσηται
1055 1291 1167 1351 τοῖς
1217 1289 1352 1350 υἱοῖς
1375 1287 1539 1341 αὐτοῦ
1562 1288 1729 1358 ἄλλην
1757 1287 1880 1340 τινὰ

307 1385 494 1455 τιμήν.
519 1383 704 1437 Ταῦτα
719 1383 812 1436 οὖν
841 1383 1015 1453 πέρας
1035 1381 1134 1434 οὐκ
1167 1379 1356 1435 ἔλαϐον
1396 1379 1484 1433 διὰ
1533 1378 1634 1446 τὴν
1668 1377 1879 1448 ταχέως

311 1475 640 1530 ἐπελθοῦσαν
684 1477 766 1538 είς
797 1476 944 1545 ἡμᾶς
1005 1473 1190 1541 κοινὴν
1223 1471 1528 1542 συμφοράν.
1561 1469 1672 1525 Καὶ
1717 1471 1880 1525 πάλιν

312 1565 435 1622 εἶπέ
464 1586 553 1640 μοι
577 1569 606 1620 ὁ
629 1567 882 1638 βασιλεὺς
909 1569 992 1621 ὅτι
1017 1566 1207 1637 ἤθελεν
1238 1563 1595 1634 εὐεργετῆσαι
1649 1581 1738 1634 μοι
1787 1563 1883 1617 καὶ

312 1661 410 1729 τὴν
458 1659 715 1729 τοιαύτην
747 1659 927 1729 χάριν,
962 1658 1051 1710 ίνα
1105 1656 1336 1726 συζεύξῃ
1367 1656 1445 1718 είς
1497 1658 1730 1723 γυναῖκα
1778 1654 1880 1724 τὴν

313 1751 454 1819 ἐμὴν
480 1749 754 1818 θυγατέρα
779 1747 856 1818 τῷ
894 1746 1161 1816 νεανίσκῳ
1191 1746 1386 1817 ἐκείνῳ
1403 1744 1654 1815 Νικολάῳ
1676 1742 1754 1814 τῷ
1773 1745 1886 1797 Με-

1980 1015 2267 1068 σοόούλλου
2323 1017 2444 1069 τινὰ
2477 1017 2672 1086 κώμην
2727 1015 2759 1085 ἢ
2823 1015 3008 1086 χώραν
3075 1012 3224 1082 αὐτῷ
3287 1013 3383 1065 καὶ
3437 1013 3551 1072 τοῖς

1980 1107 2345 1178 κληρονόμοις
2410 1108 2575 1162 αὑτοῦ
2638 1109 2781 1162 κατὰ
2844 1106 3119 1176 διαδοχὴν,
3165 1104 3258 1158 καὶ
3307 1103 3553 1162 πεισθεὶς

1980 1203 2364 1273 ἀποδοκιμάσῃ
2392 1203 2459 1255 τὰ
2508 1202 2747 1272 τέτταρα
2780 1201 3046 1270 εἰρημένα
3106 1196 3400 1265 κεφάλαια,
3457 1197 3552 1247 καὶ

1984 1294 2167 1368 πράξῃ
2199 1295 2342 1347 κατὰ
2368 1295 2430 1346 τὸ
2471 1295 2748 1364 πέμπτον,
2777 1294 2917 1362 ὅπερ
2956 1290 3262 1362 βαρύτατόν
3303 1305 3392 1357 μοι
3436 1286 3542 1339 ἔσε-

1983 1405 2098 1443 ται.
2132 1387 2307 1451 Αὐτὸς
2340 1383 2488 1452 οἶδας
2511 1388 2609 1442 καὶ
2632 1388 2724 1445 τὸν
2748 1387 2859 1442 ἀπὸ
2884 1387 2984 1456 τῆς
3020 1383 3248 1452 Κύπρου
3283 1381 3556 1452 ρηγίσσας

1984 1479 2084 1550 τῆς
2128 1479 2270 1548 ἐμῆς
2315 1478 2545 1547 ἀνεψιᾶς
2581 1479 2964 1534 ἀποσταλέντα
3021 1475 3274 1546 μοναχὸν,
3326 1472 3557 1540 λέγοντὰ

1990 1590 2084 1643 μοι
2123 1572 2205 1626 ὅτι
2237 1573 2362 1626 ἐπεὶ
2385 1575 2420 1642 ἡ
2459 1573 2704 1642 ῥηγισσα
2734 1572 2836 1624 οὐκ
2870 1567 3018 1640 εῖχεν
3050 1569 3340 1638 ἄνθρωπον
3368 1566 3562 1620 πιστὸν

1988 1665 2084 1718 καὶ
2108 1665 2414 1734 ἐπιτήδειον
2457 1663 2700 1734 μηνῦσαί
2733 1680 2824 1732 μοι
2889 1661 2959 1714 δι’
3013 1659 3177 1715 αὐτοῦ
3234 1661 3304 1712 τὰ
3335 1659 3438 1712 ὅσα
3490 1652 3556 1727 ἦν

1989 1757 2295 1824 ἀναγκαῖα,
2317 1752 2442 1808 οὔτε
2467 1754 2692 1824 δυνατδν
2713 1749 2782 1822 ἦν
2809 1752 2884 1816 ὠς
2914 1752 3100 1820 ἐκείνη
3132 1751 3400 1820 ἐπεθύμει
3431 1749 3560 1802 συλ-

313 1843 570 1913 λισσηνῷ,
598 1841 676 1911 τῷ
705 1841 806 1908 υίῷ
838 1857 968 1894 ποτε
993 1839 1308 1910 Νικηφόρου
1340 1838 1433 1892 τοῦ
1452 1837 1885 1908 Μελισσηνοῦιδν
1919 1895 1958 1918 η
1992 1821 2221 1918 λαλῆσαί
2264 1864 2354 1916 μοι
2391 1847 2478 1899 διά
2533 1821 2824 1914 στόματος,
2866 1841 3238 1907 ἐξαποστείλω
3280 1839 3393 1909 ἐγὼ
3423 1837 3561 1908 πρὸς

316 1937 409 1991 καὶ
461 1935 869 2006 Μελισσουργδν
919 1933 1287 2001 ἐπωνόμαζον,
1351 1931 1446 1984 τοῦ
1501 1932 1597 1984 καὶ
1642 1930 1882 2000 μεγάλου

317 2029 822 2100 πρωτοστράτορος,
845 2024 1144 2096 ὕστερονδὲ
1179 2026 1275 2079 καὶ
1311 2020 1702 2094 μητροπολίτου
1732 2037 1889 2088 γεγο-

316 2122 489 2187 νότος,
535 2119 610 2183 ὡς
638 2119 696 2172 ὲν
725 2119 803 2187 τῷ
828 2117 1065 2187 δευτέρῳ
1093 2113 1280 2185 βιὸλίῳ
1310 2116 1408 2182 τῆς
1455 2112 1614 2182 ἡμῶν
1647 2109 1890 2182 ἱστορίας

319 2212 671 2282 ἐμνήσθημεν
692 2213 806 2266 ’καὶ
833 2211 930 2277 τὴν
955 2207 1312 2276 ἐπιτροπικὴν
1339 2205 1623 2274 διοίκησιν,
1640 2205 1707 2275 ἢν
1752 2219 1892 2272 προ-

320 2299 648 2369 ειρήκαμεν,
684 2297 792 2351 τῶν
821 2300 1010 2352 τούτου
1039 2296 1219 2349 τόπων
1253 2295 1344 2346 καὶ
1369 2294 1563 2364 χώρων
1591 2294 1742 2363 δώσῃ
1799 2307 1890 2361 μοι

320 2391 415 2444 τοῦ
447 2390 646 2444 ίθύνειν
668 2390 764 2444 καὶ
784 2389 1074 2460 κυϐερνᾷν,
1114 2385 1218 2450 ἕως
1251 2387 1311 2440 οὗ
1342 2387 1375 2456 ἡ
1407 2386 1514 2456 ἐμὴ
1552 2384 1799 2453 θυγάτηρ
1830 2383 1892 2435 τὸ

321 2485 546 2538 δέκατον
566 2483 824 2554 τέταρτον
853 2482 972 2545 ἔτος
1015 2481 1199 2552 φθάσῃ
1239 2480 1334 2532 καὶ
1363 2480 1391 2531 ὁ
1441 2478 1622 2546 γάμος
1688 2477 1893 2538 τέλειος

324 2577 570 2643 γένηται.
604 2571 714 2628 Καὶ
743 2571 882 2641 αὕτη
916 2571 1017 2641 μὲν
1042 2566 1108 2641 ἦν
1148 2571 1181 2638 ἠ
1211 2570 1490 2632 ὑπόθεσις,
1524 2569 1653 2638 περὶ
1681 2561 1749 2638 ἧς
1779 2566 1895 2618 ἐλε-

323 2683 422 2733 γεν
443 2667 472 2718 ὁ
494 2664 749 2734 βασιλεὺς
777 2662 860 2715 ὅτι
891 2663 948 2714 al
974 2660 1042 2714 δι’
1075 2660 1213 2730 ἐμοῦ
1241 2661 1531 2730 πρεσϐεῖαι
1568 2660 1662 2712 καὶ
1685 2659 1897 2710 ὁδοιπο-

329 2756 442 2824 ρίαι
466 2757 767 2808 παύσωσιν.
799 2753 1007 2824 Εἴρηκέ
1039 2770 1129 2823 μοι
1160 2753 1255 2806 καὶ
1281 2751 1458 2816 τοῦτο,
1485 2752 1566 2804 ὅτι
1607 2752 1665 2804 ἐν
1691 2753 1758 2820 τῇ
1788 2751 1896 2802 Πε-

327 2845 647 2913 λοποννήσῳ
676 2843 866 2910 ἤθελεν
898 2843 1213 2896 ἀποστεῖλαι
1241 2842 1430 2913 ἕτερόν
1463 2859 1583 2894 τινα
1633 2840 1742 2894 τῶν
1795 2856 1897 2909 γη-

335 2933 504 3005 ραιῶν
528 2935 824 3004 ἀρχόντων,
852 2933 936 2988 ἵνα
952 2936 1018 2989 τὰ
1036 2937 1235 3002 ἐκεῖσε,
1263 2935 1338 2996 ὡς
1371 2934 1601 3012 ἔφημεν,
1628 2931 1896 3002 διορθώσῃ

336 3026 478 3095 μετὰ
510 3027 619 3080 τῶν
649 3027 895 3096 ἀδελφῶν
929 3028 1117 3092 αὐτοῦ,
1149 3030 1243 3081 καὶ
1270 3026 1525 3080 ἀνάθεσιν
1545 3025 1690 3096 δώσῃ
1733 3025 1900 3094 226

333 3115 481 3184 αύτῷ
514 3113 628 3178 πῶς
660 3115 759 3186 ἔχῃ
793 3116 991 3185 πρᾶξαι
1027 3130 1042 3143 ’
1079 3116 1127 3168 εί
1176 3114 1234 3167 ἐν
1269 3113 1577 3183 κεφαλαίων
1605 3113 1667 3164 οὑ
1695 3111 1896 3178 δυνηθῇ

1989 1939 2159 2010 αὐτὴν
2181 1939 2474 2009 ᾶνθρωπον
2508 1939 2574 1992 ἐκ
2622 1939 2724 2006 τῆς
2775 1935 3060 2007 ἡμετέρας
3109 1933 3279 1999 αὐλῆς
3335 1933 3561 1999 δόκιμον

1989 2033 2085 2085 καὶ
2135 2031 2352 2084 πιστόν.
2384 2029 2483 2083 Διά
2510 2027 2672 2083 τοῦτο
2701 2027 2894 2097 ἕτερόν
2920 2042 3042 2078 τινα
3078 2024 3177 2094 οὐχ
3207 2021 3441 2094 ἁρμόζει
3458 2021 3563 2076 πά·

1991 2121 2087 2194 ρεξ
2121 2123 2216 2176 σοῦ
2255 2123 2458 2176 εἰδέναι
2487 2120 2556 2174 τὰ
2609 2121 2890 2190 μυστήρια
2925 2117 3109 2188 ἡμῶν,
3161 2115 3256 2168 καὶ
3292 2114 3468 2176 οὐδεὶς
3503 2112 3564 2175 τις

1990 2215 2400 2287 ἀρμοδιώτερός
2457 2229 2578 2280 σου,
2639 2211 2688 2265 εί
2738 2211 2814 2280 μὴ
2892 2209 3058 2279 μόνον
3139 2206 3204 2274 σὺ
3264 2207 3293 2259 ὁ
3345 2203 3563 2272 πράξας

1993 2310 2092 2363 καὶ
2135 2309 2345 2376 στήσας
2395 2306 2491 2360 καὶ
2522 2299 2798 2374 ὁμιλήσας
2857 2302 2952 2356 καὶ
3001 2300 3435 2370 πληροφορήσας
3494 2297 3567 2350 τά

1993 2401 2175 2456 πάντα
2240 2398 2360 2471 μετ’
2406 2397 2582 2468 αὐτῆς
2631 2399 2727 2451 καὶ
2761 2398 2835 2464 ,ἐν
2880 2395 3052 2464 ἑτέρῳ
3109 2392 3327 2463 καιρῷο
3383 2392 3465 2444 διὸ
3502 2391 3563 2443 οὐ

1992 2493 2218 2546 δύναται
2271 2491 2340 2544 δι’
2396 2490 2562 2546 ἄλλου
2611 2489 2758 2553 τινὸς
2823 2489 2853 2559 ἡ
2926 2487 3188 2548 ὑπόθεσις
3245 2486 3423 2555 πέρας
3469 2484 3567 2537 λαο

1996 2585 2133 2637 δεῖν.
2176 2601 2196 2636 ι
2265 2581 2408 2650 Ἐγὼ
2455 2582 2514 2636 δὲ
2550 2581 2716 2636 πάλιν
2767 2579 3097 2650 ἀποκριθεὶς
3158 2574 3290 2631 είπα
3337 2575 3415 2645 τῷ
3475 2575 3571 2646 βα·-

1997 2676 2172 2728 σιλεῐο
2227 2693 2246 2727 t
2305 2674 2396 2736 Ὠς
2451 2673 2666 2726 κελεύει
2707 2673 2741 2741 ἡ
2779 2670 3028 2741 βασιλεία
3077 2687 3196 2733 σου,
3227 2667 3402 2730 οὕτως
3431 2666 3568 2738 ἔχει.

1996 2763 2227 2818 Ἕνεκεν
2244 2762 2453 2818 τούτων
2473 2763 2586 2816 τῶν
2607 2763 2851 2830 εὐλόγων
2868 2759 3064 2816 αἰτιῶν
3083 2762 3117 2831 ἡ
3132 2760 3240 2830 ἐμὴ
3265 2759 3519 2821 σύνευνος
3533 2758 3568 2826 ή

1995 2856 2158 2926 227
2188 2854 2347 2925 δούλη
2399 2871 2494 2908 σου
2523 2853 2640 2924 ἃμα
2669 2856 2783 2918 τοῖς
2823 2855 2978 2924 ἐμοῖς
3009 2851 3328 2921 συγγενέσιν
3369 2849 3431 2902 οὐ
3457 2867 3570 2903 κω-

1995 2945 2220 2998 λύσουσί
2281 2962 2371 3014 με,
2427 2944 2478 2996 εί
2516 2945 2676 3014 τύχῃ,
2719 2943 2817 2996 καὶ
2871 2943 3084 3012 ποιήσω
3131 2941 3194 2994 τὸ
3229 2939 3574 3012 προσταχθέν

1999 3052 2114 3106 μοι.
2149 3035 2252 3088 Ἢν
2286 3029 2346 3087 εὖ
2392 3033 2706 3105 μακαρίσω,
2732 3032 3023 3103 ἀναφέρων
3052 3033 3187 3103 αὐτῇ
3223 3031 3304 3084 ἔτι
3335 3029 3466 3100 περὶ
3498 3023 3576 3084 ὧν

1995 3127 2084 3180 διὰ
2107 3127 2205 3194 τῆς
2240 3125 2658 3193 καλοκαγαθίας
2684 3126 2784 3194 τῆς
2824 3122 3106 3194 βασιλείας
3135 3139 3230 3175 σου
3256 3120 3454 3187 ἔταξας
3483 3137 3577 3190 μοι

332 3209 577 3278 ποιῆσαιι
606 3207 786 3279 πράξῃ
819 3209 960 3262 κατὰ
992 3209 1052 3260 τδ
1102 3207 1377 3278 δεύτερον.
1417 3206 1531 3299 καῖ’,
1558 3203 1704 3299 ei”?
1757 3201 1898 3299 κατᾲ
1923 3235 1974 3299 α
2004 3221 2136 3290 περὶ
2177 3219 2278 3288 τῆς
2311 3218 2453 3287 ἐμῆς
2483 3215 2755 3286 θυγατρὸς
2795 3213 3101 3284 ὑπανδρίας
3149 3213 3242 3267 καὶ
3271 3213 3452 3266 τόπων
3481 3212 3578 3265 καὶ

330 3299 584 3370 διαδοχὴν
606 3300 638 3370 ἢ
660 3301 720 3353 τὸ
755 3299 937 3369 τρίτον
971 3299 1093 3370 ῆτδ
1122 3300 1380 3368 τέταρτον
1411 3297 1445 3367 ἢ
1477 3296 1536 3364 ἐξ
1571 3296 1816 3366 ἀνάγκης
1837 3293 1900 3346 τὸ
1934 3293 1969 3299 “
2000 3307 2170 3379 τιμῆς
2222 3308 2515 3378 δωρήσεως
2567 3307 2659 3360 καὶ
2704 3305 2974 3377 ἀναδοχῆς
3013 3305 3176 3371 πλέον
3231 3303 3341 3357 τῶν
3399 3302 3578 3357 ἄλλων

333 3429 518 3469 “eam
540 3429 765 3470 necesse
795 3422 899 3481 εει»
928 3413 1022 3485 (ιυὶ
1047 3429 1144 3484 Per
1173 3421 1346 3469 ίοίυιη
1379 3411 1523 3466 diem
1551 3407 1906 3464 ωθευωνείηι
2003 3423 2326 3493 optimatum
2382 3422 2620 3489 mittere,
2649 3420 2742 3491 qui
2773 3420 2884 3476 illic
2939 3435 3052 3485 res,
3093 3417 3162 3474 de
3193 3417 3396 3488 quibus
3433 3415 3578 3470 dixi-

332 3508 389 3562 ίη
421 3507 621 3577 Palatio
671 3509 736 3563 3d
769 3507 1125 3577 υτονίίίθηάδν
1180 3505 1510 3570 ordinanda:
1567 3513 1624 3560 ει
1653 3502 1901 3558 radenda
2004 3533 2148 3578 mus,
2178 3531 2302 3570 cum
2336 3513 2595 3568 fratribus
2617 3522 3027 3583 componerent,
3052 3523 3106 3567 et
3138 3509 3370 3564 referret
3402 3509 3469 3562 ad
3494 3521 3579 3571 se,

330 3603 643 3657 necessaria
696 3609 808 3653 tum
874 3601 1101 3654 servitia
1168 3607 1282 3652 tum
1341 3598 1568 3652 consilia
1626 3597 1896 3666 imperii.»

330 3697 513 3766 Atque
549 3695 622 3748 ita
674 3691 1040 3760 signiﬁcatum
1093 3698 1177 3746 est
1202 3705 1398 3759 magno
1431 3689 1563 3743 duci
1595 3704 1690 3758 per
1721 3701 1902 3740 meum

334 3800 390 3846 et
443 3790 616 3860 ipsius
646 3795 1006 3855 compatrem,
1041 3783 1530 3838 hieromonachum
1565 3791 1618 3836 et
1645 3781 1905 3850 spiritua-

337 3883 442 3936 lcm
501 3889 709 3951 patrem
740 3877 1107 3948 Neophytum,
1144 3877 1237 3947 qui
1301 3877 1354 3930 in
1389 3875 1752 3930 Charsianita:
1783 3887 1905 3928 mo-

341 3975 582 4028 nasterio
613 3983 749 4028 erat.
786 3972 1025 4027 Edoctus
1061 3969 1130 4025 de
1157 3974 1258 4025 hoc
1289 3968 1468 4026 cilicio
1501 3967 1758 4032 Notaras,
1793 3981 1904 4020 non

336 4065 702 4136 repugnabat,
759 4073 944 4119 utrum
999 4063 1236 4117 libenter
1285 4070 1492 4123 tamen,
1551 4074 1618 4112 an
1671 4057 1902 4122 invitus,

340 4160 560 4214 nescio:
589 4173 898 4229 quanquam
936 4173 1043 4226 prtr
1066 4171 1125 4212 se
1145 4155 1372 4219 ferebat,
1400 4154 1562 4208 etiam
1613 4161 1904 4221 antequam

338 4251 581 4305 monitus
609 4260 776 4314 esset,
820 4250 1090 4318 cogitasse
1128 4264 1189 4304 se
1241 4246 1387 4302 istud
1417 4247 1618 4310 facere,
1654 4245 1906 4313 utimpe—

338 4327 490 4398 ra‘lor
544 4341 715 4418 ipsius
749 4341 873 4396 filiis
903 4341 1065 4394 aliam
1113 4341 1418 4410 impertiret
1466 4338 1808 4409 dignitatem.
1837 4337 1908 4389 At

304 4472 308 4475 -
337 4434 483 4490 enim
517 4436 634 4490 haec
664 4449 769 4488 non
821 4434 1128 4489 habuerunt
1159 4434 1365 4490 exitum
1421 4440 1641 4502 prOpter
1662 4446 1910 4487 commu-

2003 3609 2135 3678 quid
2167 3607 2309 3662 facto
2339 3622 2478 3676 opus
2507 3613 2681 3661 esset:
2717 3606 2912 3674 quodsi
2975 3619 3080 3657 non
3118 3610 3304 3672 posset
3337 3600 3578 3670 primum

2006 3709 2166 3768 caput
2191 3698 2461 3763 obtinere,
2491 3695 2738 3750 obtinere
2770 3694 3030 3748 niteretur
3055 3691 3381 3755 secundum,
3417 3697 3580 3756 atque

2006 3793 2078 3846 ita
2115 3792 2374 3859 deinceps
2405 3800 2501 3846 aut
2529 3789 2771 3851 tertium,
2799 3798 2897 3842 aut
2929 3797 3210 3857 quartum,
3238 3793 3356 3850 aut,
3397 3784 3444 3838 si
3483 3799 3576 3838 nc-

2008 3875 2234 3939 cessitas
2265 3891 2509 3950 cogeret,
2529 3881 2805 3951 quintum.
2842 3877 3090 3932 Rursus:
3124 3876 3258 3931 «Sed
3285 3875 3356 3941 si,
3379 3873 3579 3943 inquit,

2007 3975 2172 4030 alium
2204 3981 2400 4043 prater
2443 3981 2495 4028 te
2527 3973 2748 4037 misero,
2781 3981 2986 4035 metuo,
3031 3977 3091 4024 ut
3126 3969 3172 4023 is
3209 3968 3448 4023 debitam
3482 3966 3586 4019 mi-

2007 4068 2061 4122 bi
2084 4064 2512 4123 benevolentiam
2547 4071 2604 4118 et
2629 4063 2788 4118 fidem
2820 4070 3060 4132 praestet,
3103 4077 3239 4115 neve
3266 4075 3392 4114 eum
3431 4057 3584 4112 deci-
3651 4129 3656 4133 _

2006 4161 2161 4230 piant
2222 4159 2485 4226 despotae,
2543 4154 2744 4210 fratres
2791 4153 2920 4217 mei,
2981 4167 3077 4222 per
3108 4151 3310 4206 bullam
3359 4162 3581 4202 auream

2010 4253 2190 4306 vicum
2241 4248 2475 4317 aliquem
2538 4245 2623 4301 vel
2660 4243 2937 4316 regionem
2984 4243 3090 4313 ipsi
3167 4250 3222 4296 et
3272 4238 3584 4294 haeredibns

2010 4345 2266 4412 deinceps
2315 4339 2577 4412 polliciti:
2611 4353 2720 4409 qua
2774 4337 2863 4392 ille
2893 4351 2953 4391 re
2984 4342 3316 4398 commotus,
3343 4341 3588 4402 quatuor

2012 4435 2282 4506 capitibus
2306 4431 2528 4502 rejectis
2551 4467 2566 4493 .
2597 4429 2664 4484 de
2700 4429 2818 4484 solo
2847 4426 3044 4497 quinto
3071 4434 3232 4497 agat:
3270 4423 3414 4493 quod
3451 4420 3586 4476 mihi

339 4543 466 4582 ηθω
505 4527 667 4581 cuius
697 4527 751 4579 in
784 4540 886 4581 n03
928 4526 1271 4594 ingruentem
1329 4525 1722 4579 calamitatem.
1761 4521 1906 4575 Rur-
1941 4566 1985 4621 υ
2013 4525 2460 4582 molestissimum
2494 4521 2790 4576 accideret.
2828 4520 3096 4574 Pra>terea
3124 4517 3233 4572 scis
3264 4517 3412 4583 ipse,
3449 4530 3478 4569 a
3506 4531 3591 4566 re-

339 4635 436 4675 sus
465 4619 596 4673 mihi
631 4617 920 4672 aliirmavit
953 4618 1271 4686 imperator,
1310 4617 1480 4672 etiam
1511 4617 1652 4671 banc
1673 4631 1735 4671 se
1770 4614 1905 4668 mihi

337 4709 572 4780 gratiam
600 4710 878 4776 daturum,
905 4718 963 4761 ut
993 4709 1156 4763 tiliam
1195 4723 1370 4762 meam
1391 4709 1579 4778 juveni
1611 4709 1911 4763 collocaret

337 4799 564 4856 Nicolao
590 4799 900 4866 Melisseno,
935 4800 1046 4854 filio
1083 4800 1378 4869 Nicephori
1411 4799 1712 4865 Melisseni,
1742 4814 1906 4868 quem

339 4893 724 4964 Melissurgnm
781 4893 1263 4962 cognominabant,
1329 4892 1512 4963 magni
1546 4900 1912 4961 protostrato-

342 4990 443 5055 ris,
478 4997 664 5050 postea
696 5001 823 5040 vero
862 4986 1028 5040 etiam
1071 4985 1434 5054 metropolita:
1468 5000 1694 5039 munere
1712 4983 1909 5047 functi,

339 5081 800 5150 quemadmodum
832 5078 1188 5133 historiarum
1228 5077 1366 5132 libro
1393 5079 1631 5132 secundo
1667 5091 1912 5133 comme-

341 5175 709 5239 moravimus;
778 5172 1056 5242 pollicitus
1113 5171 1300 5235 etiam,
1337 5171 1665 5225 traditurum
1692 5187 1750 5226 se
1777 5170 1913 5224 mihi

339 5266 628 5329 vicariam,
658 5264 816 5334 cujus
849 5273 978 5319 ante
1025 5263 1360 5320 mentionem
1393 5262 1644 5329 fecimus,
1679 5261 1914 5316 admini-

340 5360 658 5414 stratiunem
683 5358 928 5413 locorum
961 5358 1082 5428 eius
1117 5356 1575 5428 oppidorutnque,
1600 5370 1721 5424 quae
1749 5355 1914 5408 habeo

340 5469 456 5508 rem
513 5463 568 5507 et
627 5467 1001 5522 procurarem,
1062 5451 1242 5507 donec
1297 5451 1403 5504 filia
1473 5465 1594 5504 mea
1639 5449 1912 5503 decimum

339 5558 596 5616 quartum
623 5562 828 5601 annum
864 5545 1135 5616 attigisset
1165 5557 1220 5599 et
1243 5544 1445 5615 nuptiae
1484 5545 1700 5599 flerent.
1735 5544 1914 5610 Atque

340 5641 446 5695 huc
494 5640 624 5694 illud
671 5637 794 5704 fuit,
855 5639 1045 5707 inquo
1097 5637 1394 5706 legationes
1439 5645 1493 5690 et
1547 5634 1742 5688 itinera
1796 5650 1913 5686 mea

340 5735 503 5788 linem
559 5749 682 5787 esse
741 5731 994 5786 habitura
1053 5732 1352 5799 imperator
1405 5726 1713 5782 alIirmavit.
1766 5725 1909 5779 ldent

338 5825 477 5887 mihi
498 5825 808 5890 disit,vclle
825 5842 881 5882 se
907 5825 958 5880 in
986 5824 1418 5894 Peloponnesum
1444 5821 1609 5875 alium
1638 5835 1666 5874 e
1690 5821 1912 5875 St'llllms

2013 4619 2138 4690 gina
2173 4614 2356 4687 Cypri,
2391 4620 2622 4682 cognata
2638 4625 2780 4675 mea,
2808 4609 2874 4664 ad
2895 4624 2982 4662 me
3003 4608 3232 4660 missum
3255 4603 3584 4657 monachum

2015 4711 2238 4772 dixisse,
2257 4719 2335 4774 ut,
2359 4721 2483 4760 cum
2505 4703 2692 4774 regina
2716 4716 2823 4755 non
2848 4699 3072 4752 haberet
3108 4695 3387 4774 hominem
3420 4693 3587 4747 [idum

2013 4815 2068 4860 et
2121 4803 2396 4861 idoneum,
2437 4813 2532 4868 per
2585 4811 2746 4865 quem
2780 4807 2868 4847 res
2907 4789 3173 4858 quasdam
3206 4787 3430 4841 maximi
3467 4800 3589 4838 mo-

2015 4896 2185 4953 menti
2222 4909 2436 4949 mecutn
2462 4887 2916 4947 communicaret,
2951 4897 3054 4937 nec
3096 4889 3304 4951 posset,
3343 4887 3403 4931 ut
3431 4887 3588 4945 opta-

2017 4998 2117 5049 ret,
2151 5000 2338 5041 coram
2371 4997 2586 5038 mecum
2629 4977 3011 5047 colloqui,ego
3029 4976 3094 5028 ad
3124 4973 3268 5026 illam
3308 4969 3586 5023 hominem

2014 5099 2079 5138 ex
2106 5090 2291 5135 nostra
2316 5077 2440 5132 aula
2460 5083 2765 5146 spectatum
2792 5079 2847 5126 et
2870 5069 3034 5123 fidunt
3056 5066 3352 5120 mitterem.
3409 5059 3590 5125 Quare

2016 5177 2134 5232 ﬁeri
2192 5175 2404 5244 nequit,
2434 5184 2492 5225 ut
2536 5169 2648 5233 alii;
2680 5181 2742 5220 ac
2776 5163 2897 5227 tibi,
2956 5168 3166 5217 secreta
3199 5165 3387 5211 nostra
3432 5155 3592 5208 inno-

2021 5276 2254 5334 tescant,
2330 5277 2504 5335 neque
2565 5271 2649 5316 est
2707 5258 3000 5327 quisquam
3066 5260 3116 5306 te
3175 5249 3379 5318 aptior,
3407 5261 3587 5315 quan-

2016 5356 2310 5428 doquidem
2363 5364 2421 5409 tu
2465 5352 2631 5408 etiam
2687 5350 2825 5404 alias
2876 5346 3057 5400 omnia
3117 5357 3243 5396 cum
3279 5340 3365 5392 illa
3402 5335 3586 5405 egisti,

2017 5448 2392 5512 constituisti,
2480 5439 2948 5501 communicasti,
3026 5432 3323 5504 perfer-isti.
3411 5429 3585 5494 Quam

2016 5542 2086 5597 ob
2115 5555 2227 5594 rem
2261 5552 2356 5607 per
2387 5534 2554 5589 alium
2591 5531 2734 5586 istud
2769 5527 3046 5598 negotium
3077 5521 3285 5577 absolvi
3318 5519 3524 5584 nequit.
3563 5531 3584 5564 ι

2017 5636 2131 5703 Ego
2172 5633 2244 5685 ita
2285 5627 2541 5698 respondi
2579 5642 2594 5680 :
2655 5643 2674 5676 ι
2719 5622 2876 5678 Sicut
2905 5634 3118 5683 censes,
3167 5615 3485 5683 imperator,
3513 5616 3589 5661 tta

2017 5743 2104 5780 res
2155 5724 2335 5778 habet.
2387 5721 2467 5775 Ae
2524 5728 2744 5789 propter
2794 5716 2927 5768 istas
2983 5709 3333 5780 gravissimas
3393 5716 3592 5756 causas

2018 5818 2220 5889 conjux
2267 5833 2409 5881 tttcn,
2443 5828 2602 5869 serva
2653 5821 2766 5875 tua,
2825 5821 2950 5862 cum
3007 5801 3232 5871 reliquis
3267 5794 3599 5870 prouinquis
