3964 6430
491 414 596 477 827

1737 405 2056 467 GEORGII
2099 402 2528 464 PHRANTZE
3595 399 3677 466 393

481 523 880 596 ἀρχοντισσῶν.
913 520 1078 576 »Καὶ
1111 521 1286 584 οὕτως
1320 518 1515 590 καιροῦ
1543 519 1607 589 δὴ
1635 518 1787 582 ὄντος
1819 518 1912 572 106
1943 520 2068 589 άρι-
2095 519 2140 580 Α
2170 535 2310 582 κιον,
2347 518 2404 570 16
2436 515 2531 569 106
2567 513 2807 585 μεγάλου
2861 511 3167 580 λογοθέτου.
3206 529 3224 564 ι
3267 512 3324 565 ὐ
3347 511 3398 566 δὲ
3435 513 3545 582 δοῦξ
3566 516 3677 596 ἀπο-

485 637 687 688 στησαι
718 619 1107 688 προσκυνήσας
1135 614 1246 683 ἐγὼ
1290 614 1535 675 ἀπῆλθον
1569 613 1773 666 οἴκαδε.
1817 611 1978 675 Μετὰ
2009 612 2066 665 δὲ

482 712 545 764 16
578 712 802 780 ἄριστον
829 710 1075 770 ἐλθόντος
1119 708 1217 761 106
1257 709 1501 778 μεγάλου
1531 706 1721 771 δουκδς
1755 707 1813 758 ὲν
1844 705 1923 770 τῷ
1957 722 2065 757 πα-

483 805 654 873 λατίῳ
684 804 930 873 ὲφήσατο
974 801 1125 873 αὐτῷ
1158 804 1186 855 6
1218 801 1473 871 βασιλεὺς
1511 800 1581 853 τὰ
1631 799 1732 854 ὅσα
1775 798 1894 869 μετ’
1928 796 2066 868 ἐμοῦ

484 896 717 965 ἐλάλησε
767 899 900 965 περὶ
933 895 1028 948 τοῦ
1078 895 1323 964 πρέσϐυν
1366 912 1433 961 με
1487 892 1766 958 ἀπελθεῖν,
1801 891 1918 946 ἀλλ’
1968 891 2067 944 οὐκ

483 987 844 1057 ἀπεκάλυψεν
878 987 1028 1057 αὐτῷ
1054 987 1124 1039 δι’
1154 987 1220 1057 ἢν
1246 987 1427 1039 αἰτίαν
1449 1001 1462 1014 ⁸
1501 987 1598 1039 καὶ
1631 984 1942 1056 προσέθηκε
1971 990 2068 1038 καὶ

483 1082 666 1144 τοῦτο,
696 1081 780 1135 ὅτι
811 1081 1139 1149 Ἀναγκαῖόν
1157 1083 1274 1134 ἐστι
1307 1083 1633 1151 τιμήσωμεν
1669 1079 1766 1133 καὶ
1791 1081 1952 1150 ἡμεῖς
1976 1080 2068 1134 16v

484 1174 792 1243 Φραντζῆν,
839 1174 972 1227 διότι
1031 1173 1092 1227 16
1137 1175 1392 1242 ὀφφίκιον
1431 1175 1462 1228 ὃ
1493 1174 1761 1244 κέκτηται
1790 1174 1889 1226 οὐκ
1921 1173 2068 1226 ἔστιν

485 1266 813 1345 εὐχαριστία
842 1267 1069 1337 οὐδεμία
1105 1267 1245 1337 πρὸς
1287 1268 1461 1338 ἡμᾶς,
1495 1267 1631 1320 διότι
1663 1266 1812 1336 παρὰ
1837 1265 1931 1320 τοῦ
1968 1265 2068 1336 βι-

489 1359 682 1422 σιλέως
727 1361 820 1412 τοῦ
851 1361 1084 1430 ἁδελφοῦ
1141 1381 1243 1432 μου
1291 1364 1642 1433 εὐηργετήθη
1702 1363 1861 1417 τοῦτο
1895 1364 2064 1432 αὐτῷ.

485 1454 576 1505 Διὸ
600 1453 752 1520 λέξον
779 1454 931 1526 αὐτῷ
976 1459 1131 1510 ποῖον
1167 1456 1299 1510 ἄλλο
1328 1457 1441 1510 τῶν
1467 1457 1744 1525 ὀφφικίων
1785 1457 2066 1526 ὀρέγεται,

482 1545 582 1600 καὶ
612 1547 960 1617 ἀκούσωμεν.
1013 1550 1124 1602 Καὶ
1166 1549 1398 1614 ἐξελθὼν
1426 1552 1453 1603 6
1479 1549 1606 1614 δοὺξ
1641 1550 1735 1604 καὶ
1778 1550 1957 1620 εὑρών
1999 1569 2068 1620 με

486 1639 826 1693 ἐπυνθάνετο
860 1643 914 1693 τί
940 1643 1000 1694 16
1025 1641 1287 1710 ὸφφίκιον
1311 1642 1606 1713 ὼρεγόμην
1635 1643 1722 1696 ἵνα
1754 1643 2070 1715 δωρήσηται

489 1747 580 1798 μοι
610 1732 638 1785 6
658 1731 938 1800 βασιλεύς.
956 1731 1098 1800 Ἐγὼ
1127 1732 1184 1785 δὲ
1213 1733 1535 1804 ἀποκριθεὶς
1557 1730 1714 1788 εἶπον
1744 1736 1824 1789 ὅτι
1857 1753 1876 1786 :
1910 1735 2069 1790 Κατά

485 1822 613 1877 νοῦν
641 1819 789 1894 εἴχον
820 1824 911 1877 καὶ
962 1823 1077 1893 ἐγὼ
1125 1827 1347 1896 αἰτῆσαι
1380 1828 1570 1894 μεῖζον
1615 1827 1897 1896 ὀφφίκιον,
1929 1828 2067 1899 ὅπερ
2103 1869 2141 1922 Β

486 1916 547 1968 οὐ
578 1918 843 1986 κέκτηται
867 1917 1048 1981 ἄλλος,
1079 1919 1174 1971 καὶ
1199 1917 1328 1971 οὕτε
1353 1917 1556 1982 ζῶντός
1589 1937 1693 1988 μου
1725 1919 2067 1991 εὐεργετήσῃ

484 2007 594 2059 τινὶ
627 2008 800 2078 ἑτέρῳ
847 2009 992 2077 πλὴν
1025 2010 1163 2078 ἐμοῦ
1189 2025 1204 2040 ⁸
1233 2011 1328 2064 καὶ
1361 2010 1422 2064 16
1482 2013 1698 2078 πρέπον
1744 2010 1922 2074 οὕτως
1980 2029 2072 2081 μοι

486 2099 636 2152 δοκεῖ
667 2097 830 2164 εῖναι,
863 2103 892 2155 ὃ
925 2103 1018 2156 καὶ
1041 2103 1337 2173 ὀρέγομαι,
1375 2105 1499 2158 ἐπεὶ
1527 2109 1621 2160 καὶ
1648 2105 1754 2176 πρὸ
1786 2105 1882 2159 τοῦ
1907 2105 2073 2158 ἀπελ-

488 2192 603 2244 θεῖν
639 2210 708 2262 με
751 2195 831 2256 εις
855 2193 1247 2265 Τραπεζοῦντα
1278 2195 1526 2249 τοσαῦτα
1560 2196 1738 2266 ὀνείδη
1773 2197 1869 2251 καὶ
1901 2212 2074 2263 κατηο

485 2287 681 2355 γορίας
716 2287 931 2356 ἤκουσα
979 2289 1077 2342 καὶ
1117 2289 1372 2359 ὑπέφερα
1407 2289 1500 2342 διὰ
1542 2289 1606 2342 16
1639 2286 1782 2342 εἶναι
1817 2291 1910 2342 καὶ
1955 2290 2074 2342 ἐτέ-

490 2395 617 2446 ρους
646 2379 814 2450 228
847 2380 942 2434 δύο
989 2382 1264 2452 ἄρχοντας
1312 2384 1373 2435 ὲν
1419 2382 1498 2454 τῷ
1536 2383 1776 2454 ὀφφικίῳ
1824 2383 1852 2437 6
1885 2383 2014 2452 ἔχω,
2045 2381 2074 2435 ὂ

484 2469 588 2522 οὐκ
619 2471 810 2541 ἦθελα.
856 2472 1001 2526 Ἀλλ’
1034 2474 1122 2527 ἵνα
1151 2473 1426 2545 βεϐαιωθῇ
1458 2477 1486 2531 6
1514 2473 1672 2542 λόγος
1702 2491 1831 2544 μου,
1869 2474 1944 2538 ὥς
1977 2491 2072 2543 μοι

485 2566 718 2634 εἴρηκας
764 2565 923 2636 κάγὼ
978 2565 1272 2637 ὀρέγομαι,
1311 2568 1360 2619 εἰ
1407 2567 1502 2620 καὶ
1556 2566 1788 2637 ἀρεστόν
1841 2567 1962 2619 ἐστι
1993 2565 2072 2636 τῷ

486 2658 726 2731 αὐθέντῃ
767 2676 870 2729 μου
899 2659 981 2729 τῷ
1018 2659 1254 2729 βασιλεῖ,
1293 2659 1638 2729 εὐεργετήσῃ
1693 2675 1785 2728 μοι
1818 2658 1878 2711 τὸ
1912 2661 2076 2728 6:929!-

488 2766 608 2804 κιον
639 2751 737 2804 τοῦ
769 2751 1011 2820 μεγάλου
1047 2752 1471 2806 κοντοσταύλου.
1510 2771 1530 2803 ι
1562 2753 1670 2805 Καὶ
1699 2753 1874 2814 οὕτως
1900 2753 2074 2824 ἀπῆλ-

486 2843 580 2896 θεν
609 2844 639 2896 6
679 2842 933 2915 Νοταρᾶς
991 2845 1085 2898 καὶ
1124 2846 1360 2916 ἀνέφερε
1399 2844 1580 2899 πάντα
1627 2845 1705 2915 τῷ
1765 2845 2013 2916 βασιλεῖ·
2044 2847 2072 2899 6

485 2931 543 2984 δὲ
567 2932 891 3004 ἀποκριθεὶς
922 2930 1082 2988 εἶπεν
1109 2935 1261 3006 αὐτῷ
1282 2951 1297 2965 ο
1337 2955 1356 2988 :
1396 2936 1540 2990 Αὐτὸ
1573 2935 1681 3007 γὰρ
1719 2937 1780 2990 16
1813 2937 2073 3006 ὀφφέκιον

374 3093 376 3095 γ
485 3025 548 3079 οὐ
579 3025 775 3098 δίδωμι
827 3028 1029 3095 οὐδενὶ,
1062 3029 1202 3083 ὅτιό
1250 3029 1446 3100 πρώην
1481 3047 1586 3100 μου
1635 3030 1902 3100 πενθερός
1952 3033 2071 3082 ἐστι

489 3120 665 3188 μέγας
718 3123 1136 3188 κοντόσταυλος,
1170 3123 1413 3192 γεγονὼς
1454 3125 1514 3176 ὲν
1556 3126 1622 3194 τῇ
1676 3123 2072 3195 Πελοποννήσῳ

2173 609 2388 682 κριθεὶς
2414 607 2537 661 εἶπε
2563 626 2578 638 ·
2619 626 2636 658 :
2675 607 2784 660 Καὶ
2807 606 2860 658 τί
2888 607 3182 676 γενήσεται
3213 605 3344 674 μετὰ
3371 604 3458 658 106
3483 593 3677 660 Παλαισ-

2168 702 2334 770 λόγου
2379 700 2474 755 τοῦ
2510 701 2854 770 Μετοχίτου;
2898 717 2917 751 ι
2961 698 3019 751 '0
3049 698 3296 768 Νοταρᾶς
3342 692 3480 750 εἶπεν
3522 698 3588 751 ἔτι
3620 699 3681 770 τῷ

2174 794 2386 865 βασιλεί
2416 795 2506 848 ἵνα
2531 795 2868 863 εὐεργετήσῃ
2905 808 2972 861 με
3005 791 3068 844 16
3119 789 3212 843 106
3253 789 3478 858 μεγάλου
3521 806 3682 858 πριμι-

2174 888 2392 958 κηρίον,
2417 887 2446 940 6
2469 888 2584 940 ἐστι
2623 884 2762 954 μετὰ
2797 885 2859 937 16
2890 883 2986 945 τοῦ
3021 881 3500 954 στρατοπεδάρχου,
3529 883 3611 934 καὶ
3633 883 3682 936 οὐ

2171 980 2353 1044 τοῦτο,
2373 978 2532 1044 λέξας
2563 977 2646 1031 61:
2674 997 2692 1030 :
2714 975 2776 1030 Ἦ
2820 975 3068 1045 βασιλεία
3085 990 3177 1027 σου
3197 972 3411 1042 ζητήσει
3433 971 3514 1024 τοῦ
3530 972 3686 1024 δεσπό-

2171 1086 2269 1124 του
2301 1069 2395 1123 106
2427 1067 2661 1137 ἀδελφοῦ
2703 1085 2798 1121 σου
2831 1066 3100 1135 ἐποίησας
3133 1063 3586 1135 στρατοπεδάρχην
3613 1063 3686 1115 16v

2170 1159 2266 1213 106
2298 1157 2769 1227 Καντακουζηνοῦ
2802 1157 2914 1210 υἱὸν
2954 1156 3044 1209 διά
3072 1157 3170 1225 τὴν
3202 1153 3557 1223 συγγαμϐρῖας
3584 1170 3687 1218 συγ-

2173 1255 2394 1321 γένειαν
2422 1253 2514 1305 καὶ
2540 1251 2628 1305 διὰ
2666 1253 2760 1306 τὸν
2791 1248 3257 1321 πρωτοστράτορα
3282 1247 3371 1299 τὸν
3405 1245 3578 1298 ἑαυτοῦ
3605 1262 3689 1297 πα-

2173 1346 2331 1417 τέρα.
2367 1345 2478 1399 Καὶ
2503 1345 2597 1398 ἐὰν
2625 1343 2804 1415 δώσῃς
2837 1341 2916 1412 τῷ
2945 1339 3196 1412 Φραντζῇ
3236 1339 3294 1391 16
3323 1337 3546 1391 τοιοῦτον
3567 1335 3692 1402 669i-

2174 1453 2314 1502 κιον,
2342 1436 2370 1489 6
2398 1437 2520 1489 ὲστι
2570 1435 2789 1502 πρῶτον
2835 1431 2930 1488 τοῦ
2965 1431 3202 1500 μεγάλου
3246 1427 3687 1498 στρατοπεδάρχου.

2171 1528 2224 1581 τί
2259 1529 2599 1599 γενήσεται;
2643 1528 2836 1596 Ὅμως
2880 1525 2931 1580 εἰ
2971 1524 3204 1596 ἀρεστόν
3235 1525 3347 1576 ἐστι
3372 1523 3436 1591 τῇ
3483 1516 3689 1590 βασιλείᾳ

2175 1638 2296 1685 σου,
2349 1621 2717 1692 εὐεργέτησον
2771 1617 2922 1689 αὐτῷ
2958 1616 3018 1671 τὸ
3048 1617 3144 1671 τοῦ
3197 1614 3429 1685 μεγάλου
3463 1625 3689 1678 πριμικη·

2176 1713 2296 1784 ρίου
2327 1713 2607 1782 ὀφφίκιον,
2638 1712 2666 1766 6
2698 1713 2815 1764 ἐστι
2860 1711 3001 1780 μετὰ
3020 1707 3082 1762 16
3125 1705 3220 1760 106
3251 1702 3478 1776 μεγάλου
3506 1713 3689 1767 στρατο-

2173 1807 2471 1876 πεδάρχου.
2515 1827 2532 1858 ι
2564 1807 2624 1860 ὐ
2661 1806 2718 1859 δὲ
2751 1805 3007 1875 βασιλεὺς
3033 1798 3223 1857 εἶπεν·
3256 1819 3276 1852 :
3324 1793 3461 1863 Ἐγώ
3484 1810 3557 1846 σοι
3581 1805 3688 1859 προ·

2174 1904 2327 1955 εἰπον
2355 1903 2437 1954 ὅτι
2461 1901 2490 1953 6
2528 1900 2816 1969 Φραντζῆς
2857 1897 2918 1950 οὐ
2956 1895 3174 1965 δέχεται
3211 1889 3372 1963 229
3405 1885 3542 1941 οὐδὲν
3562 1879 3689 1946 6:930!-

2173 2010 2294 2047 κιον
2352 1993 2485 2061 παρ’
2536 1990 2700 2046 ἄλλου
2756 1987 3157 2060 κρατούμενον,
3189 1985 3239 2036 εἰ
3289 1981 3382 2034 καὶ
3431 1971 3690 2047 μειζότερον

2174 2085 2259 2154 εἴη
2287 2101 2302 2116 ·
2335 2085 2455 2148 πῶς
2499 2078 2598 2138 οὖν
2629 2082 2996 2152 καταδέξηται
3035 2080 3096 2134 τὸ
3130 2077 3227 2132 τοῦ
3275 2071 3498 2146 μεγάλου
3540 2080 3689 2135 πριμι·

2173 2179 2372 2250 κηρίου
2399 2195 2415 2246 ς
2441 2178 2592 2248 ὅμως
2626 2178 2692 2230 ὲκ
2719 2175 2976 2246 δευτέρου
3009 2172 3249 2243 λάλησον
3300 2163 3463 2234 αὐτῷ,
3491 2159 3574 2214 και
3601 2155 3690 2250 rad-

2178 2291 2278 2344 μεν
2317 2272 2416 2341 τὴν
2447 2271 2678 2341 γνώμην
2728 2268 2920 2324 αὐτοῦ.
2958 2285 2977 2320 ι
3012 2267 3218 2322 Λοιπὸν
3265 2261 3417 2322 αὖθις
3444 2252 3564 2327 ἦλθε
3590 2249 3690 2344 πρός

2178 2338 2245 2435 i‘"
2276 2367 2304 2420 ὁ
2341 2338 2515 2434 μ’έγὰις
2544 2338 2673 2428 δήοῖέξ
2715 2362 2892 2430 λέγων
2914 2374 2929 2390 ⁸
2963 2379 2983 2412 ι
3035 2363 3096 2414 ’0
3140 2355 3396 2430 βασιλεὺς
3431 2350 3526 2420 ἔφη
3555 2346 3620 2399 ὅτι
3649 2338 3691 2392 τὺ

2173 2457 2269 2512 τοῦ
2303 2457 2547 2526 μεγάλου
2585 2455 2983 2510 κοντοσταύλου
3025 2451 3306 2521 ὀφφίκιον,
3341 2445 3458 2500 ἐπεὶ
3496 2435 3688 2496 ὁπενθε·

2177 2553 2269 2622 ρὸς
2301 2550 2467 2604 αὐτοῦ
2499 2550 2614 2620 ἔχει
2640 2547 2823 2612 τοῦτο,
2849 2545 2975 2601 061s
3009 2547 3095 2598 σοὶ
3126 2543 3254 2599 οὔτε
3289 2541 3431 2610 ἄλλῳ
3459 2535 3556 2588 τινὶ
3578 2531 3684 2595 εὐερ-

2173 2643 2397 2711 γετήσει
2429 2641 2581 2707 αὐτὸ,
2630 2640 2766 2694 ἀλλὰ
2802 2638 2965 2693 δώσει
2995 2654 3080 2690 σοι
3121 2637 3184 2690 16
3213 2633 3307 2688 106
3357 2626 3575 2702 μεγάλου
3602 2635 3691 2711 πρέ·
3728 2675 3730 2678 .

2179 2710 2462 2805 μικηρῑου,
2499 2733 2638 2803 ὅπερ
2692 2732 2788 2784 καὶ
2831 2730 3048 2801 πρῶτον
3093 2729 3288 2783 τούτου
3347 2723 3480 2776 ἐστί.
3521 2737 3537 2770 ›
3568 2710 3692 2776 Κάϊὼ

2175 2823 2330 2880 εἷπον
2354 2826 2504 2896 αὑτῷ
2537 2827 2620 2879 ὃτι
2644 2845 2661 2878 :
2694 2825 2754 2878 Ei
2779 2826 2878 2880 καὶ
2902 2822 3123 2895 πρῶτόν
3155 2824 3272 2874 ἐστι
3298 2818 3358 2872 16
3385 2812 3474 2869 106
3507 2805 3691 2896 μεγάλαν

2174 2920 2368 2982 δουκὸς
2410 2890 2690 2986 δερ-φίκιον,
2722 2916 2886 2970 τοῦτο
2936 2890 2997 2968 οὐ
3031 2913 3175 2968 θέλω
3226 2905 3574 2980 ἀφαιρεθῆναι
3614 2890 3694 2949 ἀπ’)

2175 3014 2340 3068 ἄλλου
2373 3014 2468 3066 καὶ
2496 3013 2718 3083 δοθῆναι
2750 3012 2896 3081 ἐμοί’
2927 3029 2946 3064 ι
2989 3010 3084 3064 καὶ
3115 3008 3292 3070 οὕτως
3331 2997 3538 3065 διελύθη
3560 2986 3693 3046 ὀσύλ-

2173 3107 2355 3175 λογος,
2382 3105 2779 3168 Βουλευθέντος
2801 3104 2857 3157 δέ
2891 3120 2994 3174 μου
3029 3103 3169 3172 μετὰ
3195 3100 3305 3155 τῶν
3337 3087 3596 3163 συγγενῶν
3618 3095 3692 3152 μου

485 3181 654 3278 παβὰν
671 3212 767 3266 τοῦ
801 3213 1071 3282 βασιλέως
1093 3181 1200 3270 106
1234 3181 1446 3284 116196;
1499 3181 1624 3285 μ.οῶ
1659 3217 1749 3269 ὅτε
1799 3181 2072 3286 ᾠκοδόμει
2103 3219 2143 3275 C
2176 3201 2274 3254 καὶ
2300 3200 2471 3268 φίλων
2497 3199 2590 3252 καὶ
2619 3199 2840 3252 οἰκείων
2869 3197 3000 3267 περὶ
3022 3189 3096 3251 ὧν
3123 3199 3153 3250 ὁ
3180 3189 3428 3266 βασιλεῦὲ
3457 3201 3541 3256 μοι

487 3304 580 3356 16v
621 3303 857 3375 Ἰσθμόν.
891 3307 1042 3377 Πλὴν
1083 3306 1242 3362 δώσω
1284 3309 1435 3378 αὑτῷ
1461 3307 1650 3378 ἕτερον
1680 3309 1868 3379 μεῖζον
1913 3308 2076 3377 ὀφφί-

489 3429 599 3470 non
652 3415 896 3474 obstabit
949 3418 1187 3475 fortasse
1219 3461 1234 3487 ,
1298 3421 1598 3491 quominus
1648 3421 1916 3476 voluntati
1969 3432 2076 3476 tua:

489 3507 802 3578 obsequar:
828 3525 992 3580 quam
1013 3511 1211 3577 beabo,
1232 3499 1354 3568 cum
1375 3513 1602 3578 docebo,
1628 3529 1749 3584 quae
1771 3515 2074 3586 majestatis

489 3611 596 3656 tua:
617 3588 791 3673 gra'tia
817 3606 882 3660 de
904 3605 1017 3660 ﬁlia
1043 3622 1162 3662 mea
1195 3608 1516 3664 collocanda
1533 3608 1859 3676 decreverit,
1896 3609 2075 3678 deque

487 3693 711 3751 ditionis
737 3705 793 3751 et
813 3696 1079 3754 bonorum
1109 3701 1372 3769 praemiis,
1429 3716 1537 3771 prie
1565 3702 1796 3770 reliquis
1854 3701 2074 3758 feminis

489 3788 766 3845 nobilibus
799 3805 919 3846 eam
951 3803 1229 3849 erectura.
1279 3812 1299 3847 ›
1337 3793 1414 3850 lta
1466 3810 1589 3850 cum
1643 3804 1862 3866 tempus
1907 3811 2075 3863 pran-

489 3869 566 3932 dii
595 3881 834 3944 adesset,
893 3883 1213 3941 adoratione
1286 3883 1472 3951 facta,
1531 3885 1756 3941 domum
1818 3885 2071 3942 discessi.

488 3971 619 4029 Post
643 3975 932 4044 prandium
982 3995 1180 4050 magno
1227 3981 1354 4036 duci
1402 3981 1455 4035 in
1509 3981 1768 4051 palatium
1833 3981 2072 4036 venienti

489 4066 791 4136 imperator
823 4072 1032 4140 retulit,
1066 4089 1188 4143 quae
1215 4074 1284 4129 de
1308 4075 1558 4130 obeunda
1608 4074 1746 4128 milii
1799 4073 2075 4144 legatione

490 4174 704 4216 mecum
760 4167 982 4234 egisset,
1020 4181 1248 4224 causam
1301 4177 1483 4223 tamen
1517 4185 1625 4225 non
1659 4170 1916 4239 aperuit;
1975 4169 2074 4224 ad-

491 4252 629 4306 didit
664 4266 870 4322 autem,
928 4274 1154 4314 necesse
1215 4277 1360 4326 esse,
1429 4273 1488 4316 ut
1547 4264 1664 4332 ipse
1721 4277 1942 4334 quoque
1986 4277 2076 4319 me

493 4348 900 4409 culionestarct,
929 4351 1187 4420 quoniam
1234 4370 1460 4419 munus,
1491 4371 1602 4423 quo
1644 4355 1922 4426 fungerer,
1963 4371 2071 4411 non

492 4453 594 4495 sua
627 4440 825 4507 gratia,
862 4444 956 4496 sed
1006 4444 1378 4514 imperatoris,
1445 4445 1634 4504 fratris
1687 4450 1796 4512 sui,
1835 4450 2074 4503 benevo-

2178 3295 2428 3363 γείλατο,
2461 3293 2558 3347 καὶ
2586 3291 2769 3356 καλῶς
2789 3293 2959 3346 πᾶσιν
2986 3290 3170 3355 ἔδοξεν
3210 3290 3296 3344 ἵνα
3323 3286 3383 3339 16
3411 3271 3696 3335 συνοικέσιον

2178 3414 2234 3460 et
2267 3414 2466 3460 cuncta
2499 3405 2687 3461 retulit
2721 3403 3082 3476 imperatori:
3129 3403 3227 3474 qui
3263 3403 3376 3456 haec
3423 3393 3471 3449 ei
3515 3397 3698 3455 κενου·

2177 3498 2291 3553 dit:
2331 3518 2350 3551 :
2387 3499 2520 3554 lllud
2565 3498 2783 3568 quidem
2824 3512 3024 3554 munus
3073 3484 3573 3560 neminiimpertio.
3599 3489 3702 3546 (ιυο-

2177 3594 2323 3646 uiam
2367 3592 2630 3662 pristinus
2674 3590 2852 3646 aliinis
2897 3605 3052 3646 meus
3108 3601 3340 3658 magnus
3381 3568 3702 3638 contostaulus

2177 3694 2283 3750 est,
2317 3694 2546 3740 ornatus
2588 3698 2650 3740 ea
2693 3683 2963 3754 dignitate
3001 3681 3056 3735 in
3113 3679 3484 3748 Peloponnesn
3513 3684 3538 3723 8
3588 3669 3702 3754 Pam

2177 3791 2300 3832 meo
2325 3777 2674 3847 imperatore,
2695 3791 2817 3831 cum
2846 3775 3102 3830 Isthmum
3124 3774 3378 3828 muniret.
3398 3763 3577 3820 Verum
3597 3752 3702 3809 dabo

2177 3871 2251 3925 illi
2277 3871 2426 3926 aliud
2481 3872 2659 3937 majus
2691 3885 2911 3935 munus,
2974 3868 3160 3939 magni
3205 3865 3503 3936 log0tlietie.
3546 3873 3562 3906 ι

2176 3961 2286 4015 dux
2314 3979 2328 4015 :
2372 3979 2390 4013 :
2421 3959 2564 4026 Quid
2587 3960 2773 4029 igitur,
2807 3959 3009 4028 inquit,
3039 3958 3105 4012 de
3131 3955 3434 4024 Palaaologo
3460 3940 3701 4003 Metochila

2176 4053 2309 4109 ﬁet?
2343 4072 2361 4106 ι
2428 4052 2786 4122 Addiditque,
2849 4062 2911 4108 ut
2959 4051 3142 4122 magni
3177 4043 3466 4122 primicerii
3525 4042 3702 4093 munus.

2175 4147 2326 4216 quod
2392 4155 2517 4216 post
2569 4143 3035 4216 stratopedarcbae
3096 4158 3298 4198 munus
3346 4135 3591 4206 sequitur,
3621 4135 3703 4199 που

2178 4242 2303 4306 hoc,
2347 4239 2478 4295 mihi
2505 4239 2682 4294 daret.
2727 4256 2746 4290 :
2787 4236 2907 4306 ipsa
2934 4237 3106 4301 enim,
3137 4237 3333 4305 inquit,
3373 4227 3609 4298 majestas
3636 4226 3704 4314 tuti

2178 4333 2368 4390 fratris
2420 4333 2660 4400 despotze
2735 4340 2926 4402 rogatu
2990 4327 3490 4400 stratOpedarcbam
3560 4311 3704 4371 fecisli

2177 4424 2744 4482 Cantacuzenitilium
2803 4433 3024 4492 propter
3089 4422 3406 4477 aﬂinitatem
3456 4420 3505 4467 et
3534 4413 3702 4478 patrem

494 4533 659 4588 lentia
690 4535 820 4590 mihi
857 4536 1198 4608 impertitum
1258 4549 1450 4605 esset;
1491 4541 1883 4612 mandavitque
1937 4541 2072 4608 ei,ut

2178 4519 2298 4589 ejus
2333 4525 2810 4588 protostratorcm.
2842 4515 3127 4570 Phrantzaz
3156 4516 3323 4584 igitur
3350 4509 3396 4587 si
3416 4501 3606 4562 dederis
3626 4500 3705 4616 tum

492 4628 637 4696 quod
680 4645 883 4688 munus
909 4641 1176 4702 optarem,
1203 4649 1271 4690 ex
1301 4651 1386 4691 me
1419 4646 1692 4706 quaereret
1743 4645 1797 4692 et
1831 4635 1935 4690 sibi
1989 4650 2077 4689 re-

495 4720 792 4776 nuntiaret.
869 4723 1059 4795 ltaque
1110 4726 1376 4783 dimissus
1432 4728 1565 4794 dux,
1626 4727 1720 4782 ubi
1775 4740 1863 4780 me
1917 4725 2074 4793 vidit,

465 4813 728 4882 _r0gavit,
793 4817 941 4897 quod
999 4834 1198 4875 munus
1236 4821 1305 4875 ab
1361 4820 1697 4890 imperatore
1753 4818 1886 4873 mihi
1953 4817 2073 4872 dari

495 4919 778 4973 cuperem.
809 4908 890 4964 Ad
923 4925 1044 4980 quae
1070 4912 1142 4966 ita
1177 4913 1466 4981 respondi:
1505 4931 1523 4964 :
1575 4912 1793 4967 Possim
1819 4911 2075 4981 equidem

498 5013 699 5053 lllllllllS
735 5003 911 5072 majus
946 5019 1092 5059 nunc
1124 5016 1328 5075 petere,
1362 5006 1504 5076 quod
1542 5005 1684 5059 alin-3
1719 5020 1829 5059 non
1856 5003 2076 5068 habeat,

495 5094 751 5163 quodque
782 5112 872 5150 me
904 5098 1028 5166 vivo
1089 5109 1288 5169 praeter
1341 5113 1424 5152 me
1464 5097 1673 5153 nemini
1705 5097 2076 5165 impertiatur.

495 5186 652 5251 Quod
717 5188 947 5246 bones:e
980 5193 1254 5262 petiturus
1295 5192 1429 5245 mihi
1468 5191 1678 5256 videor,
1713 5191 1864 5261 quia,
1919 5200 2078 5246 ante-

495 5294 660 5348 quam
718 5280 1121 5352 Trapezuntem
1154 5283 1406 5345 discessi,
1445 5282 1712 5352 plurimas
1769 5283 2078 5337 calumnias

494 5380 551 5424 et
609 5373 1022 5430 criminationes
1080 5385 1339 5445 expertus
1395 5391 1519 5429 sum
1557 5390 1619 5429 ac
1657 5376 1881 5444 pertuli,
1943 5375 2074 5445 quia

497 5463 588 5516 alii
629 5463 739 5518 duo
767 5480 1024 5533 proceres
1053 5468 1103 5520 in
1137 5467 1315 5522 ofﬁcio
1339 5478 1547 5535 essent,
1583 5469 1728 5539 quod
1772 5470 1949 5524 habeo
1976 5486 1989 5522 :
2021 5467 2075 5522 id

498 5557 644 5621 quod
677 5557 851 5611 nolui.
879 5557 1090 5628 Itaque,
1117 5570 1174 5614 ut
1210 5570 1464 5615 eventum
1501 5561 1697 5616 habeat
1723 5563 1899 5616 oratio
1934 5575 2077 5627 mea,

498 5650 717 5714 quando
749 5658 808 5705 tu
840 5651 911 5706 ita
932 5652 1114 5723 jubes,
1149 5653 1309 5724 cupio
1341 5654 1619 5724 equidem,
1653 5654 1695 5708 si
1737 5654 2080 5723 imperatori,

501 5747 725 5803 domino
751 5761 893 5812 meo,
916 5755 1199 5817 acceptum
1246 5749 1340 5814 sit,
1387 5757 1444 5802 ut
1479 5749 1755 5818 impertiat
1793 5747 1924 5802 inibi
1957 5763 2080 5800 mu—

507 5853 608 5896 nus
669 5839 853 5910 magni
912 5843 1258 5898 contestauli.
1297 5860 1341 5914 _)
1395 5839 1473 5896 Ita
1538 5841 1788 5898 discessit
1849 5839 2080 5894 Notaras

2181 4588 2445 4675 ofﬁcium,
2478 4609 2627 4680 quod
2653 4609 2831 4678 majus
2870 4618 2953 4664 est
2980 4607 3247 4678 dignitate
3273 4588 3704 4686 stratopetlarclntn.

2179 4703 2312 4772 quid
2343 4701 2590 4758 futurum
2625 4703 2749 4758 est?
2791 4700 2896 4758 Sed
2942 4710 3148 4767 tamen,
3197 4701 3242 4755 si
3286 4697 3453 4767 placet
3483 4690 3548 4742 ita
3573 4689 3707 4772 male:

2179 4766 2308 4849 stati
2337 4804 2465 4862 tum,
2488 4795 2668 4864 magni
2692 4793 2990 4863 primicerii
3017 4766 3218 4849 munus
3244 4766 3316 4846 illi
3346 4781 3566 4853 imperti,
3590 4766 3705 4842 tl“od

2182 4901 2382 4956 magno
2439 4887 2902 4955 stratopedarcba:
2967 4887 3276 4956 proximum
3329 4887 3430 4934 est.
3469 4893 3487 4926 ι
3542 4869 3703 4923 Contra

2184 4977 2299 5034 haec
2325 4978 2657 5048 imperator:
2719 4997 2736 5030 :
2774 4976 2895 5034 Jam
2951 4987 3080 5032 ante
3134 4976 3230 5032 tibi
3269 4974 3399 5036 dixi,
3444 4967 3703 5021 Pbrantzen

2185 5088 2291 5126 non
2322 5082 2677 5142 accepturum
2708 5072 3055 5142 dignitatem,
3084 5084 3248 5141 quam
3289 5080 3409 5122 cum
3460 5059 3557 5151 alio
3573 5060 3706 5151 ’ξοην

2186 5180 2406 5220 munem
2465 5164 2758 5220 habiturus
2801 5164 2894 5227 sit,
2953 5162 3168 5217 etiamsi
3227 5160 3300 5214 sit
3352 5143 3706 5240 praestabilior.

2183 5259 2462 5328 quomodo
2488 5258 2650 5328 igitur
2679 5257 2915 5326 accipiet
2951 5270 3155 5311 munus
3191 5249 3370 5321 magni
3412 5222 3710 5315 primicerii"

2186 5366 2375 5406 verum
2410 5361 2464 5406 tu
2517 5353 2712 5406 iterum
2769 5363 2893 5403 eum
2956 5346 3210 5410 conveni,
3270 5351 3327 5396 ut
3361 5333 3707 5408 cognoscamus

2183 5445 2521 5501 voluntatem
2547 5444 2719 5514 ejus.»
2757 5443 2945 5511 Itaque
2975 5442 3168 5496 iterum
3197 5436 3264 5492 ad
3287 5449 3371 5490 me
3399 5427 3600 5484 veniens
3621 5425 3709 5514 nta-

2185 5553 2324 5607 gnus
2352 5535 2503 5591 dux:
2547 5513 3047 5604 :lmperator,ait,
3095 5532 3248 5593 dixit,
3305 5519 3479 5592 magni
3553 5513 3708 5607 contui

2186 5604 2351 5684 stauli
2395 5627 2656 5694 oﬂicium,
2711 5641 2820 5696 quo
2861 5625 3035 5695 ipsius
3091 5622 3262 5678 alliaiis
3314 5616 3578 5682 fungatur.
3626 5604 3708 5649 “ec

2189 5721 2288 5778 tibi
2324 5737 2425 5776 nec
2460 5721 2553 5776 alii
2594 5723 2849 5791 cuiquam
2900 5735 2958 5776 se
2995 5721 3268 5779 daturum,
3301 5709 3391 5768 Sed
3424 5696 3704 5791 ornaturutn

2189 5825 2241 5873 te
2277 5831 2401 5872 esse
2439 5815 2620 5886 magni
2655 5814 2952 5883 primicerii
2997 5824 3240 5872 munere,
3273 5801 3410 5876 quod
3441 5794 3588 5852 etiam
3618 5789 3709 5835 Illa‘
