3964 6456
276 445 390 513 829

1340 450 1781 538 CHBONICON
1821 452 2092 517 auus.
2119 478 2190 491 —
2219 453 2367 516 LIB.
2409 453 2527 516 ιη.

3448 461 3553 525 830

275 572 382 642 τῆς
421 571 565 642 ἐμῆς
596 567 875 641 θυγατρὸς
906 568 1137 640 γενηται
1163 583 1177 599 ·
1208 568 1340 640 περὶ
1362 569 1432 641 ¹δὲ
1462 570 1559 625 τοῦ
1581 569 1865 641 ὀφφικίου,
1892 565 1943 625 Α
1972 570 2072 640 ραν
2094 568 2147 624 τί
2175 569 2267 625 διὰ
2294 569 2390 624 τοῦ
2422 569 2619 639 ίερέως
2649 570 2948 628 Ἀντωνίου
2978 572 3173 645 μηνύει
3209 592 3338 645 μοι;
3371 596 3390 630 ι
3422 575 3557 633 Εἶτα

274 664 355 730 ώς
383 665 446 718 τδ
469 664 634 734 φέρον
667 663 833 734 φέρῃ,
873 663 970 718 καὶ
998 661 1223 717 ἀπέλθω
1256 664 1354 720 καὶ
1399 662 1481 727 εἰς
1527 662 1869 738 Πελ-οπόννη-
1900 656 1911 669 “

278 776 377 813 σον
411 759 508 813 καὶ
538 756 794 827 Κύπρον,
817 756 915 811 καὶ
945 757 1043 811 σὺν
1071 757 1199 837 ἐμοὶ
1226 756 1345 827 άρω
1390 756 1486 810 καὶ
1518 757 1610 811 τὸν
1641 756 1866 823 ἄριστόν

281 869 391 923 μου
449 851 569 904 υίὸν
605 851 703 904 τὸν
739 849 837 904 καὶ
884 849 1177 917 κρείττονα
1202 851 1389 921 σχεδὸν
1420 851 1599 903 εἰπεῖν
1645 849 1867 904 πάντων
1910 844 1918 851 ’

276 946 392 1001 τῶν
418 944 834 1015 συνηλικιωτῶν
861 943 1056 1008 αὐτοῦ,
1088 944 1185 997 καὶ
1229 942 1339 997 ἀπὸ
1369 942 1467 1014 τῆς
1504 942 1733 1013 κινητῆς
1762 959 1865 1012 μου

278 1038 608 1110 περιουσίας
634 1038 697 1092 τὸ
730 1039 898 1094 πλέαν
951 1038 1147 1109 μέρος,
1177 1037 1276 1091 καὶ
1301 1037 1564 1092 ἀπελθεῖν
1600 1038 1753 1108 ἡμᾶς
1777 1036 1868 1092 διὰ

281 1129 477 1201 ξηρᾶς,
508 1129 659 1194 ὅπως
690 1130 946 1194 κάκεῖνος
985 1129 1072 1201 ίδη
1107 1130 1236 1194 τοὺς
1272 1121 1478 1193 τόπους
1504 1130 1602 1184 καὶ
1639 1130 1866 1184 παιδευ-

281 1222 515 1292 θήσεται
570 1223 651 1286 εἰς
697 1223 811 1277 πᾶν
837 1223 905 1276 τὸ
934 1225 1234 1294 χρήσιμον
1269 1225 1330 1277 ἐν
1376 1224 1457 1293 τῷ
1497 1223 1631 1295 βίῳ·
1665 1223 1763 1278 καὶ
1819 1224 1868 1278 εἰ

283 1314 489 1385 ἴδωμεν
518 1315 605 1369 ὅτι
634 1315 862 1386 ἀμηρᾶς
889 1314 1019 1370 καθ’
1050 1313 1210 1387 ἡμῶν
1248 1314 1503 1386 βούλεταί
1530 1333 1583 1369 τι
1615 1315 1867 1384 ποιῆσαι,

282 1407 437 1462 ἐάσω
465 1407 560 1462 τὸν
588 1408 709 1462 υἰόν
739 1424 842 1480 μου
875 1409 937 1462 ὲν
964 1411 1033 1480 τῇ
1073 1408 1469 1480 Πελοποννήσῳ
1494 1409 1633 1477 μετὰ
1664 1410 1761 1477 τῆς
1783 1426 1872 1462 κι-

178 1534 187 1541 -
283 1496 459 1572 νήτῆς
490 1517 596 1571 μου
622 1500 916 1570 ὅπάρξεως
940 1500 1096 1572 παρὰ
1121 1502 1233 1568 τοίς
1253 1503 1543 1573 μητρικοῖς
1575 1502 1740 1573 230
1763 1520 1869 1573 μου

283 1593 535 1661 γνησίοις
595 1594 916 1662 συγγενέσι,
946 1595 1062 1658 τοῖς
1110 1593 1464 1649 ητοικοῦσιν
1502 1596 1562 1650 ἐν
1606 1598 1727 1659 ταῖς
1759 1596 1872 1666 χώ-

285 1702 414 1756 ραις
465 1684 562 1739 τοῦ
604 1686 1028 1757 μελλογάμὸρου
1058 1691 1182 1758 ’μου
1206 1700 1222 1719 ⁶
1258 1689 1310 1743 εἰ
1342 1687 1402 1742 δὲ
1450 1688 1553 1743 οὐκ
1608 1690 1796 1744 ἔσεταί
1820 1707 1871 1742 τι

285 1776 413 1832 καθ’
454 1777 640 1848 ἡμῶν,
674 1779 1065 1851 ὲπαναστρίψῃ
1096 1779 1263 1835 πάλιν
1293 1780 1394 1835 σὺν
1428 1782 1554 1853 ἐμοὶ
1588 1783 1645 1835 ὲν
1670 1785 1736 1854 τῇ
1766 1800 1873 1837 πα-

284 1870 453 1941 τρίδι.
496 1869 732 1926 Ἕνεκεν
791 1872 986 1928 λοιπὸν
1018 1873 1135 1927 τῶν
1192 1874 1508 1946 εἰρημένων
1557 1876 1752 1932 πασῶν
1782 1878 1872 1931 αἰ-

286 1963 442 2032 τιῶν,
471 1964 723 2036 δηλονότι
772 1965 873 2020 τοῦ
908 1950 1276 2021 ’συνοικεσίου
1313 1967 1415 2037 τῆς
1458 1966 1730 2038 θυγατρός
1765 1984 1869 2039 μου

290 2056 388 2111 καὶ
416 2057 521 2131 τῆς
555 2057 745 2130 μάχης
777 2058 1027 2129 ὑποψίας
1065 2059 1306 2114 καὶτῶν
1346 2059 1577 2127 λοιπῶν,
1608 2060 1685 2122 ὡς
1711 2060 1870 2132 προεί

286 2164 487 2220 πομεν,
515 2151 549 2222 ή
583 2150 843 2216 σύνιυνός
894 2169 997 2225 μου
1034 2152 1388 2224 συνεχώρησε
1416 2152 1517 2223 τήν
1557 2152 1722 2221 πάλιν
1749 2152 1870 2218 ἐξέ-

287 2245 474 2298 λευσίν
517 2258 645 2314 μου.
693 2245 907 2310 Ὠςςοῦν
933 2246 996 2300 τὸ
1033 2246 1134 2309 τῆς
1180 2245 1447 2318 θυγατρός
1485 2263 1589 2317 μου
1619 2247 1870 2301 συνοικέ-

289 2356 406 2393 σιον
439 2338 860 2410 διωρθώσαμεν,
914 2339 1249 2409 ποιήσαντες
1296 2341 1366 2396 τὰ
1400 2340 1871 2413 προικοσύμφωνα

285 2429 381 2484 καλ⁵
419 2424 730 2499 ίερολογίαν
759 2429 857 2483 τοῦ
895 2428 1245 2502 ἀρῤαόὧνος,
1281 2429 1379 2483 καὶ
1417 2430 1597 2500 χαρὰν
1627 2429 1717 2484 διὰ
1743 2429 1871 2493 τοὺς
1910 2466 1921 2473 -

283 2520 504 2592 γάμους
562 2521 919 2592 ποιήσαντες,
974 2520 1155 2575 πάντα
1200 2520 1268 2574 τὰ
1328 2520 1606 2590 ἀναγκαῖα
1652 2520 1740 2576 διὰ
1769 2523 1870 2591 τὴν

282 2616 403 2670 ὁδὸν
450 2615 915 2687 ᾠκονομήσαμεν,
975 2615 1026 2669 εί
1080 2613 1158 2684 μὴ
1227 2614 1389 2685 μόνον
1435 2614 1535 2678 τὰς
1584 2612 1871 2684 βασιλικὰς

284 2708 622 2780 προστάξεις
674 2708 766 2764 διὰ
825 2708 1180 2779 γραμμάτων
1232 2707 1609 2779 προσεδόκουν
1659 2705 1869 2763 λαϐεῖν.

285 2803 397 2857 Καὶ
410 2800 664 2855 ἀπελθὼν
683 2801 763 2865 εἰς
784 2794 846 2855 τδ
864 2799 1122 2856 παλάτιον
1144 2800 1468 2873 εἰσελήλυθα
1489 2800 1638 2854 ενδον
1663 2800 1757 2854 τοῦ
1774 2799 1871 2854 τοῦ

286 2890 550 2962 βασιλέως
570 2890 809 2958 κελλίου,
839 2892 917 2955 ὡς
945 2889 1175 2961 σύνηθές
1206 2909 1318 2962 μοι,
1351 2892 1447 2947 καὶ
1459 2891 1560 2964 οὐχ
1583 2891 1743 2963 εὖρον
1773 2892 1876 2946 αύ-

285 2988 400 3040 τόν.
429 2984 564 3054 Περῒ
596 2983 658 3038 οὗ
680 2983 963 3056 ἠρώτησα,
983 2985 1081 3039 καὶ
1102 2985 1302 3057 testor;
1326 3001 1418 3056 μοι
1433 2986 1585 3041 ὄτιὲν
1610 2985 1688 3057 τῷ
1706 3002 1876 3057 τρασ-

290 3078 443 3148 σάρῳ
468 3071 731 3148 δωματίῳ
759 3078 934 3150 ἑτέρῳ
984 3077 1218 3149 πλησίον
1284 3078 1380 3132 τοῦ
1405 3077 1640 3149 Ικελλίου
1705 3077 1874 3133 αὐτοῦ

289 3169 574 3225 συνελάλει
606 3171 684 3242 τῷ
715 3161 854 3240 θερεῖ
890 3170 1157 3243 Ἀντωνίῳ
1183 3170 1262 3242 τῷ
1276 3170 1484 3243 Ῥοδίῳ.
1504 3171 1677 3242 Κάγὼ
1701 3188 1874 3242 προσ-

1973 661 2305 734 παραλιπὼν
2340 662 2442 731 τὴν
2489 660 2647 732 ὕϐριν
2676 661 2829 732 λέγει
2883 683 2978 735 μοι
3026 667 3213 734 πάλιν,
3255 687 3274 722 ι
3317 670 3390 723 Σὺ
3429 669 3556 738 sca-

1972 771 2148 826 τησας
2177 754 2239 809 τὸ
2269 756 2528 825 ὀφφίκιον
2557 756 2655 810 τοῦ
2700 758 2941 827 μεγάλου
2972 761 3368 816 κοντοπταύλου
3389 779 3405 797 ο
3440 764 3554 832 ἐγὼ

1974 845 2133 919 εἷπον
2157 848 2238 919 τῷ
2260 849 2488 922 Νοταρᾷ
2515 851 2598 904 ὅτι
2628 849 2754 904 οὕτε
2783 844 2933 922 ἄλλῳ
2959 854 3070 907 τινὶ
3095 854 3255 909 δώσω
3283 857 3374 911 διά
3402 874 3555 920 τινας

1975 941 2159 1008 αἰτίας
2193 943 2271 1007 ώς
2307 939 2497 998 εἷπον·
2523 943 2642 1000 ἀλλ’
2689 944 2831 1015 ἔφην
2861 945 3012 1018 αὐτῷ
3057 949 3148 1003 ἵνα
3181 948 3338 1003 δώσω
3372 968 3457 1005 σοι
3493 951 3555 1002 τὺ

1973 1034 2234 1107 ὀφφίκιον
2261 1036 2358 1091 τοῦ
2392 1037 2638 1107 μεγάλου
2666 1038 2979 1109 λογοθέτου.
3024 1040 3085 1098 '0
3113 1041 3171 1096 δὲ
3198 1038 3320 1098 εῑπέ
3348 1061 3440 1113 μοι
3471 1045 3556 1099 ὅτι

1976 1129 2026 1183 εἰ
2064 1129 2096 1183 6
2144 1128 2524 1199 Παλαιολόγος
2568 1132 2728 1203 231
2765 1136 2793 1188 6
2836 1133 3015 1204 μέγας
3067 1137 3557 1208 στρατοπεδάρχης

1974 1219 2184 1292 ἀκούσῃ
2214 1219 2397 1286 τοῦτο,
2437 1222 2490 1276 τί
2533 1225 2865 1293 γενήσεται,
2903 1226 2953 1280 εἰ
2997 1227 3081 1280 σοὶ
3112 1228 3463 1297 εὐεργετήσω
3497 1229 3557 1280 rb

1975 1311 2221 1367 τοιοῦτον
2272 1313 2514 1384 ἀξίωμα.
2565 1317 2681 1371 Καὶ
2732 1319 2977 1389 σήμερον
3020 1319 3262 1374 ἔστειλεν
3317 1320 3377 1374 6v
3417 1318 3558 1382 εἶδες

1977 1401 2239 1470 ἐξελθεῖν,
2267 1404 2361 1458 τὸν
2388 1407 2449 1458 ὲν
2473 1407 2722 1476 σχήματι
2754 1409 2855 1463 καὶ
2874 1409 3083 1483 θεωρίᾳ
3109 1413 3448 1480 ἐπιτήδειον,
3479 1411 3556 1483 τῷ

1975 1494 2034 1549 δὲ
2057 1496 2253 1568 τρόπῳ
2276 1496 2377 1551 καὶ
2402 1497 2486 1552 νοῒ
2519 1500 2785 1570 ἄγροικον
2813 1501 2912 1556 καὶ
2960 1504 3410 1573 ἀνωφελέστατον
3436 1506 3558 1560 Ἀν·

1976 1587 2173 1644 τώνιον
2198 1590 2374 1659 ίερέα,
2403 1591 2575 1644 αἰτῶν
2624 1609 2719 1662 μοι
2750 1592 2840 1646 ἵνα
2877 1597 3098 1664 τιμήσω
3136 1597 3264 1660 τοὺς
3292 1600 3556 1651 σκαιοτά-

1976 1696 2106 1745 τους
2130 1681 2249 1735 καί·
2282 1681 2584 1746 ἀσυνέτους
2635 1684 2790 1748 υίοὺς
2819 1686 3014 1748 αὐτοῦ,
3060 1686 3152 1740 τὸν
3185 1688 3283 1757 μὲν
3340 1689 3557 1758 πρῶτον

1984 1773 2159 1843 μέγαν
2182 1773 2502 1846 λογοθέτην,
2530 1776 2623 1830 τὸν
2652 1776 2709 1830 δὲ
2747 1776 3003 1848 δεύτερον
3034 1776 3211 1848 μέγαν
3238 1781 3561 1835 κοντόσταυ-

1978 1866 2094 1932 λον,
2143 1868 2269 1923 tutel.
2321 1868 2576 1933 καὶτοὺς
2626 1870 2865 1942 ἐσθῆτας
2921 1874 3129 1938 ἐκεῖνος
3174 1874 3356 1946 ἄρχει,
3420 1879 3559 1947 ὅπερ

1974 1961 2124 2015 ἔστιν
2150 1963 2185 2031 ή
2217 1962 2497 2034 ὑπηρεσία
2525 1962 2621 2017 τοῦ
2653 1964 2820 2018 αὐτοῦ
2855 1967 3139 2037 ὀφφικίου.
3172 1968 3379 2024 Λοιπὸν
3410 1968 3559 2040 λέγω

1971 2055 2331 2129 εὐεργετήσω
2359 2058 2546 2120 αὐτοῖς
2588 2057 2728 2112 ἄλλα
2767 2058 3006 2128 ὀφφίκια
3058 2062 3201 2130 μετὰ
3243 2064 3461 2132 καιρὸν,
3496 2066 3557 2117 οὐ

1971 2148 2247 2218 τοσαύτης
2303 2148 2462 2214 ἀξίας
2511 2149 2685 2220 ὅμως.
2735 2150 2855 2205 ἀλλ’
2910 2149 3311 2206 ἐλάττοναοσὺ
3348 2154 3404 2208 δὲ
3456 2154 3559 2225 ἔσῃ

1971 2240 2081 2296 ἀπὸ
2116 2242 2212 2295 τοῦ
2246 2240 2344 2295 νῦν
2394 2242 2570 2311 μέγας
2597 2243 2917 2316 λογοθέτης.
2953 2244 3128 2298 Τοῦτο
3157 2244 3221 2298 δὲ
3259 2245 3355 2301 καί
3392 2245 3558 2315 μόνον

1972 2333 2343 2405 παραγγέλλω
2374 2352 2478 2399 σοι,
2511 2337 2594 2389 ὅτι
2640 2336 2732 2390 διὰ
2761 2336 2830 2390 τὰ
2877 2334 3173 2406 συμϐάντα
3203 2333 3303 2390 τοῦ
3359 2336 3556 2406 καιροῦ

1973 2426 2069 2478 καὶ
2093 2425 2195 2488 τὰς
2227 2424 2579 2491 ποικιλώδεις
2607 2425 2837 2498 γνώμας
2865 2426 2975 2481 τῶν
3008 2426 3295 2496 ἀρχόντων
3333 2426 3428 2480 καὶ
3457 2427 3555 2481 ἄλ-

1971 2517 2069 2582 λας
2116 2519 2291 2580 αἰτίας
2347 2520 2422 2590 μὴ
2483 2520 2891 2591 προσκυνήσεις
2927 2532 3000 2590 με
3065 2520 3149 2584 εἰς
3201 2524 3554 2592 παράστασιν

1971 2611 2191 2682 ἑορτῆς,
2230 2611 2308 2676 ώς
2335 2611 2516 2679 ἔξεστι
2538 2611 2617 2684 τῷ
2650 2612 2893 2683 ὀφφικίῳ
2924 2630 3045 2679 σου,
3071 2615 3120 2668 εί
3148 2615 3223 2686 μὴ
3244 2616 3273 2668 6
3304 2615 3558 2687 Νοταρᾶς

1971 2705 2176 2776 γράψει
2200 2706 2261 2760 ἒν
2292 2709 2415 2770 ταῖς
2456 2707 2595 2778 πρὸς
2627 2706 2757 2771 τοὺς
2787 2707 3161 2777 αὑταδέλφους
3204 2725 3306 2779 μου
3335 2709 3429 2763 κοιλ⁵
3457 2709 3557 2777 τὴν

1972 2797 2205 2869 ἀνεψιάν
2262 2815 2366 2869 μου
2399 2797 2501 2869 τὴν
2549 2798 2824 2870 ρήγισσαν
2850 2798 3192 2866 ἐπιστολαῖς,
3224 2800 3319 2853 καὶ
3369 2801 3558 2864 ἁπλῶς

1973 2890 2113 2961 πρὸς
2167 2889 2381 2953 πάντας
2415 2888 2512 2954 οὓς
2548 2888 2734 2959 μέλλω
2780 2889 3015 2960 γράψειν
3065 2891 3328 2962 περὶτῆς
3378 2894 3559 2945 ἐκεῖσε

1972 2982 2310 3054 ἀποδημίας,
2350 2976 2417 3037 ei}
2469 2983 2527 3036 δὲ
2556 2982 2919 3053 ἀντιγράψεις
2964 2972 3132 3036 πάλιν
3171 2984 3382 3037 ἐκεῖθεν
3424 2984 3560 3055 πρός

1978 3091 2048 3146 με
2073 3075 2170 3130 καὶ
2199 3075 2338 3146 πρὸς
2364 3075 2580 3139 πάντας
2615 3075 2711 3129 τοῦ
2735 3075 2888 3129 οἴκου
2921 3093 3039 3134 σου.
3077 3078 3141 3130 Ei
3182 3076 3278 3130 καὶ
3300 3077 3357 3128 ὲν
3384 3075 3561 3146 τούτῳ

1975 3165 2054 3238 τῷ
2090 3165 2246 3237 μέσῳ
2284 3167 2566 3221 ἀκούσωσι
2602 3167 2652 3219 oi
2684 3167 2758 3238 μὴ
2789 3166 3062 3234 θέλοντες,
3094 3168 3188 3222 καὶ
3226 3168 3276 3219 εί
3323 3167 3561 3237 φανήσε-

290 3263 484 3333 μείνας
514 3263 735 3335 μικρὸν,
771 3264 885 3319 ἰδοὺ
913 3264 943 3316 6
993 3263 1250 3334 βασιλεὺς
1295 3263 1661 3335 ἐξερχόμενος
1694 3264 1869 3332 θυμοῦ
1896 3287 1941 3347 c
1977 3279 2073 3316 ται
2096 3262 2283 3327 αὐτοῖς
2314 3261 2647 3333 αύστηρὸνή
2689 3261 2910 3332 πικρὸν,
2954 3259 3225 3324 θέλοντες
3247 3260 3339 3312 καὶ
3367 3259 3442 3327 μὴ
3476 3259 3563 3310 θέ-

286 3353 471 3410 πνὲων
498 3354 648 3426 λέγει
690 3369 782 3427 μσι
806 3370 822 3386 ⁸
861 3368 882 3409 ι
919 3353 1080 3422 Εῐδες
1108 3356 1206 3410 τδν
1237 3356 1555 3428 μεσάξοντα
1578 3357 1670 3411 τὸν
1697 3357 1873 3411 Νοτσ-
1977 3355 2162 3420 λοντες
2193 3354 2543 3410 καταπίωσιν
2575 3354 2731 3411 αὑτό.
2766 3372 2789 3408 ι
2835 3352 2977 3423 Ἐγὼ
3020 3353 3079 3407 δὲ
3132 3352 3444 3426 ἀπεκρίθην
3482 3353 3562 3423 τῷ

279 3540 371 3611 jus
397 3538 494 3594 illo
522 3546 629 3595 est.
655 3557 674 3591 ι
720 3538 821 3599 Cui
856 3538 1144 3609 rGSpondi,
1175 3538 1390 3595 etiamsi
1429 3540 1612 3610 majus
1642 3546 1790 3597 esset
1817 3539 1872 3595 id

285 3630 519 3688 ofﬁcium
554 3630 733 3700 magni
764 3631 922 3686 ducis
978 3630 1178 3697 otiicio,
1211 3640 1392 3687 tamen
1428 3646 1538 3687 non
1578 3646 1870 3701 passurum

287 3736 374 3780 me
403 3735 548 3791 esse,
582 3722 671 3776 alii
715 3719 769 3775 id
806 3722 1127 3792 deregatum
1169 3722 1226 3777 in
1282 3737 1370 3779 me
1403 3722 1669 3790 conferri,
1704 3731 1873 3794 atque

287 3819 363 3874 ita
397 3818 563 3874 linem
616 3815 808 3872 habuit
854 3816 1221 3887 colloquium.
1268 3816 1635 3873 Consultante
1690 3827 1870 3873 autem

287 3925 376 3967 me
409 3925 532 3966 cum
572 3909 839 3987 cognatis,
892 3908 1084 3964 amicis
1129 3917 1184 3964 et
1228 3907 1601 3964 familiaribus
1663 3908 1732 3963 de
1780 3907 1869 3973 iis,

288 4016 409 4073 quae
438 4003 733 4072 imperator
761 4000 893 4056 mihi
918 4011 1301 4072 proposuerat.
1362 4000 1619 4058 omnibus
1648 4000 1871 4057 videbac

290 4108 396 4161 tur,
415 4104 478 4152 ut
502 4094 818 4165 coniugium
845 4094 968 4150 tilia:
1001 4108 1134 4151 mea:
1167 4095 1341 4161 ﬂeret,
1365 4094 1434 4151 de
1484 4093 1660 4149 oiiicio
1685 4102 1868 4150 autem

290 4192 520 4245 fortuna:
556 4203 645 4244 me
670 4190 1092 4255 committerem,
1120 4196 1286 4260 atque
1321 4188 1378 4243 in
1431 4187 1869 4258 i’eIOponnesum

288 4290 344 4338 et
371 4282 605 4353 Cyprum
643 4281 1022 4353 proficiscerer
1050 4294 1108 4337 et
1157 4289 1447 4351 assumpto
1488 4280 1604 4336 tilio
1658 4278 1869 4351 Optimo

288 4392 373 4443 ac,
418 4386 590 4448 prope
639 4375 843 4441 dicam,
895 4376 1202 4445 aequalibus
1267 4374 1388 4432 suis
1421 4374 1679 4431 omnibus
1733 4388 1873 4445 pra:-

288 4471 579 4540 stantiore,
610 4477 665 4523 et
721 4469 930 4540 majore
960 4477 1116 4540 parte
1156 4480 1338 4546 ‘Opum
1401 4467 1714 4534 mobilium,
1771 4481 1872 4537 per

289 4563 658 4617 continentem
697 4561 801 4617 iter
832 4560 1095 4628 facerem,
1131 4570 1190 4618 ut
1239 4561 1333 4617 ille
1381 4572 1603 4631 quoque
1652 4573 1748 4614 eas
1786 4572 1870 4614 re-

1974 3539 2242 3596 Palatium
2284 3540 2452 3612 igitur
2479 3547 2534 3596 et
2563 3538 2874 3597 cubiculum
2918 3537 3269 3609 imperatoris
3302 3551 3404 3607 pro
3432 3550 3564 3592 con-

1973 3633 2261 3690 suetudine
2290 3649 2413 3691 mea
2447 3633 2754 3704 ingressus,
2793 3632 2975 3702 ipsum
3013 3648 3123 3687 non
3169 3632 3409 3688 invenio.
3454 3631 3564 3686 Ro-

1972 3727 2120 3797 ganti
2159 3727 2293 3782 mihi
2324 3741 2649 3797 responsum
2704 3732 2813 3792 est,
2846 3725 3092 3796 colloqui
3155 3740 3281 3780 eum
3352 3726 3407 3778 in
3433 3738 3564 3778 eon-

1974 3815 2110 3871 clavi
2143 3815 2400 3872 cubiculo
2429 3814 2612 3871 vicino
2634 3829 2759 3871 cum
2792 3813 3035 3870 Antonio
3069 3814 3377 3877 sacerdote,
3411 3812 3573 3868 Rho-7

1973 3906 2086 3963 dio.
2113 3906 2305 3978 itaque
2322 3906 2610 3978 praestolor
2630 3907 2972 3978 aliquandiu,
2998 3923 3123 3963 cum
3148 3922 3278 3964 ecce
3303 3909 3563 3977 prodicns

1973 3998 2269 4069 imperator
2321 4000 2400 4055 ira
2450 3998 2711 4057 incensus
2767 4013 2855 4055 me
2908 3998 3202 4055 inclamat:
3250 4017 3270 4050 ι
3315 3997 3574 4063 Nostine,

1976 4087 2180 4160 inquit,
2210 4089 2305 4160 qui
2338 4103 2368 4144 a
2400 4088 2676 4147 mandatis
2709 4089 2844 4145 mihi
2875 4099 2960 4146 est
3003 4088 3235 4145 Notaras
3283 4088 3413 4159 quid
3468 4103 3565 4157 per

1970 4183 2270 4240 Antonium
2302 4185 2642 4240 sacerdotem
2684 4181 2817 4239 mihi
2846 4181 3158 4252 signiﬁcet?
3186 4202 3205 4236 ι
3240 4182 3444 4238 Deinde
3477 4197 3566 4259 re-

1972 4280 2141 4334 missa
2210 4277 2488 4347 superbia,
2542 4273 2734 4332 addit:
2798 4295 2818 4330 ι
2886 4275 3160 4347 Cupivisti
3209 4284 3269 4332 tu
3321 4275 3560 4332 oiiicium

1974 4369 2153 4440 magni
2187 4367 2518 4424 contostauli
2549 4385 2564 4423 :
2599 4369 2742 4438 quod
2796 4383 2899 4426 nec
2950 4368 3048 4424 alii
3097 4369 3356 4441 cuiquam
3408 4369 3570 4424 datu-
3610 4382 3613 4383 '

1973 4479 2095 4519 rum
2138 4478 2226 4518 me
2250 4479 2373 4519 esse
2402 4472 2626 4532 propter
2663 4478 2883 4531 causas,
2935 4479 3076 4535 quas
3108 4464 3563 4527 commemoravi,

1970 4555 2186 4610 Notarze
2223 4553 2413 4610 edixi:
2445 4555 2540 4610 tibi
2587 4569 2719 4610 vero
2764 4556 3020 4612 daturum
3077 4571 3164 4611 me
3197 4571 3319 4611 esse
3380 4556 3561 4621 magni

290 4655 479 4726 giones
508 4663 872 4724 cognosceret
895 4663 950 4709 et
977 4655 1046 4710 ad
1105 4668 1328 4709 onmem
1386 4653 1699 4718 scientiam,
1750 4668 1872 4722 qua:
1906 4635 1948 4688 υ
1980 4649 2268 4720 logothetae
2295 4648 2555 4705 ofﬁcium.
2591 4647 2676 4703 Ad
2710 4663 2833 4719 qua:
2870 4648 2960 4704 ille
2996 4649 3318 4715 respondit:
3373 4647 3429 4703 Si
3463 4648 3566 4701 hac

288 4749 419 4816 quid
482 4748 644 4803 habet
688 4740 774 4801 ad
840 4746 1010 4802 vitam
1088 4748 1382 4815 commodi,
1452 4748 1871 4815 inStitueretur,

289 4853 472 4911 atque,
508 4840 555 4896 si
570 4840 958 4906 sensissemus,
978 4853 1220 4895 ameram
1250 4841 1457 4910 aliquid
1476 4841 1742 4898 adversus
1771 4856 1875 4897 nos

290 4932 492 4997 moliri,
534 4931 706 4986 illium
737 4946 863 4987 cum
918 4929 1080 4988 bonis
1132 4931 1431 4987 mobilibus
1486 4932 1542 4988 in
1604 4931 1875 5002 Pelopon-

291 5036 424 5079 neso
449 5023 593 5093 apud
630 5028 912 5079 maternos
935 5030 1228 5094 cognatos,
1257 5023 1313 5078 in
1346 5034 1480 5094 agro
1508 5024 1673 5078 futuri
1697 5023 1876 5080 amnis

252 5104 269 5121 ”
292 5115 394 5170 mei
433 5114 756 5180 habitantes,
783 5113 1195 5184 relinquerem;
1249 5111 1337 5168 sin
1376 5112 1515 5166 nihil
1545 5120 1737 5167 contra
1769 5128 1873 5168 nos

292 5206 514 5262 nisurus
545 5212 711 5270 esset,
741 5220 869 5260 eum
897 5218 1116 5261 mecum
1149 5205 1206 5260 in
1257 5202 1489 5276 patriam
1524 5205 1870 5262 reducerem.

288 5296 557 5351 caeterum
588 5292 662 5351 ob
691 5304 895 5351 omnes
919 5295 1045 5352 illas
1076 5282 1297 5361 causas,
1328 5310 1473 5362 quos
1529 5309 1871 5351 commemo-

294 5386 428 5451 ravi,
491 5385 614 5441 tiliae
646 5386 991 5458 coniugium,
1055 5386 1432 5457 suspicionem
1495 5387 1622 5442 belli
1648 5396 1704 5442 et
1744 5388 1873 5442 reli-
1915 5388 1921 5396 '

292 5493 417 5548 qua,
451 5478 653 5548 conqu
682 5492 824 5545 mea,
856 5488 918 5535 ut
948 5491 1116 5549 supra
1147 5479 1282 5541 dixi.
1308 5481 1491 5536 denuo
1530 5493 1618 5535 me
1648 5493 1874 5550 peregre

294 5570 751 5642 proﬁciscipassa
785 5579 891 5629 est.
922 5571 1218 5644 Postquam
1278 5572 1446 5643 igitur
1502 5571 1627 5626 filia:
1681 5571 1874 5641 coitiu-

293 5662 438 5732 gium
489 5662 838 5733 perfecimus.
919 5673 1143 5735 peracta
1223 5665 1373 5722 dotis
1432 5676 1487 5720 et
1541 5663 1872 5720 arrhabonis

294 5754 611 5822 sponsione,
650 5755 849 5826 gaudio
895 5766 1118 5828 propter
1162 5758 1382 5828 nuptias
1425 5757 1653 5827 impleti,
1687 5757 1871 5811 omnia

294 5842 357 5899 ad
391 5845 692 5902 iaciendum
725 5850 827 5904 iter
860 5850 1168 5907 necessaria
1228 5850 1592 5921 providimus,
1632 5864 1733 5904 nec
1755 5849 1868 5919 jam

296 5953 431 6009 opus
494 5949 630 6009 erat,
703 5941 806 5998 nisi
875 5943 1094 6016 scriptis
1149 5943 1421 6001 mandatis
1500 5943 1867 6013 Luperatoris.

1983 4753 2036 4798 te
2061 4742 2324 4817 dignitate
2354 4754 2662 4807 ornassem,
2714 4740 2847 4809 quid
2910 4738 3156 4794 futurum
3213 4748 3378 4803 esset,
3439 4755 3563 4793 cum

1980 4836 2320 4906 Palaeo‘logus
2350 4850 2584 4905 magnus
2608 4833 3056 4903 stratopedarcha
3088 4833 3141 4889 id
3185 4835 3576 4904 cognovisset?

1980 4927 2099 4983 1am
2133 4928 2297 4983 hodie
2344 4927 2495 4982 misit
2541 4927 2610 4981 ad
2672 4941 2781 4990 me,
2806 4941 2967 4995 quem
2999 4916 3295 4981 exeuntem
3348 4921 3564 4988 vidisti,

1984 5020 2168 5074 habitu
2198 5029 2253 5073 et
2284 5019 2471 5088 specie
2505 5018 2790 5083 idoneum,
2820 5016 3072 5071 moribus
3098 5024 3153 5070 et
3186 5014 3410 5086 ingenio
3445 5016 3568 5071 hor-

1982 5110 2162 5165 ridum
2183 5121 2238 5165 et
2263 5110 2576 5180 improbum
2608 5109 2907 5165 Antonium
2943 5110 3313 5172 sacerdotem,
3339 5124 3564 5179 rogans,

1985 5213 2045 5258 ut
2076 5203 2450 5274 ineptissimos
2482 5203 2656 5275 ipsius
2689 5213 2744 5259 et
2797 5201 3030 5259 stolidos
3093 5203 3257 5270 illius,
3294 5203 3560 5273 majnrem

1984 5312 2238 5368 magnum
2266 5298 2619 5367 iogothetam,
2650 5296 2920 5352 minorem
2950 5312 3204 5367 magnum
3250 5306 3575 5353 eontnstau-

1982 5388 2094 5443 iuin
2118 5403 2321 5454 creem,
2343 5403 2468 5443 cum
2501 5388 2591 5444 ille
2606 5388 2767 5443 etiam
2797 5386 3139 5444 vestimentis
3188 5388 3394 5456 prmsit,
3419 5389 3563 5458 quod

1958 5480 2265 5551 .propriuin
2297 5478 2418 5550 ejus
2445 5494 2644 5534 munus
2677 5488 2786 5535 est.
2812 5478 3061 5535 Attamen
3092 5479 3404 5542 consentio,
3439 5494 3565 5546 pro-

1981 5577 2208 5632 cedente
2236 5583 2478 5643 tempore
2508 5572 2763 5628 daturum
2796 5588 2882 5629 me
2933 5575 3000 5629 iis
3053 5590 3177 5629 esse
3219 5573 3324 5627 alia
3360 5569 3560 5632 omcia,

1981 5679 2090 5719 non
2122 5663 2254 5718 tanti
2295 5673 2474 5719 tamen
2508 5664 2792 5733 ponderis,
2831 5663 2925 5719 sed
2971 5664 3218 5730 leviora;
3283 5671 3337 5717 tu
3372 5670 3561 5715 autent

1980 5755 2182 5811 dehinc
2209 5770 2438 5826 magnus
2468 5754 2745 5825 logotheta
2779 5755 2912 5810 eris.
2943 5754 3142 5809 Verum
3184 5754 3286 5807 hcc
3309 5767 3474 5807 unum
3509 5760 3571 5807 te

1981 5862 2201 5914 moneo,
2230 5854 2290 5902 ut
2315 5855 2538 5918 propter
2573 5848 2835 5917 temporis
2885 5855 3076 5903 eventa
3127 5856 3177 5902 et
3213 5845 3394 5901 varias
3436 5860 3563 5915 pro-

1980 5931 2505 6000 ccrum'voluntates
2538 5940 2785 6015 aliasque
2819 5953 3018 5999 causas
3062 5939 3115 5997 in
3152 5939 3413 5997 festorum
3442 5937 3560 5995 die-
