3964 6438
491 417 592 484 ενι

1747 431 2009 494 GEORG
2022 432 2078 492 [Ι
2122 434 2221 494 PH
2234 438 2552 501 [ὶᾹΝΤΖςΕ

3599 457 3680 519 832

489 539 705 641 βρισιλεῖ
756 539 973 608 λέγων’
1025 559 1043 592 ι
1081 541 1287 641 Κύριος
1323 545 1352 597 6
1399 543 1532 608 Θεὸς
1582 549 2073 641 μακροημερεύσοι
2107 562 2145 612 Α
2182 554 2288 608 Καὶ
2349 560 2788 628 προσμείναντες
2839 563 3019 631 ὀλίγον
3074 564 3162 619 ἵνα
3219 566 3426 636 ῑδωμεν,
3476 571 3543 641 μή
3577 591 3682 630 ποτε

485 632 546 683 τὸ
572 631 773 726 κράτος
798 649 920 688 σου.
945 635 1136 704 Ὅμως
1159 635 1418 703 δεόμενος
1444 639 1754 706 παρακαλῶ
1779 641 1879 710 τὴν
1907 642 2072 708 ἁγίαν
2174 647 2318 700 κατὰ
2352 650 2452 718 τὴν
2481 652 2600 706 666v
2640 657 2871 724 συναντή
2883 673 2948 726 σῃ
2979 657 3110 725 ήμῖν
3135 675 3189 709 τι
3219 631 3542 715 ἀπε-υκτατονί

487 739 582 775 σου
616 724 918 792 βασιλείαν,
949 726 1045 792 ἐὰν
1077 729 1245 800 μέλλῃ
1279 731 1552 800 συμϐῆναι
1581 733 1649 785 δι’
1680 733 1781 803 ἐμέ
1816 751 1868 786 τι
1906 734 2069 804 232

486 815 788 870 σκάνδαλον
831 818 899 871 δι’
931 819 990 871 οὗ
1038 821 1512 891 προξενηθήσεται
1563 823 1709 894 λύπη
1768 825 1848 894 τῷ
1875 827 2069 896 κράτει

485 925 600 971 σου,
642 911 715 979 μὴ
758 911 972 978 γένοιτο
997 913 1077 976 εἰς
1101 915 1192 966 τὸν
1215 915 1415 980 αίῶνα,
1470 916 1607 970 ἀλλὰ
1641 917 1845 986 μᾶλλον
1874 919 1984 971 ’καὶ¹
2007 919 2069 971 τὸ

481 998 662 1068 δέρμα
702 1020 802 1069 μου
839 1005 1166 1076 ἀφαίρεσον,
1195 1009 1242 1060 εί
1291 1009 1371 1071 είς
1402 1010 1626 1081 εἰρήνην
1661 1012 1758 1064 καὶ
1793 1010 2068 1082 εὐφροσύ-

480 1109 578 1157 νην
610 1097 678 1162 τῇ
735 1096 988 1168 βασιλείᾳ
1021 1116 1116 1152 σου
1151 1103 1259 1172 εἴη.
1302 1119 1320 1152 ι
1369 1101 1427 1155 Ὀ
1473 1102 1530 1157 δὲ
1561 1099 1684 1156 εἶπέ
1732 1119 1858 1173 μοι’
1906 1123 1925 1156 ι
1976 1103 2066 1168 Ὦς

483 1186 674 1250 πιστὸς
705 1187 964 1257 Θεράπων
999 1191 1254 1263 εἴρηκας.
1288 1195 1481 1265 Ὅμως
1525 1197 1601 1264 μὴ
1643 1195 1900 1267 φρόντιζε
1934 1199 2066 1267 περὶ

477 1275 673 1328 τούτου
699 1279 853 1332 οὐδέν
875 1297 888 1311 ·
917 1280 1199 1353 λυποῦμαι
1229 1287 1342 1355 γὰρ
1372 1285 1491 1348 πῶς
1521 1287 1596 1355 μὴ
1629 1287 2064 1357 περισκεπτόμε-

475 1384 558 1420 νοι
585 1370 686 1432 τὰς
715 1371 852 1441 πρός
880 1390 948 1443 με
997 1377 1270 1440 τοσαύτας
1296 1378 1449 1446 παρὰ
1500 1378 1594 1432 σοῦ
1631 1365 1935 1449 θεραπείας
1968 1383 2063 1436 καὶ

475 1461 686 1526 φιλίας.
725 1463 1012 1530 βούλονται
1071 1469 1218 1522 κατὰ
1271 1469 1564 1540 σύγκρισιν
1625 1471 1736 1522 τῶν
1775 1471 1886 1524 σῶν
1938 1474 2062 1536 ταῖς

475 1554 689 1607 ἐαυτῶν
752 1557 1089 1628 ὑπολήψεσιν
1143 1561 1436 1633 ἀποπηδᾷν
1491 1562 1622 1625 τοὺς
1677 1566 2061 1634 προσήκοντας

476 1645 725 1714 βαθμοὺς
753 1649 862 1702 τῶν
888 1650 1184 1719 όφφικίων.
1221 1651 1372 1720 Πλὴν
1403 1653 1784 1724 προσκάλεσον
1825 1655 2059 1710 ἐνταῦθα

379 1810 384 1816 Ι
474 1742 565 1793 τὸν
600 1742 670 1796 τὰ
699 1743 904 1814 ταύτης
939 1746 1037 1814 τῆς
1078 1747 1386 1819 ὑπηρεσίας
1426 1749 1868 1819 ἐμπιστευθέντα
1900 1750 2059 1803 vortit-

474 1851 610 1903 ριον,
657 1853 675 1887 ι
713 1837 822 1888 Καὶ
883 1838 1107 1892 ἐλθὼνό
1137 1839 1410 1909 νοτάριος,
1463 1841 1778 1912 προστάξας
1825 1845 1854 1897 ό
1896 1843 2055 1914 βασι-

411 1947 414 1950 ’
471 1928 599 1992 λεὺς
625 1923 780 1984 εἶπεν
811 1932 961 2003 αὐτῷ
987 1948 1000 1963 ·
1043 1951 1062 1984 ι
1113 1933 1464 2004 Προείπομέν
1506 1952 1590 1988 σοι
1625 1935 1763 2006 πρὸς
1801 1937 1925 1990 τίνα
1955 1938 2052 1991 καὶ

467 2024 589 2077 τίνα
625 2024 731 2078 ἔδει
787 2043 848 2080 σε
883 2027 1122 2098 γράφειν
1167 2029 1264 2091 τὰς
1302 2028 1406 2097 τῆς
1455 2029 1694 2094 πίστεως
1733 2031 2048 2096 ἐπιστολὰς,

465 2111 546 2177 οἷς
580 2117 793 2186 γράψον
828 2118 912 2172 ὅτι
943 2121 1202 2191 μέλλουσι
1233 2123 1427 2192 μαθεῖν
1459 2123 1520 2176 τδ
1550 2126 1660 2178 πᾶν
1690 2123 1796 2178 ὑπὸ
1820 2125 1914 2179 τοῦ
1950 2143 2051 2194 με-

464 2209 635 2273 γάλου
662 2212 952 2280 λογοθέτου
987 2215 1266 2287 Γεωργίου
1296 2217 1391 2270 τοῦ
1424 2205 1678 2288 Φραντζῆ
1701 2236 1716 2250 σ
1750 2221 1844 2272 καὶ
1869 2222 1918 2274 εί
1948 2222 2050 2289 μὲν

465 2304 726 2373 ζήσωμεν
771 2309 866 2359 καὶ
902 2307 1113 2378 πρόσω,
1159 2308 1398 2379 γράψεις
1446 2311 1611 2364 αὑτὸν
1660 2312 1755 2365 καὶ
1810 2314 2047 2382 συγγενῆ

461 2397 623 2466 ήμῶν
655 2395 815 2453 εἶναι.
853 2401 962 2454 Καὶ
997 2400 1091 2454 ἐάν
1133 2419 1240 2456 τινι
1277 2403 1376 2456 οὐκ
1409 2403 1602 2476 ἀρέσῃ,
1655 2404 1886 2469 ἄκοντες
1915 2407 2050 2459 ὐπο-

465 2490 719 2558 ειείνωσι,
747 2493 845 2546 καὶ
878 2495 1001 2548 ἀντὶ
1027 2495 1294 2566 νέκταρος
1323 2497 1355 2566 ἢ
1404 2497 1713 2566 μυρεψικοῦ
1755 2500 1922 2553 ποτοῦ
1949 2501 2050 2570 τὴν

461 2584 625 2655 χολήν
689 2570 1138 2644 κατάπιέτωσαν.
1174 2590 1236 2643 Ei
1270 2590 1344 2661 μὴ
1389 2591 1487 2645 καὶ
1523 2591 1610 2656 σὺ,
1669 2593 1912 2664 νοτάριε,
1955 2593 2048 2662 ἔχε

459 2677 620 2730 τοῦτο
649 2677 724 2742 ὡς
776 2681 1098 2750 ἀπόκρυφον
1142 2681 1309 2751 μέχρι
1365 2682 1595 2751 ήμερῶν
1648 2683 1834 2738 τινῶν.
1883 2704 1902 2737 ι
1938 2685 2049 2737 Καὶ

462 2773 1001 2839 συγκατασκευάσας
1052 2774 1122 2828 τὰ
1167 2776 1476 2846 πράγματα
1535 2777 1705 2831 ἐλαϐα
1755 2778 1918 2842 αὐτὰ,
1951 2779 2046 2831 καὶ

459 2865 830 2934 προσεδόκουν
867 2868 1112 2936 σήμερον
1139 2868 1170 2938 ἢ
1209 2867 1404 2938 αὔριον
1433 2871 1820 2939 προσκυνῆσαι
1849 2871 1926 2940 τῷ
1953 2873 2048 2937 βα-

460 2957 603 3008 σιλεῖ
629 2957 798 3028 ήγουν
823 2956 1011 3012 λαϐεῖν
1038 2960 1227 3015 ἄδειαν
1263 2961 1350 3014 ῐνα
1383 2963 1631 3017 ἀπέλθω.
1673 2962 1812 3017 Ἰδοὺ
1849 2961 2042 3033 ἐξῆλθε

456 3051 560 3122 τῆς
589 3051 1126 3125 Ἀνδριανουπόλεως
1150 3059 1177 3111 6
1197 3059 1419 3128 ἀμηρᾶς
1448 3057 1683 3128 βαδίζων
1707 3059 1829 3113 καθ’
1861 3061 2040 3131 ήμῶν.

2243 737 2404 809 233
2441 739 2508 806 γ’.
2542 741 2691 796 Ἰδὼν
2739 744 2836 798 καὶ
2879 745 3094 799 ἁκούων
3125 747 3154 800 6
3184 747 3395 818 ἀμηρᾶς
3440 753 3684 823 Μεεμέτης

2171 827 2270 890 τὰς
2297 829 2390 882 τοῦ
2431 833 2637 902 πατρὸς
2681 835 2849 888 αὑτοῦ
2882 837 3037 897 νίκας
3067 838 3165 890 καὶ
3205 839 3458 908 πολέμους
3487 859 3687 911 περιφα-

2172 920 2279 980 νεῖς
2311 922 2406 972 καὶ
2443 923 2552 976 τῶν
2588 924 2792 994 ἐτέρων
2827 927 2991 980 αὑτοῦ
3043 932 3478 998 τρισκαταράτων
3521 937 3686 1003 προγό-

2170 1028 2297 1079 νων,
2333 1014 2390 1067 ἐν
2417 1015 2598 1088 ἑαυτῷ
2626 1018 2960 1088 ἐφαντάζετο
2997 1022 3052 1073 τί
3080 1022 3188 1090 ἄρα
3217 1025 3312 1077 καὶ⁸
3342 1025 3490 1086 αὐτὸς
3518 1027 3687 1098 ποιήσῃ

2169 1105 2321 1170 ἄξιον
2363 1109 2605 1179 μνήμης.
2657 1112 2842 1164 Ταῦτα
2889 1113 2984 1167 οῦν
3036 1115 3177 1168 κατὰ
3210 1115 3331 1169 νοῦν
3382 1116 3686 1182 λογιζόμενος

2169 1197 2332 1268 βουλῇ
2365 1203 2512 1271 κακῇ
2553 1202 2682 1255 καθ’
2710 1204 2868 1274 ήμῶν
2895 1207 3240 1276 χρησάμενος
3268 1204 3353 1276 ἦν,
3383 1206 3464 1261 ἶνα
3491 1207 3687 1274 πόλεμον

2165 1290 2354 1364 ἐγείρῃ
2379 1293 2522 1346 κατὰ
2546 1294 2646 1362 τῆς
2673 1296 2883 1359 πόλεως
2901 1313 2915 1328 ο
2943 1297 3094 1365 ἔλεγε
3114 1301 3220 1366 γὰρ
3250 1300 3304 1352 ἐν
3329 1299 3511 1366 ἐαυτῷ·
3538 1319 3554 1348 ι
3582 1299 3685 1351 Ἐὰν

2163 1382 2264 1452 τὴν
2293 1383 2452 1436 πόλιν
2490 1385 2721 1457 νικήσω,
2755 1388 2896 1458 ὑπὲρ
2923 1390 3132 1453 πάντας
3167 1391 3292 1452 τοὺς
3323 1391 3423 1462 πρὸ
3457 1390 3575 1459 ἐμοῦ
3605 1391 3684 1461 ήδη

2163 1475 2419 1544 ἐποίησα,
2465 1477 2602 1532 διότι
2638 1481 2793 1533 αὐτοὶ
2847 1482 2946 1552 μὲν
2998 1484 3140 1536 κατὰ
3185 1483 3346 1551 τῆσδε
3391 1483 3479 1551 τῆς
3510 1483 3684 1544 πόλεως

2165 1567 2425 1632 πολλάκις
2478 1575 2871 1641 πειρασθέντες
2908 1575 3064 1629 οὐδὲν
3114 1575 3522 1646 ἐκατὼρθωσαν.
3554 1594 3570 1627 ι
3605 1579 3684 1628 Διὰ

2160 1662 2370 1732 ταύτην
2429 1660 2523 1718 οὖν
2579 1665 2677 1737 τὴν
2735 1668 3237 1738 ὑποκεκρυμμένην
3299 1670 3497 1734 ἔννοιαν
3551 1668 3683 1721 καλὴν

2162 1757 2336 1825 ἐφάνη
2387 1759 2538 1827 αὐτῷ
2590 1760 2677 1813 ἵνα
2728 1762 2872 1816 κατὰ
2911 1761 2973 1814 τὸ
3010 1762 3119 1815 τῶν
3164 1763 3489 1832 ’Λσωμάτων
3533 1762 3683 1813 στενὸν

2160 1849 2297 1902 ἇστυ
2323 1852 2507 1922 κτίσῃ,
2538 1855 2612 1917 ὡς
2636 1855 2986 1926 προείρηται,
3013 1856 3100 1908 ἵνα
3127 1855 3444 1924 καταφυγὴν
3467 1854 3555 1922 ἔχῃ
3578 1852 3683 1904 αὐτὸ

2157 1945 2286 2014 περὶ
2314 1941 2388 1998 ὧν
2411 1947 2642 2015 ἐμελέτα
2671 1949 2917 2016 ποιῆσαι,
2949 1951 3098 2012 ὅπως
3125 1950 3279 2002 οὐδὲν
3305 1948 3408 2001 τῶν
3429 1945 3681 2015 πλοιαρίων

2158 2037 2354 2106 μικρὸν
2405 2037 2437 2107 ἦ
2475 2041 2617 2107 μέγα
2647 2039 2904 2112 δυνηθείη
2935 2042 3216 2096 κατελθεῖν
3255 2043 3319 2094 ἐκ
3349 2026 3438 2093 τοῦ
3469 2037 3680 2122 Εὐξείνου

2155 2130 2354 2182 πόντου
2386 2130 2529 2183 κατὰ
2558 2130 2658 2202 τὴν
2687 2132 2863 2199 πόλιν,
2903 2135 2994 2187 καὶ
3030 2134 3120 2188 ἵνα
3148 2134 3332 2204 ῥᾴδιον
3362 2132 3518 2202 ἐχωσι
3543 2131 3594 2183 τὸ
3613 2128 3684 2180 πέ-

2157 2238 2310 2290 ραμα
2361 2222 2428 2276 ἐκ
2481 2223 2579 2293 τῆς
2609 2224 2797 2287 Ἀσίας
2852 2226 2932 2286 είς
2975 2223 3269 2296 Εὐρώπην.
3313 2223 3484 2278 Θέλων
3523 2221 3575 2273 δὲ
3611 2218 3682 2272 καὶ

2154 2313 2478 2384 βιαζόμενος
2533 2315 2619 2370 ἵνα
2653 2316 2722 2368 τὰ
2781 2316 3162 2384 μελετούμενα
3212 2317 3304 2371 ὑπ’
3333 2315 3493 2372 αὑτοῦ
3544 2311 3681 2382 ἀρχὴν

2151 2405 2416 2470 λάϐωσιν,
2461 2407 2573 2461 ἰδοὺ
2621 2411 2685 2476 τῇ
2716 2408 2810 2471 κς⁹
2844 2409 3094 2480 Μαρτίου
3134 2408 3232 2462 τοῦ
3264 2400 3680 2476 ἐξακισχιλιοστοῦ

2150 2499 2569 2553 ἐννακοσιοοτοῦ
2598 2500 2898 2572 ἑξηκοστοῦ
2928 2502 3084 2565 ἔτους
3110 2501 3285 2554 ἐλθὼν
3326 2500 3514 2552 ἔπεσεν
3546 2497 3613 2557 είς
3639 2493 3678 2545 τὸ

2151 2591 2358 2657 στενὸν,
2386 2593 2472 2644 ἵνα
2495 2593 2827 2663 οἰκοδομήσῃ
2853 2593 2914 2644 τὸ
2938 2594 3096 2647 ἄστυ.
3121 2592 3274 2647 Ἰδὼν
3299 2591 3390 2645 οὖν
3415 2593 3441 2644 ό
3469 2587 3678 2660 βασιλεὺς

2116 2671 2246 2746 ’τὰς
2279 2683 2619 2754 πανουργίας
2651 2684 2819 2737 αὐτοῦ
2855 2685 3123 2754 ἐϐουλήθη
3168 2683 3513 2751 ἀποκαλύψαι
3555 2680 3681 2740 αὐτὸς

2149 2775 2368 2842 πρῶτον
2403 2774 2503 2842 τὴν
2547 2775 2752 2846 μάχην,
2802 2777 2948 2839 ὅπως
3011 2778 3176 2830 αὑτὸν
3227 2776 3510 2847 ἐμποδίση.
3561 2769 3681 2829 Τινὲς

2145 2867 2203 2920 δὲ
2250 2867 2358 2920 τῶν
2387 2867 2490 2937 τῆς
2548 2868 2855 2940 συγκλήτου
2906 2871 3230 2940 ἱερωμένων
3273 2887 3332 2923 τε
3387 2869 3476 2922 καὶ
3517 2861 3680 2918 λατκῶν

2147 2959 2434 3013 ἐκώλυσα-ν
2482 2961 2580 3032 τήν
2634 2962 2861 3032 γνώμην
2909 2964 3006 3017 καὶ
3062 2964 3266 3035 βουλὴν
3313 2964 3406 3018 τοῦ
3441 2959 3678 3034 βασιλέωςι

2147 3052 2312 3126 234
2349 3055 2603 3124 λέγοντες
2640 3055 2716 3127 μή
2753 3057 3265 3130 ἀποκαλυφθήτωή
3301 3057 3446 3130 μάχη
3484 3055 3572 3124 τῆς
3606 3050 3680 3121 βα-

456 3253 576 3290 rttm
611 3237 1054 3294 solemnitatibus
1117 3254 1186 3294 ne
1249 3255 1334 3294 me
1397 3257 1490 3310 pro
1545 3256 1696 3294 more
1743 3239 1903 3296 oﬂicii
1967 3242 2043 3294 tui
2077 3251 2120 3313 ο
2150 3239 2221 3294 At
2250 3247 2304 3293 tu
2343 3253 2584 3310 quoque,
2642 3239 2877 3302 notarie,
2925 3241 3031 3294 hoc
3086 3238 3210 3295 dies
3260 3239 3466 3309 aliquot
3507 3227 3683 3290 silentio

457 3329 678 3382 atlorcs.
717 3327 1042 3398 Quanquam
1079 3331 1328 3386 notarius
1380 3333 1455 3385 rei
1496 3333 1823 3386 mentionem
1885 3333 2046 3389 faciet

457 3425 514 3477 in
546 3423 749 3477 litteris
791 3423 856 3478 ad
887 3423 1084 3480 fratres
1128 3440 1282 3479 meos
1336 3433 1390 3479 et
1429 3439 1716 3496 cognatam
1751 3441 1926 3480 meam
1955 3443 2044 3481 re-

454 3519 662 3584 ginam,
695 3516 931 3588 denique
959 3518 1026 3572 ad
1079 3533 1296 3585 omnes,
1329 3519 1393 3573 ad
1437 3536 1576 3588 quos
1611 3521 1677 3574 de
1713 3519 1909 3574 itinere
1946 3530 2043 3575 tuo

463 3612 770 3680 srripturus
827 3627 973 3677 sum,
1025 3627 1089 3666 ac
1147 3622 1202 3667 tu
1263 3613 1414 3667 illinc
1461 3613 1701 3668 vicissim
1741 3613 1807 3667 ad
1868 3628 1954 3667 me
1988 3622 2046 3667 et

451 3720 837 3775 quemcunque
894 3704 1090 3760 domus
1143 3714 1248 3760 tute
1303 3706 1574 3771 scribens,
1623 3707 1838 3760 titulum
1897 3707 2042 3762 hunc

451 3799 765 3867 usurpabis.
801 3798 1007 3866 Quodsi
1068 3800 1278 3854 interea
1332 3815 1445 3853 rem
1505 3801 1886 3869 cognoverint,
1943 3797 2038 3870 qui

448 3891 696 3946 invident.
728 3893 850 3954 tibi,
889 3892 1142 3960 quamvis
1190 3891 1260 3947 iis
1305 3891 1504 3946 durum
1543 3895 1921 3963 acerbumque
1955 3896 2039 3946 vi-

449 3983 676 4049 deatur,
708 3985 959 4037 volentes
1017 3983 1268 4039 nolentes
1301 3998 1420 4038 eam
1481 3983 1810 4039 devoranto.
1851 4003 1870 4037 ι
1931 3985 2041 4041 Re-

448 4076 643 4146 spondi
678 4076 748 4130 ita
781 4077 1136 4146 imperatori:
1177 4093 1196 4127 ι
1239 4076 1380 4132 Deus
1435 4076 1702 4133 Dominus
1768 4079 2041 4148 producat

448 4165 739 4235 imperium
771 4176 951 4222 tuum.
996 4167 1100 4221 Sed
1131 4177 1314 4223 tamen
1349 4167 1678 4238 suppliciter
1727 4186 1862 4241 rogo
1901 4187 2036 4227 san-

444 4269 587 4312 ctam
627 4258 964 4320 maiestatem
991 4267 1164 4323 tuam,
1214 4258 1259 4311 si
1296 4273 1417 4312 mea
1465 4274 1634 4314 causa
1697 4261 1802 4313 ulla
1849 4259 2035 4317 futura

446 4354 516 4404 sit
542 4351 794 4414 offensio,
820 4351 963 4404 unde
999 4351 1132 4420 quid
1164 4351 1480 4406 detrimenti
1525 4353 1707 4423 capiat
1740 4356 2033 4425 imperium

446 4455 624 4504 tuum,
657 4456 897 4510 unquam
930 4455 996 4494 ne
1022 4441 1130 4505 fiat,
1166 4442 1310 4511 quod
1338 4443 1642 4508 meditaris,
1688 4445 1801 4500 imo
1847 4448 2033 4514 potius

444 4535 636 4602 pelli-tu
679 4535 811 4589 mihi
843 4535 1128 4599 detrahas,
1169 4535 1214 4590 si
1244 4535 1309 4590 ad
1343 4536 1647 4605 maiestatis
1707 4547 1815 4593 tuae
1881 4548 2034 4593 tran-

443 4626 768 4692 quillitatem
811 4637 865 4683 et
897 4643 1084 4696 pacem
1113 4629 1405 4684 conducat.
1448 4649 1466 4683 ι
1503 4631 1644 4686 Tum
1699 4631 2022 4702 imperator:

449 4739 466 4770 ι
511 4717 581 4773 Ut
612 4721 879 4788 minister,
920 4719 1016 4786 ait,
1051 4721 1224 4776 fidelis
1260 4721 1475 4778 locutus
1501 4737 1587 4776 es.
1648 4720 1754 4777 Sed
1813 4737 1884 4776 ne
1929 4723 2028 4777 tibi

444 4813 544 4867 ista
579 4828 667 4868 res
692 4828 838 4869 curae
861 4817 934 4870 sit
959 4815 1068 4870 ullo
1094 4813 1278 4868 modo.
1313 4815 1479 4869 Doleo
1507 4813 1680 4880 enim,
1711 4815 1858 4884 quod
1889 4816 2027 4871 nihil

442 4907 946 4976 circumspicientes
969 4916 1117 4962 tanta
1146 4919 1236 4962 tua
1257 4923 1385 4978 erga
1411 4924 1497 4962 me
1510 4908 1686 4963 oﬂicia
1701 4919 1755 4963 et
1770 4911 2027 4979 obsequia

441 5007 494 5054 et
527 5011 742 5054 tuorum
795 4999 1112 5054 meritorum
1170 4999 1639 5067 comparationem
1706 5000 2028 5058 affectantes

441 5093 642 5148 animis
700 5094 904 5162 gradus
955 5092 1256 5147 olliciorum
1287 5094 1681 5147 convenientes
1723 5095 2029 5150 transsilire

440 5196 734 5240 conantur.
790 5182 994 5237 Verum
1056 5196 1278 5238 arcesse
1314 5183 1421 5235 huc
1471 5182 1585 5252 jam
1641 5199 1872 5240 munere
1923 5186 2030 5243 hoc

441 5277 756 5346 fungentem
815 5278 1112 5331 notarium.
1161 5293 1180 5326 ι
1241 5276 1558 5331 Venientem
1620 5280 1892 5335 notarium
1929 5283 2030 5336 im-

443 5377 667 5436 perator
697 5369 771 5422 ita
804 5369 1076 5422 allocutus
1128 5378 1242 5422 est:
1285 5386 1301 5418 ι
1350 5371 1491 5424 Ante
1540 5371 1638 5426 tibi
1696 5373 2029 5443 significavi-

445 5478 587 5527 mus,
631 5477 752 5531 qute
779 5469 832 5515 et
860 5461 924 5515 ad
975 5477 1112 5529 quos
1167 5463 1400 5530 publica:
1456 5463 1578 5518 fidei
1633 5467 1880 5536 epistolis
1931 5470 2028 5525 tibi

443 5553 737 5610 scribenda
767 5553 914 5609 sint:
951 5555 1035 5608 his
1066 5555 1224 5621 adde,
1270 5571 1365 5610 eos
1401 5566 1570 5611 totam
1630 5575 1741 5614 rem
1776 5563 2032 5632 cognitu-

447 5663 537 5701 ros
577 5662 698 5702 esse
734 5663 764 5701 e
798 5645 1034 5717 Georgio
1089 5645 1322 5703 Phratze
1354 5665 1552 5721 magno
1607 5651 1882 5721 logotbeta
1913 5673 1926 5720 ;
1966 5671 2030 5710 ac

445 5739 490 5790 si
517 5739 622 5792 vita
654 5741 1100 5809 suppeditaverit,
1139 5741 1345 5798 scribes
1372 5745 1557 5808 etiam,
1586 5746 1842 5800 eumdem
1871 5747 2031 5803 nobis

445 5827 656 5883 atliucm
687 5846 828 5885 esse.
857 5829 968 5886 lloc
1003 5833 1092 5887 cui
1121 5833 1480 5902 displicuerit,
1514 5835 1762 5903 ringatttr
1798 5837 1948 5899 licet,
1977 5847 2033 5894 et

447 5935 542 5986 pro
569 5933 786 5980 nectare
815 5935 905 5981 aut
941 5936 1074 5996 potu
1123 5929 1423 5983 aromatico
1484 5929 1647 5985 bilem
1690 5943 2022 6001 concoquat.

2152 3345 2290 3402 tege.
2336 3353 2353 3385 ι
2390 3331 2574 3388 Rebus
2597 3332 2792 3388 deinde
2817 3333 3121 3397 adornatis,
3145 3332 3450 3389 instructus
3487 3329 3547 3383 iis
3575 3337 3672 3380 sum

2148 3435 2314 3494 atque
2357 3425 2766 3496 exspectabam,
2817 3437 2886 3480 eo
2940 3425 3060 3495 ipso
3091 3423 3183 3500 die
3219 3435 3315 3479 aut
3345 3417 3588 3494 postridie
3617 3427 3684 3467 me

2147 3518 2500 3574 adoraturqu
2561 3521 2946 3588 imperatorem
3003 3527 3056 3573 et
3111 3518 3352 3574 abeundi
3408 3519 3684 3586 potestatem

2146 3621 2498 3680 accepturum
2528 3625 2670 3674 esse,
2707 3626 2829 3664 eum
2865 3609 3431 3679 subitoAdriauopoli
3462 3613 3680 3677 egressus

2144 3720 2360 3760 ameras
2399 3703 2664 3758 adversus
2691 3719 2790 3757 nos
2823 3704 3225 3774 proﬁciscitur.
3285 3704 3468 3773 Itaque
3496 3704 3686 3771 praesto-

2141 3797 2241 3852 lati
2295 3813 2487 3852 sumus
2516 3795 2854 3862 aliquandiu,
2886 3812 2955 3850 ne
2987 3795 3128 3852 forte
3163 3797 3224 3853 in
3259 3797 3448 3852 itinere
3497 3789 3677 3847 contin-

2111 3899 2114 3902 '
2142 3898 2294 3962 geret
2323 3891 2479 3944 nobis
2509 3890 2635 3958 quid
2687 3888 3011 3944 infaustum.

2211 3985 2265 4040 5.
2296 3983 2624 4038 Meliemetes
2649 3997 2866 4037 ameras
2923 3997 3049 4037 cum
3107 3984 3315 4052 patris‘
3347 3981 3686 4052 maiorumque

2141 4074 2709 4130 exsecratissimorum
2735 4073 3027 4143 praeclaras
3049 4074 3316 4129 victorias
3334 4083 3385 4129 et
3415 4088 3498 4127 res
3527 4077 3680 4139 gestas

2139 4168 2348 4222 videret
2373 4167 2715 4236 audiretque,
2753 4166 3043 4235 reputabat
3074 4180 3288 4228 secum.
3317 4165 3442 4234 quid
3489 4165 3590 4232 ipse
3625 4159 3686 4210 fa-

2138 4268 2286 4312 Ccret
2317 4257 2541 4328 dignum
2567 4259 2850 4313 memoria.
2874 4257 2995 4313 Ilaec
3020 4260 3272 4329 cogitans
3304 4258 3442 4328 apud
3472 4255 3680 4309 animum

2139 4367 2324 4417 suum,
2355 4351 2502 4405 malo
2529 4352 2762 4406 consilio
2791 4352 3005 4414 statuit,
3032 4361 3089 4404 ut
3117 4353 3321 4406 bellum
3345 4351 3591 4404 adversus
3607 4357 3683 4396 ur-

2136 4441 2258 4496 bcm
2291 4453 2534 4510 pararet.
2567 4442 2659 4496 Sic
2687 4443 2836 4496 enim
2875 4457 3060 4497 secum
3097 4443 3565 4498 ratiocinabatur:
3599 4431 3682 4485 tSi

2137 4535 2328 4587 urbem
2361 4534 2565 4600 vicero,
2595 4536 2804 4604 priores
2833 4551 3025 4588 omnes
3057 4536 3434 4614 prmccllucro,
3459 4526 3684 4599 quoniam

2136 4625 2212 4678 illi
2245 4641 2364 4679 cam
2403 4627 2593 4680 urbem
2626 4641 2770 4695 saepe
2811 4628 3053 4698 aggressi
3089 4628 3291 4682 frustra
3327 4628 3682 4680 laborarunt.»

2138 4715 2214 4771 Ex
2242 4719 2341 4773 hac
2364 4719 2578 4773 occulta
2601 4719 2936 4788 cngitatione
2962 4720 3128 4788 igitur
3159 4722 3336 4774 visum
3364 4720 3412 4774 ei
3436 4725 3530 4779 est.
3554 4714 3684 4783 lum

2136 4813 2524 4867 Asomatorum
2559 4814 2844 4882 angustias
2883 4823 3124 4867 castrum
3162 4813 3421 4877 condere,
3453 4819 3509 4864 ut
3543 4817 3685 4872 supra

2139 4907 2478 4968 monuimus,
2501 4921 2610 4975 quo
2635 4904 2902 4973 refugium
2927 4906 3176 4968 haberet,
3200 4907 3327 4958 dum
3350 4907 3543 4958 faceret
3586 4908 3686 4965 qua?

2140 4999 2528 5064 meditabatur,
2562 5015 2697 5054 neve
2723 4999 2895 5052 ullum
2919 5001 3034 5053 sive
3060 5014 3288 5068 parvum
3317 4999 3430 5053 sive
3463 4998 3683 5060 magnum

2138 5091 2420 5160 navigium
2454 5106 2484 5144 e
2509 5091 2688 5145 Ponto
2720 5090 2936 5145 Euxino
2970 5091 3025 5144 in
3062 5091 3254 5145 urbem
3289 5095 3472 5158 posset
3523 5089 3685 5152 perve-

2136 5186 2278 5249 nire,
2312 5195 2482 5256 utque
2501 5183 2804 5240 faciliorem
2830 5186 3094 5240 haberent
3123 5199 3188 5237 ex
3214 5183 3344 5236 Asia
3366 5183 3417 5234 in
3445 5179 3684 5239 Europam

2139 5285 2455 5367 transitum.
2475 5280 2768 5335 Festinans
2795 5280 2962 5349 igitur
2991 5287 3044 5334 et
3062 5279 3298 5339 instans,
3318 5283 3378 5330 ut
3405 5263 3688 5367 meditatis!

2138 5391 2196 5431 se
2221 5346 2472 5430 eventum
2491 5375 2665 5439 daret,
2687 5346 2930 5428 ecce‘die
2949 5371 3019 5426 26
3041 5370 3216 5426 Martii
3241 5369 3368 5424 anni
3389 5364 3520 5421 6960
3536 5355 3688 5416 subito

2139 5467 2342 5523 invasit
2359 5467 2662 5538 angustias,
2683 5477 2926 5521 castrqu
2948 5473 3349 5520 exstructurus.
3367 5453 3688 5512 Animadver-

2141 5570 2263 5614 tens
2295 5560 2554 5613 astutiam
2585 5557 3046 5628 ejusimperator,
3096 5555 3216 5624 ipse
3259 5553 3488 5621 primum
3514 5540 3690 5598 bellum

2140 5665 2488 5704 eommovere
2511 5648 2577 5703 ad
2603 5665 2728 5704 eum
2756 5647 3156 5715 impediendum
3182 5643 3403 5700 statuit.
3425 5641 3487 5691 At
3505 5629 3696 5703 quidam

2142 5743 2403 5798 senatorii
2427 5742 2640 5797 ordinis
2671 5749 2785 5796 tum
2817 5741 3130 5796 sacerdotes
3157 5751 3282 5792 tum
3315 5731 3437 5787 laici
3471 5727 3698 5782 adversa-

2143 5840 2342 5892 bantur
2371 5836 2654 5890 sententiae
2685 5843 2739 5889 ct
2764 5833 2997 5889 consilio
3025 5834 3168 5902 ejus.
3203 5849 3222 5881 ι
3249 5827 3327 5882 Ne
3373 5827 3687 5881 commovea-

2145 5947 2254 5998 tur,
2283 5929 2523 5994 aiebant,
2553 5944 2581 5983 a
2616 5927 2899 5996 majestate
2933 5937 3022 5982 tua
3048 5926 3268 5987 bcllttm,
3304 5921 3474 5976 donec
3514 5918 3685 5978 εδιτιο-
