3964 6476
261 414 363 482 ἃῖὂ

1266 411 1706 476 CHRONICON
1748 411 2021 475 MAIUS.
2055 438 2123 451 —
2156 416 2301 506 Lm.
2341 415 2450 480 ιιι.

3407 418 3514 485 834

262 529 464 592 οιλείας
503 543 625 595 σου,
654 525 762 591 ἕως
785 524 852 581 ἂν
875 524 1081 594 ῐδωμεν
1110 521 1162 578 τί
1189 522 1442 594 βούλεται
1479 523 1645 588 αὐτὸς
1679 524 1826 594 πρᾶρ
1858 529 1896 585 Α
1929 525 2008 593 τῷ
2041 524 2257 595 βασιλεῖ
2287 542 2300 556 ο
2350 528 2446 581 καὶ
2477 527 2649 593 οὕτως
2696 527 3066 598 ἑπροσέταξεν
3111 530 3140 583 6
3170 530 3394 603 ἀμηρᾶς
3427 531 3516 584 ἵνα

180 660 183 667 ι
263 623 369 688 Eat.
400 621 465 675 Εἰ
497 620 593 675 καὶ
618 620 682 673 τὸ
709 618 846 673 ἄστυ
881 617 1064 689 κτίσῃ,
1084 617 1141 670 ὲν
1160 617 1385 687 εὐκολίᾳ
1414 614 1841 687 παραλαμϐάνο-

267 732 365 785 μεν
394 713 528 768 αὐτὸ
561 710 650 765 διὰ
691 710 755 764 τὸ
786 709 1091 779 ἐγγύτερον
1131 706 1270 762 εἶναι
1312 710 1466 778 ἡμῖν.
1505 726 1524 760 ι
1559 710 1626 760 "O
1657 707 1751 761 καὶ
1781 709 1840 759 ὲν

267 804 516 874 ὑστέροις
569 799 714 856 εἶδον
758 801 991 866 τέλειον,
1040 800 1136 852 καὶ
1189 798 1403 870 ἀληθῶς
1457 798 1704 866 ἔγνωσαν
1756 798 1840 851 ὅτι

267 897 477 958 ὲλπίδες
502 897 660 950 κεναὶ
681 893 947 965 τρέφουσι
975 893 1100 954 τούς
1129 889 1414 961 ἀνοήτους.
1457 890 1603 958 Ἐγὼ
1632 890 1687 942 δὲ
1718 890 1841 942 ενα-

267 990 502 1056 πέμεινα
520 987 622 1056 τῆς
654 986 882 1056 πορείας
901 986 935 1050 ἢ
975 982 1313 1054 ήτοιμάσθη,
1353 981 1633 1051 «Σήμερον
1654 980 1842 1049 λέγον⁴¹

266 1096 356 1144 τες
387 1078 590 1148 ἴδωμεν
621 1079 718 1131 καὶ
759 1076 984 1145 αὔριον·
1020 1078 1113 1128 καὶ
1146 1076 1231 1129 ὅτι
1276 1073 1365 1127 διὰ
1410 1076 1578 1145 ξηρᾶς
1611 1075 1710 1145 οὐχ
1739 1075 1838 1145 ἁρ-

272 1172 443 1244 μόζει,
471 1173 596 1224 ἐπεὶ
629 1170 974 1225 ἐπικίνδυνόν
1005 1169 1124 1221 ἐστι
1157 1167 1217 1220 τὸ
1249 1170 1502 1239 πρᾶγμα,
1531 1169 1647 1222 ἀλλ’
1675 1169 1843 1238 εὑρή-

272 1280 454 1333 σωμεν
489 1260 622 1316 πλεύ
631 1279 682 1315 σι
689 1279 812 1331 μον.
857 1279 876 1312 ι

350 1355 439 1406 Ἑν
475 1352 680 1423 Ἰουνίῳ
703 1353 836 1423 μηνὶ
856 1351 953 1405 τοῦ
979 1351 1144 1404 αὐτοῦ
1166 1350 1319 1414 ἔτους
1339 1350 1447 1403 ἰδοῦ
1476 1348 1840 1421 ἐδημοσιεύθη

268 1449 300 1517 ή
337 1446 483 1517 μάχη
510 1461 523 1473 ⁸
578 1447 673 1498 καὶ
703 1445 824 1498 καθ’
860 1445 1020 1515 ἡμῶν
1053 1443 1146 1497 τοῦ
1203 1433 1569 1513 στρατοπέδου
1602 1443 1839 1513 δραμόνο

267 1556 378 1605 τος,
408 1537 800 1609 ῂχμαλώτευσε
828 1537 1036 1597 πάντας
1067 1537 1193 1600 τοὺς
1250 1535 1450 1601 ἔξωθεν
1504 1535 1603 1604 τῆς
1636 1534 1842 1597 πόλεως

272 1631 574 1693 οἰκοῦντας.
626 1630 714 1682 Ἐν
747 1622 790 1697 ᾧ
820 1629 999 1701 καιρῷ
1030 1628 1320 1681 ἐτελείωσε
1350 1626 1531 1681 καὶτὸ
1562 1626 1718 1692 ἄστυ,
1748 1626 1843 1680 καὶ

270 1725 327 1775 ὲν
361 1721 510 1790 αὐτῷ
559 1720 881 1790 ᾠκοδόμησε
927 1721 1173 1791 πύργους
1213 1721 1365 1788 τρεῖς
1401 1718 1678 1788 ἰσχυροὺς,
1716 1717 1842 1782 τοὺς

267 1814 359 1866 δύο
406 1812 506 1881 μὲν
542 1812 856 1883 χερσαίους,
892 1812 985 1865 τὸν
1027 1813 1086 1866 δὲ
1120 1812 1311 1882 ἕτερον
1359 1812 1503 1865 κατά
1536 1810 1838 1878 θάλασσαν,

267 1905 322 1966 ὃς
351 1906 444 1958 καὶ
472 1903 651 1970 ὀλίγον
679 1921 729 1957 τι
764 1905 970 1973 μείζων
997 1905 1109 1959 τῶν
1138 1904 1232 1959 δύο
1272 1904 1512 1976 ὑπῆρχε.
1539 1903 1613 1958 Τὺ
1640 1904 1697 1957 δὲ
1728 1921 1842 1957 τει-

267 1997 379 2066 χῶν
408 1998 566 2067 εὖρος
593 1994 661 2068 ἦν
689 1999 862 2053 εἴκοσι
891 1998 988 2052 καὶ
1021 1998 1185 2052 πέντε
1222 1981 1423 2063 ποδῶν,
1452 1999 1510 2051 τδ
1550 1996 1608 2050 δὲ
1637 1996 1841 2051 ἔσωθεν

266 2091 446 2143 αὐτῶν
471 2090 793 2160 εὐρύχωρον
825 2091 1039 2160 ὑπῆρχε
1076 2090 1374 2159 τριάκοντα
1398 2088 1493 2141 καὶ
1522 2087 1615 2141 δύο
1639 2088 1838 2145 ποδῶν.

268 2176 402 2233 Εἶτα
436 2181 497 2233 ὲν
549 2179 799 2251 μολύϐδῳ
831 2181 1119 2242 σκεπάσας
1150 2179 1276 2241 τοὺς
1304 2179 1572 2248 πύργους,
1602 2184 1697 2233 καὶ
1733 2180 1844 2234 πᾶν

265 2272 325 2325 τὸ
363 2274 499 2327 ἄστυ
548 2273 733 2336 καλῶς
771 2273 1103 2342 ἀσφαλισας,
1139 2272 1237 2326 καὶ
1282 2274 1341 2326 ἐν
1372 2272 1523 2344 αὐτῷ
1568 2273 1843 2344 φρουροὺς

268 2365 598 2434 κατέστησε.
633 2365 746 2418 Καὶ
774 2366 832 2417 ὲν
858 2368 925 2434 τῇ
961 2367 1184 2436 εἰκοστῇ
1217 2365 1378 2437 ὀγδόῃ
1408 2364 1504 2418 τοῦ
1528 2364 1843 2432 Αὐγούστου

265 2457 517 2528 ἐγερθεὶς
540 2456 752 2510 ἐκεῖθεν
782 2457 980 2511 ἔπεσεν
1014 2458 1106 2510 ἐπὶ
1129 2458 1229 2520 τὰς
1259 2458 1453 2517 σούδας
1479 2457 1580 2522 τῆς
1610 2456 1844 2523 πόλεως,

264 2550 362 2607 καὶ
397 2551 467 2620 τῇ
516 2548 711 2621 πρώτῃ
742 2548 838 2602 τοῦ
882 2548 1270 2619 Σεπτεμϐρίου
1311 2549 1483 2619 μηνὸς
1530 2550 1625 2603 τοῦ
1656 2550 1844 2623 ⁴ςτῇξαι

265 2636 421 2702 ἔτους
449 2638 599 2709 διέϐη
640 2642 719 2705 εἰς
757 2640 857 2712 τὴν
902 2638 1400 2709 Ἀνδριανούπολιν,
1443 2640 1519 2703 ὡς
1571 2640 1844 2710 φαίνεται,

267 2730 357 2784 ἵνα
384 2731 504 2793 ταῖς
556 2730 650 2785 δύο
683 2732 874 2794 αὐταῖς
906 2731 1147 2802 ἡμέραις
1180 2731 1268 2804 ῐδῃ
1295 2731 1363 2784 τὰ
1409 2731 1567 2801 τείχη
1600 2730 1698 2801 τῆς
1746 2730 1847 2782 πό·

267 2824 408 2887 λεως
456 2827 551 2881 καὶ
596 2825 757 2895 235
787 2827 1053 2896 τάφρους,
1106 2825 1202 2880 καὶ
1237 2824 1288 2878 εῑ
1342 2841 1395 2878 τι
1438 2824 1630 2894 ιτερον
1687 2823 1847 2886 αὐτὸς

268 2914 566 2981 ἐλογίζετο.
628 2916 738 2967 Καὶ
787 2915 865 2986 τῷ
914 2916 1066 2985 αὐτῷ
1122 2915 1454 2985 φθινοπώρῳ
1511 2913 1847 2984 Ὀκτωϐρίου

272 3009 470 3080 πρώτῃ
504 3009 721 3072 στείλας
755 3009 842 3063 τὸν
889 3010 1216 3082 Τουραχάνη
1256 3011 1354 3063 καὶ
1403 3009 1535 3072 τούς
1564 3008 1659 3063 δύο
1697 3009 1851 3072 υἱοὺς

271 3100 441 3156 αὐτοῦ
468 3100 796 3170 Ἀχουμίιτιν
826 3102 923 3154 καὶ
946 3100 1181 3172 Ἀμάριν
1210 3099 1349 3172 μετᾶ
1391 3100 1650 3156 πλείστου
1686 3115 1853 3170 στρα-
1896 3148 1899 3149 ,

273 3190 370 3245 τοῦ
414 3193 472 3244 ἐν
517 3195 583 3261 τῇ
617 3182 1035 3265 Πελὲποννήσῳ,
1083 3193 1174 3248 ἵνα
1224 3195 1528 3264 μαχόμενοι
1572 3192 1714 3246 κατά
1740 3191 1849 3244 τῶν
1874 3221 1922 3285 c

270 3281 550 3336 δεσποτῶν
584 3284 694 3336 τῶν
717 3283 812 3337 τοῦ
844 3284 1109 3355 βασιλέως
1133 3284 1381 3352 ἀδελφῶν
1405 3282 1696 3355 ξιωλύσωσι
1718 3281 1847 3344 τοὺς

269 3374 550 3437 τοιούτους
609 3376 993 3444 ἐμποδίζοντες
1048 3377 1138 3432 διά
1174 3376 1268 3430 τοῦ
1327 3376 1592 3447 πολέμου,
1640 3375 1731 3429 ἴνα
1772 3373 1849 3445 μὴ

272 3462 565 3534 δυνάμενοι
593 3466 754 3520 ἐᾶσαι
783 3466 874 3521 τὸν
898 3469 1066 3522 τόπον
1113 3466 1315 3521 item:
1351 3467 1491 3537 πρὸς
1523 3468 1849 3539 συμμαχίαν

270 3578 536 3640 νει-ἰιηιιε,
560 3578 688 3648 quid
709 3579 800 3633 ille
813 3579 1208 3635 velit.Etiamsi
1227 3581 1370 3635 enim
1393 3590 1634 3637 castrum
1658 3579 1851 3634 condi-
1879 3618 1884 3623 -

274 3668 438 3734 derit,
454 3678 635 3726 tamen
677 3670 821 3725 facili
848 3685 1014 3741 opera
1038 3672 1088 3726 id
1107 3673 1564 3743 expugnabimus,
1586 3673 1845 3741 quoniam

186 3778 189 3779 '
271 3760 505 3830 propius
542 3762 700 3817 nobis
717 3772 819 3816 est.
857 3780 876 3813 ι
905 3762 1059 3828 Quod
1096 3773 1282 3833 postea
1321 3771 1706 3848 compererunt
1734 3763 1851 3832 pla-

272 3851 520 3933 nissime,
539 3863 593 3907 et
611 3867 796 3907 revera
815 3861 1209 3922 cognoverunt,
1230 3869 1323 3924 spe
1339 3868 1478 3909 vana
1502 3853 1650 3924 pasci
1668 3868 1853 3909 amen-
1876 3912 1897 3933 Ι

273 3931 383 3997 tes.
408 3941 520 4012 Ego
549 3950 728 3996 autem
751 3944 1165 4012 perseveraham
1185 3945 1236 3999 in
1268 3943 1483 4000 itineris
1514 3944 1626 4015 jam
1674 3945 1849 4015 parati

274 4031 532 4086 consilio.
552 4031 796 4098 Scilicet,
820 4051 841 4085 ι
881 4033 1073 4101 Hodie,
1116 4035 1474 4097 aiebant.aut
1498 4050 1621 4092 cras
1646 4036 1853 4092 videbi-

273 4133 532 4186 mus;nec
549 4137 647 4192 per
661 4134 860 4178 terram
883 4125 983 4180 iter
1004 4123 1181 4180 facere
1196 4123 1344 4191 licet,
1362 4125 1618 4196 quoniam
1637 4128 1854 4196 pericu-

273 4209 395 4265 losa
412 4225 500 4267 res
516 4222 621 4278 est,
645 4213 739 4269 sed
756 4215 1042 4285 navigandi
1059 4217 1398 4271 occasionem
1432 4215 1796 4274 inveniemus.
1825 4236 1846 4273 ι

352 4299 723 4358 MenseJunio
752 4304 872 4374 ejus
924 4307 1050 4360 anni
1090 4306 1287 4362 bellum
1345 4308 1700 4365 commissum
1750 4318 1853 4374 est,

276 4402 446 4463 atque
484 4393 772 4450 invadenle
813 4412 912 4453 nos
944 4401 1189 4453 exercitu
1219 4400 1404 4454 hostili
1427 4440 1443 4462 ,
1470 4416 1568 4469 pro
1622 4403 1853 4473 captivis

277 4485 494 4555 abrepti
529 4494 660 4540 sunt
687 4487 874 4542 cuncti
919 4488 1244 4543 suburbani.
1295 4489 1416 4556 Quo
1467 4490 1663 4551 eodem
1722 4502 1856 4546 tem-

1939 617 2007 669 δι’
2036 619 2161 672 ὅλου
2192 619 2287 673 τοῦ
2320 621 2588 690 χειμῶνος
2627 620 3014 691 ἐμποδίζοντες
3057 626 3275 692 αὐτοὺς,
3310 625 3406 679 καὶ
3441 624 3516 695 μὴ

1939 713 2177 784 εὕρωσιν
2226 716 2517 784 εὐκαιρίαν
2565 716 2661 769 τοῦ
2708 716 2883 770 ἐλθεῖν
2923 717 3187 788 βοηθῆσαι
3240 723 3307 789 τῇ
3361 723 3514 778 πόλει

1940 804 2058 870 ἅμα
2090 805 2168 874 τῷ
2221 805 2434 875 βασιλεί
2482 805 2560 876 τῷ
2595 807 2691 860 καὶ
2734 807 2949 878 ἀδελφῷ
2979 810 3182 865 αὐτῶν.
3235 813 3517 877 Ἐλθόντος

1939 899 2032 954 οὖν
2063 899 2156 953 τοῦ
2189 902 2515 973 Τουραχάνη
2564 902 2659 957 καὶ
2689 903 2757 957 τὰ
2785 904 2939 975 τείχη
2983 905 3078 959 τοῦ
3109 906 3329 978 ’ἰσθμοῦ
3361 908 3518 970 αὖθις

1938 987 2269 1053 ἀλώσαντος,
2323 992 2417 1044 καὶ
2468 992 2801 1060 ἀμφοτέρων
2852 993 2962 1046 τῶν
3021 997 3207 1063 μερῶν
3272 998 3518 1052 πλεῖστοι

1940 1079 2388 1149 ἀπεκτάνθησαν,
2422 1081 2568 1150 λέγω
2602 1081 2953 1150 Χριστιανῶν
2988 1085 3080 1137 καὶ
3105 1086 3372 1152 ἀπίστων,
3412 1092 3519 1159 μά-

1941 1170 2105 1224 λιστα
2138 1174 2203 1225 ὲκ
2251 1173 2359 1226 τῶν
2388 1175 2754 1244 Χριστιανῶν,
2786 1176 2835 1229 οἳ
2867 1177 2962 1231 καὶ
3011 1179 3092 1241 εἰς
3142 1178 3324 1250 φυγὴν
3355 1183 3518 1243 ἐτρά-

1944 1278 2150 1331 πησαν.
2188 1261 2359 1324 Αὐτὸς
2391 1262 2448 1316 δὲ
2494 1265 2814 1320 καταλιπὼν
2835 1266 2937 1338 τὴν
2983 1267 3250 1336 Κόρινθον
3284 1271 3377 1323 καὶ
3431 1270 3520 1323 διὰ

1947 1353 2113 1423 μέσου
2145 1353 2245 1421 τῆς
2287 1354 2457 1422 νήσου
2486 1357 2784 1426 ἐρχόμενος
2831 1360 3286 1429 αίχμαλωτεύων,
3326 1362 3519 1424 ἄλλους

1947 1445 2228 1498 σκυλεύων
2258 1447 2353 1499 καὶ
2375 1446 2806 1517 ἀνδραποδίζων,
2834 1449 2926 1512 οὓς
2955 1444 3105 1519 εὗρε,
3130 1450 3366 1522 ἔφθασεν
3391 1455 3519 1522 ἄχρι

1942 1537 2040 1607 τῆς
2085 1536 2386 1607 Ἀρκαδίας
2418 1538 2688 1607 ἐπαρχίας
2717 1541 2814 1593 καὶ
2841 1542 2939 1593 τοῦ
2971 1544 3359 1613 Μεσσηνιακοῦ
3404 1546 3523 1598 κόλ-

1945 1645 2071 1693 που,
2103 1628 2199 1682 καὶ
2230 1630 2329 1698 τὴν
2357 1630 2476 1684 ὁδὸν
2507 1630 2741 1698 βαδὶζων
2780 1635 2880 1702 τῆς
2909 1633 3168 1703 Ἰθώμης,
3200 1637 3296 1689 καὶ
3345 1641 3522 1691 πάντα

1943 1720 2035 1774 τὸν
2064 1720 2457 1791 Μεσσηνιακὸν
2482 1723 2686 1776 κόλπον
2720 1722 3054 1794 ληϊσάμενος
3087 1726 3217 1796 ἄχρι
3247 1730 3346 1796 τῆς
3372 1729 3524 1781 Μιν-

1945 1811 2174 1874 τινείας.
2224 1811 2372 1866 Ἰδὼν
2389 1813 2449 1866 δὲ
2477 1813 2537 1867 τὸ
2558 1813 2652 1867 τοῦ
2685 1816 2852 1868 τόπου
2886 1818 3076 1870 στενὸν
3097 1820 3194 1871 καὶ
3222 1819 3520 1889 δύσχωρον,

1945 1902 2102 1956 διὀὖ
2153 1904 2390 1974 στρατὸς
2424 1904 2525 1958 οὐκ
2578 1905 2806 1984 ἐδύνατο
2854 1908 3061 1961 ὁδεύειν
3117 1909 3256 1978 ὁμοῦ
3295 1913 3521 1974 πάντες.

1942 1995 2021 2065 τῷ
2051 1995 2153 2064 υίῷ
2184 1994 2350 2049 αὐτοῦ
2395 1996 2712 2069 Ἀχουμάτῃ
2762 2000 2931 2070 μέρος
2979 2001 3079 2054 οὒκ
3111 2002 3337 2069 ἀτενοῦς
3360 2003 3525 2072 236

1945 2086 2383 2157 στρατοῦοδώσας
2413 2088 2508 2141 καὶ
2540 2091 2641 2156 τὴν
2668 2089 2788 2142 ὁδὸν
2819 2091 3125 2162 ἐρχομένην
3160 2095 3218 2145 ὲν
3258 2094 3332 2162 τῷ
3362 2096 3526 2147 Λεον-

1945 2180 2090 2251 τάρῃ
2143 2180 2519 2249 παρήγγειλεν
2570 2180 2821 2235 ὁδεύειν
2875 2184 2903 2235 6
2955 2182 3012 2236 δὲ
3062 2184 3133 2237 δι’
3188 2184 3359 2253 ἄλλης
3403 2187 3522 2239 ὁδοῦ

1944 2262 2137 2341 ᾤχετο.
2185 2270 2468 2335 Μαθόντες
2499 2271 2555 2326 δὲ
2595 2271 2756 2326 τοῦτο
2783 2274 2836 2326 oi
2875 2273 3137 2329 δεσπόται
3174 2276 3270 2330 καὶ
3302 2277 3525 2345 ἀδελφοὶ

1947 2361 2261 2437 στείλαντες
2291 2362 2384 2416 τὸν
2410 2363 2688 2417 Ματθαϊον
2714 2364 2951 2435 Ἀσάνην
2988 2366 3125 2435 μετά
3159 2368 3395 2437 στρατοῦ
3428 2372 3524 2422 λα-

1948 2452 2171 2523 θραίως,
2197 2433 2300 2508 ἶιαὶ
2325 2452 2497 2509 ἐλθὼν
2525 2456 2583 2510 ἐν
2619 2455 2698 2525 τῷ
2727 2457 2878 2528 τόπῳ
2905 2433 2966 2511 οὗ
2991 2433 3525 2529 ἔμελλον-περᾶσαι,

1949 2549 2045 2602 καὶ
2103 2548 2391 2617 αἰφνιδίως
2442 2551 2525 2614 εἰς
2584 2552 2788 2614 αὐτοὺς
2858 2554 3234 2626 συρράξαντες
3293 2555 3526 2622 πολλοῦς

1949 2640 2283 2696 ἀπέκτειναν
2334 2643 2429 2696 καὶ
2479 2642 2897 2714 ῂχμαλώτισαν,
2953 2648 3011 2699 ἑν
3048 2640 3132 2708 οἷς
3186 2642 3267 2710 εἷς
3302 2643 3372 2718 ἦν
3416 2649 3528 2701 τῶν

1950 2730 2322 2800 αἰχμαλώτων
2353 2733 2448 2787 καὶ
2494 2737 2524 2788 6
2551 2734 2900 2806 ’Δχουμάτης
2948 2737 2976 2790 ὁ
3010 2737 3335 2809 Τουραχάνη
3371 2741 3486 2803 υἱός
3510 2758 3526 2773 ·

1949 2823 2009 2877 ὃν
2037 2825 2373 2881 ἀπέστειλαν
2404 2830 2486 2890 εἰς
2520 2828 2780 2899 Σπάρτην
2809 2829 2949 2898 πρὸς
2985 2828 3078 2883 τὸν
3123 2830 3395 2902 δεσπότην
3420 2837 3530 2904 κύρ

1951 2916 2291 2987 Δημήτριον.
2346 2919 2459 2972 Καὶ
2489 2922 2554 2990 τῇ
2589 2917 2656 2983 ιζ’
2705 2920 2799 2974 τοῦ
2842 2920 3178 2993 Ἶανουαρίου
3234 2922 3405 2992 μηνὸς
3433 2922 3529 2976 τοῦ

1953 3005 2120 3059 αὐτοῦ
2141 3007 2296 3071 ἔτους
2327 3010 2590 3081 ἐγεννήθη
2625 3012 2723 3065 καὶ
2750 3013 2779 3066 6
2804 3012 2914 3066 τῶν
2943 3012 3325 3081 Παλαιολόγων
3339 3014 3532 3082 γένους

1954 3096 2174 3167 καὶτῆς
2221 3098 2505 3169 βασιλείας
2546 3100 2792 3171 διάδοχος
2825 3102 2921 3155 καὶ
2965 3102 3060 3156 τοῦ
3094 3104 3204 3158 τῶν
3246 3105 3533 3173 Ῥωμαίων

1956 3189 2154 3262 μικροῦ
2180 3190 2375 3245 τούτου
2405 3193 2702 3264 σπινθῆρος
2728 3194 3094 3265 κληρονόμος,
3122 3198 3151 3250 6
3177 3195 3369 3267 κύριος
3409 3198 3532 3252 Ἀν-

1951 3282 2115 3353 δρέας
2163 3283 2192 3337 ό
2256 3284 2652 3354 Παλαιολόγος,
2696 3289 2725 3340 6
2779 3287 2896 3351 υίὸς
2952 3288 3048 3341 τοῦ
3107 3288 3375 3343 δεσπότου
3426 3290 3533 3362 κὺρ

1949 3374 2125 3444 Θωμᾶ
2157 3375 2255 3431 τοῦ
2286 3380 2827 3452 πορφυρογεννήτον.

1951 3579 2207 3648 davitque
2234 3578 2302 3634 lis
2330 3593 2566 3640 amaras.
2590 3587 2649 3634 ut
2678 3594 2776 3648 per
2798 3587 2963 3634 totam
2984 3579 3217 3634 hiemem
3251 3593 3347 3635 eos
3368 3578 3535 3649 impe-

1950 3667 2151 3731 dirent,
2172 3684 2238 3722 ne
2261 3668 2934 3723 invenirentoccasionem
2978 3670 3218 3724 ferenda:
3262 3670 3384 3723 urbi
3411 3671 3534 3738 epis

1951 3771 2059 3812 una
2079 3772 2204 3811 cum
2228 3757 2559 3827 imperatore
2579 3757 2766 3813 fratre.
2792 3759 3150 3814 Turachanes
3174 3758 3336 3829 igitur
3358 3772 3417 3814 ut
3442 3762 3537 3814 ad-

1950 3849 2120 3915 venit,
2151 3848 2342 3903 Isthmi
2375 3849 2781 3919 propugnacula
2809 3850 2976 3920 cepit,
3010 3851 3439 3919 cecideruntque
3470 3868 3537 3907 ex

1953 3947 2187 4010 utraque
2204 3950 2378 4009 parte,
2392 3939 2832 3996 Christianorum
2849 3952 2903 3996 et
2920 3936 3536 4011 infidelium,permult‘,

1952 4032 2049 4087 sed
2080 4031 2297 4086 illorum
2345 4032 2552 4102 plures,
2589 4030 2683 4100 qui
2729 4031 2892 4086 iidem
2923 4031 3062 4102 fugae
3097 4046 3157 4086 se
3185 4031 3533 4087 mandarunt.

1950 4123 2074 4194 Ipse
2125 4124 2345 4190 deinde,
2382 4123 2569 4179 relicta
2600 4123 2888 4187 Corintho,
2909 4138 3007 4193 per
3031 4122 3268 4177 mediam
3298 4123 3536 4179 insulam

1954 4216 2225 4286 procedit,
2256 4214 2501 4285 capiens,
2536 4213 2784 4284 spoliatis
2810 4251 2828 4279 ,
2856 4216 2910 4267 in
2946 4213 3264 4269 servitutem
3289 4214 3540 4284 redige-us

1955 4322 2317 4380 quoscunque
2346 4306 2566 4370 obvios,
2600 4308 2961 4377 pervenitque
2984 4305 3051 4360 ad
3075 4307 3416 4370 provinciam
3438 4307 3542 4360 Ar-

1957 4400 2126 4457 cadiae
2155 4408 2209 4455 et
2231 4398 2408 4454 sinum
2434 4398 2865 4459 Messeniacum.
2891 4407 2945 4452 et
2972 4397 3060 4452 via
3100 4397 3395 4453 lthomeusi
3421 4414 3542 4467 pro-

1958 4492 2208 4564 grediens
2229 4500 2399 4546 totum
2417 4493 2595 4546 sinum
2614 4489 3008 4546 Messeniacum
3024 4490 3350 4545 Mantineam
3372 4507 3543 4560 usque

277 4592 421 4649 pore
447 4587 686 4632 castrum
706 4577 1007 4648 perfectum
1026 4590 1558 4651 est,exstructaeque
1582 4583 1636 4637 in
1662 4598 1728 4638 eo
1750 4594 1860 4638 tres
1894 4584 1936 4638 ι)
1965 4584 2355 4654 depOpnlatur.
2391 4581 2707 4651 Perspectis
2733 4591 2914 4635 autem
2977 4581 3218 4649 regionis
3276 4583 3543 4649 angustiis

278 4680 462 4725 turres
495 4668 683 4735 ﬁrmae,
718 4672 837 4725 dua;
866 4672 1236 4739 continentem
1267 4689 1498 4741 versus;
1531 4676 1709 4744 tertia,
1750 4676 1860 4731 illis

276 4764 448 4834 paulo
473 4762 654 4826 altior,
679 4763 746 4817 ad
773 4776 939 4817 mare.
963 4761 1244 4817 Murorum
1266 4765 1497 4820 latitudo
1518 4773 1637 4819 erat
1665 4765 1860 4835 viginti

273 4854 525 4926 quinque
539 4857 759 4926 pedum,
781 4854 1010 4908 interius
1026 4856 1263 4923 spatium
1287 4856 1523 4911 duorum
1539 4851 1859 4927 et_triginta.

278 4951 514 5005 Easdem
540 4950 761 5018 plumbo
793 4950 928 5002 texit
956 4957 1011 5003 et
1039 4956 1216 5003 totum
1247 4959 1487 5003 castrum
1511 4949 1650 5004 bene
1685 4949 1865 5003 muni-

278 5046 364 5097 vit
385 5055 439 5096 et
466 5042 718 5112 praesidio
741 5042 1001 5097 firmavit.
1032 5041 1237 5096 Deinde
1260 5040 1523 5095 vicesimo
1553 5049 1748 5096 octavo
1778 5041 1866 5097 die

280 5138 514 5206 Augusti
534 5137 660 5191 inde
684 5150 961 5206 egressus,
978 5135 1035 5189 in
1068 5135 1241 5189 vallos
1268 5134 1417 5189 urbis
1444 5133 1864 5203 impressionem

283 5230 437 5296 fecit,
470 5246 533 5284 ac
562 5231 738 5300 primo
760 5227 1096 5296 Septembris
1114 5227 1243 5282 anni
1282 5225 1416 5281 6961
1450 5226 1862 5295 Adrianopolim

280 5325 574 5390 concessit,
593 5323 806 5378 duobus
834 5321 941 5377 illis
962 5322 1155 5377 diebus
1171 5321 1344 5385 urbis,
1366 5328 1426 5376 ut
1455 5319 1689 5382 videtur,
1724 5332 1862 5373 mce-

286 5419 382 5471 n‘a
414 5426 469 5470 et
516 5413 719 5476 fossas,
747 5423 801 5467 et
829 5412 876 5467 si
914 5412 1044 5482 quid
1071 5412 1215 5466 aliud
1247 5411 1485 5473 volebat,
1521 5409 1859 5481 speculatus.

285 5509 492 5564 Eodem
546 5515 835 5572 autumno,
865 5505 1124 5561 Octobris
1148 5505 1238 5560 die
1267 5505 1465 5575 primo,
1490 5502 1865 5558 Turacbancm

280 5610 341 5656 et
381 5598 518 5655 duos
571 5599 712 5654 filios
761 5598 900 5668 ejus,
928 5599 1280 5652 Achumatem
1325 5606 1379 5650 et
1416 5595 1665 5649 Amarim
1694 5633 1709 5655 .
1743 5610 1866 5648 cum

266 5692 532 5762 exercitu
551 5691 754 5761 ingenti
781 5693 833 5745 in
861 5690 1294 5760 Peloponnesum
1330 5689 1500 5750 misit,
1516 5698 1573 5742 ut
1589 5689 1864 5759 despotas.

282 5786 487 5843 fratres
510 5784 853 5855 imperatoris
874 5783 1011 5838 bello
1035 5782 1207 5837 adorti
1240 5783 1610 5852 prohiberent,
1637 5798 1727 5845 ne,
1749 5781 1873 5835 reli-

287 5877 400 5938 ctis
447 5878 558 5937 illis
612 5875 766 5942 locis,
798 5873 1115 5943 imperatori
1147 5872 1349 5928 auxilio
1402 5872 1672 5935 venirent,
1710 5885 1870 5925 mau-

1961 4684 2016 4730 et
2047 4686 2240 4730 natura
2264 4675 2431 4737 invia,
2452 4689 2546 4744 per
2562 4688 2724 4742 quam
2748 4681 2894 4726 totus
2913 4671 3075 4726 simul
3097 4664 3371 4726 exercitus
3397 4680 3543 4725 tran-

1963 4765 2073 4822 sire
2098 4783 2201 4821 non
2215 4775 2422 4840 posset.
2454 4765 2688 4818 militum
2711 4775 3060 4818 strenuorum
3082 4771 3233 4831 parte
3250 4763 3542 4817 Achumati

1966 4859 2076 4914 filio
2111 4861 2426 4919 commissa,
2460 4857 2542 4912 via
2570 4872 2694 4912 eum
2718 4872 2839 4926 quae
2864 4865 3014 4910 trans
3044 4854 3358 4909 Leontarim
3408 4856 3540 4919 fert,

1965 4952 2262 5024 procedere
2283 4953 2472 5021 jussit.
2490 4950 2559 5005 At
2577 4952 2739 5005 aliam
2762 4952 2807 5004 is
2830 4949 2972 5002 viam
2995 4947 3280 5014 ingressus
3299 4958 3404 5003 est.
3422 4949 3543 5014 Quo

1967 5054 2270 5111 comperto.
2300 5042 2541 5111 despotae
2576 5041 2772 5095 fratres
2795 5038 3105 5093 Matthmum
3138 5037 3377 5093 Asanem
3403 5039 3541 5093 clam

1969 5151 2093 5190 cum
2127 5134 2368 5189 exercitu
2398 5134 2618 5188 mittunt
2646 5153 2660 5199 ;
2691 5133 2782 5202 qui
2817 5132 2907 5187 ubi
2963 5138 3334 5201 pervenerunt
3374 5131 3426 5185 in
3471 5131 3546 5186 lo-

1970 5242 2118 5291 cum,
2151 5241 2309 5296 quem
2344 5226 2669 5280 illitransire
2699 5224 2920 5286 vellent,
2940 5222 3125 5278 subito
3153 5223 3208 5278 in
3239 5223 3542 5279 eosin'cnr-
3568 5296 3575 5302 θ

1973 5317 2314 5387 sioncfacta,
2336 5332 2441 5371 non
2471 5331 2674 5386 paucos
2692 5317 2886 5386 partim
2914 5316 3196 5383 occidunt,
3225 5317 3424 5385 partim
3450 5330 3545 5372 ca-

1976 5412 2153 5480 piunt.
2191 5411 2243 5463 in
2275 5409 2359 5463 his
2382 5411 2558 5479 ipsum
2585 5409 2926 5464 Turachanis
2954 5406 3121 5461 lilium
3157 5408 3544 5475 Achumatem,

1973 5516 2132 5571 quem
2165 5499 2411 5569 Spartam
2457 5499 2524 5553 ad
2582 5496 2912 5552 Demetrium
2975 5498 3258 5568 despotam
3300 5500 3542 5554 mittunt.

1976 5595 2195 5649 Decimo
2229 5591 2460 5660 septimo
2491 5591 2581 5645 die
2622 5589 2860 5643 L-nuarii
2899 5590 3319 5659 annicjusc‘em
3383 5600 3547 5647 natus

1975 5697 2058 5740 est
2087 5685 2512 5753 Palreologm-um
2541 5691 2595 5736 et
2625 5683 2837 5751 imperii
2867 5696 3154 5751 parvaeque
3191 5682 3353 5749 hujus
3402 5683 3546 5737 scin-

1977 5779 2107 5831 tilla:
2134 5776 2502 5829 Romanorum
2525 5773 2977 5841 haares.Andreas
2994 5773 3350 5842 Palicologus,
3395 5771 3545 5830 Tho-

1980 5887 2081 5924 ma:
2115 5867 2559 5941 porphyrogeniti
2587 5867 2830 5937 dcspolaa
2866 5866 3032 5920 ﬁlius.
