3964 6426
292 409 395 472 837

1197 464 1200 467 .
1291 397 1744 462 CHRONICON
1784 399 2059 462 MAJUS.
2099 425 2166 436 -
2208 401 2346 461 LIB.
2391 401 2496 463 III.

3432 406 3538 464 838

285 521 387 590 τὴν
415 518 663 589 μεγάλην
709 516 929 586 ἐκείνην
961 514 1222 579 ἐλεϐόλιν,
1259 514 1459 576 πλάτος
1524 529 1740 583 .χουσαν
1769 513 1866 566 ἐπὶ
1896 495 1940 569 Α
1967 528 2134 565 κοντα
2196 514 2290 566 καὶ
2330 513 2514 578 ὀκτὼ,
2555 514 2617 567 τὸ
2673 513 2728 568 δὲ
2761 513 2949 568 λοιπὸν
2986 514 3116 584 ἄχρι
3158 515 3253 568 τοῦ
3304 515 3545 584 ἀριθμοῦ

286 609 383 664 τοῦ
431 610 706 677 στόματος
759 607 1047 676 σπιθαμὰς
1099 605 1453 668 δυοκαίδεκα,
1522 607 1620 658 καὶ
1676 605 1869 674 ἐτέρας

289 699 495 775 πολλάς
536 699 809 760 ἐλεϐόλεις
839 697 997 764 ἀξίας
1037 697 1349 766 θεάματος·
1393 697 1488 750 καὶ
1537 700 1870 767 στρατήγιον

289 792 524 861 ὀρυκτὸν
572 791 905 861 ποιήσαντες
943 790 1147 860 ὑψηλὸν
1187 791 1282 843 καὶ
1315 791 1455 860 μετὰ
1499 790 1673 854 ξύλων
1704 807 1870 854 σταυο

290 883 571 956 ρώσαντες
605 886 775 948 αὑτάς
806 883 1013 938 ἄνωθεν
1043 883 1290 946 ἔϐαλλον,
1318 885 1413 938 καὶ
1442 886 1500 936 ἐν
1530 886 1720 946 τόποις
1750 885 1868 937 τέσο

289 993 454 1046 σαρσι
486 978 580 1029 καὶ
609 977 742 1032 δέκα
780 979 848 1030 τὰ
875 978 1034 1045 τείχη
1069 977 1170 1045 τῆς
1209 979 1422 1041 πόλεως
1465 977 1717 1048 σφοδρῶς
1745 977 1869 1029 ἔτυ-

287 1085 441 1121 πτον.
509 1069 617 1121 Καὶ
677 1071 743 1121 ἐκ
800 1067 1148 1137 πετροϐόλων
1203 1070 1621 1138 μηχανημάτων
1677 1067 1869 1122 πολλαὶ

289 1159 458 1212 οἰκίαι
486 1160 814 1228 περιφανεῖς
859 1159 1030 1228 ἐγγὺς
1053 1161 1165 1212 τῶν
1206 1161 1409 1229 τειχῶν
1453 1160 1863 1230 ἠχρειώθησαν,

288 1249 381 1304 καὶ
406 1250 642 1318 μάλιστα
671 1251 739 1304 τὰ
766 1251 1049 1320 ἀνάκτορα
1072 1267 1087 1282 °
1117 1253 1181 1304 ἐκ
1207 1252 1264 1304 δὲ
1289 1252 1398 1306 τῶν
1445 1253 1742 1306 ἐλεϐόλεων
1768 1252 1866 1322 τὴν

290 1343 446 1397 πόλιν
469 1343 766 1414 ἐθορύϐουν
794 1344 1118 1413 κροτοῦντες
1145 1345 1238 1398 καὶ
1265 1345 1591 1410 κλονοῦντες
1615 1350 1730 1411 τοῖς
1752 1348 1866 1417 τείτ

287 1451 410 1502 χεσι
462 1435 557 1487 καὶ
593 1437 706 1499 τοῖς
751 1434 987 1505 πύργοις
1033 1436 1290 1502 ἐνέὸιδον,
1343 1436 1439 1490 καὶ
1490 1437 1717 1508 διαμφὶς
1765 1439 1867 1493 οὐκ

285 1525 476 1579 ἔλιπον
522 1527 748 1580 θάνατοι
777 1527 840 1579 ἐκ
868 1543 928 1580 τε
986 1529 1096 1580 τῶν
1138 1529 1434 1582 ἐλεϐὁλεων
1474 1531 1569 1584 καὶ
1622 1531 1865 1587 ἐλεϐολί-

291 1635 439 1672 σκων
473 1621 866 1691 μπαλαιστρῶν
897 1638 956 1696 τε
986 1623 1080 1674 καὶ
1103 1622 1277 1687 τόξων
1313 1623 1407 1675 καὶ
1447 1624 1651 1691 ἐτέρων
1686 1644 1865 1696 μηχα-

285 1710 568 1778 νημάτων.
603 1711 718 1763 Καὶ
774 1711 876 1765 οὑκ
904 1711 1106 1764 ἔπαυεν
1134 1713 1162 1764 6
1195 1711 1432 1778 πόλεμος
1481 1713 1604 1766 καθ’
1646 1714 1864 1784 ἡμέραν

282 1814 343 1850 τε
377 1800 470 1850 καὶ
502 1798 698 1862 νύκτα,
749 1800 806 1852 αί
839 1798 1156 1868 συμπλοκαὶ
1193 1799 1288 1851 καὶ
1337 1801 1394 1851 αἱ
1443 1801 1736 1876 συρρήξεις
1768 1801 1863 1853 καὶ

283 1893 333 1944 oi
372 1858 789 1961 ἀκροϐολισμοὶ,
825 1858 1058 1953 ἐλπίζων
1103 1894 1133 1944 6
1161 1891 1384 1960 ἀμηρᾶς
1416 1858 1526 1944 διὰ.
1553 1858 1862 1958 τὸτόλίγους
1896 1858 1934 1911 Β

287 1980 430 2037 εἶναι
465 1985 612 2053 ἡμᾶς
642 1985 736 2036 καὶ
778 1984 1020 2053 ίσχυρῶς
1044 1985 1451 2044 κεκοπιακότας
1485 1983 1727 2047 εὐκόλως
1759 1985 1857 2053 θη-

290 2077 483 2143 ρεῦσαι
509 2076 608 2145 τὴν
641 2077 798 2131 πόλιν
824 2093 840 2110 ο
890 2076 983 2130 καὶ
1025 2077 1128 2129 οὑκ
1161 2077 1346 2128 εῐασεν
1376 2077 1524 2145 ἡμᾶς
1555 2075 1743 2130 ἄνεσιν
1770 2076 1863 2129 λα-

283 2171 398 2223 ϐεῖν
448 2170 564 2224 οὐδ’
611 2170 772 2232 ὅλως.
814 2169 884 2221 Ἣ
919 2157 975 2223 δέ
1027 2169 1238 2240 μεγάλη
1288 2169 1468 2236 ἐκείνη
1518 2168 1611 2220 καὶ
1661 2169 1863 2238 ισχυρὰ

283 2261 529 2324 ἐλέϐολις
566 2259 658 2314 διὰ
691 2261 752 2313 τὸ
785 2260 1028 2329 συνεχῶς
1060 2257 1425 2328 σφενδονίξειν
1455 2261 1552 2312 καὶ
1581 2259 1642 2311 οὑ
1669 2259 1862 2321 τοσοῦ-

282 2369 376 2404 τον
405 2353 466 2405 τὸ
503 2349 771 2421 μέταλλον
805 2351 1074 2420 ὑπάρχειν
1106 2348 1351 2418 καθαρὸν
1382 2349 1648 2418 διερράγη
1697 2350 1755 2401 ἐν
1782 2351 1859 2420 τῷ

283 2445 503 2515 βάλλειν
533 2445 626 2498 τὸν
676 2445 930 2514 τεχνίτην
960 2442 1022 2495 τὸ
1067 2441 1180 2510 πῦρ
1214 2442 1307 2495 καὶ
1340 2443 1422 2505 είς
1471 2442 1643 2496 πολλὰ
1675 2443 1860 2510 διεμε·

285 2537 445 2605 ρίσθη
475 2537 788 2606 κλάσματα,
821 2535 919 2588 καὶ
950 2534 1016 2586 ἐκ
1045 2534 1251 2586 τούτων
1287 2533 1473 2587 πολλοὶ
1507 2535 1858 2607 ἀπεκτάνθη-

278 2647 380 2683 σαν
416 2630 512 2682 καὶ
539 2629 878 2698 ἐπλήγησαν.
903 2626 1018 2680 Καὶ
1041 2625 1285 2688 ἀκούσας
1303 2629 1330 2679 6
1355 2627 1580 2698 ἀμηρᾶς
1608 2629 1853 2699 ἐλυπήθη

279 2719 424 2784 λίαν,
460 2720 552 2772 καὶ
580 2717 916 2788 προσέταξεν
949 2717 1036 2770 ἵνα
1063 2717 1190 2771 ,ἀντ’
1220 2717 1396 2786 αὑτῆς
1430 2720 1734 2789 ποιήσωσιν
1761 2721 1855 2774 ἀλ-

279 2813 379 2878 λην
413 2811 794 2879 ἰσχυροτέραν,
838 2810 932 2864 καὶ
957 2810 1066 2872 ἕως
1093 2808 1195 2878 τῆς
1246 2810 1417 2880 αὑτῆς
1455 2810 1670 2880 ἡμέρας
1700 2813 1855 2867 οὐδὲν

278 2905 429 2966 ἄξιον
463 2903 623 2971 ἔργον
657 2901 781 2954 καθ’
807 2902 962 2971 ἡμῶν
994 2902 1389 2970 κατώρθωσαν.
1425 2903 1534 2956 Καὶ
1563 2907 1628 2972 τῇ
1669 2905 1732 2954 ιε’
1756 2907 1850 2958 τοῦ

281 2992 443 3045 αὑτοῦ
475 2991 684 3058 ’ἔφθασε
713 2991 809 3043 καὶ
837 2995 865 3045 6
899 2990 1314 3057 ἐναπολειφθεὶς
1358 2992 1544 3054 στόλος
1577 2993 1744 3046 αὑτοῦ
1787 2994 1850 3046 ἔκ

1974 603 2082 656 τῶν
2110 602 2192 656 τκ’
2222 605 2468 676 ὑπῆρχον
2499 606 2629 674 νῆες
2664 612 2876 677 μακραὶ
2906 610 3000 661 καὶ
3031 609 3216 669 πλοῖα,
3252 609 3362 660 τῶν
3394 625 3456 676 γε
3486 610 3550 660 τὸ

1973 697 2198 765 φορτίον
2227 692 2297 768 ἦν
2345 699 2606 768 μαχίμων
2639 701 2733 752 καὶ
2777 699 3015 765 τοξοτῶν
3049 701 3273 770 ἀνδρῶν.
3293 702 3551 769 παμπόλ·

1971 788 2078 842 λων
2104 789 2196 842 τὸν
2229 791 2493 860 ἀριθμόν·
2526 793 2780 863 ὑπῆρχον
2813 794 2925 862 γὰρ
2959 795 3019 846 ἐν
3060 793 3276 858 τούτοις
3301 799 3394 848 καὶ
3418 795 3548 866 δρό-

1975 900 2154 952 μωνες
2183 886 2394 954 φορτίοι
2434 885 2598 938 πέντε
2643 886 2736 937 καὶ
2767 887 2965 945 εἴκοσι,
3005 886 3056 937 οἳ
3099 881 3248 952 εἶχον
3279 903 3547 956 πεφορτι-
3579 933 3591 942 .

1971 971 2146 1038 σμένα
2169 971 2325 1039 ξύλα,
2351 959 2595 1039 τίτανον,
2623 975 2832 1041 πέτρας
2854 978 2948 1028 καὶ
2973 976 3164 1044 ἐτέρας
3189 975 3320 1038 ὔλας
3351 979 3548 1042 ἐπιτηο

1967 1061 2118 1126 δείας
2152 1066 2290 1132 πρὸς
2336 1066 2655 1137 πολιορκίαν
2685 1068 2915 1131 πόλεως.
2965 1068 3112 1137 Πλὴν
3143 1070 3202 1120 ἐν
3241 1069 3320 1136 τῷ
3365 1070 3546 1138 λιμένι
3617 1074 3626 1084 ⁸

1967 1154 2029 1206 οὑ
2079 1157 2279 1224 ῥᾳδίως
2333 1155 2480 1227 εἶχον
2522 1163 2622 1228 τὴν
2652 1157 2856 1213 εἴσιδον
2891 1161 2958 1213 δι’
2987 1162 3168 1213 αἰτίαν
3195 1161 3260 1231 ἢν
3294 1161 3543 1230 εἴπομεν.

1979 1249 2258 1312 Ἐλθόντες
2285 1254 2347 1304 ἐκ
2380 1254 2479 1320 τῆς
2519 1254 2672 1322 ἐῲων
2720 1257 2956 1324 περαίας
2988 1256 3235 1308 κάτωθεν
3278 1255 3461 1322 ὀλίγον
3489 1273 3544 1308 τι

1966 1341 2059 1394 τοῦ
2087 1341 2274 1396 διπλοῦ
2300 1346 2474 1408 κίονος
2500 1347 2594 1399 καὶ
2620 1348 2784 1418 μέχρι
2809 1349 2910 1416 τῆς
2939 1349 3240 1416 ἐκκλησίας
3262 1348 3356 1402 τοῦ
3383 1349 3542 1414 ἁγίου

1966 1436 2387 1490 Κωνσταντίνου
2451 1439 2614 1506 ἐγγὺς
2670 1439 2769 1510 τὴν
2826 1442 3019 1494 στάσιν
3078 1429 3220 1510 μετά
3279 1442 3543 1510 ἀγκυρῶν

1965 1527 2253 1597 ἐποίησαν.
2284 1518 2366 1598 ’Τῇ
2401 1529 2458 1582 δέ
2501 1531 2706 1602 δεκάτῃ
2756 1531 2850 1585 τοῦ
2891 1532 3061 1584 αὑτοῦ
3105 1534 3420 1601 ἀριθμήσας
3451 1534 3545 1584 τὸν

1967 1621 2152 1672 στόλον
2182 1621 2276 1674 καὶ
2307 1621 2402 1674 τοῦ
2449 1624 2546 1689 τῆς
2576 1624 2779 1694 χέρσου
2816 1623 3076 1694 στρατοῦ,
3117 1625 3329 1677 ἱππέων
3360 1642 3417 1676 τε
3449 1627 3544 1676 καὶ

1965 1711 2231 1779 πεζικῶν,
2267 1715 2360 1768 καὶ
2389 1715 2518 1785 εῦρε
2564 1719 2812 1785 τριήρεις
2843 1717 2937 1767 καὶ⁸
2985 1717 3218 1788 διήρεις,
3258 1718 3540 1786 μονήρεις,

1963 1804 2250 1873 δρόμωνας
2299 1807 2438 1876 νῆας
2473 1809 2592 1878 καὶ,
2621 1809 2802 1873 πλοῖα,
2851 1811 3029 1862 εἴκοσι
3063 1811 3157 1863 καὶ
3211 1813 3541 1877 τετρακόσια

1967 1897 2113 1950 ἱστία
2135 1914 2149 1928 ·
2183 1900 2212 1951 6
2253 1899 2307 1951 δὲ
2340 1900 2569 1965 στρατὸς
2599 1903 2626 1954 6
2651 1901 2826 1954 θέλων
2880 1901 3150 1970 μάχεσθαι
3185 1903 3248 1974 ἐκ
3281 1903 3379 1969 τῆς
3409 1902 3542 1970 χέρ-

1949 2004 2060 2056 ,σου
2096 1988 2337 2056 χιλιάδες
2367 1989 2612 2058 ὑπῆρχον
2643 1990 2786 2042 ὀκτὼ
2814 1991 2912 2042 καὶ
2937 1992 3280 2060 πεντήκοντα
3305 1993 3402 2045 καὶ
3428 1991 3545 2043 δια-

1960 2079 2164 2133 κόσιαι.
2201 2082 2262 2132 Ol
2290 2081 2345 2133 δὲ
2383 2081 2520 2149 πρὸς
2561 2081 2999 2152 ἀντιπαράταξιν
3041 2082 3237 2152 ἄνδρες
3265 2081 3418 2144 ὄντες
3448 2083 3536 2134 ἐν-

1960 2168 2048 2220 δον
2081 2169 2182 2236 τῆς
2231 2168 2442 2230 πόλεως
2493 2169 2594 2238 τῆς
2648 2169 2918 2239 τοσαύτης
2973 2172 3054 2231 είς
3112 2170 3346 2239 μέγεθος
3397 2166 3540 2238 ἦσαν

1960 2258 2201 2328 χιλιάδες
2232 2263 2504 2330 τέσσαρες
2554 2262 2648 2314 καὶ
2685 2264 2836 2330 τρεῖς
2888 2264 2985 2316 καὶ
3023 2263 3401 2334 ἐϐδομήκοντα
3445 2265 3540 2315 καὶ

1959 2349 2282 2412 ἐννακόσιοι,
2315 2350 2447 2404 ἄνευ
2487 2350 2596 2403 τῶν
2643 2351 2810 2417 ξένων
2862 2353 3017 2419 μόλις
3052 2352 3224 2406 ὄντων
3279 2353 3540 2421 χιλιάδων

1957 2439 2071 2494 δύο.
2101 2441 2315 2509 Ἕγνων
2345 2442 2454 2512 γὰρ
2489 2441 2600 2509 ἐγὼ
2630 2434 2804 2494 τοῦτο’
2825 2442 3001 2505 οὕτως
3026 2444 3172 2512 ἔχειν
3217 2445 3325 2498 ἀπὸ
3355 2445 3537 2506 αἰτίας

1957 2532 2238 2603 τοιαύτης.
2279 2533 2388 2586 Τοῦ
2418 2534 2526 2604 γὰρ
2567 2534 2836 2605 βασιλέως
2866 2536 3277 2612 προστάξαντος
3306 2538 3417 2596 τοῖς
3443 2536 3540 2622 δη-

1959 2625 2196 2695 μάρχοις
2225 2627 2322 2680 καὶ
2355 2631 2687 2695 στρατηγοῖς
2711 2628 2948 2696 ἔγραψεν
2980 2629 3137 2699 24],
3171 2629 3405 2692 ἕκαστος
3437 2629 3538 2680 αύ-

1955 2717 2066 2771 τῶν
2105 2717 2206 2786 τὴν
2231 2717 2546 2786 δημαρχίαν
2599 2717 2770 2771 αὑτοῦ
2809 2718 3080 2788 ἀκριϐῶς,
3129 2722 3258 2781 τοὶς
3295 2719 3538 2787 δυναμέ-

1954 2826 2082 2871 νους
2109 2811 2168 2861 ἐν
2199 2808 2277 2878 τῷ
2307 2810 2534 2879 κάστρῳ
2562 2811 2868 2877 κοσμικούς
2895 2827 2956 2862 τε
2989 2811 3084 2862 καὶ
3116 2813 3409 2879 μοναχοὺς,
3444 2814 3540 2864 καὶ

1954 2901 2074 2952 τίνα
2127 2899 2270 2952 ὅπλα
2319 2899 2554 2962 ἕκαστος
2593 2900 2776 2952 αὑτῶν
2816 2902 3055 2970 κέκτητο
3103 2903 3241 2970 πρὸς
3286 2903 3535 2970 ἄμυναν·

1955 2992 2048 3043 καὶ
2085 2990 2259 3053 οὕτως
2291 2992 2523 3052 ἕκαστος
2577 2993 2688 3044 τῶν
2719 2992 3024 3062 δημάρχων
3053 2992 3253 3046 δέδωκε
3302 2995 3399 3046 τὸν
3440 3012 3540 3048 κα-

278 3101 336 3135 τε
370 3084 464 3135 τοῦ
501 3082 664 3154 2ω
692 3084 946 3148 Εὐξείνου
979 3084 1174 3136 πόντου
1213 3084 1310 3137 καὶ
1346 3084 1717 3153 Νικομηδείας
1755 3087 1848 3138 καὶ
1949 3085 2182 3150 τάλογον
2239 3084 2339 3152 τῆς
2391 3083 2708 3152 δημαρχίας
2763 3083 2932 3137 αὑτοῦ
2989 3084 3067 3154 τῷ
3107 3084 3337 3151 βασιλεῖ.
3387 3083 3448 3140 '0
3478 3087 3536 3140 δὲ

291 3175 500 3241 Ἀσίας,
537 3170 612 3230 ὧν
644 3177 672 3229 6
706 3175 942 3245 ἀριθμὸς
981 3177 1156 3230 εἰκοσι
1192 3177 1288 3229 καὶ
1324 3178 1639 3245 τριακόσια,
1681 3177 1741 3242 ἐξ
1774 3171 1848 3231 ὧν
1874 3211 1920 3272 C
1958 3174 2220 3237 κελεύσας
2249 3192 2316 3241 με
2338 3170 2512 3228 εἶπεν
2551 3173 2731 3246 «Αὕτη
2754 3176 2787 3244 ἡ
2811 3175 3061 3229 διακονία
3084 3175 3220 3245 πρὸς
3251 3177 3309 3228 σὲ
3328 3177 3534 3248 ἀφορᾷο

277 3268 522 3338 ὑπῆρχον
550 3268 795 3339 τριήρεις
825 3268 956 3322 δέκα
997 3271 1095 3330 καὶ.
1126 3267 1290 3335 ὀκτὼ,
1332 3269 1542 3338 διήρεις
1573 3271 1846 3340 τεσσαρά-
1886 3267 1918 3272 ⁷
1958 3271 2026 3322 τὰ
2057 3268 2304 3338 φυλακῆς
2348 3268 2580 3337 δεόμενα
2622 3269 2714 3322 καὶ
2745 3269 3042 3341 ἀπόκρυφα
3087 3271 3187 3340 (Ι).
3223 3268 3412 3339 Λῆψον
3439 3269 3536 3324 οὑν

277 3449 653 3516 percutiebant
699 3465 714 3515 ;
759 3450 1222 3516 destruebantque
1309 3449 1601 3513 machinis,
1652 3451 1852 3519 quibus
1959 3448 2042 3502 his
2075 3448 2373 3503 dromones
2401 3447 2640 3502 onerarii
2687 3450 2933 3518 quinque
2983 3459 3037 3504 et
3085 3452 3298 3521 viginti,
3347 3451 3530 3521 lignis,

273 3543 479 3610 lapides
496 3542 860 3612 iaciebantur,
882 3542 1080 3596 multas
1103 3539 1299 3595 deuios
1345 3542 1594 3611 egregias
1634 3551 1855 3609 propter
1960 3540 2132 3603 calce,
2162 3539 2310 3594 saris
2337 3539 2570 3608 aliisque
2600 3539 2764 3592 rebus
2787 3541 2852 3591 ad
2876 3541 3293 3606 oppugnandam
3337 3544 3528 3595 urbem

273 3634 474 3688 mmnia
521 3635 678 3694 sitas.
707 3632 975 3699 imprimis
1033 3632 1253 3700 palatia,
1295 3642 1459 3700 atque
1514 3631 1851 3698 bclepolibus
1957 3629 2604 3684 idoneisouusti.Verum
2631 3644 2739 3683 non
2762 3629 3528 3687 facile-iihabuernutad’t'm

275 3726 462 3778 urbem
500 3722 893 3792 perturbabant
952 3729 1008 3775 et
1049 3735 1174 3775 eum
1231 3721 1455 3790 strepitu
1495 3735 1560 3772 ac
1618 3719 1848 3772 tumultu
1954 3733 2140 3787 portus
2172 3730 2390 3790 propter
2422 3736 2643 3776 causam
2697 3738 2857 3791 quam
2887 3723 3017 3775 dixi.
3042 3721 3343 3778 Exoriente
3363 3726 3532 3780 adve-

275 3803 480 3870 mmuia
504 3828 790 3883 turresque
821 3813 1091 3882 petebant,
1127 3822 1179 3866 et
1213 3811 1469 3879 utrinque
1493 3812 1850 3878 geminaban-
1951 3823 2053 3865 ciae
2076 3813 2236 3880 paulo
2264 3813 2402 3865 infra
2435 3813 2708 3880 duplicem
2735 3814 3043 3868 columnam
3075 3830 3244 3885 usque
3265 3831 3431 3885 prope
3459 3817 3528 3872 ad

275 3918 366 3962 tur
417 3909 593 3963 cades
629 3905 982 3976 bclepolibus,
1007 3904 1372 3963 hcieboliscis.
1407 3901 1660 3961 ballistis.
1687 3916 1848 3954 arcu-
1909 3924 1911 3927 ·
1947 3901 2232 3956 ecclesiam
2258 3902 2437 3956 Sancti
2455 3902 2800 3958 Constantini
2823 3905 2878 3957 in
2899 3905 3116 3959 ancoris
3131 3905 3421 3960 stationem
3441 3906 3530 3961 ha-

275 4001 398 4066 bus,
417 4000 538 4054 aliis
591 3998 877 4064 machinis,
913 4013 1013 4052 nec
1041 3996 1291 4051 cessabat
1326 3995 1527 4049 bellum
1554 3993 1632 4045 vel
1677 4001 1842 4047 noctu
1952 3993 2170 4046 hebant.
2199 3992 2295 4046 Die
2322 3995 2526 4048 mensis
2549 3994 2763 4047 derimo
2792 3995 3056 4049 recensita
3085 3996 3255 4050 classe
3275 4010 3329 4048 et
3369 4011 3528 4051 exer-

271 4091 358 4145 vel
389 4091 648 4155 interdiu,
680 4091 773 4145 sed
803 4099 959 4144 erant
986 4098 1262 4160 perpetuac
1287 4103 1499 4157 pugme,
1525 4084 1840 4147 conﬂictus,
1949 4085 2063 4139 ritu
2108 4092 2221 4139 tum
2276 4085 2517 4153 equestri
2563 4093 2676 4140 tttm
2711 4087 2968 4155 pedestri,
3011 4087 3216 4140 invenit
3253 4087 3524 4152 triremes,
3598 4101 3603 4106 ·

268 4183 656 4253 jaculationes.
703 4181 942 4250 Sperans
997 4182 1140 4236 enim
1191 4195 1434 4241 emeras,
1492 4177 1636 4246 quod
1681 4175 1839 4246 pauci
1948 4178 2204 4241 biremes,
2227 4177 2522 4244 uniremes,
2549 4178 2860 4242 dromone's,
2883 4193 3048 4232 naves
3068 4188 3118 4232 et
3142 4179 3422 4234 naviculas
3447 4181 3528 4235 vi-

271 4290 517 4330 essemus
547 4275 696 4344 iique
725 4274 1018 4330 admodum
1051 4272 1314 4335 confecti,
1350 4270 1510 4326 facile
1556 4285 1614 4325 se
1651 4270 1840 4324 urbem
1944 4270 2081 4339 ginti
2100 4277 2155 4326 et
2173 4269 2620 4340 quadringentae,
2643 4270 2876 4326 militum
2897 4281 3077 4326 autem
3101 4281 3242 4325 terra
3265 4271 3527 4328 dimicare

270 4376 708 4438 expugnaturum
733 4381 886 4432 esse,
914 4366 1116 4420 nullam
1142 4367 1302 4434 plane
1331 4363 1571 4433 quietem
1612 4377 1710 4417 nos
1755 4376 1844 4416 ca-
1947 4363 2296 4431 gestientium
2363 4363 2598 4419 ducenta
2635 4363 3096 4433 duodeseraginta
3139 4365 3305 4419 millia
3342 4375 3522 4422 erant.

266 4475 402 4530 pere
423 4475 616 4529 passus
635 4467 736 4513 est.
771 4457 961 4529 Magna
990 4469 1173 4512 autem
1209 4459 1298 4510 illa
1327 4468 1380 4511 et
1411 4456 1584 4510 valida
1627 4455 1846 4522 ltelepo-
1946 4453 2026 4506 Ad
2075 4453 2270 4507 horum
2315 4453 2548 4524 impetus
2602 4455 3069 4524 sustinendos‘qui
3093 4466 3250 4510 erant
3273 4457 3325 4510 in
3359 4467 3522 4513 luntre

275 4554 346 4606 lis
380 4559 602 4621 propter
658 4550 976 4606 continuam
1047 4549 1436 4619 jaculationem
1461 4587 1476 4612 ,
1538 4547 1837 4616 praisertim
1874 4548 1919 4605 ι)
1948 4545 2335 4613 magnitudinis
2369 4547 2524 4612 urbe,
2547 4547 2978 4602 numerabantur
3006 4548 3360 4616 quatertnille
3387 4564 3525 4604 non-

272 4659 400 4700 cum
429 4643 647 4697 metallo
707 4657 818 4696 non
847 4642 920 4694 ita
943 4655 1078 4708 .puro
1105 4649 1272 4706 esset,
1323 4640 1543 4708 dirupta
1582 4639 1704 4707 igne
1747 4652 1844 4691 ex-

269 4736 462 4793 stinxit
485 4735 828 4804 magistrum,
858 4740 915 4786 et
941 4732 996 4784 in
1027 4732 1194 4785 multa
1224 4731 1398 4786 frusta
1433 4730 1658 4799 disiecta
1705 4730 1842 4783 alios
1877 4737 1885 4744 '

267 4828 580 4896 cumplures
611 4835 704 4880 aut
732 4825 930 4878 delevit
957 4833 1046 4877 aut
1099 4824 1426 4878 vulneravit.
1491 4820 1608 4887 Qua
1638 4835 1695 4875 re
1744 4836 1842 4874 au—

267 4923 406 4987 dita,
437 4935 650 4990 ameras
675 4933 1006 4989 magnopere
1028 4918 1225 4981 doluit,
1253 4917 1556 4984 edixitque,
1582 4925 1640 4969 ut
1689 4915 1837 4968 illius

269 5015 392 5068 ioco
407 5013 568 5066 aliam
602 5011 897 5066 ﬁrmiorem
931 5008 1193 5072 facerent,
1230 5023 1330 5063 nec
1361 5007 1660 5076 quidquam
1679 5019 1836 5074 egre-

270 5105 346 5176 gii
370 5103 640 5172 aperis-ad
665 5117 792 5157 eum
822 5116 997 5171 usque
1026 5101 1167 5155 diem
1195 5109 1384 5156 contra
1419 5113 1520 5152 nos
1563 5105 1840 5167 patratum

269 5206 376 5251 est.
411 5196 665 5266 Ejusdem
700 5195 907 5249 mensis
935 5194 1021 5247 die
1053 5193 1118 5246 i5
1160 5191 1367 5262 reliqua
1402 5191 1521 5261 ejus
1570 5189 1763 5245 classis
1814 5205 1844 5244 e

239 5298 436 5359 .ponto
471 5288 700 5352 Euxino,
732 5286 1050 5359 Nicomedia
1073 5294 1123 5339 et
1145 5285 1291 5350 Asia,
1317 5285 1538 5338 navium
1571 5291 1844 5336 trecenta-

266 5396 389 5434 rum
407 5389 470 5433 et
503 5379 695 5447 viginti
737 5377 913 5440 adest,
963 5391 994 5431 e
1020 5376 1225 5445 quibus
1258 5381 1417 5429 erant
1452 5374 1705 5427 triremes
1740 5385 1838 5426 oc-

267 5470 523 5533 todecim,
559 5469 796 5523 biremes
823 5466 1421 5536 duodequinquaginta,
1465 5463 1688 5529 reliquae
1735 5476 1836 5514 na-

265 5576 362 5614 ves
386 5561 556 5628 longae
578 5569 632 5614 et
656 5557 946 5621 onerariae,
971 5558 1170 5626 quibus
1205 5569 1435 5622 magnus
1456 5566 1720 5606 numerus
1736 5550 1840 5602 mi-

265 5655 421 5708 litum
450 5653 502 5706 et
529 5651 938 5720 sagittariorum
965 5649 1288 5704 vehebatur.
1314 5645 1759 5701 Numet'aba'utur
1785 5643 1842 5695 in

1952 4639 2098 4707 genti
2134 4639 2478 4706 septuaginta
2505 4647 2638 4702 tres,
2671 4650 2868 4706 praeter
2911 4649 3228 4699 extraneos,
3281 4654 3521 4706 quorum

1949 4728 2039 4781 vix
2063 4729 2170 4782 duo
2195 4729 2363 4782 millia
2387 4739 2563 4782 erant.
2582 4727 2824 4797 Cognovi
2851 4728 2998 4782 enim
3034 4729 3136 4782 hoc
3163 4729 3232 4782 ita
3264 4743 3384 4784 esse
3420 4732 3524 4785 hac

1949 4821 2179 4875 ratione.
2223 4819 2817 4888 Jubenteimperatore,
2849 4819 3047 4890 singuli
3077 4817 3525 4885 praetoresetduL
3612 4867 3616 4870 .

1949 4927 2040 4967 ces
2063 4923 2316 4967 accurate
2347 4913 2753 4974 renuntiarunt,
2789 4928 2856 4968 ex
2895 4913 3139 4982 ipsorum
3202 4913 3522 4967 dvmarchia

1950 5003 2042 5072 qtti
2067 5013 2289 5072 possent
2319 5002 2563 5057 militiam
2599 5005 2833 5058 tolerare
2865 5012 2980 5057 tum
3017 5002 3141 5058 laici
3176 5013 3289 5057 tum
3325 5020 3522 5060 mona-

1950 5094 2062 5158 chi,
2095 5104 2150 5148 et
2185 5110 2304 5163 qua:
2331 5095 2566 5164 quisque
2595 5110 2744 5148 arma
2766 5097 2834 5148 ad
2853 5096 2960 5148 vim
2979 5095 3402 5164 propulsandam
3430 5097 3528 5150 ba-

1951 5187 2122 5240 beret.
2161 5185 2422 5240 Mandans
2454 5196 2635 5240 autem
2670 5188 2803 5242 mihi
2838 5187 3161 5255 imperator,
3201 5207 3218 5239 ι
3256 5188 3308 5242 Id
3355 5205 3526 5259 nego-

1949 5279 2107 5344 tium,
2154 5278 2351 5347 inquit,
2387 5279 2452 5333 ad
2487 5288 2534 5336 te
2565 5281 2836 5349 pertinet;
2870 5282 3124 5335 cautione
3171 5284 3315 5337 enim
3348 5295 3402 5338 et
3449 5285 3526 5340 si-

1947 5369 2115 5424 lentio
2135 5385 2274 5438 opus
2300 5381 2404 5425 est.
2438 5372 2640 5440 Accipe
2684 5372 2849 5443 igitur
2895 5373 3204 5443 catalogum
3232 5390 3521 5440 ceusunm,

1946 5463 2204 5530 domique
2226 5462 2510 5532 diligenter
2527 5475 2804 5533 computa,
2826 5477 2961 5534 quot
2981 5467 3092 5520 sint
3119 5475 3172 5519 et
3199 5466 3328 5536 quid
3349 5482 3530 5519 armo-

1954 5570 2072 5607 rum
2108 5557 2223 5610 sive
2254 5566 2411 5610 scuta
2448 5555 2562 5611 sive
2595 5573 2754 5614 arcus
2781 5559 3198 5615 sivemacltinae.
3227 5577 3246 5610 ›
3279 5555 3520 5611 Functus

1959 5645 2335 5714 igiturlabore
2363 5651 2430 5704 ab
2461 5653 2789 5720 imperatore
2829 5651 2962 5704 mihi
2991 5651 3268 5713 mandato,
3296 5647 3522 5702 tabellas

331 5771 401 5830 (1)
427 5765 631 5830 Plenius
663 5761 1330 5830 Chronicongabbreviatum,
1357 5759 1499 5830 infra,
1527 5758 1618 5830 sub
1638 5771 1732 5830 'an.
1765 5767 1856 5830 υνγς

1959 5757 2040 5830 ὗςη
2073 5761 2100 5816 ἡ
2137 5761 2334 5830 δουλεία
2359 5764 2478 5827 πρὸς
2523 5764 2580 5812 σὲ
2606 5765 2782 5828 ἀρορᾷ,
2807 5765 2889 5812 καὶ
2912 5763 2966 5812 ού
2989 5764 3107 5826 πρὸς
3130 5763 3273 5808 ἄλλον
3293 5760 3416 5817 τινὰ,
3443 5759 3526 5810 διὰ

262 5821 626 5882 τὸἐπὶστασθαί
649 5843 705 5876 σε
733 5827 815 5875 καὶ
835 5827 994 5881 καλῶς
1017 5824 1227 5888 ἀριθμεῖν
1250 5826 1329 5873 καὶ
1354 5824 1514 5878 καλῶς
1532 5821 1791 5882 φυλάσσειν
1812 5824 1872 5870 τὰ
1896 5835 1945 5879 φ.
1981 5823 2025 5870 δ.
2063 5839 2109 5870 κ.
2135 5823 2184 5871 ἀ.
2217 5823 2354 5874 Ευιτ.
