3964 6426
533 388 639 452 8'39
1727 383 1984 446 GEORG
1998 383 2023 442 Ι
2032 383 2058 442 1
2097 377 2534 444 PHRANTZ/E
3629 377 3704 440 840

537 501 608 555 τὰ
660 498 753 552 τοῦ
795 496 1098 565 καταλόγου
1157 496 1486 568 κατάστιχα,
1535 497 1632 550 καὶ
1682 497 1910 552 κάθισον
1941 498 2000 550 ἐν
2045 495 2123 565 τῷ
2151 499 2195 556 Δ
2227 493 2476 565 μηχανὰς
2507 490 2600 546 καὶ
2623 491 2821 562 τέχνας
2849 485 3044 549 καινάς
3069 485 3440 556 εὖρισκον,καὶ
3461 486 3571 550 τοὺς
3593 490 3707 543 ἐναν-

541 593 676 661 οίκῳ
719 608 840 644 σου.
867 591 1123 660 Ψήφισον
1175 589 1424 660 ἀκριϐῶς
1473 589 1631 642 πόσοι
1663 591 1759 643 καὶ
1801 589 1853 642 τί
1884 591 1953 642 τὰ
1981 589 2122 642 ὅπλα
2223 584 2512 653 τίουςηοῦκ
2563 582 2745 650 ὀλίγον
2801 579 3090 634 ἔϐλαπτον.
3122 578 3189 631 Δί
3227 577 3281 630 δὲ
3310 578 3485 649 τέχναι
3537 584 3710 652 μερικαὶ

543 685 638 737 καὶ
682 682 910 745 ἀσπίδες
943 683 1040 736 καὶ
1086 681 1216 746 τόξα
1251 681 1344 735 καὶ
1392 681 1698 736 ἐλεϐολικά.
1738 700 1756 732 ι
1797 681 2122 741 Ἐκτελέσας
2225 676 2340 730 οὐ»
2387 677 2445 739 ἐς
2493 675 2706 750 μάκρρς
2753 674 3082 743 ἐστήκεισαν
3137 672 3223 724 διά
3253 670 3310 723 τὸ
3355 671 3424 740 μὴ
3451 670 3576 740 ἔχειν
3598 673 3712 741 ἡμᾶς

542 775 636 830 οὖν
662 775 774 844 ἐγὼ
801 775 861 828 τὸ
886 775 1040 844 παρὰ
1066 775 1162 827 τοῦ
1197 775 1466 844 βασιλέως
1500 775 1846 844 προσταχθέν
1893 792 1984 844 μοι
2017 793 2125 828 πα-

545 870 788 938 ρέστησα
815 868 894 938 τῷ
925 869 1162 939 αὐθέντῃ
1193 885 1297 937 μου
1334 870 1428 920 καὶ
1466 869 1681 939 βασιλεί
1711 868 1772 920 τὸ
1803 866 2125 938 καταστιχί-

544 964 656 1014 διον
688 963 829 1029 μετὰ
870 961 1050 1030 λύττης
1097 963 1195 1014 καὶ
1245 961 1708 1029 σκυθρωπότητος
1765 959 1998 1028 πολλῆςο
2032 961 2128 1011 καὶ

545 1054 731 1122 ἔμεινε
779 1055 942 1121 μόνον
976 1054 1363 1121 ἐναπόκρυφος
1409 1053 1616 1122 μεταξὺ
1660 1053 1828 1106 αὐτοῦ
1854 1053 1953 1104 καὶ
1993 1052 2127 1122 ἐμοῦ

543 1149 576 1214 ἡ
613 1146 874 1211 ποσὸτης.
914 1146 1062 1214 Πλὴν
1102 1141 1244 1215 ἦσαν
1286 1145 1378 1198 καί
1407 1162 1554 1208 τινες
1587 1145 1761 1212 ὀλίγοι
1800 1145 1943 1198 πάνυ
1979 1144 2040 1196 ἔκ
2069 1160 2128 1196 τε

543 1238 655 1290 τῶν
685 1237 964 1307 ἀρχόντων
1008 1239 1105 1290 καὶ
1137 1237 1315 1307 δήμου
1359 1237 1797 1304 άνωφελέστατοι
1832 1237 1927 1290 καὶ
1964 1236 2132 1289 δειλο-

547 1331 786 1400 κάρδιοι,
823 1330 873 1382 οἳ
904 1331 992 1384 διὰ
1030 1331 1124 1384 τὸν
1159 1331 1330 1399 φόϐον
1351 1330 1448 1384 τοῦ
1472 1331 1715 1400 πολέμου
1753 1330 1846 1383 καὶ
1878 1330 1987 1383 τῶν
2013 1331 2133 1383 ἐτέ-

552 1441 659 1494 ρων
690 1423 954 1478 ἐναντίων
1015 1425 1240 1478 πανοικὶ
1289 1423 1400 1493 πρὸ
1439 1421 1640 1490 καιροῦ
1689 1425 1754 1475 ἐκ
1789 1423 1888 1491 τῆς
1925 1421 2133 1485 πόλεως

548 1517 796 1584 ἔξυγον·
856 1515 931 1576 ὡς
968 1514 1024 1566 δέ
1085 1513 1246 1565 τοῦτο
1296 1516 1353 1565 ὲν
1395 1515 1508 1575 τοῖς
1548 1513 1655 1566 ὠσὶ
1708 1513 1804 1565 τοῦ
1871 1512 2136 1582 βασιλέως

550 1609 777 1680 ἐρῤέθη,
843 1605 1112 1668 στενάξας
1175 1607 1239 1658 ἐκ
1297 1605 1528 1674 καρδίας
1581 1607 1678 1658 καὶ
1732 1605 1886 1658 οὐδὲν
1947 1605 2134 1676 ἕτερον

552 1700 832 1769 ἐποίησεν.
876 1697 1128 1767 ’Υπῆρχε
1163 1697 1221 1748 δέ
1251 1715 1333 1760 τις
1365 1699 1428 1749 ἐκ
1461 1700 1561 1765 τῆς
1601 1697 1900 1766 Λιγουρίας
1926 1699 1984 1749 ἐν
2017 1698 2136 1760 ταῖς

553 1794 645 1845 δύο
670 1793 851 1852 ναυσὶ,
893 1790 950 1850 ὃς
987 1786 1057 1860 ἦν
1107 1790 1391 1859 ναυάρχης
1425 1790 1520 1842 καλ⁵
1549 1789 1770 1859 Κύριος,
1819 1791 1958 1861 ἀνὴρ
1989 1789 2134 1841 πάνυ

2223 767 2455 830 τελείως
2485 768 2668 819 ἄνεσιν
2697 767 2795 819 καὶ
2827 769 2895 819 τὰ
2925 765 3021 835 τῆς
3058 763 3234 833 μάχης
3264 762 3355 814 καὶ
3384 762 3472 815 τοῦ
3510 762 3716 817 ἀποκλει-

2229 859 2370 929 σμοῦ
2405 859 2713 928 ἐπιτήδεια.
2771 855 3120 916 Χαλάσαντες
3168 853 3225 929 δὲ
3281 851 3336 906 ἔν
3360 870 3463 906 τισι
3489 853 3644 915 τόποις
3667 854 3718 907 τά

2227 927 2381 1021 τείχη
2411 927 2562 1020 μετά
2580 949 2874 1002 ἐλεὸόλεων
2897 948 2992 1002 καὶ
3019 927 3322 1016 πυριέόλων
3347 946 3716 1016 μηχανημάτων,

2229 1040 2350 1096 εἶτα
2384 1043 2640 1105 θέλοντες
2698 1043 2905 1112 πλῆσαι
2969 1041 3096 1102 τοὺς
3144 1039 3383 1110 τάφρους
3437 1039 3516 1091 ἵνα
3571 1039 3721 1108 ῥᾳδίως

2233 1138 2538 1206 ποιήσωσιν
2577 1134 2678 1204 τὴν
2731 1133 2938 1185 εἴσοδον
2991 1131 3085 1185 καὶ
3138 1130 3224 1184 διὰ
3279 1132 3382 1183 τῶν
3423 1129 3725 1199 χαλασμάτων

2233 1225 2572 1288 εἰσέλθωσιν,
2598 1223 3033 1294 ἀκροϐολισμοὺς
3066 1223 3125 1274 ἐν
3149 1219 3379 1292 πρώτοις
3403 1219 3630 1288 ἐποίησαν
3657 1219 3727 1270 καὶ

2236 1318 2554 1390 συρῤάξεις,
2593 1319 2758 1388 μέσον
2805 1316 2861 1370 δὲ
2894 1316 3117 1370 ἐκείνων
3145 1314 3308 1385 ἔτερα
3340 1313 3550 1383 χώματα
3577 1315 3624 1365 ἐν
3647 1315 3729 1374 τοῖς

2235 1412 2466 1482 τάφροις
2499 1411 2763 1482 ἔρριπτον
2793 1410 2891 1463 καὶ
2919 1409 3150 1471 κλάδους
3191 1408 3418 1479 δένδρων
3457 1406 3540 1460 καὶ
3581 1405 3727 1474 ἐτέρας

2239 1504 2392 1570 ὔλας,
2431 1503 2576 1565 τινὲς
2607 1501 2667 1555 δέ
2696 1503 2760 1556 ἐκ
2793 1502 2894 1572 τῆς
2939 1501 3062 1570 βίας
3110 1499 3205 1554 καὶ
3245 1499 3341 1563 τὰς
3372 1498 3554 1568 σκηνὰς
3577 1496 3728 1549 αὐτῶν.

2239 1598 2349 1651 Καὶ
2378 1594 2446 1668 ἦν
2492 1596 2621 1648 ἰδεῖν
2656 1595 2864 1664 θέαμα,
2895 1595 2979 1648 ὅτι
3017 1597 3109 1647 καὶ
3144 1592 3329 1645 πολλοὶ
3360 1590 3413 1656 ἐξ
3446 1588 3601 1643 αὐτῶν
3619 1588 3669 1641 ἐκ
3689 1604 3731 1640 τε

2237 1687 2334 1740 τοῦ
2386 1688 2630 1755 πλήθους
2681 1686 2778 1739 καὶ
2823 1685 2924 1754 τῆς
2975 1683 3338 1753 στενοχωρίας
3386 1682 3449 1750 ἢν
3498 1675 3621 1747 εἶχον
3648 1677 3734 1730 Επι-

2239 1780 2515 1863 πτον·λιαὶ
2535 1780 2584 1830 οί
2607 1779 2895 1848 ἐρχόμενοι
2917 1774 3147 1829 ὄπισθεν
3168 1771 3407 1843 ἀνηλεῶς
3435 1770 3670 1841 ῥίπτοντες
3684 1769 3732 1819 τὰ

553 1883 751 1948 δεξιὸς,
788 1859 1033 1952 ἀνδρεῖος
1067 1882 1161 1934 καὶ
1211 1882 1541 1949 ἐπιτήδειος,
1591 1879 1832 1950 τοῦνομα
1879 1859 2135 1947 Ἰωάννης
2167 1864 2208 1918 Β
2244 1859 2415 1940 243⁷
2437 1869 2566 1934 ξύλα
2609 1870 2702 1921 καὶ
2729 1867 2962 1937 χώματα
3007 1866 3207 1927 αὐτοὺς
3238 1863 3465 1934 οἰκτρῶς
3497 1859 3732 1952 ἐσκέπαζοξδ

567 1975 966 2038 Ἰουστινιανὸς,
998 1973 1057 2036 ὃς
1082 1973 1347 2041 γεννάδας
1376 1971 1510 2043 εἶχε.
1559 1973 1796 2044 Θεωρῶν
1833 1973 1888 2026 δέ
1918 1974 2080 2027 αὐτὸν
2110 1975 2139 2026 ὁ

558 2068 815 2138 βασιλεὺς
843 2070 920 2131 είς
956 2069 1025 2120 τὰ
1057 2067 1240 2120 πάντα
1287 2067 1463 2133 δεξιὸν
1509 2066 1794 2137 δήμαρχον
1848 2067 2012 2119 αὐτὸν
2043 2067 2141 2119 καὶ

557 2158 864 2230 στρατηγὸν
901 2159 996 2210 ἐπὶ⁸
1039 2158 1394 2227 τριακοσίους
1443 2156 1646 2228 ἄνδρας
1695 2157 2034 2228 προσέταξεν
2064 2154 2142 2210 εἷο

557 2271 668 2315 ναι,
715 2252 814 2304 καὶ
850 2251 1186 2321 προῦλέπειν
1215 2251 1313 2304 καὶ
1365 2250 1594 2303 διοικεῖν
1639 2251 1805 2302 αὐτὸν
1845 2251 1923 2310 εἰς
1977 2249 2146 2319 ἔτερά

559 2343 720 2415 242
759 2361 878 2396 τινα
921 2346 1196 2410 ἀναγκαῖα
1225 2343 1320 2395 τοῦ
1373 2342 1618 2411 πολέμου
1652 2342 1910 2406 ἐξουσίαν
1951 2332 2142 2404 ἔδωσε,

561 2437 851 2508 Θαρρήσας
901 2437 1151 2504 μεγάλως
1185 2438 1266 2498 εἰς
1315 2435 1480 2488 αὐτόν
1509 2451 1525 2468 ο
1547 2435 1608 2498 ὃς
1647 2435 1820 2500 ὅντως
1842 2437 1961 2507 γκαὶ
1992 2437 2050 2490 ἐν
2079 2437 2146 2505 τῇ

561 2530 704 2598 ἀρχῇ
734 2528 872 2596 ἔργα
903 2526 1030 2590 ἄξια
1065 2528 1288 2597 μνήμης
1327 2527 1580 2596 ἐποίησε.

537 2600 552 2608 ’
645 2618 734 2681 Ὠς
767 2618 824 2670 δὲ
851 2620 879 2669 ὁ
908 2617 1134 2686 ἀμηρᾶς
1177 2616 1277 2685 τὴν
1323 2615 1708 2685 κεκλασμένην
1748 2616 1992 2670 ἐλεόὁλιν
2040 2634 2145 2670 τα-

563 2708 705 2777 χέως
741 2707 910 2760 πάλιν
940 2707 1069 2776 ὑγιῆ
1101 2706 1195 2759 καὶ
1221 2705 1369 2759 σώαν
1397 2706 1675 2776 ἐποίησεν,
1701 2707 1918 2778 ἡμέρας
1961 2725 2020 2760 τε
2053 2709 2147 2761 καὶ

565 2799 760 2861 νυκτὸς
792 2799 928 2867 μετὰ
961 2797 1082 2865 βίας
1112 2801 1224 2860 τοῖς
1257 2799 1495 2868 τείχεσιν
1529 2801 1761 2854 ἔτυπτον
1793 2806 1887 2854 καὶ
1917 2800 2150 2871 θόρυϐον

567 2890 738 2946 πολὺν
785 2892 842 2942 ἐν
877 2891 1010 2960 ἡμῖν
1045 2891 1267 2943 ἐποίουν
1301 2891 1440 2960 μετά
1477 2891 1659 2961 πάσης
1704 2895 1953 2962 μηχανῆς
1987 2893 2151 2946 πολε-

571 2983 762 3053 μικῆς,
818 2983 1256 3054 ἀκροβολισμοὺς
1306 2985 1401 3037 καὶ¹
1457 2984 1752 3054 συρρἀεις
1782 2987 1880 3039 καὶ
1911 2985 2155 3056 συμπλο-

568 3076 671 3140 κὰς
731 3075 1115 3146 ἰσχυροτάτας·
1164 3075 1260 3128 καὶ
1317 3071 1388 3146 ἦν
1428 3076 1708 3140 πολυειδὲς
1750 3077 1812 3131 τὺ
1861 3079 2048 3132 κακον.
2087 3078 2152 3130 Ol

569 3169 626 3220 δὲ
663 3170 924 3238 ἠμετέροι
968 3168 1089 3221 καθ’
1123 3168 1362 3238 ἑκάστην
1393 3169 1604 3238 ἡμέραν
1633 3168 1729 3230 τὰς
1765 3170 2016 3239 μηχανὰς
2051 3171 2152 3232 τὰς
2181 3204 2223 3262 C

571 3259 877 3329 πολεμικάς
915 3258 1284 3328 μανθάνοντες
1327 3261 1422 3312 καὶ
1453 3260 1552 3323 τὰς
1586 3259 1696 3313 τῶν
1725 3261 1985 3314 ἐναντίων
2017 3260 2152 3314 θεω-

573 3351 839 3422 ροῦντες,
895 3351 1076 3402 πᾶσαν
1132 3350 1338 3403 δειλίαν
1396 3353 1491 3403 καὶ
1546 3351 1711 3420 φόϐον
1741 3352 2002 3417 ἐάσαντες
2054 3353 2151 3408 καὶ

575 3527 897 3598 imperatori
913 3540 1021 3581 non
1048 3526 1166 3581 sine
1185 3525 1373 3581 dolore
1392 3535 1446 3581 et
1472 3527 1730 3584 maestitia
1750 3529 1949 3586 tradidi
1959 3575 1974 3595 ,
1996 3546 2155 3587 man-

574 3624 755 3692 sitque
795 3631 992 3690 praeter
1019 3635 1120 3674 nos
1149 3620 1288 3677 duos
1324 3621 1552 3690 reliquis
1577 3623 1829 3678 occultus
1863 3638 2151 3679 numerus.

571 3715 842 3770 Cmterum
870 3711 1140 3778 nonnulli,
1176 3713 1269 3767 sed
1300 3713 1556 3782 perpauci
1609 3714 1710 3778 illi,
1751 3715 1820 3769 de
1873 3715 2156 3770 nobilitate

573 3819 625 3863 et
657 3807 810 3878 plebe
833 3805 1086 3861 homines
1126 3820 1363 3876 nequam
1389 3815 1444 3860 et
1475 3807 1725 3862 imbelles
1775 3808 1976 3864 timore
2028 3808 2154 3864 belli

575 3899 1068 3966 calamitatumque
1100 3913 1225 3953 cum
1256 3901 1388 3954 totis
1415 3898 1642 3954 familiis
1668 3911 1795 3955 ante
1823 3911 2038 3971 tempus
2087 3917 2153 3957 ex

574 3992 709 4046 urbe
740 3988 998 4059 fugerunt
1027 4007 1042 4045 ε
1071 3989 1216 4059 quod
1246 3990 1336 4044 tibi
1370 3991 1436 4043 ad
1468 4005 1630 4046 aures
1659 3993 2158 4062 pervenitimpern.

575 4083 739 4148 toris,
779 4082 916 4136 nihil
945 4082 1092 4136 aliud
1121 4096 1285 4151 quam
1317 4081 1388 4136 ab
1446 4082 1558 4136 imo
1611 4094 1837 4152 pectore
1891 4084 2154 4155 gemitum

575 4176 752 4229 (llIXll.
791 4175 919 4228 Erat
947 4183 1130 4228 autem
1157 4176 1211 4227 in
1241 4173 1539 4244 Ligusticis
1557 4174 1666 4230 illis
1687 4176 1900 4232 duabus
1925 4177 2159 4233 navibus

574 4267 818 4334 ipsarum
853 4263 1143 4334 praefectus
1171 4273 1226 4318 et
1253 4265 1534 4331 dominus,
1560 4266 1645 4320 vir
1675 4268 1901 4336 nobilis,
1928 4271 2153 4326 dexterv

577 4357 773 4420 rimus,
808 4363 1089 4420 strenuus,
1135 4355 1479 4420 commodus,
1504 4356 1744 4414 Joannes
1795 4359 2158 4426 Justinianus,

580 4448 820 4502 nomine.
855 4447 1026 4512 Quem
1059 4454 1185 4501 dum
1218 4447 1516 4518 imperator
1537 4450 1604 4504 ad
1633 4450 1815 4504 omnia
1859 4467 1982 4507 esse
2043 4453 2159 4507 ido-

2245 1963 2344 2015 καὶ
2372 1966 2428 2014 ἐν
2456 1960 2532 2030 τῷ
2577 1961 2679 2032 ᾄδῃ
2713 1961 2925 2024 ζῶντας
2958 1959 3348 2028 παρέπεμπον.
3383 1955 3580 2023 Ἐτεροι
3607 1950 3733 2004 δὲκαὶ

2248 2054 2386 2123 μετὰ
2413 2054 2790 2122 προαιρέσεως
2817 2053 2867 2104 oi.
2918 2051 3084 2102 πλέον
3121 2049 3335 2118 ίσχυρο)⁸
3379 2048 3469 2100 καὶ
3511 2045 3733 2111 δυνάμενοι

2246 2151 2308 2200 ἐκ
2345 2148 2443 2216 τῆς
2476 2147 2649 2216 ὁρμῆς
2693 2147 2787 2198 καὶ
2817 2146 3056 2214 σπουδῆς
3087 2145 3217 2221 τοὺς
3249 2141 3630 2208 ἀσθενεστέρους
3652 2136 3733 2189 ἀντὶ

2247 2240 2459 2306 κλάδων
2498 2242 2592 2292 καὶ
2645 2239 2900 2310 χώματος
2931 2239 3194 2310 ἔρριπτον
3244 2235 3482 2306 ἀπηνῶς.
3514 2232 3646 2286 Ἀλλὰ
3673 2231 3732 2282 καὶ

2245 2334 2421 2387 ταῦτα
2461 2332 2746 2395 ποιοῦντες
2796 2333 2895 2386 οὐκ
2949 2331 3204 2386 ἐδύναντο
3235 2332 3425 2401 φυγεῖν
3455 2325 3667 2384 ἀὸλαὸεῑς
3692 2321 3730 2372 ἐκ

2247 2441 2306 2476 τε
2339 2423 2449 2476 τῶν
2485 2423 2818 2475 ἐλεὸολικῶν
2865 2421 2963 2476 καλ⁵
2994 2423 3440 2491 τζαγκρατὸρων,
3470 2419 3552 2472 καὶ
3590 2419 3639 2468 ἐκ
3664 2412 3727 2465 τῶν

2248 2514 2451 2584 τειχῶν
2485 2513 2701 2584 βαρέων
2747 2514 2914 2568 λίθων
2965 2515 3506 2584 ἀποσφενδονούμενα
3549 2510 3593 2563 οἱ
3635 2509 3720 2559 ἐναν-

2250 2607 2357 2658 τίοι
2398 2606 2644 2676 αἰσχρῶς
2699 2606 2931 2660 ἔπιπτον
2986 2608 3083 2661 καὶ
3139 2608 3310 2661 πολλά
3359 2605 3727 2675 κατεπλήττοντο.

2251 2698 2348 2751 καὶ
2383 2699 2446 2750 ἐκ
2479 2699 2590 2750 τῶν
2632 2699 2924 2770 ἡμετέρων
2969 2701 3119 2762 τινὲς
3167 2699 3418 2760 άὸλαδεῖς
3465 2697 3556 2751 οὐκ
3600 2689 3733 2745 ἐναπέ-

2257 2807 2440 2860 μενον.
2476 2789 2744 2861 Σύροντες
2785 2791 2842 2844 δὲ
2900 2791 2997 2844 καὶ
3032 2792 3132 2854 τὰς
3178 2791 3441 2853 ἐλεσόλεις
3478 2785 3631 2840 αὐτῶν
3667 2780 3736 2837 ἕως

2254 2882 2358 2948 γῆς
2390 2882 2500 2933 τῶν
2530 2881 2781 2950 τάφρων,
2817 2883 2971 2952 καὶὴ
3007 2884 3160 2952 μάχη
3211 2883 3307 2936 και
3335 2883 3362 2934 δ
3405 2880 3609 2947 πόλεμος
3632 2871 3735 2936 καὶὴ

2257 2972 2552 3044 συμπλοκὴ
2619 2974 2896 3043 φρικαλέα
2961 2975 3202 3044 ἐγένετο.
3267 2975 3376 3028 Καὶ
3433 2974 3506 3035 είς
3547 2968 3653 3022 αὐτὰ
3673 2962 3739 3017 οὐκ

2255 3067 2428 3138 ἀγενῆ
2471 3063 2614 3137 ἦσαν
2669 3070 2762 3121 καὶ
2813 3068 2882 3122 τά
2927 3070 3198 3139 ἡμέτερα·
3246 3069 3339 3123 καὶ
3390 3063 3657 3135 θαυμαστὸν
3680 3051 3738 3124 ἦνο

2257 3163 2425 3231 χωρὶς
2451 3160 2748 3231 ἐμπειρίας
2784 3162 3026 3232 πολέμου
3061 3162 3216 3227 ὄντες
3245 3164 3342 3233 τὴν
3383 3161 3530 3229 νίκην
3551 3151 3664 3226 εἶχον
3683 3146 3742 3201 διὰ

2258 3254 2322 3329 ἴτδ
2364 3253 2768 3324 μεγαλοψύχως
2815 3256 2911 3308 καὶ
2944 3255 3218 3324 γενναίως
3265 3254 3558 3324 ἐντυχόντες
3587 3243 3740 3300 ἐποίουν

2257 3346 2322 3399 τὸ
2357 3347 2496 3417 ὑπὲρ
2530 3349 2786 3420 δύναμιν.
2819 3350 2932 3402 Καὶ
2963 3351 3092 3414 τοὺς
3128 3350 3375 3421 τάφρους
3403 3339 3677 3414 ἐνεγέμιζον
3695 3330 3738 3386 δι’

2260 3546 2371 3587 non
2409 3531 2502 3589 diu
2531 3531 2842 3596 valuerunt.
2867 3539 3155 3602 propterea
3183 3531 3327 3603 quod
3358 3528 3504 3585 nobis
3525 3522 3647 3580 nulla
3669 3530 3737 3572 om-

2262 3623 2396 3677 nino
2416 3623 2572 3693 quies
2603 3622 3010 3678 concedebatur
3039 3638 3142 3678 nec
3187 3621 3545 3692 suppetebant,
3591 3603 3742 3683 quand

2262 3727 2499 3784 pugnam
2552 3724 2605 3768 et
2637 3711 2982 3768 obsidionem
3030 3713 3369 3768 tolerandam
3404 3703 3668 3766 necessaria
3691 3709 3744 3751 ις’

2265 3813 2408 3861 sent.
2442 3805 2713 3861 Moenibus
2752 3807 2920 3875 igitur
2955 3807 3237 3863 nonnullis
3277 3807 3408 3862 locis
3435 3817 3524 3874 per
3549 3790 3744 3863 ιιθιεροιεε

2263 3912 2319 3957 et
2344 3902 2636 3973 pyrobolas
2658 3901 2970 3966 concussis,
2995 3900 3184 3958 hostes
3203 3901 3380 3956 fossas
3406 3889 3658 3965 impleturi.
3676 3892 3747 3952 quo

2265 3995 2480 4052 facilem
2517 3996 2822 4065 ingressum
2853 3995 3120 4050 haberent
3147 4005 3202 4051 et
3235 4010 3328 4065 per
3361 3987 3598 4048 foramina
3617 3989 3748 4036 muro-

2263 4103 2386 4142 rum
2417 4095 2794 4157 penetrarent,
2818 4087 2910 4156 qui
2933 4088 3094 4157 primi
3136 4089 3370 4150 stabant,
3407 4068 3749 4155 iaculationibus

2266 4185 2322 4234 ει
2355 4163 2554 4249 Pugnis
2597 4179 2698 4234 nos
2729 4178 3020 4232 vexabant.
3057 4177 3210 4234 Inter
3239 4181 3339 4233 hos
3365 4173 3556 4230 medios
3575 4161 3651 4220 alii
3678 4168 3751 4211 ter-

2267 4288 2386 4327 ram
2423 4273 2476 4326 in
2512 4271 2690 4327 fossas
2715 4272 3088 4340 congerebant
3121 4281 3220 4327 aut
3244 4270 3457 4327 frondes
3483 4264 3695 4320 arborum
3717 4253 3752 4299 cl

2205 4413 2218 4422 .
2267 4364 2428 4417 aliam
2467 4364 2779 4427 materiam,
2812 4363 3061 4418 nonnulli
3089 4365 3227 4420 adeo
3250 4363 3436 4417 ardore
3461 4347 3642 4420 abrepti
3669 4354 3752 4398 ten-

2271 4456 2409 4510 toria
2437 4472 2536 4511 sua
2575 4473 2590 4510 :
2619 4465 2849 4525 eratque
2875 4455 3060 4510 videre
3082 4456 3282 4512 mirum
3318 4445 3663 4524 spectaculum.
3679 4444 3753 4502 (ιιιο

582 4553 743 4592 neum
770 4535 1271 4604 animadvertisset,
1331 4539 1618 4595 tribunum
1679 4556 1804 4595 cum
1839 4551 1895 4597 et
1951 4542 2156 4598 ducum
2189 4560 2241 4620 ι)
2273 4562 2464 4601 eorum
2497 4563 2602 4603 non
2635 4547 2794 4616 pauci
2819 4547 3173 4603 multitudine
3197 4557 3250 4603 et
3281 4545 3382 4601 loci
3405 4534 3754 4610 angustiiscom'

583 4639 956 4686 trecentorum
982 4629 1216 4684 militum
1256 4631 1493 4686 instituit
1537 4632 1825 4703 eidemque
1877 4634 1981 4688 alia
2012 4650 2163 4704 quae-

579 4722 701 4775 dam
732 4721 855 4775 belli
887 4736 1115 4776 munera
1147 4722 1583 4778 administranda
1609 4725 1919 4787 commisit.
1960 4725 2164 4780 virtute

578 4812 698 4881 ejus
732 4828 1063 4882 magnopere
1094 4814 1250 4869 nisus
1283 4831 1296 4868 :
1332 4815 1424 4884 qui
1453 4830 1641 4870 revera
1688 4817 1742 4869 in
1791 4818 1892 4871 bac
1938 4817 2162 4886 praefec-

581 4915 702 4960 tura
739 4923 836 4961 sua
866 4907 1105 4961 facinora
1137 4909 1397 4963 memoria
1431 4909 1593 4979 digna
1633 4911 1890 4978 patravit.

652 5002 880 5052 Ameras
913 5009 1199 5069 postquam
1219 4999 1518 5053 diffractam
1540 5000 1830 5068 helepolim
1851 5001 2000 5055 brevi
2025 5011 2163 5055 tem-

583 5105 714 5159 pore
777 5091 968 5145 refecit
1009 5091 1472 5159 instauravitque,
1524 5091 1640 5144 dies
1676 5107 1738 5145 ac
1771 5103 1960 5144 noctes
1988 5093 2158 5145 vehe-

581 5190 790 5234 menter
825 5196 1013 5235 muros
1036 5190 1263 5249 quatere
1291 5190 1344 5235 et
1375 5196 1631 5250 magnum
1669 5183 1828 5236 nobis
1865 5184 2161 5236 tumultum

581 5274 808 5342 injicere
833 5274 982 5326 omni
1020 5273 1149 5327 belli
1193 5289 1413 5344 genere,
1443 5273 1890 5341 jaculationibns,
1931 5274 2164 5344 proeliis,

580 5365 1032 5420 dimicationibus
1059 5365 1346 5419 acerrimis
1372 5381 1476 5419 non
1500 5366 1754 5431 cessavit,
1773 5377 2002 5436 eratque
2027 5365 2169 5419 mul-

581 5456 749 5524 tiptex
797 5455 924 5506 mali
958 5453 1149 5510 facies.
1186 5455 1370 5509 Nostri
1404 5459 1647 5526 quotidie
1702 5459 1984 5512 machinas
2011 5459 2167 5512 belli-

581 5562 676 5599 cas
711 5553 1010 5614 tractantes
1054 5557 1478 5618 spectantesque
1521 5564 1638 5612 eas,
1670 5565 1810 5620 quas
1845 5552 2032 5607 hostes
2067 5554 2166 5606 ha-

585 5639 807 5699 bebant,
838 5635 1034 5691 timore
1058 5647 1110 5692 et
1135 5637 1429 5696 formidine
1471 5643 1660 5706 soluti,
1690 5643 1979 5699 machinas
2003 5653 2056 5699 et
2083 5661 2169 5699 ar-

585 5738 665 5780 tes
697 5740 864 5780 novas
890 5731 1292 5800 exeogitabant,
1324 5743 1374 5787 ct
1409 5735 1656 5789 hostibus
1685 5724 1828 5788 baud
1856 5751 2046 5804 parum
2077 5737 2173 5790 de-

588 5820 830 5873 trimenti
870 5817 1188 5879 efferebant.
1225 5823 1493 5882 Caeterum
1533 5827 1843 5898 singulares
1881 5825 1989 5882 illa:
2023 5838 2169 5882 artes

2269 4639 2444 4708 pressi
2511 4638 2800 4705 cadebant,
2860 4648 2912 4694 et
2980 4641 3048 4694 ab
3100 4641 3188 4707 iis,
3223 4639 3314 4709 qui
3369 4631 3682 4702 sequebantur
3721 4619 3755 4712 ιι

2266 4733 2562 4788 crudeliter
2591 4733 2920 4801 dejiciebant
2950 4732 3097 4802 ligna
3129 4741 3184 4786 et
3209 4742 3400 4786 terram
3426 4723 3662 4780 effossam,
3685 4719 3755 4759 m"

2267 4825 2571 4879 serabiliter
2620 4825 2891 4890 cooperti,
2947 4824 3052 4876 vivi
3105 4823 3172 4878 ad
3221 4821 3420 4876 inferos
3452 4806 3752 4870 mittebantur-

2269 4914 2526 4969 Nonnulli
2553 4916 2718 4968 etiam
2751 4915 2963 4969 viribus
3005 4915 3167 4969 validi
3198 4931 3256 4969 ac
3291 4906 3489 4966 robusti
3515 4916 3571 4956 ex
3603 4894 3752 4958 impem

2267 5017 2321 5060 et
2349 5006 2699 5061 festinatione
2730 5007 3059 5062 infirmiores
3083 5009 3224 5063 ultro
3256 5020 3349 5074 pro
3375 4997 3528 5056 ramis
3555 4988 3625 5046 vel
3652 4988 3754 5036 terra

2272 5098 2492 5150 saeviter
2527 5097 2916 5151 detrudebant.
2955 5096 3058 5152 Sed
3096 5114 3219 5150 cum
3256 5097 3367 5150 haec
3411 5086 3634 5144 facerent.
3678 5076 3755 5121 ηθη

2270 5196 2522 5256 poterant
2548 5188 2682 5240 salvi
2718 5187 2958 5241 devitarc
2983 5187 3307 5257 helepolium
3338 5191 3388 5236 et
3417 5178 3614 5233 telorum
3641 5163 3754 5214 ictus.

2271 5290 2325 5331 οι
2360 5293 2388 5332 a
2430 5279 2727 5349 grandibus
2784 5279 2956 5342 saxis,
3002 5294 3126 5348 qua:
3159 5279 3224 5334 de
3263 5289 3416 5331 muro
3453 5258 3751 5349 rimabantur.

2272 5348 2544 5423 cadebant
2567 5372 2798 5438 turpiter
2821 5369 3166 5439 multumque
3189 5348 3755 5439 vulnerabanturth?

2273 5476 2435 5524 quam
2469 5461 2632 5512 etiam
2663 5437 2729 5512 de
2758 5460 2961 5513 nostris
2991 5437 3240 5513 nonnulli
3272 5469 3376 5509 non
3416 5442 3552 5502 illaesi
3590 5437 3754 5524 man“:

2276 5561 2420 5606 runt.
2449 5549 2759 5604 Traxerunt
2789 5561 2969 5604 tamen
3003 5551 3276 5618 helepoles
3292 5545 3356 5600 ad
3388 5550 3524 5594 oram
3546 5530 3697 5618 fossiﬁ
3717 5516 3753 5618 εξ

2275 5642 2588 5695 conflictum
2633 5657 2695 5696 ac
2726 5645 3066 5697 decertatum
3099 5601 3182 5698 crst
3214 5620 3626 5696 horribililer-‘A‘
3651 5601 3751 5665 haud

2277 5735 2522 5788 imbelles
2555 5735 2728 5788 nostri
2767 5750 2826 5788 se
2861 5735 3230 5804 praebuerunt,
3263 5743 3324 5784 ac
3353 5723 3534 5780 mirum
3575 5710 3686 5804 erat.

2277 5827 2420 5882 bello
2452 5827 2796 5883 inexercitati
2845 5788 3127 5885 victoriam
3163 5837 3337 5883 tamen
3385 5803 3693 5884 reportarem,
3717 5788 3754 5837 ει
