3964 6428
329 331 428 399 841

1284 328 1736 392 CHRONICON
1778 326 2056 390 MAJUS.
2093 353 2160 365 --
2203 328 2357 389 LIB.
2406 328 2521 387 Ili.

3489 325 3594 388 812

341 442 473 511 ὕλης
500 418 602 510 τῆς
631 438 870 511 ἡμέρας,
912 439 1071 509 ἡμεῖς
1102 438 1158 493 δέ
1189 439 1255 493 δι’
1287 441 1417 511 ὅλης
1449 443 1544 511 τῆς
1581 442 1781 505 νυκτὸς
1804 442 1904 504 τὰς
1938 444 1976 498 Α
2008 434 2271 504 ψευσθεὶς
2305 436 2412 492 ὑπὸ
2434 439 2533 502 τὰς
2562 437 2734 500 αύτὰς
2758 437 2984 500 ἐλπίδας
3018 437 3184 509 ἔτερα
3228 437 3323 493 νέα
3358 439 3598 513 ἐφευρή-

339 547 474 598 om;
498 533 597 589 καὶ
620 532 691 586 τὰ
718 531 854 600 ξύλα
884 531 1193 601 ιίλκίζομεν
1229 533 1457 587 ἔσωθεν·
1489 537 1586 588 καὶ
1608 538 1665 589 at
1699 530 1915 606 ὀρύξεις

340 628 455 682 τῶν
519 627 750 697 τάφρων
791 627 1155 695 ἐναπέμειναν
1188 627 1264 692 ὡς
1297 613 1393 683 καὶ
1419 618 1489 697 ἦν
1518 628 1578 681 τὸ
1628 630 1911 697 πρότερον.

340 718 480 782 Τοὺς
533 717 592 773 δὲ
622 718 970 788 χαλάσαντας
1009 718 1255 788 πύργους
1286 717 1416 790 χοῦν
1474 719 1611 789 μετά
1640 719 1917 788 σπυρίδων

339 812 701 880 βαστάζοντες
730 814 826 866 καὶ
856 814 1093 880 ἀγγείων
1128 813 1356 893 ξυλίνων
1385 814 1530 867 οἴνου
1562 816 1659 868 καὶ
1692 815 1913 885 ἑτέροις

339 904 516 971 ξύλοις
551 906 706 968 αὖθις
743 906 1187 976 ἀνεκαινίζομεν.
1232 907 1294 961 ’0
1325 906 1382 960 δὲ
1430 908 1657 977 ἀμηρᾶς
1691 907 1916 977 θεωρῶν

338 996 606 1069 ᾐσχύνετο
663 999 753 1053 διὰ
815 998 877 1052 τὸ
948 1002 1048 1072 τὴν
1127 999 1324 1071 βουλὴν
1394 1000 1561 1054 αὐτοῦ
1632 1000 1918 1071 ἄπρακτον

338 1088 503 1161 au
529 1090 734 1160 μένειν,
771 1091 865 1144 καὶ
895 1090 1092 1161 ἑτέραν
1129 1092 1383 1163 μηχανὴν
1411 1092 1718 1163 πολεμικὴν
1749 1092 1919 1147 θέλων

340 1183 567 1253 ποιῆσαι
596 1183 937 1254 προσέταξεν
969 1184 1060 1238 ῖνα
1097 1182 1298 1250 ἔλθωσι
1325 1201 1469 1248 τινες
1520 1184 1713 1255 ἄνδρες
1743 1188 1792 1239 ot
1827 1185 1916 1238 δυ-

338 1276 564 1345 νάμενοι
609 1275 788 1345 ὀρθῶς
824 1277 957 1329 ίδεῖν
1003 1277 1102 1331 καὶ
1155 1278 1339 1331 ποιεῖν
1367 1281 1510 1343 ὀπὰς
1554 1280 1916 1349 ὑποκεκρυμ-

344 1372 514 1440 μένας
547 1371 799 1426 κάτωθεν
829 1372 930 1441 τῆς
953 1372 1083 1442 γῆς,
1114 1372 1267 1435 ὅπως
1300 1373 1370 1426 δι’
1399 1372 1583 1426 αὐτῶν
1620 1376 1650 1427 ὀ
1681 1374 1917 1445 στρατὸς

341 1463 584 1527 εὐκόλως
640 1464 962 1518 εἰσέλθωσιν
1003 1464 1155 1519 ἔνδον
1198 1468 1301 1532 τῆς
1346 1465 1579 1530 πόλεως.
1624 1468 1736 1522 Καὶ
1772 1468 1919 1521 κατὰ

341 1557 401 1610 τὸ
430 1558 774 1628 προσταχθὲν
803 1557 900 1613 ὑπ’
929 1558 1095 1612 αὑτοῦ
1121 1558 1361 1630 ἤρξαντο
1413 1559 1691 1630 ὀρύσσειν.
1727 1561 1917 1616 Ἰωάν-

341 1669 438 1722 νης
458 1652 518 1705 δέ
547 1670 632 1715 τις
661 1652 942 1724 Γερμανὸς
986 1652 1161 1723 ἄκρον
1207 1652 1525 1723 ἠσκημένος
1554 1654 1653 1717 τὰς
1683 1654 1778 1707 τοῦ
1818 1671 1920 1708 πο-

2023 546 2171 599 ματα
2206 531 2305 584 καὶ
2340 534 2588 602 μηχανὰς
2629 532 2710 594 είς
2749 531 3075 601 πολιορκίαν
3108 532 3319 585 ἐποίειο
3346 533 3596 588 ἑλέπολιν

2019 620 2129 691 γὰρ
2166 620 2435 689 μεγίστην
2471 622 2704 690 ἔχουσαν
2738 623 2966 692 τροχοὺς
2994 618 3221 685 πολλοὺς
3263 625 3401 694 μετὰ
3425 623 3599 689 ξύλων

2019 710 2262 780 χοντρῶν
2295 710 2457 783 245
2494 715 2893 778 κατεσκεύασε,
2947 714 3150 779 πλάτος
3191 716 3427 787 ἔχουσαν
3460 718 3596 772 πολῦ

2021 808 2119 860 καὶ
2147 806 2302 877 ὕψοςο
2338 810 2557 862 ἐνέδυσε
2605 810 2663 862 δὲ
2715 810 2888 877 αὐτὴν
2920 810 3125 865 ἔσωθεν
3167 813 3264 865 καὶ
3297 813 3499 877 ἔξωθεν
3533 817 3600 868 ἐκ

2020 899 2208 969 τρίτου
2258 901 2396 970 μετὰ
2444 901 2726 971 βουῦάλων
2762 903 2859 956 καὶ
2913 902 3051 971 βοῶν
3081 903 3255 973 δορῶν
3277 944 3292 968 ,
3332 905 3426 958 καὶ
3459 906 3601 975 πύρ-

2021 1007 2155 1059 γους
2184 988 2330 1061 εἷχεν
2365 993 2575 1047 ἄνωθεν
2610 995 2705 1046 καὶ
2747 995 3254 1064 παραπετάσματα,
3278 997 3600 1068 ἁναὸάθρας

2021 1084 2116 1136 καὶ
2164 1084 2524 1153 καταὸάθρας
2547 1127 2560 1146 ,
2591 1086 2677 1160 ἵνα
2733 1089 2795 1139 ού
2846 1086 3212 1157 δυησιῦμεθα
3245 1090 3370 1154 τοὺς
3394 1089 3600 1143 ἔσωθεν

2021 1175 2193 1245 αὐτῆς
2224 1175 2509 1243 βλάπτειν.
2546 1174 2673 1245 Εἶχε
2693 1178 2752 1231 δὲ
2783 1180 2881 1231 καῖ
2894 1180 2955 1231 τὸ
2985 1178 3188 1244 ἔξωθεν
3224 1181 3388 1250 μέρος
3417 1183 3601 1252 ¹Ιινοιγο

2025 1267 2214 1335 μένον,
2244 1268 2333 1322 ἵνα
2386 1271 2583 1340 ρᾳδίως
2645 1274 3012 1342 είσέρχωνται
3058 1275 3152 1328 καὶ
3183 1256 3513 1346 ἐξέρχωνται
3550 1277 3600 1329 οἱ

2024 1358 2365 1428 βουλόμενοι.
2403 1361 2558 1414 Κατὰ
2586 1362 2642 1415 δὲ
2668 1364 2730 1415 τὸ
2770 1364 2941 1435 μέρος
2969 1364 3039 1417 δι’
3072 1358 3132 1418 οὗ
3161 1364 3391 1435 ἔμελλον
3424 1366 3601 1419 ἐλθεῖν

2022 1452 2081 1502 ἐν
2128 1451 2207 1521 τῷ
2253 1450 2553 1524 ὀρύγματι,
2593 1451 2705 1524 εἷχε
2745 1456 2923 1519 πύλας
2951 1459 3103 1528 τρεῖς
3152 1458 3397 1528 μεγάλας
3454 1463 3600 1528 μετὰ

2022 1545 2574 1613 παρασκεπάσματος
2609 1548 2857 1616 σφοδρῶς
2900 1550 3276 1619 ἐνδεδυμένας,
3319 1550 3396 1614 ὡς
3445 1550 3599 1603 εῖπο-

2027 1650 2151 1703 μεν.
2179 1633 2340 1707 Εἶχον
2369 1637 2427 1690 δέ
2456 1638 2661 1693 ἔσωθεν
2684 1640 2781 1693 καὶ
2805 1640 3072 1694 κύκλοθεν
3103 1643 3213 1696 πᾶν
3240 1642 3473 1714 ὄργανον
3506 1647 3601 1697 καὶ

338 1744 508 1814 λέμου
548 1746 798 1815 μηχανὰς
825 1746 918 1799 και
942 1746 1040 1808 τὰς
1062 1742 1158 1800 τοῦ
1184 1745 1357 1817 ύγροῦ
1377 1747 1571 1818 πυρὸς,
1602 1748 1918 1813 ινωτισθεις
1953 1781 1994 1835 Β
2021 1733 2222 1835 τέχνην
2262 1733 2574 1835 πῆλεμιζὴν
2600 1737 2697 1835 θεαὶ
2729 1735 2931 1835 πολλᾶς
2953 1735 3121 1835 *ὕλας
3170 1738 3265 1835 διαὶ
3314 1735 3468 1803 ξύλα,
3512 1737 3602 1835 εἶα

338 1836 436 1907 τὴν
464 1836 736 1908 μηχανὴν,
768 1838 967 1909 ἑτέραν
982 1837 1125 1910 ὀπὴν
1151 1838 1404 1894 ἐναντίαν
1431 1839 1636 1910 ὀρύξας
1657 1843 1751 1895 καὶ
1777 1842 1918 1913 μετὰ

339 1928 509 2000 ὑγροῦ
569 1930 745 2001 πυρδς
795 1931 1136 2005 τεχνηέντως
1191 1933 1559 1998 συσκευάσας,
1601 1934 1918 2005 ἐρχομένων

337 2023 446 2076 τῶν
472 2020 735 2093 Τούρκων
785 2001 1025 2095 atatis;
1072 2023 1216 2089 ὀπῆς
1269 2024 1411 2095 μετὰ
1460 2001 1830 2097 χαρᾶςναύτδς
1854 2030 1917 2083 τδ

341 2116 457 2186 πῦρ
479 2100 694 2186 άνάψας
725 2115 789 2169 τὸ
832 2117 913 2180 είς
959 2115 1061 2187 τὴν
1107 2116 1356 2171 ἐναντίαν
1399 2116 1732 2191 ὠρυγμένην
1781 2119 1915 2192 παρ’

335 2205 499 2259 αὐτοῦ
539 2206 679 2275 ὀπὴν
738 2202 970 2270 πολλοὺς
1017 2204 1076 2271 ἐξ
1104 2206 1289 2260 αὐτῶν
1332 2208 1642 2262 κατέκαυσε
1686 2209 1916 2274 καὶτὰς

334 2295 764 2367 τέχναςαῦτῶν
800 2299 879 2360 είς
919 2297 1070 2352 οὐδὲν
1129 2297 1432 2364 ἀπέδειξεν·
1488 2300 1629 2371 ὀπὴν
1672 2300 1731 2355 δὲ
1785 2303 1916 2370 μίαν

334 2385 593 2440 ἐναντίων
624 2387 654 2438 ὀ
697 2385 961 2452 γεννάδας
990 2387 1273 2459 Γερμανὸς
1301 2389 1487 2443 λαθὼν
1511 2390 1612 2462 οὐχ
1635 2383 1812 2462 εὗρεν.
1848 2393 1914 2447 Ui

335 2475 570 2546 Τοῦρκοι
601 2477 659 2531 δὲ
686 2479 782 2533 καὶ
816 2479 971 2532 αὐτοὶ
993 2479 1056 2533 τὸ
1086 2481 1255 2551 ὑγρὸν
1274 2480 1388 2552 πῦρ
1418 2482 1653 2553 ἀνῆψαν,
1681 2484 1710 2537 ὃ
1737 2502 1915 2557 προηο

335 2570 626 2640 τοίμασαν,
653 2570 797 2642 πλὴν
820 2571 975 2625 οὐδὲν
1006 2571 1404 2643 κατώρθωσανο
1435 2575 1651 2646 πύργου
1674 2575 1732 2630 δέ
1766 2595 1914 2645 τινος

340 2662 502 2731 μόνον
525 2662 765 2716 παλαιοῦ
782 2662 966 2731 ὀλίγον
994 2661 1161 2735 μέρος
1188 2664 1254 2718 ἐκ
1277 2664 1374 2719 τοῦ
1396 2666 1596 2736 κρότου
1620 2666 1715 2722 τοῦ
1739 2669 1912 2741 πυρὸς

335 2753 553 2818 ἔπεσεν,
584 2752 644 2806 ἐν
666 2753 829 2823 ἡμεῖς
858 2752 1022 2814 εὐθὺς
1041 2754 1491 2825 άνεκαινίσαμεν.
1517 2750 1703 2811 Ἦσαν
1730 2758 1787 2812 δὲ
1817 2757 1912 2812 καί

337 2862 487 2909 τινες
514 2845 740 2916 γηραιοὶ
779 2845 830 2899 οἳ
868 2843 1060 2912 ελεγον
1091 2845 1174 2899 ὅτι
1203 2844 1299 2900 καὶ
1332 2848 1380 2900 οἱ
1415 2849 1649 2903 ἐναντίοι
1696 2852 1754 2903 ἐν
1788 2850 1908 2905 ἐτέ-

341 2953 469 3006 ραις
501 2935 701 3007 μάχαις
729 2935 891 2990 τοῦτο
921 2934 1171 3008 ἐπραξαν
1197 2937 1296 2992 καὶ
1311 2938 1468 2993 οὐδὲν
1501 2918 1931 3011 ἐκατώρθωσαν

337 3026 428 3082 διὰ
458 3028 518 3082 τὸ
542 3030 605 3082 τὸ
640 3026 823 3082 πλεῖον
853 3030 1024 3100 μέρος
1048 3030 1149 3099 τῆς
1177 3030 1386 3095 πόλεως
1414 3032 1773 3088 ὑποκάτωθεν
1797 3034 1909 3088 τῶν

2031 1823 2265 1894 ῥίψωσιν
2319 1828 2379 1878 ἐν
2442 1822 2522 1895 τῷ
2577 1827 2771 1896 τάφρῳ
2806 1829 2864 1879 ὲν
2912 1826 2990 1898 τῷ
3035 1829 3368 1900 προσήκοντι
3398 1828 3598 1898 καιρῷ,

2025 1917 2173 1979 ὅπως
2201 1917 2404 1988 ῥᾳδίως
2428 1917 2746 1971 εἰσέλθωσιν
2764 1932 2780 1948 ο
2814 1915 2964 1987 εἶχον
2982 1919 3041 1972 δὲ
3070 1918 3345 1989 κλίμακας
3367 1917 3602 1988 ἐχούσας

2026 2004 2129 2068 τὰς
2176 2004 2448 2075 βαθμίδας
2478 2006 2843 2076 μηρινθὼδεις
2877 2008 3331 2077 ὑπογαλουμένας
3374 2007 3462 2062 διὰ
3505 2009 3634 2068 κάο,

2026 2096 2155 2161 λων,
2189 2096 2286 2149 καὶ
2317 2095 2476 2159 αὖθις
2503 2092 2641 2167 ᾖρον
2671 2098 2806 2167 μίαν
2840 2099 2920 2161 είς
2965 2098 3123 2167 ὕψος.
3160 2098 3600 2169 Προσδεδομένης

2025 2188 2139 2251 τοῖς
2179 2188 2388 2258 τείχεσι
2417 2188 2512 2244 καὶ
2541 2190 2726 2258 πάσης
2758 2191 2955 2260 ἐτέρας
2998 2191 3272 2261 μηχανῆς,
3299 2192 3367 2261 ἢν
3396 2192 3601 2261 ἠδυνήο

2026 2280 2096 2351 θη
2136 2281 2432 2353 ἀνθρώπου
2493 2283 2620 2347 νοῦς
2671 2282 2888 2352 νοῆσαι,
2921 2282 2998 2345 ὡς
3044 2283 3148 2335 οὐκ
3176 2282 3407 2352 ῆλπιζεν
3444 2282 3602 2350 βασι-

2023 2374 2151 2437 λεύς
2205 2390 2361 2439 ποτε,
2414 2375 2515 2428 ούκ
2569 2375 2801 2445 ἐποίησε
2833 2374 2932 2427 τοῦ
2963 2373 3172 2429 άλῶσαι
3214 2376 3278 2427 τὸ
3309 2374 3600 2446 φρούριον.

2022 2466 2364 2536 Ποιήσαντες
2400 2466 2458 2519 δὲ
2503 2466 2599 2520 καὶ
2625 2467 2685 2519 ὲν
2714 2465 2930 2535 ἑτέροις
2956 2466 3181 2536 μέρεσιν
3209 2466 3423 2535 ἀμάξας
3458 2468 3603 2537 μετὰ

2023 2556 2296 2610 πλείστων
2326 2555 2559 2627 τροχῶν,
2586 2559 2680 2608 καὶ⁵
2707 2556 2916 2611 ἄνωθεν
2957 2555 3035 2618 ὡς
3074 2555 3347 2625 πύργους,
3375 2558 3469 2610 καὶ
3499 2558 3600 2610 αύ-

2018 2646 2102 2700 τοὶ
2156 2646 2501 2714 ἐνδεδυμένοι
2550 2646 2612 2699 δν
2663 2647 2867 2717 τρόπον
2913 2646 3162 2717 είπομεν.
3213 2648 3475 2716 Ἔχοντες
3503 2650 3602 2701 καὶ

2021 2739 2178 2793 αὐτοὶ
2232 2736 2496 2802 πλείστας
2546 2738 2795 2809 μηχανάς
2856 2739 3406 2803 κατασκευασθείσας
3462 2741 3602 2811 μετὰ

1965 2837 1972 2843 ’
2017 2831 2117 2886 τοῦ
2164 2830 2335 2902 ὑγροῦ
2388 2831 2563 2902 πυρὸς
2597 2831 2692 2886 καὶ
2747 2832 2808 2884 ἐν
2864 2833 2965 2903 μιᾷ
2995 2831 3115 2903 ὥρᾳ
3164 2832 3471 2903 ἡτοίμασαν
3514 2833 3600 2886 ῖνα

2019 2926 2225 2991 πάντες
2252 2925 2352 2996 τὴν
2386 2925 2657 2999 coemant
2703 2924 2823 2994 ἅμα
2874 2927 3208 2997 ποιήσωσιν.
3241 2928 3353 2980 Καὶ
3379 2927 3599 2998 πρῶτον

2021 3018 2124 3089 μὲν
2148 3017 2318 3091 246
2350 3018 2492 3087 μετὰ
2538 3016 2642 3087 τῆς
2671 3016 2911 3087 φοϐερᾶς
2945 3018 3160 3087 ἐκείνης
3187 3018 3477 3081 ἐλεδόλεως
3507 3019 3601 3072 τύ-

338 3121 537 3193 τειχῶν
581 3122 850 3193 πετρῶδες
874 3117 1038 3179 εἶναι.
1084 3124 1324 3195 Σφαλεις
1360 3124 1418 3178 δι
1465 3125 1496 3179 ὀ
1542 3126 1767 3199 άμηρᾶς
1811 3126 1907 3181 και
1934 3129 1979 3188 c
2015 3114 2219 3182 ψαντος
2251 3110 2498 3182 σφοδρῶς
2524 3107 2762 3180 ἔρριψαν
2808 3110 2891 3173 εἰς
2917 3108 3113 3178 ἔδαφος
3154 3109 3236 3163 τὸν
3266 3109 3477 3181 πύργον
3504 3111 3599 3165 τὶν

341 3315 538 3371 magno
560 3301 743 3357 animo
762 3310 817 3358 et
841 3317 1103 3374 generose
1128 3318 1189 3362 se
1216 3305 1543 3377 objicientes
1576 3323 1740 3380 supra
1766 3308 1914 3366 vires

338 3389 670 3448 iaborareut.
708 3394 900 3463 itaque
931 3409 1059 3450 cum
1115 3394 1193 3449 iiii
1230 3405 1347 3453 toto
1371 3396 1462 3454 die
1502 3396 1680 3455 fossas
1722 3399 1918 3471 imple-

336 3489 481 3547 rent,
508 3482 687 3538 nostri
722 3491 835 3539 tota
866 3494 1031 3540 nocte
1057 3487 1366 3554 materiem,
1399 3496 1626 3557 terram,
1654 3490 1800 3561 ligna
1826 3493 1917 3547 in-

338 3582 424 3631 tro
455 3576 778 3646 egerebant,
815 3577 964 3632 unde
992 3577 1158 3633 fossae
1189 3588 1535 3648 manserunt,
1569 3582 1763 3652 quales
1788 3592 1917 3640 ante

339 3666 575 3721 fuerant.
614 3664 821 3721 Turres
841 3675 1022 3722 autem
1046 3683 1346 3726 concussas
1373 3672 1542 3728 humo
1570 3674 1623 3727 in
1655 3674 1916 3729 corbibus

333 3766 390 3813 et
416 3757 564 3812 vasis
597 3756 794 3828 ligneis
825 3757 1055 3815 vinariis
1077 3772 1295 3831 aggesta
1324 3763 1681 3834 trabibusque
1705 3765 1915 3819 instau-

337 3847 550 3903 rabant.
573 3846 707 3914 Quae
727 3862 849 3903 eum
877 3849 1341 3907 animadverteret
1357 3867 1592 3918 ameras,
1617 3853 1914 3908 erubesce-

336 3939 453 4002 bat,
504 3938 650 4007 quod
715 3939 1006 4020 consilium
1061 3955 1225 3997 suum
1246 3952 1447 3999 eventu
1479 3953 1710 4009 careret,
1750 3951 1913 4014 atque

337 4028 503 4083 aliam
527 4030 795 4085 rationem
822 4039 1177 4101 experturus,
1207 4034 1523 4105 imperavit,
1549 4044 1611 4091 ut
1633 4034 1911 4099 adessent,

337 4120 432 4192 qui
469 4132 618 4177 recto
648 4121 856 4192 judicio
908 4123 1203 4180 oculorum:
1226 4130 1512 4183 uterttntur
1540 4135 1596 4182 et
1623 4127 1912 4183 cuniculos

337 4228 497 4285 agere
529 4214 813 4281 callet-ent,
850 4231 947 4287 per
998 4232 1140 4288 quos
1178 4219 1457 4275 exercitus
1510 4218 1673 4275 facile
1717 4220 1909 4276 urbem

339 4307 544 4361 intrare
574 4317 799 4378 posset:
825 4318 1221 4380 coeperuntque
1284 4310 1365 4364 ad-
1384 4310 1760 4379 pmscriptum
1790 4311 1911 4381 ejus

339 4398 545 4456 fodere.
593 4402 667 4455 At
687 4400 931 4458 Joannes
960 4402 1184 4473 quidam
1233 4402 1543 4460 Germanus
1575 4402 1633 4458 in
1664 4412 1910 4460 tractan~

2018 3293 2264 3350 haberet.
2298 3293 2405 3364 Spe
2434 3292 2600 3362 igitur
2626 3294 2816 3363 lapsus
2837 3304 2892 3350 et
2919 3296 3218 3351 frustratus
3248 3311 3463 3351 ameras
3489 3297 3596 3353 alia

2018 3402 2159 3444 nova
2196 3387 2416 3443 inventa
2449 3397 2505 3443 et
2538 3387 2827 3444 machinas
2852 3390 2919 3443 ad
2949 3389 3371 3459 expugnandam
3406 3392 3595 3446 urbem

2018 3479 2289 3535 adhibuit.
2322 3478 2619 3550 lleiepolim
2646 3480 2968 3547 maximam,
2997 3482 3186 3537 multis
3209 3483 3345 3538 rotis
3381 3493 3599 3540 susten-

2017 3582 2150 3637 tam,
2183 3571 2238 3625 in
2274 3572 2470 3640 primis
2513 3571 2677 3626 latam
2707 3581 2761 3627 et
2785 3573 2975 3637 altam,
3015 3573 3179 3644 lignis
3204 3573 3484 3643 instruxit,
3509 3587 3596 3633 at-

2016 3676 2126 3731 que
2182 3663 2331 3718 intus
2362 3672 2412 3718 et
2442 3673 2600 3718 extra
2652 3663 2929 3734 triplicato
2979 3666 3139 3720 corio
3170 3667 3491 3723 bubalorum
3542 3679 3597 3724 et

2017 3753 2185 3808 boum
2208 3754 2411 3809 induit.
2443 3753 2691 3810 Habebat
2717 3755 2907 3810 eadem
2936 3770 3170 3825 superne
3189 3766 3364 3814 turres
3382 3761 3595 3820 et'vclu.

2016 3860 2276 3901 ascensus
2308 3846 2437 3901 item
2487 3854 2543 3902 et
2574 3846 2896 3914 descensus,
2931 3861 3000 3903 ne
3033 3848 3128 3918 qui
3173 3849 3318 3904 intus
3351 3864 3538 3906 essent
3564 3868 3597 3905 a

2017 3938 2180 3995 nobis
2204 3946 2426 4007 possent
2448 3938 2594 3994 laedi.
2622 3939 2849 3995 Patebat
2870 3954 3038 4011 porro
3069 3940 3241 4005 foras,
3269 3950 3329 3996 ut
3356 3944 3447 4012 qui
3486 3944 3600 3998 rel-

2018 4030 2152 4093 lent,
2188 4030 2346 4086 facile
2394 4039 2449 4085 et
2476 4031 2684 4102 ingredi
2715 4040 2770 4086 et
2797 4033 2978 4100 egredi
3011 4044 3256 4101 possent.
3287 4034 3348 4088 In
3402 4049 3463 4089 ea
3493 4050 3597 4089 au-

2019 4130 2124 4175 tem
2158 4127 2338 4191 parte,
2361 4135 2466 4190 qua
2510 4121 2569 4176 in
2606 4121 2811 4177 fossam
2845 4122 3049 4177 intrare
3080 4116 3299 4186 rolleut,
3338 4133 3447 4179 tres
3479 4141 3598 4179 ma-

2015 4224 2135 4282 gna
2169 4221 2340 4283 portat
2381 4222 2573 4277 erant,
2619 4221 2965 4284 tegumento,
3024 4225 3084 4270 ιιι
3122 4215 3385 4282 diximus,
3429 4217 3598 4287 probe

2015 4304 2265 4360 obtecta.
2302 4304 2360 4360 In
2402 4304 2819 4363 circuitu’intus
2864 4316 2923 4361 et
2947 4317 3104 4362 extra
3132 4308 3396 4378 disposita
3438 4321 3600 4364 erant

2019 4397 2205 4453 omnia
2229 4410 2425 4466 genera
2452 4397 2771 4455 bellicorum
2796 4398 3289 4455 instrumentorum
3312 4411 3365 4456 et
3385 4403 3597 4458 machi-

337 4493 423 4549 dis
471 4490 684 4547 bellicis
714 4494 987 4558 machinis
1033 4504 1089 4550 et
1128 4495 1252 4565 igne
1283 4493 1475 4550 Graeco
1515 4495 1911 4552 exercitatissi-
1942 4485 1991 4545 D
2019 4501 2237 4552 narum,
2263 4488 2590 4557 materiae!
2623 4490 2897 4558 lignorum
2924 4507 3119 4562 magna
3152 4494 3332 4563 copia,
3356 4510 3474 4563 qum
3503 4511 3600 4565 op-

336 4600 482 4651 mus,
499 4599 633 4639 cum
649 4585 1128 4642 animadvertisset
1153 4585 1373 4641 illorum
1403 4586 1719 4654 consilium,
1744 4587 1910 4644 alium

338 4677 663 4732 cuniculum
696 4677 1033 4733 contrarium
1096 4677 1370 4749 agendum
1431 4688 1489 4734 et
1544 4679 1668 4750 igne
1722 4678 1914 4735 Graeco

339 4767 635 4823 artificiose
682 4767 1018 4836 implendum
1050 4768 1285 4832 curavit,
1320 4767 1624 4839 Turcisque
1671 4769 1791 4825 laete
1817 4784 1917 4840 per

340 4859 657 4913 cuniculum
710 4856 1159 4928 procedentibus,
1207 4857 1326 4926 ipse
1355 4856 1410 4911 in
1442 4858 1620 4912 altero
1645 4871 1676 4910 a
1710 4873 1771 4912 se
1793 4867 1916 4939 aeto

339 4949 599 5004 cuniculo
620 4963 855 5004 accenso
888 4949 1035 5019 igne,
1062 4948 1263 5004 multos
1298 4963 1488 5004 eorum
1514 4948 1724 5005 exussit
1746 4963 1917 5018 opus-

340 5057 449 5111 que
509 5040 578 5095 ad
612 5040 845 5095 nihil-um
871 5039 1100 5109 redegit.
1145 5039 1299 5095 Unus
1334 5047 1514 5093 tamen
1546 5038 1785 5093 hostium
1815 5053 1917 5092 cu-

338 5129 561 5201 niculus
576 5145 900 5199 generosum
920 5129 1076 5184 illum
1097 5129 1427 5185 Germanum
1450 5128 1631 5183 latuit.
1657 5128 1762 5198 Ipsi
1777 5142 1917 5198 quo-

340 5239 446 5294 que
475 5223 669 5278 Turcat
720 5222 864 5278 idem
894 5236 1067 5294 genus
1107 5221 1250 5291 ignis
1280 5227 1618 5290 pararuutet
1647 5221 1916 5277 accende-

344 5324 489 5376 "Illi,
522 5313 614 5369 sed
657 5313 790 5367 nihil
845 5312 1195 5383 profecerunt
1228 5330 1244 5377 ;
1275 5310 1381 5365 nisi
1436 5311 1584 5380 quod
1620 5310 1785 5365 unius
1816 5323 1914 5365 νο·
1969 5326 1976 5332 ‘

357 5415 503 5464 cstas
536 5408 704 5461 turris
734 5419 901 5474 parva
930 5419 1058 5475 pars
1088 5419 1153 5459 ex
1186 5403 1345 5470 pulsu
1378 5403 1590 5457 incensi
1615 5401 1756 5471 ignis
1786 5415 1916 5456 conv

228 5494 240 5513 ⁹
341 5500 498 5563 cidit,
529 5514 694 5569 quam
721 5508 903 5554 tamen
936 5498 1121 5553 statim
1146 5495 1593 5552 instauravimus.
1626 5495 1790 5549 Erant
1813 5509 1915 5547 au~

341 5603 451 5647 tem
483 5606 645 5646 senes
672 5591 915 5661 quidam,
959 5591 1055 5659 qui
1092 5589 1359 5652 dicerent,
1396 5588 1583 5643 hostes
1622 5587 1762 5642 idem
1793 5595 1915 5641 ten-

341 5691 491 5736 tasse
525 5682 646 5737 altis
674 5682 727 5734 in
761 5680 915 5735 bellis
961 5696 1062 5735 nec
1092 5680 1387 5750 quidquam
1422 5675 1744 5747 profecisse,
1770 5677 1913 5745 quod

342 5788 518 5846 major
549 5774 702 5829 urbis
743 5788 871 5841 pars
921 5773 1109 5828 subter
1164 5786 1354 5826 muros
1409 5771 1586 5826 solum
1651 5783 1910 5825 saxosum

674 5871 949 5932 Ρλτιιοι.
995 5872 1111 5933 GR.
1150 5865 1335 5932 CLVI

2016 4588 2256 4647 portuno
2284 4586 2533 4655 tempore
2570 4581 2627 4634 in
2679 4581 2882 4638 fossam
2924 4582 3244 4652 dejicerent,
3279 4600 3389 4653 quo
3424 4587 3596 4639 habe—

2018 4677 2140 4723 rent
2171 4670 2400 4725 aditum.
2433 4669 2720 4725 Habebant
2771 4672 2948 4726 scalas
3006 4674 3268 4741 gradibus
3324 4679 3593 4745 smppeis.

2018 4773 2142 4828 qua:
2194 4772 2292 4829 per
2326 4760 2486 4816 funes
2541 4760 2968 4816 demittebantur
3002 4773 3056 4816 et
3087 4778 3280 4819 rursus
3329 4766 3383 4819 in
3421 4768 3590 4822 altum

2019 4852 2399 4907 trahebantur.
2427 4852 2875 4931 Admovebantur
2898 4856 3169 4911 mteuibus
3187 4869 3445 4926 praztcrea
3474 4860 3598 4915 alia:

2021 4956 2213 4999 omnes
2250 4945 2543 5010 machinae,
2589 4959 2726 5014 quas
2780 4947 3093 5017 excogitare
3149 4963 3304 5003 mens
3357 4950 3596 5004 humana

2019 5045 2220 5105 potest,
2253 5039 2447 5107 quales
2477 5052 2756 5106 nunquam
2783 5038 3029 5092 visurum
3058 5055 3116 5094 se
3142 5055 3262 5094 esse
3284 5054 3600 5110 speraverat

2020 5128 2322 5195 imperator
2385 5145 2487 5185 nec
2521 5129 2587 5183 ad
2655 5129 2981 5199 capiendum
3034 5132 3318 5187 castellum
3373 5132 3594 5203 aliquod

2021 5219 2139 5287 ipse
2161 5204 2383 5274 fecerat.
2420 5218 2697 5275 Fabricati
2731 5231 2860 5276 sunt
2883 5220 3044 5275 etiam
3070 5208 3274 5275 aliisin
3305 5221 3440 5276 locis
3466 5238 3598 5276 cur-

2022 5326 2119 5367 rus
2148 5313 2285 5367 rotis
2320 5313 2607 5381 permultis
2637 5320 2691 5368 et
2725 5328 2964 5383 superne
3008 5315 3250 5370 turribus
3301 5316 3597 5371 instructos

2021 5413 2076 5458 et
2114 5415 2202 5469 eo,
2241 5418 2350 5472 quo
2370 5403 2638 5469 diximus,
2674 5406 2835 5459 modo
2863 5407 3125 5470 munitos,
3157 5423 3393 5475 cmnque
3425 5409 3600 5471 etipsi

2023 5495 2311 5550 machinas
2345 5495 2614 5564 plurimas
2640 5497 2905 5552 haberent
2938 5498 3081 5568 igne,
3115 5499 3208 5568 qui
3240 5513 3351 5553 nou
3385 5499 3599 5553 exstin-

2018 5584 2596 5655 guitur,repletos,has
2619 5597 3027 5655 compararunt,
3049 5601 3109 5643 ut
3128 5604 3231 5642 una
3257 5603 3449 5643 omnes
3470 5590 3602 5642 liora

1987 5674 2357 5747 'eruptionem
2393 5675 2655 5732 facerent.
2694 5679 2770 5732 Ac
2827 5680 3061 5748 primum
3094 5681 3313 5750 quidem
3349 5679 3591 5743 ingentis

2018 5769 2165 5826 illius
2198 5770 2456 5839 helepolis
2490 5771 2650 5841 pulsu
2693 5780 2896 5826 turrem
2954 5786 3123 5843 prepe
3170 5781 3381 5841 portam
3422 5766 3604 5829 sancti

3204 5868 3287 5933 27.
