3964 6466
332 321 433 382 847

1563 313 1912 374 GEORGII
1950 311 2374 403 rnnANrw

3490 310 3586 375 ειμι

326 431 761 502 ἁνωρθωμένους
817 427 1070 502 εὕρισκεν
1097 469 1110 494 ,
1169 429 1266 482 καὶ
1320 427 1513 506 ἑκατὸν
1568 429 1914 498 πεντήκοντα
1949 436 1988 488 Α
2016 429 2271 498 ,γέφυραν
2305 425 2706 488 κατασκευάζει
2754 425 2939 496 τρόπῳ
2966 426 3156 497 τοιῷδε
3193 443 3206 458 ·
3245 427 3443 484 ἀκάτια
3490 430 3585 499 γάρ

326 527 576 596 τριήρεις
631 525 842 594 διήρεις
887 540 947 575 τε
1001 523 1098 575 καὶ
1135 522 1395 592 μονήρεις
1420 522 1521 575 οὐκ
1554 521 1903 591 ἠδυνήθησαν

328 619 539 672 anno“
582 617 682 679 τὰς
735 617 1013 683 τέσσαρας
1062 615 1280 679 ὲκείνας
1315 615 1488 685 νῆας,
1530 615 1666 667 ἀλλὰ
1702 613 1908 683 μᾶλλον

327 712 423 764 καὶ
479 710 735 763 τοσοῦτον
795 709 958 777 φόνον
1013 708 1095 771 εἰς
1148 707 1349 769 αὐτοὺς
1399 707 1708 777 ἐποίησαν,
1743 705 1902 774 251

329 803 606 866 στενάζων
641 804 704 856 ἐκ
735 801 968 870 καρδίας
1008 799 1218 862 καπνὸς
1263 801 1328 852 ἐκ
1368 798 1464 852 τοῦ
1499 799 1769 868 στόματος
1804 800 1908 850 αὑ-

325 894 418 946 τοῦ
474 892 747 957 ἔξέϐαινε’
801 891 896 944 καὶ
933 890 1214 960 ἐλογίζετο
1262 890 1315 943 τί
1372 891 1480 945 ἔδει
1535 890 1908 962 ποιῆσαι,ῖνα

326 987 422 1057 τὴν
460 985 618 1039 πόλιν
664 985 854 1038 πλεῖον
904 983 1071 1054 θλίψῃ
1117 985 1214 1038 καὶ
1259 986 1651 1056 στενοχωρήσῃ
1689 986 1786 1039 καὶ
1817 985 1908 1038 διὰ

327 1079 604 1148 θαλάσσης
677 1078 772 1132 καὶ
833 1076 1003 1148 ξηρᾶς
1051 1077 1153 1146 τὴν
1205 1076 1529 1148 πολιορκίαν
1581 1078 1754 1148 δὼσῃ.
1796 1077 1908 1130 Καὶ

325 1172 585 1242 τοιαύτην
617 1167 892 1239 ἐλογίζετο
930 1168 1206 1240 μηχανὴν,
1239 1169 1326 1222 ἵνα
1359 1169 1526 1241 μέρος
1567 1171 1662 1223 τοῦ
1713 1172 1905 1226 στόλου

325 1266 559 1338 εἰσφέρῃ
584 1265 693 1318 ἔσω
722 1264 814 1317 τοῦ
850 1263 1096 1332 λιμένος.
1130 1262 1243 1314 Καὶ
1277 1258 1345 1334 ἦν
1367 1265 1397 1316 ό
1427 1263 1588 1332 λόγος
1619 1263 1785 1326 εὐθὺς
1812 1265 1910 1318 καὶ

326 1361 383 1411 τὸ
428 1361 614 1430 ἔργον,
665 1360 763 1413 καὶ
796 1359 860 1411 ἐκ
910 1355 1008 1410 τοῦ
1055 1356 1282 1410 ὄπισθεν
1333 1355 1536 1426 μέρους
1568 1357 1662 1409 τοῦ
1691 1356 1912 1411 Γαλατᾶ

326 1453 410 1505 διὰ
440 1451 534 1504 τοῦ
567 1450 734 1520 λόφου
768 1449 889 1504 ὁδὸν
918 1449 1138 1502 εὐθεῖαν
1167 1448 1528 1520 ᾠκονόμησεν
1560 1449 1665 1513 ἕως
1696 1449 1792 1503 τοῦ
1824 1449 1910 1502 λι-

326 1544 487 1611 μένος
518 1543 845 1614 ἐρχομένην,
876 1541 970 1594 καὶ
1007 1541 1190 1594 σανίσι
1219 1542 1315 1595 καὶ
1343 1540 1524 1608 ξύλοις
1559 1543 1747 1596 πᾶσαν
1771 1559 1910 1596 κατ-

325 1638 623 1704 έστρωσεν,
663 1634 731 1698 ἃς
805 1633 998 1704 ήλειψε
1047 1633 1266 1695 σανίδας
1303 1633 1444 1703 μετὰ
1492 1633 1716 1696 στέατος
1770 1631 1910 1703 βοῶν

326 1729 418 1781 καὶ
451 1726 644 1798 κριῶν*
688 1726 783 1782 καὶ
836 1727 1055 1798 ὄργανα.
1110 1727 1427 1796 πολύτροπα
1471 1725 1635 1798 ἔτερα
1677 1727 1912 1795 ποιήσας

2015 539 2160 587 τινα,
2194 523 2396 589 ἀγγεῖα
2447 521 2689 591 μεγάλα,
2725 518 3046 586 ξυλοπίθους
3069 518 3309 587 συνάξας
3350 521 3585 584 πολλοὺς,

2015 615 2110 666 καὶ
2137 613 2320 677 ξύλοις
2370 615 2605 682 μακροῖς
2650 613 2770 682 ἤτοι
2808 611 2991 672 δοκοῖς
3043 610 3144 662 καὶ
3213 609 3453 678 σιδήροις
3499 612 3587 662 ’καὶ

2018 708 2274 777 σχοινίοις
2308 705 2548 777 ἰσχυρῶς
2586 705 2682 758 καὶ
2716 703 2962 765 δυνατῶς
3009 701 3352 772 συνσφίγξας
3387 702 3479 754 καὶ
3506 700 3580 768 δή.

2018 817 2137 866 σας,
2189 801 2275 854 ἵνα
2320 802 2395 869 μὴ
2461 798 2530 851 τά
2575 796 2796 867 ἁλμυρὰ
2856 795 3024 849 ὕδατα
3061 794 3375 866 δυνηθῶσιν
3425 792 3586 846 ὲκθλῖς

2015 892 2116 957 ψαι
2165 894 2226 946 τὸ
2277 893 2461 964 ἔργον,
2523 889 2641 946 εἶτα
2679 876 2889 946 ἄνωθεν
2943 889 3050 941 τῶν
3075 885 3325 941 άκατεων
3369 886 3464 940 καὶ
3504 887 3588 952 ἁγ-

2017 988 2181 1055 γείων
2225 988 2318 1040 καὶ
2362 985 2472 1040 τῶν
2506 985 2682 1049 ξύλων
2711 983 2933 1045 σανίδας
2983 977 3230 1040 δυνατῶς
3283 978 3451 1049 δήσας
3505 976 3590 1028 καὶ

2019 1081 2314 1135 σκολόπεσι
2385 1079 2630 1148 σιδηροῖς
2698 1079 2824 1148 ἦτοι
2875 1074 3169 1146 περόναις,
3236 1070 3332 1123 καὶ
3387 1069 3590 1137 γέφυρα

2017 1176 2262 1243 ἐγεγόνει
2296 1172 2499 1242 δυνατὴ
2529 1171 2624 1226 καί
2655 1189 2707 1224 τι
2731 1169 2894 1239 καλὴ,
2928 1168 3130 1238 ἔχουσα
3151 1164 3216 1217 τὸ
3259 1161 3458 1224 πλάτος
3505 1159 3632 1229 όρ-ἰ

2017 1267 2194 1334 γυίων.
2220 1267 2580 1340 πεντήκοντα,
2614 1264 2674 1316 τδ
2707 1262 2763 1316 δὲ
2802 1262 3016 1333 μάκρος
3037 1259 3262 1323 ἔκατὺν,
3310 1254 3448 1308 ὥστε
3480 1254 3589 1320 φαί-
3625 1251 3636 1299 ἐ

2020 1360 2210 1414 νεσθαι
2239 1360 2340 1428 τὴν
2389 1359 2566 1428 μέσην
2604 1359 2787 1410 πᾶσαν
2827 1354 2923 1408 τοῦ
2974 1352 3203 1422 λιμένος
3250 1348 3328 1412 ὡς
3363 1350 3416 1400 ἐν
3464 1345 3627 1431 ξηρᾷ.

2019 1453 2368 1520 περιπατεῖν.
2401 1447 2533 1504 Εἶτα
2569 1449 2664 1501 καὶ
2695 1445 2936 1500 ἔλεϐόλιν
2971 1441 3184 1500 ἄνωθεν
3209 1439 3312 1511 τῆς
3356 1435 3590 1508 γεφύρας

2021 1547 2226 1618 βαλὼν,
2285 1547 2382 1600 καὶ
2437 1547 2494 1598 αἱ
2547 1544 2803 1614 τριήρεις
2862 1539 2998 1611 ὁμοῦ
3031 1538 3173 1609 πρὸς
3221 1535 3292 1588 τὰ
3323 1533 3474 1603 τείχη
3501 1531 3588 1600 τῆε

2020 1641 2318 1704 πόλεως’ὲν
2349 1638 2582 1700 ἐκείνοις
2617 1637 2734 1699 τοῖς
2795 1634 3024 1704 μέρεσιν
3053 1631 3314 1685 ἔτυπτον.
3387 1624 3588 1684 Ἰδόντες

2019 1733 2077 1787 δὲ
2113 1732 2256 1789 αὐτὰ
2286 1735 2314 1786 ὁ
2349 1731 2605 1800 βασιλεὺς
2637 1729 2732 1783 καὶ
2759 1729 2912 1783 πᾶσα
2959 1725 2993 1795 ή
3019 1721 3183 1788 πόλις
3221 1723 3304 1783 εἰς
3358 1715 3588 1788 ταραχὴι

327 1820 419 1873 καὶ
471 1820 749 1891 μηχανὰς,
798 1818 900 1891 τὰς
949 1819 1200 1890 τριήρεις
1234 1821 1331 1872 καὶ
1361 1819 1570 1890 διήρεις
1603 1821 1660 1872 ὲὺ
1686 1819 1912 1890 εὐκολίᾳ
1944 1813 1986 1873 Β
2014 1825 2296 1896 λογισμῶν
2328 1823 2584 1896 μεγάλων
2607 1825 2866 1876 ἔνέπεσον
2895 1836 2909 1852 ·
2935 1818 3127 1873 ἐδεδίει
3155 1815 3270 1886 γάρ
3293 1813 3329 1865 ’ὁ
3352 1809 3586 1882 βασιλεὺς

329 1913 532 1966 Ξνωθεν
571 1915 630 1966 ὲν
659 1911 737 1982 τῷ
766 1910 918 1982 λόφῳ
951 1911 1127 1982 σύρας
1159 1910 1270 1966 ἔσω
1307 1913 1365 1964 ἔν
1399 1909 1477 1982 τῷ
1517 1911 1702 1982 λιμένι
1743 1927 1915 1966 κατα-

326 2007 556 2069 ϐιϐάσας
589 2005 788 2076 ἔφερεν
816 2004 1009 2068 αὑτάς.
1060 2004 1168 2058 Καὶ
1197 2000 1266 2075 ἦν
1294 2003 1355 2057 τὺ
1386 2003 1545 2074 ἔργον
1569 2003 1892 2073 θαυμαστὸν

325 2103 418 2153 καὶ
452 2098 766 2170 ναυμαχίας
798 2098 1170 2168 στρατήγημα
1201 2096 1449 2165 ἄριστον.
1501 2096 1642 2166 Ἐγὼ
1672 2098 1728 2152 δὲ
1753 2097 1904 2166 λογί-

325 2195 518 2262 ζομαι,
569 2189 977 2260 τὸν,Καίσαρα
1045 2188 1361 2256 Αῠγουστον
1412 2191 1913 2260 ἔμιμήσατο,ὄταν

326 2286 468 2353 μετὰ
512 2283 608 2337 τοῦ
649 2282 943 2338 ’Λντωνίου
995 2283 1090 2337 καὶ
1144 2282 1501 2352 Κλεοπάτρας
1547 2283 1811 2352 ἐμάχετο,
1855 2282 1914 2346 ὃς

324 2380 409 2430 διὰ
456 2377 548 2429 τὸν
607 2376 771 2429 σάλον
829 2376 927 2445 τῆς
993 2375 1274 2443 Θαλάσσης
1330 2375 1586 2438 καὶτοὺς
1634 2377 1914 2441 ἐναντίους

328 2469 569 2538 ἀνέμους
625 2467 726 2520 οὐκ
779 2466 1013 2536 ἐδυνήθη
1071 2465 1424 2537 περιοδεῦσαι
1477 2467 1760 2520 κύκλωθεν
1812 2466 1914 2532 τῆς

325 2567 497 2630 νήσου
533 2561 630 2614 τοῦ
666 2559 935 2623 Πέλοπος,
964 2561 1060 2613 καὶ
1087 2558 1257 2613 ἐλθὼν
1285 2557 1375 2611 διὰ
1411 2557 1506 2611 τοῦ
1555 2557 1773 2627 Ἰσθμοῦ
1815 2560 1913 2624 τὰς

323 2657 457 2724 νῆας
491 2656 662 2722 σύρας
696 2653 776 2735 ἔτι
825 2652 964 2721 πρὸς
1016 2650 1160 2720 έῴαν
1193 2650 1294 2720 τῆς
1340 2650 1595 2714 Ἑλλάδος
1635 2651 1915 2721 θαλάσσης

323 2750 540 2818 ταχέως
582 2749 639 2800 ὲν
669 2749 736 2818 τῇ
793 2747 949 2817 Ἀσίᾳ
973 2744 1170 2809 ὁδεύει,
1209 2744 1244 2816 ἢ
1284 2746 1379 2798 καὶ
1423 2745 1514 2799 τὸν
1535 2745 1783 2814 Νικητᾶν
1811 2764 1930 2802 πα-,

323 2843 565 2909 τρίκιον,
593 2841 723 2894 ὅταν
759 2839 855 2893 καὶ
901 2839 1068 2901 αὐτὸς
1116 2840 1182 2892 ἔκ
1206 2839 1306 2909 τῆς
1350 2837 1676 2912 Ἐλλαδικῆς
1709 2839 1914 2893 θαλάσ-

325 2949 426 3002 σης
453 2931 554 2994 τὰς
589 2930 844 3001 τριήρεις
873 2915 930 2982 ὲν
959 2931 1026 3000 τῇ
1065 2929 1259 3000 δυτικῇ
1310 2932 1566 3000 περάσας
1607 2933 1736 2994 τοὺς
1766 2931 1916 3002 Κρῆ-

321 3043 418 3088 τας
449 3027 508 3077 ἐν
539 3025 605 3094 τῇ
645 3021 882 3093 Μοθώνῃ
930 3023 1025 3075 καὶ
1053 3021 1214 3092 Πύλῳ
1236 3021 1606 3094 ἔτροπώσατο.
1757 3017 1766 3024 ’

393 3119 597 3173 Λοιπὸν
663 3120 692 3171 ὁ
737 3117 962 3187 ἀμηρᾶς
1020 3115 1119 3180 τὰς
1171 3116 1428 3190 τριήρεις
1489 3117 1665 3188 φέρας
1693 3117 1753 3180 ὲν
1810 3119 1914 3189 μιᾷ

323 3211 502 3278 νυκτὶ,
531 3212 591 3265 ὲν
616 3209 779 3280 252
811 3209 886 3276 τῷ
917 3208 1096 3280 λιμένι
1133 3207 1211 3280 τῷ
1242 3207 1386 3278 πρωῒ
1415 3208 1751 3279 ηὑρέθησαν.
1781 3204 1912 3262 Εἶτα

324 3393 632 3456 concussis,
667 3390 834 3446 fossis
865 3388 1132 3459 impletis,
1182 3388 1331 3443 illico
1382 3403 1446 3444 ea
1485 3389 1785 3446 instaurata
1829 3392 1914 3446 in-

328 3487 496 3552 venit,
534 3493 590 3539 et
618 3493 841 3538 centum
883 3481 1373 3552 etquinquaginta
1429 3481 1708 3552 triremes,
1766 3484 1914 3539 bire-

327 3596 463 3644 mes,
533 3577 814 3633 unircmes
863 3588 1058 3644 capere
1081 3588 1193 3628 non
1248 3573 1636 3645 potuisseillas
1663 3585 1906 3646 quatuor

331 3685 524 3734 naves,
553 3667 644 3723 sed
693 3674 901 3721 tantam
956 3665 1024 3718 ab
1056 3663 1124 3720 iis
1179 3664 1390 3720 cladem
1440 3679 1730 3736 perpessas
1793 3683 1914 3723 esse

334 3765 671 3821 considerat.
704 3759 898 3816 Trahit
925 3775 991 3815 ex
1019 3759 1130 3814 imo
1173 3768 1396 3830 pectore
1419 3760 1702 3830 gemitum,
1738 3769 1793 3816 et
1821 3760 1910 3816 fu-

329 3869 440 3913 mat
468 3873 563 3912 ore
587 3898 602 3924 ,
638 3871 704 3912 ac
731 3853 1122 3919 meditabatur,
1148 3853 1283 3924 quid
1339 3853 1482 3910 facto
1528 3868 1670 3924 opus
1738 3862 1907 3918 esset,

328 3961 379 4005 ut
412 3951 602 4006 urbem
637 3947 862 4018 gravius
899 3957 1121 4017 urgeret
1143 3954 1198 4001 et
1255 3955 1534 4017 premeret
1563 3960 1628 4000 ac
1678 3955 1822 4001 terra
1857 3954 1912 4000 et

328 4044 464 4098 mari
496 4042 800 4097 obsideret.
829 4038 1016 4095 Talem
1053 4041 1220 4112 igitur
1256 4040 1526 4100 rationem
1555 4041 1908 4112 excogitavit,

325 4152 431 4204 qua
466 4143 679 4205 partem
716 4133 920 4189 classis
974 4132 1029 4188 in
1090 4141 1309 4203 portum
1367 4133 1644 4202 trajiceret
1681 4151 1696 4188 :
1740 4150 1907 4204 quam

329 4230 590 4284 rationem
649 4227 835 4283 statim
898 4225 1040 4281 facto
1071 4226 1347 4294 probavit.
1395 4225 1442 4280 A
1500 4239 1654 4297 tergo
1703 4225 1910 4294 Galatae

325 4337 478 4378 :rans
505 4322 700 4376 collem
734 4321 881 4373 viam
911 4327 1118 4373 rectam
1145 4318 1210 4372 ad
1242 4329 1462 4388 portum
1516 4335 1690 4389 usque
1747 4321 1912 4390 perti-

328 4427 545 4470 nenlcm
586 4413 737 4476 facit,
789 4419 1070 4480 totamque
1096 4411 1318 4467 assibus
1346 4411 1708 4481 trabibusque
1763 4422 1908 4467 ster-

2015 1920 2104 1975 διὰ
2140 1921 2238 1989 τὴν
2281 1919 2574 1987 ὀλιγότητα
2599 1915 2782 1988 ἡμῶν.
2839 1913 2954 1967 Καὶ
3014 1909 3219 1980 βουλῆς
3277 1902 3584 1974 γενομένης,

2017 2015 2105 2070 ἵνα
2134 2013 2183 2067 οἱ
2215 2011 2516 2082 στρατηγοὶ
2541 2011 2638 2062 καὶ
2667 2009 2719 2061 οἱ
2744 2001 3018 2077 δήμαρχοι
3041 2003 3142 2057 καὶ
3190 2001 3242 2054 οἱ
3271 1999 3456 2069 ἔτεροι
3481 1996 3586 2065 ἄρι-

2018 2124 2135 2160 στοι
2166 2105 2362 2176 ἄνδρες
2405 2102 2599 2156 Ἰταλοί
2627 2117 2686 2154 τε
2744 2099 2845 2153 καὶ
2885 2098 3169 2167 Ῥωμαῖοι,
3237 2092 3409 2161 ὀλίγοι
3459 2089 3586 2140 πάνυ

2015 2200 2358 2270 εὑρεθέντες,
2393 2199 2531 2252 ὅπου
2579 2196 2624 2249 δ’
2681 2193 2748 2248 ἂν
2777 2193 2974 2247 νεωστὶ
3032 2184 3478 2259 προσταχθῶσιν,
3539 2180 3586 2232 ἐν

2017 2290 2250 2352 ἐκείνοις
2288 2273 2404 2351 τοῖς
2440 2287 2630 2350 τόποις
2682 2285 2915 2348 ἔκαστος
2971 2279 3154 2336 αὐτῶν
3218 2275 3430 2346 ἀπέλθῃ
3475 2274 3585 2334 τοὺς

2012 2385 2235 2454 τείχους
2287 2382 2584 2451 φυλάττειν
2632 2379 2728 2433 καὶ
2764 2379 2880 2441 τοῖς
2910 2374 3127 2446 ἐχθροῖς
3172 2365 3584 2440 ἁντιμάχεσθαι.

2018 2479 2126 2532 Καὶ
2151 2477 2370 2548 πρῶτον
2404 2491 2504 2546 μεν
2530 2471 2610 2544 τῷ
2649 2472 2748 2540 τῆς
2787 2468 3035 2530 Ἐνετίας
3085 2465 3315 2537 μπαῖλῳ
3359 2457 3586 2530 Ἱερωνύ-

2021 2589 2106 2641 μῳ
2132 2571 2367 2640 Μηνότῳ
2406 2563 2814 2637 ἔνεμπιστεύθη
2839 2561 3138 2632 φυλάττειν
3169 2557 3266 2612 καὶ
3301 2551 3586 2620 οἰκονομεῖν

2018 2663 2084 2716 τὰ
2123 2663 2404 2731 ἀνάκτορα
2427 2659 2524 2712 καὶ
2562 2655 2845 2712 πάντα-τὰ
2877 2655 3057 2708 ἐκεῖσε
3091 2666 3107 2682 ·
3142 2651 3224 2721 τῷ
3251 2649 3310 2702 δὲ
3347 2645 3455 2699 τῶν
3481 2645 3584 2695 Κα-

2017 2755 2265 2810 ταλάνων
2311 2751 2584 2820 κονσούλῳ
2611 2751 2807 2820 Πέτρῳ
2836 2747 2998 2818 253
3023 2744 3306 2814 Γουλιόινῳ
3325 2741 3481 2810 ἐδόθη
3509 2739 3584 2791 ἵνα

2019 2848 2271 2919 φυλάττῃ
2299 2847 2356 2899 ἔν
2394 2846 2506 2908 τοῖς
2533 2845 2725 2914 μέρεσι
2759 2842 2857 2896 τοῦ
2894 2839 3295 2903 Βουκολέοντος
3336 2835 3432 2893 καὶ
3469 2835 3582 2902 ἄχρι

2017 2941 2183 3008 ἔγγὺς
2217 2937 2313 2991 τοῦ
2346 2935 2774 2999 Κοντοσκαλίου,
2803 2932 2881 3004 τῷ
2903 2933 2963 2986 δὲ
3000 2931 3253 3002 Ἰακώϐῳ
3286 2926 3581 3000 Κονταρίνῳ

2018 3033 2108 3087 ἵνα
2138 3029 2385 3100 φυλάττῃ
2413 3026 2482 3081 τὰ
2521 3027 2667 3098 μέρη
2698 3025 2808 3079 τῶν
2837 3024 3038 3095 τειχῶν
3059 3025 3156 3077 τοῦ
3183 3022 3385 3090 ἔξωθεν
3436 3018 3580 3088 λιμέ-

2016 3141 2102 3186 νος
2135 3123 2230 3176 καὶ
2264 3120 2369 3183 ἔως
2399 3120 2569 3188 ἔγγὺς
2598 3117 2711 3172 τῶν
2748 3115 3117 3186 Ὑψωμαθίων
3153 3116 3270 3186 (καὶ
3299 3115 3357 3168 οὺ
3393 3113 3579 3166 διέλιπε

1965 3201 1985 3218 δ
2018 3219 2192 3271 ποιεῖν
2218 3215 2286 3269 τὰ
2321 3214 2424 3267 ὅσα
2450 3212 2629 3279 ἔξεστι
2664 3207 3048 3281 στρατιώταις,
3081 3211 3181 3262 καὶ
3228 3207 3464 3280 μάλιστα
3482 3206 3579 3265 τοῖς

2015 3406 2235 3470 postero
2269 3377 2430 3450 mane
2461 3395 2516 3451 in
2550 3403 2711 3464 portu
2745 3394 2977 3449 inventa:
3005 3401 3166 3453 sunt.
3209 3393 3414 3450 Deinde
3458 3403 3578 3461 pon-

2015 3501 2124 3545 tem
2158 3490 2261 3544 hoc
2281 3488 2443 3542 modo
2476 3487 2770 3541 exstruxit.
2803 3486 3013 3554 Acatia,
3059 3487 3170 3540 alia
3223 3486 3399 3553 lignea
3459 3495 3576 3534 vasa

2015 3583 2219 3651 ampla,
2256 3580 2377 3635 dola
2409 3593 2610 3649 magno
2641 3593 2876 3634 numero
2938 3578 3275 3648 comportari
3318 3575 3505 3648 jussit,
3531 3581 3578 3626 et

2013 3676 2178 3746 lignis
2205 3674 2386 3744 longis
2417 3673 2532 3728 sive
2561 3671 2835 3738 trabibus,
2864 3670 3218 3727 ferramentis
3248 3681 3302 3726 et
3339 3668 3573 3729 funibus,

2015 3770 2249 3824 firmiter
2300 3777 2356 3824 et
2404 3776 2554 3824 arcte
2600 3767 2908 3838 constringi
2944 3778 2999 3822 et
3031 3767 3309 3838 colligari,
3344 3781 3408 3819 ne
3455 3776 3576 3830 opus

2012 3863 2274 3919 fluctibus
2299 3861 2468 3917 maris
2499 3860 2872 3929 disjiceretur.
2901 3859 3111 3916 Deinde
3175 3873 3343 3930 super
3389 3854 3572 3914 acatia,

2011 3969 2168 4020 vasa,
2195 3954 2379 4009 trabes
2408 3953 2624 4008 assibti's
2643 3967 2740 4023 per
2769 3952 2958 4008 clavos
2977 3953 3187 4008 ferreos
3231 3953 3350 4008 sive
3396 3947 3573 4004 ﬁbulas

2009 4051 2187 4108 valide
2218 4049 2415 4114 aﬂixis,
2473 4064 2614 4117 pons
2680 4048 2874 4103 firmus
2921 4057 2976 4102 et
3003 4049 3235 4117 pulcher
3288 4047 3570 4102 faetttsest,

2010 4142 2298 4197 latitudine
2322 4141 2742 4212 quinquaginta,
2767 4139 3105 4210 longitudine
3122 4150 3344 4196 centum
3369 4137 3572 4209 pedum.

2015 4238 2071 4283 ut
2119 4243 2215 4298 per
2258 4235 2436 4283 totum
2475 4229 2710 4284 medium
2763 4237 2981 4297 pontem
3031 4238 3294 4300 tanquam
3329 4229 3384 4283 in
3427 4227 3570 4281 sicco

2009 4319 2280 4374 ambulari
2313 4317 2666 4389 posset.Tum
2696 4319 2930 4390 helepoli
2964 4321 3116 4389 ponti
3159 4319 3407 4390 imposita
3429 4317 3570 4369 trire-

2010 4413 2301 4483 mibusquc
2330 4412 2498 4468 simul
2531 4412 2598 4468 ad
2636 4413 2825 4468 urbem
2849 4413 3109 4479 admotis,
3135 4416 3410 4470 mmniaea
3431 4417 3568 4478 parte

329 4513 429 4574 nil,
478 4507 637 4576 adipe
683 4504 848 4559 boum
906 4512 961 4558 et
1018 4517 1304 4558 vervecum
1357 4505 1662 4575 perunctis.
1724 4503 1908 4560 Multis
1937 4513 2301 4576 Dpercntere
2325 4518 2638 4575 coeperunt.
2669 4506 2793 4566 llaec
2815 4523 2936 4562 cum
2972 4508 3352 4578 conspicerent
3416 4505 3568 4570 impe-

329 4601 552 4667 insuper
582 4596 704 4652 aliis
737 4597 1120 4650 instrumentis
1140 4596 1522 4666 machinisque
1539 4596 1676 4652 varii
1699 4597 1912 4666 generis

328 4691 682 4755 constructis,
709 4691 971 4744 triremes
1023 4697 1077 4744 et
1119 4689 1380 4753 biremes,
1444 4689 1593 4744 facili
1623 4705 1813 4760 .0pera
1857 4690 1908 4743 in

329 4786 514 4840 collem
539 4783 859 4848 subvectas,
890 4783 942 4836 in
968 4792 1184 4851 portum
1209 4781 1456 4836 deducit.
1482 4784 1616 4838 Erat
1645 4797 1786 4852 opus
1805 4784 1910 4838 mi-

330 4877 498 4932 rabile
529 4885 581 4930 et
609 4876 891 4929 nauticum
923 4882 1258 4943 strategema
1291 4874 1601 4945 egregium.
1635 4872 1905 4944 Equidem

327 4968 603 5033 existimo,
633 4966 904 5020 imitatum
941 4980 1067 5020 cum
1097 4981 1220 5021 esse
1250 4964 1528 5022 Caesarem
1574 4964 1909 5036 Augustum.

325 5070 510 5116 contra
561 5057 858 5112 Antonium
917 5066 969 5112 et
1019 5056 1368 5128 Cleopatram
1423 5068 1779 5128 pugnantem,
1812 5061 1908 5130 qui

326 5170 454 5210 cum
506 5164 729 5224 propter
759 5152 955 5208 fluctus
981 5151 1151 5206 maris
1179 5159 1231 5206 et
1260 5160 1454 5204 ventos
1477 5151 1737 5208 adversos
1806 5155 1910 5209 Pe-

327 5245 690 5312 loponnesum
734 5240 1206 5309 circumnavigare
1247 5253 1356 5295 non
1416 5250 1619 5310 posset,
1673 5244 1906 5301 navibus

327 5345 476 5390 trans
511 5332 776 5388 lsthmnm
807 5334 862 5388 in
897 5340 1103 5403 partem
1135 5332 1450 5386 orientalem
1513 5333 1682 5389 maris
1731 5334 1906 5392 Graeci

327 5430 544 5493 tractis,
576 5427 863 5483 confestim
903 5430 955 5482 in
992 5429 1180 5482 Asiam
1207 5427 1474 5498 pervenit,
1513 5437 1608 5483 aut
1657 5429 1905 5486 Nicetam

328 5521 639 5589 patricium,
680 5520 773 5591 qui
803 5527 856 5574 et
901 5521 1073 5590 ipsec
1125 5523 1263 5576 mari
1313 5521 1502 5578 Graeco
1551 5525 1800 5579 triremes
1853 5526 1906 5580 in

329 5614 592 5668 orientale
616 5611 831 5681 trajecit
861 5619 914 5667 et
955 5612 1144 5670 Cretes
1189 5616 1254 5672 ad
1289 5615 1578 5674 Mothonen
1614 5628 1666 5674 et
1709 5616 1904 5689 Pylum

333 5706 385 5756 in
418 5705 600 5774 fugam
639 5704 817 5758 vertit.

402 5796 679 5850 'l‘riremes
711 5795 876 5864 igitur
907 5797 974 5854 ab
998 5813 1181 5856 amera
1217 5816 1319 5855 una
1382 5809 1543 5856 nocte
1579 5800 1902 5866 deportatae,

2016 4606 2165 4651 rator
2187 4607 2241 4651 et
2266 4597 2401 4654 urbs
2437 4599 2716 4665 universa,
2742 4599 3095 4657 vehementer
3122 4601 3323 4656 animis
3364 4604 3564 4667 pertur-

2014 4689 2126 4745 bati
2160 4701 2309 4746 sunt.
2366 4691 2674 4748 Sollicitum
2715 4693 2860 4747 enim
2912 4691 3300 4763 imperatorem
3357 4684 3568 4744 habebat

2015 4783 2264 4854 paucitas
2297 4778 2633 4840 nostrorum.
2675 4784 2991 4840 Convocato
3021 4784 3556 4847 concilio,decrelum

2014 4882 2123 4938 est,
2148 4885 2208 4928 ut
2231 4875 2398 4930 duces
2426 4883 2481 4930 et
2512 4875 2718 4930 tribuni
2741 4885 2794 4930 et
2827 4875 3024 4945 reliqui
3057 4875 3159 4931 viri
3205 4870 3407 4932 strenui
3463 4875 3563 4918 tum

2015 4967 2129 5021 itali
2161 4974 2277 5022 tum
2326 4966 2584 5033 Romani,
2635 4968 2891 5038 perpauci
2933 4984 3187 5033 numero,
3241 4958 3360 5034 qua
3405 4967 3560 5024 nuper

2013 5061 2295 5116 constituti
2321 5059 2578 5125 fuissent,
2631 5061 2824 5115 eadem
2875 5061 2931 5118 in
2989 5061 3108 5116 loca
3150 5073 3292 5114 nunc
3342 5051 3561 5109 redirent

2014 5154 2080 5208 ad
2111 5153 2452 5210 defendenda
2485 5154 2687 5208 moenia
2719 5153 3012 5223 hostesque
3048 5146 3455 5223 propulsandos.
3493 5137 3560 5190 Ac

2012 5245 2253 5316 primum
2313 5245 2534 5316 quidem
2584 5243 2919 5301 Venetorum
3000 5246 3168 5310 bailo,
3247 5241 3558 5304 llierony'"0

2013 5338 2252 5406 Menoto,
2297 5341 2615 5395 mandatum
2667 5349 2774 5406 est,
2840 5348 2901 5394 ut
2933 5340 3132 5409 palatia
3163 5347 3214 5394 et
3245 5348 3361 5404 quae
3397 5327 3458 5382 ad
3500 5335 3556 5374 ea

2014 5433 2357 5503 pertinerent
2403 5433 2710 5487 custodiret
2765 5442 2818 5487 et
2870 5441 3138 5486 servaret.
3201 5424 3556 5484 Catelanorum

2014 5525 2432 5594 consuli,Petro
2465 5525 2719 5589 Guliano,
2760 5541 2889 5594 pars
2934 5525 3256 5580 Bucoleonis
3305 5526 3456 5588 prope
3496 5503 3554 5559 ad

2013 5617 2420 5673 Contoscalium
2445 5633 2617 5687 usque
2643 5613 2844 5672 tuenda
2873 5618 2997 5671 data
3030 5627 3135 5672 est.
3189 5613 3383 5669 Jacobo
3426 5600 3552 5687 Cott-

2015 5707 2194 5762 tarino
2214 5709 2352 5761 muri
2381 5686 2672 5763 exterioris
2699 5720 2890 5776 portus
2905 5723 3079 5778 usque
3101 5708 3164 5762 ad
3191 5686 3547 5774 llypsomalhia

2016 5802 2296 5856 commissi
2337 5802 2530 5865 (necis
2569 5802 2807 5870 neglexit
2833 5803 3038 5868 facere,
3076 5791 3329 5870 quidquid
3351 5785 3548 5843 ιηὶΙίιθεο
