3964 6426
364 441 476 510 8-59

1397 463 1847 533 CHRONICON
1888 472 2162 535 MAIUSQ
2202 497 2271 509 ····
2312 476 2459 539 LIB.
2510 481 2626 546 lli.

3530 484 3661 549 850‘

368 557 665 671 ξείίἶενέσι)ἲ
706 561 968 671 Μξνουὴῖε
1019 568 1075 623 δὲ
1246 574 1309 627 ἐκ
1362 576 1465 647 τῆς
1505 562 1805 652 Λιγουρίας
1843 600 1950 652 φυ-
1980 589 2021 643 Α
2052 585 2108 638 δὲ
2138 585 2216 655 τῷ
2247 586 2309 642 ἐκ
2345 590 2658 659 Καρύστου,
2691 593 2848 665 ἀνδρὶ
2872 596 3171 669 πολεμιστῇ
3204 598 3298 653 καὶ
3322 599 3634 671 δραστηρίῳ

363 652 580 708 λάττειν
608 656 677 708 τὰ
713 656 857 730 μέρη
892 661 995 731 τῆς
1045 664 1221 737 πύλης
1260 670 1359 740 τῆς
1395 671 1699 745 λεγομένης
1722 672 1947 748 Χρυσῆς

368 747 508 843 μετὰ
528 750 825 815 διακοσίων
844 755 1054 828 ἀνδρῶν
1075 761 1308 829 τοξότων
1328 782 1385 818 τε
1410 768 1500 820 καὶ
1526 769 1946 843 μπαλαιστρῶνο

364 835 515 910 εἶχον
570 846 683 916 γάρ
736 848 796 900 ἐν
847 848 1048 922 ἐκείνῳ
1075 852 1153 924 τῷ
1188 858 1345 928 μέρει
1376 835 1628 916 ἑλέπολιν
1671 835 1947 933 ἐναντίαν,

364 932 463 986 καὶ
490 934 664 1009 αὐτὴν
718 941 859 1009 μετὰ
893 944 1176 1013 βουϐάλων
1200 950 1296 1005 καὶ⁸
1337 951 1477 1022 βοῶν
1511 955 1686 1025 δορῶν
1733 932 1949 1012 ἐνδεδυέ

368 1025 563 1120 μένην,
592 1031 780 1086 καὶτὰ
804 1034 960 1106 τείχη
997 1039 1138 1108 μετὰ
1173 1044 1436 1110 μηχανῶν
1458 1044 1712 1103 ἔτυπτον.
1753 1049 1952 1120 Παύλῳ

368 1119 470 1188 μὲν
521 1123 619 1176 καὶ
662 1123 940 1199 Ἀντωνίῳ
1000 1132 1097 1185 καὶ
1137 1131 1371 1206 Τρωίλῳ
1423 1143 1536 1202 τοῖς
1598 1119 1952 1211 αὐταδέλφοις

364 1213 709 1289 ἐμπιστεύθη
739 1219 826 1274 ἵνα
855 1223 1173 1291 φυλάττωσι
1206 1229 1270 1282 τὸ
1300 1231 1670 1305 Μυρίανδρον,
1699 1236 1834 1290 ὅπου
1859 1239 1954 1292 καὶ

364 1305 424 1358 ἐν
445 1306 682 1375 ἐκείνοις
715 1314 829 1378 τοῖς
858 1314 1083 1387 μέρεσιν
1121 1321 1154 1388 ἡ
1192 1321 1347 1387 πόλις
1371 1319 1441 1396 ἦν
1467 1327 1828 1394 ἐπικίνδυνος,
1859 1333 1952 1384 καί¹

365 1398 560 1492 νυκτὸς
587 1403 684 1455 καὶ
710 1403 930 1475 ἡμέρας
956 1409 1116 1474 πεζοί
1141 1429 1200 1465 τε
1219 1414 1315 1467 καὶ
1340 1412 1568 1470 ἱππόται
1593 1419 1691 1472 τοῦ
1713 1420 1954 1492 πλήθους

367 1490 478 1545 τῶν
506 1492 772 1565 Τούρκων
811 1498 1087 1570 ἐμάχοντο
1115 1505 1385 1571 γενναίως
1421 1506 1515 1560 καὶ
1544 1490 1835 1580 ἀνδρείως,
1860 1513 1954 1565 καὶ

367 1581 634 1650 πολλάκις
678 1589 773 1642 καὶ
825 1592 894 1645 τὰ
950 1594 1106 1664 τείχη
1162 1595 1503 1666 χαλάσαντες
1556 1603 1651 1656 καὶ
1707 1603 1956 1668 θέλοντες

366 1677 629 1733 εἰσελθεῖν
659 1682 845 1746 κακῶς
874 1684 1315 1758 ἁπεδιώχθησαν,
1358 1693 1452 1744 καὶ
1495 1692 1656 1761 φόνον
1706 1696 1788 1758 είς
1857 1698 1954 1748 αὑ-

366 1767 494 1831 τοὺς
516 1768 616 1823 οὐκ
644 1770 824 1840 ὀλίγον
864 1775 1106 1842 ἐποίουν,
1160 1777 1254 1831 καὶ
1297 1778 1462 1851 μέρος
1489 1780 1590 1851 μὲν
1615 1783 1727 1836 τῶν
1755 1782 1954 1854 κλιμά-

366 1875 480 1912 κων
506 1860 687 1925 αὐτῶν
716 1864 935 1936 ἔσυρον,
972 1868 1138 1939 μέρος
1157 1869 1214 1924 δέ
1246 1870 1493 1941 ἐθλαξον,
1526 1874 1621 1928 καὶ
1642 1874 1710 1928 τὰ
1734 1875 1842 1929 τῶν
1860 1878 1950 1930 άν-

365 1951 509 2022 δρῶν
548 1950 688 2010 ἆθλα
711 1959 805 2012 καὶ
829 1961 967 2032 γέρα
1016 1964 1239 2033 μνήμης
1271 1967 1491 2021 αἰωνίου
1525 1969 1769 2040 ὑπῆρχον
1799 1969 1947 2034 ἄξια.

367 2048 611 2121 Θεοφίλῳ
665 2052 721 2106 δὲ
748 2052 828 2123 τῷ
882 2054 1255 2130 Παλαιολόγῳ,
1299 2060 1453 2131 ἀνδρὶ
1483 2062 1734 2134 ἐμπείρῳ
1769 2064 1953 2135 πάσης

367 2148 770 2217 γραμματικῆς
799 2151 1190 2220 πραγματείας
1213 2153 1310 2207 καὶ
1338 2156 1435 2227 τῆς
1469 2155 1797 2228 Ἑλληνικῆς
1828 2176 1954 2213 παι-

365 2233 511 2298 δείας
549 2237 644 2290 καὶ
678 2238 1072 2312 μαθηματικῆς
1117 2246 1197 2305 είς
1235 2246 1405 2318 ἄκρον
1436 2250 1783 2321 γευσαμένῳ,
1838 2253 1951 2305 ἐνε-

367 2328 633 2400 πιστεύθη
675 2331 963 2400 φυλάττειν
993 2336 1137 2391 κατὰ
1175 2337 1242 2392 τὰ
1272 2339 1412 2410 μέρη
1469 2338 1572 2409 τῆς
1610 2341 1787 2416 πύλης
1854 2345 1955 2414 τῆς

367 2419 668 2490 λεγομένης
705 2424 1034 2495 Σηλυϐρίας.
1079 2422 1170 2498 Τῷ
1225 2428 1285 2483 δὲ
1349 2431 1572 2505 Ἰωάννῃ
1608 2433 1687 2504 τῷ
1731 2433 1957 2488 Ἰουστι-

370 2512 536 2584 νιανῷ
563 2514 641 2586 τῷ
679 2515 843 2570 αὐτοῦ
872 2519 1164 2593 στρατηγῷ
1380 2524 1472 2576 καὶ
1503 2526 1583 2589 εἰς
1605 2526 1786 2579 πάντα
1803 2526 1954 2598 καλῷ

369 2605 463 2657 καὶ
493 2608 807 2677 ἐπιτηδείῳ,
854 2613 992 2681 πρδς
1023 2612 1082 2666 ὃν
1122 2614 1268 2669 καὶὸ
1297 2613 1553 2693 βασιλεὺς
1597 2618 1767 2673 πολλὰ
1823 2619 1953 2693 θαρ-

372 2696 485 2764 ρῶν
505 2693 575 2768 ἦν
605 2698 693 2753 διὰ
720 2700 821 2771 τὴν
848 2703 1207 2775 γενναιότητα
1229 2707 1322 2760 καὶ
1345 2690 1569 2778 ἀνδρίαν
1620 2713 1715 2765 καὶ
1745 2690 1957 2784 τόλμην

370 2786 556 2850 αὑτοῦ,
620 2790 774 2856 ἐδόοη
842 2794 931 2848 ἵνα
981 2796 1121 2864 μετὰ
1163 2801 1537 2868 τετρακοσίων
1599 2805 1954 2874 στρατιωτῶν

383 2875 603 2933 Ἰταλῶν
624 2899 683 2935 τε
713 2883 810 2937 καὶ
845 2885 1132 2958 Ῥωμαίων
1184 2891 1426 2965 φυλάττῃ
1484 2895 1542 2947 ἐν
1591 2898 1705 2958 τοῖς
1759 2896 1953 2968 μέρεσι

373 2972 473 3063 τῆς
524 2973 700 3044 πύλης
734 2977 828 3032 τοῦ
863 2980 1019 3050 ἁγίου
1056 2981 1362 3056 Ῥωμανοῦ,
1419 2987 1554 3043 ὅπου
1613 2992 1663 3045 οἱ
1714 2992 1951 3063 Τοῦρκοι

376 3062 561 3119 πλεῖον
591 3066 702 3119 τῶν
733 3069 908 3126 ἄλλων
940 3074 1122 3145 μερῶν
1148 3078 1429 3149 ἐμάχοντο
1475 3099 1489 3113 ο
1513 3082 1608 3136 καὶ
1632 3082 1733 3154 τὴν
1759 3062 1951 3139 mea-

375 3154 458 3210 λιν
482 3159 581 3231 τὴν
608 3161 853 3234 μεγάλην
875 3165 969 3219 καὶ
994 3167 1094 3236 τὴν
1138 3169 1379 3227 ἐλεσόλιν
1434 3174 1494 3228 ἐν
1554 3175 1786 3240 ἐκείνοις
1840 3179 1952 3241 τοῖς

377 3249 606 3348 μέρεσιν
626 3253 866 3326 ἔστησαν
894 3256 981 3314 διὰ
1018 3260 1079 3315 τὸ
1112 3256 1253 3317 εἶναι
1300 3265 1392 3321 τὸν
1438 3248 1605 3322 τδπον
1645 3267 1951 3339 ἐπιτήδειον
1979 3287 2022 3348 c

373 3345 510 3417 πρδς
538 3348 599 3401 τὸ
628 3350 934 3422 πολιορκεῖν
957 3355 1023 3411 τὰ
1051 3355 1206 3429 τείχη
1234 3359 1329 3413 κοιλ¹
1357 3358 1456 3431 τῆν
1488 3362 1642 3416 πόλιν
1670 3365 1764 3417 καὶ
1785 3364 1873 3418 διὰ
1898 3365 1958 3418 τὸ

373 3435 512 3492 εἶναι
534 3441 625 3495 καὶ
640 3442 730 3496 τὸν
749 3445 973 3517 άμηρᾶν
992 3448 1255 3513 ἁντικοὺς
1271 3451 1676 3523 ἐσκηνωμένον.
1694 3454 1960 3528 Θεοδώρῳ

260 3680 275 3689 ,
374 3631 636 3679 strenuos
666 3629 996 3694 praesertim.
1028 3630 1212 3687 facere
1247 3635 1452 3705 decet).
1481 3635 1721 3693 Manueli
1767 3637 1958 3710 Liguri

372 3724 530 3783 porta
562 3730 728 3771 aurea
749 3731 871 3786 quae
902 3718 1110 3789 dicitur
1132 3737 1257 3778 cum
1287 3727 1598 3798 sagittariis
1626 3737 1681 3784 et
1713 3728 1960 3785 fundito-

364 3808 529 3863 ribus
565 3809 818 3867 ducentis
840 3813 1201 3871 custodienda
1227 3820 1424 3875 tradita
1479 3830 1584 3877 est.
1635 3822 1769 3878 Erat
1809 3824 1957 3878 cnim

375 3900 504 3954 huic
575 3903 716 3972 parti
750 3907 995 3975 Opposita
1021 3903 1315 3980 helepolis,
1360 3920 1414 3968 et
1459 3912 1580 3984 ipsa
1629 3913 1955 3970 bubalorum

373 3993 653 4063 boumque
711 3996 948 4064 pellibus
993 3997 1210 4065 induta,
1244 4014 1311 4058 ac
1365 4005 1507 4059 muri
1564 4005 1960 4076 quatiebantur

373 4088 670 4143 machinis.
726 4088 953 4157 Paulus,
1017 4091 1297 4152 Antonius
1346 4106 1401 4154 et
1467 4098 1714 4165 Troilus,
1757 4098 1959 4156 fratres

376 4180 648 4249 germani,
696 4178 1011 4255 Myriandro
1050 4187 1298 4257 praefecti
1353 4197 1505 4256 sunt,
1556 4192 1819 4262 quoniam
1882 4194 1957 4249 ibi

375 4288 595 4345 quoque
627 4277 758 4332 urbs
799 4277 1021 4347 gravius
1047 4278 1336 4337 laborabat
1356 4293 1412 4339 et
1437 4283 1525 4340 die
1553 4295 1832 4358 noctuque
1887 4288 1959 4344 de

377 4365 678 4426 Torcarum
702 4373 940 4429 exercitu
963 4373 1173 4442 pedites
1227 4385 1284 4431 et
1344 4377 1560 4447 equites
1617 4386 1843 4436 strenue
1895 4396 1961 4436 ac

377 4454 592 4512 fortiter
616 4463 951 4532 pugnabant,
986 4462 1229 4533 adeoque
1263 4479 1428 4534 srepe,
1485 4468 1765 4527 moenibus
1827 4485 1963 4527 con-

377 4554 577 4620 οιιεείε,
613 4555 666 4608 in
696 4556 886 4611 urbem
928 4568 1215 4627 penetrare
1234 4562 1556 4619 nitebantur
1585 4578 1760 4633 :quos
1778 4572 1958 4620 tamen

2056 678 2150 732 καὶ
2183 679 2375 756 τοξότῃ
2411 684 2714 763 ἠσκημένῳ
2745 686 2886 758 ὑπὲρ
2915 688 3350 759 ἄνθρωπον,--καὶ
3408 691 3630 764 Ἰωάννῃ

2053 765 2337 838 Γερμανῷ,
2375 772 2530 842 ἀνδρὶ
2559 773 2654 836 τὰς
2705 776 2798 828 τοῦ
2847 777 3388 851 πολέμου›μηχανὰς
3455 784 3632 843 mhi;

2053 859 2239 928 εἰδότι,
2294 862 2450 933 ἐδόθη
2488 863 2577 918 ἵνα
2616 867 2959 934 φυλάττωσιν
2992 871 3049 922 ἐν
3097 874 3213 934 cui;
3271 873 3462 942 μέρεσι
3521 877 3631 934 τοῖς

2054 953 2445 1024 Καλυγαρίοις.
2520 957 2578 1010 '0
2625 958 2681 1012 δὲ
2717 960 3040 1031 Ἱερώνυμος
3099 964 3195 1017 καὶ
3257 965 3550 1035 Λεονάρδος
3582 967 3631 1018 οἱ

2056 1042 2379 1114 Λιγουρῖται
2413 1047 2501 1100 ἵνα
2530 1047 2872 1117 φυλάττωσιν
2907 1051 2966 1105 ἐν
3000 1051 3113 1116 τοῖς
3164 1054 3360 1123 μέρεσι
3399 1058 3496 1122 τῆς
3531 1055 3633 1106 πύ-

2055 1133 2152 1204 λης
2184 1134 2284 1204 τῆς
2312 1135 2612 1208 λεγομένης
2635 1138 2875 1211 ξυλίνης.
2903 1142 2995 1213 Τῷ
3031 1144 3088 1196 δὲ
3126 1144 3425 1216 καρδινάλῃ
3470 1145 3637 1217 Ῥωσ-

2058 1229 2180 1290 σίας
2208 1227 2365 1298 ἐδόθη
2394 1229 2485 1283 ἵνα
2510 1231 2756 1303 φυλάττῃ
2786 1233 2845 1287 ὲν
2867 1235 2983 1298 τοῖς
3014 1235 3211 1305 μέρεσι
3264 1232 3358 1289 τοῦ
3386 1237 3639 1303 Κυνηγε-

2058 1319 2174 1372 σίου
2240 1320 2336 1372 καὶ
2381 1320 2488 1385 ἕως
2528 1322 2624 1376 τοῦ
2666 1325 2824 1393 ἁγίου
2874 1327 3211 1397 Δημητρίου.
3255 1326 3315 1382 '0
3370 1326 3429 1381 δὲ
3462 1327 3638 1396 μέγας

2056 1411 2181 1477 δοὺξ
2207 1410 2423 1477 Λουκᾶς
2466 1416 2494 1468 ὁ
2524 1415 2781 1487 Νοταρᾶς
2807 1417 2895 1472 ἵνα
2929 1420 3174 1490 φυλάττῃ
3204 1421 3261 1472 ἐν
3297 1420 3409 1483 τοῖς
3445 1419 3638 1489 μέρεσι

2056 1501 2155 1556 τοῦ
2190 1504 2422 1574 Πετρίου
2449 1507 2543 1560 καὶ
2571 1506 2677 1570 ἕως
2722 1510 2821 1581 τῆς
2882 1510 3050 1579 πύλης
3102 1512 3205 1581 τῆς
3239 1511 3399 1580 ἁγίας
3450 1511 3641 1564 Θεοδω-

2060 1593 2201 1657 σίας.
2251 1594 2339 1648 Ἐν
2367 1595 2423 1649 δέ
2448 1598 2559 1661 τοϊς
2587 1598 2781 1669 μέρεσι
2813 1600 2915 1670 τῆς
2953 1601 3131 1671 πύλης
3186 1602 3286 1671 τῆς
3336 1602 3641 1672 λεγομένης

2057 1683 2268 1754 ὡραίας
2294 1686 2584 1753 φυλάττειν
2615 1687 2936 1759 ὡρίσθησαν
2965 1692 3015 1744 οἱ
3044 1691 3239 1745 ναῦται
3266 1693 3360 1746 καὶ
3404 1693 3454 1744 οί
3507 1693 3641 1745 ναύ-

2057 1777 2249 1847 κληροι
2273 1779 2367 1832 καὶ
2396 1779 2752 1851 κυϐερνῆται,
2789 1781 2888 1848 οὓς
2941 1779 3148 1855 εἶχενη
3183 1782 3315 1848 ναῦς
3345 1785 3381 1861 η
3438 1785 3502 1837 ἐκ
3540 1785 3639 1855 τῆς

2058 1870 2309 1942 Κρήτης·
3064 1874 3068 1878 ’

2120 2045 2183 2103 δ’.
2222 2049 2313 2122 Τῷ
2355 2051 2412 2104 δὲ
2465 2052 2707 2124 Γαϐριὴλ
2768 2054 3082 2126 Τριϐιζάνῳ
3134 2053 3659 2132 τῷπῷνηἙνετῶν-

2055 2141 2330 2210 τριήρεων
2364 2144 2682 2214 καπετανίῳ
2711 2147 2851 2214 μετά
2881 2146 2978 2199 καὶ
3013 2145 3217 2216 ἐτέρων
3263 2146 3477 2216 ἀνδρῶν
3509 2162 3643 2198 πεν-

2057 2231 2298 2301 τήκοντα
2332 2233 2489 2304 ἐδόθη
2519 2235 2811 2304 φυλάττειν
2855 2235 3017 2307 255
3047 2237 3138 2291 τὸν
3189 2238 3400 2307 πύργον
3443 2237 3535 2290 τδν
3586 2239 3644 2290 ὲν

2059 2322 2210 2391 μέσῳ
2241 2322 2335 2376 τοῦ
2368 2325 2661 2397 ῥεύματος,
2691 2329 2782 2381 τὸν
2818 2329 3159 2398 φυλάσσοντα
3185 2328 3283 2400 τὴν
3310 2329 3516 2384 εἴσοδον
3543 2328 3643 2383 τοῦ

2056 2410 2293 2482 λιμένος,
2325 2416 2421 2469 καὶ
2447 2411 2515 2489 ἦν
2537 2418 2802 2488 ἀντικρὺς
2837 2419 2937 2488 τῆς
2963 2420 3141 2490 πύλης
3167 2421 3264 2490 τῆς
3296 2420 3586 2491 βασιλικῆς
3625 2437 3640 2449 ·

2057 2504 2151 2557 καὶ
2175 2506 2237 2557 τὸ
2274 2506 2639 2576 ἐμπιστευθὲν
2667 2509 2817 2580 αὐτῷ
2845 2509 3011 2581 μέρος
3066 2513 3141 2575 ὡς
3184 2512 3390 2582 ποιμὴν
3450 2512 3545 2564 καὶ
3581 2512 3653 2564 οὺ.

2060 2597 2333 2666 μισθωτὸς
2355 2600 2536 2664 καλῶς
2562 2601 2851 2672 ἐφύλαττε.
2880 2603 2971 2674 Τῷ
3008 2603 3067 2658 δὲ
3126 2604 3397 2675 ’Λντωνίῳ
3432 2608 3505 2672 τῷ
3544 2622 3645 2658 και

2057 2690 2301 2761 πετανίῳ
2329 2690 2439 2745 τῶν
2471 2693 2792 2764 ἐμπορικῶν
2819 2695 3096 2767 τριήρεων
3153 2695 3308 2765 ἐδόθη
3348 2696 3659 2765 φυλάττειν.

2054 2784 2155 2845 τὰς
2192 2784 2442 2855 τριήρεις
2465 2786 2631 2840 αὑτοῦ
2661 2788 2755 2840 καὶ
2780 2786 2879 2850 τὰς
2902 2789 3037 2857 νῆας
3078 2788 3175 2850 τὰς
3197 2788 3347 2852 ἐντὸς
3371 2790 3469 2857 τῆς
3511 2790 3646 2842 ἀλύω

2058 2894 2219 2945 σεως,
2287 2879 2364 2943 ὡς
2403 2880 2619 2951 εἴρηται
2645 2896 2662 2912 ο
2713 2881 2768 2934 αἱ
2801 2879 2855 2933 δέ
2899 2880 3027 2949 νῆες
3073 2883 3283 2936 ἐκεῖναι
3307 2883 3394 2936 διὰ
3422 2883 3477 2935 τὲ
3505 2879 3651 2937 εἶναι

2056 2971 2227 3035 αὐτὰς
2258 2970 2443 3034 καλῶς
2475 2972 2885 3043 ἡτοιμασμένοις
2910 2974 2989 3037 είς
3018 2974 3329 3043 παράταξιν
3380 2975 3655 3044 πολέμου,

2057 3066 2104 3118 οἱ
2132 3064 2283 3128 ὄντες
2309 3064 2512 3117 ἔσωθεν
2542 3063 2683 3132 μετὰ
2705 3065 3025 3135 σαλπίγγων
3068 3067 3163 3121 καὶ
3198 3067 3497 3136 τυμπάνων
3550 3070 3648 3121 καὶ

2057 3155 2251 3224 φωνῶν
2278 3156 2667 3228 ἀναριθμήτων
2696 3157 2794 3221 τὰς
2820 3159 2929 3212 τῶν
2962 3157 3223 3228 Τούρκων
3248 3161 3498 3231 τριήρεις
3544 3161 3646 3213 καὶ

2055 3248 2189 3319 νῆις
2222 3249 2301 3312 είς
2330 3249 2513 3321 μάχην
2556 3250 2805 3314 ἐκάλουν,
2837 3250 2931 3304 καὶ
2957 3251 3347 3322 ιίικροόολισμολ⁸
3394 3254 3454 3306 οὗ
3483 3252 3652 3306 διέλι-

2065 3359 2167 3396 πον
2193 3342 2466 3413 ἀναμέσον
2506 3342 2685 3397 αὐτῶν
2725 3343 2857 3398 καθ’
2917 3343 3158 3414 ἑκάστην
3201 3344 3412 3416 ἡμέραν
3439 3363 3455 3378 ο
3501 3346 3643 3415 πλὴν

2063 3435 2125 3489 οὐ
2159 3436 2372 3490 τελείαν
2400 3436 2721 3507 συμπλοκὴν
2744 3436 2985 3493 ἐποίουν.
3023 3438 3085 3494 Oi
3109 3438 3165 3493 δέ
3188 3435 3368 3511 ἕτεροι
3396 3440 3641 3509 εὐγενεῖς

2063 3619 2111 3675 is
2132 3617 2284 3673 locus
2313 3617 2382 3672 ad
2412 3616 2781 3689 oppugnanda
2812 3618 3016 3673 moenia
3041 3616 3092 3670 in
3111 3618 3304 3688 primis
3323 3620 3653 3676 commodus

2022 3699 2026 3703 ’
2060 3719 2113 3765 et
2140 3709 2441 3764 tentorium
2465 3723 2664 3763 amera-
2686 3723 2718 3763 e
2756 3708 2978 3777 regione
3004 3717 3149 3763 erat.
3197 3707 3494 3763 Theodoro
3546 3709 3654 3764 Ca-

2062 3803 2256 3874 rystio,
2318 3802 2440 3855 viro
2506 3801 2797 3866 bellicoso,
2860 3811 2915 3858 et
2937 3811 3194 3867 strenuo,
3257 3817 3322 3858 ac
3352 3802 3655 3873 sagittario

2062 3895 2225 3964 longe
2247 3894 2730 3960 exercitatissimo,
2766 3894 2896 3949 item
2927 3892 3129 3949 Joanni
3180 3894 3478 3962 Germano,
3536 3911 3659 3950 ma-.

2064 3986 2355 4043 chinarum
2397 3985 2718 4049 bellicarum
2751 3984 2952 4040 artiﬁci
2981 3986 3180 4055 perito,
3210 3986 3364 4057 regio
3421 3985 3657 4056 Calyga;

2065 4081 2277 4136 riorum
2302 4078 2649 4136 defendenda
2705 4088 2846 4136 erat.
2887 4078 3223 4149 Hieronymo
3270 4090 3327 4135 et
3364 4080 3681 4136 Leonardo
3750 4124 3755 4131 .

2064 4173 2361 4244 Liguribus
2383 4180 2535 4243 porta
2568 4174 3000 4235 commissarest,
3037 4187 3159 4243 qua:
3193 4187 3222 4227 a
3248 4171 3405 4241 ligno
3452 4187 3649 4226 nomen

2061 4269 2249 4326 habet.
2281 4266 2558 4324 Cardinali
2589 4267 3017 4337 Rossiae'regio'
3052 4266 3345 4338 Cynegesii
3399 4267 3467 4321 ad
3527 4280 3695 4321 sant.

2066 4372 2218 4440 ctum
2255 4374 2434 4431 usque
2470 4360 2804 4415 Demetrium
2829 4359 2956 4416 data
2979 4367 3086 4416 est.
3119 4358 3350 4430 Magnus
3382 4358 3516 4427 dux,
3550 4358 3683 4413 ιιι-ς

2063 4451 2430 4521 cas‘Notaras,
2460 4453 2738 4525 regionem
2759 4452 2891 4509 inde
2912 4467 2951 4506 ea
2977 4450 3163 4507 Petrio
3195 4466 3372 4523 usque
3402 4452 3471 4506 ad
3525 4468 3659 4522 por-

2067 4555 2177 4603 tam
2206 4553 2413 4603 sanctae
2442 4542 2769 4601 Theodosiae
2795 4543 3033 4614 accepit.
3052 4543 3132 4597 Ad
3158 4553 3399 4612 portam,
3437 4544 3525 4597 cui
3560 4559 3659 4607 nu-

376 4645 521 4702 male
552 4647 891 4717 excipientes
924 4654 1119 4722 nostri,
1147 4659 1349 4712 caedem
1382 4658 1436 4712 in
1459 4671 1555 4713 eos
1579 4670 1689 4712 non
1749 4656 1958 4712 medio-

2068 4657 2190 4697 men
2227 4640 2475 4712 pulchra:
2491 4645 2598 4705 est,
2631 4648 2835 4703 nautae,
2868 4636 3114 4691 naucleri
3142 4646 3200 4691 et
3256 4637 3655 4706 gubernatores

378 4756 525 4796 crcm
556 4724 873 4798 edebantet
896 4746 1073 4802 scalas
1100 4763 1296 4803 eorum
1332 4749 1530 4818 partim
1570 4748 1731 4803 intro.
1774 4749 1966 4804 trahe-

383 4836 531 4898 haut,
567 4836 764 4903 partim
811 4834 1199 4907 dim-ingebant
1247 4855 1262 4892 :
1326 4847 1717 4908 mereaturque
1764 4838 1966 4894 herum

378 4928 620 4981 virorum
648 4929 951 4984 certamina
973 4939 1028 4985 et
1052 4945 1140 4985 res
1164 4937 1332 5000 gesta:
1363 4938 1628 4986 aeternam
1666 4930 1811 5001 apud
1869 4922 1967 5001 po-

380 5028 564 5076 steros
608 5021 956 5078 memoriam.
1012 5023 1324 5094 Theophilo
1372 5022 1705 5094 Palreologo,
1749 5021 1965 5079 homini

378 5108 683 5169 litterarum
713 5126 768 5168 et
788 5115 971 5172 omnis
996 5115 1199 5172 Grmcae
1221 5116 1560 5173 eruditionis
1584 5120 1638 5172 et
1660 5116 1966 5172 mathema-

380 5206 501 5262 ticae
527 5206 883 5276 peritissimo,
925 5210 1179 5265 cuStodia
1212 5224 1384 5281 prope
1419 5220 1656 5282 portam,
1689 5224 1814 5280 quae
1850 5206 1967 5263 Se-

380 5296 555 5371 iybria
580 5299 801 5365 dicitur,
834 5302 1035 5356 tradita
1063 5310 1167 5357 est.
1194 5301 1396 5358 Joanni
1455 5298 1796 5367 Iustiniano,
1838 5300 1968 5356 duci

384 5408 603 5448 summo
632 5401 685 5448 et
721 5395 1035 5465 ubicunque
1075 5404 1202 5466 apto
1229 5401 1285 5449 et
1340 5394 1561 5459 idoneo,
1595 5393 1683 5448 cui
1732 5393 1969 5463 impera-

387 5492 471 5539 tor
496 5497 719 5557 propter
763 5503 1093 5557 generosum
1144 5470 1437 5555 animum,
1478 5486 1851 5541 fortitudinem
1912 5495 1969 5541 et

385 5578 672 5634 audaciam
694 5579 993 5650 plurimum
1020 5581 1353 5646 conﬁdebat,
1386 5565 1655 5634 dati‘sunt
1705 5578 1973 5648 quadrin-

384 5686 415 5743 ς
452 5674 526 5726 nti
561 5677 759 5728 milites
788 5673 909 5729 Itali
939 5682 1001 5729 et
1028 5674 1289 5743 Romani,
1320 5674 1652 5745 quibuscum
1679 5671 1964 5742 regionem

384 5771 688 5836 alportam
737 5766 915 5821 sancti
973 5765 1210 5820 Romani
1251 5765 1590 5829 deicnsaret,
1638 5764 1731 5818 ubi
1777 5761 1975 5816 Turca’,

386 5862 595 5924 acrius,
625 5874 789 5929 quam
814 5859 870 5913 in
900 5857 1132 5925 reliquis
1182 5857 1344 5921 locis,
1402 5853 1726 5927 pugnabant
1754 5861 1999 5912 statue-.

388 5971 446 6009 ra
473 5966 615 6024 atque
640 5966 894 6025 magnam
926 5950 1078 6008 illam
1113 5950 1427 6024 helepolim,
1480 5956 1766 6019 pmptcrca
1825 5944 1975 6017 quod

2069 4733 2245 4798 navis,
2275 4748 2397 4803 qua:
2422 4747 2454 4787 e
2486 4732 2647 4787 Creta
2670 4738 2914 4795 venerat,
2950 4728 3234 4783 constituti
3257 4736 3436 4784 erant.

2150 4827 2207 4881 4.
2258 4823 2500 4880 Gabrieli
2558 4820 2884 4884 'I‘ribizano,
2945 4817 3278 4875 Venetarum
3334 4818 3648 4873 triremium

2072 4920 2354 4992 praefecto,
2381 4927 2436 4974 et
2465 4917 2595 4973 aliis
2619 4912 3021 4985 quinquaginta
3063 4912 3198 4968 viris
3235 4911 3305 4967 ad
3338 4911 3649 4978 custodiam

2070 5015 2354 5084 assignata
2388 5020 2475 5067 est
2535 5010 2704 5066 turris
2740 5010 2795 5063 in
2854 5006 3038 5062 medio
3088 5004 3283 5072 ﬂuctu,
3334 5022 3366 5059 e
3419 5004 3645 5073 regione

2074 5116 2249 5176 porta:
2285 5103 2469 5175 regite,
2506 5103 2637 5168 sita,
2688 5113 2811 5169 quae
2882 5098 3092 5153 aditum
3148 5106 3337 5169 portus
3390 5094 3657 5152 tueturJ's

2072 5196 2336 5253 creditam
2364 5195 2467 5250 sibi
2498 5203 2707 5264 partem
2742 5202 2800 5246 ut
2824 5178 3153 5261 pastor,non
3177 5200 3229 5244 ut
3252 5187 3654 5254 mercenarius,

2075 5291 2369 5360 diligenter
2398 5288 2672 5343 servabat.
2691 5285 2984 5351 Antonius,
3049 5285 3502 5340 mercatoriarum
3556 5300 3659 5338 na-

2073 5387 2223 5443 vium
2257 5384 2568 5455 prait‘ectus,
2587 5374 2896 5436 triremium
2922 5393 3153 5435 suarum
3184 5387 3238 5433 et
3262 5378 3506 5441 navium,
3533 5391 3657 5446 qua:

2075 5478 2217 5533 intra
2234 5482 2485 5533 catenam
2506 5474 2817 5530 constituta:
2837 5481 3010 5541 erant,
3037 5469 3518 5540 tutelamacccpit:
3538 5484 3687 5553 quae-

2076 5586 2250 5627 naves
2275 5567 2541 5639 quoniam
2570 5567 2637 5623 ad
2669 5565 2989 5622 conﬂictum
3008 5567 3146 5621 bene
3169 5563 3454 5620 instructae
3471 5570 3658 5630 erant,
3736 5619 3741 5623 ,

2076 5666 2136 5732 ii,
2177 5665 2272 5734 qui
2300 5663 2448 5718 intus
2480 5668 2661 5726 erant,
2694 5661 2976 5720 tubarum,
3001 5669 3416 5729 tympanorum,
3442 5653 3658 5709 clamo-

2076 5772 2198 5814 rum
2227 5755 2460 5826 strepitu
2485 5753 2761 5823 frequenti
2813 5750 3121 5806 Turcarum
3175 5761 3346 5803 naves
3386 5755 3443 5801 et
3495 5746 3660 5802 trire-

2070 5868 2195 5908 mes
2221 5850 2288 5905 ad
2331 5857 2608 5904 certamen
2633 5845 3031 5919 provocabant,
3069 5852 3122 5899 et
3152 5839 3350 5913 iaculis
3410 5838 3660 5910 quotidie

2077 5937 2600 6011 dimicantes,justa
2631 5947 2811 5992 tamen
2847 5924 3029 6007 pugna
3075 5947 3186 5990 non
3226 5928 3669 5990 concurrebant...
