3964 6434
411 429 513 491 851
1649 425 1978 489 GEORGII

2100 422 2447 484 lRAN'I‘ZE
2558 478 2559 481 η
3542 418 3626 481 8ῒὲ

413 543 509 592 καὶ
544 540 755 611 ἄριστοι
786 539 975 610 ἄνδρες
1005 537 1103 609 τῆς
1134 520 1340 614 πόλερς
1372 539 1426 590 ἐν
1452 536 1634 601 τύποις
1683 536 2001 605 ἀναγκαίοις
2030 544 2077 599 Α
2174 533 2287 586 Kal
2324 527 2478 595 αὖθις
2523 529 2727 601 ἐτέρας
2759 528 2958 598 βουλῆς
3020 526 3328 597 γενομένης,
3360 524 3452 581 ςῖνα
3476 529 3558 592 τὰς
3584 534 3627 583 ἐν

412 625 839 697 διεμερίσθησαν
900 626 1214 697 φύλαττειν,
1266 627 1361 681 xal
1419 628 1527 679 πᾶν
1593 627 1653 679 τὸ
1702 625 2003 696 δυνάμενον
2110 624 2188 695 τῷ
2251 624 2435 694 λιμένι
2495 622 2807 693 φερομένας
2872 621 3120 690 τριήρεις
3162 620 3252 673 καὶ
3281 618 3499 690 γέφυραν
3553 624 3634 692 ip.-

413 717 474 770 οὑ
497 714 736 770 διέλιπον
764 718 957 770 ποιεῖν.
989 714 1129 780 Τοὺς
1158 715 1216 768 δὲ
1240 715 1508 786 μοναχοὺς
1543 714 1636 766 καὶ
1670 714 1835 782 ῖερεῖς
1905 712 2001 765 καὶ
2119 719 2375 788 πρήσωσι
2404 718 2623 788 μηχανῇ
2660 731 2791 779 τινι,
2826 712 2959 766 διότι
3012 711 3256 784 μεγάλην
3310 714 3530 783 ταραχὴν
3558 716 3636 769 καὶ

413 811 710 881 κληρικοὺς
740 812 833 864 καὶ
865 809 962 863 τοῦ
993 809 1184 864 λοιποῦ
1231 809 1537 878 καταλόγου
1564 809 1662 877 τῆς
1700 806 2000 875 ἐκκλησίας
2111 812 2360 865 κίνδυνον
2384 809 2441 863 al
2463 809 2589 880 νῆες
2619 806 2777 861 αὗται
2798 808 2865 877 τῇ
2890 805 3043 860 πόλει
3063 804 3409 871 ἐνεδίδον,καὶ
3431 809 3636 878 μηχανήν

413 901 610 973 ἄνδρας
637 902 890 970 διέταξαν
925 902 1012 955 ἴνα
1049 900 1479 971 διαμερισθῶσιν
1528 898 1682 952 ἐνθεν
1747 897 2002 953 κάκεῖθεν
2110 922 2233 957 τινα
2297 896 2478 975 εὗρον,
2536 901 2631 955 καὶ
2660 902 2761 963 τὴν
2817 899 3015 971 βουλὴν
3039 896 3378 968 ἐξεφώνησαν
3407 899 3549 970 ²57
3574 900 3638 971 τῷ

412 998 470 1048 ἐν
490 996 569 1065 τῷ
598 994 873 1066 περιϐόλῳ
897 996 996 1065 τῆς
1020 993 1250 1059 πόλεως,
1286 992 1373 1048 ἵνα
1400 993 1495 1047 καὶ
1524 992 1678 1046 αὐτοὶ
1724 990 1819 1044 τοῦ
1865 991 2001 1044 Θεοῦ
2115 996 2348 1067 βασιλεῖ.
2398 993 2663 1057 Ἰάκωϐος
2699 993 2876 1055 Κάκος
2907 994 2937 1047 6
2980 993 3215 1056 Ἐνετδς,
3260 992 3390 1062 ἀνὴρ
3427 992 3639 1063 ὀξύτερος

410 1090 656 1158 δεόμενοι
681 1090 775 1143 καὶ
792 1089 1208 1160 ἡμεροσκόπους
1237 1089 1331 1140 καὶ
1351 1085 1758 1148 νυκτοσκόπους
1780 1082 1999 1150 ποιῶσι,
2111 1086 2207 1143 τοῦ
2242 1089 2417 1140 ποιεῖν
2451 1086 2484 1155 ἢ
2514 1086 2718 1155 λέγειν,
2740 1084 2818 1149 ὡς
2849 1084 3253 1156 ἐνεμπιστεύθη
3270 1083 3358 1138 τοῦ
3378 1084 3531 1154 πέρας
3555 1085 3640 1138 δῶν

412 1180 507 1233 καὶ
537 1178 754 1249 δεήσεσι
779 1177 1115 1246 ἐξιλεοῦσθαι
1157 1178 1217 1231 τὸ
1254 1178 1409 1231 Θεῖον
1438 1177 1578 1246 ὑπὲρ
1600 1175 1699 1246 τῆς
1728 1173 2004 1245 σωτηρίας
2114 1196 2203 1231 σαι
2230 1179 2332 1247 τῆς
2359 1176 2699 1241 ὑποθέσεως,
2736 1175 2946 1248 ἤρξατο
2969 1175 3066 1230 τοῦ
3108 1175 3267 1244 ἔργον
3311 1175 3443 1229 πάνυ
3487 1176 3642 1245 ἐπιτη-

411 1274 511 1340 cii;
546 1273 777 1337 πόλεως.
811 1273 917 1326 Τὸν
945 1273 1001 1326 δὲ
1029 1276 1345 1343 Δημήτριον
1398 1271 1491 1325 τὸν
1545 1267 2001 1338 Καντακουζηνὸν
2110 1270 2269 1334 δείως
2293 1269 2388 1323 καὶ
2420 1268 2603 1332 καλῶς
2635 1268 2829 1340 τρόπῳ
2852 1268 3062 1340 τοιῷδε.
3110 1268 3331 1322 Ἀκάτια
3381 1266 3495 1337 τρία
3526 1266 3641 1331 πάνυ

412 1368 509 1418 καὶ
571 1366 665 1419 τὸν
711 1366 966 1437 γαμϐρὸν
1016 1366 1184 1419 αὑτοῦ
1253 1364 1624 1432 Παλαιολὸγον
1686 1361 2002 1433 Νικηφόρον

414 1454 551 1524 μετὰ
613 1459 706 1508 καὶ
747 1457 953 1523 ἑτέρων
1012 1455 1173 1509 τινῶν
1238 1453 1548 1520 κατέταξαν
1583 1454 1642 1505 ἐν
1690 1450 1769 1521 τῷ
1820 1451 2003 1522 σεπτῷ

410 1547 749 1617 ἁποστολείῳ
784 1549 879 1601 καὶ
907 1549 967 1600 ὲν
995 1547 1207 1619 ἑτέροις
1242 1547 1431 1610 τόποις
1480 1544 1807 1616 περιπατεῖν
1865 1543 2005 1613 μετά

410 1638 760 1692 ἑπτακοσίων
790 1638 1022 1710 ἀνδρῶν,
1058 1639 1147 1692 ἵνα
1186 1640 1262 1702 είς
1293 1634 1404 1692 οἷον
1454 1636 1519 1709 δὴ
1575 1637 1742 1690 τόπον
1788 1635 2002 1703 ἀνάγκη
2113 1640 2222 1703 λῶς
2265 1641 2646 1712 παραγγείλας
2679 1641 2863 1705 αὐτοῖς
2908 1639 2979 1694 τὰ
3018 1640 3198 1694 πάντα
3228 1639 3321 1694 καὶ
3376 1637 3465 1701 τὰς
3512 1653 3646 1690 κατα.

412 1732 635 1803 ὑπάρχῃ
664 1732 1028 1800 βοηθήσωσιν.
1090 1732 1150 1785 '0
1178 1731 1234 1784 δὲ
1277 1731 1533 1801 βασιλεὺς
1580 1729 1746 1801 256
1786 1728 1903 1796 ἅμα
1927 1726 2005 1798 τῷ
2116 1734 2512 1806 σκευαςθείσας
2553 1736 2693 1805 μετά
2721 1734 2818 1789 τοῦ
2850 1732 3023 1805 ὑγροῦ
3051 1734 3224 1805 πυρὸς
3253 1732 3441 1803 τέχνας
3479 1729 3644 1795 δώσεις,

410 1826 744 1896 Φραγκίσκῳ
768 1824 844 1896 τῷ
865 1824 1078 1895 Τολέδῳ
1095 1825 1172 1896 τῷ
1198 1827 1450 1894 συγγενεῖ
1477 1823 1663 1890 αὑτοῦ,
1690 1824 1745 1886 ὃς
1772 1821 2010 1889 κατάγε-
2116 1826 2204 1879 ἵνα
2230 1827 2455 1881 ἔλθωσιν
2489 1827 2684 1890 νυκτὸς
2715 1827 2810 1880 καὶ
2838 1825 3127 1895 περάσωσι
3157 1824 3291 1893 πρὸς
3312 1823 3401 1876 τὸν
3438 1819 3647 1873 Γαλατᾶν

409 1919 813 1985 ται,λέγουσιν,
832 1919 897 1970 ὲκ
915 1917 1009 1971 τοῦ
1030 1917 1261 1986 αἵματος
1278 1915 1372 1969 τοῦ
1388 1916 1721 1985 περιφανοῦς
1741 1915 2007 1986 βασιλέως
2043 1927 2082 1981 ῃ
2112 1919 2206 1971 καὶ
2240 1918 2470 1989 πλησίον
2491 1918 2592 1987 τῆς
2622 1919 2799 1987 πέρας
2826 1916 3042 1988 ἐκείνης
3060 1917 3163 1987 γῆς
3192 1915 3415 1970 έλθωσιν
3443 1912 3536 1976 ἓως
3561 1910 3647 1964 τῶν

428 2010 667 2077 Ἀλεξίου
707 2009 799 2064 τοῦ
848 2009 1162 2081 Κομνηνοῦ,
1199 2010 1296 2063 καὶ
1323 2009 1442 2080 μεθ’
1482 2009 1639 2080 ἡμῶν
1674 2009 1912 2078 ἔφιππος
1939 2006 2006 2059 δι’
2110 2014 2386 2084 τριήρεων
2414 2012 2507 2066 καὶ
2530 2011 2596 2065 τὰ
2624 2012 2913 2082 ὁρισθέντα
2939 2007 3243 2080 πράξωσιν.
3284 2006 3392 2061 Kal
3439 2005 3648 2075 ἐγεγόνει

2111 1362 2285 1434 ταχέα
2341 1364 2438 1417 καὶ
2490 1361 2670 1434 γοργά
2718 1362 3104 1432 οἰκονομήσας,
3159 1360 3256 1415 καὶ
3286 1362 3645 1431 τεσσαράκοντα

2112 1452 2266 1517 νέους
2299 1453 2645 1524 θαρσαλέους
2663 1456 2760 1509 καὶ
2786 1452 3207 1525 μεγαλοψύχους
3269 1452 3360 1506 καὶ
3404 1451 3646 1522 ἀνδρείους

2113 1550 2171 1602 ἐν
2201 1549 2381 1612 αὐτοῖς
2409 1548 2592 1611 ἔϐαλε,
2623 1548 2901 1622 Γραικούς
2928 1564 2987 1602 τε
3023 1547 3121 1602 καλ⁸
3158 1546 3417 1611 Ἰταλοὺς,
3465 1546 3547 1599 καλ⁸
3567 1562 3647 1597 κα-

415 2101 544 2170 ἰλης
570 2102 668 2170 τῆς
698 2102 912 2171 ἧμέρας
940 2102 1036 2155 καὶ
1066 2101 1260 2165 νυκτὸς
1309 2102 1628 2172 περιπατῶν
1660 2096 1727 2172 ἦν
1758 2100 2007 2171 γύρωθεν

410 2193 561 2248 ενδον
583 2193 683 2263 τῆς
705 2195 913 2258 πόλεως
936 2197 1032 2248 καὶ
1056 2195 1162 2248 τῶν
1184 2194 1380 2265 τειχῶν
1403 2212 1418 2225 ο
1444 2195 1535 2248 καὶ
1556 2194 1626 2248 τὰ
1654 2196 1733 2257 είς
1760 2194 2006 2265 ἀνάγκην

407 2285 502 2338 τοῦ
536 2287 774 2356 πολέμου
798 2287 1191 2358 ἡτοιμάζομεν.

388 2418 395 2427 .
492 2379 714 2450 Ἐπειδὴ
746 2378 802 2432 δὲ
837 2380 933 2434 καὶ
964 2380 1267 2453 χρημάτων
1326 2378 1620 2445 ἐσπάνιζον
1650 2379 2007 2451 τάοβασίλεια

408 2470 497 2523 διὰ
516 2471 607 2525 τὸν
636 2469 830 2539 μισθὸν
859 2472 969 2526 τῶν
1001 2472 1374 2543 στρατιωτῶν,
1408 2471 1743 2542 προσέταξεν
1793 2474 1821 2526 6
1852 2472 2005 2545 βασι-

2112 2106 2200 2169 ἂν,
2235 2109 2281 2158 εί
2316 2105 2392 2176 μὴ
2422 2105 2519 2159 καὶ
2548 2106 2629 2168 τίς
2663 2104 2725 2159 τὸ
2753 2105 2886 2158 αὐτὸ
2919 2106 2952 2174 ἡ
2983 2105 3131 2173 κακὴ
3157 2101 3298 2172 τύχη
3322 2100 3473 2172 ἡμῶν
3503 2099 3648 2169 ἐμπό-

2108 2198 2244 2264 διζε.
2294 2176 2575 2263 Ἐλθόντες
2599 2198 2655 2252 δὲ
2681 2197 2820 2252 πάνυ
2851 2199 3176 2268 ἐπιτηδείως
3204 2197 3299 2251 καὶ
3323 2196 3419 2266 τὴν
3443 2195 3650 2263 γέφυραν

2111 2291 2591 2363 περιπατήσαντες
2623 2292 2718 2346 καὶ
2746 2290 3090 2362 περάσαντες
3109 2291 3210 2344 καὶ
3234 2288 3326 2343 δύο
3352 2288 3493 2351 νέους
3520 2284 3652 2354 ἀφέν-

2106 2401 2199 2448 τες
2228 2385 2344 2438 ἐκεί
2378 2384 2518 2454 μετά
2546 2384 2918 2453 κατασκευῆς,
2973 2383 3061 2437 ἵνα
3120 2383 3254 2438 ὅταν
3295 2383 3346 2435 οἱ
3397 2379 3562 2449 ἕτεροι
3590 2378 3671 2439 είςη

2106 2478 2205 2541 τάς
2233 2477 2484 2549 τριήρεις
2516 2478 2782 2546 ἐγγίσωσι
2809 2479 2904 2530 καὶ
2942 2477 3170 2547 σημεῖόν
3210 2492 3263 2530 τι
3291 2473 3459 2539 ίδωσι,
3480 2473 3587 2524 τότε
3608 2472 3653 2521 ὲν

405 2561 533 2626 λεὺς
591 2562 775 2619 λαϐεῖν
835 2566 905 2620 τά
958 2564 1069 2618 τῶν
1121 2565 1429 2635 ἐκκλησιῶν
1488 2566 1658 2635 σκεύη
1714 2566 1848 2633 ἀγια
1898 2568 2002 2620 καὶ

408 2656 769 2726 ἀφιερωμένα
800 2656 881 2727 τῷ
920 2656 1061 2726 Θεῷ,
1092 2661 1190 2714 καὶ
1236 2658 1501 2729 χρήματα
1551 2658 1837 2729 ἐποίησαν.
1890 2660 2003 2713 Kal

411 2751 486 2820 μή
518 2767 601 2813 τις
640 2752 923 2823 ἐγκαλέσῃ
955 2750 1103 2822 ἡμᾶς
1135 2751 1211 2815 ὡς
1246 2750 1568 2823 ἱεροσύλους
1600 2768 1614 2783 ο
1663 2752 1853 2807 ἕνεκεν
1905 2754 2003 2824 τῆς

405 2841 504 2896 τοῦ
535 2841 734 2913 καιροῦ
755 2842 1006 2913 ἀνάγκης
1030 2844 1264 2912 ἐγίνετο,
1293 2845 1372 2908 ὡς
1409 2844 1503 2897 καὶ
1532 2846 1559 2899 6
1582 2845 1749 2900 Δαόὶδ
1798 2862 2003 2900 πεπον·

408 2933 538 3001 θὼς,
572 2935 857 3003 πεινάσας,
890 2937 1016 2999 τοὺς
1046 2936 1244 3007 ἄρτους
1271 2935 1371 3007 τῆς
1398 2935 1712 3007 προθέσεως
1767 2938 1999 3010 ἔφαγεν,

403 3025 441 3080 ἀ
474 3027 574 3081 οὐκ
628 3025 805 3093 ἔξεστι
856 3030 1056 3096 φαγεῖν
1113 3030 1161 3082 εί
1217 3026 1293 3099 μὴ
1355 3031 1469 3093 τοῖς
1525 3029 1734 3098 ίερεῦσι
1787 3030 1995 3099 μόνοις.

408 3120 605 3190 Ἔλεγε
644 3119 754 3192 γάρ
782 3122 811 3176 6
842 3121 1157 3194 μακαρίτης
1196 3124 1225 3176 6
1258 3122 1519 3190 βασιλεύς
1560 3140 1574 3154 ο
1624 3142 1643 3176 ι
1685 3123 1785 3176 Ἂν
1811 3125 1839 3177 6
1865 3122 2000 3187 Θεὸς

403 3213 504 3282 τὴν
565 3212 723 3267 πόλιν
769 3212 1151 3286 λυτρώσηται,
1203 3213 1550 3286 τετραπλοῦν
1600 3213 1871 3270 ἀποδώσω
1918 3213 1997 3288 τῷ

406 3301 600 3375 Κυρίῳ
629 3321 755 3375 μου.
783 3322 804 3359 ι

406 3485 624 3556 Reliqui
654 3487 909 3556 generosi
930 3496 985 3544 et
1015 3489 1228 3545 strenui
1280 3490 1429 3546 cives
1480 3489 1535 3545 in
1593 3490 1730 3548 locis
1784 3490 1996 3562 iniquis

404 3576 471 3631 ad
502 3578 810 3633 custodiam
877 3579 1150 3650 dispertiti
1183 3589 1334 3646 sunt‘,
1367 3597 1470 3638 nec
1518 3583 1816 3639 cessabant
1863 3598 1997 3653 ope-

411 3687 550 3736 ram,
581 3688 744 3741 quam
773 3682 1018 3742 possent,
1071 3683 1356 3744 praestare.
1400 3674 1661 3729 Mouachi
1710 3684 1893 3731 autem
1941 3685 1995 3731 et

405 3766 717 3819 sacerdotes
748 3776 801 3821 et
833 3767 1021 3821 clerici
1052 3775 1105 3821 et
1137 3768 1334 3838 reliqui
1368 3768 1582 3823 ordinis
1617 3769 1991 3825 ecclesiaStici
2019 3787 2039 3798 °

408 3857 659 3913 homines
688 3874 784 3928 per
816 3868 983 3914 tutam
1008 3862 1197 3915 urbem
1230 3861 1433 3930 passim
1491 3861 1771 3916 distributi
1837 3874 1989 3930 sunt,

407 3963 464 4007 ut
494 3953 605 4009 Deo
634 3954 1009 4023 supplicarent
1036 3961 1091 4009 ct
1120 3954 1205 4008 die
1247 3963 1521 4022 noctuque
1581 3954 1994 4024 specularentur

403 4058 455 4099 «τι
482 4047 735 4115 precibus
761 4047 975 4102 Numen
1009 4061 1112 4118 pro
1148 4046 1327 4101 salute
1359 4047 1511 4102 urbis
1547 4048 1851 4117 placarent.
1886 4049 1988 4104 De-

405 4139 659 4196 metrium
692 4142 1143 4195 (Iautacuzenum
1180 4148 1238 4195 et
1297 4137 1666 4212 Nicephorum
1725 4140 1994 4197 Palaeolo—

404 4250 554 4299 μιιιιι,
575 4249 848 4305 generum
890 4233 1033 4302 ejus,
1063 4251 1186 4290 cum
1209 4234 1332 4289 aliis
1363 4235 1701 4305 quibusdam
1725 4236 1791 4290 ad
1823 4250 1993 4295 vene-

405 4326 638 4381 randum
671 4326 1050 4391 apostolorum
1080 4327 1341 4398 templum
1370 4336 1425 4384 et
1455 4328 1564 4384 alia
1592 4329 1713 4383 loca
1733 4327 1989 4386 obeunda

403 4434 527 4471 cum
561 4417 694 4474 viris
717 4418 1081 4487 septingentis
1099 4398 1408 4487 constituit,
1444 4432 1505 4475 ut
1555 4421 1651 4475 ubi
1697 4436 1786 4476 res
1831 4420 1991 4490 ﬂagi-

404 4518 564 4574 taret,
592 4525 658 4565 eo
689 4526 813 4566 cum
853 4513 1059 4569 autilio
1091 4513 1437 4568 advolarent.
1508 4512 1628 4582 ipse
1683 4513 1991 4584 imperator

2109 2572 2211 2643 μιᾷ
2239 2569 2362 2645 ὥρᾳ
2389 2570 2602 2642 θεαφίῳ
2631 2571 2693 2624 τδ
2728 2570 2898 2644 ύγρδν
2928 2568 3040 2641 πῦρ
3072 2568 3349 2636 ἀνάψωσι,
3379 2565 3651 2636 φθάσαντες

2105 2664 2164 2718 δὲ
2190 2665 2286 2719 καὶ
2325 2664 2432 2727 ἕως
2461 2664 2572 2718 τῶν
2605 2664 2881 2735 τριήρεων
2914 2662 3106 2731 ἐγγὺς,
3137 2663 3166 2715 6
3192 2659 3326 2724 Θεὸς
3359 2658 3392 2730 ἢ
3444 2655 3530 2711 διὰ
3568 2651 3653 2715 τὰς

2105 2758 2390 2828 ἁμαρτίας
2423 2758 2583 2829 ἡμῶν
2616 2756 2862 2811 ἐκώλυσε
2893 2756 2955 2809 τὸ
2984 2754 3167 2825 ἔργον,
3203 2753 3237 2825 ἢ
3273 2754 3332 2820 ἐξ
3358 2744 3652 2820 ἀπροσεξίας

2104 2849 2250 2914 τινὸς
2281 2850 2392 2903 τῶν
2415 2851 2556 2903 νέων
2601 2849 2829 2903 ἐκείνων
2878 2846 3101 2918 οἰκέτης
3149 2862 3238 2908 τις
3294 2844 3355 2897 τὸ
3393 2838 3651 2913 μυστήριον

2104 2945 2218 3007 τοῖς
2249 2943 2519 3007 ἐναντίοις
2568 2944 2856 3013 ἐμήνυσε·
2919 2940 3016 2995 καὶ
3065 2940 3321 3010 φυλακὰς
3382 2932 3653 3006 ἀγρύπνους

2104 3036 2201 3088 καὶ
2230 3035 2646 3099 νυκτοσκόπους
2674 3034 2915 3106 ἔχοντες,
2959 3032 3037 3098 ὡς
3083 3027 3230 3086 εἳδον
3280 3028 3495 3094 αὐτοὺς,
3543 3019 3655 3093 μετά

2109 3127 2327 3182 σκευῶν
2354 3129 2451 3183 καὶ
2473 3126 2692 3201 πετρῶν
2720 3130 2819 3184 καὶ
2848 3125 2989 3198 μετά
3025 3124 3236 3196 ἐτέρων
3268 3120 3505 3180 ἀκατίων
3533 3116 3586 3170 τὸ
3606 3112 3652 3167 ἐν

2103 3219 2332 3276 ἀκάτιον
2358 3220 2621 3276 ἐϐύθισαν
2649 3222 2748 3276 καὶ
2804 3217 3068 3295 μερικοῦς
3115 3216 3230 3272 τῶν
3283 3212 3565 3286 ἀνθρώπων
3608 3206 3654 3259 ι-

2026 3287 2071 3345 c
2104 3311 2400 3385 ζώγρησαν
2418 3329 2433 3343 ·
2465 3313 2561 3369 καὶ
2578 3312 2752 3377 οὕτως
2779 3287 2935 3366 οὐδέν
2949 3309 3135 3383 ἕτερον
3162 3308 3335 3381 258
3354 3305 3403 3361 οι
3430 3302 3654 3375 ἡμέτερα

2172 3492 2385 3551 Rursus
2411 3494 2521 3550 alia
2555 3493 2693 3551 inita
2727 3493 3161 3560 consultatione,
3201 3504 3264 3549 ut
3301 3492 3356 3548 in
3387 3498 3541 3563 portu
3565 3481 3660 3541 col-

2100 3588 2309 3645 locatas
2333 3588 2589 3645 triremes
2652 3597 2707 3643 et
2754 3596 2979 3659 pontem
3034 3585 3452 3643 machinatione
3494 3579 3650 3649 aliqua

2098 3681 2506 3749 comburerent,
2536 3682 2742 3753 quippe
2776 3681 2978 3751 quibus
3007 3676 3059 3735 in
3090 3693 3355 3752 magnum
3390 3673 3656 3731 discrimen

2097 3784 2151 3831 et
2184 3775 2488 3846 periculum
2521 3775 2653 3830 urbs
2688 3775 3076 3837 adduceretur,
3107 3773 3252 3827 ratio
3276 3771 3458 3841 aliqua
3488 3767 3656 3820 inven-

2099 3880 2150 3925 ta
2182 3879 2235 3926 et
2270 3885 2393 3924 cum
2456 3869 2801 3938 imperatore
2836 3865 3254 3922 communicata
3286 3872 3392 3921 est.
3450 3857 3659 3915 Jacobus

2096 3963 2295 4026 Cocus,
2325 3959 2591 4026 Venetus,
2622 3958 2704 4014 vir
2725 3958 2793 4014 ad
2828 3959 3100 4032 agendum
3140 3973 3304 4027 quam
3367 3954 3432 4010 ad
3495 3951 3657 4006 dicen-

2076 4056 2226 4111 dum
2265 4054 2717 4126 promptior,»cui
2750 4051 3114 4109 commissum
3154 4060 3261 4118 est,
3319 4057 3374 4105 ut
3404 4046 3661 4119 perliceret

2095 4148 2413 4213 consilium,
2451 4160 2593 4218 opus
2654 4143 2956 4201 admodum
3009 4145 3281 4200 'alacriter
3333 4150 3389 4197 et
3434 4146 3551 4209 apte
3596 4132 3658 4187 ita

2096 4257 2392 4313 aggressus
2416 4250 2521 4297 est.
2557 4240 2751 4295 Aeatia
2788 4237 2892 4294 tria
2934 4237 3184 4309 apprime
3219 4236 3426 4292 velocia
3451 4243 3504 4288 et
3558 4225 3659 4298 agi-

2094 4334 2167 4395 lia
2202 4324 2417 4405 pa'ravit
2449 4352 2462 4388 :
2494 4332 2562 4389 iis
2593 4331 2960 4403 quadraginta
3006 4330 3243 4399 juvenes
3293 4338 3577 4400 generosos
3615 4326 3660 4373 et

2094 4435 2379 4492 strenuos,
2413 4436 2527 4481 tum
2549 4424 2771 4482 Graecos
2829 4410 2940 4479 tt'tm
2997 4422 3189 4488 italos,
3248 4422 3454 4492 Quibus
3496 4412 3661 4470 omnia

2095 4518 2385 4588 diligenter
2424 4518 2687 4588 praecepit
2725 4517 2987 4588 deditque
3017 4515 3310 4570 machinas
3342 4514 3466 4583 igne
3488 4508 3658 4566 Graeco
3762 4576 3773 4589 .

407 4606 693 4660 nobiscum
719 4614 906 4660 etcum
946 4605 1509 4671 Francisco'l‘oledo,
1566 4621 1805 4679 cognato
1862 4623 1987 4672 suo,
2024 4631 2068 4688 ο
2099 4611 2424 4676 instructas,
2481 4610 2766 4681 imposuit,
2815 4617 2876 4664 ut
2930 4616 3093 4663 nocte
3142 4605 3394 4663 Galatam
3443 4595 3659 4669 traiecti.
3728 4612 3734 4619 '

405 4699 498 4763 qui
525 4714 591 4752 cx
626 4698 828 4754 illustri
865 4701 1202 4771 imperatore
1233 4700 1431 4756 Alexio
1471 4700 1763 4757 Comneno
1815 4717 1992 4773 genus

405 4792 605 4845 dueere
631 4787 828 4857 fertur,
887 4801 999 4847 tuta
1068 4793 1159 4847 die
1190 4800 1244 4846 et
1301 4803 1465 4846 nocte
1521 4791 1670 4847 intra
1714 4794 1904 4848 urbem
1939 4807 1997 4849 et

403 4885 607 4939 tuoznia
632 4877 1010 4956 obequitabat,
1038 4885 1521 4956 prospiciebatque
1557 4886 1724 4943 rebus
1753 4888 1820 4944 ad
1878 4889 1997 4944 bel-

404 4983 513 5030 lum
545 4979 897 5035 necessariis.

471 5072 609 5126 Cutn
648 5083 828 5127 autem
869 5074 1095 5143 pecunia
1125 5072 1386 5143 palatium
1436 5072 1696 5129 deﬁceret
1753 5085 1981 5145 propter

405 5166 673 5234 stipendia
707 5167 964 5231 militum,
1003 5168 1306 5236 imperator
1336 5175 1585 5222 sanetam
1617 5178 1673 5225 et
1700 5167 1810 5226 Deo
1856 5185 1993 5227 ron-

404 5271 675 5314 secratam
707 5260 1068 5315 ecclesiarum
1096 5260 1494 5329 supellectilem
1562 5264 1816 5333 usurpari
1847 5274 1901 5319 et
1935 5265 1989 5319 in

404 5353 738 5407 nomismata
801 5351 975 5421 redigi
1027 5351 1219 5420 jussit.
1283 5348 1361 5404 Ne
1419 5366 1548 5405 vero
1588 5352 1876 5423 quisquam
1932 5362 1995 5408 ut

404 5447 702 5516 sacrilegos
739 5460 840 5501 nos
871 5446 1175 5514 increpata.
1225 5445 1414 5515 Co‘acti
1464 5446 1610 5502 enim
1662 5447 1992 5503 necessitate

405 5539 658 5601 fecimus,
692 5537 838 5590 baud
866 5552 1029 5593 secus
1061 5552 1125 5593 ac
1158 5537 1347 5604 David,
1381 5538 1471 5610 qui
1503 5540 1758 5596 esuriens
1817 5556 1990 5610 panes

402 5630 801 5701 propositionis
886 5631 1151 5696 comedit,
1245 5648 1384 5702 quos
1440 5634 1547 5690 nisi
1603 5635 1992 5689 Saceriltitibus

402 5724 603 5777 nemini
636 5724 832 5778 licebat
856 5724 1037 5779 edere.
1071 5724 1149 5783 Ac
1177 5725 1395 5783 dicebat
1470 5727 1644 5783 beata:
1709 5726 1991 5780 memoria:

403 5817 700 5883 i"'llC‘M'll‘
734 5835 748 5872 ε
777 5816 865 5871 (Si
900 5816 1041 5873 Deus
1103 5821 1296 5877 nrhetn
1357 5814 1695 5887 liberai’erit,
1746 5819 1991 5889 quadru-

404 5909 548 5974 [‘luzii
579 5907 810 5960 Domino
836 5910 1144 5967 restituant.
1182 5931 1201 5966 ι

2103 4719 2271 4775 prope
2296 4704 2448 4759 littus
2483 4704 2551 4758 ad
2595 4703 2853 4758 triremes
2908 4701 3251 4757 accederent
3310 4700 3660 4761 facerentque.

2101 4811 2224 4866 ιμιεε
2254 4797 2552 4851 constituta
2582 4804 2764 4850 erant.
2798 4791 2875 4849 Ac
2904 4793 3040 4848 bene
3087 4791 3355 4847 cessisset
3384 4788 3661 4856 inceptum.

2100 4886 2206 4943 nisi
2261 4888 2486 4944 sinistra
2549 4886 2776 4942 fortuna
2826 4895 3016 4940 nostra
3078 4882 3278 4938 fuisset
3338 4878 3657 4949 impeditum.

2097 4978 2233 5036 Nam
2261 4995 2386 5034 cum
2454 4993 2719 5050 prospere
2770 4988 2992 5049 pontem
3060 4974 3456 5031 circumissent
3510 4966 3660 5042 traje-

2096 5076 2433 5145 cissentque,
2510 5071 2718 5128 relictis
2801 5070 2879 5125 ibi
2915 5070 3126 5126 duobus
3200 5064 3499 5135 juvenibus
3545 5070 3656 5113 cunt

2098 5176 2387 5238 apparatu,
2428 5175 2513 5233 ut,
2543 5179 2670 5221 cum
2698 5161 2895 5233 reliqui
2929 5161 2997 5217 ad
3028 5159 3288 5215 triremes
3306 5151 3663 5228 pervenissent

2096 5277 2162 5317 ac
2213 5262 2493 5318 dedissent
2565 5258 2808 5331 signum,
2876 5255 3068 5312 eodem
3158 5252 3381 5321 utrique
3435 5251 3660 5313 tempom

2097 5354 2366 5424 sulphure
2391 5351 2761 5408 accenderent
2795 5350 2976 5420 ignem
3032 5345 3311 5407 Graecum,
3364 5341 3441 5396 illi
3504 5344 3656 5407 prope

2097 5449 2349 5502 triremes
2369 5446 2477 5513 iam
2499 5446 2858 5507 advenerant,
2894 5456 3022 5498 cum
3052 5441 3192 5495 Deus
3224 5452 3344 5492 rem
3370 5428 3657 5507 impedivit»

2094 5542 2209 5595 sive
2238 5549 2460 5610 peccata
2487 5547 2674 5593 nostra
2705 5537 2782 5591 ita
2814 5543 3148 5599 meruerant,
3174 5533 3293 5586 sive
3312 5520 3657 5601 imprudentia

2091 5633 2354 5703 jtn'cnum
2388 5648 2583 5688 servus
2620 5630 2821 5701 aliquis
2858 5629 3153 5684 consilium
3185 5624 3442 5679 hostibus
3493 5612 3659 5688 prodi-

2094 5724 2498 5793 derat;itaqne
2547 5739 2674 5778 cum
2740 5722 2863 5776 illos
2924 5717 3470 5775 animadvertissent.
3526 5705 3655 5766 tells,

2094 5819 2241 5872 saxis
2265 5827 2319 5872 et
2355 5818 2548 5872 acatiis
2612 5832 2781 5873 unum
2830 5831 2861 5869 e
2901 5813 3108 5871 uestris
3136 5809 3373 5879 navigiis
3418 5803 3655 5861 submer-

2094 5921 2306 5978 sertont,
2343 5910 2488 5976 ipsos
2549 5911 2798 5966 homines
2823 5919 3083 5970 ceu-runt
3116 5929 3129 5963 :
3175 5921 3275 5961 nec
3315 5901 3482 5959 nostri
3508 5894 3654 5961 ιιιιίιί·
