3964 6456
357 395 500 483 ’853

1406 423 1850 486 ΠΗΒΟΝῙΟΟΝ
1894 423 2163 487 MAJUS.
2209 452 2277 460 -
2320 425 2468 488 LIB.
2514 427 2632 488 III.

3545 426 3650 490 85-5

387 537 650 602 ἐποίησαν
679 534 726 586 εἰ
755 534 828 604 μὴ
855 536 984 604 μίαν
1036 535 1146 589 τῶν
1207 539 1481 608 τριήρεων
1547 540 1956 610 ἐπυρπόλησαν.
1996 542 2039 598 Α
2074 539 2213 607 μετὰ
2265 538 2632 606 σοϐαρότητος
2683 539 2776 590 καὶ
2830 537 3115 608 ἀγερώχου
3146 538 3376 608 γνώμης
3435 539 3648 593 εἰπών’

387 629 497 681 Καὶ
548 627 608 682 τὸ
653 630 711 681 ἐν
773 631 837 696 τῇ
885 629 1100 702 γεφύρᾳ
1148 629 1258 699 πῦρ
1308 631 1514 702 πλῆθος
1559 636 1666 687 τῶν
1707 632 1968 701 Τοὺρκων

386 719 688 789 δραμόντες
743 718 1146 791 ἐναπέσϐησαν.
1207 722 1344 787 Τοὺς
1407 725 1463 778 δὲ
1519 727 1673 789 νέους
1721 726 1970 789 ἐκείνους

385 813 514 874 τοὺς
570 811 924 879 θαυμαστοὺς
965 815 1064 867 καὶ
1114 813 1356 885 ὡραίους
1409 818 1436 870 ὁ
1487 818 1693 887 ἀσεϐὴς
1743 819 1971 889 ἀμηρᾶς

385 903 696 973 προστάξας
760 905 840 974 τῷ
889 905 1035 978 πρωῒ
1067 908 1278 978 ¹πάντας
1331 911 1564 980 οἰκτρῶς
1624 912 1970 966 ἐθανάτωσεν

383 996 541 1065 ἡμῶν
568 996 824 1066 ὁρώντων
861 997 1056 1061 αὐτούς
1081 1013 1100 1032 ο
1151 1000 1247 1053 καὶ
1275 999 1472 1070 θρῆνος
1518 1003 1764 1070 ἐγεγόνει
1816 1006 1874 1057 ἐν
1904 1008 1968 1075 τῇ

385 1089 538 1140 πόλει
574 1088 711 1159 ὑπὲρ
734 1090 913 1143 αὐτῶν
947 1091 1294 1172 ἀμέτρητος..
1327 1095 1387 1147 Ὀ
1418 1093 1474 1146 δὲ
1508 1094 1766 1164 βασιλεὺς
1794 1096 1971 1167 λυπηε

387 1182 500 1242 θεὶς
531 1182 622 1236 καὶ
653 1183 813 1246 αὐτὸς
850 1185 1188 1254 προσέταξεν
1221 1187 1310 1241 ἵνα
1336 1186 1545 1240 ἄνωθεν
1583 1189 1692 1240 τῶν
1741 1189 1970 1260 πύργων

385 1273 668 1327 κύκλωθεν
701 1276 830 1339 τοὺς
882 1277 1267 1347 αἰχμαλώτους
1307 1279 1586 1351 Τούρκους
1640 1283 1969 1336 θανατώσω-

387 1379 506 1419 σιν⁰
540 1361 682 1436 ἦσαν
713 1370 820 1438 γὰρ
851 1371 942 1422 τὸν
975 1370 1211 1442 ἀριθμὸν
1268 1375 1316 1426 οἱ
1353 1374 1736 1443 ἀναιρεθέντες
1780 1378 1969 1430 διακό-

386 1474 492 1510 σιοι
515 1457 800 1526 ἐξήκοντα.
837 1461 948 1515 Καὶ
972 1463 1062 1516 διὰ
1089 1464 1267 1518 ταῦτα
1314 1463 1409 1519 οὖν
1443 1467 1720 1522 σκάνδαλα
1769 1471 1970 1538 ἀνεφύο

383 1567 544 1615 ησαν,
579 1551 673 1605 καὶ
707 1553 896 1616 στάσις
930 1556 1144 1626 μεγάλη
1197 1560 1800 1631 ἐγεγόνειάναμεταξῦ
1857 1564 1967 1616 τῶν

399 1642 626 1697 Ἐνετῶν
649 1646 742 1700 καὶ
772 1649 1080 1719 Λιγουρίων
1108 1667 1124 1681 ·
1174 1649 1362 1720 ἔλεγον
1416 1654 1526 1724 γὰρ
1581 1657 1630 1708 oi
1678 1655 1966 1727 Λιγούριοι

385 1738 480 1788 καὶ
510 1737 909 1808 διισχυρίζοντο
945 1747 1040 1794 τοῦ
1069 1738 1211 1798 εἶναι
1242 1745 1440 1809 αὐτοὺς
1463 1748 1897 1818 ἐμπειροτάτους
1930 1748 1966 1816 ἢ

385 1828 514 1892 τοὺς
550 1827 800 1894 Ἐνετοὺς
829 1833 888 1886 ἐν
919 1835 1084 1887 παντὶ
1113 1836 1424 1908 πράγματι,
1457 1839 1552 1893 καὶ
1602 1840 1672 1894 δι’
1704 1840 1966 1911 ἀπειρίαν

389 1919 464 1990 μὴ
484 1921 682 1976 εἰδέναι
703 1923 794 1977 τὸν
821 1926 998 1980 Κόκον
1038 1929 1302 1984 Ἰάκωϐον
1327 1930 1362 1984 5;
1385 1933 1582 1998 ἐποίει,
1611 1932 1735 1986 οὔτε
1767 1936 1971 1996 ἐκεῖνος

385 2010 507 2064 οὕτε
539 2015 586 2066 οι
615 2013 793 2069 λοιποὶ
824 2017 937 2070 τῶν
978 2018 1212 2075 Ἐνετῶν
1251 2021 1286 2076 ἃ
1313 2023 1716 2094 ἐπιχειρίζοντο
1741 2042 1755 2056 ·
1788 2026 1859 2078 δι’
1901 2025 1970 2096 ἣν

387 2103 570 2158 αἰτίαν
607 2107 734 2170 τοὺς
779 2109 1193 2178 τεσσαράκοντα
1248 2114 1494 2178 ἐκείνους
1545 2117 1700 2179 νέους
1757 2117 1970 2170 ἀπώλε-

388 2213 510 2262 σαν,
551 2197 622 2250 δι’
645 2198 739 2263 οὒς
768 2201 1022 2266 τοσοῦτος
1052 2200 1233 2269 οἶκτος
1267 2206 1506 2274 ἐγένετο,
1534 2210 1626 2262 καὶ
1674 2209 1773 2272 τὰς
1811 2211 1971 2280 τριή-

389 2303 501 2352 ρεις
524 2290 618 2340 καὶ
651 2288 750 2359 τὴν
777 2291 1027 2360 γέφυραν
1066 2295 1164 2359 τὰς
1199 2298 1254 2348 ἐν
1281 2297 1357 2365 τῷ
1380 2298 1561 2368 λιμένι
1596 2300 1696 2353 οὐκ
1727 2301 1971 2371 ἐπυρπό-

386 2375 576 2446 λησαν.
619 2377 705 2442 Ὠς
735 2377 827 2434 οὖν
852 2383 1086 2452 ἤκουσεν
1114 2389 1143 2439 ὁ
1169 2387 1423 2457 βασιλεὺς
1449 2391 1519 2446 τά
1545 2395 1835 2462 γενόμενα,
1883 2395 1970 2446 ἐλ-

388 2468 498 2525 θὼν
550 2473 797 2547 ὡμίλησε
859 2481 973 2558 τοῖς
1052 2481 1290 2548 Ἑνετοίς
1353 2482 1446 2540 καὶ
1500 2487 1832 2558 Λιγουρίοις,
1874 2491 1970 2544 καὶ

387 2563 730 2637 λυπούμενος
755 2569 873 2625 εἷπε
909 2588 924 2603 °
963 2593 981 2626 ι
1020 2577 1336 2646 Παρακαλῶ
1377 2581 1545 2650 ὑμᾶς,
1595 2583 1835 2653 ἀδελφοὶ,
1893 2588 1969 2639 εί-

393 2660 672 2726 ρηνεύετε,
713 2663 824 2717 Καὶ⁹
860 2667 1024 2736 ἀρκεῖ
1067 2670 1198 2738 ὑμῖν
1233 2673 1262 2723 ὀ
1293 2671 1494 2736 ἔξωθεν
1544 2675 1780 2742 πόλεμος
1805 2695 1821 2711 ο
1874 2681 1968 2732 καὶ

392 2749 816 2841 μὴῌάνιιμεταξὺ
850 2757 1005 2826 ὑμῶν
1055 2761 1294 2830 μάχεσθε
1336 2763 1428 2818 διὰ
1456 2768 1586 2828 τοὺς
1644 2770 1966 2841 οίκτιρμοὺς

388 2839 486 2935 τοῦ
514 2841 673 2898 Θεοῦ.
710 2863 729 2897 ι
762 2847 874 2900 Καὶ
913 2849 1050 2906 ἄλλα
1080 2853 1250 2909 πολλὰ
1295 2856 1692 2930 δημηγορήσας
1752 2839 1969 2935 εέρήηνο-

391 2931 623 3001 ποίησεν
646 2937 864 3003 αὐτούς.
1807 2931 1819 2935 “
1862 2931 1887 2982 ’-

462 3114 625 3211 2β9
675 3117 732 3171 ’0
769 3120 824 3174 δὲ
871 3125 1096 3195 ἀμηρᾶς
1137 3127 1281 3182 ἰδὼν.
1311 3133 1597 3200 γεγονέναι
1639 3136 1706 3211 τὸ
1765 3139 1974 3208 ἡμέτε-

709 3212 790 3274 ei;
818 3215 971 3309 οῦδὲν
996 3219 1273 3292 χρήσιμον
1305 3225 1450 3278 κατὰ
1497 3226 1606 3280 τῶν
1639 3206 1965 3301 Δτριήρεων,
1998 3247 2044 3309 ο

389 3294 526 3348 ἀλλὰ
552 3299 760 3366 μᾶλλον
793 3306 888 3360 καὶ
911 3308 1328 3383 ἐζημιώθημεν,
1367 3320 1679 3390 περιχαρὴς
1703 3294 1963 3389 ’γεγονὼέ

385 3489 547 3542 quam
578 3479 727 3536 aliud
767 3465 1160 3555 praestiterunt,
1193 3491 1298 3548 nisr
1328 3494 1474 3561 quod
1499 3511 1661 3550 unam
1706 3496 1964 3552 combus-

384 3572 894 3630 serunttriremem.
932 3579 1116 3646 Ignem
1149 3583 1291 3636 enim
1323 3586 1472 3652 pomi
1513 3588 1774 3654 injectum
1815 3585 1958 3641 Tur-

383 3676 572 3715 carum
595 3665 752 3718 turba
783 3667 1070 3724 confestim
1095 3675 1373 3728 exstinxit.
1411 3674 1650 3733 Juvenes
1670 3679 1788 3734 illos
1808 3695 1963 3749 egre-

383 3754 500 3822 gios
536 3765 590 3809 et
625 3755 896 3814 formosos
926 3761 1129 3831 impius
1191 3781 1407 3822 ameras
1454 3769 1520 3822 ad
1558 3785 1724 3823 unum
1768 3785 1961 3826 omnes

383 3855 604 3914 postero
634 3865 792 3905 mane
854 3852 906 3906 in
956 3867 1254 3926 conspectu
1309 3869 1501 3914 nostro
1563 3862 1962 3919 miserabiliter

384 3945 644 4002 trucidari
668 3946 855 4016 jussit.
889 3948 1093 4006 Luctus
1138 3950 1267 4007 hinc
1323 3953 1379 4006 in
1421 3955 1554 4010 urbe
1599 3954 1792 4024 ingens
1833 3955 1958 4022 fuit,

383 4045 642 4107 tantaque
673 4049 792 4094 erat
821 4041 1170 4111 imperatoris
1199 4047 1479 4112 maestitia,
1502 4048 1692 4118 utipse
1713 4049 1957 4105 vicissim

383 4131 628 4200 captivos
682 4131 889 4189 Turcas
941 4136 997 4189 in
1083 4138 1325 4192 turribus
1363 4139 1722 4196 circumcirca
1778 4143 1956 4198 occidi

379 4223 611 4291 juberct,
647 4240 874 4282 numero
903 4227 1168 4284 ducentos
1191 4231 1501 4300 sexaginta.
1557 4231 1706 4287 Ortae
1733 4241 1863 4288 sunt
1889 4251 1955 4289 ex

384 4316 484 4368 hac
509 4331 564 4370 re
592 4318 783 4382 turbae,
819 4333 882 4374 ac
911 4335 1105 4390 magna
1143 4323 1372 4377 emersit
1419 4322 1563 4378 inter
1615 4323 1856 4380 Venetos
1903 4333 1971 4379 et-

383 4405 611 4478 Ligut‘es
645 4411 863 4468 seditio.
903 4413 1168 4472 Dicebant
1194 4415 1341 4471 enim
1385 4425 1440 4471 et
1500 4416 1960 4473 aﬂirmabant-Li-

379 4517 564 4569 geres,
587 4518 645 4558 se
676 4506 824 4559 omni
875 4508 930 4560 in
959 4523 1018 4563 re
1071 4507 1299 4566 Venetis
1351 4510 1644 4580 peritiores
1701 4526 1848 4579 esse,
1907 4521 1960 4567 et

2081 648 2100 678 ι
2136 631 2218 683 Τά
2251 631 2353 684 ὅσα
2380 630 2537 684 αὐτοὶ
2563 632 2662 683 οὐκ
2689 632 3028 702 ἐδυνήθησαν
3069 634 3202 702 ἡμῖν
3239 615 3490 700 ποιησαι,
3539 632 3653 699 ἐγὼ

2075 723 2511 792 ἀνταμείψομαι,
2543 741 2562 774 ι
2603 723 2700 776 καὶ
2731 724 2939 777 ἄνωθεν
2979 726 3036 777 ἐν
3065 725 3143 794 τῷ
3171 724 3320 794 λόφῳ
3351 725 3448 779 τοῦ
3486 726 3647 793 ἁγίου

2074 813 2357 882 Θεοδώρου
2397 815 2573 886 πέραν
2609 816 2668 868 ἐν
2695 815 2772 884 τῷ
2831 816 3048 887 Ραλατᾷ
3077 817 3348 880 ἐλεϐόλεις
3405 816 3649 885 μεγάλας

2076 905 2303 974 στήσας,
2331 907 2421 960 ἵνα
2450 907 2549 970 τὰς
2597 907 2877 977 ἡμετέρας
2912 907 3051 976 νῆας
3081 909 3180 972 τὰς
3239 910 3299 960 ἐν
3337 911 3404 977 τῇ
3455 906 3649 974 εἰσόδῳ

2074 995 2170 1049 τοῦ
2203 995 2423 1065 λιμένος
2460 997 2658 1068 βυθίσῃ
2688 999 2784 1050 καὶ
2827 996 2952 1051 ὅθεν
2983 994 3126 1068 ἦσαν
3176 999 3386 1068 ποιήσῃ
3430 1001 3650 1065 όινοιχω⁴⁵

2078 1089 2270 1158 pigeat.
2305 1091 2414 1144 Καὶ
2447 1091 2623 1146 ταῦτα
2685 1091 2785 1161 μὲν
2837 1094 3022 1146 ἐποίει
3068 1093 3189 1160 οὐχὶ
3238 1094 3396 1163 μόνον
3435 1093 3524 1146 διὰ
3554 1092 3656 1163 τὴν

2074 1177 2282 1230 εἴσοδον
2320 1179 2416 1232 τοῦ
2451 1181 2701 1249 λιμένος,
2730 1182 2846 1236 ἀλλ’
2877 1182 2966 1236 ἵνα
3021 1184 3120 1238 καὶ
3149 1182 3247 1242 τὰς
3308 1183 3417 1236 τῶν
3457 1183 3656 1250 Διγου-

2078 1268 2218 1338 ρέων
2250 1269 2394 1340 νῆας
2417 1272 2850 1352 ἀνταμείψηται,
2887 1276 3040 1335 ὅπως
3090 1273 3250 1347 δείξῃ
3274 1275 3407 1344 ἡμῖν
3437 1277 3520 1328 ὅτι
3572 1277 3654 1337 είς

2072 1362 2143 1415 τὰ
2184 1363 2364 1418 πάντα
2423 1365 2652 1420 δύναται
2703 1369 2801 1421 καὶ
2853 1368 3116 1438 ἀγχίνους
3161 1369 3258 1421 καὶ
3310 1366 3655 1438 πολύτροπος

2073 1460 2247 1513 ἐστιν.
2296 1458 2528 1522 ’ἰδόντες
2561 1459 2620 1511 δέ
2676 1461 2726 1512 oi
2778 1461 2836 1514 ἐν
2886 1437 2965 1531 τῷ
2997 1437 3655 1532 Γαλατᾷῦτιντὰςῗνῆίς

2073 1549 2327 1605 ἐϐούλετο
2356 1549 2661 1622 ζημιῶσαι,
2689 1553 3055 1623 συναχθέντες
3081 1549 3236 1608 εἶπον
3268 1556 3416 1625 αὕτῷ
3436 1571 3452 1586 ’
3495 1573 3512 1606 ι
3539 1555 3655 1608 Οὐκ

2071 1639 2192 1693 ἔστι
2219 1641 2436 1696 δίκαιον
2463 1643 2550 1695 ὅτι
2577 1643 2679 1704 τὰς
2711 1643 2821 1696 τῶν
2861 1644 3179 1714 Λιγουρὲων
3213 1645 3310 1697 καὶ
3359 1645 3519 1713 ἡμῶν
3559 1646 3656 1712 ἐμ-

2073 1735 2315 1806 πορικὰς
2346 1735 2482 1805 νῆας
2535 1735 2839 1804 ζημιῶσαι,
2869 1737 3016 1804 φίλοι
3065 1737 3239 1799 ὄντες.
3280 1760 3299 1789 ο
3342 1735 3401 1790 Ὀ
3435 1737 3491 1789 δὲ
3524 1738 3655 1789 ἁπο-

2073 1825 2293 1897 κριθεὶς
2319 1821 2475 1881 εἶπεν
2515 1827 2735 1891 αὐτοῖς’
2777 1847 2797 1881 t
2849 1823 3022 1883 Αῦται
3071 1830 3129 1883 αἱ
3181 1829 3308 1897 νῆες
3352 1829 3455 1882 οῦκ
3513 1829 3653 1881 εἰσιν

2002 1886 2046 1942 Β
2075 1886 2406 1992 ἐμπορικαὶ,
2439 1919 2580 1973 ἀλλὰ
2613 1886 2814 1992 λῃσταὶ⁵
2849 1921 3158 1986 θαλάττιοι,
3215 1886 3310 1977 καλ.
3356 1922 3518 1992 χάριν
3557 1925 3657 1991 ἐμ-

2075 2011 2310 2081 πορείας
2337 2011 2439 2065 οὐκ
2479 2007 2648 2083 ἦλθον
2683 2014 2943 2077 ἐνταῦθα,
2970 2014 3086 2068 ἀλλ’
3122 2016 3211 2068 ἵνα
3269 2016 3363 2068 τὸν
3429 2016 3655 2086 βασιλέα

2071 2104 2162 2157 τὸν
2186 2105 2218 2173 ἡ
2229 2103 2348 2171 μῶν
2367 2103 2566 2174 ἐχθρὸν
2593 2103 2963 2176 βοηθήσωσιν.
3006 2106 3146 2174 Ἐγὼ
3165 2107 3222 2160 δὲ
3250 2107 3326 2170 ὡς
3350 2109 3654 2178 προφανεῖς

2073 2195 2327 2266 ἐχθροὺς,
2363 2197 2412 2250 εί
2469 2196 2725 2262 δυνατὸν,
2791 2198 2934 2252 θέλω
2990 2197 3321 2252 παιδεῦσαι·
3383 2200 3542 2269 ὑμεῖς
3597 2199 3654 2251 δὲ.

2070 2288 2353 2342 άπὲλθατε
2381 2290 2504 2359 μετ’
2539 2292 2768 2362 εἰρήνης
2802 2292 2877 2356 ὡς
2924 2291 3092 2362 φίλοι.
3133 2311 3152 2344 ι
3198 2292 3400 2346 Λοιπὸν
3428 2291 3525 2344 τοῦ
3561 2292 3660 2357 ερε.

2070 2397 2170 2448 γου
2205 2381 2508 2452 ἁψάμενος,
2543 2386 2638 2438 καὶ
2663 2381 2751 2456 -ἦν
2789 2387 2920 2439 ἰδεῖν
2956 2388 3188 2456 σημεῖον
3223 2389 3304 2440 ὅτι
3338 2389 3404 2456 τῇ
3457 2385 3677 2456 πρώτην

2071 2476 2311 2530 ἐλεῦὀλει
2417 2480 2445 2531 ό
2471 2479 2728 2550 τεχνίτης
2761 2481 2821 2532 τὸ
2851 2480 2966 2548 πῦρ
3022 2481 3251 2535 ἐνέϐαλε
3287 2480 3386 2550 τὴν
3420 2481 3522 2551 νῆα
3551 2479 3650 2548 τὴν

2072 2571 2182 2624 τῶν
2212 2570 2714 2642 άλλωνἘρχουσαν
2761 2571 3038 2651 ἐϐῥθισεν.
3071 2573 3137 2624 AI
3194 2572 3253 2626 δὲ
3284 2573 3472 2626 λοιπαὶ
3507 2571 3650 2624 ἰδοῦ-

2075 2679 2168 2715 σαι
2197 2663 2288 2715 τὺν
2315 2662 2568 2717 κίνδυνον
2599 2665 2693 2718 καὶ
2718 2663 2977 2719 θέλουσαι
3009 2666 3226 2735 φυγεῖν,
3269 2667 3362 2718 ἐπὶ
3393 2665 3454 2717 τὸ
3489 2664 3664 2738 260-

2075 2757 2244 2824 μέρος
2284 2757 2447 2811 πλέον
2476 2757 2828 2812 τοῦΓαλατᾶ
2857 2759 3046 2828 ὀλίγον
3080 2758 3337 2813 ἐλθοῦσαι
3381 2759 3482 2829 τὴν
3527 2759 3651 2810 στά-

2073 2863 2159 2900 σιν
2214 2847 2512 2918 ἐποίησαν,
2558 2850 2713 2913 ὅπως
2770 2849 2861 2904 διὰ
2914 2850 3028 2905 τῶν
3077 2835 3433 2922 ὑψηλοτάτων
3483 2849 3670 2901 οἴκων

2073 2941 2414 2996 σκέπωνταιο
2472 2943 2636 3007 αὐτὸς
2689 2943 2747 2997 δὲ
2798 2944 2877 3014 μὴ
2942 2945 3264 3015 φειδόμενος
3316 2945 3430 2998 τῶν
3475 2943 3689 2999 οἴκων

2072 3035 2303 3098 πολλοὺς
2335 3035 2628 3106 ἐχάλασεν,
2663 3037 2754 3090 ἵνα
2793 3037 3095 3100 ἀκωλύτως
3141 3040 3241 3100 τὰς
3294 3038 3432 3106 νῆας
3455 3109 3458 3111 _
3472 3037 3652 3109 μάχη-

2070 3141 2180 3178 ταιι
2217 3126 2326 3180 Καὶ
2360 3122 2429 3196 ἦν
2492 3126 2776 3197 θαυμάσαι
2837 3129 2920 3182 ὃτι
2985 3129 3172 3183 πλεῖον
3231 3128 3264 3200 ἥ
3308 3129 3505 3205 ἐκατὸν
3553 3129 3649 3181 καὶ

2072 3219 2370 3286 τριάκοντα
2400 3219 2672 3282 ἐλεὸόλεις
2706 3220 2872 3291 ῥίψας
2902 3220 3064 3274 οὐδέν
3091 3239 3144 3274 τι
3176 3221 3348 3276 πλέον·
3383 3221 3480 3279 τὰς
3513 3217 3664 3289 νῆαςι

2074 3309 2314 3380 ἔϐλαψεν
2356 3309 2486 3364 οὕτε
2554 3308 2862 3382 ἄνθρωπον,
2902 3309 3268 3377 ἐθανάτωσεν,
3337 3308 3386 3363 εί
3439 3304 3682 3381 μὴ-γυο.

2071 3492 2223 3548 tione
2247 3492 2411 3558 dixit,
2470 3492 2752 3549 facturum
2810 3509 2871 3551 se
2934 3493 3115 3561 nobis,
3168 3509 3294 3564 quae
3350 3508 3452 3548 nos
3509 3490 3698 3560 ipsis.

2073 3581 2250 3639 facere
2293 3600 2404 3638 non
2460 3585 2856 3653 potuissemus.
2912 3585 3100 3656 Itaque
3161 3585 3215 3639 in
3269 3585 3411 3640 colle
3471 3584 3703 3640 sancti‘

2070 3674 2339 3730 Theodori
2367 3683 2520 3729 trans
2553 3676 2732 3731 sinum
2769 3676 2912 3746 apud
2945 3676 3194 3731 Galatam
3261 3693 3505 3745 magnas-
3553 3679 3648 3730 he-

2070 3766 2270 3835 lepoles
2318 3768 2623 3832 collocavit,
2654 3778 2714 3822 ut
2762 3783 2928 3824 naves
2959 3778 3177 3826 nostras
3229 3770 3306 3824 ad
3362 3771 3644 3823 introitum

2068 3868 2260 3924 portus
2296 3857 2646 3922 constitutas,
2679 3859 2788 3914 nisi
2840 3861 3180 3924 recederent,
3241 3859 3642 3929 submergeret.

2069 3949 2244 4015 Atque
2275 3948 2378 4002 hoc
2415 3947 2652 4004 faciebat
2698 3965 2807 4004 non
2841 3951 3026 4005 solum
3076 3959 3296 4020 propter
3353 3952 3640 4005 introitum
3671 3987 3692 3996 .-
3737 3959 3740 3961 '

2069 4046 2278 4107 portus,
2311 4041 2403 4094 sed
2433 4039 2623 4106 etiam,
2653 4050 2712 4096 ut
2745 4040 3008 4113 Ligurum
3060 4043 3311 4098 navibus
3361 4059 3460 4113 par
3522 4044 3642 4098 red-

2070 4131 2242 4197 deret,
2278 4132 2546 4201 nobisque
2592 4133 2926 4200 ostenderet,
2956 4149 3014 4189 se
3043 4149 3204 4204 posse
3253 4135 3439 4189 omnia
3489 4143 3546 4190 et
3586 4137 3638 4188 in

2068 4223 2550 4294 primissolertem
2597 4235 2650 4282 et
2680 4235 2964 4282 versutum
2997 4241 3136 4282 esse.
3163 4225 3388 4282 Galataei
3423 4243 3645 4282 ccrnen-
3685 4269 3690 4272 .

2073 4327 2176 4382 tes,
2201 4331 2440 4372 ameram
2468 4332 2634 4375 naves
2668 4319 3147 4388 pessumdaturutn
3170 4335 3312 4385 esse,
3331 4319 3647 4391 frequentes

2067 4424 2192 4464 eum
2229 4409 2570 4465 conveniunt
2595 4420 2952 4484 monentque,
2979 4428 3195 4482 aequum
3245 4428 3356 4468 non
3405 4429 3548 4478 csso,
3581 4415 3648 4468 ab

2071 4501 2162 4566 iis,
2197 4501 2400 4572 quippe
2432 4503 2648 4570 amicis,
2684 4503 2942 4574 Ligurum
2974 4514 3026 4559 et
3056 4521 3187 4561 suas
3205 4506 3344 4561 adeo
3373 4516 3647 4561 mercato-

379 4593 643 4651 Jacobum
707 4598 914 4653 Cocum
983 4617 1050 4655 ex
1114 4601 1388 4671 imperitia
1448 4605 1770 4670 nescivisse,
1822 4605 1955 4674 quid

2069 4594 2178 4648 rias
2213 4610 2379 4651 nares
2424 4597 2788 4665 pessumdari.
2845 4597 2915 4650 At
2985 4599 3075 4652 ille
3127 4600 3457 4668 respondit:
3518 4599 3648 4652 «lite
3687 4635 3690 4638 -

378 4687 608 4751 faceret,
638 4703 741 4743 nec
787 4693 1134 4759 perspexisse
1192 4693 1274 4747 vel
1334 4694 1516 4762 ipsum
1567 4697 1651 4753 vel
1705 4696 1952 4767 reliquos

387 4782 642 4846 Venetos,
696 4782 787 4853 qui
855 4784 1169 4839 auderent:
1248 4786 1398 4842 unde
1455 4788 1820 4858 quadraginta
1877 4789 1955 4844 illi

376 4875 625 4944 juvenes,
653 4884 873 4944 propter
900 4891 1038 4945 quos
1071 4887 1256 4934 tantus
1287 4879 1471 4933 luctus
1536 4887 1706 4947 esset,
1757 4882 1954 4950 periis-

374 4979 516 5030 sent,
549 4983 614 5023 ac
641 4969 890 5024 triremes
942 4980 996 5024 et
1042 4985 1180 5040 pons
1229 4971 1281 5024 in
1343 4983 1505 5040 portu
1562 4988 1670 5027 non
1719 4971 1956 5029 fuissent

376 5061 620 5116 incensa.
656 5059 782 5116 Haec
804 5061 895 5116 ubi
927 5061 1135 5117 audivit
1163 5063 1485 5132 imperator,
1527 5065 1662 5117 adiit
1716 5064 1953 5120 Venetos

374 5161 428 5204 et
458 5149 709 5221 Ligures,
747 5161 801 5206 et
829 5151 1031 5208 amicto
1067 5153 1255 5208 animo
1292 5154 1366 5208 ita
1394 5169 1491 5209 eos
1524 5155 1800 5211 allocutus
1820 5165 1942 5212 est:

380 5263 396 5294 ι
438 5245 682 5299 Obsecro
711 5259 830 5306 vos,
861 5244 1080 5311 fratres,
1135 5261 1323 5315 pacem
1382 5247 1546 5302 colite
1577 5265 1590 5301 :
1625 5247 1826 5304 sufficit
1857 5265 1954 5304 exs-

373 5348 584 5391 ternum
642 5337 868 5392 bellum.
921 5338 1122 5404 Nolite,
1177 5354 1276 5408 per
1337 5339 1798 5396 misericordiam”
1831 5342 1951 5406 Dei.

375 5439 624 5485 mutuum
683 5431 879 5486 bellum
934 5447 1242 5488 exercere.»
1306 5431 1425 5486 Alia
1493 5433 1664 5488 multa
1721 5422 1964 5490 dicendo

372 5521 587 5575 tandem
643 5535 740 5576 eos
789 5523 1022 5593 pacavit.

437 5698 667 5753 Ameras
691 5714 814 5754 eum
835 5711 1077 5756 nostrmn
1095 5702 1356 5757 adversus
1380 5704 1633 5759 triremes
1658 5704 1940 5774 inceptum

367 5786 502 5839 nihil
551 5788 710 5844 nobis
738 5792 1034 5856 commodi,
1071 5793 1182 5846 imo
1226 5793 1489 5847 damnum
1517 5793 1768 5850 attulisse
1799 5795 1950 5850 vide-

369 5888 472 5945 ret,
515 5880 711 5950 ga‘udio
742 5879 1024 5940 exsultans
1056 5900 1163 5940 non
1208 5886 1326 5942 sine
1382 5887 1526 5944 fastu
1573 5897 1627 5943 et
1693 5887 1945 5960 indigna-

2066 4701 2232 4742 naves
2263 4703 2368 4741 non
2398 4697 2526 4742 sunt
2553 4690 2914 4752 mercatoria,
2945 4691 3036 4743 sed
3061 4692 3323 4759 piraticze,
3374 4707 3476 4746 nec
3500 4709 3644 4746 nier-

2064 4785 2267 4832 catnrae
2292 4779 2464 4847 gratia
2496 4779 2602 4833 huc
2633 4779 2996 4842 advenerunt,
3053 4783 3152 4837 sed
3217 4783 3640 4852 imperatorem,-

2063 4867 2273 4922 hostcm
2301 4877 2569 4934 nostrmu,
2601 4867 2886 4936 adjuturae.
2918 4869 3098 4935 Quare
3145 4878 3204 4924 nt
3228 4872 3414 4925 hostes
3463 4876 3640 4927 mani-

2063 4957 2254 5023 festos,
2277 4959 2320 5014 si
2355 4967 2566 5028 potero,
2584 4974 2678 5014 eos
2705 4959 2946 5029 puniam.
2969 4959 3098 5027 Vos,
3118 4971 3176 5015 ut
3207 4963 3393 5028 amici,
3415 4963 3578 5017 abite.
3611 4983 3632 5016 ι
3660 5001 3673 5007 η

2061 5050 2255 5120 Itaque
2286 5065 2426 5120 opus
2454 5066 2748 5122 aggressus
2777 5062 2882 5117 est,
2929 5054 3342 5123 atqueaccidit,
3379 5064 3441 5108 nt
3467 5057 3639 5124 magi-

2063 5153 2178 5199 ster
2238 5144 2415 5212 prima
2459 5143 2718 5211 ltelepoli,
2780 5143 2869 5199 cui
2936 5145 3114 5215 ignem
3176 5145 3382 5216 injecit,
3443 5163 3676 5201 navem-

2062 5237 2365 5306 principem
2387 5237 2746 5306 demergeret.
2771 5235 3024 5306 Reliqua.L
3038 5252 3231 5301 naves,
3251 5237 3638 5294 animadverso
3669 5281 3673 5285 .

2062 5331 2323 5400 periculo,
2350 5330 2474 5400 fuga
2500 5330 2733 5385 salutem
2757 5332 3078 5399 quaerebant
3101 5339 3166 5386 et.
3215 5330 3463 5386 Galatam
3515 5347 3637 5386 ver-

2059 5438 2152 5478 sus
2199 5424 2363 5492 paulo
2442 5431 2712 5493 provectae
2790 5423 3178 5489 constiterunt,
3237 5432 3305 5478 ut-
3357 5425 3676 5480 altissimis.

2060 5518 2309 5574 aedificiis
2345 5527 2673 5588 tegerentur.
2707 5521 2776 5572 At
2798 5517 2887 5573 ille
2913 5517 3048 5573 nihil
3087 5519 3329 5589 pepercit
3368 5518 3630 5582 aedificiis,

2060 5610 2154 5664 sed
2184 5624 2373 5665 eorum
2408 5611 2580 5664 multa
2605 5609 2795 5676 diruit,
2824 5625 2934 5680 quo
2993 5609 3164 5665 libere
3227 5625 3396 5665 naves
3458 5626 3644 5680 oppu--

2058 5711 2268 5774 gnaret.
2301 5701 2504 5757 Verum
2535 5701 2732 5756 mirum
2761 5703 2865 5757 hoc
2904 5703 3127 5766 accidit,
3171 5710 3234 5757 ut
3298 5711 3520 5756 centum
3577 5712 3661 5757 etv-

2059 5796 2277 5865 trig-inta
2307 5795 2543 5866 amplius
2595 5795 2934 5864 helepolibus
3010 5810 3166 5856 usus.
3226 5793 3402 5849 nihilo
3456 5795 3634 5865 magis

2059 5889 2288 5945 naribus
2315 5895 2556 5957 noceret,
2599 5903 2696 5944 nec
2731 5888 3006 5945 hominem
3051 5888 3222 5944 ullum
3267 5888 3664 5959 interficereth
