3964 6492
447 390 556 452 863
947 413 958 424 ·
1699 389 2026 454 GEORGII

2146 391 2504 453 inAN'rm
2561 353 2576 380 ’
3118 417 3123 431 ι
3338 457 3343 462 ,
3627 401 3715 464 εει

446 503 733 572 ἐποίησαν,
761 502 856 556 καὶ
889 505 1030 575 μετά
1055 506 1370 578 προθυμίας
1403 511 1499 564 καὶ
1527 513 1914 582 γενναιότητος
1937 513 2038 568 καὶ
2067 516 2114 573 Α
2141 509 2412 575 λάξαντες
2487 505 2629 580 ἦσαν
2714 508 2856 564 κατά
2933 509 3032 581 τὴν
3111 511 3354 566 ἐκείνων
3425 513 3713 571 διάλεκτον·

452 594 876 665 μεγαλοψυχίας
909 596 1038 660 τοὺς
1072 599 1291 670 τείχους
1323 602 1534 657 ἀνωθεν
1597 607 1735 674 μετά
1785 607 1894 660 τῶν
1926 607 2042 662 κλι-
2157 625 2176 658 ι
2214 605 2382 660 Ἀ)λά
2409 603 2585 658 ἀλλά·
2625 605 2886 674 Μεεμέτη
2920 603 3126 674 ρεσοὺλ
3156 603 3327 670 ἀλλὰ,
3370 623 3391 659 ι
3419 606 3558 660 τοῦτ’
3573 610 3713 665 ἔστιν·

450 689 526 756 μά
540 706 644 742 κων
679 690 756 753 ὡς
796 696 1072 762 πτερωτοὶ
1116 695 1386 768 διὲλθητε’
1451 700 1552 754 καὶ
1581 701 1682 771 τὴν
1714 702 1907 772 φήμην
1972 705 2040 772 ἣν
2171 718 2189 752 ι
2213 696 2275 752 Ὀ
2307 697 2440 760 Θεὸς
2472 697 2581 750 τῶν
2613 697 2776 762 θεῶν,
2811 696 2906 751 καὶ
2935 698 2962 750 6
2988 697 3379 770 Μαχουμέτης
3408 701 3436 752 ὁ
3463 703 3718 776 προφήτης

449 783 498 836 οἱ
533 783 636 850 πρὸ
694 784 876 852 ἡμῶν,
917 785 1020 848 ’ώς
1055 787 1310 856 εἴπομεν,
1353 793 1661 862 ἐκέρδησαν
1713 797 1809 848 καὶ
1845 799 1873 850 6
1904 796 2040 860 Θεὸς
2147 791 2339 844 αὑτοῦ.
2389 809 2407 842 ι

445 875 775 946 ἐχαρίσατο,
813 881 888 948 μὴ
924 879 1142 948 γένοιτο
1173 884 1259 936 ἵνα
1319 887 1483 954 ἡμεῖς
1535 889 1901 963 ἀπολέσωμεν
1935 893 2040 948 αύ-
2222 882 2382 952 271
2442 880 2808 944 Ἀκούσαντες
2857 880 2916 934 δὲ
2956 882 3128 953 ἡμεῖς
3175 883 3239 937 έν
3312 886 3383 956 τῇ
3439 886 3586 939 πόλει
3633 889 3716 958 τῆς

447 970 568 1038 τὴν,
607 969 744 1022 ἀλλά
775 972 1016 1040 μάλιστα
1072 973 1168 1028 νῦν
1199 977 1230 1046 ἡ
1292 977 1414 1048 ὥρα
1461 981 1694 1050 ἤγγικεν
1728 985 1814 1038 ἵνα
1866 985 2042 1057 αὐτὴν
2145 975 2424 1044 τοσαύτης
2457 976 2710 1044 κραυγῆς
2740 975 2878 1028 ώσεὶ
2903 971 3040 1046 ἦχον
3070 976 3266 1045 μέγαν
3293 977 3591 1050 θαλάσσης,
3623 982 3718 1034 ὲλο-

448 1061 841 1126 πολυπλασίως
874 1065 1041 1135 27o
1062 1064 1413 1141 αὐξήσωμεν,
1455 1093 1473 1124 ι
1512 1075 1624 1126 Καὶ
1655 1076 1880 1145 ἑτέρους
1906 1078 2040 1132 πολ-
2148 1064 2423 1136 γιζόμεθα
2449 1066 2504 1120 τί
2530 1066 2639 1138 ἄρα
2677 1068 2819 1121 ἐστί·
2859 1068 2981 1136 μετ’
3016 1067 3210 1136 ὀλίγον
3238 1069 3302 1122 δὲ
3343 1071 3617 1142 ἐμάθομεν
3647 1073 3720 1142 βε-

448 1151 575 1212 iob:
610 1154 803 1222 λόγους
841 1163 1283 1225 στρατιωτικοὺς
1340 1163 1524 1218 είττὼν
1565 1165 1754 1229 αὐτοῖς
1799 1167 2039 1238 διέγειρε

444 1247 678 1300 τούτους
741 1251 819 1311 είς
868 1252 1311 1322 μεγαλοψυχίαν,
1377 1257 1466 1312 ἵνα
1508 1261 1780 1326 γενναίως
1811 1265 2041 1334 πράξω-

447 1355 557 1393 σιν.
590 1335 721 1394 Εἶτα
754 1342 942 1409 λέγει·
981 1364 1000 1396 ι
1041 1348 1150 1401 Καὶ
1188 1349 1283 1402 ὲάν
1309 1352 1402 1403 καὶ
1425 1352 1484 1416 ἐξ
1514 1353 1672 1422 ἡμῶν
1698 1373 1852 1419 τινες
1899 1358 2050 1411 arto?

447 1433 783 1500 κτανθῶσιν,
814 1435 887 1500 ὡς
908 1437 1027 1502 ἔθος
1064 1441 1213 1494 ἐστὶν
1245 1443 1302 1494 ὲν
1329 1446 1443 1506 τοῖς
1463 1445 1766 1516 πολέμοις,
1790 1465 2042 1520 γεγραμ-

449 1525 614 1590 μένον
646 1525 740 1578 ἐπὶ
777 1528 877 1597 τῆς
911 1532 1164 1601 κεφαλῆς
1225 1526 1414 1599 αὐτοῦ,
1481 1538 1661 1602 καλῶς
1719 1541 1902 1596 οῖδατε
1951 1544 2041 1599 διὰ

446 1615 544 1667 τοῦ
586 1619 861 1690 ἡμετέρου
895 1627 1069 1692 κορᾶν
1118 1628 1174 1679 τί
1232 1646 1398 1698 φησιν
1444 1633 1471 1684 6
1529 1635 1844 1704 προφήτης,
1899 1636 2042 1690 ὅτιό

452 1708 746 1763 ἀποθανὼν
776 1714 835 1765 ὲν
867 1716 1050 1787 καιρῷ
1084 1720 1318 1791 τοιούτῳ
1373 1723 1655 1793 όλόσωμος
1705 1729 1767 1780 ὲν
1800 1728 1880 1799 τῷ
1935 1747 2043 1784 πο.-

452 1800 692 1871 ραδείσῳ
740 1805 883 1872 μετά
955 1807 1048 1861 τοῦ
1104 1811 1355 1882 Μωὰμεθ
1405 1816 1704 1889 ἀριστήσει
1745 1821 1840 1875 καὶ
1899 1826 2036 1891 πιεῖ,

2149 1157 2318 1222 σαίως
2360 1159 2458 1212 καὶ
2489 1161 2545 1212 ὲν
2571 1159 2809 1230 ἀληθείᾳ
2843 1161 2926 1213 ὅτι
2957 1159 3051 1212 ἐπὶ
3072 1159 3182 1230 τὴν
3212 1159 3418 1230 αὔριον
3447 1167 3475 1218 ὁ
3501 1165 3717 1236 Ἀμηρᾶς

2146 1247 2414 1320 ἡτοίμασε
2439 1251 2703 1320 χερσαῖόν
2732 1267 2792 1304 τε
2827 1252 2922 1304 καὶ
2937 1253 3166 1325 ὕδραῖον
3199 1253 3449 1324 πόλεμον
3479 1257 3714 1328 σφοδρῶς,

2145 1341 2273 1395 ὅσον
2307 1343 2456 1412 αὑτῷ
2480 1339 2548 1413 ἦν
2588 1344 2837 1412 δυνατὸν,
2869 1347 3042 1401 δῶσαι
3095 1351 3170 1418 τῇ
3228 1349 3412 1402 πόλει.
3461 1351 3637 1420 Ἡμεῖς
3669 1353 3713 1406 δὲ

2148 1430 2492 1502 θεωροῦντες
2513 1435 2776 1488 τοσοῦτον
2807 1435 3015 1505 πλῆθος
3046 1437 3164 1492 τῶν
3212 1439 3464 1507 ἀσεϐῶν,
3495 1440 3629 1510 λέγω
3655 1442 3714 1507 ώς

2147 1525 2272 1592 ἐμοὶ
2304 1525 2475 1590 δοκεῖ,
2508 1527 2680 1590 ὅντως
2709 1529 2833 1582 καθ’
2879 1529 3121 1585 ἕκαστον
3168 1532 3343 1602 ἡμῶν
3402 1536 3713 1590 πεντακόσιοι

2145 1618 2244 1671 καὶ
2267 1619 2457 1673 πλεῖον
2477 1615 2619 1692 ἦσαν
2638 1622 2698 1686 ἐξ
2722 1622 2906 1677 αὐτῶν
2934 1640 2947 1654 '
2967 1625 3065 1678 καὶ
3085 1626 3172 1689 είς
3205 1625 3313 1696 τὴν
3338 1627 3452 1680 ἀνω
3481 1630 3711 1699 πρόνοιαν

2146 1708 2334 1772 πάσας
2365 1711 2523 1780 ἡμῶν
2548 1712 2647 1775 τὰς
2671 1713 2888 1777 ἐλπίδας
2916 1714 3262 1786 ἀνεθέμεθα.
3289 1717 3402 1771 Καὶ
3425 1719 3710 1788 Προστὰξας

447 1891 542 1942 καὶ
574 1895 715 1960 μετά
752 1896 963 1952 παίδων
993 1901 1090 1954 καὶ
1142 1904 1281 1971 μετά
1329 1908 1610 1973 γυναικῶν
1660 1911 1885 1982 ὡραίων
1945 1916 2039 1969 καὶ

445 1981 830 2049 παρθένωνχέν
863 1990 1018 2061 τόπῳ
1066 1993 1279 2066 χλοερῷ
1316 1999 1414 2052 καὶ
1475 2006 1882 2078 μεμυρισμένῳ
1940 2009 2040 2062 ἀν-

448 2073 601 2130 θεσιν
634 2079 949 2154 ἀναπαυθῇ,
989 2087 1082 2140 καὶ
1115 2090 1174 2141 ὲν
1199 2089 1454 2162 λουτροῖς
1503 2073 1868 2165 ὡραιοτάτοις
1919 2099 2040 2154 λουο

448 2168 573 2240 σθῇ,
607 2174 700 2226 καὶ
738 2177 1026 2250 ὲν-ὲκείνῳ
1081 2183 1160 2253 τῷ
1189 2187 1342 2257 τόπῳ
1375 2189 1440 2241 ἐκ
1493 2188 1637 2244 Θεοῦ
1672 2191 1809 2260 ,ἔξει
1839 2194 2038 2249 ταῦτα.

458 2264 734 2322 Ἐνταῦθα
779 2268 835 2324 δὲ
876 2273 1045 2328 πάλιν
1084 2275 1145 2342 ἐξ
1204 2280 1350 2348 -ὲμοῦ
1403 2282 1516 2345 πᾶς
1551 2285 1578 2336 6
1631 2285 1767 2353 ἐμὸς
1809 2288 2040 2357 στρατὸς

444 2357 541 2411 καὶ
568 2359 835 2430 ἄρχοντες
887 2366 989 2435 τῆς
1046 2369 1221 2439 αὐλῆς
1286 2390 1413 2442 μου,
1473 2375 1572 2428 ὲάν
1617 2379 1958 2449 νικήσωμεν,
2012 2384 2042 2435 6

447 2451 646 2518 μισθὲς
677 2453 736 2508 ὃν
769 2456 954 2523 ἕξουσι
989 2463 1124 2532 παρ’
1174 2465 1332 2536 ἐμοῦ,
1400 2469 1542 2523 κατά
1587 2471 1688 2540 τὴν
1742 2473 2041 2541 ἀναλογίαν

445 2545 686 2634 ἐκάστρυ
713 2548 1021 2607 διπλασίων
1067 2555 1224 2611 ἔσται
1262 2551 1328 2612 οὗ
1356 2561 1424 2614 τὰ
1456 2561 1555 2615 νῦν
1588 2563 1799 2634 ἔχουσι,
1839 2567 1899 2630 ὃς
1931 2568 2043 2623 ἀπὸ

442 2627 542 2682 τοῦ
575 2631 673 2686 νῦν
700 2635 936 2706 ἄρξηται
971 2641 1078 2705 ἕως
1102 2644 1294 2710 τέλους
1324 2648 1428 2718 τῆς
1484 2627 1650 2721 ζωῆς*
1679 2627 1892 2710 αὐτῶν,
1933 2657 2042 2712 Καὶ

454 2723 696 2794 ἡμέραις
724 2731 907 2798 τρισὶν
933 2735 966 2804 ἠ
991 2735 1146 2801 πόλις
1183 2742 1336 2793 πᾶσα
1366 2741 1522 2812 ὑμῶν
1581 2745 1784 2801 ἔσεται.
1842 2749 1956 2802 Καὶ
1988 2750 2041 2804 εί

443 2830 495 2867 τι
522 2814 570 2867 δ’
589 2816 658 2870 ἂν
683 2820 1024 2893 σκυλεύσητε
1077 2830 1171 2882 καὶ
1197 2829 1398 2903 εὕρητε
1462 2837 1694 2905 χρυσίου
1738 2839 1834 2892 καὶ
1866 2841 2040 2911 ἀργυ-

447 2908 571 2976 ρίου
609 2909 806 2976 σκεῦος
867 2918 962 2968 καί¹
1013 2919 1342 2992 ἱματισμὸν,
1413 2929 1812 2997 αἰχμαλώτους
1857 2908 1918 2986 τέ

445 2999 580 3068 δρας
609 3003 704 3055 καὶ
739 3009 1027 3074 γυναῖκας,
1065 3016 1302 3083 μικρούς
1346 3035 1403 3071 τε
1427 3021 1522 3074 καὶ
1548 3023 1842 3092 μεγάλους,
1861 3028 2039 3094 οὐδεὶς

447 3093 712 3167 δυνηθείη
745 3098 945 3166 αὐτοὺς
985 3102 1113 3174 ὑμῖν
1165 3109 1392 3181 αἰτῆσαι
1450 3113 1483 3185 ἦ
1533 3133 1587 3169 τι
1631 3119 1928 3190 ἐνοχλῆσαι
1959 3124 2040 3197 είς

2145 1800 2174 1852 6
2201 1799 2466 1870 βασιλεὺς
2503 1802 2594 1857 ἵνα
2621 1804 2764 1873 μετά
2785 1805 2896 1858 τῶν
2931 1806 3110 1876 ἁγίων
3137 1808 3240 1862 καὶ
3271 1810 3492 1864 σεπτῶν
3518 1814 3711 1866 εἰκόνων

2149 1891 2386 1947 καὶτῶν
2420 1893 2588 1948 θείων
2621 1897 3048 1968 ὲκτυπωμάτων
3089 1885 3293 1972 ἱερεῖς,
3325 1903 3594 1972 ἀρχιερεῖς
3632 1906 3707 1957 καὶ

2151 1987 2404 2057 μοναχοὶ,
2442 1991 2704 2056 γυναῖκές
2737 2007 2801 2044 τε
2828 1993 2922 2044 καὶ
2949 1993 3170 2059 παιδία,
3200 1993 3348 2065 μετά
3374 1995 3615 2066 δακρύων
3639 1998 3708 2050 Gt‘z

2149 2076 2259 2130 τῶν
2312 2078 2514 2150 τειχῶν
2570 2079 2673 2150 τῆς
2729 2082 2944 2147 πόλεως
2983 2085 3426 2156 περιερχόμενοι
3465 2089 3535 2156 ,τὸ
3565 2088 3702 2156 Κύριε

2148 2173 2378 2245 ἐλέησον
2404 2175 2545 2245 μετὰ
2579 2175 2838 2246 δακρύων
2869 2179 3136 2250 ἔκραζον,
3189 2182 3292 2235 καὶ
3320 2183 3419 2236 τὸν
3447 2181 3576 2235 Θεὸν
3619 2183 3706 2235 ίχέ-

2147 2285 2309 2322 τευον
2363 2269 2455 2324 ῖνα
2504 2269 2580 2342 μὴ
2627 2270 2715 2324 διὰ
2765 2271 2867 2336 τὰς
2896 2274 3187 2344 ἁμαρτίας
3239 2275 3409 2346 ήμῶν
3444 2275 3702 2346 παραδώσῃ

2149 2359 2300 2430 ἡμᾶς
2330 2362 2411 2424 είς
2439 2364 2634 2433 χεῖρας
2664 2362 2876 2435 ὲχθρῶν
2907 2365 3134 2436 ἀνόμων
3169 2369 3273 2421 καὶ
3295 2368 3616 2424 ἀποστατῶν
3633 2368 3702 2421 καὶ

2150 2455 2549 2523 πονηροτάτων
2592 2458 2746 2527 παρά
2783 2460 2970 2513 πᾶσαν
2994 2459 3096 2530 τὴν
3128 2461 3265 2531 γῆν,
3293 2460 3415 2516 ἀλλ’
3447 2463 3594 2525 ἵλεως
3633 2479 3698 2529 γε·

2151 2545 2388 2616 νήσηται
2423 2549 2554 2618 ἡμῖν
2573 2551 2640 2620 τῇ
2676 2551 3015 2625 κληρονομίᾳ
3037 2553 3234 2609 αὐτοῦ.
3269 2556 3382 2610 Καὶ
3409 2555 3543 2626 μετά
3569 2556 3696 2610 κλαυ-

2153 2637 2293 2708 θμοῦ
2329 2639 2603 2709 ἀλλήλους
2653 2643 3090 2716 ἀνεθαρρύνοντο
3151 2647 3245 2702 ἵνα
3288 2647 3547 2719 ἀνδρείως
3583 2648 3699 2701 ἀντι·

2153 2729 2398 2784 σταθῶσι
2429 2733 2546 2794 τοῖς
2581 2733 2851 2798 ἐναντίοις
2888 2737 2982 2789 ἐπὶ
3009 2740 3075 2807 τῇ
3105 2739 3236 2810 ὥρᾳ
3267 2740 3368 2809 τῆς
3389 2735 3697 2808 συμπλοκῆς.

2161 2822 2400 2894 Ὁμοίως
2430 2825 2486 2878 δὲ
2517 2827 2614 2879 κα)⁵
2645 2829 2672 2880 ὁ
2706 2825 2966 2897 βασιλεὺς
3006 2832 3074 2901 τῇ
3103 2832 3254 2904 αὐτῇ
3305 2831 3539 2902 ὁδυνηρᾷ
3567 2827 3696 2882 έσπέ·

2153 2933 2224 2987 ρὶι
2275 2916 2377 2986 τῆς
2425 2917 2692 2990 δευτέρας
2747 2919 2984 2986 συνάξας
3039 2923 3266 2988 πάντας
3319 2924 3446 2987 τοὺς
3489 2926 3542 2977 ἐν
3583 2920 3695 2974 τέλει

2150 3007 2424 3078 ἄρχοντας
2457 3009 2555 3062 καὶ
2605 3011 2956 3082 ἀρχομένους
2996 3014 3331 3087 δημάρχους
3368 3016 3462 3069 καὶ
3517 3017 3696 3067 ἑκατον-

2148 3101 2390 3170 τάρχους
2414 3101 2512 3154 καὶ
2540 3101 2767 3172 ἐτέρους
2796 3105 3132 3176 προκρίτους
3199 3106 3535 3178 στρατιώτας
3558 3103 3694 3158 ταῦτα

444 3187 622 3242 οὐδέν.
664 3209 682 3242 ι
722 3192 834 3245 Kal.
864 3194 1165 3261 τελειώσας
1208 3205 1306 3256 τοῦ
1354 3204 1539 3273 λέγειν
1576 3187 1795 3279 ὤμοσεν
1818 3187 1827 3190 ν
1853 3193 2039 3276 αὐτοῖς
2067 3234 2110 3292 c
2148 3193 2278 3292 ἔφης

447 3280 688 3346 φυλάξαι
718 3285 788 3338 τά
819 3285 922 3340 ὅσα
953 3288 1142 3355 αὐτοῖς
1186 3293 1498 3359 διετάξατο.
1567 3301 1631 3353 Oi
1664 3300 1722 3353 δὲ
1763 3302 2038 3357 ἀκούσαν-

447 3390 541 3436 τες
571 3373 854 3446 ἐχάρησαν
886 3377 1032 3445 λίαν,
1087 3383 1182 3437 καὶ
1234 3386 1292 3438 ὲν
1329 3391 1434 3458 μιᾷ
1479 3393 1632 3462 φωνῇ
1666 3394 1864 3457 πάντες
1901 3396 2038 3449 ἁλα-

449 3569 657 3612 neroso
681 3566 735 3612 et
772 3557 898 3615 forti
921 3561 1110 3618 animo
1145 3567 1346 3622 moenia
1401 3584 1499 3639 per
1533 3571 1718 3628 scalas
1773 3581 2036 3644 tanquam

451 3649 614 3704 alites
646 3652 986 3718 escendatis,
1022 3671 1160 3713 neve
1185 3659 1423 3728 accidat,
1457 3672 1516 3718 ut
1568 3664 1826 3735 gloriam,
1861 3683 1890 3721 a
1923 3685 2039 3724 ma-

448 3741 689 3810 joribus,
727 3755 783 3800 ut
809 3747 948 3812 dixi,
992 3751 1282 3820 quaesitam
1307 3763 1362 3809 et
1394 3769 1424 3809 a
1453 3756 1564 3812 Deo
1594 3759 1882 3826 donatam,
1935 3778 2038 3820 nos

450 3851 597 3892 nunc
623 3838 964 3910 amittamus,
993 3858 1120 3898 cum
1149 3847 1352 3902 eximie
1385 3851 1648 3920 augendae
1669 3853 1790 3924 ejus
1822 3864 2039 3926 tempus

451 3929 615 3981 adsit.
645 3947 662 3980 ι
700 3928 840 3985 Aliis
887 3932 1076 3989 multis
1106 3934 1328 3994 bellicis
1365 3941 1528 3996 dictis
1546 3942 1614 3998 ad
1652 3943 2074 4002 iortitudin-enh

449 4029 544 4072 eos
579 4019 898 4078 cohortatus
920 4031 1024 4090 est,
1054 4033 1114 4080 ut
1143 4035 1372 4085 strenue
1425 4043 1757 4103 pugnarent.
1820 4035 2034 4093 Deinde

451 4110 660 4166 addidit
700 4129 715 4166 :
764 4131 783 4164 ι
832 4113 1362 4192 ρυοάείίηοηηυιιί
1394 4124 1461 4180 de
1530 4127 1710 4192 nobis,
1782 4145 1906 4199 quas
1955 4141 2040 4186 est

451 4205 820 4270 bellinatnra,
879 4211 1258 4282 occubuerint,
1306 4213 1449 4272 bene
1501 4219 1676 4276 nostis
1711 4237 1742 4276 e
1799 4237 2033 4291 corane,

449 4299 582 4367 quid
618 4299 686 4355 de
722 4301 806 4356 his
837 4305 1100 4374 propheta
1133 4306 1282 4363 dicat
1317 4326 1330 4363 :
1366 4310 1463 4365 tali
1498 4320 1746 4382 tempore
1776 4315 1870 4385 qui
1920 4332 2040 4371 mo-

451 4390 648 4458 riatur,
679 4409 806 4448 eum
842 4409 966 4452 cum
999 4406 1115 4454 toto
1148 4414 1380 4472 corpore
1423 4403 1478 4458 in
1529 4406 1788 4473 paradiso
1845 4423 2031 4465 coena-

451 4494 636 4540 turnm
669 4497 725 4542 et
759 4488 1061 4545 bibiturum
1097 4508 1220 4550 esse
1269 4510 1394 4551 cum
1437 4496 1767 4566 Mohamete,
1821 4511 1874 4555 et
1912 4517 2035 4556 cum

2216 3283 2291 3349 ς’.
2330 3305 2349 3338 ι
2404 3285 2599 3356 Ὑμεῖς
2662 3287 2789 3359 μὲν,
2853 3289 3254 3358 εὐγενέστατοι
3329 3293 3579 3364 ἄρχοντες
3623 3287 3692 3340 καὶ

2145 3376 2599 3450 ὲκλαμπρότατοι
2626 3379 2906 3453 δήμαρχοι
2939 3383 3035 3436 καὶ
3089 3387 3409 3457 στρατηγοὶ
3456 3385 3544 3438 καὶ
3595 3398 3690 3450 γει-

2145 3560 2250 3614 hoc
2280 3569 2384 3628 est,
2426 3578 2444 3612 ι
2484 3560 2632 3618 Deus
2677 3561 2905 3618 deorum
2961 3574 3018 3620 et
3065 3563 3418 3622 Mahumetes
3468 3561 3688 3635 propheta

2144 3655 2288 3726 ejus.
2329 3674 2348 3709 ι

2214 3749 2351 3805 Cum
2386 3765 2485 3805 nos
2506 3748 2560 3803 in
2603 3749 2737 3805 urbe
2764 3759 2946 3808 tantos
2965 3752 3266 3821 clamores,
3293 3763 3542 3822 tanquam
3572 3759 3687 3810 mata"

2146 3855 2278 3894 num
2319 3841 2490 3895 maris
2522 3840 2826 3906 fremitum,
2858 3844 3210 3912 audiremus,
3244 3844 3373 3914 quid
3408 3840 3529 3904 illud
3552 3839 3684 3893 esset.

2143 3932 2549 4002 cogitabamus.
2576 3931 2681 3988 Sed
2732 3947 2857 3987 mox
2884 3943 3039 3989 certo
3070 3949 3136 3988 ae
3193 3950 3322 3989 vere
3351 3929 3683 4002 cognovimus.

2144 4021 2198 4076 in
2227 4022 2527 4077 crastinum
2564 4020 2709 4079 diem
2732 4021 2989 4078 Ameram
3012 4031 3281 4079 terrestre
3313 4031 3365 4078 et
3393 4018 3682 4074 maritimum

2144 4115 2371 4181 bellum,
2423 4117 2691 4185 quantum
2745 4123 2953 4182 posset,
3009 4114 3130 4170 urbi
3172 4125 3391 4185 parare.
3454 4110 3685 4205 intuit-ulti

2145 4219 2350 4264 tantam
2391 4207 2686 4278 impiorum
2722 4208 3132 4263 Intdtitudinem
3165 4208 3390 4278 (dicam,
3422 4199 3555 4273 quod
3580 4193 3682 4250 mihi

2143 4302 2405 4372 videtur),
2441 4311 2501 4356 ut
2547 4301 2668 4357 sine
2699 4301 2868 4357 dubio
2910 4310 3103 4356 contra
3163 4299 3411 4369 singulos
3469 4297 3678 4348 llOsll'Um

2143 4395 2330 4465 plures
2359 4393 2688 4466 quingentis
2721 4403 3049 4465 pugnarent,
3076 4394 3131 4447 in
3163 4404 3398 4463 superna
3429 4381 3680 4442 Providen-

2143 4489 2217 4543 tia
2239 4503 2388 4558 spem
2421 4504 2641 4543 onmem
2667 4487 3101 4542 collocabamus.
3130 4483 3388 4553 Praiccpit
3405 4482 3681 4548 imperatori

453 4580 636 4648 Pueris
666 4591 718 4636 Cl
744 4582 1108 4642 muliebribus
1148 4587 1407 4646 formosis
1433 4562 1848 4664 Virginibusque
1875 4595 1927 4648 in
1948 4611 2036 4650 re-
2066 4581 2120 4641 D
2147 4589 2205 4635 ut
2227 4596 2350 4635 cum
2391 4582 2564 4636 sacris
2601 4571 2656 4636 et
2685 4580 3016 4637 venerandis
3053 4579 3382 4647 imaginibus
3406 4582 3457 4627 et
3487 4562 3678 4664 snnulaf

451 4669 615 4738 gione
645 4671 841 4728 virenti
867 4685 918 4729 et
945 4675 1176 4734 ﬂoribus
1205 4677 1471 4750 fragranti
1499 4683 1816 4752 quieturum
1869 4694 1924 4740 et
1963 4685 2039 4740 !a-

454 4763 634 4817 vacris
668 4763 1055 4833 pulcherrimis
1077 4784 1331 4826 usurum.
1354 4773 1538 4843 Atque
1568 4774 1694 4828 talia
1725 4775 1949 4845 quidem
1979 4777 2035 4832 in

453 4853 547 4907 illo
580 4855 701 4910 loco
733 4872 762 4911 a
812 4857 924 4913 Deo
957 4862 1215 4932 accipiet.
1259 4864 1360 4919 Hic
1418 4876 1601 4919 autem
1655 4868 1834 4923 omnis
1879 4885 2036 4924 exer-

2142 4675 2252 4730 cris
2281 4676 2615 4738 sacerdotes.
2665 4673 2905 4745 episcopi
2941 4683 2994 4729 et
3057 4673 3344 4732 monachi,
3377 4665 3611 4722 mulieres
3637 4660 3678 4707 ei

2141 4767 2318 4837 pueri,
2342 4783 2465 4824 Cum
2508 4769 2762 4839 Iacrynns
2798 4768 2941 4820 intra
2995 4767 3196 4821 mmnia
3243 4762 3392 4820 urbis
3426 4759 3674 4813 obeuntCS.

2140 4859 2302 4930 Kyrie
2330 4861 2550 4914 eleeson
2583 4858 2927 4913 clamitarent
2972 4866 3026 4911 et
3057 4857 3164 4911 Deo
3203 4851 3578 4925 supplicarent,
3623 4847 3675 4889 ne

449 4947 593 5003 citus
621 4959 674 5003 et
707 4952 845 5007 aulae.
885 4969 1168 5023 proceres,
1235 4957 1282 5012 si
1335 4958 1654 5022 vicerimus,
1702 4962 2034 5030 stipendium

2146 4961 2362 5022 propter
2390 4959 2610 5020 peccata
2638 4957 2828 5002 nostra
2858 4949 2912 5001 in
2949 4948 3203 5002 manibus
3229 4943 3458 5000 hostium
3492 4937 3651 5030 ini-quo

453 5042 647 5111 duplex
680 5043 822 5112 ejus,
845 5047 992 5116 quod
1035 5048 1426 5111 nunchabent,
1467 5051 1758 5120 accipient,
1803 5055 1871 5107 ab
1934 5056 2038 5108 hoe

452 5137 578 5192 inde
603 5138 689 5193 die
720 5141 788 5195 ad
827 5143 987 5197 finem
1016 5145 1136 5197 vitze
1160 5159 1354 5213 usque.
1392 5143 1528 5200 Tota
1557 5147 1686 5203 urbs
1714 5149 1892 5204 tribus
1921 5148 2040 5202 die-

455 5230 555 5284 bus
591 5241 768 5287 vestra
806 5235 930 5289 erit.
983 5235 1061 5290 Ac
1095 5237 1142 5290 si
1203 5238 1325 5306 quis
1366 5239 1671 5308 spoliorum
1751 5243 2032 5312 quidpiam

459 5321 822 5392 'egerit,vasa
859 5341 1025 5381 aurea
1084 5327 1164 5382 vel
1192 5340 1469 5399 argentea,
1527 5343 1701 5390 vestes
1749 5337 2031 5402 repererit,

459 5412 622 5478 viros,
651 5413 884 5472 feminas
922 5416 1168 5487 cujusvis
1197 5423 1375 5476 aetatis
1403 5428 1639 5493 ceperit,
1697 5443 1858 5482 nemo
1921 5429 2036 5483 haec

460 5520 551 5561 vos
587 5509 866 5576 postulare
889 5517 982 5564 aut
1008 5513 1311 5568 molestiam
1347 5517 1499 5573 vobis
1535 5534 1723 5574 creare
1747 5521 1971 5588 poterit.
2015 5540 2033 5573 ›

463 5592 562 5650 Uhi
599 5598 760 5652 linem
791 5599 1006 5654 dicendi
1041 5598 1190 5667 fecit,
1226 5617 1576 5662 sacramento
1617 5623 1676 5662 se
1714 5609 2033 5677 obstrinxit,

463 5687 734 5744 facturum
781 5706 840 5747 se
901 5708 1040 5758 esse,
1082 5710 1200 5766 qua:
1248 5701 1618 5768 promisisset.
1675 5701 1876 5757 Milites
1938 5703 2039 5759 hac

458 5786 771 5840 conditione
810 5789 1044 5845 mirifice
1086 5791 1273 5860 laetati,
1320 5811 1429 5851 uno
1457 5811 1552 5850 ore
1584 5798 1886 5853 clamarunt
1929 5796 2036 5850 lin-

422 5888 565 5943 .gna
601 5892 746 5932 sua:
791 5896 808 5930 ι
869 5881 985 5938 Alla
1047 5884 1193 5941 alla!
1245 5887 1576 5946 Mehcmctcs
1622 5890 1769 5946 rest]
1820 5889 1971 5944 alla!
2012 5910 2028 5942 ι

2143 5063 2260 5100 rum
2291 5055 2344 5101 el.
2371 5045 2663 5115 impiorum
2703 5052 2776 5107 et,
2808 5057 2948 5112 quos
2973 5051 3118 5096 terra
3165 5036 3419 5099 sustinet,
3472 5024 3672 5136 societ:-

2144 5139 2484 5195 tissimornm
2518 5154 2620 5194 nos
2645 5138 2906 5201 traderet,
2942 5135 3033 5190 sed
3067 5131 3333 5203 propitius
3358 5127 3492 5180 esset
3518 5122 3667 5169 nobis.

2147 5231 2453 5287 haireditati
2491 5247 2625 5287 su:e.
2663 5229 2897 5300 Insuper
2927 5227 3378 5296 collaerymantes
3401 5211 3669 5310 invi-(religa

2143 5298 2596 5386 colam-labantur,
2632 5331 2689 5376 ut
2721 5293 2966 5390 tempore
2998 5311 3366 5374 committendi
3395 5301 3547 5378 praelii
3581 5293 3665 5347 for-

2146 5415 2270 5470 titer
2303 5415 2554 5470 hostibus
2583 5414 2938 5470 resisterent.
2973 5413 3246 5466 Caeterum
3275 5405 3429 5459 etiam
3468 5396 3664 5495 impere-

2144 5509 2499 5564 torluctuosa
2534 5508 2621 5563 illa
2654 5522 2905 5578 vespera,
2943 5506 3150 5562 coactis
3201 5498 3443 5559 omnibus
3488 5492 3663 5584 prima-

2144 5605 2316 5670 ribns,
2351 5603 2688 5674 principibus
2720 5611 2773 5658 ct
2803 5601 3065 5668 subditis,
3124 5594 3377 5656 tribunis,
3423 5586 3662 5684 contulit):

2145 5700 2308 5754 nibus
2352 5708 2408 5754 et
2441 5698 2667 5767 reliquis
2718 5695 3014 5766 prmcipuis
3059 5691 3340 5768 militibus,
3387 5675 3658 5736 concronem

2145 5791 2414 5849 habuitilt
2458 5792 2604 5846 hunc
2636 5793 2856 5844 modum
2895 5807 2908 5846 :
3262 5877 3265 5878 ν
3427 5848 3624 5878 ηρ,

2217 5886 2270 5941 6.
2311 5905 2328 5939 ι
2364 5886 2648 5956 Principes
2679 5882 3032 5951 nobilissimi,
3068 5877 3269 5939 tribuni
3295 5882 3343 5932 et
3375 5861 3551 5924 milites
3567 5848 3652 5904 ρία-
