3964 6434
229 375 331 440 825

1234 368 1681 431 CHRONICON
1720 367 1992 432 MAJUS.
2040 396 2108 404 -
2139 370 2286 432 LIB.
2333 369 2453 429 Ili.

3369 358 3477 428 886

231 489 502 543 ναιὸτατοι
542 483 945 558 συστρατιῶται
969 484 1187 548 καλπᾶς
1213 486 1378 555 272
1412 487 1439 537 ὁ
1467 485 1660 547 πιστὸς
1695 485 1795 538 καὶ
1826 491 1869 548 Α
1900 485 2086 556 θερίαν
2117 486 2298 556 ήμῶν.
2331 485 2528 556 Τρίτον
2559 483 2840 552 βασιλείαν
2873 481 2974 553 τὴν
3004 479 3135 534 ποτὲ
3191 479 3290 550 μὲν
3321 498 3478 550 περι-

231 585 414 652 τίμιος
438 579 591 644 λαὸς,
620 578 803 640 καλῶς
835 578 1017 632 οἴδατε
1048 577 1132 632 ὅτι
1156 578 1400 647 ἔφθασεν
1425 580 1458 647 ή
1493 578 1612 650 ὥρα
1641 578 1735 632 καὶ
1772 579 1799 630 ὁ

232 674 425 746 ἐχθρὸς
441 677 541 746 τῆς
573 672 814 737 πίστεως
843 661 1000 743 ήμῶν
1033 672 1286 743 βούλεται
1323 671 1408 725 ἵνα
1440 671 1583 742 μετὰ
1615 671 1800 740 πάσης

232 770 426 838 τέχνης
483 767 578 820 καλ⁹
665 767 917 836 μηχανῆς
983 766 1350 835 ἰσχυροτέρως
1412 765 1802 833 στενοχωρήσῃ

232 860 400 928 ἡμᾶς,
433 858 528 912 καὶ⁸
553 858 794 926 πόλεμον
828 856 1063 928 σφοδρὸν
1092 857 1233 926 μετὰ
1268 856 1594 926 συμπλοκῆς
1629 854 1802 922 μεγά-

231 952 327 1018 λης
388 952 482 1004 καὶ
532 948 856 1021 συρρήξεως
899 952 964 1004 ὲκ
1015 951 1117 1019 τῆς
1149 949 1348 1020 χέρσου
1399 948 1496 1001 xui.
1523 947 1803 1015 θαλάσσης

230 1044 377 1113 δῶσῃ
401 1044 536 1112 ἡμῖν
569 1042 710 1110 μετὰ
735 1043 917 1110 πάσης
942 1041 1252 1110 δυνάμεως,
1303 1041 1414 1103 ἵνα,
1451 1040 1502 1092 εί
1552 1039 1800 1102 δυνατὸν,

231 1137 305 1198 ὡς
338 1135 464 1203 δφις
491 1134 584 1186 τὸν
619 1134 700 1187 ίδν
730 1133 937 1203 ἑκχύσῃ
968 1133 1064 1186 καὶ
1106 1133 1182 1196 ὠς
1230 1131 1367 1186 λέων
1397 1133 1675 1200 ἀνήμερος
1703 1149 1804 1185 κα·

228 1227 400 1296 ταπίῃ
435 1227 603 1294 ἡμᾶς.
639 1222 948 1296 [Βιάζεται]
981 1224 1072 1278 διὰ
1099 1222 1258 1277 τοῦτο
1293 1224 1438 1292 λέγω
1484 1225 1580 1280 καὶ
1631 1241 1808 1294 παρα-

228 1317 385 1371 καλῶ
414 1319 561 1387 ὑμᾶς
604 1317 692 1370 ἶνα
725 1318 896 1386 στῆτε
921 1318 1187 1388 ἀνδρείως
1229 1319 1328 1371 καὶ
1363 1317 1502 1388 μετὰ
1547 1319 1804 1386 γενναίας

222 1409 440 1478 ψυχῆς,
470 1409 548 1472 ὡς
581 1409 818 1464 πάντοτε
842 1410 948 1473 ἕως
995 1410 1092 1463 τοῦ
1129 1413 1228 1463 νῦν
1284 1411 1610 1480 ἐποιήσατε,
1664 1409 1805 1464 κατὰ
1831 1469 1847 1484 .

221 1503 342 1556 τῶν
393 1493 604 1573 ἐχθρῶν
641 1501 742 1571 τῆς
797 1503 1039 1565 πίστεως
1090 1503 1270 1572 ήμῶν.
1336 1502 1691 1571 Παραδίδωμι
1749 1501 1808 1553 δὲ

226 1595 365 1664 ὑμῖν
396 1592 495 1664 τὴν
556 1593 1028 1664 ἐκλαμπροτάτην
1078 1595 1172 1646 καὶ
1230 1593 1549 1665 περίφημον
1599 1592 1807 1661 ταύτην

229 1686 394 1739 πύλιν
434 1686 528 1738 καὶ
562 1686 802 1757 πατρίδα
831 1686 990 1754 ἡμῶν
1021 1687 1118 1740 καὶ
1146 1685 1546 1754 βασιλεύουσαν
1575 1684 1686 1737 τῶν
1714 1685 1809 1737 πό-

1904 579 2070 646 φανῆ,
2100 577 2196 631 νῦν
2225 578 2280 631 δὲ
2307 577 2788 646 τεταπεινωμένην
2830 576 2925 627 xai.
2954 573 3350 642 ὡνειδισμένην
3380 573 3479 624 καὶ

1905 670 2340 740 ὶξουθενημένην
2368 669 2760 736 ἀπωλέσαμεν,
2791 668 2886 721 καὶ
2931 667 3036 719 ὑπὸ
3062 666 3158 718 τοῦ
3207 665 3474 733 τυράννου

1904 761 1999 813 καὶ
2030 759 2261 823 άσεϐοῦς
2317 759 2570 829 ἄρχεται.
2619 757 2900 828 Τέταρτον
2945 758 3002 810 δὲ
3055 757 3150 811 καὶ
3199 756 3477 824 φιλτάτιον

1903 852 2111 905 τέκνων
2163 852 2258 905 καὶ
2312 851 2560 921 συμϐίων
2595 851 2691 904 καὶ
2743 851 3024 916 συγγενῶν
3075 847 3475 918 ὑστερούμεθα.

1906 945 2080 1007 Αὺτὺς
2137 944 2192 996 δὲ
2251 945 2279 995 ὁ
2313 943 2593 1013 ἀλιτήριος
2637 945 2666 995 ὁ
2713 943 2937 1013 ἁμηρᾶς
2987 942 3326 1011 πεντήκοντα
3385 941 3480 992 καὶ

1906 1035 2045 1088 ἑπτά
2073 1035 2286 1104 ἡμέρας
2322 1035 2444 1103 ἄγει
2481 1037 2726 1104 σήμερον
2755 1034 2847 1102 ἀφ’
2875 1032 2933 1085 οὗ
2957 1033 3102 1101 ἡμᾶς
3137 1031 3306 1083 ἐλθὼν
3345 1030 3480 1082 ἀπέ-

1907 1130 2125 1182 κλεισεν
2153 1129 2246 1180 καὶ
2284 1128 2421 1196 μετὰ
2453 1127 2635 1195 πάσης
2686 1125 2940 1196 μηχανῆς
2988 1123 3082 1176 καὶ
3124 1121 3306 1193 ἰσχύος
3349 1120 3476 1172 καθ’
3569 1151 3575 1154 -

1905 1221 2121 1291 ἡμέραν
2140 1237 2197 1273 τε
2221 1220 2316 1272 καὶ
2342 1219 2510 1271 νύκτα
2528 1220 2631 1272 οὐκ
2658 1217 2940 1272 επαύσατο
2963 1216 3265 1284 πολιορκῶν
3287 1213 3436 1282 ἡμᾶς
3463 1227 3477 1243 ·

1907 1314 2000 1368 καὶ⁹
2031 1314 2217 1384 χάριτι
2249 1311 2344 1366 τοῦ
2383 1314 2765 1365 παντεπόπτου
2802 1307 3045 1379 Χριστοῦ
3078 1307 3290 1375 Κυρίου
3321 1304 3478 1374 ἡμῶν

1906 1407 1971 1459 ἐκ
2005 1406 2112 1459 τῶν
2141 1403 2341 1474 τειχῶν
2367 1403 2506 1470 μετὰ
2526 1401 2790 1471 αἰσχύνης
2820 1402 2947 1472 ἄχρι
2977 1400 3073 1452 τοῦ
3099 1399 3193 1452 νῦν
3213 1398 3477 1458 πολλάκις

1907 1497 2097 1553 κακῶς
2130 1495 2497 1563 ἀπεπέμφθη.
2533 1494 2616 1546 Τὰ
2658 1491 2754 1546 νῦν
2783 1492 2837 1545 δὲ
2880 1490 3065 1554 πάλιν,
3113 1489 3355 1557 ἀδελφοὶ,
3407 1488 3480 1556 μὴ

1907 1590 2238 1658 δειλιάσητε,
2287 1589 2380 1642 ἐὰν
2409 1588 2505 1641 καὶ
2549 1588 2729 1655 τεῖχος
2784 1586 3015 1654 μερόθεν
3045 1583 3224 1651 ὀλίγον
3257 1583 3320 1634 ἐκ
3367 1582 3482 1633 τῶν

1910 1683 2124 1753 κρότων
2161 1682 2256 1734 καὶ
2286 1681 2399 1733 τῶν
2438 1677 2746 1748 πτωμάτων
2777 1678 2887 1729 τῶν
2937 1675 3238 1728 ὲλεπόλεων
3293 1673 3479 1732 ἔπεσε,

226 1773 395 1827 λεων·
425 1772 622 1836 Καλῶς
649 1767 744 1825 οὖν
806 1771 1012 1838 οἴδατε..
1043 1772 1289 1841 ἀδελφοὶ,
1320 1771 1400 1825 ὅτι
1427 1769 1518 1826 διᾶ
1563 1771 1810 1842 τέσσαρά
1852 1843 1858 1844 γ
1911 1777 2066 1839 διότι,
2089 1774 2164 1838 ὡς
2181 1774 2340 1844 ὑμεῖς
2369 1773 2650 1840 Θεωρεῖτε,
2683 1769 2832 1823 κατὰ
2863 1768 2924 1821 τδ
2955 1765 3179 1822 δυνατὸν
3211 1763 3486 1832 ὲδιωρθὼ-

227 1880 354 1918 τινα
388 1862 666 1931 ὀφειλέται
691 1861 893 1924 κοινῶς
939 1862 1114 1932 ἐσμεν
1163 1859 1370 1922 πάντες
1407 1859 1497 1912 ἵνα
1531 1860 1806 1929 προτιμή-
1844 1843 1883 1897 Β
1912 1884 2090 1936 σαμεν
2119 1866 2283 1918 πάλιν
2333 1865 2485 1920 αὐτὸ.
2523 1863 2714 1932 Ἡμεῖς
2738 1863 2918 1916 πᾶσαν
2941 1861 3039 1930 τὴν
3066 1859 3256 1912 ἐλπίδα
3283 1859 3363 1920 είς
3388 1857 3494 1924 τὴν,

231 1972 424 2025 σωμεν
453 1954 749 2008 ἀποθανεῖν
779 1953 984 2022 μᾶλλον
1015 1954 1046 2023 ἢ
1084 1953 1208 2024 ζῇν,
1245 1951 1466 2022 πρῶτον
1517 1952 1619 2021 μὲν
1666 1949 1808 2021 ὑπὲρ

225 2048 329 2118 τῆς
364 2046 609 2110 πίστεως
642 2047 804 2117 ήμῶν
832 2047 929 2099 καὶ
959 2044 1266 2108 εὐσεϐείας,
1298 2042 1555 2114 δεύτερον
1574 2043 1631 2096 δὲ
1666 2043 1806 2114 ὑπὲρ

226 2141 326 2209 τῆς
377 2137 663 2207 πατρίδος,
713 2137 902 2208 τρίτον
957 2136 1015 2190 δὲ
1065 2135 1207 2206 ὑπὲρ
1261 2134 1366 2191 τοῦ
1415 2135 1684 2205 βασιλέως
1731 2135 1808 2198 ὡς

224 2230 479 2301 Χριστοῦ
513 2229 740 2301 Κυρίου,
773 2229 871 2284 καλ¹
903 2229 1167 2298 τέταρτον
1219 2227 1362 2298 ὑπὲρ
1391 2227 1676 2296 συγγενῶν
1714 2229 1810 2289 καὶ

221 2324 430 2392 φίλων.
455 2320 683 2384 Λοιπὸν,
719 2318 966 2389 ἀδελφοὶ,
993 2319 1088 2372 ἐὰν
1134 2318 1413 2389 χρεῶσταί
1471 2320 1639 2387 ἐσμεν
1667 2319 1808 2388 ὑπὲρ

221 2416 348 2479 ἑνὸς
388 2414 454 2467 ὲκ
490 2413 602 2466 τῶν
656 2412 948 2483 τεσσάρων
993 2410 1364 2480 ἀγωνίζεσθαι
1408 2410 1516 2473 ἕως
1547 2409 1805 2473 θανάτου,

221 2505 417 2575 πολλῷ
447 2505 653 2576 μᾶλλον
687 2503 832 2575 ὑπὲρ
860 2503 1086 2559 πάντων
1107 2501 1316 2556 τούτων
1349 2503 1537 2572 ἡμεῖς,
1565 2501 1642 2564 ὡς
1684 2501 1808 2572 βλέ-

220 2617 360 2654 πετε
393 2598 712 2670 προφανῶς,
733 2598 832 2652 καὶ
863 2597 929 2652 ὲκ
959 2597 1188 2652 πάντων
1220 2596 1489 2666 μέλλομεν
1523 2594 1811 2664 ζημιωθῆ-

220 2712 340 2748 ναι.
371 2692 500 2746 Ἐὰν
535 2691 624 2746 διὰ
645 2693 714 2746 τὰ
747 2691 857 2762 ἐμά
881 2689 1338 2761 πλημμελήματα
1377 2687 1761 2758 παραχωρήσῃ
1781 2688 1808 2739 ὁ
1847 2737 1860 2746 ,

218 2785 364 2846 Θεὸς
411 2785 511 2854 τὴν
559 2784 716 2854 νίκην
744 2786 856 2847 τοῖς
907 2782 1189 2848 ἀσεϐέσιν,
1235 2781 1375 2850 ὑπὲρ
1425 2779 1527 2848 τῆς
1569 2780 1808 2840 πίστεως

217 2876 390 2945 ήμῶν
420 2877 520 2946 τῆς
540 2876 723 2944 άγίας,
753 2875 820 2945 ἢν
851 2875 1089 2945 Χριστὸς
1143 2875 1202 2928 ὲν
1252 2873 1329 2944 τῷ
1374 2873 1564 2941 οἰκείῳ
1608 2871 1806 2940 αἵματι

211 2966 399 3038 273,
415 2969 547 3037 ήμῖν
569 2967 907 3036 ἐδωρήσατο,
921 2964 1326 3031 κινδυνεύομεν·
1345 2964 1497 3018 ὅέστι
1510 2963 1808 3032 κεφάλαιον

209 3060 480 3112 πάντων.
507 3058 620 3113 Καὶ
648 3057 745 3111 ἐὰν
777 3057 868 3111 τὸν
904 3057 1113 3126 κόσμον
1153 3057 1274 3114 ὅλον
1315 3054 1560 3126 κερδήσῃ
1595 3070 1678 3114 τις
1709 3051 1806 3112 καὶ

209 3148 317 3219 τὴν
376 3146 562 3217 ψυχὴν
614 3146 892 3218 ζημιωθῇ,
945 3145 1000 3199 τί
1047 3145 1363 3214 τὸδφελος;
1403 3143 1806 3212 Δεύτερονπα-

211 3238 383 3309 τρεδα
411 3255 475 3293 πε
484 3239 616 3309 ρίφη
625 3255 725 3309 μον
741 3236 1001 3301 τοιούτως
1025 3234 1406 3307 ὑστερούμεθα
1424 3235 1517 3288 καὶ
1537 3232 1634 3303 τὴν
1653 3231 1803 3285 ἐλευ-

208 3420 458 3485 rissimi,
481 3420 901 3477 commilitones
929 3417 1342 3491 generosissimi
1369 3424 1424 3474 et
1445 3431 1641 3474 omnes
1667 3415 1802 3471 [ide-

204 3517 292 3572 les
317 3522 378 3570 et
419 3513 730 3568 honorandi
753 3514 902 3570 cives
938 3515 952 3567 l
983 3513 1164 3580 Probe
1209 3510 1404 3576 nostis,
1421 3510 1639 3565 venisse
1663 3518 1802 3564 tem-

203 3622 340 3675 pus,
371 3617 488 3662 ouo
523 3603 646 3658 ﬁdei
679 3613 881 3658 nostrae
927 3603 1101 3658 hostis
1160 3601 1421 3656 omnibus
1469 3599 1684 3656 artibus
1737 3607 1794 3652 et

203 3701 500 3758 machinis
528 3697 906 3754 vehementius
943 3713 1046 3752 nos
1089 3711 1310 3766 urgere,
1355 3703 1411 3750 et
1469 3709 1633 3764 grave
1682 3693 1800 3748 bel-

202 3797 320 3852 ium
359 3805 570 3863 magno
614 3789 870 3847 conﬂictu
904 3798 956 3845 et
1007 3787 1310 3844 certamine
1340 3797 1488 3843 terra
1546 3787 1798 3854 marique

200 3902 436 3946 summa
465 3883 824 3942 contentione
854 3883 1012 3938 nobis
1045 3881 1252 3936 inferre
1308 3881 1578 3947 decrevit,
1643 3889 1720 3946 nt,
1753 3879 1800 3934 si

198 3982 410 4052 possit,
441 3987 707 4052 tanquam
738 3976 956 4048 anguis,
991 3989 1266 4032 venenum
1293 3975 1348 4029 in
1405 3991 1506 4031 nos
1536 3973 1797 4037 effundat,

195 4083 276 4138 et,
311 4082 590 4142 tanquam
615 4067 846 4124 immitis
872 4068 980 4134 leo,
1012 4083 1116 4123 nos
1137 4067 1391 4124 devoret.
1444 4066 1628 4134 Quare
1665 4081 1798 4138 rogo

195 4176 254 4223 ct
295 4167 513 4222 hortor
541 4178 660 4228 vos,
711 4171 772 4216 ut
797 4161 926 4217 forti
965 4171 1019 4216 et
1067 4176 1334 4232 generoso
1395 4161 1601 4224 animo,
1658 4159 1802 4215 sicut

194 4262 515 4329 hucusque
571 4242 791 4325 semper
847 4253 1084 4318 fecistis,
1142 4255 1397 4310 hostibus
1432 4254 1555 4309 tidei
1603 4263 1802 4308 nostrae

151 4358 156 4362 '
192 4350 520 4408 resistatis.
555 4345 736 4402 Trado
766 4345 1167 4402 et-eommendo
1221 4346 1377 4402 vobis
1435 4345 1798 4401 clarissimam

191 4449 345 4504 hanc
377 4453 440 4500 et
468 4440 742 4499 illustrem
771 4440 986 4505 urbem,
1009 4441 1244 4509 patriam
1266 4451 1539 4505 nostram,
1573 4449 1628 4495 et
1658 4441 1800 4510 regi—

1908 1963 2122 2030 άμαχον
2152 1959 2313 2024 δόξαν
2340 1957 2436 2010 τοῦ
2464 1956 2600 2010 Θεοῦ
2630 1956 2957 2025 άνεθὲμεθα,
2995 1947 3141 2007 οὗτοι
3174 1955 3232 2006 ὲν
3265 1952 3492 2020 ἅρμασι·

1907 2054 2003 2107 καὶ
2022 2045 2168 2106 οὗτοι
2202 2054 2259 2105 ὲν
2288 2050 2482 2113 ἵπποις
2521 2049 2616 2104 καὶ
2650 2049 2880 2117 δυνάμει
2914 2049 3008 2101 xui.
3053 2046 3271 2114 πλήθει,
3319 2046 3497 2112 ἡμεῖς’

1907 2147 1960 2198 δὲ
1993 2147 2049 2197 ἐν
2077 2144 2299 2213 ὀνόματι
2350 2141 2552 2212 Κυρίου
2594 2141 2690 2196 τοῦ
2737 2140 2872 2194 Θεοῦ
2902 2140 2996 2193 καὶ
3043 2139 3292 2208 Σωτῆρος
3327 2135 3487 2205 ἡμῶν

1908 2237 2276 2306 πεποίθαμεν,
2299 2235 2451 2289 δεῦτε
2464 2251 2555 2305 ρον
2577 2234 2631 2288 δὲ
2658 2236 2755 2288 xui.
2777 2236 2833 2286 ἐν
2853 2234 2974 2295 ταῖς
2997 2231 3298 2302 ἡμετέραις
3327 2246 3384 2297 χε
3396 2231 3486 2299 ρσὶ

1908 2328 2002 2382 καὶ
2028 2326 2433 2396 ῥωμαλεότητι,
2463 2326 2530 2397 ἣν
2560 2325 2878 2396 ἐδωρήσατο
2921 2324 3054 2394 ἡμῖν
3087 2325 3119 2392 ή
3174 2323 3295 2374 θεία
3323 2321 3497 2374 δύνει--

1909 2414 2314 2488 μιςζΓνωρίζω
2344 2417 2402 2470 δὲ
2447 2418 2530 2470 ὅτι
2573 2415 2714 2486 αὕτη
2764 2417 2796 2486 ἡ
2836 2414 3281 2486 μυριαρίθμητος
3313 2411 3497 2480 ἀγέλη,

1905 2512 2029 2566 τῶν,
2051 2510 2287 2575 ἀσεϐῶν,
2335 2509 2518 2573 καθὼς
2559 2512 2591 2579 ἡ
2626 2509 2808 2562 αὐτῶν
2834 2508 3117 2578 συνήθεια,
3170 2504 3503 2558 ἐλεύσονταιι,
3581 2521 3588 2526 '

1909 2603 2035 2656 καθ’
2092 2602 2248 2672 ήμῶν
2297 2600 2464 2671 274
2513 2600 2651 2670 μετὰ
2706 2599 2981 2670 βαναύσου
3014 2597 3112 2652 καὶ
3164 2595 3504 2666 ἐπηρμένης

1906 2693 2112 2764 ὀφρύος
2139 2694 2236 2746 καὶ
2282 2693 2519 2762 θάρσους
2573 2691 2770 2744 πολλοῦ
2819 2692 2920 2744 καὶ
2953 2689 3098 2758 βίας,
3131 2689 3218 2742 ἴνα
3271 2687 3359 2740 διὰ
3386 2688 3499 2746 τὴν

1907 2787 2193 2857 ὀλιγότητα
2225 2785 2382 2854 ἡμῶν
2413 2784 2644 2854 θλίψωσι
2666 2784 2759 2836 καὶ
2793 2784 2857 2836 ὲκ
2889 2785 2983 2834 τοῦ
3016 2786 3188 2834 κόπου
3221 2797 3488 2848 στενοχω-

1911 2879 2144 2948 ρήσωσι,
2190 2879 2284 2930 καὶ
2322 2877 2465 2948 μετὰ
2501 2874 2696 2945 φωνῶν
2741 2874 2994 2942 μεγάλων
3027 2873 3121 2925 καὶ
3151 2869 3498 2938 ἀλαλαγμῶν.

1907 2969 2322 3040 ἀναριθμήτων,
2375 2969 2462 3022 ἵνα
2510 2969 2659 3036 ἡμᾶς
2707 2967 3014 3036 φοϐήσωσι.
3063 2965 3176 3026 Τὰς
3225 2963 3487 3024 τοιαύτας

1862 3098 1865 3102 ι
1909 3063 2102 3148 αὐτῶν.
2120 3063 2396 3134 φλυαρίας
2443 3063 2628 3124 καλῶς
2685 3063 2888 3125 οἴδατε,
2922 3060 3017 3113 καὶ
3041 3059 3102 3111 ού
3149 3057 3255 3128 χρὴ
3305 3055 3502 3124 λέγειν,

1911 3147 2289 3228 περὶτούτων.
2323 3154 2435 3210 Καὶ
2456 3153 2574 3224 ὥρᾳ
2615 3151 2792 3221 ὀλίγοι
2818 3150 2995 3204 ταῦτα
3047 3150 3341 3219 ποιήσωσι,
3393 3147 3487 3199 καὶ

1909 3250 2314 3323 ἀναριθμήτους
2345 3248 2552 3319 πέτρας
2606 3247 2702 3302 καὶ
2735 3245 2898 3315 ἕτερα
2949 3243 3076 3313 βέλη
3109 3243 3204 3297 καὶ
3253 3241 3506 3295 ὲλεϐολμ

1907 3436 2232 3505 depressum
2273 3441 2328 3488 et
2369 3441 2614 3502 spretum
2657 3439 2711 3484 et
2745 3436 3124 3500 contemptum
3161 3427 3485 3490 amittimus,

1909 3528 1963 3583 in
1987 3535 2312 3598 potestatem
2363 3525 2577 3596 tyranni
2615 3534 2671 3578 et
2704 3524 2856 3592 impii
2889 3522 3129 3576 hominis
3185 3533 3497 3575 concessu-

1909 3636 2028 3674 rum
2057 3637 2073 3683 ;
2114 3629 2398 3690 postremo
2423 3617 2612 3672 liberis
2647 3614 3026 3678 amatissimis,
3057 3612 3388 3680 coniugibus
3430 3619 3499 3665 et.

1909 3713 2162 3782 cognatis
2195 3711 2524 3780 spoliamur.
2564 3705 2661 3762 Est
2703 3715 2885 3760 autem
2939 3705 3060 3759 dies
3089 3703 3486 3772 quinquagesi-

1909 3821 2032 3858 mus
2063 3805 2356 3871 septimus,
2394 3817 2461 3856 ex
2495 3814 2606 3870 quo
2651 3799 2922 3853 scelestus
2975 3798 3076 3852 iste
3113 3809 3328 3851 ameras
3386 3810 3504 3849 nos.

1908 3898 2164 3951 obsessos
2203 3904 2350 3950 tenet
2405 3903 2460 3948 et
2494 3891 2752 3946 onmihus
2795 3890 3066 3944 machinis
3119 3889 3378 3958 omnique
3434 3890 3484 3940 vi

1908 3987 1994 4040 die
2019 4002 2080 4040 ac
2104 3993 2268 4039 nocte
2293 3999 2392 4038 nos
2429 3996 2746 4052 oppugnare
2777 3997 2880 4036 non
2937 3980 3158 4035 desistit
3211 3997 3224 4032 :
3263 3989 3320 4033 at
3368 3997 3483 4032 om-

1908 4081 1997 4134 nia
2024 4080 2287 4134 intuentis
2314 4079 2523 4132 Christi
2557 4078 2771 4131 Domini
2811 4076 2983 4146 gratia
3046 4074 3335 4142 hucusque
3387 4089 3504 4127 sae--

1910 4182 2209 4235 penumero
2235 4182 2359 4220 cum
2384 4166 2652 4221 dedecore
2678 4179 2706 4218 a
2751 4163 3026 4218 moenibus
3072 4163 3324 4232 repulsus
3374 4175 3482 4217 est.

1909 4260 2256 4329 Quapropter
2311 4274 2411 4314 nec
2463 4273 2631 4324 nunc,
2683 4259 2904 4321 fratres,
2940 4257 3124 4312 timori
3176 4257 3355 4310 locum
3404 4272 3501 4310 re--

1910 4351 2199 4421 linquatis,
2228 4351 2448 4406 etiamsi
2477 4351 2676 4408 mmnia
2730 4350 2913 4419 aliqua
2945 4366 3010 4404 ex
3048 4358 3203 4420 parte
3261 4360 3503 4419 propter-

1909 4445 2243 4516 helepolium
2268 4445 2462 4514 pulsus
2496 4456 2550 4500 et
2605 4447 2747 4500 ictus
2781 4452 3139 4509 corruerunt,
3194 4445 3497 4514 quoniam,

189 4553 323 4592 nam
363 4533 628 4591 urbium.
660 4530 780 4585 Non
812 4533 1099 4601 ignoratis,
1131 4531 1354 4600 fratres,
1401 4544 1640 4603 quatuor
1701 4549 1800 4588 no-

1909 4548 1972 4594 ttt
2007 4538 2206 4593 videtis
2238 4537 2362 4606 ipsi,
2403 4553 2504 4607 pro
2533 4538 2824 4592 viribus-ea
2853 4537 3308 4593 instanravimus.
3350 4539 3483 4592 Om-

188 4629 454 4684 minibus
487 4626 862 4684 communiter
887 4640 1081 4681 omnes
1102 4641 1202 4681 nos
1225 4636 1457 4682 mortem
1497 4629 1620 4682 vita:
1641 4638 1800 4682 ante-

183 4738 408 4794 ponere
444 4719 682 4782 debere,
713 4719 952 4786 primum
979 4733 1077 4787 pro
1107 4717 1213 4772 (ide
1235 4727 1290 4772 et
1329 4719 1550 4788 pietate,
1586 4718 1794 4774 deinde

185 4831 292 4886 pro
326 4813 550 4885 patria,
581 4818 695 4864 tum
721 4824 818 4880 pro
851 4810 1183 4879 imperatore
1217 4819 1275 4865 ut
1305 4821 1472 4866 uncto
1496 4826 1658 4866 serto
1691 4811 1800 4866 Do-

185 4907 362 4972 mini,
386 4911 683 4974 postremo
705 4915 802 4970 pro
825 4901 1069 4971 cognatis
1099 4910 1151 4956 et
1181 4901 1394 4957 amicis.
1429 4901 1658 4968 Quodsi,
1692 4901 1801 4957 fra-

188 5010 340 5064 tres,
386 5010 497 5067 pro
562 5007 670 5047 una
732 4993 927 5047 harum
983 5002 1222 5062 quatuor
1276 5008 1460 5048 rerum
1517 4995 1801 5048 decertare

187 5107 376 5161 usque
399 5088 477 5143 ad
524 5101 715 5141 necem
739 5085 1026 5149 debemus,
1065 5084 1242 5139 multo
1270 5085 1467 5154 magis,
1500 5094 1562 5138 ut
1587 5085 1797 5154 liquido

184 5188 584 5256 apparettpro
616 5177 704 5231 his
729 5177 987 5232 omnibus
1011 5184 1242 5231 mortem
1261 5190 1370 5230 non
1393 5175 1795 5230 recusabimus.

184 5275 246 5329 Si
272 5283 524 5344 propter
557 5268 756 5324 delicta
789 5283 908 5331 mea
939 5267 1084 5330 Deus
1110 5267 1398 5323 victoriam
1444 5267 1632 5336 impiis
1661 5283 1797 5324 con-

181 5367 455 5427 cesserit,
495 5362 558 5416 in
594 5372 780 5417 sancta
814 5361 922 5416 (ide
949 5372 1161 5427 nostra,
1194 5376 1360 5430 quam
1388 5359 1642 5418 Christus
1667 5377 1796 5417 san-

183 5461 366 5528 guine
404 5468 523 5512 suo
580 5453 746 5508 nobis
795 5455 1029 5522 paravit,
1087 5453 1464 5523 periclitamur
1523 5453 1617 5509 :id
1647 5455 1794 5524 quod

177 5553 450 5608 euntium
485 5556 658 5614 caput
690 5558 793 5601 est.
825 5545 960 5600 Nam
1030 5545 1076 5602 si
1122 5546 1248 5616 quis
1297 5554 1472 5602 totum
1527 5547 1793 5602 mundum

175 5643 469 5701 iucretur,
509 5639 718 5691 animm
749 5647 930 5692 autem
951 5637 1340 5693 detrimentum
1383 5637 1643 5708 patiatur,
1664 5639 1791 5708 quid

170 5734 258 5791 illi
289 5727 567 5802 proderit
594 5727 617 5782 2
647 5727 898 5784 Secundo
954 5729 1073 5785 loco
1105 5731 1289 5787 inclita
1322 5732 1498 5801 patria
1525 5741 1580 5786 et
1607 5731 1778 5786 liber-

175 5833 292 5880 tate
338 5823 670 5892 privamur.
709 5821 895 5877 Tertio
919 5823 1204 5892 imperium
1221 5826 1605 5892 olimillustre,
1645 5841 1786 5880 nunc

1905 4647 2026 4685 nem
2057 4647 2206 4699 spem
2257 4632 2310 4683 in
2339 4629 2509 4699 gloria
2540 4629 2741 4682 invicta
2793 4628 2888 4681 Dei
2933 4629 3345 4682 enlloravimus.
3402 4631 3496 4684 illi

1901 4719 2180 4781 curribus,
2212 4720 2388 4788 cquis,
2439 4717 2629 4783 copiis,
2673 4716 3032 4777 multitudini,
3087 4731 3188 4769 nos
3218 4716 3332 4780 Dei,
3374 4717 3484 4773 Do.-

1901 4813 2034 4867 mini
2061 4824 2115 4867 et
2150 4813 2450 4866 Salvatoris
2481 4809 2677 4872 nostri,
2710 4807 2946 4870 nomini,
3000 4807 3202 4862 deinde
3253 4808 3492 4861 demum

1901 4905 2157 4959 manibus
2185 4911 2241 4957 et
2273 4902 2453 4957 robori
2488 4900 2727 4965 fidimus,
2753 4915 2782 4953 a
2809 4899 2998 4953 divina
3042 4899 3288 4969 potentia
3321 4901 3495 4954 nobis

1899 4997 2139 5052 donatis.
2179 4997 2307 5050 Seio
2349 4995 2626 5065 equidem,
2671 4995 2810 5048 hanc
2851 4993 3305 5048 innumerabilem
3370 4995 3474 5048 im-

1900 5089 2115 5157 piorum
2147 5088 2359 5142 turbam
2388 5102 2540 5140 more
2571 5102 2674 5141 suo
2700 5093 2896 5139 eontra
2930 5100 3030 5139 nos
3079 5100 3482 5152 processuram.

1897 5196 2023 5236 esse
2059 5196 2183 5235 cum
2227 5180 2402 5242 fastu,
2437 5180 2584 5233 elato
2625 5178 2947 5248 supercilio,
2994 5178 3279 5246 spiritibus
3329 5197 3476 5250 mug-

1899 5275 1986 5328 nis
2029 5281 2084 5328 et
2103 5273 2384 5336 violentia,
2430 5281 2610 5326 utnos
2652 5271 2856 5341 paucos
2881 5279 3188 5340 urgeantet
3214 5275 3486 5327 aerumnis

1897 5375 2172 5434 premant,
2211 5363 2417 5434 ingenti
2444 5364 2572 5418 item
2606 5379 2730 5418 cum
2761 5363 3005 5418 clamore
3023 5373 3076 5418 et
3100 5364 3334 5428 ululatu,
3370 5381 3491 5432 quo-

1898 5467 2105 5512 metum
2131 5458 2294 5512 nobis
2329 5456 2586 5526 injiciant
2621 5473 2637 5511 :
2686 5472 2834 5526 quas
2851 5471 3042 5510 eorum
3097 5472 3270 5525 nugas
3311 5458 3491 5524 probe-

1897 5551 2094 5612 nostis,
2132 5559 2193 5603 ut
2217 5548 2354 5602 nihil
2381 5549 2632 5612 attineat,
2667 5549 2735 5602 de
2792 5547 2880 5602 his
2903 5548 3106 5602 dicere.
3157 5549 3273 5602 Non
3315 5549 3474 5614 pauci

1898 5651 2010 5695 tum
2047 5643 2119 5696 ita
2145 5640 2367 5712 facient,
2400 5651 2563 5709 atque
2590 5639 2798 5708 lapides
2829 5639 3170 5710 aliaquetela
3199 5638 3472 5706 etjacula,

1896 5745 1958 5788 ut
2001 5749 2164 5788 arena
2203 5733 2394 5796 maris,
2446 5733 2756 5794 innumera,
2810 5731 2863 5784 in
2902 5746 3019 5786 nos.
3059 5729 3425 5798 ennjicientur
3457 5744 3482 5781 ε

1895 5827 2096 5888 quilms
2127 5836 2307 5882 tamen
2336 5825 2473 5881 nihil
2529 5841 2627 5882 nos
2656 5825 2849 5882 laesum
2914 5821 3243 5887 iritmtﬁtio,
3299 5835 3487 5890 quan»
