3964 6426
260 380 360 449 ἓϐθ

1283 375 1729 443 αιιιιοΝιεοΝ
1772 350 2043 436 mnis.
2087 370 2330 434 -‘LlB.
2363 371 2457 432 1:1

3411 369 3519 435 ὃτο

261 489 708 569 Μεσοποταμίαν,
727 499 983 570 Φοινίκην
1018 498 1114 552 καλ⁸
1142 497 1536 566 Παλαιστίνην,
1570 492 1835 565 Ἀραϐίαν
1860 493 1913 553 Δ
1939 488 2372 559 ὑπερασπισταί.
2396 488 2589 542 Οἴδατε
2616 486 2726 558 γὰρ
2756 486 2960 553 καλῶς,
2998 488 3090 543 καὶ
3117 486 3386 558 δευτέραν
3414 506 3520 541 ιτα.

260 611 316 647 τε
350 594 447 648 καὶ
500 594 786 656 ἰδυδαίαν,
822 593 1200 664 Βακτριανοὺς
1231 594 1322 646 καλ⁵
1374 589 1610 654 Σκύθας,
1644 589 1837 643 Μακε-

259 686 442 741 δονίαν
492 685 589 740 καὶ
615 684 937 749 θετταλίαν,
985 683 1236 748 Ἐλλάδα,
1268 682 1552 747 Βοιωτίαν,
1588 678 1838 748 Λοκροὺς

258 777 353 830 καὶ
387 776 683 840 Αἰτωλοὺς,
735 774 1129 844 Ἀκαρνανίαν,
1168 773 1393 843 Ἀχαίαν
1423 773 1519 826 καὶ
1562 767 1837 824 Πελοπόν-

258 883 445 938 νησον,
475 868 746 936 Ἤπειρον
776 865 874 921 καὶ
913 866 975 919 τὸ
1020 866 1314 936 Ἰλλυρικδν
1336 906 1352 931 ,
1388 864 1659 935 Λυχνίτας
1693 862 1838 916 κατὰ

257 960 318 1011 τὸ
355 957 749 1026 Ἀνδριατικὸν,
794 956 1050 1021 Ἰταλίαν,
1085 955 1440 1017 Τουσκίνους,
1473 953 1712 1014 Κελτοὺς
1742 952 1838 1005 καὶ

258 1050 704 1118 Κελτογαλάτας,
754 1049 997 1118 Ἰϐηρίαν
1029 1066 1090 1102 τε
1118 1050 1212 1102 καὶ
1251 1048 1356 1111 ἕως
1395 1047 1506 1100 τῶν
1533 1046 1834 1116 Γαδείρων,

258 1143 468 1198 Λιϐύαν
489 1144 585 1197 καλ⁵
601 1144 999 1213 Μαυρητανίαν
1016 1142 1113 1195 καὶ
1127 1141 1509 1210 Μαυρουσίαν,
1525 1139 1833 1204 Αἰθιοπίαν,

256 1236 515 1302 Βελέδα;,
539 1235 802 1305 Σκοὺδην,
827 1233 1132 1304 Νουμιδίαν
1149 1234 1248 1287 καὶ
1271 1232 1543 1303 Ἀφρικὴν
1566 1232 1656 1286 καὶ
1679 1232 1837 1299 Δίγυ-

256 1345 416 1395 πτον,
450 1329 615 1390 αὑτὸς
642 1327 711 1381 τὰ
740 1327 835 1378 νῦν
880 1326 1130 1401 βούλεται
1177 1324 1464 1392 δουλῶσαι,
1490 1325 1586 1378 καὶ
1606 1323 1710 1395 τὴν
1735 1342 1836 1377 κυο

256 1421 556 1488 ριεύουσαν
596 1421 760 1492 277
792 1420 902 1474 τῶν
952 1419 1164 1473 πόλεων
1222 1417 1374 1488 ζυγῷ
1413 1417 1710 1470 ὑποϐαλεῖν
1740 1418 1838 1472 καὶ

236 1512 501 1584 -δουλείᾳ,
526 1512 618 1567 καὶ
644 1514 745 1577 τὰς
780 1513 942 1580 ἁγίας
967 1511 1268 1581 ἐκκλησίας
1288 1510 1467 1583 ἡμῶν,
1486 1510 1618 1565 ἔνθα
1638 1513 1839 1582 ὲπροσ-

255 1608 475 1660 κυνεῖτο
507 1607 540 1675 ἡ
591 1606 724 1675 ἁγία
774 1604 945 1676 Τριὰς
996 1606 1093 1658 καὶ
1138 1603 1508 1671 ἓδοξολογεῖτο
1558 1604 1622 1657 τὸ
1668 1602 1841 1657 πανά-

251 1717 398 1769 γιον,
439 1699 531 1752 καὶ
558 1699 695 1751 ὃπου
728 1698 778 1750 οἱ
806 1696 1031 1766 ἄγγελοι
1060 1682 1324 1765 ἠκούοντο
1354 1695 1549 1767 ὑμνεῖν
1574 1695 1637 1750 τὸ
1678 1697 1835 1750 Θεῖον

162 1806 170 1813 ·
251 1792 355 1845 καὶ
388 1790 486 1862 τὴν
507 1790 768 1860 ἔνσαρκον
797 1790 894 1843 τοῦ
923 1787 1059 1842 Θεοῦ
1077 1789 1252 1858 Λόγου
1282 1788 1618 1859 οἰκονομίαν,
1646 1788 1836 1859 βούλε-

1936 582 2096 653 τρίδα
2127 582 2222 647 καὶ
2247 582 2465 654 μητέρα
2490 582 2659 652 αὑτὴν
2687 584 2929 647 ἀεννάως
2955 583 3132 653 εἴχετε
3153 600 3168 614 ·
3218 582 3302 635 διὸ
3330 582 3420 636 καὶ
3452 584 3518 634 ἐκ

1938 673 2197 744 δευτέρου
2232 675 2396 729 πάλιν
2426 675 2571 742 λέγω
2593 675 2683 729 καὶ
2705 675 3015 744 παρακαλῶ
3041 676 3127 728 ἵνα
3153 676 3211 727 ἐν
3234 674 3369 744 αὑτῇ
3395 672 3512 743 ὥρᾳ

1937 764 2013 828 ὡς
2044 764 2357 835 φιλόπιστοί
2384 782 2443 818 τε
2474 765 2569 818 καὶ⁸
2617 765 2907 835 ὁμόπιστοι
2955 764 3051 818 καὶ
3103 764 3325 834 ἀδελφοὶ
3357 764 3517 833 ποιήο

1940 874 2094 930 σητε.
2126 876 2144 910 ι
2180 856 2313 913 Εῑτα
2345 844 2607 928 στραφεὶς
2637 857 2696 909 ὲν
2722 858 2833 917 τοῖς
2861 858 3173 927 ἀριστεροῖς
3215 856 3407 926 μέρεσι
3429 853 3520 905 λέιο

1938 968 2025 1018 γει
2056 953 2170 1013 τοῖς
2202 952 2556 1020 Λιγουρίταις
2589 967 2604 981 ’
2641 969 2659 1002 ι
2690 945 2763 1003 Ὢ
2794 943 3142 1019 Λιγουρῖιὲαι,
3171 949 3518 1017 ἐντιμότατοι

1939 1039 2183 1107 ἀδελφοὶ,
2226 1040 2419 1111 ἄνδρες
2447 1041 2616 1110 278
2665 1040 2994 1110 πολεμισταὶ
3025 1042 3120 1093 καὶ
3172 1038 3515 1108 μεγαλοκάρι

1939 1135 2040 1188 διοι
2074 1135 2170 1189 καὶ
2199 1135 2491 1204 φημιστοὶ,
2523 1134 2715 1199 καλῶς’
2742 1136 2923 1189 οἴδατε
2959 1134 3055 1189 καὶ
3096 1133 3401 1203 γινώσκετε
3434 1132 3519 1184 ὅτι

1940 1226 2278 1299 ἡδυστυχὴς
2327 1228 2465 1298 αὕτη
2523 1229 2678 1293 πίλις
2733 1218 2973 1284 πάντοτε
3025 1228 3126 1282 οὑκ
3165 1229 3290 1298 ἐμοὶ
3355 1225 3521 1280 μόνον

1941 1321 2207 1399 ὑπῆρχεν,
2261 1320 2398 1374 ἀλλὰ
2460 1322 2553 1375 καὶ
2600 1322 2729 1391 ὑμῖν
2783 1322 2874 1375 διὰ
2931 1321 3102 1376 πολλά
3160 1336 3281 1373 τινα
3328 1319 3513 1370 αἴτια.

1950 1417 2144 1483 Ὑμεῖς
2175 1417 2276 1484 μὲν
2308 1415 2571 1479 πολλάκις
2607 1418 2743 1484 μετὰ
2775 1415 3089 1488 προθυμίας
3115 1416 3255 1485 αὐτῇ
3282 1412 3520 1482 ἐϐοηθή-

1942 1527 2093 1575 σατε,
2120 1509 2230 1564 ,καὶ
2260 1510 2538 1581 συνδρομῇ
2572 1513 2818 1582 ὑμετέρᾳ
2847 1510 3193 1581 ὲλυτρώσατε
3247 1510 3354 1562 ἀπὸ
3407 1508 3521 1561 τῶν

1953 1602 2274 1674 ’Δγαρηνῶν
2313 1603 2423 1656 τῶν
2468 1602 2643 1671 αὑτῆς
2693 1603 2976 1658 ἐναντίων.
3032 1601 3116 1655 Τὰ
3169 1603 3265 1656 νῦν
3299 1602 3462 1657 πάλιν
3490 1602 3522 1654 ὁ

1938 1696 2130 1766 καιρός
2176 1696 2327 1749 ἐστιν
2366 1682 2680 1769 ἐπιτήδειος
2716 1697 2803 1751 ἵνα
2850 1697 3064 1765 δείξητε
3119 1696 3200 1758 είς
3262 1694 3555 1767 βοήθειαν,

1938 1791 2110 1859 αὐτῆς
2152 1788 2251 1860 τὴν
2286 1788 2512 1860 Χριστῷ
2569 1788 2793 1859 ἀγάπην
2848 1789 2943 1843 καὶ
2995 1788 3220 1858 ἀνδρίαν
3260 1789 3356 1840 καὶ
3390 1804 3522 1856 γεν-

246 1902 354 1940 ται
383 1856 611 1955 ποιῆσαι
639 1856 1006 1954 προσκύνημα
1034 1882 1134 1952 τῆς
1168 1856 1337 1936 αὑτοῦ
1358 1856 1710 1953 βλασφημίας
1740 1883 1838 1937 καὶ
1864 1856 1912 1916 Β
1939 1856 2403 1953 ναιότητα-ὑμῶν.
2446 1856 2625 1936 »νΚαὶί
2651 1856 3041 1951 πληθυντικῶς
3090 1856 3355 1951 στραφεὶς
3383 1879 3522 1951 πρὸς

247 1976 356 2032 τοῦ
389 1975 675 2046 φληναφοῦ
719 1973 886 2030 αὑτοῦ
923 1974 1376 2046 ψευδοπροφήτου
1433 1976 1838 2046 Μωάμεθ,·καὶ

247 2074 687 2141 κατοικητήριον
729 2073 940 2138 ἀλόγων
973 2068 1391 2140 καὶ·καμήλων.
1416 2071 1640 2135 Λοιπὸν,
1685 2071 1838 2125 ἀδελ-

245 2164 353 2232 φοὶ
382 2162 477 2216 καὶ
508 2163 935 2232 συστρατιῶται,
962 2160 1106 2214 κατὰ
1136 2160 1263 2214 νοῦν
1291 2161 1631 2232 ἐνθυμήθητε
1665 2161 1753 2215 ἵνα
1775 2162 1836 2214 τὸ

246 2254 611 2325 μνημόσυνον
636 2253 791 2323 ὑμῶν
818 2254 913 2307 καὶ
944 2254 977 2323 ἡ
1023 2252 1212 2323 μνήμη
1269 2253 1364 2305 καὶ
1392 2254 1424 2322 ἡ
1471 2253 1629 2323 φήμη
1676 2254 1769 2306 καὶ
1802 2255 1835 2324 ἠ

240 2348 544 2419 ἰλευθερία
573 2347 808 2411 αἰωνίως
839 2347 1162 2418 γενήσηται.
1197 2365 1216 2398 ι

321 2441 440 2496 Καὶ
470 2440 736 2508 στραφεὶς
765 2439 905 2510 πρὸς
930 2439 1055 2501 τοὺς
1098 2439 1352 2504 Ἐνετοὺς
1385 2442 1445 2493 ὲν
1487 2441 1600 2503 τοῖς
1642 2440 1836 2504 δεξιοῖς

251 2535 488 2608 μέρεσιν
515 2530 838 2601 ίσταμὲνους
864 2532 971 2600 ἔφη
994 2545 1006 2560 ’
1033 2548 1052 2581 ι
1079 2529 1287 2584 Ἑνετοὶ
1316 2532 1583 2597 εὐγενεῖς,
1615 2531 1838 2599 ἀδελφοὶ

247 2624 605 2697 ἠγαπημένοι
633 2625 690 2676 ὲν
717 2620 941 2694 Χριστῷ
960 2621 1038 2691 τῷ
1063 2621 1182 2691 Θεῷ
1201 2660 1217 2687 ,
1246 2622 1439 2692 ἄνδρες
1490 2623 1704 2693 ἰσχυροὶ
1745 2623 1837 2675 καὶ

250 2734 597 2789 στρατιῶται
620 2715 838 2770 δυνατοὶ
864 2715 959 2769 καὶ
992 2714 1052 2767 ἒν
1075 2714 1335 2785 πολέμοις
1368 2712 1759 2783 δοκιμώτατοι,
1786 2713 1838 2766 οἳ

247 2810 347 2864 διὰ
377 2810 486 2863 τῶν
512 2806 932 2878 ἐστιλϐωμένων
957 2806 1120 2877 ὑμῶν
1165 2804 1453 2877 ῥομφαίων
1490 2798 1582 2858 κάι
1615 2805 1838 2875 χάριτος

247 2901 526 2966 πολλάκις
557 2900 764 2971 πλῆθος
804 2899 914 2954 τῶν
954 2898 1279 2968 Ἀγαρηνῶν
1304 2895 1710 2964 ἑθανατώσατε,
1740 2897 1838 2950 καὶ

248 2994 318 3046 τὸ
354 2989 496 3062 αἷμα
524 2993 702 3047 αὑτῶν
737 2991 1081 3063 ποταμειδὼς
1109 2992 1173 3043 ἐκ
1208 2990 1317 3043 τῶν
1342 2988 1541 3060 χειρῶν
1561 2989 1718 3059 ὑμῶν
1743 2988 1838 3060 ξρ-

250 3087 450 3154 ρευσε,
479 3087 546 3155 τῇ
596 3086 836 3156 σήμερον
864 3082 1172 3154 παρακαλῶ
1223 3084 1367 3154 ὑμᾶς
1402 3084 1488 3137 ἵνα
1530 3083 1632 3154 τὴν
1677 3079 1836 3137 πόλιν

243 3176 469 3244 ταύτην
515 3177 612 3246 τὴν
654 3176 1057 3247 εὑρισκομένην
1113 3176 1209 3230 ἐπὶ
1254 3175 1496 3248 τοσαύτῃ
1574 3175 1837 3247 συμφορᾷ
1863 3208 1907 3266 C

240 3267 351 3321 τοῦ
387 3267 628 3338 πολέμου
658 3268 938 3340 δλοψύχως
968 3270 1063 3324 καλ⁸
1091 3271 1159 3324 ἐκ
1196 3272 1369 3341 μέσου
1415 3268 1597 3340 ψυχῆς
1635 3268 1836 3338 γένητε

236 3444 409 3508 liam,
443 3442 748 3512 Helladem,
781 3447 1075 3513 Boeotiam,
1109 3447 1340 3515 Locros,
1379 3447 1620 3517 Elolos,
1659 3449 1836 3506 Acar-

234 3536 504 3602 naniam,
535 3538 828 3603 Achaiam,
889 3540 1349 3609 PelopouneSum.
1385 3541 1631 3612 Epirum,
1665 3542 1839 3614 Illyri—

233 3645 406 3696 cum,
432 3627 735 3699 Lycbnitas
767 3631 819 3682 in
846 3631 984 3684 mari
1007 3631 1312 3700 Adriatico,
1333 3633 1571 3700 Italiam,
1601 3633 1834 3699 Tuscos,

230 3724 459 3787 Celtas,
477 3720 866 3788 Celtogalatas,
890 3721 1125 3777 lberiam
1152 3740 1326 3791 usque
1353 3723 1554 3789 Gades.
1586 3726 1834 3797 Libyam,

228 3813 680 3879 Mauretaniam,
734 3812 1113 3879 Maurusiam,
1167 3813 1530 3882 IEthiopiam,
1581 3815 1834 3882 Beledas,

227 3908 514 3971 Scudam,
534 3906 876 3973 Numidiam,
897 3906 1165 3975 Africam,
1182 3907 1516 3979 Egyptum:
1547 3909 1650 3965 hac
1669 3908 1837 3980 igitur

224 4012 384 4055 nunc
422 3998 539 4061 iste
574 3999 738 4066 potiri
780 4007 1017 4053 conatur
1051 4010 1105 4054 et
1153 4002 1402 4071 reginam
1445 4000 1663 4055 urbium
1701 4001 1834 4057 sub-

214 4094 434 4164 jugare
484 4089 539 4144 in
594 4090 1024 4160 SEPVillllchIle
1069 4092 1351 4162 redigere,
1402 4100 1568 4163 atque
1613 4105 1837 4150 sanctas

170 4206 177 4217 ί
217 4183 520 4242 ecclesias
563 4191 807 4251 nostras,
854 4183 946 4238 ubi
986 4195 1180 4242 sancta
1211 4184 1457 4241 Trinitas
1495 4189 1834 4244 adorabatur

213 4290 275 4337 et
331 4277 767 4334 sanctissimum
810 4276 1197 4333 celebrabatur
1229 4278 1469 4345 Numen,
1514 4280 1604 4335 ubi
1651 4281 1831 4350 angi-ii

211 4372 497 4429 divinam
529 4379 768 4424 mentem
797 4376 855 4422 et
888 4370 941 4423 in
990 4384 1159 4426 carne
1187 4380 1504 4440 susceptam
1540 4372 1632 4428 Dei
1669 4371 1830 4429 Verbi

214 4460 620 4523 oeconomiam
649 4470 912 4517 canentes
944 4462 1336 4529 audiebantur,
1374 4464 1428 4518 in
1462 4462 1653 4520 fanum
1681 4466 1834 4522 blas-

1942 1976 2155 2038 πάντας
2177 1970 2332 2028 εἶπεν
2350 1989 2365 2003 ⁸
2395 1993 2413 2026 ι
2437 1975 2549 2027 Οὐκ
2574 1973 2682 2045 ἔχω
2706 1974 2898 2044 καιρὸν
2922 1974 3098 2027 εἰπεῖν
3118 1974 3249 2043 ὑμῖν
3275 1970 3519 2025 πλείονα.

1937 2071 2116 2125 Μόνον
2147 2070 2207 2122 τὸ
2243 2068 2720 2137 τεταπεινωμένον
2781 2067 3055 2138 ἡμέτερον
3107 2067 3389 2136 σκῆπτρον
3440 2067 3520 2126 είς

1939 2162 2038 2224 τὰς
2083 2162 2238 2231 ὑμῶν
2266 2162 2459 2233 χεῖρας
2489 2159 2810 2231 ἀνατίθημι,
2869 2161 2956 2214 ἵνα
2991 2160 3124 2213 αὑτὸ
3159 2158 3276 2231 μετ’
3307 2158 3540 2240 εὐνοίας.

1939 2255 2237 2326 φυλάξητε.
2290 2254 2601 2325 Παρακαλῶ
2634 2254 2693 2307 δὲ
2727 2253 3012 2308 καὶτοῦτο
3055 2255 3150 2306 καὶ
3177 2252 3369 2321 δέομαι
3419 2251 3522 2320 τῆς

1941 2349 2213 2419 ὑμετέρας
2266 2348 2512 2416 ἀγάπης,
2569 2346 2658 2401 ἵνα
2700 2346 2802 2415 τὴν
2853 2346 3176 2417 πρέπουσαν
3226 2345 3395 2416 τιμὴν
3424 2345 3523 2398 καὶ

1939 2437 2222 2510 ὑποταγὴν
2291 2437 2503 2509 δώσητε
2555 2440 2671 2502 τοῖς
2727 2438 3020 2510 ὑμετέροις
3057 2443 3393 2510 στρατηγοῖς
3427 2438 3521 2492 καὶ

1938 2531 2246 2601 δημάρχοις
2275 2530 2368 2583 καὶ
2399 2531 2846 2601 ἑκατοντάρχοις,
2875 2531 3108 2594 ἕκαστος
3130 2531 3270 2585 κατά
3300 2530 3402 2601 τὴν
3424 2531 3526 2585 τά-

1941 2620 2023 2685 ξιν
2050 2620 2219 2674 αὑτοῦ
2257 2623 2354 2674 καλ⁵
2382 2621 2573 2691 τάγμα
2605 2622 2703 2675 καὶ
2736 2622 3070 2693 ὑπηρεσίαν.
3102 2622 3414 2692 Γνωρίσατε
3454 2621 3522 2692 δὴ

1940 2713 2122 2769 τοῦτο.
2153 2713 2263 2767 Καὶ
2285 2714 2380 2768 ἐὰν
2410 2714 2473 2768 ὲκ
2515 2715 2752 2785 καρδίας
2783 2715 3062 2785 φυλάξητε
3097 2715 3166 2769 τά
3192 2716 3293 2768 ὅσα
3322 2716 3525 2768 ἐνετει-

1938 2806 2121 2878 λάμην
2151 2808 2301 2875 ὑμῖν,
2334 2807 2544 2872 ἐλπίζω
2560 2808 2641 2872 είς
2662 2807 2797 2862 Θεδν
2816 2808 2890 2872 ὡς
2921 2806 3334 2879 λυτρωθείημεν
3361 2810 3526 2879 ἡμεῖς

1937 2897 2041 2965 τῆς
2074 2890 2386 2970 ἐνεστώσης
2417 2898 2585 2953 αὑτοῦ
2614 2899 2833 2963 δικαίας
2881 2901 3132 2971 ἀπειλῆς.
3174 2903 3446 2973 Δεύτερον
3467 2901 3525 2955 δὲ

1940 2994 2034 3047 καὶ
2059 2995 2087 3047 ὁ
2118 2995 2385 3062 στέφανος
2407 2993 2435 3047 ὁ
2460 2994 2830 3065 ἀδαμάντινος
2856 2998 2914 3049 ὲν
2947 2996 3201 3066 οὐρανοῖς
3233 2998 3524 3051 ὲναπόκει-

1936 3100 2029 3137 ται
2059 3085 2210 3155 ὑμῖν,
2244 3085 2353 3138 καὶι
2372 3076 2563 3156 μνήμη
2595 3085 2811 3149 αἰώνιος
2841 3087 2937 3140 καὶ
2963 3086 3116 3154 ἄξιος
3147 3089 3204 3141 ἐν
3225 3087 3306 3158 τῷ
3326 3088 3521 3160 κόσμῳ

1939 3176 2146 3230 ἔσεται.
2178 3196 2195 3228 ο
2237 3178 2546 3257 καὶταῦτα
2576 3179 2749 3234 εἰπὼν
2787 3182 2883 3233 καὶ
2906 3179 3007 3250 τὴν
3036 3180 3384 3252 δημηγορίαν
3435 3198 3525 3233 τε-

1940 3270 2106 3336 λέσας
2144 3271 2237 3326 καὶ
2271 3272 2412 3343 μετὰ
2441 3272 2697 3344 δακρύων
2727 3273 2826 3328 καλ⁵
2877 3274 3204 3346 στεναγμῶν
3247 3277 3341 3329 τὸν
3387 3276 3527 3329 Θεὸν

1938 3469 2111 3525 quare
2144 3454 2342 3511 iterum
2366 3470 2471 3512 vos
2501 3456 2756 3521 obsecro,
2785 3456 2853 3514 ut
2872 3458 2928 3513 in
2957 3460 3078 3529 ipso
3109 3452 3290 3515 rerum
3322 3461 3522 3517 discri-

1938 3546 2086 3601 mine
2111 3548 2318 3602 amicos
2335 3557 2389 3602 et
2412 3548 2535 3603 fidei
2564 3550 2747 3605 socios
2761 3558 2816 3604 et
2841 3550 3040 3619 fgatres
3063 3567 3157 3607 vos
3175 3555 3465 3621 praestetis.
3494 3573 3514 3604 ι

1934 3636 2146 3693 Deinde
2197 3637 2267 3693 ad
2301 3639 2586 3695 sinistram
2619 3656 2834 3706 versus,
2869 3642 3102 3710 Ligures
3144 3646 3215 3699 ita
3246 3645 3520 3701 allocutus

1937 3738 2020 3783 est
2054 3746 2068 3783 :
2109 3747 2129 3780 ι
2160 3727 2408 3798 Ligures,
2434 3729 2637 3787 fratres
2659 3732 3096 3799 honoratissimi,
3121 3736 3224 3790 viri
3247 3736 3518 3803 bellicosi,

1937 3821 2185 3889 generosi
2218 3832 2273 3876 et
2311 3822 2547 3884 nobiles.
2581 3839 2691 3879 non
2743 3825 3029 3897 ignoratis,
3065 3826 3341 3882 infelicem
3376 3828 3520 3883 hanc
3608 3868 3612 3873 .

1937 3913 2128 3968 urbem
2172 3928 2389 3983 semper
2440 3931 2551 3970 non
2593 3931 2771 3971 meam
2832 3917 3028 3986 solius,
3072 3920 3167 3974 sed
3206 3920 3372 3975 etiam
3408 3938 3521 3975 rvr-

1937 4013 2105 4058 stram
2142 4003 2313 4061 fuisse
2342 4004 2529 4061 multis
2552 4009 2618 4061 de
2644 4009 2847 4067 causis.
2889 4009 2997 4064 Vos
3022 4024 3165 4080 saepe
3190 4011 3440 4066 studiose
3466 4013 3520 4067 ei

1936 4111 2094 4165 opem
2126 4097 2351 4165 tulistis,
2398 4107 2452 4154 et
2488 4099 2698 4156 auxilio
2729 4111 2915 4159 vestro
2967 4105 3250 4160 liberastis
3287 4121 3407 4161 eam
3451 4110 3523 4161 ab

1935 4189 2226 4258 Agarenis,
2259 4190 2381 4260 ejus
2407 4192 2680 4247 hostibus.
2709 4192 2868 4249 Nunc
2900 4210 3097 4252 rursus
3127 4207 3345 4268 tempus
3367 4199 3521 4253 adest

1935 4279 2326 4352 opporttinum,
2355 4299 2467 4354 quo
2497 4301 2601 4355 ope
2638 4285 2858 4342 ferenda
2894 4288 3041 4343 illam
3068 4290 3120 4343 in
3140 4288 3361 4346 Christo
3388 4273 3525 4347 cha-

1936 4378 2181 4442 ritatem,
2225 4377 2602 4436 fortitudinem
2646 4395 2711 4436 ac
2743 4385 3243 4452 magnanimitatem
3272 4397 3521 4453 vestiam

1935 4470 2363 4539 comprobetis.»
2391 4471 2679 4528 Postremo
2700 4477 2766 4529 ad
2787 4490 2980 4532 omnes
3001 4479 3166 4534 simul
3188 4495 3488 4537 conversus
3504 4501 3524 4541 :

218 4556 487 4630 phemim
538 4568 654 4608 suae
707 4563 766 4609 et
819 4555 1027 4625 garruli
1073 4557 1356 4627 prophetae
1406 4556 1735 4615 Mohametis
1777 4568 1832 4615 et
1863 4559 1910 4615 D
1946 4576 1965 4609 ι
1995 4558 2115 4613 Νοιι
2150 4569 2234 4616 est
2266 4570 2508 4632 tempus,
2551 4562 2751 4633 inquit,
2781 4565 3034 4636 pluribus
3064 4583 3160 4624 vos
3188 4570 3523 4640 alloquendi.

216 4657 542 4707 brutorum
592 4646 1046 4723 camelorumque
1094 4649 1470 4705 habitaculum
1503 4661 1832 4709 convertere

214 4746 471 4816 cogitat.
509 4737 741 4804 Verum.
781 4737 984 4795 fratres
1017 4748 1073 4796 et
1113 4744 1545 4811 commilitones,
1596 4748 1832 4818 cogitate

212 4853 354 4894 cum
406 4832 623 4889 animis
664 4832 888 4898 vestris,
920 4847 1032 4901 quo
1066 4844 1230 4904 pacto
1272 4840 1599 4893 memoriam
1648 4842 1830 4897 nostri

211 4937 275 4984 et
312 4926 540 4981 famam
570 4922 950 4978 etlibertatem
979 4933 1310 4994 perpetuam
1332 4932 1775 4999 consequamini.
1806 4949 1826 4984 ι

290 5017 454 5074 Tum
492 5014 560 5069 ad
595 5012 832 5070 Venetos
867 5029 1199 5083 conversus,
1226 5018 1316 5087 qui
1351 5018 1385 5073 a‘
1411 5021 1618 5076 dextris
1640 5023 1830 5079 adsta-

213 5115 366 5169 bant
393 5129 412 5165 :
457 5125 480 5160 ι
519 5105 734 5171 Veneti,
766 5106 966 5176 inquit,
1001 5104 1265 5174 illustres,
1295 5108 1498 5167 fratres
1522 5115 1576 5168 in
1609 5114 1832 5171 Christo

213 5203 337 5258 Deo
381 5197 608 5260 dilecti,
653 5195 756 5252 viri
808 5195 977 5253 fortes
1021 5208 1075 5252 et
1119 5199 1324 5256 milites
1359 5204 1570 5257 strenui
1600 5213 1655 5259 et
1687 5205 1831 5261 bello

117 5352 124 5358 ,
211 5288 644 5366 probatissimi,
678 5290 773 5358 qui
821 5290 1019 5359 gladiis
1052 5292 1251 5348 vesu'is
1291 5293 1629 5351 micantibus
1655 5307 1712 5353 et
1744 5302 1829 5352 di-

208 5391 349 5446 vina
386 5382 576 5456 gratia
611 5396 757 5451 saepe
793 5397 1020 5453 magnas
1048 5384 1423 5455 Agerenornm
1461 5400 1675 5459 Strages
1707 5392 1826 5445 elli-

205 5481 414 5544 distis,
454 5489 698 5545 quorum
728 5476 954 5545 sanguis
988 5474 1231 5533 fluminis
1262 5479 1438 5535 instar
1477 5481 1547 5537 de
1576 5462 1827 5538 manibus

202 5571 426 5629 vestris
465 5565 720 5632 defluxit,
756 5568 915 5623 hodie
939 5584 1039 5624 vos
1066 5571 1321 5636 obsecro,
1361 5582 1422 5628 ut
1455 5573 1648 5629 urbem
1684 5575 1832 5631 hanc
1897 5575 1903 5580 ’

199 5670 261 5723 in
322 5670 496 5718 tanta
553 5661 680 5716 belli
706 5661 1023 5718 calamitate
1067 5676 1406 5731 versantem,
1450 5684 1516 5722 ex
1550 5669 1738 5725 animo
1773 5680 1827 5725 et

202 5756 422 5812 intimo
461 5759 690 5817 pectore
721 5750 1050 5808 defendatis.
1094 5752 1260 5811 Scitis
1309 5758 1454 5811 enim
1502 5759 1628 5828 ipsi,
1687 5760 1828 5816 hanc

201 5868 309 5904 vos
345 5845 598 5900 alteram
629 5845 866 5918 patriam
912 5857 966 5903 et
1001 5832 1229 5907 matrem
1263 5867 1481 5924 semper
1511 5854 1822 5924 habuisse:

1941 4650 2348 4709 Tantummodo
2379 4668 2656 4724 sceptrum
2679 4668 2925 4712 nostrum
2956 4659 3226 4728 dignitate
3256 4677 3356 4718 sua
3384 4680 3524 4718 exu-

1943 4752 2054 4799 tum
2082 4746 2335 4803 mauibus
2358 4749 2555 4804 vestris
2579 4750 2923 4815 commendo,
2956 4760 3017 4806 ut
3039 4753 3289 4810 studiose
3307 4770 3335 4809 a
3367 4757 3524 4813 vobis

1939 4839 2306 4894 custOdiatur.
2339 4839 2543 4896 llortor
2579 4853 2759 4897 autem
2797 4852 2851 4898 et
2899 4844 3224 4901 charitatern
3277 4858 3515 4905 vestram

1939 4929 2196 4996 obsecro,
2228 4942 2287 4986 ut
2330 4948 2492 5002 quem
2541 4934 2696 4991 decet
2734 4937 2996 4992 honorem
3049 4950 3102 4994 et
3152 4940 3522 4998 obedientiam

1940 5021 2210 5077 militibus
2239 5025 2458 5089 vestris,
2495 5027 2737 5084 tribunis
2761 5041 2817 5084 et
2844 5031 3284 5101 centurionibus,
3317 5052 3521 5091 sccun-
3554 5078 3559 5085 .

1939 5113 2069 5170 dum
2104 5131 2264 5171 suum
2311 5118 2546 5190 quisque
2586 5122 2837 5178 ordinem
2893 5131 2943 5178 et
2991 5125 3352 5195 manipulum,
3384 5144 3523 5199 prae.

1940 5204 2161 5262 beatis:
2203 5207 2426 5289 scitote,
2470 5209 2573 5264 hoc
2624 5227 2843 5282 quoque
2903 5228 3026 5270 esse
3063 5220 3307 5297 muneris
3335 5221 3521 5275 vestri.

1941 5300 2147 5367 Quodsi
2194 5317 2263 5356 ex
2312 5302 2498 5357 animo
2557 5304 2821 5374 feceritis,
2876 5324 2999 5378 qum
3033 5311 3191 5365 vobis
3244 5315 3522 5383 mandavi,

1943 5394 2055 5449 Deo
2086 5395 2328 5450 confisus
2357 5412 2540 5465 spero,
2597 5400 2763 5455 minis
2799 5408 2855 5455 et
2889 5403 3153 5470 periculis
3189 5404 3315 5474 jure
3345 5410 3414 5461 ab
3446 5421 3521 5462 eo

1941 5485 1995 5540 in
2028 5502 2129 5541 nos
2163 5488 2387 5542 intentis
2437 5504 2536 5543 nos
2588 5490 2883 5546 liberatum
2923 5495 3013 5549 iri.
3063 5495 3268 5551 Deinde
3317 5514 3523 5553 corona

1941 5578 2291 5633 adamantina
2331 5583 2383 5635 in
2411 5582 2551 5635 coelo
2586 5597 2680 5637 vos
2725 5594 2929 5650 manet,
2965 5596 3019 5640 et
3056 5590 3322 5643 memoria
3355 5592 3521 5644 veStri

1939 5681 2203 5739 perpetua
2251 5680 2306 5726 et
2335 5672 2533 5727 eximia
2590 5673 2643 5726 in
2693 5675 2827 5730 orbe
2883 5686 3152 5734 terrarum
3197 5680 3320 5736 crit.
3350 5699 3370 5733 ι
3427 5677 3527 5736 llis

1940 5762 2123 5818 verbis
2152 5778 2277 5819 cum
2313 5766 2472 5819 finem
2509 5765 2737 5821 dicendi
2772 5767 2993 5826 fecisset
3025 5780 3079 5825 et
3113 5786 3236 5825 cum
3266 5772 3527 5844 lacrymis

1940 5857 2345 5930 gemitibusque
2375 5859 2485 5916 Deo
2524 5860 2732 5931 gratias
2762 5861 2987 5934 egisset,
3019 5850 3200 5920 cuncti
3233 5866 3375 5920 velut
3412 5878 3524 5921 uno
