3964 6458
495 375 602 439 875
1734 367 2063 431 GEORGII
2103 367 2536 432 PHRANTZFE
3632 370 3715 436 εὖ
3869 356 3871 427 ί

499 493 579 554 εἰς
623 489 775 544 Θεδν»
809 484 903 541 τοῦ
938 478 1077 540 εἶναι
1125 482 1393 554 ἡμετέρα.
1428 481 1653 547 Λοιπὸν,
1684 483 1928 552 ἀδελφοὶ,
1966 481 2085 552 χαί·
2115 490 2159 539 Α
2188 483 2526 553 φρονήσεως.
2563 482 2629 537 Oi
2683 481 2740 536 δὲ
2772 480 3045 552 Τοῦρκοι,’
3092 477 3299 543 ἰδόντες
3354 482 3450 554 τὴν
3494 484 3716 558 τοσαῦτην

505 598 653 651 ρετε,
685 580 769 633 ὅτι
819 579 847 631 6
899 575 1199 646 πολύτιμος
1250 573 1522 642 στέφανος
1566 574 1697 641 ὑμῖν
1733 573 1932 637 Ιἔσεται,
1967 575 2087 645 οὐχὶ
2193 572 2458 642 σύγχυσιν
2493 574 2603 628 τῶν
2635 577 2948 646 ἡμετέρων,
2997 574 3203 644 θάρσος
3234 574 3446 628 ἔλαϐον.
3476 576 3612 631 Ἐκεῖ
3648 586 3721 631 καὶ

504 676 666 743 μόνον
699 669 939 741 φθαρτὸς
968 669 1061 722 καὶ
1093 667 1309 738 γήϊνος,
1340 666 1480 720 ἀλλά
1504 667 1598 719 καὶ
1631 666 1980 736 ἐπουράνιος.
2030 664 2089 719 'U
2190 665 2220 717 6
2254 665 2427 732 Σογάν
2458 668 2705 735 μπασιᾶς
2734 666 2931 736 παρὼν
2965 668 3078 730 τοῖς
3123 667 3505 735 ἰαννιτζαρίοις
3529 672 3612 722 καὶ
3634 674 3721 733 rei;

498 768 630 829 θεὸς
661 766 689 818 ὁ
727 765 869 834 ὑπὲρ
905 762 1066 833 ἡμῶν
1097 762 1353 831 πολεμεῖ,
1393 760 1571 831 δειλίᾳ
1600 759 1828 830 κατέχει
1856 758 1918 811 τὸ
1953 758 2091 827 πλῆ-
2195 758 2403 827 ἑτέροις
2429 759 2734 828 διαλεχθεὶς
2760 761 3061 831 ἐπήγειρεν
3093 760 3280 813 αὐτῶν
3318 760 3386 813 τὰ
3424 763 3724 830 φρονήματα.

503 860 592 922 θος
627 859 735 913 τῶν
769 857 1004 911 ἀσεϐῶν.
1053 876 1072 909 ο
2195 851 2308 903 Καί
2365 868 2448 914 τις
2508 850 2848 921 ἰωνίτζαρις
2903 840 3149 921 τοῦνομα
3216 853 3474 919 Χασάνης
3530 852 3610 935 (ἐκ
3654 855 3726 908 to}

582 952 696 1007 Ka‘t
743 951 920 1005 ταῦτα
969 948 1065 1002 τοῦ
1125 946 1397 1019 βασιλέως
1456 946 1732 1015 λέγοντος,
1773 946 2030 1016 Ἰωάννης
2064 947 2093 999 6
2197 947 2502 1001 Λουπαδίου
2552 948 2580 999 6
2634 949 2983 1018 γιγαντὼδης
3040 948 3275 1017 ὥρμητο
3335 947 3566 1019 λένδρος)
3615 949 3726 1019 ὑπὲρ

518 1045 904 1106 Ἰουοτινιανὸς
952 1044 980 1097 6
1011 1043 1107 1096 καὶ
1158 1037 1470 1113 στρατηγὸς
1513 1039 1910 1110 ἐπλήγητόξου
1946 1039 2090 1109 βέλει
2197 1040 2443 1107 κεφαλῆς
2475 1043 2543 1110 τῇ
2578 1041 2849 1113 ἀριστερᾷ
2873 1041 3018 1111 χειρὶ
3051 1041 3146 1094 τὸν
3174 1040 3372 1111 θυρεὸν
3407 1040 3591 1111 βαλὼν,
3613 1042 3730 1109 τῇδὲ

506 1144 564 1194 ὲν
617 1142 730 1203 τοῖς
778 1138 1028 1191 σκέλεσιν
1076 1135 1168 1189 ἐπὶ
1205 1135 1297 1189 τὸν
1350 1134 1526 1199 δεξιὸν
1575 1134 1733 1188 πόδα.
1771 1133 1942 1196 Αὐτὸς
1975 1132 2034 1186 δὲ
2065 1134 2093 1186 6
2197 1134 2346 1203 δεξιᾷ
2371 1135 2432 1187 τὸ
2459 1134 2613 1204 ξίφος
2641 1137 3051 1205 ἀσπασάμενος,
3079 1137 3175 1189 ἐπὶ
3214 1137 3278 1189 τὸ
3309 1138 3501 1205 τεῖχος,
3523 1129 3731 1189 οὗέθεώο

506 1232 764 1286 τοσοῦτον
817 1229 1081 1299 ἔμπειρος
1132 1227 1209 1280 ὢν
1264 1226 1530 1293 πολέμου,
1561 1226 1637 1289 ὡς
1694 1221 1805 1278 εἶδε
1850 1225 1912 1278 τὸ
1957 1218 2097 1293 αἷμα
2203 1248 2286 1301 ρει
2346 1231 2444 1298 τὴν
2494 1230 2784 1301 σύγχυσιν,
2844 1231 3146 1302 ἐχώρησεν.
3216 1228 3382 1300 285
3435 1230 3646 1283 Ἔποντο
3690 1230 3732 1283 δὲ

506 1326 654 1393 ῥέειν
686 1326 750 1375 ἐκ
774 1322 868 1393 τοῦ
905 1321 1159 1391 σώματος
1193 1319 1388 1385 αὑτοῦ,
1411 1320 1535 1383 ὅλος
1570 1317 1876 1388 ἠλλοιώθη,
1905 1318 1999 1372 καὶ
2026 1317 2095 1388 ἢν
2197 1321 2348 1391 αὐτῷ
2376 1322 2469 1375 καὶ
2508 1323 2688 1391 ἕτεροι
2731 1322 2868 1375 ὡσεὶ
2904 1325 3230 1393 τριάκοντα,
3264 1322 3366 1390 τὴν
3416 1321 3620 1391 ἀνδρίαν
3661 1320 3733 1391 ζη-

504 1415 820 1487 προέδειξεν
878 1415 1106 1483 ἀνδρίαν
1139 1416 1204 1467 ἐκ
1237 1412 1336 1467 τοῦ
1381 1411 1549 1479 φόϐου
1598 1411 1788 1482 ἔχασε,
1825 1411 1922 1464 καὶ
1953 1411 2097 1465 ἀνω-
2197 1412 2494 1479 λὼσαντες.
2527 1417 2591 1469 Ol
2645 1414 2704 1469 δὲ
2753 1415 3233 1484 έναπομείναντες
3291 1415 3543 1484 ἡμέτεροι
3588 1415 3638 1466 ἐν
3672 1413 3734 1481 τῷ

506 1512 686 1579 φελῶς
725 1512 863 1580 μετά
894 1509 1068 1563 ταῦτα
1095 1508 1320 1578 ἔπραξε.
1354 1506 1452 1571 “Oc;
1475 1504 1830 1576 ἀνεχώρησεν
1859 1504 1982 1558 ὅθεν
2005 1500 2094 1578 ἦν.
2199 1508 2371 1577 τείχει
2401 1507 2798 1576 κατηκόντιζον
2824 1509 3025 1572 αὐτοὺς
3056 1509 3152 1561 καὶ
3189 1507 3410 1578 βέλεσιν
3439 1506 3643 1561 ἔϐαλλον
3667 1509 3737 1560 καὶ

506 1604 674 1677 284
704 1603 861 1657 Μετά
914 1602 1130 1669 σιωπῆς
1181 1586 1441 1667 διήρχετο
1492 1598 1677 1663 ζητῶν
1734 1600 1977 1668 ίατροὺς,
2021 1601 2097 1669 μὴ
2201 1597 2385 1663 λίθους
2424 1598 2840 1669 ὑπερμεγέθεις
2869 1600 3087 1654 ὲκύλιον
3121 1599 3251 1654 κατ’
3281 1599 3496 1655 αὐτῶνθ
3528 1600 3643 1653 δέκα
3666 1603 3736 1652 καὶ

512 1691 873 1764 μνημονεύων
905 1692 1004 1758 τῆς
1034 1689 1424 1758 γενναιότητος
1459 1690 1554 1742 καὶ
1588 1680 1999 1756 ἐπιδεξιότητος
2026 1690 2096 1760 ἢν
2203 1691 2348 1743 ὀκτὼ
2400 1690 2459 1756 ἐξ
2502 1692 2684 1745 αὐτῶν
2718 1694 3171 1763 ἀπεκρὴμνισαν.
3223 1691 3285 1747 ⁸0
3334 1694 3391 1747 δὲ
3436 1692 3664 1762 xum;
3690 1693 3735 1744 οὗ

514 1784 754 1855 ἀρχῆθεν
806 1781 995 1847 ἔδειξε.
1033 1781 1145 1835 Καὶ
1183 1781 1282 1833 οὐκ
1336 1777 1459 1833 εἷπε
1495 1782 1608 1843 τοῖς
1658 1768 1912 1835 συνοῧσιν
1946 1781 2097 1851 αὐτῷ
2129 1833 2171 1857 η
2204 1783 2474 1854 πρότερον
2506 1785 2712 1854 ἐπέσχε
2765 1787 2866 1854 τὴν
2893 1784 3132 1857 ὁρμὴ·νῆ
3166 1787 3419 1839 ἀνελθεῖν
3453 1788 3507 1838 ἐν
3535 1787 3628 1847 τοῖς
3651 1785 3736 1836 rei-

512 1833 688 1943 66666,
717 1876 841 1932 οὗτε
878 1878 993 1929 ἀντ’
1029 1876 1199 1930 αὑτοῦ
1244 1873 1399 1927 εἴασέ
1429 1891 1555 1927 τινα
1589 1874 1801 1943 ἕτερον,
1837 1875 1923 1927 ἵνα
1955 1873 2032 1945 μὴ
2062 1876 2096 1945 ἡ
2129 1833 2173 1886 Β
2202 1892 2322 1945 χεσι
2373 1833 2481 1929 καῖ
2505 1833 2832 1947 τρέιῐιίάιςθαι¹
2858 1833 2988 1941 τοθς
3028 1833 3375 1948 ’ἡμετέρους
3418 1877 3597 1930 Ἠνίκα
3638 1875 3736 1943 γοῦν

512 1974 766 2042 γεγονυῖα
799 1970 1065 2039 σύγχυσις
1096 1969 1326 2037 γένηται
1373 1966 1468 2019 καὶ
1499 1965 1772 2020 ἀπώλεια.
1814 1967 2099 2036 Στραφέν-
2201 1968 2475 2039 ἐκράτησε
2510 1970 2610 2037 τῆς
2639 1970 3066 2039 ἐπιχειρήσεως,
3105 1971 3207 2025 καὶ
3236 1971 3421 2040 ἕτεροι
3454 1970 3620 2023 πολλοί
3643 1972 3736 2022 ἀκο-

508 2085 600 2130 τες
631 2065 687 2118 δέ
716 2066 765 2117 οἰ
796 2060 1128 2139 στρατιῶται
1160 2059 1255 2112 καὶ
1291 2058 1367 2128 μὴ
1401 2058 1603 2121 ἰδόντες
1628 2058 1722 2109 τὸν
1756 2058 2095 2126 στρατηγὸν,
2201 2059 2566 2130 λουθήσαντες
2625 2054 2951 2130 ἀνήρχονεο
2980 2066 3062 2127 εἰς
3112 2065 3186 2117 ,τὸ
3254 2066 3455 2134 τεῖχος.
3501 2064 3603 2116 Καὶ
3638 2062 3731 2123 τοὺς

512 2162 601 2213 διὰ
635 2158 728 2211 τοῦ
769 2156 1028 2227 ῥηθέντος
1057 2152 1219 2220 λόγου
1257 2152 1342 2203 ὅτι
1376 2149 1583 2218 ἔφυγεν
1612 2150 1693 2212 εἰς
1724 2150 1974 2219 ταραχὴν
2004 2152 2099 2204 καὶ
2202 2150 2594 2216 ἀναϐαίνοντας
2623 2152 2724 2206 οὐκ
2756 2152 3003 2222 ἔφθασαν
3031 2155 3276 2210 κωλύειν
3321 2159 3372 2209 οἰ
3403 2156 3641 2226 ἡμέτεροι
3668 2154 3729 2205 διὰ

467 2310 471 2317 ,
513 2252 718 2306 δειλίαν
772 2247 1020 2319 μεγάλην
1069 2244 1353 2298 ἐνέπεσον.
1415 2243 1475 2295 '0
1524 2239 1620 2297 οὖν
1666 2243 1927 2313 βασιλεὺς
1958 2244 2102 2297 κατὰ
2199 2244 2301 2314 τὴν
2349 2245 2684 2317 ὀλιγότητα’
2721 2248 2772 2300 οἱ
2820 2248 2877 2301 δέ
2931 2249 3192 2316 πολέμιοι
3233 2250 3443 2320 πλῆθος
3471 2244 3731 2321 ἡσαν.Τοῖς

516 2340 821 2410 συγκυρίαν
871 2337 1035 2392 πάλιν
1081 2336 1264 2388 ἐκεῖσε
1318 2334 1567 2404 εὑρεθεὶς
1620 2335 1722 2405 ὁρᾷ
1771 2336 1899 2399 τοὺς
1938 2352 2102 2406 στρα-
2201 2337 2260 2390 δὲ
2315 2338 2553 2391 ἀναϐᾶσι
2608 2338 3022 2408 συμπλέκοντες
3077 2342 3380 2413 ἐμάχοντο,
3422 2345 3513 2397 καὶ
3559 2339 3618 2413 ἦν
3661 2344 3729 2395 οὐκ

511 2437 717 2498 τιὼτας
753 2429 1203 2502 συγκεχυμένους
1237 2432 1335 2484 καὶ
1370 2428 1611 2499 μεστοὺς
1644 2429 1816 2499 φόϐου
1863 2431 1939 2494 ὼς
1966 2430 2102 2499 πρό-
2202 2427 2384 2495 ὀλίγος
2428 2429 2611 2481 αὐτῶν
2664 2432 2693 2482 6
2742 2429 2925 2498 φόνος.
2965 2433 3074 2486 Καὶ
3102 2436 3131 2485 6
3167 2434 3434 2504 Χασάνης
3484 2434 3728 2505 μαχόμενος

514 2526 654 2579 ϐατα
679 2524 1007 2592 διωκόμενα,
1038 2521 1133 2574 καὶ
1164 2518 1357 2590 μαθὼν
1388 2520 1450 2571 τὸ
1478 2517 1657 2571 αἴτιον
1690 2520 1785 2572 καὶ
1811 2520 1904 2572 τὸν
1937 2537 2105 2591 στρα-
2206 2520 2606 2589 προσπαισθε“ις
2631 2521 2809 2593 πέτρᾳ
2832 2524 2942 2577 τινὶ
2963 2524 3302 2580 κατέπεσεν.
3332 2526 3721 2596 Ἐπιστραφέντες

515 2618 684 2687 τηγδν
723 2613 890 2669 αὐτοῦ
944 2613 1334 2668 ’1ουστινιανὸν
1383 2611 1509 2664 ἰδὼν
1567 2611 1846 2681 φεύγοντα
1876 2614 2102 2680 ἐγγίσας
2205 2613 2262 2666 δὲ
2289 2612 2340 2666 oi
2370 2614 2639 2683 ἡμέτεροι
2690 2616 2786 2668 καὶ
2824 2614 3028 2679 ἰδόντες
3071 2618 3247 2671 αὐτὸν
3285 2620 3532 2687 κείμενον
3555 2616 3728 2683 πέτραις

518 2526 654 2579 ϐατα
679 2524 1007 2592 διωκόμενα,
1038 2524 1133 2574 καὶ
1164 2524 1357 2590 μαθὼν
1388 2524 1450 2571 τὸ
1478 2524 1657 2571 αἴτιον
1690 2524 1785 2572 καὶ
1811 2524 1904 2572 τὸν
1937 2537 2105 2591 στρα-
2206 2524 2606 2589 προσπαισθεὶς
2631 2524 2809 2593 πέτρᾳ
2832 2524 2942 2577 τινὶ
2963 2524 3302 2580 κατέπεσεν.
3332 2526 3721 2596 Ἐπιστραφέντες

518 2618 684 2687 τηγδν
723 2613 890 2669 αὐτοῦ
944 2613 1334 2668 ’1ουστινιανὸν
1383 2611 1509 2664 ἰδὼν
1567 2611 1846 2681 φεύγοντα
1876 2614 2102 2680 ἐγγίσας
2205 2613 2262 2666 δὲ
2289 2612 2340 2666 oi
2370 2614 2639 2683 ἡμέτεροι
2690 2616 2786 2668 καὶ
2824 2614 3028 2703 ἰδόντες
3071 2618 3247 2671 αὐτὸν
3285 2620 3532 2693 κείμενον
3555 2616 3728 2683 πέτραις
3866 2524 3878 2803 Α

518 2711 671 2781 αὑτῷ
695 2709 846 2776 λέγει
875 2722 888 2738 °
930 2725 948 2758 ι
986 2705 1239 2774 ’Δδελφέ,
1273 2704 1328 2756 τί
1359 2703 1519 2758 τοῦτο
1547 2706 1906 2775 πεποίηκαςς
1940 2706 2106 2777 Στρέ-
2206 2704 2432 2787 ἔϐαλλον
2470 2706 2739 2759 πάντοθεν
2767 2722 2782 2738 ν
2843 2709 2871 2760 ὁ
2898 2707 2957 2761 δὲ
3016 2709 3097 2772 εἰς
3159 2712 3293 2778 γόνυ
3327 2708 3598 2772 διαναστὰς
3628 2707 3731 2777 ἠμὺι

523 2805 626 2872 ψον
656 2804 714 2856 ὲν
743 2800 820 2869 τῷ
849 2799 1397 2869 διατεταγμένῳῆσου
1424 2798 1595 2865 τόπῳ.
1642 2796 1709 2850 Ἦ
1731 2799 1931 2871 ,πληγὴ
1962 2797 2101 2869 αὕτη
2207 2784 2349 2856 vero,
2379 2796 2486 2848 ὑπὸ
2513 2796 2569 2850 δέ
2604 2797 2699 2850 τοῦ
2756 2798 3000 2868 πλήθους
3038 2800 3156 2853 τῶν
3190 2804 3519 2873 τραυμάτων
3549 2799 3727 2869 παρείθη
3866 2784 3873 2817 ⁸

523 2898 706 2962 ὀλίγον
732 2893 782 2947 τί
816 2895 950 2946 ἐστι.
973 2890 1339 2963 Στρέψον,ὃτι
1363 2890 1430 2942 τά
1461 2889 1558 2943 νῦν
1584 2892 1617 2959 ἡ
1647 2892 1854 2944 πλείων
1890 2892 2103 2962 ἀνάγκη
2206 2887 2303 2954 τὴν
2330 2886 2513 2951 δεξιὰν
2547 2893 2643 2942 καὶ
2683 2871 3019 2960 κατεχώσθη
3063 2894 3187 2957 τοῖς
3225 2893 3428 2964 βέλεσι.
3467 2894 3567 2948 Καὶ
3594 2892 3725 2959 ἕτεροι

525 2986 694 3039 ἐστίν.
737 2985 802 3038 Ἦ
839 2983 995 3045 πόλις
1044 2983 1126 3044 εἰς
1174 2980 1366 3051 χεῖράς
1418 2998 1515 3034 σου
1564 2980 1859 3051 κρέμεται,
1892 2982 1980 3035 ἵνα
2013 2982 2107 3034 λυ·
2210 2978 2398 3032 πολλοὶ
2451 2980 2885 3052 ἀπεκτάνθησαν
2938 2983 3036 3035 καὶ
3082 2985 3415 3055 ἐπλήγησαν
3460 2984 3544 3038 καὶ
3587 2983 3727 3034 ἕνεκεν

523 3076 738 3149 τρώσῃς
785 3074 977 3143 αὑτήν.
1012 3091 1031 3124 ι
1080 3071 1257 3125 [Ιολλά
1288 3069 1345 3123 δέ
1391 3071 1645 3133 εἰπόντος
1696 3071 1791 3125 τοῦ
1841 3072 2107 3141 βασιλέως
2209 3071 2317 3122 τῶν
2347 3073 2686 3141 τραυμάτων
2717 3073 2854 3140 πρὸς
2894 3074 2956 3127 τὸ
2983 3078 3361 3144 στρατόπεδον
3395 3075 3724 3148 ἐκομίσθησαν.

523 3170 669 3237 αὐτῷ
700 3166 853 3221 οὐδὲν
884 3166 1247 3236 ἀπεκρίνατο,
1275 3161 1394 3217 ἀλλ’
1422 3165 1481 3217 ὲν
1508 3165 1584 3234 τῷ
1611 3164 1828 3236 Γὰλατᾷ
1853 3166 2104 3235 περάσας
2131 3181 2173 3237 ο
2208 3158 2342 3216 Εἶτα
2394 3165 2653 3218 τοσοῦτον
2709 3166 2918 3221 ἀναϐὶν
2972 3167 3041 3220 τὸ’
3082 3169 3298 3237 πλῆθος
3341 3169 3450 3223 τῶν
3515 3167 3728 3235 πολεμίων

523 3262 763 3331 αἰσχρῶς
825 3262 943 3314 ἐκεῖ
997 3257 1231 3329 τελευτᾷ
1285 3259 1350 3311 ἐκ
1402 3257 1503 3326 τῆς
1547 3257 1772 3326 πικρίας
1821 3261 1918 3314 καὶ
1949 3276 2106 3329 περι·
2193 3256 2337 3330 ,τοὺς
2417 3258 2732 3328 ἡμετέρους
2786 3259 3137 3315 διεσκέδασαν
3162 3302 3182 3329 ,
3242 3264 3335 3315 καὶ
3392 3262 3599 3329 ἀφέντες
3640 3256 3727 3315 τοὺς

523 3448 601 3500 Ac
629 3444 880 3514 gaudete.
917 3440 1141 3505 fratres,
1174 3440 1437 3511 quoniam
1467 3454 1671 3494 corona
1703 3438 2106 3508 pretiosissima
2214 3447 2327 3500 tus,
2371 3453 2610 3493 moerore
2666 3440 2825 3495 obiit.
2878 3441 3105 3497 interim
3154 3443 3375 3506 Turcae.
3422 3439 3722 3497 animadversa

523 3537 679 3583 vobis
708 3534 947 3583 ronosita
975 3541 1083 3583 est.
1112 3548 1219 3583 non
1254 3531 1401 3583 ﬂuxa
1431 3543 1486 3583 et
1519 3543 1738 3583 terrena
1773 3533 1977 3583 solum.
2012 3531 2110 3583 sed
2214 3540 2365 3583 tanta
2392 3540 2709 3583 nostrorum
2736 3535 3173 3583 perturbatione-
3205 3542 3526 3583 recenerunt
3548 3529 3723 3583 animos;

522 2898 706 2962 ὀλίγον
732 2893 782 2947 τί
816 2895 950 2946 ἐστι.
973 2890 1339 2963 Στρέψον,ὃτι
1363 2890 1430 2942 τά
1461 2889 1558 2943 νῦν
1584 2892 1617 2959 ἡ
1647 2892 1854 2944 πλείων
1890 2892 2103 2962 ἀνάγκη
2206 2887 2303 2954 τὴν
2330 2886 2513 2951 δεξιὰν
2547 2893 2643 2942 καὶ
2688 2889 3019 2960 κατεχώσθη
3063 2894 3187 2957 τοῖς
3225 2893 3428 2964 βέλεσι,
3467 2894 3567 2948 Καὶ
3594 2892 3725 2959 ἕτεροι

525 2986 694 3039 ἐστίν.
737 2985 802 3038 Ἦ
839 2983 995 3045 πόλις
1044 2983 1126 3044 εἰς
1174 2980 1366 3051 χεῖράς
1418 2998 1515 3034 σου
1564 2980 1859 3051 κρέμεται,
1892 2982 1980 3035 ἵνα
2013 2982 2107 3034 λυ·
2210 2978 2398 3032 πολλοὶ
2451 2980 2885 3052 ἀπεκτάνθησαν
2938 2983 3036 3035 καὶ
3082 2985 3415 3055 ἐπλήγησαν
3460 2984 3544 3038 καὶ
3587 2983 3727 3034 ἕνεκεν

520 3076 738 3149 τρώσῃς
785 3074 977 3143 αὑτήν.
1012 3091 1031 3124 ι
1080 3071 1257 3125 [Ιολλά
1288 3069 1345 3123 δέ
1391 3071 1645 3133 εἰπόντος
1696 3071 1791 3125 τοῦ
1841 3072 2107 3141 βασιλέως
2209 3071 2317 3122 τῶν
2347 3073 2686 3141 τραυμάτων
2717 3073 2854 3140 πρὸς
2894 3074 2956 3127 τὸ
2983 3078 3361 3144 στρατόπεδον
3395 3075 3724 3148 ἐκομίσθησαν.

518 3170 669 3237 αὐτῷ
700 3166 853 3221 οὐδὲν
884 3166 1247 3236 ἀπεκρίνατο,
1275 3161 1394 3217 ἀλλ’
1422 3165 1481 3217 ὲν
1508 3165 1584 3234 τῷ
1611 3164 1828 3236 Γὰλατᾷ
1853 3166 2104 3235 περάσας
2131 3181 2173 3237 ο
2208 3158 2342 3216 Εἶτα
2394 3165 2653 3218 τοσοῦτον
2709 3166 2918 3221 ἀναϐὶν
2972 3167 3041 3220 τὸ’
3082 3169 3298 3237 πλῆθος
3341 3169 3450 3223 τῶν
3515 3167 3728 3235 πολεμίων

519 3262 763 3331 αἰσχρῶς
825 3262 943 3314 ἐκεῖ
997 3257 1231 3329 τελευτᾷ
1285 3259 1350 3311 ἐκ
1402 3257 1503 3326 τῆς
1547 3257 1772 3326 πικρίας
1821 3261 1918 3314 καὶ
1949 3276 2106 3329 περι·
2193 3256 2337 3330 ,τοὺς
2417 3258 2732 3328 ἡμετέρους
2786 3259 3182 3329 διεσκέδασαν,
3242 3264 3335 3315 καὶ
3392 3262 3599 3329 ἀφέντες
3640 3256 3727 3315 τοὺς

521 3448 601 3500 Ac
629 3444 880 3514 gaudete.
917 3440 1141 3505 fratres,
1174 3440 1437 3511 quoniam
1467 3454 1671 3494 corona
1703 3438 2106 3508 pretiosissima
2214 3447 2327 3500 tus,
2371 3453 2610 3493 moerore
2666 3440 2825 3495 obiit.
2878 3441 3105 3497 interim
3154 3443 3375 3506 Turcae.
3422 3439 3722 3497 animadversa

522 3537 679 3592 vobis
708 3534 947 3604 reposita
975 3541 1083 3595 est,
1112 3548 1219 3586 non
1254 3531 1402 3588 ﬂuxa
1431 3543 1486 3589 et
1519 3543 1738 3589 terrena
1773 3533 1977 3596 solum,
2012 3531 2110 3587 sed
2214 3540 2365 3584 tanta
2392 3540 2709 3585 nostrorum
2734 3535 3174 3601 perturbatione,
3205 3542 3526 3606 receperunt
3548 3529 3723 3585 animos:

521 3630 688 3682 ctiam
724 3625 991 3680 cmlestis.
1045 3623 1151 3690 Qui
1192 3638 1292 3691 pro
1332 3623 1493 3679 nobis
1534 3631 1741 3695 pugnat
1790 3621 1958 3689 Deus,
2008 3624 2111 3679 im-
2215 3626 2386 3687 atque
2411 3618 2594 3688 Sogan
2629 3620 3173 3690 basiasiannitzaros
3204 3626 3448 3694 aliosque
3472 3621 3724 3675 adhortatus
3792 3653 3797 3661 .

525 3727 745 3794 piorum
782 3720 970 3789 copias
1005 3717 1301 3773 formidine
1332 3716 1577 3772 cohibet.
1604 3734 1622 3767 ι
2213 3715 2409 3770 erexit.
2437 3711 2795 3769 Jannitzarus
2820 3715 3068 3785 quidam,
3109 3719 3336 3772 nomine
3363 3716 3634 3773 Chasanes,
3655 3705 3723 3757 DI-

591 3813 717 3868 Haec
764 3811 979 3865 dicente
1032 3809 1417 3878 imperatorc,-
1448 3805 1689 3861 Joannes
1760 3803 2112 3863 Justinianus
2214 3805 2377 3868 padio
2410 3806 2707 3871 oriundus,
2758 3808 2965 3878 ingenti
2993 3809 3254 3877 corporis
3292 3803 3647 3875 magnitudine,
3676 3795 3726 3847 si-

522 3907 631 3959 du‘x
666 3905 866 3974 sagitta
893 3901 1223 3954 vulneratus
1253 3906 1341 3954 est
1374 3898 1428 3951 in
1461 3898 1692 3953 dextero
1722 3898 1884 3967 pede.
1913 3894 2006 3951 Vir
2030 3897 2110 3953 rei
2214 3899 2388 3952 nistra
2412 3914 2577 3953 manu
2603 3915 2767 3969 supra
2792 3909 2960 3970 caput
2982 3913 3205 3957 scutum
3235 3899 3569 3972 protendens,
3588 3893 3724 3948 deum

525 3990 778 4051 militaris
802 4006 913 4048 tam
937 3993 1158 4062 egregie
1185 3992 1418 4056 peritus,
1450 3989 1543 4043 ubi
1578 3990 1903 4058 sanguinem
1934 4004 1965 4044 e
1988 4004 2111 4044 cor-
2214 3979 2458 4061 'gladium
2486 3993 2791 4062 stringens,
2816 3994 2883 4046 ad
2914 4009 3156 4059 murum,
3183 4011 3293 4065 qua
3313 3994 3546 4050 turbatos
3565 3993 3727 4040 nostros

525 4106 660 4159 pore
704 4084 1070 4155 proﬂuentem
1103 4083 1260 4145 vidit,
1294 4090 1443 4136 totus
1490 4090 1755 4146 mutatus,
1789 4096 1954 4150 quam
1988 4090 2113 4135 ante
2205 4084 2375 4151 .vidit,
2443 4086 2744 4155 processit,
2803 4085 3029 4141 circiter
3059 4086 3283 4157 triginta
3338 4080 3539 4140 virtutis
3566 4072 3729 4133 mnulis
3876 4066 3877 4145 ι

525 4181 843 4232 ostenderat
889 4174 1177 4235 virtutem,
1236 4172 1420 4227 statim
1479 4187 1684 4241 pavore
1736 4172 1962 4242 abjecit,
2012 4187 2113 4226 nec
2215 4175 2601 4257 sequentibus.
2639 4176 2822 4231 Nostri
2873 4189 3210 4233 manserunt
3265 4181 3319 4233 in
3367 4188 3532 4237 muro,
3574 4177 3728 4231 εοεσυθ

526 4272 830 4342 quidquam
864 4276 1051 4338 postea
1101 4282 1281 4334 operae
1310 4267 1555 4332 navavit,
1589 4267 1684 4321 sed
1721 4268 1863 4332 loco,
1906 4268 1959 4320 in
2001 4281 2111 4336 quo
2213 4268 2416 4337 jaculis
2447 4278 2502 4323 et
2533 4269 2835 4339 grandibus
2855 4271 3008 4324 saxis
3041 4266 3379 4340 exceperunt
3407 4277 3560 4336 atque
3585 4262 3727 4315 decem

526 4372 673 4427 erat,
696 4360 913 4422 relicto,
944 4374 1067 4412 cum
1095 4357 1318 4412 silentio
1349 4357 1632 4423 discessit,
1663 4357 1934 4411 medicum
1963 4373 2113 4428 quze-
2217 4369 2270 4412 et
2307 4368 2432 4414 octo
2491 4361 2872 4415 detut-barunt.
2908 4360 3108 4415 Verum
3159 4362 3442 4419 Chasanes
3486 4370 3581 4411 non
3618 4360 3729 4419 pr!"5

528 4469 680 4516 rens,
714 4466 817 4507 nec
848 4465 1060 4506 memor
1086 4449 1433 4504 fortitudinis
1460 4458 1515 4502 et
1545 4449 1914 4513 dexteritatis,
1945 4465 2109 4518 quam
2218 4450 2431 4505 remisit
2486 4453 2774 4520 impetum,
2822 4468 3011 4516 quam,
3062 4469 3297 4509 escenso
3349 4465 3519 4512 muro,
3563 4450 3731 4498 nostros

528 4469 680 4516 rens,
714 4466 817 4507 nec
848 4465 1060 4506 memor
1086 4449 1433 4504 fortitudinis
1460 4458 1515 4502 et
1545 4449 1914 4513 dexteritatis,
1945 4465 2109 4518 quam
2218 4450 2431 4505 remisit
2486 4453 2774 4520 impetum,
2822 4468 3011 4516 quam,
3062 4469 3297 4509 escenso
3349 4465 3519 4512 muro,
3563 4450 3731 4498 nostros

528 4562 559 4600 a
594 4544 868 4615 principio
904 4544 1238 4613 prazstiterat
1274 4558 1288 4595 :
1327 4555 1427 4594 nec
1463 4555 1592 4594 vero
1635 4539 1703 4594 iis
1733 4543 1824 4608 qui
1859 4541 2107 4603 aderant,
2147 4541 2188 4593 ἰ)
2220 4541 2451 4611 fugaret.
2508 4544 2809 4614 Postquam
2859 4545 3028 4616 igitur
3069 4562 3206 4602 auso
3254 4548 3451 4617 potitus
3486 4548 3577 4600 est,
3603 4533 3728 4588 etiam

529 4638 700 4691 ullum
735 4636 958 4690 verbum
994 4632 1147 4696 fecit,
1174 4642 1267 4687 aut
1307 4631 1392 4686 sui
1432 4630 1699 4685 vicarium
1734 4631 1974 4701 reliquit,
2006 4647 2115 4701 quo
2218 4634 2373 4688 ntuiti
2407 4635 2518 4701 alii,
2547 4650 2675 4690 eum
2713 4638 2915 4699 secuti,
2952 4638 3008 4692 in
3045 4653 3260 4693 murum
3297 4633 3599 4691 evadebant,
3628 4632 3730 4688 (ιιιηε

529 4638 700 4691 ullum
735 4636 958 4690 verbum
994 4632 1147 4696 fecit,
1174 4642 1267 4687 aut
1307 4631 1392 4686 sui
1432 4630 1699 4685 vicarium
1734 4631 1974 4701 reliquit,
2006 4647 2115 4701 quo
2218 4634 2373 4688 ntuiti
2407 4635 2518 4701 alii,
2547 4650 2675 4690 eum
2713 4638 2915 4699 secuti,
2952 4638 3008 4692 in
3045 4653 3260 4693 murum
3297 4633 3599 4691 evadebant,
3628 4632 3730 4688 (ιιιηε

532 4728 909 4796 impediretur,
937 4741 1062 4796 qua:
1088 4734 1277 4779 secuta
1307 4732 1414 4785 est,
1446 4721 1703 4776 confusio
1741 4731 1795 4777 et
1819 4722 2111 4791 pernicies.
2218 4723 2391 4778 nostri
2424 4735 2650 4794 propter
2677 4726 3020 4795 paucitatem
3062 4727 3354 4796 prohibere
3387 4738 3487 4778 non
3513 4716 3727 4788 poterant.

526 4821 795 4877 Conversi
849 4820 995 4875 enim
1054 4817 1279 4882 milites,
1339 4830 1465 4869 cum
1499 4814 1696 4866 ducem
1750 4829 1858 4867 non
1897 4817 2114 4885 conspi-
2216 4831 2340 4870 cum
2378 4816 2618 4869 hostium
2650 4831 2884 4886 magnus
2915 4833 3183 4873 numerus
3214 4826 3382 4874 esset.
3422 4806 3645 4867 Praﬂium
3673 4808 3729 4852 υ·

528 4834 795 4877 uonverst
849 4834 995 4875 enim
1054 4834 1279 4882 milites,
1339 4834 1465 4869 cum
1499 4834 1696 4866 uuce-n
1750 4834 1858 4867 non
1897 4834 2114 4885 conspt-
2216 4834 2340 4870 cum
2381 4834 2618 4869 uosuum
2650 4834 2884 4886 magnus
2915 4834 3183 4873 numerus
3214 4834 3382 4874 esset.
3422 4834 3645 4867 ιιηυιιυιιι
3673 4834 3708 4852 ιιι

528 4916 704 4980 ciunt,
738 4915 832 4969 sed
888 4912 1096 4982 fugisse
1136 4911 1393 4973 audiunt,
1449 4908 1504 4962 in
1557 4908 2023 4976 perturbationem
2060 4919 2113 4964 et
2218 4924 2340 4961 men
2375 4923 2499 4961 eum
2535 4907 2737 4975 iis,qui
2771 4901 3724 4975 ascendercnt,eommiseruntetnon

533 5022 735 5061 metum
772 4970 1048 5071 ingentem
1097 5001 1434 5055 inciderunt.
1471 4998 1683 5053 Rursus
1730 5000 1872 5056 forte
1925 5001 2114 5056 aderat
2217 5001 2472 5069 exiguam
2506 5002 2562 5053 in
2607 5016 2704 5055 eos
2744 5000 3035 5056 ediderunt
3083 5004 3307 5058 caedem.
3339 5001 3453 5069 ipse
3478 4992 3723 5101 Chasfﬂesv
3874 4970 3877 5101 ί

1008 5092 1021 5101 .
1092 5092 1140 5101 ..
1639 5093 1650 5101 .
1960 5095 1970 5101 .
2219 5090 2289 5101 ,ν
2631 5091 2641 5101 .
2996 5091 3032 5101 ..
3434 5084 3533 5101 ...
3586 5079 3718 5101 ι....η.

534 5100 880 5167 imperator:
928 5092 1023 5161 qui
1053 5092 1143 5146 ubi
1198 5091 1406 5147 milites
1444 5093 1796 5161 perwrbatos
1825 5103 1879 5148 et
1921 5095 2111 5164 plenos
2216 5090 2359 5147 inter
2388 5091 2739 5157 pugnandum
2791 5106 2926 5145 Saxo
2954 5091 3217 5156 offensus,
3260 5084 3554 5162 procubuit.
3585 5077 3718 5139 Quem

532 5193 746 5251 litttore,
802 5187 948 5241 velut
982 5199 1112 5238 aves
1144 5183 1334 5238 bestiis
1384 5182 1647 5254 agitatas,
1687 5187 1841 5251 vidit,
1890 5201 2109 5240 causam
2215 5197 2341 5236 cum
2369 5185 2619 5237 conversi
2658 5183 2829 5236 nostri
2858 5183 3130 5250 iacentem
3180 5186 3380 5247 vident,
3434 5171 3617 5244 lapides
3644 5174 3721 5216 ul"
3875 5198 3877 5289 l

584 5281 593 5289 .
646 5287 652 5289 Α
844 5285 853 5289 -
896 5272 913 5289 ι
994 5273 1031 5289 ,ο
1083 5272 1121 5289 εξ
1180 5288 1205 5289 η
1318 5286 1373 5289 Α-.
1422 5273 1443 5289 ι·
1720 5276 1730 5287 -
1848 5276 1861 5289 ι
1969 5285 1978 5289 -
2234 5275 2267 5289 ιι
2418 5274 2429 5286 ο
2775 5275 2807 5287 υ
2849 5276 2860 5287 ο
2955 5286 2964 5289 ,
3032 5277 3089 5289 ι..
3158 5277 3169 5289 ο
3396 5288 3399 5289 ,
3452 5266 3608 5289 -_2-np
3647 5265 3722 5289 nn—

532 5281 760 5334 cdotcus
808 5285 861 5329 et
887 5272 1269 5328 Justinianum
1317 5273 1609 5343 profugum
1644 5276 2110 5341 animadverteus,
2216 5275 2384 5344 dique
2418 5274 2471 5328 in
2508 5290 2631 5328 cum
2663 5275 2990 5344 conjiciunt.
3028 5277 3124 5331 Ille
3157 5277 3209 5330 in
3240 5288 3410 5346 genua
3447 5266 3625 5322 enisus,
3646 5265 3722 5322 [ιη’

533 5372 614 5423 sic
636 5385 762 5423 eum
792 5365 1110 5435 aggreditur
1147 5380 1161 5416 :
1204 5382 1221 5414 ι
1256 5363 1327 5419 Mi
1362 5364 1553 5445 frater,
1584 5366 1783 5437 inquit,
1811 5366 1942 5436 quid
1969 5367 2109 5421 istud
2215 5368 2440 5437 gnabat,
2494 5368 2586 5420 sed
2626 5382 2748 5420 mox
2804 5370 3088 5435 plagarum
3135 5364 3473 5422 multitudine
3515 5346 3719 5445 manibus
3876 5360 3877 5419 χ

535 5461 696 5530 agis?
725 5458 856 5511 Redi
891 5456 946 5510 in
982 5457 1161 5510 locum
1193 5465 1349 5511 tuum
1389 5473 1403 5512 :
1433 5440 1593 5530 plaga
1621 5435 1725 5515 ista
1751 5435 1961 5515 modica
1995 5469 2108 5523 est;
2215 5435 2462 5527 elanguit
2510 5466 2564 5512 et
2611 5458 2735 5512 telis
2777 5459 3010 5513 obrutus
3060 5469 3163 5515 est.
3199 5456 3346 5512 Multi
3388 5454 3507 5507 item
3537 5439 3614 5495 alii
3646 5435 3717 5485 at"

536 5554 677 5616 redi,
717 5550 918 5604 amabo
954 5557 1050 5613 te;
1082 5550 1299 5618 gravior
1325 5552 1469 5606 enim
1506 5568 1653 5607 nunc
1679 5551 1983 5607 necessitas
2016 5568 2111 5605 ur-
2215 5550 2414 5613 occisi.
2462 5559 2560 5617 aut
2612 5550 2886 5605 vulnerati
2930 5561 2986 5605 et
3035 5562 3257 5622 propter
3284 5549 3458 5620 plagas
3489 5540 3536 5591 ἱη
3577 5533 3716 5584 939m

535 5654 646 5713 get.
684 5640 824 5695 Urbs
854 5640 907 5695 in
943 5642 1199 5698 manibus
1229 5647 1339 5700 tuis
1371 5653 1477 5707 est,
1510 5659 1538 5697 a
1568 5654 1621 5699 te
1650 5643 1920 5699 servanda
1952 5652 2054 5697 est.
2086 5661 2106 5694 ι
2215 5642 2488 5709 asportati
2523 5650 2672 5695 sunt.
2723 5639 2966 5696 Tandem
3023 5646 3205 5698 hostes
3250 5629 3547 5696 catervatim
3593 5624 3714 5717 "fur"

535 5735 654 5786 Alia
683 5734 837 5800 plura
869 5734 1111 5789 monenti
1151 5736 1464 5805 imperatori
1507 5737 1639 5790 nihil
1681 5734 1991 5803 respondit,
2017 5735 2108 5788 sed
2213 5732 2392 5802 potiti,
2429 5742 2652 5786 nostros
2688 5731 3047 5800 dissiparuut,
3095 5724 3208 5803 q'ui,
3245 5725 3439 5786 relictis
3476 5716 3711 5805 exteriori:

535 5825 778 5878 Galatam
805 5825 1083 5895 trajectus,
1110 5802 1305 5884 ibidem
1335 5829 1387 5883 in
1413 5802 1875 5897 contemptionem
1906 5827 2109 5880 atldue-
2215 5828 2318 5879 bus
2356 5824 2651 5886 montibus,
2697 5839 2793 5891 per
2826 5835 3041 5893 portam
3182 5824 3365 5881 urbem
3400 5802 3709 5871 irruml'el'm
