3964 6442
266 366 377 431 877

1323 360 1767 425 CHRONICON
1809 360 2080 425 MAJUS.
2119 385 2187 396 υ·
2227 360 2374 423 LIB.
2423 362 2536 422 III-

3432 362 3539 425 873

269 484 478 552 ἔξωθεν
506 446 716 552 τείχους
747 480 953 534 ἔσωθεν
979 477 1069 533 διὰ
1097 470 1198 549 τῆς
1226 477 1402 549 πύλης
1431 477 1648 532 ἔϐαινον
1675 490 1851 533 κατα·
1882 480 1926 534 Α
1954 473 2155 546 τιώτην
2185 475 2455 544 γενναίως
2478 477 2595 540 τοῖς
2620 472 2904 544 πολεμίοις
2939 474 3103 546 287
3129 473 3535 544 ἐσυμπλέκετο·

269 576 559 640 πατῶντες
611 567 692 638 εἷς
741 574 834 628 τὸν
878 574 1086 644 ἕτερον.
1120 572 1309 627 Ταῦτα
1352 572 1410 627 δὲ
1455 571 1633 635 οὕτως
1662 572 1853 642 ἔχοντα

267 668 371 722 καὶ
405 648 560 738 φωνή
602 684 686 730 τις
719 667 921 738 ἐρρέθη
950 665 1155 720 ἔσωθεν
1178 667 1274 720 καὶ
1302 665 1504 732 ἔξωθεν
1534 665 1630 719 καὶ
1662 666 1729 718 ἐκ
1757 663 1853 717 τοῦ

271 759 478 828 μέρους
520 756 618 810 τοῦ
667 757 925 827 λιμένος·
964 775 985 809 ε
1030 756 1204 814 Ἑάλω
1245 757 1307 810 τὸ
1352 755 1632 826 φρούριον,
1666 755 1760 810 καὶ
1786 756 1855 807 τὰ

276 851 587 921 στρατήγια
634 853 730 905 καὶ
770 852 839 904 τὰ
870 852 1084 922 σημαῖαι
1113 851 1325 905 ἄνωθεν
1370 851 1429 902 ἐν
1455 850 1572 912 τοῖς
1618 847 1856 918 πύργοις

275 926 538 1017 ἔστησαν.
577 963 596 997 ι
633 945 745 998 Καὶ
784 944 818 1013 ἠ
867 942 1024 1015 φωνὴ
1051 943 1180 1005 τοὺς
1219 941 1531 1012 ἡμετέρους
1559 939 1852 1010 ἐτρέψατο,

269 1040 401 1102 τοὺς
430 1038 489 1093 δέ
536 1038 835 1107 πολεμίους
874 1036 1248 1105 ἀνεθάρῤυνε·
1513 1034 1609 1087 καὶ
1655 1031 1858 1086 ἀλαλά-

273 1132 470 1197 ξαντες
495 1132 681 1199 φωνὰς
713 1130 916 1194 πολλὰς
949 1132 1044 1183 καὶ
1085 1126 1389 1198 προθύμως
1422 1128 1552 1180 ἄνευ
1586 1124 1757 1194 φόϐου
1803 1125 1854 1177 oi

272 1225 478 1287 πάντες
508 1225 600 1278 ἐπὶ
624 1223 693 1277 τὰ
723 1225 879 1293 τείχη
908 1221 1216 1276 ἀνέϐαινον.

364 1313 453 1376 Ὠς
478 1313 573 1368 οὖν
620 1309 760 1367 εἶδεν
792 1316 820 1367 6
848 1314 1142 1383 δυστυχὴς,
1181 1315 1209 1365 ὀ
1247 1312 1503 1384 βασιλεὺς
1532 1311 1627 1366 καὶ
1656 1310 1858 1365 αὐθέν-

272 1420 380 1475 της
409 1422 538 1475 μου,
569 1404 896 1476 δακρυχέων
929 1403 1272 1473 ἐπαρακάλει
1298 1403 1390 1456 τὸν
1419 1404 1573 1465 Θεὸν,
1604 1403 1700 1457 καὶ
1730 1403 1858 1465 τοὺς

278 1497 627 1566 στρατιώτας
686 1497 775 1549 ἵνα
827 1495 1323 1566 μεγαλοψυχὴσωσι
1365 1496 1716 1566 προέτρεπεο
1764 1496 1860 1548 καὶ

274 1590 377 1642 οὐκ
401 1583 469 1656 ἦν
498 1590 802 1658 συνδρομῆς
835 1590 931 1642 καὶ
958 1588 1211 1658 βοηθείας
1240 1588 1395 1650 ἐλπὶς
1425 1587 1677 1655 οὐδεμία.
1716 1588 1774 1640 Ὀ
1802 1588 1860 1639 δὲ

274 1675 372 1727 τὸν
403 1675 572 1728 ῖππον
601 1677 871 1745 κεντήσας
904 1675 1131 1746 δραμὼν
1169 1676 1410 1744 ἔφθασεν
1441 1675 1571 1728 ἔνθα
1625 1676 1686 1728 τὸ
1722 1677 1861 1743 πλῆ-

278 1769 374 1834 θος
409 1771 520 1823 τῶν
571 1769 786 1823 ἀσεϐῶν
834 1770 1061 1839 ἤρχετο,
1094 1770 1188 1822 καὶ
1219 1771 1413 1838 ὥσπερ
1443 1770 1471 1821 6
1499 1769 1742 1839 Σαμψὼν
1768 1771 1862 1825 ἐπὶ

278 1862 408 1925 τοὺς
467 1862 829 1932 ἀλλοφύλουςι
860 1862 1059 1928 ἐποίει,
1104 1865 1201 1917 xal.
1253 1862 1385 1925 τοὺς
1423 1863 1643 1927 ἀσεϐεῖς
1689 1865 1747 1917 ἐν
1790 1867 1856 1936 τῇ

279 1955 477 2027 πρώτῃ
509 1944 795 2025 συμπλοκῇ
830 1958 893 2008 ἐκ
923 1955 1032 2007 τῶν
1077 1955 1277 2023 τείχων
1308 1955 1747 2024 ἀπεκρήμνισεν,
1785 1957 1861 2020 ὡς

283 2047 416 2121 ίδεῖν
459 2047 646 2116 θαῦμα
695 2046 844 2112 ξένον
875 2047 1007 2107 τοὺς
1052 2047 1384 2116 ἐντυχόντας
1420 2049 1507 2098 καὶ
1540 2047 1858 2116 βλέποντας.

280 2139 626 2210 Βρυχόμενος
652 2139 727 2201 ὡς
755 2139 893 2191 λέων
935 2138 1035 2190 καὶ
1063 2139 1160 2206 τὴν
1195 2138 1476 2208 ῥομφαίαν
1506 2139 1862 2206 ἐσπασμένην

281 2234 423 2306 ἔχων
457 2238 513 2288 ἐν
538 2236 603 2304 τῇ
628 2233 778 2304 δεξιᾷ
811 2232 1040 2294 πολλοὺς
1069 2231 1178 2285 τῶν
1213 2231 1494 2300 πολεμίων
1524 2231 1806 2299 ἀπέσφαξε
1845 2249 1858 2261 ’

283 2327 379 2377 καὶ
409 2325 470 2377 τὸ
495 2320 634 2393 αἷμα
670 2306 985 2392 ποταμηδὺν
1020 2325 1083 2376 ἐκ
1114 2323 1224 2376 τῶν
1258 2323 1440 2376 ποδῶν
1470 2325 1566 2376 καὶ
1599 2324 1709 2376 τῶν
1752 2342 1867 2394 χει-

286 2417 399 2486 ρῶν
430 2415 597 2470 αὑτοῦ
627 2417 804 2488 ἔρρεε.
831 2417 940 2469 Καὶ
968 2416 998 2468 6
1029 2414 1371 2486 προῤῥηθεὶς
1400 2416 1501 2469 Δδν
1517 2417 1864 2486 Φραγκίσκος

281 2510 310 2561 6
358 2507 581 2570 Τολέδος
627 2508 767 2577 ὑπὲρ
811 2508 902 2561 τὸν
969 2506 1223 2577 ’Δχιλλέα
1282 2507 1584 2577 ἐποίησεν·
1637 2509 1698 2560 ἐν
1749 2509 1864 2570 τοῖς

281 2596 481 2661 δεξιοῖς
508 2597 604 2651 τοῦ
640 2597 908 2667 βασιλέως
946 2597 1129 2667 ἔτυχε,
1164 2595 1257 2649 καὶ
1292 2594 1367 2659 ὥς
1420 2613 1504 2651 τις
1532 2597 1691 2659 ἀετὸς
1726 2597 1866 2666 μετὰ

281 2687 496 2756 ὀνύχων
526 2688 622 2742 καὶ
672 2689 941 2757 στόματος
992 2690 1121 2750 τοὺς
1169 2687 1451 2749 ἐναντίους
1498 2687 1860 2742 κατέκοπτεν.

296 2778 533 2848 Ὁμοίως
576 2777 671 2830 καὶ
715 2777 974 2844 Θεόφιλος
1005 2776 1033 2828 6
1062 2774 1458 2843 Παλαιολόγος,
1486 2773 1563 2837 ὡς
1612 2770 1723 2827 εἶδε
1774 2777 1866 2827 τὸν

286 2868 523 2940 βασιλέα
573 2866 885 2937 μαχόμενον
935 2869 1029 2922 καὶ
1072 2868 1173 2937 τὴν
1204 2853 1360 2922 πόλιν
1418 2866 1863 2930 κινδυνεύουσαν,

292 2959 699 3031 μεγαλοφώνως
728 2962 867 3030 μετὰ
897 2958 1183 3029 κλαυθμοῦ
1216 2958 1427 3028 κράξας
1458 2954 1582 3010 εἷπε
1605 2974 1620 2990 ·
1663 2976 1680 3009 ι
1715 2959 1867 3010 Θέλω

291 3038 475 3108 θανεῖν
527 3053 728 3123 μᾶλλον
780 3054 812 3124 ἢ
870 3054 991 3124 ζῇν,
1028 3072 1047 3104 ι
1093 3053 1190 3106 καὶ
1241 3051 1520 3122 συρρήξας
1567 3051 1762 3105 ἑαυτὸν
1809 3054 1867 3103 ἐν

1958 570 2051 620 καὶ
2098 569 2146 620 oi
2198 568 2520 637 ἐντυχόντες
2570 569 2665 620 καὶ
2700 568 2994 638 βλέποντες
3040 567 3355 638 ἐθαύμαζον
3409 573 3542 637 περὶ

1956 661 2058 726 τῆς
2090 660 2276 729 ίσχύος
2307 660 2403 712 καὶ
2453 660 2840 730 γενναιότητος
2866 660 2978 713 τῶν
3003 660 3247 730 ἀρίστων
3301 661 3539 731 ἀνδρῶν.

1960 752 2072 804 Καὶ
2105 753 2183 814 δίς
2212 755 2307 806 καὶ
2334 755 2455 823 τρὶς
2482 753 2582 823 τῆς
2616 754 2856 823 ἐμϐολῆς
2881 756 2977 808 καὶ
3010 754 3333 825 συρῥήξεὼς
3359 772 3419 808 τε
3448 756 3544 808 καὶ

1961 845 2282 915 συμπλοκῆς
2327 846 2628 917 γενομένης
2679 847 2934 916 μεγάλως
2962 847 3090 910 τοὺς
3141 848 3364 911 ἀσεϐεῖς
3394 848 3575 918 ἐτρέοκ

1956 938 2131 1007 ψαντο
2178 940 2276 991 καὶ
2320 939 2529 1008 πλῆθος
2575 940 2911 994 ἀπέκτειναν
2949 943 3044 993 καὶ
3079 940 3303 1011 ἐτέρους
3343 941 3405 992 ἐκ
3435 942 3546 994 τῶν
3618 1000 3627 1007 ,

1958 1033 2160 1101 τειχῶν
2219 1033 2660 1104 ἀπεκρήμνιζον,
2693 1034 2788 1085 καὶ
2839 1032 3241 1101 ἀγωνιζόμενοι
3296 1033 3549 1104 σφοδρῶς

1960 1125 2053 1177 καὶ
2087 1110 2531 1196 συμπλεκόμενοι
2566 1126 3013 1199 ἀπεκτάνθησαν,
3044 1127 3143 1181 καὶ
3177 1127 3348 1181 πολὺν
3385 1129 3549 1195 φόνον

1960 1215 2041 1277 είς
2070 1214 2199 1277 τοὺς
2228 1214 2526 1285 πολεμίους
2550 1216 2658 1288 πρὸ
2685 1217 2777 1271 τοῦ
2808 1219 3107 1271 ἀποθανεῖν
3151 1218 3423 1287 ἐποίησαν
3457 1216 3552 1269 οὓ-

1959 1319 2091 1366 τως.
2119 1289 2228 1357 Κάὶ
2253 1304 2436 1376 ἕτεροί
2463 1323 2607 1370 τινες
2639 1308 2974 1378 στρατιῶται
3000 1308 3101 1360 οὐκ
3130 1307 3349 1374 ἀγενεῖς
3379 1308 3550 1377 μαχό-

1963 1410 2119 1463 μενοι
2149 1396 2207 1447 ὲν
2260 1395 2338 1464 τῷ
2387 1397 2539 1466 τόπῳ
2571 1397 2769 1465 ἐκείνῳ
2798 1398 2895 1450 καὶ
2928 1400 3083 1451 αὐτοὶ
3118 1397 3553 1466 ἀπεκτάνθησαν

1962 1485 2193 1555 πλησίον
2241 1488 2343 1556 τῆς
2371 1487 2548 1559 πύλης
2589 1489 2685 1543 τοῦ
2715 1491 2876 1557 ἁγίου
2918 1491 3230 1560 Ῥωμανοῦ.
3266 1493 3404 1545 ὅπου
3452 1489 3553 1561 τὴν

1964 1579 2206 1632 ἐλέϐολιν
2265 1582 2486 1651 ἐκείνην
2539 1582 2958 1637 κατεσκεύασαν
3014 1585 3112 1636 καὶ⁸
3161 1585 3262 1653 τὴν
3310 1583 3554 1652 μεγάλην

1964 1672 2206 1726 έλέϐολιν
2248 1673 2510 1745 ἔστησαν,
2546 1677 2641 1728 καὶ
2688 1677 2757 1729 τὰ
2797 1677 2953 1747 τείχη
2992 1677 3096 1745 τῆς
3140 1677 3350 1739 πόλεως
3380 1675 3555 1751 χαλα-

1968 1782 2161 1827 σαντες
2192 1768 2401 1820 ἐκεῖθεν
2433 1770 2489 1820 ἐν
2517 1772 2583 1840 τῇ
2617 1769 2772 1821 πόλει
2810 1769 3033 1839 πρῶτον
3077 1769 3355 1838 εἰσῆλθον.
3410 1766 3557 1836 Ἐγὼ

1969 1855 2026 1909 δέ
2051 1859 2116 1927 τῇ
2144 1856 2263 1928 ὥρᾳ
2294 1848 2477 1928 ἐκείνῃ
2505 1861 2603 1929 οὐχ
2630 1861 2865 1932 εύρέθην
2899 1862 3131 1930 πλησίον
3162 1862 3258 1914 τοῦ
3289 1861 3557 1919 αύἾεντός

1973 1966 2075 2019 μου
2101 1949 2195 2003 τοῦ
2237 1951 2525 2020 βασιλέως,
2556 1953 2690 2004 ἀλλὰ
2740 1956 3039 2023 προστάξει
3076 1956 3288 2007 ἐκείνου
3323 1957 3405 2016 εἰς
3435 1952 3557 2005 ἐπί-

1973 2046 2168 2111 σκεψιν
2192 2043 2354 2113 δῆθεν
2387 2046 2444 2095 ἐν
2477 2044 2625 2114 ἄλλῳ
2655 2046 2813 2113 μέρει
2841 2045 2939 2114 τῆς
2973 2046 3185 2109 πόλεως
3215 2047 3387 2116 ἢμην.

2041 2140 2114 2203 η’.
2163 2135 2463 2188 Ἐλθόντων
2494 2136 2550 2188 δὲ
2590 2138 2700 2188 τῶν
2731 2136 2997 2204 Ίόύρκων
3050 2137 3304 2199 καὶτοὺς
3347 2137 3406 2190 ἐν
3445 2139 3561 2191 τοῖς

1972 2226 2174 2279 ἔσωθεν
2217 2226 2429 2297 τείχεσι
2478 2228 2847 2295 Χριστιανοὺς
2880 2228 3030 2298 μετὰ,
3066 2227 3433 2281 ἐλεϐολίσκων
3461 2229 3563 2280 καὶ

1975 2316 2149 2387 βελῶν
2222 2319 2318 2371 καὶ
2387 2316 2558 2384 τόξων
2616 2320 2713 2373 καὶ
2785 2321 3005 2390 πετρῶν
3058 2320 3564 2389 ἐναπολειφθέντας

1972 2408 2222 2474 ἐδίωξαν,
2251 2411 2345 2462 καὶ
2401 2412 2696 2481 ἐγκρατεῖς
2745 2413 2966 2466 πάντων
2996 2414 3273 2481 ἐγένοντο,
3325 2414 3456 2468 ἄνευ
3505 2415 3564 2468 δὲ

1971 2501 2080 2552 τῶν
2115 2500 2346 2570 πύργων
2376 2500 2489 2552 τῶν
2529 2501 2843 2571 λεγομένων
2868 2501 3158 2556 Βασιλείου
3205 2504 3440 2566 Λέοντος
3466 2504 3563 2558 καὶ

1985 2591 2248 2657 Ἀλεξίου,
2277 2594 2335 2646 ὲν
2362 2587 2444 2655 οἷς
2477 2594 2815 2664 ἐστήκεισαν
2840 2596 2888 2648 οἱ
2923 2595 3121 2650 ναῦται
3153 2598 3352 2650 ἐκεῖνοι
3401 2599 3452 2650 oi.
3499 2598 3565 2649 ἐκ

1971 2687 2073 2753 τῆς
2104 2683 2328 2752 Κρήτης
2353 2699 2368 2714 ⁸
2419 2683 2573 2736 αὐτοὶ
2605 2684 2717 2755 γὰρ
2756 2685 3028 2753 γενναίως
3074 2686 3347 2757 ἐμάχοντο
3395 2688 3563 2760 μέχρι

1974 2778 2192 2845 καὶτῆς
2218 2778 2387 2847 ’ἑκτης
2414 2780 2512 2851 καὶ
2539 2772 2777 2848 ἑϐδόμης
2806 2778 2958 2848 ὥρας
2991 2779 3088 2831 καὶ
3126 2780 3358 2842 πολλοὺς
3389 2780 3569 2851 Τούρ-
3672 2830 3673 2835 η

1976 2886 2107 2932 κους
2145 2868 2521 2934 ἐθανάτωσαν,
2552 2872 2648 2924 καὶ
2700 2871 2957 2925 τοσοῦτον
3013 2871 3219 2941 πλῆθος
3268 2870 3567 2942 βλέποντες

1975 2962 2071 3014 καὶ
2102 2963 2199 3032 τὴν
2220 2963 2376 3017 πόλιν
2408 2963 2820 3032 δεδουλωμένην
2848 2963 3017 3034 288
3050 2966 3257 3032 πᾶσαν,
3286 2966 3443 3020 adeo}.
3467 2962 3568 3019 οὗκ

1977 3051 2172 3120 ἤθελον
2222 3052 2578 3123 δουλωθῆναι,
2611 3053 2749 3107 ἀλλὰ
2787 3054 2991 3121 μᾶλλον
3048 3055 3236 3123 ἔλεγον
3264 3056 3568 3110 ἀποθανεῖν

294 3145 447 3216 μέσῳ
476 3145 614 3216 μετὰ
644 3148 894 3215 κραυγῆς
916 3144 1042 3209 τοὺς
1065 3145 1224 3205 ὅσους
1249 3136 1377 3212 εὗρε
1407 3143 1617 3203 πάντας
1649 3142 1831 3195 διεσκέ
1901 3168 1945 3227 C
1978 3145 2230 3212 κρεῖττον
2266 3144 2298 3214 ἦ
2329 3146 2451 3215 ζῇν.
2486 3145 2731 3216 Τοὖρκος
2763 3147 2824 3199 δέ
2866 3164 2951 3209 τις
3001 3148 3081 3218 τῷ
3106 3150 3326 3219 Ἀμηρᾴ
3355 3151 3566 3218 ἀναφο-

290 3239 423 3291 δασε
472 3240 568 3292 καὶ
609 3238 959 3307 διεσκόρπισε
1003 3237 1101 3290 καὶ
1148 3238 1513 3291 ἐθανάτωσεν.
1555 3235 1721 3288 Ἀλλὰ
1773 3238 1869 3289 κπιὶ

304 3331 555 3399 Ἰωάννης
582 3332 609 3383 6
632 3330 922 3400 Δαλμάτης
951 3331 1069 3383 ἐκεῖ
1094 3330 1284 3401 πιρὼν
1321 3330 1463 3400 ὑπὲρ
1494 3328 1675 3382 πάντα
1706 3345 1874 3399 στραι-

298 3509 535 3564 ἱηινίουιιι
563 3525 623 3564 se
650 3509 1081 3565 conculcahant.
1117 3508 1244 3563 llaec
1273 3510 1400 3564 dum
1425 3518 1685 3580 aguntur,
1729 3511 1878 3568 intus

295 3612 354 3659 et
385 3611 545 3657 extra
587 3611 642 3655 et
671 3598 736 3655 a'd
767 3610 989 3671 portum
1022 3602 1296 3655 clamatur
1328 3619 1343 3655 :
1385 3621 1404 3654 ι
1436 3602 1608 3672 Capta
1635 3612 1721 3657 est
1752 3619 1874 3670 arx,

297 3695 453 3765 signa
492 3705 546 3749 et
573 3693 772 3748 vexilla
819 3694 1056 3749 sublime
1088 3694 1142 3746 in
1191 3693 1441 3748 turribus
1485 3694 1652 3748 elata.
1680 3713 1701 3746 ι
1744 3694 1878 3760 Quae

298 3802 403 3842 vox
428 3796 648 3843 nostros
679 3785 908 3855 fugavit.
949 3785 1134 3840 hostes
1159 3789 1360 3849 erexit,
1398 3786 1493 3854 qui
1528 3800 1726 3855 magno
1761 3787 1875 3840 cla-

300 3896 453 3935 more
482 3891 539 3934 et
575 3880 807 3950 impetu,
854 3878 1008 3935 nullo
1052 3879 1273 3944 timore,
1317 3878 1373 3934 in
1412 3893 1632 3933 murum
1680 3893 1874 3934 ascen-

295 3972 449 4027 dunt.
847 3992 860 4013 ι
1702 4023 1707 4027 .

369 4061 495 4117 Haec
523 4076 648 4116 eum
671 4061 821 4116 videt
842 4061 1009 4117 miser
1041 4061 1362 4131 imperator,
1395 4061 1662 4118 dominus
1694 4076 1874 4127 meus,

296 4167 422 4208 cum
457 4151 708 4222 lacrymis
734 4150 905 4207 Deunt
945 4162 1221 4221 precatur,
1256 4163 1311 4209 et
1334 4153 1565 4218 milites,
1602 4163 1662 4209 ut
1711 4169 1877 4224 gene-

301 4259 422 4300 rose
448 4253 713 4314 pugnent,
743 4244 1004 4313 impellit:
1029 4253 1087 4297 at
1116 4245 1264 4297 nulla
1290 4245 1405 4312 jam
1438 4247 1561 4315 opis
1586 4253 1641 4299 et
1684 4245 1874 4325 auxilii

298 4353 423 4407 spes
463 4347 601 4392 erat.
630 4338 814 4403 Itaque
843 4337 960 4406 ipse
987 4351 1131 4406 equo
1166 4338 1442 4392 concitato
1488 4337 1733 4400 advolat,
1766 4352 1875 4405 qua

300 4432 544 4486 irruebat
577 4431 818 4486 hostium
856 4430 1042 4492 turba,
1076 4437 1130 4482 et
1151 4430 1612 4497 quemadmodum
1645 4427 1878 4497 Sampso

1982 3236 2347 3308 ρὰνποιήσας
2393 3237 2525 3307 περὶ
2554 3241 2655 3307 τῆς
2690 3237 2897 3291 τούτων
2931 3238 3182 3309 ἀνδρίας,
3217 3241 3567 3310 προσέταξεν

1982 3330 2067 3384 ἵνα
2099 3329 2403 3384 κατέλθωσι
2442 3330 2581 3400 μετὰ
2612 3328 2946 3401 συμϐάσεως
2974 3333 3072 3385 καὶ
3108 3325 3242 3385 ὦσιν
3280 3332 3566 3406 ἐλεύθεροι

1983 3512 2210 3580 reliquis
2228 3512 2496 3567 militibus
2542 3526 2811 3582 generose
2845 3512 3111 3568 adversus
3146 3514 3334 3568 hostes
3383 3516 3573 3569 decer-

1983 3604 2151 3658 tavit:
2190 3611 2270 3667 ut,
2315 3604 2408 3672 qui
2460 3605 2686 3657 aderant
2728 3614 2783 3657 et
2807 3604 3088 3667 videbant,
3136 3604 3567 3660 fortissimorum

1981 3697 2225 3749 virorum
2262 3696 2519 3750 virtutem
2555 3705 2609 3748 et
2632 3695 2923 3749 audaciam
2976 3696 3333 3751 mirarentur.
3380 3696 3571 3769 Itaque

1982 3787 2067 3840 his
2096 3796 2148 3841 et
2174 3797 2256 3840 ter
2289 3787 2652 3856 impressione
2687 3799 2742 3841 et
2778 3802 2960 3858 pugna
2997 3788 3164 3852 facta,
3226 3791 3427 3860 impios
3474 3809 3573 3846 ve-

1982 3876 2264 3930 hementer
2316 3876 2597 3945 fugarunt,
2648 3879 2853 3932 multos
2901 3880 3250 3943 occiderunt,
3311 3881 3452 3936 alios
3504 3884 3571 3937 de

1983 3969 2154 4023 muris
2179 3969 2524 4038 depulerunt,
2559 3979 2724 4039 atque
2769 3972 3154 4026 occubuerunt
3184 3975 3407 4027 tandem
3441 3988 3574 4029 con-

1983 4069 2189 4117 stanter
2216 4071 2269 4117 et
2295 4068 2522 4117 strenue
2579 4071 2892 4133 pugnantes
2924 4072 2976 4116 et
3009 4079 3207 4133 magna
3256 4066 3411 4135 prius
3465 4052 3572 4122 ho-

1987 4155 2154 4209 stium
2194 4164 2377 4224 strage
2402 4154 2549 4210 data.
2580 4157 2710 4210 Item
2754 4157 2847 4210 alii
2900 4156 3046 4211 haud
3090 4158 3335 4212 imbelles
3369 4160 3573 4215 milites

1983 4249 2173 4302 eodem
2202 4247 2328 4303 loco
2355 4249 2683 4306 dimicantes
2737 4251 3092 4318 ceciderunt,
3149 4266 3322 4322 prope
3354 4264 3571 4323 portam

1983 4341 2155 4395 sancti
2192 4339 2450 4405 Romani,
2505 4343 2596 4396 ubi
2652 4344 2943 4411 helepolim
2987 4344 3134 4398 illam
3172 4344 3369 4399 Turcaa
3421 4344 3571 4401 τεθο-

1985 4440 2106 4484 rant
2171 4440 2226 4485 et
2283 4447 2538 4499 magnam
2602 4433 2892 4502 helepolim
2955 4437 3404 4492 constituerant:
3461 4453 3573 4506 qua

301 4526 485 4578 hostes
516 4522 830 4592 prostravit,
868 4523 941 4575 ita
972 4521 1171 4590 impios
1209 4523 1383 4589 primo
1415 4522 1621 4591 impetu
1652 4535 1683 4576 e
1744 4537 1880 4576 mm-
1913 4546 1956 4600 ι)
1984 4523 2218 4591 primum
2258 4524 2441 4578 diruto
2475 4540 2654 4588 muro,
2690 4527 2744 4578 in
2793 4527 2985 4580 urbem
3042 4536 3427 4595 penetrarunt.
3463 4527 3575 4598 Ego

301 4617 458 4670 nibus
484 4616 758 4677 deturbat,
784 4623 843 4667 ιιι
872 4614 964 4681 qui
994 4615 1224 4667 aderant
1255 4623 1308 4667 et
1351 4613 1632 4677 videbant,
1672 4614 1873 4667 mirum

298 4717 584 4761 cernerent
607 4704 1004 4774 spectaculum.
1043 4704 1243 4758 Leonis
1299 4704 1475 4758 instar
1524 4704 1792 4768 fremens,
1825 4714 1881 4759 et.

303 4802 491 4853 dextra
546 4797 787 4866 gladium
846 4796 1095 4850 strictum
1154 4805 1371 4857 tenens,
1429 4796 1632 4849 multos
1691 4798 1879 4850 hostes

304 4890 726 4953 trncidavit,‘ae
751 4888 978 4956 sanguis
1015 4887 1068 4939 iu
1092 4884 1333 4940 modum
1375 4886 1623 4941 ﬂuminis
1662 4904 1692 4939 e
1735 4888 1882 4954 pelli-

304 4986 405 5037 hus
437 4993 491 5035 et
520 4980 776 5034 manibus
797 4977 918 5046 ejus
949 4975 1274 5045 proﬂuebat.
1331 4976 1597 5031 Dominus
1653 4974 1884 5029 Franci-

304 5088 430 5129 srus
457 5082 664 5135 autem,
702 5069 959 5131 Toledus,
991 5082 1154 5136 quem
1177 5083 1342 5137 supra
1363 5067 1663 5132 nominavi,
1697 5067 1877 5138 ipsum

303 5165 585 5234 superavit
617 5163 907 5224 Achillem,
938 5161 1004 5216 ad
1051 5160 1297 5214 dextram
1334 5158 1690 5226 imperatoris
1719 5157 1882 5212 dimi-

303 5271 437 5311 cans
461 5263 519 5309 et
546 5254 742 5322 aquilae
783 5253 955 5305 instar
985 5249 1265 5318 unguibus
1296 5257 1350 5304 et
1383 5263 1480 5302 ore
1533 5248 1716 5303 hostes
1744 5263 1882 5302 con-

303 5350 512 5404 cidens.
545 5345 812 5401 Similiter
839 5343 1181 5411 Theophilus
1214 5341 1573 5408 Ραιαιοιοιιυε,
1604 5352 1664 5394 ut
1713 5340 1888 5410 impe-

308 5431 546 5495 ratorem
575 5439 948 5493 decertantem
977 5445 1033 5490 et
1062 5436 1251 5489 urbem
1282 5435 1688 5503 periclitantem
1724 5433 1884 5497 vidit,

308 5522 505 5601 magna
534 5545 667 5584 voce
698 5541 754 5585 et
804 5530 1117 5600 lacrymans
1154 5526 1453 5582 clamavit:
1490 5543 1509 5577 ι
1552 5524 1684 5580 Mori
1718 5536 1884 5595 Quam

311 5623 491 5677 vivere
526 5620 707 5685 malo,
734 5638 754 5671 ι
794 5629 848 5673 et
873 5619 1077 5689 impetu
1124 5618 1267 5673 facto
1328 5619 1383 5671 in
1420 5618 1626 5671 medios
1678 5616 1887 5682 hostes,

310 5719 577 5783 quotquot
630 5711 857 5774 invenit,
914 5709 1149 5782 disjecit,
1183 5708 1495 5778 dissipavit,
1548 5708 1768 5763 occidit.
1821 5709 1889 5764 At

310 5806 454 5863 enim
485 5802 724 5859 Joannes
768 5802 1013 5858 Dalmata
1050 5816 1295 5872 quoque,
1348 5801 1421 5856 ibi
1457 5815 1719 5871 prmsens,
1775 5814 1887 5871 prae

1152 6104 1181 6115 θ

1982 4613 2077 4665 illo
2107 4621 2355 4681 tempore
2380 4630 2486 4667 non
2522 4616 2782 4669 versabar
2817 4614 2963 4669 circa
3029 4616 3438 4683 imperatorem,
3471 4618 3573 4671 do-

1986 4703 2193 4757 minum
2227 4720 2431 4772 meum,
2463 4705 2555 4759 sed
2576 4705 2737 4775 jussu
2768 4705 2890 4773 ejus
2920 4706 2985 4760 ad
3019 4706 3357 4762 lustrandatn
3407 4709 3570 4765 aliam

1985 4805 2193 4864 partem
2238 4794 2387 4850 urbis
2422 4795 2811 4849 discesseram.

2055 4887 2109 4940 8.
2140 4885 2331 4940 Turcae
2358 4890 2550 4940 urbem
2588 4884 2820 4954 ingressi
2855 4883 3207 4963 Christianos
3242 4886 3382 4940 intra
3430 4877 3574 4941 inte-

1988 4980 2190 5032 riorem
2233 4993 2451 5031 murum
2485 4977 2729 5049 reliquos
2762 4976 3133 5041 heleboliseis,
3165 4977 3382 5046 jacnlis,
3404 4982 3574 5049 sagit—

1987 5070 2077 5130 tis.
2110 5070 2260 5124 saxis
2289 5070 2582 5138 persecuti,
2618 5079 2673 5123 et
2708 5070 2928 5123 cunctis
2978 5069 3135 5137 potiti
3168 5079 3320 5134 sunt,
3378 5081 3576 5139 praeter

1987 5177 2081 5216 eos
2113 5162 2204 5230 qui
2231 5162 2286 5214 in
2322 5161 2568 5216 turribus
2600 5159 2787 5216 Basilii
2818 5159 3022 5215 Leonis
3046 5170 3099 5215 et
3148 5161 3324 5215 Alexii
3349 5178 3471 5231 qua:
3494 5164 3579 5217 di-

1988 5256 2261 5307 cebantur
2315 5254 2600 5309 constituti
2654 5263 2833 5315 erant,
2882 5262 3082 5308 nautas
3139 5248 3450 5310 Cretenses.
3508 5256 3575 5310 lli

1989 5348 2134 5400 enim
2175 5345 2244 5400 ad
2280 5356 2488 5400 sextam
2518 5354 2572 5400 et
2607 5346 2895 5414 septimam
2938 5346 3129 5400 horam
3187 5357 3417 5402 strenue
3468 5364 3577 5419 pu-

1989 5436 2229 5503 gnabant
2260 5435 2541 5491 ctmullos
2586 5434 2797 5491 Tureas
2858 5436 3283 5501 iuterlicicbant,
3339 5453 3605 5505 cumque.

1990 5532 2194 5578 tantam
2252 5525 2490 5580 hostium
2562 5527 2971 5582 multitudinem
3036 5534 3092 5581 et
3138 5537 3311 5583 totam
3374 5529 3568 5583 urbem

1990 5615 2276 5672 subactam
2305 5619 2583 5684 viderent,
2641 5620 2947 5674 noluerunt
2988 5628 3178 5695 tamen
3212 5619 3316 5689 ipsi
3370 5620 3578 5689 subigi,

1991 5708 2085 5764 sed
2119 5719 2351 5764 mortem
2380 5710 2488 5764 vita
2523 5726 2647 5767 esse
2671 5711 3137 5781 praestabiliorem
3159 5712 3472 5766 .ducebant.
3503 5711 3577 5766 De

1993 5817 2227 5870 quorum
2260 5803 2462 5861 virtute
2497 5820 2623 5860 cum
2655 5803 2834 5861 Turca
2870 5805 3072 5863 aliuuis
3105 5805 3317 5860 Amerae
3368 5819 3579 5859 renuno
