  <div class='ocr_page' id='page_1' title='image "/cluster/home/n/w/nwhite01/storage/ocr_20150623/156/coo.31924054870617/448.png"; bbox 0 0 3964 6428; ppageno 0'>
   <div class='ocr_carea' id='block_1_1' title="bbox 254 424 356 500">
    <p class='ocr_par' dir='ltr' id='par_1_1' title="bbox 254 424 356 500">
     <span class='ocr_line' id='line_1_1' title="bbox 254 424 356 500; baseline -0.02 -2"><span class='ocrx_word' id='word_1_1' title='bbox 254 424 356 500; x_wconf 78' lang='lat'><strong>881</strong></span> 
     </span>
    </p>
   </div>
   <div class='ocr_carea' id='block_1_2' title="bbox 1309 400 2512 533">
    <p class='ocr_par' dir='ltr' id='par_1_2' title="bbox 1309 400 2512 533">
     <span class='ocr_line' id='line_1_2' title="bbox 1309 400 2512 533; baseline 0.003 -32"><span class='ocrx_word' id='word_1_2' title='bbox 1309 440 1762 533; x_wconf 70' lang='lat' dir='ltr'><strong>CHRONICON</strong></span> <span class='ocrx_word' id='word_1_3' title='bbox 1813 441 2078 504; x_wconf 86' lang='lat' dir='ltr'><strong>MAJUS.</strong></span> <span class='ocrx_word' id='word_1_4' title='bbox 2114 467 2187 481; x_wconf 88' lang='lat'>-</span> <span class='ocrx_word' id='word_1_5' title='bbox 2219 400 2365 505; x_wconf 79' lang='lat' dir='ltr'><strong>LiB.</strong></span> <span class='ocrx_word' id='word_1_6' title='bbox 2394 444 2512 505; x_wconf 87' lang='lat' dir='ltr'><strong>IlI.</strong></span> 
     </span>
    </p>
   </div>
   <div class='ocr_carea' id='block_1_3' title="bbox 3399 444 3504 501">
    <p class='ocr_par' dir='ltr' id='par_1_3' title="bbox 3399 444 3504 501">
     <span class='ocr_line' id='line_1_3' title="bbox 3399 444 3504 501; baseline 0 -1"><span class='ocrx_word' id='word_1_7' title='bbox 3399 444 3504 501; x_wconf 67' lang='lat'><strong>882</strong></span> 
     </span>
    </p>
   </div>
   <div class='ocr_carea' id='block_1_4' title="bbox 250 534 3509 633">
    <p class='ocr_par' dir='ltr' id='par_1_4' title="bbox 250 534 3509 633">
     <span class='ocr_line' id='line_1_4' title="bbox 250 534 3509 633; baseline -0.001 -30"><span class='ocrx_word' id='word_1_8' title='bbox 250 550 430 606; x_wconf 70' lang='grc' dir='ltr'>πάντα</span> <span class='ocrx_word' id='word_1_9' title='bbox 459 548 626 604; x_wconf 80' lang='grc' dir='ltr'>τόπον</span> <span class='ocrx_word' id='word_1_10' title='bbox 663 549 942 620; x_wconf 76' lang='grc' dir='ltr'><strong>πανταχοῦ</strong></span> <span class='ocrx_word' id='word_1_11' title='bbox 991 550 1185 617; x_wconf 77' lang='grc' dir='ltr'>πασῶν</span> <span class='ocrx_word' id='word_1_12' title='bbox 1238 552 1449 607; x_wconf 83' lang='grc' dir='ltr'>κακιῶν</span> <span class='ocrx_word' id='word_1_13' title='bbox 1475 547 1549 623; x_wconf 78' lang='grc' dir='ltr'>ἦν</span> <span class='ocrx_word' id='word_1_14' title='bbox 1574 536 1828 623; x_wconf 67' lang='grc' dir='ltr'>ἔμτπλεαο</span> <span class='ocrx_word' id='word_1_15' title='bbox 1862 564 1905 621; x_wconf 68' lang='grc' dir='ltr'><strong>Α</strong></span> <span class='ocrx_word' id='word_1_16' title='bbox 1940 534 2033 622; x_wconf 67' lang='grc' dir='ltr'><strong>ρος</strong></span> <span class='ocrx_word' id='word_1_17' title='bbox 2073 551 2267 606; x_wconf 87' lang='grc' dir='ltr'>τούτου</span> <span class='ocrx_word' id='word_1_18' title='bbox 2314 552 2498 622; x_wconf 87' lang='grc' dir='ltr'>χρόνοι</span> <span class='ocrx_word' id='word_1_19' title='bbox 2548 551 2964 633; x_wconf 63' lang='grc' dir='ltr'>τεσσαράκοντα</span> <span class='ocrx_word' id='word_1_20' title='bbox 3008 550 3166 603; x_wconf 78' lang='grc' dir='ltr'>ἐννέα</span> <span class='ocrx_word' id='word_1_21' title='bbox 3199 549 3295 602; x_wconf 67' lang='grc' dir='ltr'><strong>καὶ</strong></span> <span class='ocrx_word' id='word_1_22' title='bbox 3344 549 3509 617; x_wconf 74' lang='grc' dir='ltr'>μῆνες</span> 
     </span>
    </p>
   </div>
   <div class='ocr_carea' id='block_1_5' title="bbox 3308 638 3327 657">
    <p class='ocr_par' dir='ltr' id='par_1_5' title="bbox 3308 638 3327 657">
     <span class='ocr_line' id='line_1_5' title="bbox 3308 638 3327 657; baseline 0 0"><span class='ocrx_word' id='word_1_23' title='bbox 3308 638 3327 657; x_wconf 73' lang='grc' dir='ltr'><em>Ι</em></span> 
     </span>
    </p>
   </div>
   <div class='ocr_carea' id='block_1_6' title="bbox 246 641 1833 715">
    <p class='ocr_par' dir='ltr' id='par_1_6' title="bbox 246 641 1833 715">
     <span class='ocr_line' id='line_1_6' title="bbox 246 641 1833 715; baseline 0.003 -20"><span class='ocrx_word' id='word_1_24' title='bbox 246 641 426 705; x_wconf 80' lang='grc' dir='ltr'>οὐδεὶς</span> <span class='ocrx_word' id='word_1_25' title='bbox 476 641 645 705; x_wconf 79' lang='grc' dir='ltr'>τόπος</span> <span class='ocrx_word' id='word_1_26' title='bbox 695 641 1127 714; x_wconf 79' lang='grc' dir='ltr'>ἀνεξερεύνητος</span> <span class='ocrx_word' id='word_1_27' title='bbox 1169 645 1203 714; x_wconf 84' lang='grc' dir='ltr'>ἢ</span> <span class='ocrx_word' id='word_1_28' title='bbox 1242 644 1442 710; x_wconf 77' lang='grc' dir='ltr'><strong>ἄσυλος</strong></span> <span class='ocrx_word' id='word_1_29' title='bbox 1494 645 1733 715; x_wconf 80' lang='grc' dir='ltr'><strong>ἔμεινεν.</strong></span> <span class='ocrx_word' id='word_1_30' title='bbox 1759 642 1833 699; x_wconf 77' lang='grc' dir='ltr'><strong><em>Ὦ</em></strong></span> 
     </span>
    </p>
   </div>
   <div class='ocr_carea' id='block_1_7' title="bbox 248 729 1832 811">
    <p class='ocr_par' dir='ltr' id='par_1_7' title="bbox 248 729 1832 811">
     <span class='ocr_line' id='line_1_7' title="bbox 248 729 1832 811; baseline 0 -21"><span class='ocrx_word' id='word_1_31' title='bbox 248 736 454 807; x_wconf 74' lang='grc' dir='ltr'>Χριστὲ</span> <span class='ocrx_word' id='word_1_32' title='bbox 481 735 726 806; x_wconf 85' lang='grc' dir='ltr'>βασιλεῦ,</span> <span class='ocrx_word' id='word_1_33' title='bbox 756 736 857 805; x_wconf 81' lang='grc' dir='ltr'>τῆς</span> <span class='ocrx_word' id='word_1_34' title='bbox 880 729 1023 811; x_wconf 25' lang='grc' dir='ltr'>ὶτᾶτε</span> <span class='ocrx_word' id='word_1_35' title='bbox 1069 736 1304 807; x_wconf 79' lang='grc' dir='ltr'>θλίψεως</span> <span class='ocrx_word' id='word_1_36' title='bbox 1335 740 1433 791; x_wconf 85' lang='grc' dir='ltr'><strong>καὶ</strong></span> <span class='ocrx_word' id='word_1_37' title='bbox 1464 739 1832 809; x_wconf 80' lang='grc' dir='ltr'><strong>στενοχωρίας</strong></span> 
     </span>
    </p>
   </div>
   <div class='ocr_carea' id='block_1_8' title="bbox 248 829 1829 900">
    <p class='ocr_par' dir='ltr' id='par_1_8' title="bbox 248 829 1829 900">
     <span class='ocr_line' id='line_1_8' title="bbox 248 829 1829 900; baseline 0.001 -18"><span class='ocrx_word' id='word_1_38' title='bbox 248 830 432 882; x_wconf 79' lang='grc' dir='ltr'>πᾶσαν</span> <span class='ocrx_word' id='word_1_39' title='bbox 457 829 614 884; x_wconf 83' lang='grc' dir='ltr'>πόλιν</span> <span class='ocrx_word' id='word_1_40' title='bbox 645 829 741 883; x_wconf 86' lang='grc' dir='ltr'><strong>καὶ</strong></span> <span class='ocrx_word' id='word_1_41' title='bbox 774 829 983 900; x_wconf 85' lang='grc' dir='ltr'>χώραν,</span> <span class='ocrx_word' id='word_1_42' title='bbox 1022 830 1089 900; x_wconf 81' lang='grc' dir='ltr'>ἢν</span> <span class='ocrx_word' id='word_1_43' title='bbox 1121 830 1366 885; x_wconf 80' lang='grc' dir='ltr'><strong>οἰκοῦσιν</strong></span> <span class='ocrx_word' id='word_1_44' title='bbox 1400 831 1451 884; x_wconf 74' lang='lat' dir='ltr'><strong>oi</strong></span> <span class='ocrx_word' id='word_1_45' title='bbox 1481 832 1829 899; x_wconf 70' lang='grc' dir='ltr'><strong>Χριστιανοὶ,</strong></span> 
     </span>
    </p>
   </div>
   <div class='ocr_carea' id='block_1_9' title="bbox 246 918 1832 991">
    <p class='ocr_par' dir='ltr' id='par_1_9' title="bbox 246 918 1832 991">
     <span class='ocr_line' id='line_1_9' title="bbox 246 918 1832 991; baseline 0.001 -19"><span class='ocrx_word' id='word_1_46' title='bbox 246 920 638 991; x_wconf 74' lang='grc' dir='ltr'>ὲλευθὲρωσον.</span> <span class='ocrx_word' id='word_1_47' title='bbox 670 921 787 976; x_wconf 78' lang='grc' dir='ltr'>Καὶ</span> <span class='ocrx_word' id='word_1_48' title='bbox 834 921 1014 975; x_wconf 75' lang='grc' dir='ltr'>πάντα</span> <span class='ocrx_word' id='word_1_49' title='bbox 1066 923 1246 991; x_wconf 82' lang='grc' dir='ltr'>κῆπον</span> <span class='ocrx_word' id='word_1_50' title='bbox 1289 924 1389 977; x_wconf 82' lang='grc' dir='ltr'><strong>καὶ</strong></span> <span class='ocrx_word' id='word_1_51' title='bbox 1425 918 1581 977; x_wconf 83' lang='grc' dir='ltr'>οἶκον</span> <span class='ocrx_word' id='word_1_52' title='bbox 1614 924 1664 976; x_wconf 88' lang='grc' dir='ltr'>οἱ</span> <span class='ocrx_word' id='word_1_53' title='bbox 1696 924 1832 976; x_wconf 75' lang='grc' dir='ltr'>ἀσε-</span> 
     </span>
    </p>
   </div>
   <div class='ocr_carea' id='block_1_10' title="bbox 129 1011 1834 1087">
    <p class='ocr_par' dir='ltr' id='par_1_10' title="bbox 129 1011 1834 1087">
     <span class='ocr_line' id='line_1_10' title="bbox 129 1011 1834 1087; baseline 0.002 -23"><span class='ocrx_word' id='word_1_54' title='bbox 129 1017 137 1023; x_wconf 89' lang='grc'><strong><em>“</em></strong></span> <span class='ocrx_word' id='word_1_55' title='bbox 249 1011 365 1076; x_wconf 79' lang='grc' dir='ltr'><strong>σείς</strong></span> <span class='ocrx_word' id='word_1_56' title='bbox 422 1013 527 1067; x_wconf 81' lang='grc' dir='ltr'>οὐκ</span> <span class='ocrx_word' id='word_1_57' title='bbox 580 1014 775 1067; x_wconf 80' lang='grc' dir='ltr'>είασαν</span> <span class='ocrx_word' id='word_1_58' title='bbox 818 1013 1161 1083; x_wconf 74' lang='grc' dir='ltr'>ἁνὼρυκτον,</span> <span class='ocrx_word' id='word_1_59' title='bbox 1198 1015 1286 1068; x_wconf 75' lang='grc' dir='ltr'>ἶνα</span> <span class='ocrx_word' id='word_1_60' title='bbox 1336 1016 1408 1070; x_wconf 73' lang='grc' dir='ltr'>τὰ</span> <span class='ocrx_word' id='word_1_61' title='bbox 1461 1016 1834 1087; x_wconf 72' lang='grc' dir='ltr'><strong>κεκρυμμένα</strong></span> 
     </span>
    </p>
   </div>
   <div class='ocr_carea' id='block_1_11' title="bbox 247 1104 1834 1178">
    <p class='ocr_par' dir='ltr' id='par_1_11' title="bbox 247 1104 1834 1178">
     <span class='ocr_line' id='line_1_11' title="bbox 247 1104 1834 1178; baseline 0.003 -21"><span class='ocrx_word' id='word_1_62' title='bbox 247 1105 510 1176; x_wconf 85' lang='grc' dir='ltr'>χρήματα</span> <span class='ocrx_word' id='word_1_63' title='bbox 557 1104 766 1174; x_wconf 76' lang='grc' dir='ltr'>εὕρωσι</span> <span class='ocrx_word' id='word_1_64' title='bbox 793 1121 809 1136; x_wconf 78' lang='grc' dir='ltr'><strong><em>ο</em></strong></span> <span class='ocrx_word' id='word_1_65' title='bbox 848 1107 944 1159; x_wconf 81' lang='grc' dir='ltr'><strong>καὶ</strong></span> <span class='ocrx_word' id='word_1_66' title='bbox 996 1106 1271 1159; x_wconf 73' lang='grc' dir='ltr'><strong>πλείστων</strong></span> <span class='ocrx_word' id='word_1_67' title='bbox 1320 1107 1421 1176; x_wconf 79' lang='grc' dir='ltr'>μὲν</span> <span class='ocrx_word' id='word_1_68' title='bbox 1454 1107 1592 1161; x_wconf 79' lang='grc' dir='ltr'>νέων</span> <span class='ocrx_word' id='word_1_69' title='bbox 1627 1107 1834 1178; x_wconf 83' lang='grc' dir='ltr'>θησαυ-</span> 
     </span>
    </p>
   </div>
   <div class='ocr_carea' id='block_1_12' title="bbox 250 1197 1829 1271">
    <p class='ocr_par' dir='ltr' id='par_1_12' title="bbox 250 1197 1829 1271">
     <span class='ocr_line' id='line_1_12' title="bbox 250 1197 1829 1271; baseline 0.001 -20"><span class='ocrx_word' id='word_1_70' title='bbox 250 1197 361 1267; x_wconf 85' lang='grc' dir='ltr'><strong>ρῶν</strong></span> <span class='ocrx_word' id='word_1_71' title='bbox 377 1199 478 1251; x_wconf 82' lang='grc' dir='ltr'>καὶ.</span> <span class='ocrx_word' id='word_1_72' title='bbox 495 1197 743 1253; x_wconf 83' lang='grc' dir='ltr'>παλαιῶν</span> <span class='ocrx_word' id='word_1_73' title='bbox 766 1199 862 1252; x_wconf 86' lang='grc' dir='ltr'><strong>καὶ</strong></span> <span class='ocrx_word' id='word_1_74' title='bbox 886 1199 1092 1269; x_wconf 75' lang='grc' dir='ltr'>ἑτέρων</span> <span class='ocrx_word' id='word_1_75' title='bbox 1121 1198 1439 1270; x_wconf 77' lang='grc' dir='ltr'>πολυτίμων</span> <span class='ocrx_word' id='word_1_76' title='bbox 1462 1201 1829 1271; x_wconf 75' lang='grc' dir='ltr'>πραγμάτων,</span> 
     </span>
    </p>
   </div>
   <div class='ocr_carea' id='block_1_13' title="bbox 249 1289 1010 1362">
    <p class='ocr_par' dir='ltr' id='par_1_13' title="bbox 249 1289 1010 1362">
     <span class='ocr_line' id='line_1_13' title="bbox 249 1289 1010 1362; baseline 0.003 -19"><span class='ocrx_word' id='word_1_77' title='bbox 249 1289 529 1360; x_wconf 76' lang='grc' dir='ltr'>εὑρόντες,</span> <span class='ocrx_word' id='word_1_78' title='bbox 564 1291 877 1362; x_wconf 75' lang='grc' dir='ltr'>ἐνεπλήσθη</span> <span class='ocrx_word' id='word_1_79' title='bbox 888 1308 1010 1345; x_wconf 89' lang='grc' dir='ltr'>σαν.</span> 
     </span>
    </p>
   </div>
   <div class='ocr_carea' id='block_1_14' title="bbox 318 1384 1832 1457">
    <p class='ocr_par' dir='ltr' id='par_1_14' title="bbox 318 1384 1832 1457">
     <span class='ocr_line' id='line_1_14' title="bbox 318 1384 1832 1457; baseline 0.002 -18"><span class='ocrx_word' id='word_1_80' title='bbox 318 1388 391 1454; x_wconf 80' lang='grc' dir='ltr'><strong>η’.</strong></span> <span class='ocrx_word' id='word_1_81' title='bbox 438 1384 527 1444; x_wconf 80' lang='grc' dir='ltr'>Ὦς</span> <span class='ocrx_word' id='word_1_82' title='bbox 558 1384 653 1437; x_wconf 83' lang='grc' dir='ltr'>οὖν</span> <span class='ocrx_word' id='word_1_83' title='bbox 682 1387 715 1452; x_wconf 83' lang='grc' dir='ltr'><strong>ὴ</strong></span> <span class='ocrx_word' id='word_1_84' title='bbox 747 1385 903 1448; x_wconf 79' lang='grc' dir='ltr'>πόλις</span> <span class='ocrx_word' id='word_1_85' title='bbox 931 1387 1095 1450; x_wconf 75' lang='grc' dir='ltr'>ἑάλω,</span> <span class='ocrx_word' id='word_1_86' title='bbox 1143 1389 1171 1440; x_wconf 98' lang='lat'><strong>6</strong></span> <span class='ocrx_word' id='word_1_87' title='bbox 1219 1389 1449 1457; x_wconf 77' lang='grc' dir='ltr'>ἅμηρᾶς</span> <span class='ocrx_word' id='word_1_88' title='bbox 1477 1387 1625 1444; x_wconf 74' lang='grc' dir='ltr'>ἔνδον</span> <span class='ocrx_word' id='word_1_89' title='bbox 1658 1391 1832 1442; x_wconf 77' lang='grc' dir='ltr'>είσελ-</span> 
     </span>
    </p>
   </div>
   <div class='ocr_carea' id='block_1_15' title="bbox 253 1476 1835 1550">
    <p class='ocr_par' dir='ltr' id='par_1_15' title="bbox 253 1476 1835 1550">
     <span class='ocr_line' id='line_1_15' title="bbox 253 1476 1835 1550; baseline 0.004 -21"><span class='ocrx_word' id='word_1_90' title='bbox 253 1476 369 1530; x_wconf 84' lang='grc' dir='ltr'>θὼν</span> <span class='ocrx_word' id='word_1_91' title='bbox 415 1476 585 1539; x_wconf 82' lang='grc' dir='ltr'>εὐθὺς</span> <span class='ocrx_word' id='word_1_92' title='bbox 634 1477 784 1548; x_wconf 82' lang='grc' dir='ltr'>πάσῃ</span> <span class='ocrx_word' id='word_1_93' title='bbox 835 1480 1038 1549; x_wconf 77' lang='grc' dir='ltr'>σπουδῇ</span> <span class='ocrx_word' id='word_1_94' title='bbox 1071 1479 1300 1549; x_wconf 79' lang='grc' dir='ltr'>ζήτησιν</span> <span class='ocrx_word' id='word_1_95' title='bbox 1337 1482 1514 1536; x_wconf 83' lang='grc' dir='ltr'>ὲποίει</span> <span class='ocrx_word' id='word_1_96' title='bbox 1565 1483 1690 1550; x_wconf 71' lang='grc' dir='ltr'>περὶ</span> <span class='ocrx_word' id='word_1_97' title='bbox 1738 1482 1835 1535; x_wconf 89' lang='grc' dir='ltr'><strong>τοῦ</strong></span> 
     </span>
    </p>
   </div>
   <div class='ocr_carea' id='block_1_16' title="bbox 255 1569 1832 1644">
    <p class='ocr_par' dir='ltr' id='par_1_16' title="bbox 255 1569 1832 1644">
     <span class='ocr_line' id='line_1_16' title="bbox 255 1569 1832 1644; baseline 0.004 -22"><span class='ocrx_word' id='word_1_98' title='bbox 255 1569 542 1639; x_wconf 75' lang='grc' dir='ltr'>βασιλέως,</span> <span class='ocrx_word' id='word_1_99' title='bbox 572 1572 631 1631; x_wconf 81' lang='grc' dir='ltr'>ὃς</span> <span class='ocrx_word' id='word_1_100' title='bbox 665 1575 808 1626; x_wconf 83' lang='grc' dir='ltr'>κατὰ</span> <span class='ocrx_word' id='word_1_101' title='bbox 860 1573 988 1626; x_wconf 83' lang='grc' dir='ltr'>νοῦν</span> <span class='ocrx_word' id='word_1_102' title='bbox 1019 1575 1182 1627; x_wconf 78' lang='grc' dir='ltr'>ἄλλον</span> <span class='ocrx_word' id='word_1_103' title='bbox 1211 1576 1311 1629; x_wconf 82' lang='grc' dir='ltr'>οὐκ</span> <span class='ocrx_word' id='word_1_104' title='bbox 1367 1575 1647 1641; x_wconf 75' lang='grc' dir='ltr'>ἐλογίζετο</span> <span class='ocrx_word' id='word_1_105' title='bbox 1676 1577 1725 1628; x_wconf 85' lang='grc' dir='ltr'><strong>εί</strong></span> <span class='ocrx_word' id='word_1_106' title='bbox 1757 1577 1832 1644; x_wconf 84' lang='grc' dir='ltr'>μὴ</span> 
     </span>
    </p>
   </div>
   <div class='ocr_carea' id='block_1_17' title="bbox 257 1657 1833 1736">
    <p class='ocr_par' dir='ltr' id='par_1_17' title="bbox 257 1657 1833 1736">
     <span class='ocr_line' id='line_1_17' title="bbox 257 1657 1833 1736; baseline 0.004 -22"><span class='ocrx_word' id='word_1_107' title='bbox 257 1657 420 1731; x_wconf 76' lang='grc' dir='ltr'>μόνον</span> <span class='ocrx_word' id='word_1_108' title='bbox 477 1664 673 1733; x_wconf 80' lang='grc' dir='ltr'>μαθεῖν</span> <span class='ocrx_word' id='word_1_109' title='bbox 725 1666 774 1718; x_wconf 86' lang='grc' dir='ltr'><strong>εί</strong></span> <span class='ocrx_word' id='word_1_110' title='bbox 827 1667 892 1735; x_wconf 77' lang='grc' dir='ltr'><strong>ζῇ</strong></span> <span class='ocrx_word' id='word_1_111' title='bbox 949 1665 981 1735; x_wconf 80' lang='grc' dir='ltr'>ἢ</span> <span class='ocrx_word' id='word_1_112' title='bbox 1036 1664 1303 1731; x_wconf 77' lang='grc' dir='ltr'>τέθνηκεν</span> <span class='ocrx_word' id='word_1_113' title='bbox 1346 1668 1372 1718; x_wconf 90' lang='lat'><strong>6</strong></span> <span class='ocrx_word' id='word_1_114' title='bbox 1417 1665 1693 1736; x_wconf 81' lang='grc' dir='ltr'>βασιλεύς.</span> <span class='ocrx_word' id='word_1_115' title='bbox 1726 1669 1833 1720; x_wconf 86' lang='grc' dir='ltr'>Καὶ</span> 
     </span>
    </p>
   </div>
   <div class='ocr_carea' id='block_1_18' title="bbox 254 1752 1835 1827">
    <p class='ocr_par' dir='ltr' id='par_1_18' title="bbox 254 1752 1835 1827">
     <span class='ocr_line' id='line_1_18' title="bbox 254 1752 1835 1827; baseline 0.005 -22"><span class='ocrx_word' id='word_1_116' title='bbox 254 1752 402 1815; x_wconf 63' lang='grc' dir='ltr'>τινες</span> <span class='ocrx_word' id='word_1_117' title='bbox 451 1753 552 1823; x_wconf 71' lang='grc' dir='ltr'>μὲν</span> <span class='ocrx_word' id='word_1_118' title='bbox 596 1755 854 1818; x_wconf 76' lang='grc' dir='ltr'>ἐλθόντες</span> <span class='ocrx_word' id='word_1_119' title='bbox 898 1756 1090 1825; x_wconf 72' lang='grc' dir='ltr'>ἔλεγον</span> <span class='ocrx_word' id='word_1_120' title='bbox 1121 1759 1205 1811; x_wconf 81' lang='grc' dir='ltr'>ὅτι</span> <span class='ocrx_word' id='word_1_121' title='bbox 1250 1758 1479 1827; x_wconf 79' lang='grc' dir='ltr'>ἔφυγεν,</span> <span class='ocrx_word' id='word_1_122' title='bbox 1510 1761 1663 1813; x_wconf 82' lang='grc' dir='ltr'>ἄλλοι</span> <span class='ocrx_word' id='word_1_123' title='bbox 1691 1760 1747 1813; x_wconf 74' lang='grc' dir='ltr'>δὲ</span> <span class='ocrx_word' id='word_1_124' title='bbox 1776 1761 1835 1813; x_wconf 82' lang='grc' dir='ltr'>ὲν</span> 
     </span>
    </p>
   </div>
   <div class='ocr_carea' id='block_1_19' title="bbox 251 1845 1831 1919">
    <p class='ocr_par' dir='ltr' id='par_1_19' title="bbox 251 1845 1831 1919">
     <span class='ocr_line' id='line_1_19' title="bbox 251 1845 1831 1919; baseline 0.006 -22"><span class='ocrx_word' id='word_1_125' title='bbox 251 1846 317 1915; x_wconf 79' lang='grc' dir='ltr'><strong>τῇ</strong></span> <span class='ocrx_word' id='word_1_126' title='bbox 347 1845 501 1898; x_wconf 84' lang='grc' dir='ltr'>πόλει</span> <span class='ocrx_word' id='word_1_127' title='bbox 530 1846 720 1913; x_wconf 71' lang='grc' dir='ltr'>ελεγον</span> <span class='ocrx_word' id='word_1_128' title='bbox 745 1845 884 1901; x_wconf 76' lang='grc' dir='ltr'>εἶναι</span> <span class='ocrx_word' id='word_1_129' title='bbox 918 1852 1332 1919; x_wconf 69' lang='grc' dir='ltr'>κεκρυμμένον,</span> <span class='ocrx_word' id='word_1_130' title='bbox 1364 1849 1517 1905; x_wconf 73' lang='grc' dir='ltr'>ἄλλοι</span> <span class='ocrx_word' id='word_1_131' title='bbox 1540 1852 1597 1905; x_wconf 82' lang='grc' dir='ltr'>δὲ</span> <span class='ocrx_word' id='word_1_132' title='bbox 1632 1852 1831 1906; x_wconf 58' lang='lat' dir='ltr'><strong>saliva—</strong></span> 
     </span>
    </p>
   </div>
   <div class='ocr_carea' id='block_1_20' title="bbox 249 1908 1911 2013">
    <p class='ocr_par' dir='ltr' id='par_1_20' title="bbox 249 1908 1911 2013">
     <span class='ocr_line' id='line_1_20' title="bbox 249 1908 1911 2013; baseline 0.007 -26"><span class='ocrx_word' id='word_1_133' title='bbox 249 1908 340 1990; x_wconf 66' lang='grc' dir='ltr'><strong>ναι</strong></span> <span class='ocrx_word' id='word_1_134' title='bbox 401 1908 733 2007; x_wconf 78' lang='grc' dir='ltr'>μαχόμενον.</span> <span class='ocrx_word' id='word_1_135' title='bbox 786 1942 899 1995; x_wconf 74' lang='grc' dir='ltr'>Καὶ</span> <span class='ocrx_word' id='word_1_136' title='bbox 966 1908 1160 1996; x_wconf 49' lang='grc' dir='ltr'>θέλων.</span> <span class='ocrx_word' id='word_1_137' title='bbox 1210 1908 1553 2002; x_wconf 74' lang='grc' dir='ltr'>πιστωθῆναι</span> <span class='ocrx_word' id='word_1_138' title='bbox 1612 1945 1831 2013; x_wconf 84' lang='grc' dir='ltr'>ἀληθῶς</span> <span class='ocrx_word' id='word_1_139' title='bbox 1870 1908 1911 1965; x_wconf 68' lang='grc' dir='ltr'><strong>Β</strong></span> 
     </span>
    </p>
   </div>
   <div class='ocr_carea' id='block_1_21' title="bbox 251 2029 1834 2109">
    <p class='ocr_par' dir='ltr' id='par_1_21' title="bbox 251 2029 1834 2109">
     <span class='ocr_line' id='line_1_21' title="bbox 251 2029 1834 2109; baseline 0.008 -28"><span class='ocrx_word' id='word_1_140' title='bbox 251 2029 492 2085; x_wconf 67' lang='grc' dir='ltr'>ἔστειλεν</span> <span class='ocrx_word' id='word_1_141' title='bbox 516 2031 645 2086; x_wconf 73' lang='grc' dir='ltr'>ἔνθα</span> <span class='ocrx_word' id='word_1_142' title='bbox 670 2033 828 2104; x_wconf 74' lang='lat'><strong>291</strong></span> <span class='ocrx_word' id='word_1_143' title='bbox 862 2035 925 2105; x_wconf 82' lang='grc' dir='ltr'><strong>δὴ</strong></span> <span class='ocrx_word' id='word_1_144' title='bbox 969 2036 1040 2089; x_wconf 73' lang='grc' dir='ltr'><strong>τὰ</strong></span> <span class='ocrx_word' id='word_1_145' title='bbox 1070 2038 1343 2107; x_wconf 77' lang='grc' dir='ltr'>πτώματα</span> <span class='ocrx_word' id='word_1_146' title='bbox 1372 2040 1483 2091; x_wconf 86' lang='grc' dir='ltr'><strong>τῶν</strong></span> <span class='ocrx_word' id='word_1_147' title='bbox 1517 2039 1834 2109; x_wconf 76' lang='grc' dir='ltr'>ἀναιρεθέν-</span> 
     </span>
    </p>
   </div>
   <div class='ocr_carea' id='block_1_22' title="bbox 250 2121 1831 2198">
    <p class='ocr_par' dir='ltr' id='par_1_22' title="bbox 250 2121 1831 2198">
     <span class='ocr_line' id='line_1_22' title="bbox 250 2121 1831 2198; baseline 0.01 -27"><span class='ocrx_word' id='word_1_148' title='bbox 250 2138 359 2171; x_wconf 82' lang='grc' dir='ltr'><strong>των</strong></span> <span class='ocrx_word' id='word_1_149' title='bbox 402 2121 582 2176; x_wconf 73' lang='grc' dir='ltr'>ἔκειτο</span> <span class='ocrx_word' id='word_1_150' title='bbox 623 2126 930 2197; x_wconf 82' lang='grc' dir='ltr'>σωροειδῶς</span> <span class='ocrx_word' id='word_1_151' title='bbox 984 2126 1331 2198; x_wconf 81' lang='grc' dir='ltr'>Χριστιανῶν</span> <span class='ocrx_word' id='word_1_152' title='bbox 1371 2146 1428 2183; x_wconf 87' lang='grc' dir='ltr'><strong>τε</strong></span> <span class='ocrx_word' id='word_1_153' title='bbox 1475 2132 1570 2184; x_wconf 88' lang='grc' dir='ltr'><strong>καὶ</strong></span> <span class='ocrx_word' id='word_1_154' title='bbox 1595 2132 1831 2187; x_wconf 79' lang='grc' dir='ltr'>ἀσεϐῶν.</span> 
     </span>
    </p>
   </div>
   <div class='ocr_carea' id='block_1_23' title="bbox 254 2204 1831 2291">
    <p class='ocr_par' dir='ltr' id='par_1_23' title="bbox 254 2204 1831 2291">
     <span class='ocr_line' id='line_1_23' title="bbox 254 2204 1831 2291; baseline 0.007 -28"><span class='ocrx_word' id='word_1_155' title='bbox 254 2211 366 2263; x_wconf 83' lang='grc' dir='ltr'>Καὶ</span> <span class='ocrx_word' id='word_1_156' title='bbox 392 2212 659 2278; x_wconf 84' lang='grc' dir='ltr'>πλείστας</span> <span class='ocrx_word' id='word_1_157' title='bbox 702 2216 948 2286; x_wconf 79' lang='grc' dir='ltr'>κεφαλὰς</span> <span class='ocrx_word' id='word_1_158' title='bbox 986 2218 1099 2273; x_wconf 81' lang='grc' dir='ltr'><strong>τῶν</strong></span> <span class='ocrx_word' id='word_1_159' title='bbox 1142 2221 1545 2291; x_wconf 75' lang='grc' dir='ltr'>ἀναιρεθέντων</span> <span class='ocrx_word' id='word_1_160' title='bbox 1572 2204 1831 2284; x_wconf 76' lang='grc' dir='ltr'>ἔπλυναν,</span> 
     </span>
    </p>
   </div>
   <div class='ocr_carea' id='block_1_24' title="bbox 250 2302 1835 2379">
    <p class='ocr_par' dir='ltr' id='par_1_24' title="bbox 250 2302 1835 2379">
     <span class='ocr_line' id='line_1_24' title="bbox 250 2302 1835 2379; baseline 0.009 -27"><span class='ocrx_word' id='word_1_161' title='bbox 250 2303 302 2352; x_wconf 79' lang='grc' dir='ltr'>εἰ</span> <span class='ocrx_word' id='word_1_162' title='bbox 330 2302 468 2371; x_wconf 80' lang='grc' dir='ltr'>τύχῃ</span> <span class='ocrx_word' id='word_1_163' title='bbox 525 2303 621 2355; x_wconf 83' lang='grc' dir='ltr'><strong>καὶ</strong></span> <span class='ocrx_word' id='word_1_164' title='bbox 675 2303 778 2374; x_wconf 80' lang='grc' dir='ltr'>τὴν</span> <span class='ocrx_word' id='word_1_165' title='bbox 833 2303 1120 2377; x_wconf 82' lang='grc' dir='ltr'>βασιλικὴν</span> <span class='ocrx_word' id='word_1_166' title='bbox 1181 2312 1518 2379; x_wconf 87' lang='grc' dir='ltr'>γνωρίσωσι.</span> <span class='ocrx_word' id='word_1_167' title='bbox 1580 2312 1689 2366; x_wconf 82' lang='grc' dir='ltr'>Καὶ</span> <span class='ocrx_word' id='word_1_168' title='bbox 1735 2313 1835 2366; x_wconf 79' lang='grc' dir='ltr'>οὐκ</span> 
     </span>
    </p>
   </div>
   <div class='ocr_carea' id='block_1_25' title="bbox 250 2391 1855 2473">
    <p class='ocr_par' dir='ltr' id='par_1_25' title="bbox 250 2391 1855 2473">
     <span class='ocr_line' id='line_1_25' title="bbox 250 2391 1855 2473; baseline 0.009 -31"><span class='ocrx_word' id='word_1_169' title='bbox 250 2391 593 2463; x_wconf 76' lang='grc' dir='ltr'>ἐδυνήθησαν</span> <span class='ocrx_word' id='word_1_170' title='bbox 623 2398 891 2466; x_wconf 85' lang='grc' dir='ltr'>γνωρίσαι</span> <span class='ocrx_word' id='word_1_171' title='bbox 913 2397 1087 2468; x_wconf 82' lang='grc' dir='ltr'>αὐτὴν</span> <span class='ocrx_word' id='word_1_172' title='bbox 1112 2402 1162 2453; x_wconf 83' lang='grc' dir='ltr'><strong>εί</strong></span> <span class='ocrx_word' id='word_1_173' title='bbox 1194 2403 1268 2473; x_wconf 84' lang='grc' dir='ltr'>μὴ</span> <span class='ocrx_word' id='word_1_174' title='bbox 1298 2402 1360 2455; x_wconf 79' lang='grc' dir='ltr'>τὸ</span> <span class='ocrx_word' id='word_1_175' title='bbox 1384 2403 1600 2465; x_wconf 80' lang='grc' dir='ltr'>τεθνεὺς</span> <span class='ocrx_word' id='word_1_176' title='bbox 1631 2404 1855 2472; x_wconf 64' lang='grc' dir='ltr'>πτῶμα</span> 
     </span>
    </p>
   </div>
   <div class='ocr_carea' id='block_1_26' title="bbox 248 2484 1835 2566">
    <p class='ocr_par' dir='ltr' id='par_1_26' title="bbox 248 2484 1835 2566">
     <span class='ocr_line' id='line_1_26' title="bbox 248 2484 1835 2566; baseline 0.007 -29"><span class='ocrx_word' id='word_1_177' title='bbox 248 2484 347 2538; x_wconf 86' lang='grc' dir='ltr'><strong>τοῦ</strong></span> <span class='ocrx_word' id='word_1_178' title='bbox 379 2485 647 2554; x_wconf 74' lang='grc' dir='ltr'>βασιλέως</span> <span class='ocrx_word' id='word_1_179' title='bbox 702 2490 980 2559; x_wconf 74' lang='grc' dir='ltr'>εὑρόντες,</span> <span class='ocrx_word' id='word_1_180' title='bbox 1016 2492 1045 2545; x_wconf 83' lang='lat'><strong>6</strong></span> <span class='ocrx_word' id='word_1_181' title='bbox 1094 2495 1404 2564; x_wconf 76' lang='grc' dir='ltr'>ἐγνώρισαν</span> <span class='ocrx_word' id='word_1_182' title='bbox 1436 2496 1502 2549; x_wconf 73' lang='grc' dir='ltr'>ὲκ</span> <span class='ocrx_word' id='word_1_183' title='bbox 1542 2497 1651 2550; x_wconf 88' lang='grc' dir='ltr'><strong>τῶν</strong></span> <span class='ocrx_word' id='word_1_184' title='bbox 1680 2496 1835 2566; x_wconf 80' lang='grc' dir='ltr'>βασι-</span> 
     </span>
    </p>
   </div>
   <div class='ocr_carea' id='block_1_27' title="bbox 249 2576 1841 2657">
    <p class='ocr_par' dir='ltr' id='par_1_27' title="bbox 249 2576 1841 2657">
     <span class='ocr_line' id='line_1_27' title="bbox 249 2576 1841 2657; baseline 0.009 -30"><span class='ocrx_word' id='word_1_185' title='bbox 249 2576 423 2630; x_wconf 86' lang='grc' dir='ltr'>λικῶν</span> <span class='ocrx_word' id='word_1_186' title='bbox 475 2581 896 2650; x_wconf 84' lang='grc' dir='ltr'>περικνημίδων</span> <span class='ocrx_word' id='word_1_187' title='bbox 939 2582 974 2653; x_wconf 80' lang='grc' dir='ltr'>ἢ</span> <span class='ocrx_word' id='word_1_188' title='bbox 1011 2582 1108 2636; x_wconf 86' lang='grc' dir='ltr'><strong>καὶ</strong></span> <span class='ocrx_word' id='word_1_189' title='bbox 1170 2584 1427 2651; x_wconf 83' lang='grc' dir='ltr'>πεδίλων,</span> <span class='ocrx_word' id='word_1_190' title='bbox 1461 2585 1593 2642; x_wconf 70' lang='grc' dir='ltr'>ἔνθα</span> <span class='ocrx_word' id='word_1_191' title='bbox 1638 2590 1841 2657; x_wconf 75' lang='grc' dir='ltr'>χρυσοῖ</span> 
     </span>
    </p>
   </div>
   <div class='ocr_carea' id='block_1_28' title="bbox 252 2666 1839 2750">
    <p class='ocr_par' dir='ltr' id='par_1_28' title="bbox 252 2666 1839 2750">
     <span class='ocr_line' id='line_1_28' title="bbox 252 2666 1839 2750; baseline 0.008 -27"><span class='ocrx_word' id='word_1_192' title='bbox 252 2670 407 2725; x_wconf 77' lang='grc' dir='ltr'>ἀετοὶ</span> <span class='ocrx_word' id='word_1_193' title='bbox 428 2666 571 2742; x_wconf 79' lang='grc' dir='ltr'>ἦσαν</span> <span class='ocrx_word' id='word_1_194' title='bbox 596 2676 1006 2746; x_wconf 69' lang='grc' dir='ltr'>γεγραμμένα,</span> <span class='ocrx_word' id='word_1_195' title='bbox 1032 2679 1107 2741; x_wconf 81' lang='grc' dir='ltr'>ὡς</span> <span class='ocrx_word' id='word_1_196' title='bbox 1134 2677 1257 2739; x_wconf 71' lang='grc' dir='ltr'>ἔθος</span> <span class='ocrx_word' id='word_1_197' title='bbox 1282 2678 1500 2749; x_wconf 80' lang='grc' dir='ltr'>ύπῆρχε</span> <span class='ocrx_word' id='word_1_198' title='bbox 1534 2683 1648 2744; x_wconf 82' lang='grc' dir='ltr'>τοῖς</span> <span class='ocrx_word' id='word_1_199' title='bbox 1683 2680 1839 2750; x_wconf 87' lang='grc' dir='ltr'>βασι-</span> 
     </span>
    </p>
   </div>
   <div class='ocr_carea' id='block_1_29' title="bbox 247 2760 1837 2841">
    <p class='ocr_par' dir='ltr' id='par_1_29' title="bbox 247 2760 1837 2841">
     <span class='ocr_line' id='line_1_29' title="bbox 247 2760 1837 2841; baseline 0.008 -28"><span class='ocrx_word' id='word_1_200' title='bbox 247 2760 425 2816; x_wconf 87' lang='grc' dir='ltr'>λεῦσι.</span> <span class='ocrx_word' id='word_1_201' title='bbox 457 2764 569 2817; x_wconf 83' lang='grc' dir='ltr'>Καὶ</span> <span class='ocrx_word' id='word_1_202' title='bbox 601 2764 787 2832; x_wconf 84' lang='grc' dir='ltr'>μαθὼν</span> <span class='ocrx_word' id='word_1_203' title='bbox 811 2768 839 2819; x_wconf 98' lang='lat'><strong>6</strong></span> <span class='ocrx_word' id='word_1_204' title='bbox 876 2767 1105 2837; x_wconf 76' lang='grc' dir='ltr'>ἀμηρᾶς</span> <span class='ocrx_word' id='word_1_205' title='bbox 1139 2770 1457 2839; x_wconf 79' lang='grc' dir='ltr'>περιχαρὴς</span> <span class='ocrx_word' id='word_1_206' title='bbox 1485 2772 1580 2823; x_wconf 83' lang='grc' dir='ltr'><strong>καὶ</strong></span> <span class='ocrx_word' id='word_1_207' title='bbox 1606 2771 1837 2841; x_wconf 81' lang='grc' dir='ltr'>εὐφραι-</span> 
     </span>
    </p>
   </div>
   <div class='ocr_carea' id='block_1_30' title="bbox 251 2855 1837 2934">
    <p class='ocr_par' dir='ltr' id='par_1_30' title="bbox 251 2855 1837 2934">
     <span class='ocr_line' id='line_1_30' title="bbox 251 2855 1837 2934; baseline 0.008 -29"><span class='ocrx_word' id='word_1_208' title='bbox 251 2855 482 2924; x_wconf 86' lang='grc' dir='ltr'>νόμενος</span> <span class='ocrx_word' id='word_1_209' title='bbox 516 2855 732 2925; x_wconf 78' lang='grc' dir='ltr'>ὑπῆρχε</span> <span class='ocrx_word' id='word_1_210' title='bbox 757 2871 771 2885; x_wconf 81' lang='grc'><em>’</em></span> <span class='ocrx_word' id='word_1_211' title='bbox 810 2860 907 2912; x_wconf 86' lang='grc' dir='ltr'><strong>καὶ</strong></span> <span class='ocrx_word' id='word_1_212' title='bbox 936 2858 1237 2929; x_wconf 80' lang='grc' dir='ltr'>προστάξει</span> <span class='ocrx_word' id='word_1_213' title='bbox 1285 2861 1452 2916; x_wconf 81' lang='grc' dir='ltr'>αὑτοῦ</span> <span class='ocrx_word' id='word_1_214' title='bbox 1489 2865 1540 2916; x_wconf 85' lang='grc' dir='ltr'><strong>οί</strong></span> <span class='ocrx_word' id='word_1_215' title='bbox 1577 2863 1837 2934; x_wconf 79' lang='grc' dir='ltr'>εὑρεθένο</span> 
     </span>
    </p>
   </div>
   <div class='ocr_carea' id='block_1_31' title="bbox 250 2948 1841 3027">
    <p class='ocr_par' dir='ltr' id='par_1_31' title="bbox 250 2948 1841 3027">
     <span class='ocr_line' id='line_1_31' title="bbox 250 2948 1841 3027; baseline 0.006 -28"><span class='ocrx_word' id='word_1_216' title='bbox 250 2964 346 3009; x_wconf 86' lang='grc' dir='ltr'><strong>τες</strong></span> <span class='ocrx_word' id='word_1_217' title='bbox 381 2948 706 3015; x_wconf 79' lang='grc' dir='ltr'>Χριστιανοὶ</span> <span class='ocrx_word' id='word_1_218' title='bbox 748 2950 959 3018; x_wconf 76' lang='grc' dir='ltr'>ιθαψαν</span> <span class='ocrx_word' id='word_1_219' title='bbox 1016 2952 1083 3006; x_wconf 78' lang='grc' dir='ltr'>τὸ</span> <span class='ocrx_word' id='word_1_220' title='bbox 1124 2953 1404 3024; x_wconf 80' lang='grc' dir='ltr'>βασιλικὸν</span> <span class='ocrx_word' id='word_1_221' title='bbox 1457 2957 1657 3025; x_wconf 87' lang='grc' dir='ltr'>πτῶμα</span> <span class='ocrx_word' id='word_1_222' title='bbox 1696 2956 1841 3027; x_wconf 72' lang='grc' dir='ltr'>μετὰ</span> 
     </span>
    </p>
   </div>
   <div class='ocr_carea' id='block_1_32' title="bbox 258 3040 1839 3117">
    <p class='ocr_par' dir='ltr' id='par_1_32' title="bbox 258 3040 1839 3117">
     <span class='ocr_line' id='line_1_32' title="bbox 258 3040 1839 3117; baseline 0.007 -26"><span class='ocrx_word' id='word_1_223' title='bbox 258 3040 556 3108; x_wconf 78' lang='grc' dir='ltr'>βασιλικῆς</span> <span class='ocrx_word' id='word_1_224' title='bbox 599 3042 786 3112; x_wconf 83' lang='grc' dir='ltr'>τιμῆς.</span> <span class='ocrx_word' id='word_1_225' title='bbox 822 3044 959 3097; x_wconf 75' lang='grc' dir='ltr'>οὐαὶ</span> <span class='ocrx_word' id='word_1_226' title='bbox 1000 3046 1124 3100; x_wconf 75' lang='grc' dir='ltr'>οὐαὶ</span> <span class='ocrx_word' id='word_1_227' title='bbox 1157 3047 1329 3115; x_wconf 81' lang='grc' dir='ltr'>κάμοὶ</span> <span class='ocrx_word' id='word_1_228' title='bbox 1360 3048 1461 3117; x_wconf 87' lang='grc' dir='ltr'>τῆς</span> <span class='ocrx_word' id='word_1_229' title='bbox 1489 3050 1747 3117; x_wconf 85' lang='grc' dir='ltr'>προνοίας</span> <span class='ocrx_word' id='word_1_230' title='bbox 1777 3050 1839 3101; x_wconf 82' lang='grc' dir='ltr'>ὲν</span> 
     </span>
    </p>
   </div>
   <div class='ocr_carea' id='block_1_33' title="bbox 255 3131 1841 3210">
    <p class='ocr_par' dir='ltr' id='par_1_33' title="bbox 255 3131 1841 3210">
     <span class='ocr_line' id='line_1_33' title="bbox 255 3131 1841 3210; baseline 0.006 -27"><span class='ocrx_word' id='word_1_231' title='bbox 255 3131 365 3183; x_wconf 84' lang='grc' dir='ltr'>τίνι</span> <span class='ocrx_word' id='word_1_232' title='bbox 400 3133 579 3204; x_wconf 87' lang='grc' dir='ltr'>καιρῷ</span> <span class='ocrx_word' id='word_1_233' title='bbox 609 3150 678 3203; x_wconf 82' lang='grc' dir='ltr'><strong>με</strong></span> <span class='ocrx_word' id='word_1_234' title='bbox 706 3135 1111 3206; x_wconf 82' lang='grc' dir='ltr'>φυλαττούσηςί</span> <span class='ocrx_word' id='word_1_235' title='bbox 1141 3132 1251 3192; x_wconf 81' lang='grc' dir='ltr'>Ἦν</span> <span class='ocrx_word' id='word_1_236' title='bbox 1278 3140 1336 3193; x_wconf 66' lang='grc' dir='ltr'>δὲ</span> <span class='ocrx_word' id='word_1_237' title='bbox 1364 3141 1565 3210; x_wconf 77' lang='grc' dir='ltr'>πᾶσαή</span> <span class='ocrx_word' id='word_1_238' title='bbox 1596 3141 1711 3209; x_wconf 76' lang='grc' dir='ltr'>ζωὴ</span> <span class='ocrx_word' id='word_1_239' title='bbox 1741 3140 1841 3193; x_wconf 83' lang='grc' dir='ltr'><strong>τοῦ</strong></span> 
     </span>
    </p>
   </div>
   <div class='ocr_carea' id='block_1_34' title="bbox 1934 641 2689 712">
    <p class='ocr_par' dir='ltr' id='par_1_34' title="bbox 1934 641 2689 712">
     <span class='ocr_line' id='line_1_34' title="bbox 1934 641 2689 712; baseline -0.004 -17"><span class='ocrx_word' id='word_1_240' title='bbox 1934 646 2084 712; x_wconf 78' lang='grc' dir='ltr'>τρεῖς</span> <span class='ocrx_word' id='word_1_241' title='bbox 2121 646 2217 695; x_wconf 86' lang='grc' dir='ltr'><strong>καὶ</strong></span> <span class='ocrx_word' id='word_1_242' title='bbox 2248 644 2460 712; x_wconf 74' lang='grc' dir='ltr'>ἡμέραι</span> <span class='ocrx_word' id='word_1_243' title='bbox 2491 641 2689 696; x_wconf 76' lang='grc' dir='ltr'>εἴκοσι.</span> 
     </span>
    </p>
   </div>
   <div class='ocr_carea' id='block_1_35' title="bbox 2014 731 3511 807">
    <p class='ocr_par' dir='ltr' id='par_1_35' title="bbox 2014 731 3511 807">
     <span class='ocr_line' id='line_1_35' title="bbox 2014 731 3511 807; baseline -0.002 -21"><span class='ocrx_word' id='word_1_244' title='bbox 2014 734 2076 786; x_wconf 83' lang='lat' dir='ltr'><strong>&#39;t)</strong></span> <span class='ocrx_word' id='word_1_245' title='bbox 2105 733 2162 786; x_wconf 84' lang='grc' dir='ltr'>δὲ</span> <span class='ocrx_word' id='word_1_246' title='bbox 2198 733 2430 803; x_wconf 72' lang='grc' dir='ltr'>ἀμηρᾶς</span> <span class='ocrx_word' id='word_1_247' title='bbox 2476 733 2543 805; x_wconf 76' lang='grc' dir='ltr'>τῇ</span> <span class='ocrx_word' id='word_1_248' title='bbox 2586 733 2712 807; x_wconf 77' lang='grc' dir='ltr'>νίκῃ</span> <span class='ocrx_word' id='word_1_249' title='bbox 2755 735 2819 805; x_wconf 80' lang='grc' dir='ltr'>τῇ</span> <span class='ocrx_word' id='word_1_250' title='bbox 2859 733 3074 804; x_wconf 79' lang='grc' dir='ltr'>μεγάλῃ</span> <span class='ocrx_word' id='word_1_251' title='bbox 3125 731 3387 802; x_wconf 79' lang='grc' dir='ltr'>ἐπαρθεὶς</span> <span class='ocrx_word' id='word_1_252' title='bbox 3418 732 3511 785; x_wconf 75' lang='grc' dir='ltr'><strong>καὶ</strong></span> 
     </span>
    </p>
   </div>
   <div class='ocr_carea' id='block_1_36' title="bbox 1936 824 3512 896">
    <p class='ocr_par' dir='ltr' id='par_1_36' title="bbox 1936 824 3512 896">
     <span class='ocr_line' id='line_1_36' title="bbox 1936 824 3512 896; baseline -0.001 -20"><span class='ocrx_word' id='word_1_253' title='bbox 1936 824 2196 895; x_wconf 81' lang='grc' dir='ltr'>πλείστης</span> <span class='ocrx_word' id='word_1_254' title='bbox 2227 826 2535 892; x_wconf 79' lang='grc' dir='ltr'>κενοδοξίας</span> <span class='ocrx_word' id='word_1_255' title='bbox 2562 826 2830 896; x_wconf 78' lang='grc' dir='ltr'>πλησθεὶς</span> <span class='ocrx_word' id='word_1_256' title='bbox 2862 826 3011 895; x_wconf 69' lang='grc' dir='ltr'>ὠμὸς</span> <span class='ocrx_word' id='word_1_257' title='bbox 3058 826 3153 878; x_wconf 83' lang='grc' dir='ltr'><strong>καὶ</strong></span> <span class='ocrx_word' id='word_1_258' title='bbox 3190 825 3512 894; x_wconf 84' lang='grc' dir='ltr'>ἀνελεήμων</span> 
     </span>
    </p>
   </div>
   <div class='ocr_carea' id='block_1_37' title="bbox 1935 916 3515 988">
    <p class='ocr_par' dir='ltr' id='par_1_37' title="bbox 1935 916 3515 988">
     <span class='ocr_line' id='line_1_37' title="bbox 1935 916 3515 988; baseline -0.001 -20"><span class='ocrx_word' id='word_1_259' title='bbox 1935 916 2133 987; x_wconf 67' lang='grc' dir='ltr'>ἐφάνη.</span> <span class='ocrx_word' id='word_1_260' title='bbox 2168 918 2490 988; x_wconf 80' lang='grc' dir='ltr'>Προσελθὼν</span> <span class='ocrx_word' id='word_1_261' title='bbox 2538 918 2597 972; x_wconf 74' lang='grc' dir='ltr'>δὲ</span> <span class='ocrx_word' id='word_1_262' title='bbox 2640 917 2792 986; x_wconf 78' lang='grc' dir='ltr'>αὐτῷ</span> <span class='ocrx_word' id='word_1_263' title='bbox 2842 919 2871 972; x_wconf 89' lang='lat'><strong>6</strong></span> <span class='ocrx_word' id='word_1_264' title='bbox 2925 918 3098 986; x_wconf 78' lang='grc' dir='ltr'>μέγας</span> <span class='ocrx_word' id='word_1_265' title='bbox 3147 916 3277 982; x_wconf 74' lang='grc' dir='ltr'>δοὺξ</span> <span class='ocrx_word' id='word_1_266' title='bbox 3321 918 3350 969; x_wconf 90' lang='lat'><strong>6</strong></span> <span class='ocrx_word' id='word_1_267' title='bbox 3404 918 3515 981; x_wconf 74' lang='grc' dir='ltr'>κὺρ</span> 
     </span>
    </p>
   </div>
   <div class='ocr_carea' id='block_1_38' title="bbox 1935 1010 3513 1081">
    <p class='ocr_par' dir='ltr' id='par_1_38' title="bbox 1935 1010 3513 1081">
     <span class='ocr_line' id='line_1_38' title="bbox 1935 1010 3513 1081; baseline -0.003 -16"><span class='ocrx_word' id='word_1_268' title='bbox 1935 1012 2155 1074; x_wconf 78' lang='grc' dir='ltr'>Λουκᾶς</span> <span class='ocrx_word' id='word_1_269' title='bbox 2190 1012 2221 1065; x_wconf 91' lang='lat'><strong>6</strong></span> <span class='ocrx_word' id='word_1_270' title='bbox 2253 1012 2505 1081; x_wconf 80' lang='grc' dir='ltr'>Νοταρᾶς</span> <span class='ocrx_word' id='word_1_271' title='bbox 2538 1012 2953 1080; x_wconf 81' lang='grc' dir='ltr'>προσεκύνησεν</span> <span class='ocrx_word' id='word_1_272' title='bbox 2980 1012 3169 1074; x_wconf 79' lang='grc' dir='ltr'>αὑτὸν,</span> <span class='ocrx_word' id='word_1_273' title='bbox 3201 1011 3297 1063; x_wconf 82' lang='grc' dir='ltr'><strong>καὶ</strong></span> <span class='ocrx_word' id='word_1_274' title='bbox 3329 1010 3513 1074; x_wconf 79' lang='grc' dir='ltr'>δείξας</span> 
     </span>
    </p>
   </div>
   <div class='ocr_carea' id='block_1_39' title="bbox 1936 1102 3515 1174">
    <p class='ocr_par' dir='ltr' id='par_1_39' title="bbox 1936 1102 3515 1174">
     <span class='ocr_line' id='line_1_39' title="bbox 1936 1102 3515 1174; baseline 0 -18"><span class='ocrx_word' id='word_1_275' title='bbox 1936 1104 2088 1174; x_wconf 84' lang='grc' dir='ltr'><strong>αὑτῷ</strong></span> <span class='ocrx_word' id='word_1_276' title='bbox 2137 1104 2415 1174; x_wconf 74' lang='grc' dir='ltr'>θησαυρδν</span> <span class='ocrx_word' id='word_1_277' title='bbox 2472 1105 2642 1159; x_wconf 86' lang='grc' dir='ltr'>πολὺν</span> <span class='ocrx_word' id='word_1_278' title='bbox 2687 1104 2748 1158; x_wconf 80' lang='grc' dir='ltr'><strong>δν</strong></span> <span class='ocrx_word' id='word_1_279' title='bbox 2799 1102 2912 1174; x_wconf 80' lang='grc' dir='ltr'>εἶχε</span> <span class='ocrx_word' id='word_1_280' title='bbox 2980 1105 3384 1174; x_wconf 76' lang='grc' dir='ltr'>κεκρυμμένον,</span> <span class='ocrx_word' id='word_1_281' title='bbox 3420 1105 3515 1156; x_wconf 83' lang='grc' dir='ltr'><strong>καὶ</strong></span> 
     </span>
    </p>
   </div>
   <div class='ocr_carea' id='block_1_40' title="bbox 1935 1193 3514 1268">
    <p class='ocr_par' dir='ltr' id='par_1_40' title="bbox 1935 1193 3514 1268">
     <span class='ocr_line' id='line_1_40' title="bbox 1935 1193 3514 1268; baseline 0.001 -23"><span class='ocrx_word' id='word_1_282' title='bbox 1935 1195 2119 1258; x_wconf 86' lang='grc' dir='ltr'>λίθους</span> <span class='ocrx_word' id='word_1_283' title='bbox 2149 1196 2242 1249; x_wconf 87' lang='grc' dir='ltr'><strong>καὶ</strong></span> <span class='ocrx_word' id='word_1_284' title='bbox 2273 1196 2598 1267; x_wconf 79' lang='grc' dir='ltr'>μαργὰρους</span> <span class='ocrx_word' id='word_1_285' title='bbox 2627 1197 2723 1250; x_wconf 88' lang='grc' dir='ltr'><strong>καὶ</strong></span> <span class='ocrx_word' id='word_1_286' title='bbox 2759 1198 2924 1268; x_wconf 73' lang='grc' dir='ltr'>ἕτερα</span> <span class='ocrx_word' id='word_1_287' title='bbox 2957 1196 3176 1266; x_wconf 73' lang='grc' dir='ltr'>λάφυρα</span> <span class='ocrx_word' id='word_1_288' title='bbox 3207 1195 3332 1260; x_wconf 58' lang='grc' dir='ltr'>ἄξιαι</span> <span class='ocrx_word' id='word_1_289' title='bbox 3360 1193 3514 1264; x_wconf 86' lang='grc' dir='ltr'>βασι-</span> 
     </span>
    </p>
   </div>
   <div class='ocr_carea' id='block_1_41' title="bbox 1935 1282 3511 1357">
    <p class='ocr_par' dir='ltr' id='par_1_41' title="bbox 1935 1282 3511 1357">
     <span class='ocr_line' id='line_1_41' title="bbox 1935 1282 3511 1357; baseline -0.001 -21"><span class='ocrx_word' id='word_1_290' title='bbox 1935 1286 2139 1347; x_wconf 85' lang='grc' dir='ltr'>λεῦσιν,</span> <span class='ocrx_word' id='word_1_291' title='bbox 2180 1284 2216 1339; x_wconf 77' lang='lat' dir='ltr'><strong>a</strong></span> <span class='ocrx_word' id='word_1_292' title='bbox 2248 1286 2372 1338; x_wconf 85' lang='grc' dir='ltr'>ίδὼν</span> <span class='ocrx_word' id='word_1_293' title='bbox 2409 1288 2437 1338; x_wconf 89' lang='lat'><strong>6</strong></span> <span class='ocrx_word' id='word_1_294' title='bbox 2465 1285 2718 1357; x_wconf 80' lang='grc' dir='ltr'>Ἀμηρᾶς</span> <span class='ocrx_word' id='word_1_295' title='bbox 2748 1287 2844 1339; x_wconf 89' lang='grc' dir='ltr'><strong>καὶ</strong></span> <span class='ocrx_word' id='word_1_296' title='bbox 2881 1291 3033 1339; x_wconf 80' lang='grc' dir='ltr'>πᾶσα</span> <span class='ocrx_word' id='word_1_297' title='bbox 3064 1288 3095 1354; x_wconf 84' lang='grc' dir='ltr'><strong>ἡ</strong></span> <span class='ocrx_word' id='word_1_298' title='bbox 3128 1284 3292 1354; x_wconf 83' lang='grc' dir='ltr'>βουλὴ</span> <span class='ocrx_word' id='word_1_299' title='bbox 3342 1282 3511 1336; x_wconf 85' lang='grc' dir='ltr'>αὐτοῦ</span> 
     </span>
    </p>
   </div>
   <div class='ocr_carea' id='block_1_42' title="bbox 1936 1372 3515 1446">
    <p class='ocr_par' dir='ltr' id='par_1_42' title="bbox 1936 1372 3515 1446">
     <span class='ocr_line' id='line_1_42' title="bbox 1936 1372 3515 1446; baseline -0.004 -17"><span class='ocrx_word' id='word_1_300' title='bbox 1936 1376 2274 1445; x_wconf 72' lang='grc' dir='ltr'>ἐθαύμασαν.</span> <span class='ocrx_word' id='word_1_301' title='bbox 2309 1376 2367 1428; x_wconf 87' lang='lat'><strong>&#39;0</strong></span> <span class='ocrx_word' id='word_1_302' title='bbox 2396 1377 2452 1429; x_wconf 78' lang='grc' dir='ltr'>δὲ</span> <span class='ocrx_word' id='word_1_303' title='bbox 2481 1377 2731 1443; x_wconf 83' lang='grc' dir='ltr'>Νοταρᾶς</span> <span class='ocrx_word' id='word_1_304' title='bbox 2752 1372 2884 1432; x_wconf 71' lang='grc' dir='ltr'>εἷπε</span> <span class='ocrx_word' id='word_1_305' title='bbox 2911 1377 2988 1443; x_wconf 83' lang='grc' dir='ltr'>τῷ</span> <span class='ocrx_word' id='word_1_306' title='bbox 3010 1376 3203 1446; x_wconf 82' lang='grc' dir='ltr'>ἀμηρᾷ</span> <span class='ocrx_word' id='word_1_307' title='bbox 3229 1392 3243 1406; x_wconf 80' lang='grc' dir='ltr'><strong>ο</strong></span> <span class='ocrx_word' id='word_1_308' title='bbox 3275 1392 3295 1426; x_wconf 80' lang='grc' dir='ltr'><strong>ι</strong></span> <span class='ocrx_word' id='word_1_309' title='bbox 3325 1372 3515 1426; x_wconf 79' lang='grc' dir='ltr'>Ταῦτα</span> 
     </span>
    </p>
   </div>
   <div class='ocr_carea' id='block_1_43' title="bbox 1938 1464 3511 1537">
    <p class='ocr_par' dir='ltr' id='par_1_43' title="bbox 1938 1464 3511 1537">
     <span class='ocr_line' id='line_1_43' title="bbox 1938 1464 3511 1537; baseline -0.004 -16"><span class='ocrx_word' id='word_1_310' title='bbox 1938 1467 2115 1521; x_wconf 83' lang='grc' dir='ltr'>πάντα</span> <span class='ocrx_word' id='word_1_311' title='bbox 2148 1467 2451 1535; x_wconf 71' lang='grc' dir='ltr'>ἐφύλαττον</span> <span class='ocrx_word' id='word_1_312' title='bbox 2498 1468 2586 1522; x_wconf 86' lang='grc' dir='ltr'><strong>διὰ</strong></span> <span class='ocrx_word' id='word_1_313' title='bbox 2636 1470 2737 1537; x_wconf 81' lang='grc' dir='ltr'>τὴν</span> <span class='ocrx_word' id='word_1_314' title='bbox 2779 1467 3061 1536; x_wconf 79' lang='grc' dir='ltr'>βασιλείαν</span> <span class='ocrx_word' id='word_1_315' title='bbox 3115 1483 3232 1531; x_wconf 90' lang='grc' dir='ltr'>σου,</span> <span class='ocrx_word' id='word_1_316' title='bbox 3272 1466 3365 1518; x_wconf 88' lang='grc' dir='ltr'><strong>καὶ</strong></span> <span class='ocrx_word' id='word_1_317' title='bbox 3400 1464 3511 1516; x_wconf 74' lang='grc' dir='ltr'>ίδοῦ</span> 
     </span>
    </p>
   </div>
   <div class='ocr_carea' id='block_1_44' title="bbox 1937 1555 3513 1632">
    <p class='ocr_par' dir='ltr' id='par_1_44' title="bbox 1937 1555 3513 1632">
     <span class='ocr_line' id='line_1_44' title="bbox 1937 1555 3513 1632; baseline -0.005 -18"><span class='ocrx_word' id='word_1_318' title='bbox 1937 1562 2005 1614; x_wconf 86' lang='grc' dir='ltr'>τὰ</span> <span class='ocrx_word' id='word_1_319' title='bbox 2035 1560 2132 1614; x_wconf 91' lang='grc' dir='ltr'><strong>νῦν</strong></span> <span class='ocrx_word' id='word_1_320' title='bbox 2159 1560 2464 1632; x_wconf 76' lang='grc' dir='ltr'>χαρίζομαι</span> <span class='ocrx_word' id='word_1_321' title='bbox 2494 1577 2578 1613; x_wconf 92' lang='grc' dir='ltr'><strong>σοι</strong></span> <span class='ocrx_word' id='word_1_322' title='bbox 2607 1559 2783 1631; x_wconf 88' lang='grc' dir='ltr'>δῶρον</span> <span class='ocrx_word' id='word_1_323' title='bbox 2807 1577 2822 1592; x_wconf 87' lang='grc'>·</span> <span class='ocrx_word' id='word_1_324' title='bbox 2862 1561 2960 1614; x_wconf 91' lang='grc' dir='ltr'><strong>καὶ</strong></span> <span class='ocrx_word' id='word_1_325' title='bbox 2987 1559 3203 1626; x_wconf 82' lang='grc' dir='ltr'>δέομαι.</span> <span class='ocrx_word' id='word_1_326' title='bbox 3239 1558 3389 1621; x_wconf 80' lang='grc' dir='ltr'>δέξαι</span> <span class='ocrx_word' id='word_1_327' title='bbox 3416 1555 3513 1608; x_wconf 86' lang='grc' dir='ltr'><strong>τοῦ</strong></span> 
     </span>
    </p>
   </div>
   <div class='ocr_carea' id='block_1_45' title="bbox 1937 1648 3518 1722">
    <p class='ocr_par' dir='ltr' id='par_1_45' title="bbox 1937 1648 3518 1722">
     <span class='ocr_line' id='line_1_45' title="bbox 1937 1648 3518 1722; baseline -0.005 -16"><span class='ocrx_word' id='word_1_328' title='bbox 1937 1653 2125 1706; x_wconf 86' lang='grc' dir='ltr'>δούλου</span> <span class='ocrx_word' id='word_1_329' title='bbox 2178 1669 2277 1705; x_wconf 80' lang='grc' dir='ltr'><strong>σου</strong></span> <span class='ocrx_word' id='word_1_330' title='bbox 2321 1653 2423 1722; x_wconf 75' lang='grc' dir='ltr'><strong>τὴν</strong></span> <span class='ocrx_word' id='word_1_331' title='bbox 2455 1652 2641 1722; x_wconf 80' lang='grc' dir='ltr'>δέησιν</span> <span class='ocrx_word' id='word_1_332' title='bbox 2682 1653 2777 1705; x_wconf 83' lang='grc' dir='ltr'><strong>καὶ</strong></span> <span class='ocrx_word' id='word_1_333' title='bbox 2804 1650 3204 1722; x_wconf 84' lang='grc' dir='ltr'>παρακάλεσιν.</span> <span class='ocrx_word' id='word_1_334' title='bbox 3246 1668 3264 1700; x_wconf 77' lang='grc' dir='ltr'><strong>ι</strong></span> <span class='ocrx_word' id='word_1_335' title='bbox 3312 1648 3518 1699; x_wconf 50' lang='grc' dir='ltr'>Ἥλπι,</span> 
     </span>
    </p>
   </div>
   <div class='ocr_carea' id='block_1_46' title="bbox 1938 1739 3517 1816">
    <p class='ocr_par' dir='ltr' id='par_1_46' title="bbox 1938 1739 3517 1816">
     <span class='ocr_line' id='line_1_46' title="bbox 1938 1739 3517 1816; baseline -0.001 -16"><span class='ocrx_word' id='word_1_336' title='bbox 1938 1749 2031 1813; x_wconf 76' lang='grc' dir='ltr'>ξεν</span> <span class='ocrx_word' id='word_1_337' title='bbox 2079 1747 2175 1801; x_wconf 63' lang='grc' dir='ltr'>οὖν</span> <span class='ocrx_word' id='word_1_338' title='bbox 2227 1739 2384 1811; x_wconf 72' lang='grc' dir='ltr'>οὗτος</span> <span class='ocrx_word' id='word_1_339' title='bbox 2435 1747 2506 1801; x_wconf 87' lang='grc' dir='ltr'><strong>δι’</strong></span> <span class='ocrx_word' id='word_1_340' title='bbox 2554 1748 2736 1801; x_wconf 85' lang='grc' dir='ltr'>αὐτῶν</span> <span class='ocrx_word' id='word_1_341' title='bbox 2789 1746 3107 1816; x_wconf 71' lang='grc' dir='ltr'>ἐλευθερίαν</span> <span class='ocrx_word' id='word_1_342' title='bbox 3150 1745 3313 1815; x_wconf 85' lang='grc' dir='ltr'>τύχαι</span> <span class='ocrx_word' id='word_1_343' title='bbox 3356 1740 3517 1811; x_wconf 73' lang='lat'><strong>292</strong></span> 
     </span>
    </p>
   </div>
   <div class='ocr_carea' id='block_1_47' title="bbox 1942 1836 3522 1910">
    <p class='ocr_par' dir='ltr' id='par_1_47' title="bbox 1942 1836 3522 1910">
     <span class='ocr_line' id='line_1_47' title="bbox 1942 1836 3522 1910; baseline -0.005 -15"><span class='ocrx_word' id='word_1_344' title='bbox 1942 1841 2082 1910; x_wconf 79' lang='grc' dir='ltr'>μετὰ</span> <span class='ocrx_word' id='word_1_345' title='bbox 2112 1842 2209 1895; x_wconf 90' lang='grc' dir='ltr'><strong>τοῦ</strong></span> <span class='ocrx_word' id='word_1_346' title='bbox 2236 1842 2389 1899; x_wconf 82' lang='grc' dir='ltr'>οῑκου</span> <span class='ocrx_word' id='word_1_347' title='bbox 2419 1839 2619 1894; x_wconf 77' lang='grc' dir='ltr'>αὐτοῦ’</span> <span class='ocrx_word' id='word_1_348' title='bbox 2651 1840 3019 1907; x_wconf 85' lang='grc' dir='ltr'>ἀπελογίσατο</span> <span class='ocrx_word' id='word_1_349' title='bbox 3049 1840 3103 1892; x_wconf 81' lang='grc' dir='ltr'>δὲ</span> <span class='ocrx_word' id='word_1_350' title='bbox 3148 1836 3299 1905; x_wconf 85' lang='grc' dir='ltr'><strong>αὐτῷ</strong></span> <span class='ocrx_word' id='word_1_351' title='bbox 3347 1838 3375 1887; x_wconf 86' lang='lat'><strong>6</strong></span> <span class='ocrx_word' id='word_1_352' title='bbox 3417 1851 3522 1902; x_wconf 70' lang='lat' dir='ltr'><strong>p.11-</strong></span> 
     </span>
    </p>
   </div>
   <div class='ocr_carea' id='block_1_48' title="bbox 1937 1925 3523 2000">
    <p class='ocr_par' dir='ltr' id='par_1_48' title="bbox 1937 1925 3523 2000">
     <span class='ocr_line' id='line_1_48' title="bbox 1937 1925 3523 2000; baseline -0.004 -16"><span class='ocrx_word' id='word_1_353' title='bbox 1937 1931 2037 2000; x_wconf 79' lang='grc' dir='ltr'>ρᾶς</span> <span class='ocrx_word' id='word_1_354' title='bbox 2068 1932 2159 1984; x_wconf 84' lang='grc' dir='ltr'><strong>καὶ</strong></span> <span class='ocrx_word' id='word_1_355' title='bbox 2207 1926 2363 1984; x_wconf 75' lang='grc' dir='ltr'>εἶπεν</span> <span class='ocrx_word' id='word_1_356' title='bbox 2388 1947 2404 1963; x_wconf 88' lang='grc'><strong>·</strong></span> <span class='ocrx_word' id='word_1_357' title='bbox 2441 1946 2463 1981; x_wconf 83' lang='grc' dir='ltr'><strong>ι</strong></span> <span class='ocrx_word' id='word_1_358' title='bbox 2494 1925 2566 1982; x_wconf 80' lang='grc' dir='ltr'><strong><em>Ὦ</em></strong></span> <span class='ocrx_word' id='word_1_359' title='bbox 2594 1930 2850 1998; x_wconf 84' lang='grc' dir='ltr'>ὴμικύων</span> <span class='ocrx_word' id='word_1_360' title='bbox 2882 1930 2977 1983; x_wconf 83' lang='grc' dir='ltr'><strong>καὶ</strong></span> <span class='ocrx_word' id='word_1_361' title='bbox 3005 1928 3345 1996; x_wconf 77' lang='grc' dir='ltr'>ἀπάνθρωπε</span> <span class='ocrx_word' id='word_1_362' title='bbox 3377 1926 3523 1993; x_wconf 80' lang='grc' dir='ltr'>ἀμη-</span> 
     </span>
    </p>
   </div>
   <div class='ocr_carea' id='block_1_49' title="bbox 1936 2013 3525 2094">
    <p class='ocr_par' dir='ltr' id='par_1_49' title="bbox 1936 2013 3525 2094">
     <span class='ocr_line' id='line_1_49' title="bbox 1936 2013 3525 2094; baseline -0.004 -20"><span class='ocrx_word' id='word_1_363' title='bbox 1936 2024 2251 2094; x_wconf 79' lang='grc' dir='ltr'>χανορῤἀφε</span> <span class='ocrx_word' id='word_1_364' title='bbox 2294 2022 2389 2074; x_wconf 82' lang='grc' dir='ltr'><strong>καὶ</strong></span> <span class='ocrx_word' id='word_1_365' title='bbox 2438 2021 2775 2091; x_wconf 82' lang='grc' dir='ltr'>πολύτροπε,</span> <span class='ocrx_word' id='word_1_366' title='bbox 2804 2021 3062 2074; x_wconf 89' lang='grc' dir='ltr'>τοσοῦτον</span> <span class='ocrx_word' id='word_1_367' title='bbox 3096 2018 3330 2071; x_wconf 87' lang='grc' dir='ltr'>πλοῦτον</span> <span class='ocrx_word' id='word_1_368' title='bbox 3372 2013 3525 2085; x_wconf 82' lang='grc' dir='ltr'>εἶχες</span> 
     </span>
    </p>
   </div>
   <div class='ocr_carea' id='block_1_50' title="bbox 1938 2109 3522 2184">
    <p class='ocr_par' dir='ltr' id='par_1_50' title="bbox 1938 2109 3522 2184">
     <span class='ocr_line' id='line_1_50' title="bbox 1938 2109 3522 2184; baseline -0.004 -19"><span class='ocrx_word' id='word_1_369' title='bbox 1938 2115 2037 2183; x_wconf 83' lang='grc' dir='ltr'><strong>καὶ</strong></span> <span class='ocrx_word' id='word_1_370' title='bbox 2053 2114 2155 2167; x_wconf 79' lang='grc' dir='ltr'>οὐκ</span> <span class='ocrx_word' id='word_1_371' title='bbox 2182 2112 2490 2184; x_wconf 72' lang='grc' dir='ltr'>ἐϐοήθησας</span> <span class='ocrx_word' id='word_1_372' title='bbox 2528 2112 2607 2184; x_wconf 89' lang='grc' dir='ltr'>τῷ</span> <span class='ocrx_word' id='word_1_373' title='bbox 2641 2113 2857 2183; x_wconf 84' lang='grc' dir='ltr'>βασιλεῖ</span> <span class='ocrx_word' id='word_1_374' title='bbox 2898 2111 2976 2181; x_wconf 81' lang='grc' dir='ltr'>τῷ</span> <span class='ocrx_word' id='word_1_375' title='bbox 3015 2112 3253 2182; x_wconf 80' lang='grc' dir='ltr'>αὐθέντῃ</span> <span class='ocrx_word' id='word_1_376' title='bbox 3297 2125 3392 2161; x_wconf 83' lang='grc' dir='ltr'><strong>σου</strong></span> <span class='ocrx_word' id='word_1_377' title='bbox 3425 2109 3522 2160; x_wconf 82' lang='grc' dir='ltr'><strong>καὶ</strong></span> 
     </span>
    </p>
   </div>
   <div class='ocr_carea' id='block_1_51' title="bbox 1936 2204 3521 2278">
    <p class='ocr_par' dir='ltr' id='par_1_51' title="bbox 1936 2204 3521 2278">
     <span class='ocr_line' id='line_1_51' title="bbox 1936 2204 3521 2278; baseline -0.006 -17"><span class='ocrx_word' id='word_1_378' title='bbox 1936 2208 2003 2278; x_wconf 80' lang='grc' dir='ltr'><strong>τῇ</strong></span> <span class='ocrx_word' id='word_1_379' title='bbox 2043 2208 2194 2261; x_wconf 78' lang='grc' dir='ltr'>πόλει</span> <span class='ocrx_word' id='word_1_380' title='bbox 2238 2209 2307 2277; x_wconf 80' lang='grc' dir='ltr'>τῇ</span> <span class='ocrx_word' id='word_1_381' title='bbox 2357 2206 2581 2276; x_wconf 85' lang='grc' dir='ltr'>πατρίδι</span> <span class='ocrx_word' id='word_1_382' title='bbox 2634 2221 2767 2269; x_wconf 89' lang='grc' dir='ltr'>σου;</span> <span class='ocrx_word' id='word_1_383' title='bbox 2816 2205 2935 2260; x_wconf 90' lang='grc' dir='ltr'>Νῦν</span> <span class='ocrx_word' id='word_1_384' title='bbox 2970 2205 3025 2259; x_wconf 68' lang='grc' dir='ltr'>δὲ</span> <span class='ocrx_word' id='word_1_385' title='bbox 3077 2204 3219 2274; x_wconf 86' lang='grc' dir='ltr'>μετὰ</span> <span class='ocrx_word' id='word_1_386' title='bbox 3259 2204 3521 2256; x_wconf 86' lang='grc' dir='ltr'>τοιούτων</span> 
     </span>
    </p>
   </div>
   <div class='ocr_carea' id='block_1_52' title="bbox 1888 2295 3609 2371">
    <p class='ocr_par' dir='ltr' id='par_1_52' title="bbox 1888 2295 3609 2371">
     <span class='ocr_line' id='line_1_52' title="bbox 1888 2295 3609 2371; baseline -0.005 -16"><span class='ocrx_word' id='word_1_387' title='bbox 1888 2328 1895 2337; x_wconf 74' lang='grc' dir='ltr'><strong>ι</strong></span> <span class='ocrx_word' id='word_1_388' title='bbox 1940 2298 2220 2371; x_wconf 74' lang='grc' dir='ltr'>πονηριῶν</span> <span class='ocrx_word' id='word_1_389' title='bbox 2280 2302 2379 2353; x_wconf 87' lang='grc' dir='ltr'><strong>καὶ</strong></span> <span class='ocrx_word' id='word_1_390' title='bbox 2437 2301 2794 2370; x_wconf 88' lang='grc' dir='ltr'>πανουργιῶν</span> <span class='ocrx_word' id='word_1_391' title='bbox 2852 2300 2920 2362; x_wconf 78' lang='grc' dir='ltr'>ἃς</span> <span class='ocrx_word' id='word_1_392' title='bbox 2980 2296 3132 2362; x_wconf 77' lang='grc' dir='ltr'>οἶδας</span> <span class='ocrx_word' id='word_1_393' title='bbox 3194 2300 3370 2352; x_wconf 83' lang='grc' dir='ltr'>ποιεῖν</span> <span class='ocrx_word' id='word_1_394' title='bbox 3422 2295 3522 2348; x_wconf 82' lang='grc' dir='ltr'><strong>καὶ</strong></span> <span class='ocrx_word' id='word_1_395' title='bbox 3604 2314 3609 2320; x_wconf 89' lang='grc'><strong>·</strong></span> 
     </span>
    </p>
   </div>
   <div class='ocr_carea' id='block_1_53' title="bbox 1938 2390 3522 2465">
    <p class='ocr_par' dir='ltr' id='par_1_53' title="bbox 1938 2390 3522 2465">
     <span class='ocr_line' id='line_1_53' title="bbox 1938 2390 3522 2465; baseline -0.004 -19"><span class='ocrx_word' id='word_1_396' title='bbox 1938 2394 2204 2463; x_wconf 70' lang='grc' dir='ltr'><strong>⁸ιιριίιττειν</strong></span> <span class='ocrx_word' id='word_1_397' title='bbox 2227 2395 2292 2446; x_wconf 81' lang='grc' dir='ltr'>ὲκ</span> <span class='ocrx_word' id='word_1_398' title='bbox 2320 2394 2604 2461; x_wconf 86' lang='grc' dir='ltr'>νεότητος,</span> <span class='ocrx_word' id='word_1_399' title='bbox 2638 2393 2805 2465; x_wconf 83' lang='grc' dir='ltr'>βούλῃ</span> <span class='ocrx_word' id='word_1_400' title='bbox 2834 2392 3196 2446; x_wconf 85' lang='grc' dir='ltr'>ὑποσκελίσαι</span> <span class='ocrx_word' id='word_1_401' title='bbox 3229 2390 3397 2459; x_wconf 73' lang='grc' dir='ltr'>κάμὲ,</span> <span class='ocrx_word' id='word_1_402' title='bbox 3424 2390 3522 2442; x_wconf 83' lang='grc' dir='ltr'><strong>καὶ</strong></span> 
     </span>
    </p>
   </div>
   <div class='ocr_carea' id='block_1_54' title="bbox 1939 2464 3683 2558">
    <p class='ocr_par' dir='ltr' id='par_1_54' title="bbox 1939 2464 3683 2558">
     <span class='ocr_line' id='line_1_54' title="bbox 1939 2464 3683 2558; baseline -0.002 -20"><span class='ocrx_word' id='word_1_403' title='bbox 1939 2489 2118 2557; x_wconf 80' lang='grc' dir='ltr'>φύγῃς</span> <span class='ocrx_word' id='word_1_404' title='bbox 2151 2486 2247 2539; x_wconf 84' lang='grc' dir='ltr'><strong>τοῦ</strong></span> <span class='ocrx_word' id='word_1_405' title='bbox 2296 2486 2606 2558; x_wconf 70' lang='grc' dir='ltr'>πρέποντάς</span> <span class='ocrx_word' id='word_1_406' title='bbox 2642 2502 2726 2538; x_wconf 89' lang='grc' dir='ltr'><strong>σοι</strong></span> <span class='ocrx_word' id='word_1_407' title='bbox 2756 2502 2771 2551; x_wconf 89' lang='grc'><strong>;</strong></span> <span class='ocrx_word' id='word_1_408' title='bbox 2807 2486 2946 2541; x_wconf 67' lang='grc' dir='ltr'><strong>Εἰπέ</strong></span> <span class='ocrx_word' id='word_1_409' title='bbox 2988 2502 3101 2554; x_wconf 85' lang='grc' dir='ltr'>μοι,</span> <span class='ocrx_word' id='word_1_410' title='bbox 3130 2479 3176 2537; x_wconf 80' lang='grc' dir='ltr'><strong>ὦ</strong></span> <span class='ocrx_word' id='word_1_411' title='bbox 3212 2482 3406 2551; x_wconf 77' lang='grc' dir='ltr'>ἀσεσῆ,</span> <span class='ocrx_word' id='word_1_412' title='bbox 3436 2485 3522 2542; x_wconf 78' lang='grc' dir='ltr'><strong>τίς</strong></span> <span class='ocrx_word' id='word_1_413' title='bbox 3581 2547 3585 2551; x_wconf 20' lang='grc' dir='ltr'>δ</span> <span class='ocrx_word' id='word_1_414' title='bbox 3678 2464 3683 2467; x_wconf 17' lang='grc'><strong><em>⁵</em></strong></span> 
     </span>
    </p>
   </div>
   <div class='ocr_carea' id='block_1_55' title="bbox 1937 2574 3524 2649">
    <p class='ocr_par' dir='ltr' id='par_1_55' title="bbox 1937 2574 3524 2649">
     <span class='ocr_line' id='line_1_55' title="bbox 1937 2574 3524 2649; baseline -0.004 -18"><span class='ocrx_word' id='word_1_415' title='bbox 1937 2580 1964 2631; x_wconf 90' lang='lat'><strong>6</strong></span> <span class='ocrx_word' id='word_1_416' title='bbox 1996 2577 2234 2649; x_wconf 87' lang='grc' dir='ltr'>χαρίσας</span> <span class='ocrx_word' id='word_1_417' title='bbox 2276 2596 2370 2648; x_wconf 89' lang='grc' dir='ltr'><strong>μοι</strong></span> <span class='ocrx_word' id='word_1_418' title='bbox 2409 2580 2501 2633; x_wconf 81' lang='grc' dir='ltr'>τὸν</span> <span class='ocrx_word' id='word_1_419' title='bbox 2553 2578 2785 2632; x_wconf 88' lang='grc' dir='ltr'>πλοῦτον</span> <span class='ocrx_word' id='word_1_420' title='bbox 2818 2579 2912 2631; x_wconf 76' lang='grc' dir='ltr'>τὸν</span> <span class='ocrx_word' id='word_1_421' title='bbox 2963 2578 3054 2631; x_wconf 73' lang='grc' dir='ltr'><strong>σδν</strong></span> <span class='ocrx_word' id='word_1_422' title='bbox 3098 2576 3197 2630; x_wconf 88' lang='grc' dir='ltr'><strong>καὶ</strong></span> <span class='ocrx_word' id='word_1_423' title='bbox 3226 2575 3327 2646; x_wconf 84' lang='grc' dir='ltr'>τὴν</span> <span class='ocrx_word' id='word_1_424' title='bbox 3367 2574 3524 2627; x_wconf 80' lang='grc' dir='ltr'>πόλιν</span> 
     </span>
    </p>
   </div>
   <div class='ocr_carea' id='block_1_56' title="bbox 1937 2668 3521 2744">
    <p class='ocr_par' dir='ltr' id='par_1_56' title="bbox 1937 2668 3521 2744">
     <span class='ocr_line' id='line_1_56' title="bbox 1937 2668 3521 2744; baseline -0.003 -18"><span class='ocrx_word' id='word_1_425' title='bbox 1937 2673 2146 2743; x_wconf 81' lang='grc' dir='ltr'>ταύτην</span> <span class='ocrx_word' id='word_1_426' title='bbox 2176 2674 2259 2735; x_wconf 84' lang='grc' dir='ltr'><strong>είς</strong></span> <span class='ocrx_word' id='word_1_427' title='bbox 2290 2673 2481 2744; x_wconf 77' lang='grc' dir='ltr'>χεῖράς</span> <span class='ocrx_word' id='word_1_428' title='bbox 2534 2688 2675 2743; x_wconf 77' lang='grc' dir='ltr'>μους</span> <span class='ocrx_word' id='word_1_429' title='bbox 2716 2690 2736 2725; x_wconf 71' lang='grc' dir='ltr'><strong>ι</strong></span> <span class='ocrx_word' id='word_1_430' title='bbox 2783 2672 2947 2738; x_wconf 77' lang='grc' dir='ltr'>Λέγει</span> <span class='ocrx_word' id='word_1_431' title='bbox 2978 2669 3130 2739; x_wconf 79' lang='grc' dir='ltr'><strong>αὖτῷ</strong></span> <span class='ocrx_word' id='word_1_432' title='bbox 3157 2670 3185 2723; x_wconf 90' lang='lat'><strong>6</strong></span> <span class='ocrx_word' id='word_1_433' title='bbox 3225 2668 3480 2735; x_wconf 67' lang='grc' dir='ltr'>Νοταρᾶς</span> <span class='ocrx_word' id='word_1_434' title='bbox 3506 2686 3521 2701; x_wconf 80' lang='grc'><em>’</em></span> 
     </span>
    </p>
   </div>
   <div class='ocr_carea' id='block_1_57' title="bbox 1943 2760 3525 2836">
    <p class='ocr_par' dir='ltr' id='par_1_57' title="bbox 1943 2760 3525 2836">
     <span class='ocr_line' id='line_1_57' title="bbox 1943 2760 3525 2836; baseline -0.005 -17"><span class='ocrx_word' id='word_1_435' title='bbox 1943 2778 1965 2819; x_wconf 78' lang='grc' dir='ltr'><strong>ι</strong></span> <span class='ocrx_word' id='word_1_436' title='bbox 2012 2764 2074 2821; x_wconf 90' lang='lat'><strong>&#39;0</strong></span> <span class='ocrx_word' id='word_1_437' title='bbox 2106 2765 2261 2828; x_wconf 80' lang='grc' dir='ltr'>Θεός.</span> <span class='ocrx_word' id='word_1_438' title='bbox 2304 2782 2326 2817; x_wconf 72' lang='grc' dir='ltr'><strong>ι</strong></span> <span class='ocrx_word' id='word_1_439' title='bbox 2374 2765 2433 2818; x_wconf 85' lang='grc' dir='ltr'><strong>Ὀ</strong></span> <span class='ocrx_word' id='word_1_440' title='bbox 2463 2764 2521 2819; x_wconf 76' lang='grc' dir='ltr'>δὲ</span> <span class='ocrx_word' id='word_1_441' title='bbox 2558 2763 2812 2836; x_wconf 74' lang='grc' dir='ltr'>’Λμηρᾶς</span> <span class='ocrx_word' id='word_1_442' title='bbox 2837 2761 2995 2818; x_wconf 74' lang='grc' dir='ltr'>εἶπεν</span> <span class='ocrx_word' id='word_1_443' title='bbox 3025 2761 3176 2833; x_wconf 79' lang='grc' dir='ltr'><strong>αὐτῷ</strong></span> <span class='ocrx_word' id='word_1_444' title='bbox 3199 2776 3217 2793; x_wconf 82' lang='grc'>⁶</span> <span class='ocrx_word' id='word_1_445' title='bbox 3252 2779 3271 2813; x_wconf 87' lang='grc' dir='ltr'><strong>ι</strong></span> <span class='ocrx_word' id='word_1_446' title='bbox 3305 2760 3462 2815; x_wconf 84' lang='grc' dir='ltr'>Ἐπεὶ</span> <span class='ocrx_word' id='word_1_447' title='bbox 3496 2761 3525 2811; x_wconf 91' lang='lat'><strong>6</strong></span> 
     </span>
    </p>
   </div>
   <div class='ocr_carea' id='block_1_58' title="bbox 1936 2853 3627 2931">
    <p class='ocr_par' dir='ltr' id='par_1_58' title="bbox 1936 2853 3627 2931">
     <span class='ocr_line' id='line_1_58' title="bbox 1936 2853 3627 2931; baseline -0.005 -19"><span class='ocrx_word' id='word_1_448' title='bbox 1936 2859 2070 2922; x_wconf 77' lang='grc' dir='ltr'>Θεὸς</span> <span class='ocrx_word' id='word_1_449' title='bbox 2115 2858 2294 2912; x_wconf 80' lang='grc' dir='ltr'>ταῦτά</span> <span class='ocrx_word' id='word_1_450' title='bbox 2344 2874 2437 2928; x_wconf 87' lang='grc' dir='ltr'><strong>μοι</strong></span> <span class='ocrx_word' id='word_1_451' title='bbox 2482 2858 2789 2927; x_wconf 65' lang='grc' dir='ltr'>ἑχαρίσατο</span> <span class='ocrx_word' id='word_1_452' title='bbox 2816 2858 2909 2911; x_wconf 85' lang='grc' dir='ltr'><strong>καὶ</strong></span> <span class='ocrx_word' id='word_1_453' title='bbox 2942 2858 3004 2910; x_wconf 79' lang='grc' dir='ltr'>σὲ</span> <span class='ocrx_word' id='word_1_454' title='bbox 3033 2857 3128 2911; x_wconf 82' lang='grc' dir='ltr'><strong>καὶ</strong></span> <span class='ocrx_word' id='word_1_455' title='bbox 3168 2858 3380 2918; x_wconf 79' lang='grc' dir='ltr'>πάντας</span> <span class='ocrx_word' id='word_1_456' title='bbox 3412 2853 3525 2908; x_wconf 77' lang='grc' dir='ltr'>ὑπὸ</span> <span class='ocrx_word' id='word_1_457' title='bbox 3616 2926 3627 2931; x_wconf 79' lang='lat'>_</span> 
     </span>
    </p>
   </div>
   <div class='ocr_carea' id='block_1_59' title="bbox 1936 2949 3521 3028">
    <p class='ocr_par' dir='ltr' id='par_1_59' title="bbox 1936 2949 3521 3028">
     <span class='ocr_line' id='line_1_59' title="bbox 1936 2949 3521 3028; baseline -0.004 -22"><span class='ocrx_word' id='word_1_458' title='bbox 1936 2952 2036 3008; x_wconf 79' lang='grc' dir='ltr'>τὰς</span> <span class='ocrx_word' id='word_1_459' title='bbox 2068 2951 2267 3028; x_wconf 33' lang='grc' dir='ltr'>χεῖράς.</span> <span class='ocrx_word' id='word_1_460' title='bbox 2299 2969 2402 3022; x_wconf 90' lang='grc' dir='ltr'><strong>μου</strong></span> <span class='ocrx_word' id='word_1_461' title='bbox 2433 2952 2658 3016; x_wconf 90' lang='grc' dir='ltr'>δούλους</span> <span class='ocrx_word' id='word_1_462' title='bbox 2677 2952 2866 3016; x_wconf 77' lang='grc' dir='ltr'>ἓδωσε,</span> <span class='ocrx_word' id='word_1_463' title='bbox 2892 2952 2947 3005; x_wconf 90' lang='grc' dir='ltr'><strong>τί</strong></span> <span class='ocrx_word' id='word_1_464' title='bbox 2973 2952 3039 3004; x_wconf 84' lang='grc' dir='ltr'>σὺ</span> <span class='ocrx_word' id='word_1_465' title='bbox 3069 2951 3272 3018; x_wconf 77' lang='grc' dir='ltr'>λέγεις,</span> <span class='ocrx_word' id='word_1_466' title='bbox 3291 2949 3521 3017; x_wconf 74' lang='grc' dir='ltr'>πονηρὲ,</span> 
     </span>
    </p>
   </div>
   <div class='ocr_carea' id='block_1_60' title="bbox 1937 3036 3525 3116">
    <p class='ocr_par' dir='ltr' id='par_1_60' title="bbox 1937 3036 3525 3116">
     <span class='ocr_line' id='line_1_60' title="bbox 1937 3036 3525 3116; baseline -0.005 -18"><span class='ocrx_word' id='word_1_467' title='bbox 1937 3047 2035 3098; x_wconf 85' lang='grc' dir='ltr'><strong>καὶ</strong></span> <span class='ocrx_word' id='word_1_468' title='bbox 2060 3045 2358 3116; x_wconf 82' lang='grc' dir='ltr'>φλυαρεῖς;</span> <span class='ocrx_word' id='word_1_469' title='bbox 2385 3046 2512 3108; x_wconf 81' lang='grc' dir='ltr'>Πῶς</span> <span class='ocrx_word' id='word_1_470' title='bbox 2539 3045 2641 3099; x_wconf 80' lang='grc' dir='ltr'><strong>οῦκ</strong></span> <span class='ocrx_word' id='word_1_471' title='bbox 2681 3036 2932 3107; x_wconf 76' lang='grc' dir='ltr'>ἐστειλάς</span> <span class='ocrx_word' id='word_1_472' title='bbox 2964 3060 3056 3113; x_wconf 85' lang='grc' dir='ltr'><strong>μοι</strong></span> <span class='ocrx_word' id='word_1_473' title='bbox 3088 3042 3229 3095; x_wconf 76' lang='grc' dir='ltr'>αὐτὰ</span> <span class='ocrx_word' id='word_1_474' title='bbox 3258 3042 3390 3111; x_wconf 82' lang='grc' dir='ltr'>πρὶν</span> <span class='ocrx_word' id='word_1_475' title='bbox 3422 3040 3525 3108; x_wconf 76' lang='grc' dir='ltr'>τὴν</span> 
     </span>
    </p>
   </div>
   <div class='ocr_carea' id='block_1_61' title="bbox 1943 3133 3521 3208">
    <p class='ocr_par' dir='ltr' id='par_1_61' title="bbox 1943 3133 3521 3208">
     <span class='ocr_line' id='line_1_61' title="bbox 1943 3133 3521 3208; baseline -0.003 -18"><span class='ocrx_word' id='word_1_476' title='bbox 1943 3138 2125 3207; x_wconf 83' lang='grc' dir='ltr'>μάχην</span> <span class='ocrx_word' id='word_1_477' title='bbox 2145 3139 2357 3208; x_wconf 83' lang='grc' dir='ltr'>κινήσω</span> <span class='ocrx_word' id='word_1_478' title='bbox 2383 3136 2508 3190; x_wconf 85' lang='grc' dir='ltr'>καθ’</span> <span class='ocrx_word' id='word_1_479' title='bbox 2541 3135 2698 3206; x_wconf 83' lang='grc' dir='ltr'>ὑμῶν</span> <span class='ocrx_word' id='word_1_480' title='bbox 2723 3137 2755 3206; x_wconf 79' lang='grc' dir='ltr'>ἢ</span> <span class='ocrx_word' id='word_1_481' title='bbox 2785 3136 2918 3206; x_wconf 89' lang='grc' dir='ltr'>πρὶν</span> <span class='ocrx_word' id='word_1_482' title='bbox 2951 3136 3052 3204; x_wconf 81' lang='grc' dir='ltr'><strong>τὴν</strong></span> <span class='ocrx_word' id='word_1_483' title='bbox 3106 3135 3262 3188; x_wconf 80' lang='grc' dir='ltr'>πόλιν</span> <span class='ocrx_word' id='word_1_484' title='bbox 3289 3133 3521 3201; x_wconf 83' lang='grc' dir='ltr'>νικήσω,</span> 
     </span>
    </p>
   </div>
   <div class='ocr_carea' id='block_1_62' title="bbox 256 3222 3524 3307">
    <p class='ocr_par' dir='ltr' id='par_1_62' title="bbox 256 3222 3524 3307">
     <span class='ocr_line' id='line_1_62' title="bbox 256 3222 3524 3307; baseline 0 -30"><span class='ocrx_word' id='word_1_485' title='bbox 256 3225 509 3295; x_wconf 77' lang='grc' dir='ltr'>ἀοιδίμου</span> <span class='ocrx_word' id='word_1_486' title='bbox 556 3230 614 3281; x_wconf 78' lang='grc' dir='ltr'>ὲν</span> <span class='ocrx_word' id='word_1_487' title='bbox 660 3227 942 3297; x_wconf 86' lang='grc' dir='ltr'>βασιλεῦσι</span> <span class='ocrx_word' id='word_1_488' title='bbox 970 3232 1065 3284; x_wconf 85' lang='grc' dir='ltr'><strong>καὶ</strong></span> <span class='ocrx_word' id='word_1_489' title='bbox 1098 3232 1469 3302; x_wconf 85' lang='grc' dir='ltr'>γαληνοτάτου</span> <span class='ocrx_word' id='word_1_490' title='bbox 1500 3236 1592 3288; x_wconf 89' lang='grc' dir='ltr'><strong>καὶ</strong></span> <span class='ocrx_word' id='word_1_491' title='bbox 1623 3222 1906 3307; x_wconf 69' lang='grc' dir='ltr'>μάρτυρα</span> <span class='ocrx_word' id='word_1_492' title='bbox 1940 3230 2027 3284; x_wconf 82' lang='grc' dir='ltr'>ἵνα</span> <span class='ocrx_word' id='word_1_493' title='bbox 2055 3230 2261 3299; x_wconf 80' lang='grc' dir='ltr'>ὀφείλω</span> <span class='ocrx_word' id='word_1_494' title='bbox 2294 3247 2380 3285; x_wconf 88' lang='grc' dir='ltr'><strong>σοι</strong></span> <span class='ocrx_word' id='word_1_495' title='bbox 2420 3230 2522 3301; x_wconf 78' lang='grc' dir='ltr'>τὴν</span> <span class='ocrx_word' id='word_1_496' title='bbox 2549 3229 2717 3300; x_wconf 84' lang='grc' dir='ltr'>χάριν</span> <span class='ocrx_word' id='word_1_497' title='bbox 2742 3231 2835 3283; x_wconf 81' lang='grc' dir='ltr'><strong>καὶ</strong></span> <span class='ocrx_word' id='word_1_498' title='bbox 2863 3229 2963 3299; x_wconf 80' lang='grc' dir='ltr'>τὴν</span> <span class='ocrx_word' id='word_1_499' title='bbox 2999 3227 3377 3297; x_wconf 71' lang='grc' dir='ltr'>ἀνταμοιϐήνς</span> <span class='ocrx_word' id='word_1_500' title='bbox 3409 3225 3524 3279; x_wconf 81' lang='grc' dir='ltr'>Νῦν</span> 
     </span>
    </p>
   </div>
   <div class='ocr_carea' id='block_1_63' title="bbox 260 3339 1837 3418">
    <p class='ocr_par' dir='ltr' id='par_1_63' title="bbox 260 3339 1837 3418">
     <span class='ocr_line' id='line_1_63' title="bbox 260 3339 1837 3418; baseline 0.009 -29"><span class='ocrx_word' id='word_1_501' title='bbox 260 3352 393 3391; x_wconf 89' lang='lat' dir='ltr'><strong>nere</strong></span> <span class='ocrx_word' id='word_1_502' title='bbox 453 3339 867 3408; x_wconf 78' lang='lat' dir='ltr'><strong>redundabant;</strong></span> <span class='ocrx_word' id='word_1_503' title='bbox 919 3343 1101 3400; x_wconf 91' lang='lat' dir='ltr'><strong>nullus</strong></span> <span class='ocrx_word' id='word_1_504' title='bbox 1133 3345 1286 3400; x_wconf 90' lang='lat' dir='ltr'><strong>locus</strong></span> <span class='ocrx_word' id='word_1_505' title='bbox 1334 3355 1472 3410; x_wconf 85' lang='lat' dir='ltr'><strong>erat,</strong></span> <span class='ocrx_word' id='word_1_506' title='bbox 1532 3362 1691 3418; x_wconf 89' lang='lat' dir='ltr'><strong>quem</strong></span> <span class='ocrx_word' id='word_1_507' title='bbox 1729 3362 1837 3403; x_wconf 91' lang='lat' dir='ltr'><strong>uon</strong></span> 
     </span>
    </p>
   </div>
   <div class='ocr_carea' id='block_1_64' title="bbox 258 3433 1837 3507">
    <p class='ocr_par' dir='ltr' id='par_1_64' title="bbox 258 3433 1837 3507">
     <span class='ocr_line' id='line_1_64' title="bbox 258 3433 1837 3507; baseline 0.009 -26"><span class='ocrx_word' id='word_1_508' title='bbox 258 3435 641 3484; x_wconf 72' lang='lat' dir='ltr'><strong>scrutarentur</strong></span> <span class='ocrx_word' id='word_1_509' title='bbox 669 3439 724 3485; x_wconf 91' lang='lat' dir='ltr'><strong>et</strong></span> <span class='ocrx_word' id='word_1_510' title='bbox 750 3433 1082 3503; x_wconf 82' lang='lat' dir='ltr'><strong>expilarent.</strong></span> <span class='ocrx_word' id='word_1_511' title='bbox 1113 3435 1333 3494; x_wconf 88' lang='lat' dir='ltr'><strong>Christe</strong></span> <span class='ocrx_word' id='word_1_512' title='bbox 1392 3438 1529 3505; x_wconf 80' lang='lat' dir='ltr'><strong>Rex,</strong></span> <span class='ocrx_word' id='word_1_513' title='bbox 1594 3441 1663 3493; x_wconf 90' lang='lat' dir='ltr'><strong>ab</strong></span> <span class='ocrx_word' id='word_1_514' title='bbox 1722 3439 1837 3507; x_wconf 91' lang='lat' dir='ltr'><strong>illa,</strong></span> 
     </span>
    </p>
   </div>
   <div class='ocr_carea' id='block_1_65' title="bbox 260 3525 1841 3595">
    <p class='ocr_par' dir='ltr' id='par_1_65' title="bbox 260 3525 1841 3595">
     <span class='ocr_line' id='line_1_65' title="bbox 260 3525 1841 3595; baseline 0.011 -23"><span class='ocrx_word' id='word_1_515' title='bbox 260 3535 425 3588; x_wconf 86' lang='lat' dir='ltr'><strong>quam</strong></span> <span class='ocrx_word' id='word_1_516' title='bbox 459 3528 572 3575; x_wconf 92' lang='lat' dir='ltr'><strong>tum</strong></span> <span class='ocrx_word' id='word_1_517' title='bbox 613 3525 820 3593; x_wconf 79' lang='lat' dir='ltr'><strong>experti</strong></span> <span class='ocrx_word' id='word_1_518' title='bbox 882 3542 1099 3595; x_wconf 69' lang='lat' dir='ltr'><strong>suinus,</strong></span> <span class='ocrx_word' id='word_1_519' title='bbox 1155 3530 1377 3584; x_wconf 75' lang='lat' dir='ltr'><strong>miseria</strong></span> <span class='ocrx_word' id='word_1_520' title='bbox 1415 3540 1469 3585; x_wconf 90' lang='lat' dir='ltr'><strong>et</strong></span> <span class='ocrx_word' id='word_1_521' title='bbox 1526 3532 1841 3590; x_wconf 86' lang='lat' dir='ltr'><strong>calamitate</strong></span> 
     </span>
    </p>
   </div>
   <div class='ocr_carea' id='block_1_66' title="bbox 261 3613 1838 3688">
    <p class='ocr_par' dir='ltr' id='par_1_66' title="bbox 261 3613 1838 3688">
     <span class='ocr_line' id='line_1_66' title="bbox 261 3613 1838 3688; baseline 0.008 -24"><span class='ocrx_word' id='word_1_522' title='bbox 261 3626 480 3665; x_wconf 83' lang='lat' dir='ltr'><strong>munem</strong></span> <span class='ocrx_word' id='word_1_523' title='bbox 515 3613 707 3668; x_wconf 81' lang='lat' dir='ltr'><strong>urbem</strong></span> <span class='ocrx_word' id='word_1_524' title='bbox 737 3624 792 3668; x_wconf 87' lang='lat' dir='ltr'><strong>et</strong></span> <span class='ocrx_word' id='word_1_525' title='bbox 844 3625 1070 3681; x_wconf 86' lang='lat' dir='ltr'><strong>terram,</strong></span> <span class='ocrx_word' id='word_1_526' title='bbox 1120 3634 1283 3688; x_wconf 86' lang='lat' dir='ltr'><strong>quam</strong></span> <span class='ocrx_word' id='word_1_527' title='bbox 1331 3619 1635 3675; x_wconf 79' lang='lat' dir='ltr'><strong>Christiani</strong></span> <span class='ocrx_word' id='word_1_528' title='bbox 1686 3623 1838 3676; x_wconf 86' lang='lat' dir='ltr'><strong>habi-</strong></span> 
     </span>
    </p>
   </div>
   <div class='ocr_carea' id='block_1_67' title="bbox 261 3704 1838 3775">
    <p class='ocr_par' dir='ltr' id='par_1_67' title="bbox 261 3704 1838 3775">
     <span class='ocr_line' id='line_1_67' title="bbox 261 3704 1838 3775; baseline 0.005 -16"><span class='ocrx_word' id='word_1_529' title='bbox 261 3714 397 3762; x_wconf 82' lang='lat' dir='ltr'><strong>tant.</strong></span> <span class='ocrx_word' id='word_1_530' title='bbox 439 3713 646 3760; x_wconf 88' lang='lat' dir='ltr'><strong>tueare.</strong></span> <span class='ocrx_word' id='word_1_531' title='bbox 708 3704 900 3763; x_wconf 81' lang='lat' dir='ltr'><strong>Nullos</strong></span> <span class='ocrx_word' id='word_1_532' title='bbox 946 3708 1153 3775; x_wconf 85' lang='lat' dir='ltr'><strong>hortos,</strong></span> <span class='ocrx_word' id='word_1_533' title='bbox 1212 3712 1357 3765; x_wconf 88' lang='lat' dir='ltr'><strong>nulla</strong></span> <span class='ocrx_word' id='word_1_534' title='bbox 1400 3711 1678 3767; x_wconf 89' lang='lat' dir='ltr'><strong>domicilia</strong></span> <span class='ocrx_word' id='word_1_535' title='bbox 1733 3728 1838 3767; x_wconf 92' lang='lat' dir='ltr'><strong>non</strong></span> 
     </span>
    </p>
   </div>
   <div class='ocr_carea' id='block_1_68' title="bbox 264 3796 1841 3873">
    <p class='ocr_par' dir='ltr' id='par_1_68' title="bbox 264 3796 1841 3873">
     <span class='ocr_line' id='line_1_68' title="bbox 264 3796 1841 3873; baseline 0.005 -25"><span class='ocrx_word' id='word_1_536' title='bbox 264 3796 656 3866; x_wconf 88' lang='lat' dir='ltr'><strong>perquirebaut</strong></span> <span class='ocrx_word' id='word_1_537' title='bbox 687 3797 861 3866; x_wconf 90' lang='lat' dir='ltr'><strong>impii,</strong></span> <span class='ocrx_word' id='word_1_538' title='bbox 894 3807 956 3853; x_wconf 84' lang='lat' dir='ltr'><strong>ut</strong></span> <span class='ocrx_word' id='word_1_539' title='bbox 1010 3801 1297 3867; x_wconf 73' lang='lat' dir='ltr'><strong>pecuniam</strong></span> <span class='ocrx_word' id='word_1_540' title='bbox 1356 3801 1595 3857; x_wconf 88' lang='lat' dir='ltr'><strong>abditam</strong></span> <span class='ocrx_word' id='word_1_541' title='bbox 1632 3804 1841 3873; x_wconf 86' lang='lat' dir='ltr'><strong>reperi-</strong></span> 
     </span>
    </p>
   </div>
   <div class='ocr_carea' id='block_1_69' title="bbox 265 3886 1843 3958">
    <p class='ocr_par' dir='ltr' id='par_1_69' title="bbox 265 3886 1843 3958">
     <span class='ocr_line' id='line_1_69' title="bbox 265 3886 1843 3958; baseline 0.007 -20"><span class='ocrx_word' id='word_1_542' title='bbox 265 3897 431 3940; x_wconf 79' lang='lat' dir='ltr'><strong>rent:</strong></span> <span class='ocrx_word' id='word_1_543' title='bbox 513 3900 578 3944; x_wconf 87' lang='lat' dir='ltr'><strong>ac</strong></span> <span class='ocrx_word' id='word_1_544' title='bbox 640 3886 897 3945; x_wconf 68' lang='lat' dir='ltr'><strong>Maximis</strong></span> <span class='ocrx_word' id='word_1_545' title='bbox 926 3890 1202 3947; x_wconf 58' lang='lat' dir='ltr'><strong>{inventis</strong></span> <span class='ocrx_word' id='word_1_546' title='bbox 1257 3892 1553 3958; x_wconf 86' lang='lat' dir='ltr'><strong>thesauris,</strong></span> <span class='ocrx_word' id='word_1_547' title='bbox 1612 3894 1843 3949; x_wconf 83' lang='lat' dir='ltr'><strong>vetustis</strong></span> 
     </span>
    </p>
   </div>
   <div class='ocr_carea' id='block_1_70' title="bbox 264 3976 1840 4053">
    <p class='ocr_par' dir='ltr' id='par_1_70' title="bbox 264 3976 1840 4053">
     <span class='ocr_line' id='line_1_70' title="bbox 264 3976 1840 4053; baseline 0.006 -24"><span class='ocrx_word' id='word_1_548' title='bbox 264 3985 321 4029; x_wconf 87' lang='lat' dir='ltr'><strong>et</strong></span> <span class='ocrx_word' id='word_1_549' title='bbox 386 3976 567 4045; x_wconf 76' lang='lat' dir='ltr'><strong>novis,</strong></span> <span class='ocrx_word' id='word_1_550' title='bbox 639 3990 805 4049; x_wconf 86' lang='lat' dir='ltr'><strong>atque</strong></span> <span class='ocrx_word' id='word_1_551' title='bbox 872 3979 998 4035; x_wconf 85' lang='lat' dir='ltr'><strong>aliis</strong></span> <span class='ocrx_word' id='word_1_552' title='bbox 1076 3983 1240 4037; x_wconf 83' lang='lat' dir='ltr'><strong>rebus</strong></span> <span class='ocrx_word' id='word_1_553' title='bbox 1300 3983 1557 4052; x_wconf 84' lang='lat' dir='ltr'><strong>pretiosis</strong></span> <span class='ocrx_word' id='word_1_554' title='bbox 1631 3984 1840 4053; x_wconf 83' lang='lat' dir='ltr'><strong>impleti</strong></span> 
     </span>
    </p>
   </div>
   <div class='ocr_carea' id='block_1_71' title="bbox 264 4079 414 4124">
    <p class='ocr_par' dir='ltr' id='par_1_71' title="bbox 264 4079 414 4124">
     <span class='ocr_line' id='line_1_71' title="bbox 264 4079 414 4124; baseline 0 0"><span class='ocrx_word' id='word_1_555' title='bbox 264 4079 414 4124; x_wconf 84' lang='lat' dir='ltr'><strong>sunt.</strong></span> 
     </span>
    </p>
   </div>
   <div class='ocr_carea' id='block_1_72' title="bbox 335 4160 1839 4244">
    <p class='ocr_par' dir='ltr' id='par_1_72' title="bbox 335 4160 1839 4244">
     <span class='ocr_line' id='line_1_72' title="bbox 335 4160 1839 4244; baseline 0.011 -28"><span class='ocrx_word' id='word_1_556' title='bbox 335 4160 389 4216; x_wconf 87' lang='lat'><strong>9.</strong></span> <span class='ocrx_word' id='word_1_557' title='bbox 419 4162 586 4232; x_wconf 77' lang='lat' dir='ltr'><strong>Capta</strong></span> <span class='ocrx_word' id='word_1_558' title='bbox 644 4165 808 4233; x_wconf 87' lang='lat' dir='ltr'><strong>igitur</strong></span> <span class='ocrx_word' id='word_1_559' title='bbox 834 4168 1011 4232; x_wconf 70' lang='lat' dir='ltr'><strong>urbe,</strong></span> <span class='ocrx_word' id='word_1_560' title='bbox 1045 4170 1301 4238; x_wconf 83' lang='lat' dir='ltr'><strong>Ameras,</strong></span> <span class='ocrx_word' id='word_1_561' title='bbox 1345 4187 1464 4227; x_wconf 86' lang='lat' dir='ltr'><strong>eam</strong></span> <span class='ocrx_word' id='word_1_562' title='bbox 1531 4168 1839 4244; x_wconf 73' lang='lat' dir='ltr'><strong>ingressus,</strong></span> 
     </span>
    </p>
   </div>
   <div class='ocr_carea' id='block_1_73' title="bbox 260 4255 1841 4338">
    <p class='ocr_par' dir='ltr' id='par_1_73' title="bbox 260 4255 1841 4338">
     <span class='ocr_line' id='line_1_73' title="bbox 260 4255 1841 4338; baseline 0.009 -29"><span class='ocrx_word' id='word_1_563' title='bbox 260 4255 670 4311; x_wconf 80' lang='lat' dir='ltr'><strong>studiosissime</strong></span> <span class='ocrx_word' id='word_1_564' title='bbox 705 4256 773 4312; x_wconf 91' lang='lat' dir='ltr'><strong>de</strong></span> <span class='ocrx_word' id='word_1_565' title='bbox 823 4259 1156 4327; x_wconf 85' lang='lat' dir='ltr'><strong>imperatore</strong></span> <span class='ocrx_word' id='word_1_566' title='bbox 1212 4265 1521 4333; x_wconf 63' lang='lat' dir='ltr'><strong>quaerebat;</strong></span> <span class='ocrx_word' id='word_1_567' title='bbox 1548 4282 1650 4322; x_wconf 89' lang='lat' dir='ltr'><strong>nec</strong></span> <span class='ocrx_word' id='word_1_568' title='bbox 1678 4268 1841 4338; x_wconf 84' lang='lat' dir='ltr'><strong>quid-</strong></span> 
     </span>
    </p>
   </div>
   <div class='ocr_carea' id='block_1_74' title="bbox 256 4346 1844 4425">
    <p class='ocr_par' dir='ltr' id='par_1_74' title="bbox 256 4346 1844 4425">
     <span class='ocr_line' id='line_1_74' title="bbox 256 4346 1844 4425; baseline 0.013 -29"><span class='ocrx_word' id='word_1_569' title='bbox 256 4359 422 4412; x_wconf 92' lang='lat' dir='ltr'><strong>quam</strong></span> <span class='ocrx_word' id='word_1_570' title='bbox 450 4347 728 4416; x_wconf 88' lang='lat' dir='ltr'><strong>antiquius</strong></span> <span class='ocrx_word' id='word_1_571' title='bbox 749 4349 1003 4417; x_wconf 86' lang='lat' dir='ltr'><strong>habebat,</strong></span> <span class='ocrx_word' id='word_1_572' title='bbox 1030 4369 1193 4422; x_wconf 86' lang='lat' dir='ltr'><strong>quam</strong></span> <span class='ocrx_word' id='word_1_573' title='bbox 1222 4362 1281 4409; x_wconf 96' lang='lat' dir='ltr'><strong>ut</strong></span> <span class='ocrx_word' id='word_1_574' title='bbox 1303 4346 1844 4425; x_wconf 29' lang='lat' dir='ltr'><strong>cognoscnet.‘vive-</strong></span> 
     </span>
    </p>
   </div>
   <div class='ocr_carea' id='block_1_75' title="bbox 257 4436 1843 4521">
    <p class='ocr_par' dir='ltr' id='par_1_75' title="bbox 257 4436 1843 4521">
     <span class='ocr_line' id='line_1_75' title="bbox 257 4436 1843 4521; baseline 0.013 -32"><span class='ocrx_word' id='word_1_575' title='bbox 257 4445 413 4491; x_wconf 77' lang='lat' dir='ltr'><strong>rctne</strong></span> <span class='ocrx_word' id='word_1_576' title='bbox 438 4452 505 4491; x_wconf 86' lang='lat' dir='ltr'><strong>an</strong></span> <span class='ocrx_word' id='word_1_577' title='bbox 524 4436 824 4495; x_wconf 86' lang='lat' dir='ltr'><strong>interiisset</strong></span> <span class='ocrx_word' id='word_1_578' title='bbox 842 4442 1156 4510; x_wconf 86' lang='lat' dir='ltr'><strong>imperator.</strong></span> <span class='ocrx_word' id='word_1_579' title='bbox 1184 4446 1360 4515; x_wconf 85' lang='lat' dir='ltr'><strong>Atque</strong></span> <span class='ocrx_word' id='word_1_580' title='bbox 1378 4464 1502 4503; x_wconf 88' lang='lat' dir='ltr'><strong>eum</strong></span> <span class='ocrx_word' id='word_1_581' title='bbox 1524 4449 1613 4504; x_wconf 85' lang='lat' dir='ltr'><strong>alii</strong></span> <span class='ocrx_word' id='word_1_582' title='bbox 1639 4452 1843 4521; x_wconf 76' lang='lat' dir='ltr'><strong>fugisse</strong></span> 
     </span>
    </p>
   </div>
   <div class='ocr_carea' id='block_1_76' title="bbox 258 4528 1917 4630">
    <p class='ocr_par' dir='ltr' id='par_1_76' title="bbox 258 4528 1917 4630">
     <span class='ocr_line' id='line_1_76' title="bbox 258 4528 1917 4630; baseline 0.012 -50"><span class='ocrx_word' id='word_1_583' title='bbox 258 4528 535 4594; x_wconf 74' lang='lat' dir='ltr'><strong>dicebant,</strong></span> <span class='ocrx_word' id='word_1_584' title='bbox 553 4528 642 4583; x_wconf 88' lang='lat' dir='ltr'><strong>alii</strong></span> <span class='ocrx_word' id='word_1_585' title='bbox 671 4531 723 4585; x_wconf 94' lang='lat' dir='ltr'><strong>in</strong></span> <span class='ocrx_word' id='word_1_586' title='bbox 745 4532 877 4587; x_wconf 84' lang='lat' dir='ltr'><strong>urbe</strong></span> <span class='ocrx_word' id='word_1_587' title='bbox 896 4535 1135 4600; x_wconf 87' lang='lat' dir='ltr'><strong>latitare,</strong></span> <span class='ocrx_word' id='word_1_588' title='bbox 1162 4538 1254 4591; x_wconf 84' lang='lat' dir='ltr'><strong>alii</strong></span> <span class='ocrx_word' id='word_1_589' title='bbox 1279 4542 1465 4609; x_wconf 71' lang='lat' dir='ltr'><strong>praelio</strong></span> <span class='ocrx_word' id='word_1_590' title='bbox 1487 4543 1835 4599; x_wconf 78' lang='lat' dir='ltr'><strong>occubuisse.</strong></span> <span class='ocrx_word' id='word_1_591' title='bbox 1873 4575 1917 4630; x_wconf 61' lang='grc' dir='ltr'><strong>Β</strong></span> 
     </span>
    </p>
   </div>
   <div class='ocr_carea' id='block_1_77' title="bbox 259 4623 1840 4698">
    <p class='ocr_par' dir='ltr' id='par_1_77' title="bbox 259 4623 1840 4698">
     <span class='ocr_line' id='line_1_77' title="bbox 259 4623 1840 4698; baseline 0.01 -23"><span class='ocrx_word' id='word_1_592' title='bbox 259 4623 450 4691; x_wconf 82' lang='lat' dir='ltr'><strong>Itaque</strong></span> <span class='ocrx_word' id='word_1_593' title='bbox 494 4630 554 4677; x_wconf 93' lang='lat' dir='ltr'><strong>ut</strong></span> <span class='ocrx_word' id='word_1_594' title='bbox 591 4638 705 4677; x_wconf 89' lang='lat' dir='ltr'><strong>rem</strong></span> <span class='ocrx_word' id='word_1_595' title='bbox 739 4635 892 4678; x_wconf 87' lang='lat' dir='ltr'><strong>certo</strong></span> <span class='ocrx_word' id='word_1_596' title='bbox 927 4639 1304 4698; x_wconf 77' lang='lat' dir='ltr'><strong>cognosceret,</strong></span> <span class='ocrx_word' id='word_1_597' title='bbox 1349 4633 1516 4698; x_wconf 85' lang='lat' dir='ltr'><strong>misit,</strong></span> <span class='ocrx_word' id='word_1_598' title='bbox 1563 4635 1653 4690; x_wconf 87' lang='lat' dir='ltr'><strong>ubi</strong></span> <span class='ocrx_word' id='word_1_599' title='bbox 1683 4637 1840 4690; x_wconf 85' lang='lat' dir='ltr'><strong>Chri-</strong></span> 
     </span>
    </p>
   </div>
   <div class='ocr_carea' id='block_1_78' title="bbox 259 4715 1842 4797">
    <p class='ocr_par' dir='ltr' id='par_1_78' title="bbox 259 4715 1842 4797">
     <span class='ocr_line' id='line_1_78' title="bbox 259 4715 1842 4797; baseline 0.009 -28"><span class='ocrx_word' id='word_1_600' title='bbox 259 4715 564 4769; x_wconf 87' lang='lat' dir='ltr'><strong>stianorum</strong></span> <span class='ocrx_word' id='word_1_601' title='bbox 619 4722 674 4769; x_wconf 90' lang='lat' dir='ltr'><strong>et</strong></span> <span class='ocrx_word' id='word_1_602' title='bbox 719 4715 1013 4785; x_wconf 85' lang='lat' dir='ltr'><strong>impiorum</strong></span> <span class='ocrx_word' id='word_1_603' title='bbox 1052 4723 1317 4777; x_wconf 77' lang='lat' dir='ltr'><strong>cadavera</strong></span> <span class='ocrx_word' id='word_1_604' title='bbox 1357 4728 1653 4781; x_wconf 81' lang='lat' dir='ltr'><strong>acervatim</strong></span> <span class='ocrx_word' id='word_1_605' title='bbox 1690 4728 1842 4797; x_wconf 72' lang='lat' dir='ltr'><strong>jace-</strong></span> 
     </span>
    </p>
   </div>
   <div class='ocr_carea' id='block_1_79' title="bbox 264 4807 1865 4883">
    <p class='ocr_par' dir='ltr' id='par_1_79' title="bbox 264 4807 1865 4883">
     <span class='ocr_line' id='line_1_79' title="bbox 264 4807 1865 4883; baseline 0.009 -24"><span class='ocrx_word' id='word_1_606' title='bbox 264 4811 415 4860; x_wconf 85' lang='lat' dir='ltr'><strong>hant.</strong></span> <span class='ocrx_word' id='word_1_607' title='bbox 448 4807 750 4861; x_wconf 73' lang='lat' dir='ltr'><strong>Ablnerunt</strong></span> <span class='ocrx_word' id='word_1_608' title='bbox 786 4808 1093 4864; x_wconf 86' lang='lat' dir='ltr'><strong>occisorum</strong></span> <span class='ocrx_word' id='word_1_609' title='bbox 1125 4814 1300 4881; x_wconf 87' lang='lat' dir='ltr'><strong>capita</strong></span> <span class='ocrx_word' id='word_1_610' title='bbox 1335 4814 1588 4883; x_wconf 89' lang='lat' dir='ltr'><strong>plurima,</strong></span> <span class='ocrx_word' id='word_1_611' title='bbox 1624 4818 1668 4872; x_wconf 91' lang='lat' dir='ltr'><strong>si</strong></span> <span class='ocrx_word' id='word_1_612' title='bbox 1700 4819 1865 4873; x_wconf 80' lang='lat' dir='ltr'><strong>forte&#39;</strong></span> 
     </span>
    </p>
   </div>
   <div class='ocr_carea' id='block_1_80' title="bbox 265 4894 1837 4974">
    <p class='ocr_par' dir='ltr' id='par_1_80' title="bbox 265 4894 1837 4974">
     <span class='ocr_line' id='line_1_80' title="bbox 265 4894 1837 4974; baseline 0.008 -25"><span class='ocrx_word' id='word_1_613' title='bbox 265 4898 615 4965; x_wconf 84' lang='lat' dir='ltr'><strong>imperatoris</strong></span> <span class='ocrx_word' id='word_1_614' title='bbox 674 4908 1056 4966; x_wconf 81' lang='lat' dir='ltr'><strong>agnoscerent.</strong></span> <span class='ocrx_word' id='word_1_615' title='bbox 1125 4900 1242 4956; x_wconf 88' lang='lat' dir='ltr'><strong>Non</strong></span> <span class='ocrx_word' id='word_1_616' title='bbox 1306 4916 1555 4974; x_wconf 84' lang='lat' dir='ltr'><strong>poterant</strong></span> <span class='ocrx_word' id='word_1_617' title='bbox 1618 4894 1837 4973; x_wconf 75' lang='lat' dir='ltr'><strong>autem,</strong></span> 
     </span>
    </p>
   </div>
   <div class='ocr_carea' id='block_1_81' title="bbox 262 4988 1840 5066">
    <p class='ocr_par' dir='ltr' id='par_1_81' title="bbox 262 4988 1840 5066">
     <span class='ocr_line' id='line_1_81' title="bbox 262 4988 1840 5066; baseline 0.008 -23"><span class='ocrx_word' id='word_1_618' title='bbox 262 4988 357 5043; x_wconf 74' lang='lat' dir='ltr'><strong>sed</strong></span> <span class='ocrx_word' id='word_1_619' title='bbox 400 4990 682 5043; x_wconf 83' lang='lat' dir='ltr'><strong>inventum</strong></span> <span class='ocrx_word' id='word_1_620' title='bbox 722 4990 1069 5058; x_wconf 83' lang='lat' dir='ltr'><strong>imperatoris</strong></span> <span class='ocrx_word' id='word_1_621' title='bbox 1101 4994 1338 5047; x_wconf 79' lang='lat' dir='ltr'><strong>cadaver</strong></span> <span class='ocrx_word' id='word_1_622' title='bbox 1373 5011 1436 5049; x_wconf 81' lang='lat' dir='ltr'><strong>ex</strong></span> <span class='ocrx_word' id='word_1_623' title='bbox 1473 4998 1840 5066; x_wconf 87' lang='lat' dir='ltr'><strong>imperatoriis</strong></span> 
     </span>
    </p>
   </div>
   <div class='ocr_carea' id='block_1_82' title="bbox 263 5081 1843 5156">
    <p class='ocr_par' dir='ltr' id='par_1_82' title="bbox 263 5081 1843 5156">
     <span class='ocr_line' id='line_1_82' title="bbox 263 5081 1843 5156; baseline 0.008 -23"><span class='ocrx_word' id='word_1_624' title='bbox 263 5081 444 5135; x_wconf 76' lang='lat' dir='ltr'><strong>ocreis</strong></span> <span class='ocrx_word' id='word_1_625' title='bbox 477 5087 533 5134; x_wconf 85' lang='lat' dir='ltr'><strong>et</strong></span> <span class='ocrx_word' id='word_1_626' title='bbox 561 5081 953 5135; x_wconf 78' lang='lat' dir='ltr'><strong>calceamentis</strong></span> <span class='ocrx_word' id='word_1_627' title='bbox 979 5092 1337 5150; x_wconf 79' lang='lat' dir='ltr'><strong>agnoverunt,</strong></span> <span class='ocrx_word' id='word_1_628' title='bbox 1360 5086 1412 5139; x_wconf 90' lang='lat' dir='ltr'><strong>in</strong></span> <span class='ocrx_word' id='word_1_629' title='bbox 1442 5087 1641 5156; x_wconf 84' lang='lat' dir='ltr'><strong>quibus</strong></span> <span class='ocrx_word' id='word_1_630' title='bbox 1666 5106 1843 5146; x_wconf 67' lang='lat' dir='ltr'><strong>aureae</strong></span> 
     </span>
    </p>
   </div>
   <div class='ocr_carea' id='block_1_83' title="bbox 270 5171 1837 5249">
    <p class='ocr_par' dir='ltr' id='par_1_83' title="bbox 270 5171 1837 5249">
     <span class='ocr_line' id='line_1_83' title="bbox 270 5171 1837 5249; baseline 0.01 -26"><span class='ocrx_word' id='word_1_631' title='bbox 270 5171 466 5241; x_wconf 66' lang='lat' dir='ltr'><strong>aquilae</strong></span> <span class='ocrx_word' id='word_1_632' title='bbox 495 5171 724 5241; x_wconf 62' lang='lat' dir='ltr'><strong>depictas</strong></span> <span class='ocrx_word' id='word_1_633' title='bbox 752 5182 959 5239; x_wconf 84' lang='lat' dir='ltr'><strong>essent,</strong></span> <span class='ocrx_word' id='word_1_634' title='bbox 995 5183 1057 5227; x_wconf 85' lang='lat' dir='ltr'><strong>ut</strong></span> <span class='ocrx_word' id='word_1_635' title='bbox 1084 5189 1203 5231; x_wconf 85' lang='lat' dir='ltr'><strong>mos</strong></span> <span class='ocrx_word' id='word_1_636' title='bbox 1239 5188 1359 5231; x_wconf 90' lang='lat' dir='ltr'><strong>erat</strong></span> <span class='ocrx_word' id='word_1_637' title='bbox 1396 5179 1837 5249; x_wconf 83' lang='lat' dir='ltr'><strong>imperatoribus.</strong></span> 
     </span>
    </p>
   </div>
   <div class='ocr_carea' id='block_1_84' title="bbox 272 5263 1841 5345">
    <p class='ocr_par' dir='ltr' id='par_1_84' title="bbox 272 5263 1841 5345">
     <span class='ocr_line' id='line_1_84' title="bbox 272 5263 1841 5345; baseline 0.008 -27"><span class='ocrx_word' id='word_1_638' title='bbox 272 5263 443 5334; x_wconf 76' lang='lat' dir='ltr'><strong>Hujus</strong></span> <span class='ocrx_word' id='word_1_639' title='bbox 470 5265 545 5319; x_wconf 88' lang='lat' dir='ltr'><strong>rei</strong></span> <span class='ocrx_word' id='word_1_640' title='bbox 576 5266 775 5320; x_wconf 73' lang='lat' dir='ltr'><strong>certior</strong></span> <span class='ocrx_word' id='word_1_641' title='bbox 805 5266 983 5321; x_wconf 80' lang='lat' dir='ltr'><strong>factus</strong></span> <span class='ocrx_word' id='word_1_642' title='bbox 1014 5270 1261 5334; x_wconf 77' lang='lat' dir='ltr'><strong>Ameras,</strong></span> <span class='ocrx_word' id='word_1_643' title='bbox 1297 5288 1642 5342; x_wconf 83' lang='lat' dir='ltr'><strong>summopere</strong></span> <span class='ocrx_word' id='word_1_644' title='bbox 1688 5276 1841 5345; x_wconf 84' lang='lat' dir='ltr'><strong>gavi-</strong></span> 
     </span>
    </p>
   </div>
   <div class='ocr_carea' id='block_1_85' title="bbox 266 5355 1840 5427">
    <p class='ocr_par' dir='ltr' id='par_1_85' title="bbox 266 5355 1840 5427">
     <span class='ocr_line' id='line_1_85' title="bbox 266 5355 1840 5427; baseline 0.007 -19"><span class='ocrx_word' id='word_1_645' title='bbox 266 5370 361 5409; x_wconf 72' lang='lat' dir='ltr'><strong>sus</strong></span> <span class='ocrx_word' id='word_1_646' title='bbox 387 5362 442 5409; x_wconf 90' lang='lat' dir='ltr'><strong>et</strong></span> <span class='ocrx_word' id='word_1_647' title='bbox 469 5355 802 5412; x_wconf 82' lang='lat' dir='ltr'><strong>exhilaratus</strong></span> <span class='ocrx_word' id='word_1_648' title='bbox 859 5364 963 5420; x_wconf 89' lang='lat' dir='ltr'><strong>est,</strong></span> <span class='ocrx_word' id='word_1_649' title='bbox 995 5369 1048 5412; x_wconf 92' lang='lat' dir='ltr'><strong>et</strong></span> <span class='ocrx_word' id='word_1_650' title='bbox 1104 5362 1198 5427; x_wconf 86' lang='lat' dir='ltr'><strong>qui</strong></span> <span class='ocrx_word' id='word_1_651' title='bbox 1270 5361 1502 5417; x_wconf 87' lang='lat' dir='ltr'><strong>aderant</strong></span> <span class='ocrx_word' id='word_1_652' title='bbox 1546 5362 1840 5420; x_wconf 82' lang='lat' dir='ltr'><strong>Christiani</strong></span> 
     </span>
    </p>
   </div>
   <div class='ocr_carea' id='block_1_86' title="bbox 260 5444 1841 5525">
    <p class='ocr_par' dir='ltr' id='par_1_86' title="bbox 260 5444 1841 5525">
     <span class='ocr_line' id='line_1_86' title="bbox 260 5444 1841 5525; baseline 0.006 -26"><span class='ocrx_word' id='word_1_653' title='bbox 260 5444 415 5513; x_wconf 81' lang='lat' dir='ltr'><strong>jussu</strong></span> <span class='ocrx_word' id='word_1_654' title='bbox 447 5446 567 5509; x_wconf 71' lang='lat' dir='ltr'><strong>eius</strong></span> <span class='ocrx_word' id='word_1_655' title='bbox 590 5448 994 5514; x_wconf 80' lang='lat' dir='ltr'><strong>imperatorium</strong></span> <span class='ocrx_word' id='word_1_656' title='bbox 1014 5450 1246 5505; x_wconf 81' lang='lat' dir='ltr'><strong>cadaver</strong></span> <span class='ocrx_word' id='word_1_657' title='bbox 1267 5453 1471 5507; x_wconf 89' lang='lat' dir='ltr'><strong>honore</strong></span> <span class='ocrx_word' id='word_1_658' title='bbox 1499 5454 1841 5525; x_wconf 84' lang='lat' dir='ltr'><strong>imperatori-</strong></span> 
     </span>
    </p>
   </div>
   <div class='ocr_carea' id='block_1_87' title="bbox 264 5535 1834 5612">
    <p class='ocr_par' dir='ltr' id='par_1_87' title="bbox 264 5535 1834 5612">
     <span class='ocr_line' id='line_1_87' title="bbox 264 5535 1834 5612; baseline 0.004 -21"><span class='ocrx_word' id='word_1_659' title='bbox 264 5536 367 5591; x_wconf 87' lang='lat' dir='ltr'><strong>bus</strong></span> <span class='ocrx_word' id='word_1_660' title='bbox 397 5535 642 5605; x_wconf 86' lang='lat' dir='ltr'><strong>legitimo</strong></span> <span class='ocrx_word' id='word_1_661' title='bbox 663 5538 1051 5604; x_wconf 81' lang='lat' dir='ltr'><strong>sepeliverunt.</strong></span> <span class='ocrx_word' id='word_1_662' title='bbox 1094 5539 1183 5594; x_wconf 72' lang='lat' dir='ltr'><strong>Va:</strong></span> <span class='ocrx_word' id='word_1_663' title='bbox 1219 5541 1353 5594; x_wconf 88' lang='lat' dir='ltr'><strong>mihi</strong></span> <span class='ocrx_word' id='word_1_664' title='bbox 1381 5557 1616 5611; x_wconf 85' lang='lat' dir='ltr'><strong>quoque,</strong></span> <span class='ocrx_word' id='word_1_665' title='bbox 1671 5558 1834 5612; x_wconf 82' lang='lat' dir='ltr'><strong>quem</strong></span> 
     </span>
    </p>
   </div>
   <div class='ocr_carea' id='block_1_88' title="bbox 259 5628 1843 5696">
    <p class='ocr_par' dir='ltr' id='par_1_88' title="bbox 259 5628 1843 5696">
     <span class='ocr_line' id='line_1_88' title="bbox 259 5628 1843 5696; baseline 0.008 -21"><span class='ocrx_word' id='word_1_666' title='bbox 259 5639 371 5693; x_wconf 77' lang='lat' dir='ltr'><strong>quo</strong></span> <span class='ocrx_word' id='word_1_667' title='bbox 390 5633 635 5695; x_wconf 91' lang='lat' dir='ltr'><strong>tempore</strong></span> <span class='ocrx_word' id='word_1_668' title='bbox 661 5628 899 5683; x_wconf 83' lang='lat' dir='ltr'><strong>servavit</strong></span> <span class='ocrx_word' id='word_1_669' title='bbox 923 5629 1107 5683; x_wconf 81' lang='lat' dir='ltr'><strong>divina</strong></span> <span class='ocrx_word' id='word_1_670' title='bbox 1154 5630 1492 5696; x_wconf 82' lang='lat' dir='ltr'><strong>providentia</strong></span> <span class='ocrx_word' id='word_1_671' title='bbox 1523 5633 1535 5685; x_wconf 81' lang='grc' dir='ltr'><strong>ι</strong></span> <span class='ocrx_word' id='word_1_672' title='bbox 1576 5630 1721 5687; x_wconf 79' lang='lat' dir='ltr'><strong>Vixit</strong></span> <span class='ocrx_word' id='word_1_673' title='bbox 1754 5648 1843 5687; x_wconf 79' lang='lat' dir='ltr'><strong>ve-</strong></span> 
     </span>
    </p>
   </div>
   <div class='ocr_carea' id='block_1_89' title="bbox 262 5717 1836 5793">
    <p class='ocr_par' dir='ltr' id='par_1_89' title="bbox 262 5717 1836 5793">
     <span class='ocr_line' id='line_1_89' title="bbox 262 5717 1836 5793; baseline 0.006 -25"><span class='ocrx_word' id='word_1_674' title='bbox 262 5717 540 5771; x_wconf 77' lang='lat' dir='ltr'><strong>nerandus</strong></span> <span class='ocrx_word' id='word_1_675' title='bbox 596 5718 685 5773; x_wconf 88' lang='lat' dir='ltr'><strong>hic</strong></span> <span class='ocrx_word' id='word_1_676' title='bbox 734 5728 788 5775; x_wconf 90' lang='lat' dir='ltr'><strong>et</strong></span> <span class='ocrx_word' id='word_1_677' title='bbox 865 5720 1272 5790; x_wconf 84' lang='lat' dir='ltr'><strong>placidissimus</strong></span> <span class='ocrx_word' id='word_1_678' title='bbox 1330 5723 1652 5793; x_wconf 87' lang='lat' dir='ltr'><strong>imperator,</strong></span> <span class='ocrx_word' id='word_1_679' title='bbox 1708 5726 1836 5780; x_wconf 90' lang='lat' dir='ltr'><strong>dum</strong></span> 
     </span>
    </p>
   </div>
   <div class='ocr_carea' id='block_1_90' title="bbox 261 5809 1839 5883">
    <p class='ocr_par' dir='ltr' id='par_1_90' title="bbox 261 5809 1839 5883">
     <span class='ocr_line' id='line_1_90' title="bbox 261 5809 1839 5883; baseline 0.009 -25"><span class='ocrx_word' id='word_1_680' title='bbox 261 5820 472 5878; x_wconf 82' lang='lat' dir='ltr'><strong>martyr</strong></span> <span class='ocrx_word' id='word_1_681' title='bbox 495 5809 655 5875; x_wconf 91' lang='lat' dir='ltr'><strong>obiit,</strong></span> <span class='ocrx_word' id='word_1_682' title='bbox 702 5824 877 5869; x_wconf 90' lang='lat' dir='ltr'><strong>annos</strong></span> <span class='ocrx_word' id='word_1_683' title='bbox 910 5813 1279 5883; x_wconf 76' lang='lat' dir='ltr'><strong>quadraginta</strong></span> <span class='ocrx_word' id='word_1_684' title='bbox 1347 5830 1565 5878; x_wconf 83' lang='lat' dir='ltr'><strong>novem,</strong></span> <span class='ocrx_word' id='word_1_685' title='bbox 1625 5834 1839 5874; x_wconf 85' lang='lat' dir='ltr'><strong>menses</strong></span> 
     </span>
    </p>
   </div>
   <div class='ocr_carea' id='block_1_91' title="bbox 264 5899 853 5974">
    <p class='ocr_par' dir='ltr' id='par_1_91' title="bbox 264 5899 853 5974">
     <span class='ocr_line' id='line_1_91' title="bbox 264 5899 853 5974; baseline 0.005 -20"><span class='ocrx_word' id='word_1_686' title='bbox 264 5909 373 5954; x_wconf 84' lang='lat' dir='ltr'><strong>tres</strong></span> <span class='ocrx_word' id='word_1_687' title='bbox 403 5908 458 5954; x_wconf 89' lang='lat' dir='ltr'><strong>et</strong></span> <span class='ocrx_word' id='word_1_688' title='bbox 481 5900 596 5957; x_wconf 78' lang='lat' dir='ltr'><strong>dies</strong></span> <span class='ocrx_word' id='word_1_689' title='bbox 638 5899 853 5974; x_wconf 76' lang='lat' dir='ltr'><strong>viginti.</strong></span> 
     </span>
    </p>
   </div>
   <div class='ocr_carea' id='block_1_92' title="bbox 2015 3341 3593 3415">
    <p class='ocr_par' dir='ltr' id='par_1_92' title="bbox 2015 3341 3593 3415">
     <span class='ocr_line' id='line_1_92' title="bbox 2015 3341 3593 3415; baseline -0.001 -18"><span class='ocrx_word' id='word_1_690' title='bbox 2015 3344 2242 3399; x_wconf 85' lang='lat' dir='ltr'><strong>Ameras</strong></span> <span class='ocrx_word' id='word_1_691' title='bbox 2272 3359 2471 3415; x_wconf 81' lang='lat' dir='ltr'><strong>magna</strong></span> <span class='ocrx_word' id='word_1_692' title='bbox 2501 3345 2728 3400; x_wconf 80' lang='lat' dir='ltr'><strong>victoria</strong></span> <span class='ocrx_word' id='word_1_693' title='bbox 2768 3345 2948 3400; x_wconf 88' lang='lat' dir='ltr'><strong>elatus</strong></span> <span class='ocrx_word' id='word_1_694' title='bbox 2998 3351 3052 3398; x_wconf 92' lang='lat' dir='ltr'><strong>et</strong></span> <span class='ocrx_word' id='word_1_695' title='bbox 3087 3343 3236 3397; x_wconf 91' lang='lat' dir='ltr'><strong>inani</strong></span> <span class='ocrx_word' id='word_1_696' title='bbox 3288 3341 3525 3397; x_wconf 80' lang='lat' dir='ltr'><strong>tumefa-</strong></span> <span class='ocrx_word' id='word_1_697' title='bbox 3582 3384 3593 3387; x_wconf 46' lang='grc' dir='ltr'>ν</span> 
     </span>
    </p>
   </div>
   <div class='ocr_carea' id='block_1_93' title="bbox 1942 3435 3522 3507">
    <p class='ocr_par' dir='ltr' id='par_1_93' title="bbox 1942 3435 3522 3507">
     <span class='ocr_line' id='line_1_93' title="bbox 1942 3435 3522 3507; baseline -0.004 -15"><span class='ocrx_word' id='word_1_698' title='bbox 1942 3444 2064 3492; x_wconf 87' lang='lat' dir='ltr'><strong>ctus</strong></span> <span class='ocrx_word' id='word_1_699' title='bbox 2089 3437 2280 3507; x_wconf 80' lang='lat' dir='ltr'><strong>gloria,</strong></span> <span class='ocrx_word' id='word_1_700' title='bbox 2340 3436 2619 3492; x_wconf 87' lang='lat' dir='ltr'><strong>crudelem</strong></span> <span class='ocrx_word' id='word_1_701' title='bbox 2677 3452 2738 3491; x_wconf 91' lang='lat' dir='ltr'><strong>se</strong></span> <span class='ocrx_word' id='word_1_702' title='bbox 2795 3446 2849 3490; x_wconf 92' lang='lat' dir='ltr'><strong>et</strong></span> <span class='ocrx_word' id='word_1_703' title='bbox 2900 3436 3192 3491; x_wconf 85' lang='lat' dir='ltr'><strong>immanem</strong></span> <span class='ocrx_word' id='word_1_704' title='bbox 3249 3435 3522 3506; x_wconf 64' lang='lat' dir='ltr'><strong>praestitit.</strong></span> 
     </span>
    </p>
   </div>
   <div class='ocr_carea' id='block_1_94' title="bbox 1942 3527 3522 3598">
    <p class='ocr_par' dir='ltr' id='par_1_94' title="bbox 1942 3527 3522 3598">
     <span class='ocr_line' id='line_1_94' title="bbox 1942 3527 3522 3598; baseline 0 -18"><span class='ocrx_word' id='word_1_705' title='bbox 1942 3528 2187 3585; x_wconf 86' lang='lat' dir='ltr'><strong>Accessit</strong></span> <span class='ocrx_word' id='word_1_706' title='bbox 2213 3530 2279 3584; x_wconf 92' lang='lat' dir='ltr'><strong>ad</strong></span> <span class='ocrx_word' id='word_1_707' title='bbox 2310 3544 2435 3584; x_wconf 91' lang='lat' dir='ltr'><strong>eum</strong></span> <span class='ocrx_word' id='word_1_708' title='bbox 2470 3528 2646 3585; x_wconf 89' lang='lat' dir='ltr'><strong>Lucas</strong></span> <span class='ocrx_word' id='word_1_709' title='bbox 2675 3527 2934 3595; x_wconf 85' lang='lat' dir='ltr'><strong>Notaras,</strong></span> <span class='ocrx_word' id='word_1_710' title='bbox 2986 3543 3216 3598; x_wconf 89' lang='lat' dir='ltr'><strong>magnus</strong></span> <span class='ocrx_word' id='word_1_711' title='bbox 3278 3528 3411 3593; x_wconf 78' lang='lat' dir='ltr'><strong>dux,</strong></span> <span class='ocrx_word' id='word_1_712' title='bbox 3449 3539 3522 3587; x_wconf 80' lang='lat' dir='ltr'><strong>et.</strong></span> 
     </span>
    </p>
   </div>
   <div class='ocr_carea' id='block_1_95' title="bbox 1942 3617 3621 3689">
    <p class='ocr_par' dir='ltr' id='par_1_95' title="bbox 1942 3617 3621 3689">
     <span class='ocr_line' id='line_1_95' title="bbox 1942 3617 3621 3689; baseline 0 -18"><span class='ocrx_word' id='word_1_713' title='bbox 1942 3618 2256 3673; x_wconf 88' lang='lat' dir='ltr'><strong>adoratione</strong></span> <span class='ocrx_word' id='word_1_714' title='bbox 2286 3618 2450 3683; x_wconf 82' lang='lat' dir='ltr'><strong>facta,</strong></span> <span class='ocrx_word' id='word_1_715' title='bbox 2480 3620 2758 3689; x_wconf 79' lang='lat' dir='ltr'><strong>ingentem</strong></span> <span class='ocrx_word' id='word_1_716' title='bbox 2797 3620 3144 3685; x_wconf 81' lang='lat' dir='ltr'><strong>thesaurum,</strong></span> <span class='ocrx_word' id='word_1_717' title='bbox 3203 3632 3365 3685; x_wconf 81' lang='lat' dir='ltr'><strong>quem</strong></span> <span class='ocrx_word' id='word_1_718' title='bbox 3401 3617 3527 3671; x_wconf 84' lang='lat' dir='ltr'><strong>abs-</strong></span> <span class='ocrx_word' id='word_1_719' title='bbox 3618 3652 3621 3655; x_wconf 52' lang='grc' dir='ltr'><strong>λ</strong></span> 
     </span>
    </p>
   </div>
   <div class='ocr_carea' id='block_1_96' title="bbox 1942 3709 3526 3779">
    <p class='ocr_par' dir='ltr' id='par_1_96' title="bbox 1942 3709 3526 3779">
     <span class='ocr_line' id='line_1_96' title="bbox 1942 3709 3526 3779; baseline 0.001 -18"><span class='ocrx_word' id='word_1_720' title='bbox 1942 3709 2223 3763; x_wconf 88' lang='lat' dir='ltr'><strong>conditum</strong></span> <span class='ocrx_word' id='word_1_721' title='bbox 2279 3710 2533 3776; x_wconf 83' lang='lat' dir='ltr'><strong>habebat,</strong></span> <span class='ocrx_word' id='word_1_722' title='bbox 2588 3725 2833 3779; x_wconf 84' lang='lat' dir='ltr'><strong>gemmas</strong></span> <span class='ocrx_word' id='word_1_723' title='bbox 2891 3724 3054 3778; x_wconf 84' lang='lat' dir='ltr'><strong>porro</strong></span> <span class='ocrx_word' id='word_1_724' title='bbox 3103 3718 3153 3763; x_wconf 91' lang='lat' dir='ltr'><strong>et</strong></span> <span class='ocrx_word' id='word_1_725' title='bbox 3202 3709 3526 3775; x_wconf 69' lang='lat' dir='ltr'><strong>margaritas</strong></span> 
     </span>
    </p>
   </div>
   <div class='ocr_carea' id='block_1_97' title="bbox 1943 3800 3529 3872">
    <p class='ocr_par' dir='ltr' id='par_1_97' title="bbox 1943 3800 3529 3872">
     <span class='ocr_line' id='line_1_97' title="bbox 1943 3800 3529 3872; baseline 0 -18"><span class='ocrx_word' id='word_1_726' title='bbox 1943 3800 2217 3870; x_wconf 86' lang='lat' dir='ltr'><strong>aliamque</strong></span> <span class='ocrx_word' id='word_1_727' title='bbox 2255 3816 2441 3869; x_wconf 85' lang='lat' dir='ltr'><strong>gazam</strong></span> <span class='ocrx_word' id='word_1_728' title='bbox 2486 3801 2709 3872; x_wconf 88' lang='lat' dir='ltr'><strong>regibus</strong></span> <span class='ocrx_word' id='word_1_729' title='bbox 2765 3801 2984 3871; x_wconf 82' lang='lat' dir='ltr'><strong>dignam</strong></span> <span class='ocrx_word' id='word_1_730' title='bbox 3042 3802 3093 3855; x_wconf 89' lang='lat' dir='ltr'><strong>ci</strong></span> <span class='ocrx_word' id='word_1_731' title='bbox 3154 3801 3529 3865; x_wconf 74' lang='lat' dir='ltr'><strong>monstraVit;</strong></span> 
     </span>
    </p>
   </div>
   <div class='ocr_carea' id='block_1_98' title="bbox 1943 3893 3524 3962">
    <p class='ocr_par' dir='ltr' id='par_1_98' title="bbox 1943 3893 3524 3962">
     <span class='ocr_line' id='line_1_98' title="bbox 1943 3893 3524 3962; baseline 0 -17"><span class='ocrx_word' id='word_1_732' title='bbox 1943 3907 2176 3962; x_wconf 89' lang='lat' dir='ltr'><strong>quorum</strong></span> <span class='ocrx_word' id='word_1_733' title='bbox 2233 3900 2456 3961; x_wconf 91' lang='lat' dir='ltr'><strong>aspectu</strong></span> <span class='ocrx_word' id='word_1_734' title='bbox 2495 3893 2726 3947; x_wconf 87' lang='lat' dir='ltr'><strong>Ameras</strong></span> <span class='ocrx_word' id='word_1_735' title='bbox 2786 3909 2909 3949; x_wconf 89' lang='lat' dir='ltr'><strong>cum</strong></span> <span class='ocrx_word' id='word_1_736' title='bbox 2950 3895 3205 3949; x_wconf 88' lang='lat' dir='ltr'><strong>universo</strong></span> <span class='ocrx_word' id='word_1_737' title='bbox 3262 3893 3524 3949; x_wconf 87' lang='lat' dir='ltr'><strong>comitatu</strong></span> 
     </span>
    </p>
   </div>
   <div class='ocr_carea' id='block_1_99' title="bbox 1942 3980 3520 4053">
    <p class='ocr_par' dir='ltr' id='par_1_99' title="bbox 1942 3980 3520 4053">
     <span class='ocr_line' id='line_1_99' title="bbox 1942 3980 3520 4053; baseline 0.003 -17"><span class='ocrx_word' id='word_1_738' title='bbox 1942 3982 2250 4053; x_wconf 87' lang='lat' dir='ltr'><strong>obstupuit.</strong></span> <span class='ocrx_word' id='word_1_739' title='bbox 2292 3980 2431 4036; x_wconf 89' lang='lat' dir='ltr'><strong>Tum</strong></span> <span class='ocrx_word' id='word_1_740' title='bbox 2483 3981 2764 4040; x_wconf 81' lang='lat' dir='ltr'><strong>Nmaras:</strong></span> <span class='ocrx_word' id='word_1_741' title='bbox 2808 4002 2827 4035; x_wconf 84' lang='grc' dir='ltr'><strong>ι</strong></span> <span class='ocrx_word' id='word_1_742' title='bbox 2888 3982 3012 4039; x_wconf 67' lang='lat' dir='ltr'><strong>Haec</strong></span> <span class='ocrx_word' id='word_1_743' title='bbox 3060 3985 3267 4048; x_wconf 87' lang='lat' dir='ltr'><strong>omnia,</strong></span> <span class='ocrx_word' id='word_1_744' title='bbox 3320 3984 3520 4052; x_wconf 68' lang='lat' dir='ltr'><strong>inquit.</strong></span> 
     </span>
    </p>
   </div>
   <div class='ocr_carea' id='block_1_100' title="bbox 1944 4074 3527 4144">
    <p class='ocr_par' dir='ltr' id='par_1_100' title="bbox 1944 4074 3527 4144">
     <span class='ocr_line' id='line_1_100' title="bbox 1944 4074 3527 4144; baseline -0.003 -13"><span class='ocrx_word' id='word_1_745' title='bbox 1944 4077 2155 4131; x_wconf 86' lang='lat' dir='ltr'><strong>servavi</strong></span> <span class='ocrx_word' id='word_1_746' title='bbox 2200 4074 2470 4143; x_wconf 74' lang='lat' dir='ltr'><strong>maiestati</strong></span> <span class='ocrx_word' id='word_1_747' title='bbox 2536 4085 2644 4129; x_wconf 62' lang='lat' dir='ltr'><strong>tua:</strong></span> <span class='ocrx_word' id='word_1_748' title='bbox 2700 4084 2754 4131; x_wconf 92' lang='lat' dir='ltr'><strong>et</strong></span> <span class='ocrx_word' id='word_1_749' title='bbox 2812 4091 2958 4130; x_wconf 89' lang='lat' dir='ltr'><strong>nunc</strong></span> <span class='ocrx_word' id='word_1_750' title='bbox 3006 4075 3103 4131; x_wconf 91' lang='lat' dir='ltr'><strong>tibi</strong></span> <span class='ocrx_word' id='word_1_751' title='bbox 3156 4091 3251 4144; x_wconf 88' lang='lat' dir='ltr'><strong>pro</strong></span> <span class='ocrx_word' id='word_1_752' title='bbox 3302 4091 3527 4129; x_wconf 80' lang='lat' dir='ltr'><strong>munere</strong></span> 
     </span>
    </p>
   </div>
   <div class='ocr_carea' id='block_1_101' title="bbox 1945 4167 3527 4238">
    <p class='ocr_par' dir='ltr' id='par_1_101' title="bbox 1945 4167 3527 4238">
     <span class='ocr_line' id='line_1_101' title="bbox 1945 4167 3527 4238; baseline 0 -16"><span class='ocrx_word' id='word_1_753' title='bbox 1945 4168 2122 4230; x_wconf 90' lang='lat' dir='ltr'><strong>trado,</strong></span> <span class='ocrx_word' id='word_1_754' title='bbox 2155 4182 2219 4220; x_wconf 89' lang='lat' dir='ltr'><strong>ac</strong></span> <span class='ocrx_word' id='word_1_755' title='bbox 2250 4182 2403 4235; x_wconf 83' lang='lat' dir='ltr'><strong>rogo,</strong></span> <span class='ocrx_word' id='word_1_756' title='bbox 2438 4174 2496 4220; x_wconf 90' lang='lat' dir='ltr'><strong>ut</strong></span> <span class='ocrx_word' id='word_1_757' title='bbox 2526 4167 2672 4222; x_wconf 84' lang='lat' dir='ltr'><strong>servi</strong></span> <span class='ocrx_word' id='word_1_758' title='bbox 2705 4168 2780 4221; x_wconf 90' lang='lat' dir='ltr'><strong>tui</strong></span> <span class='ocrx_word' id='word_1_759' title='bbox 2841 4182 3032 4238; x_wconf 89' lang='lat' dir='ltr'><strong>preces</strong></span> <span class='ocrx_word' id='word_1_760' title='bbox 3065 4178 3119 4222; x_wconf 90' lang='lat' dir='ltr'><strong>et</strong></span> <span class='ocrx_word' id='word_1_761' title='bbox 3167 4178 3292 4221; x_wconf 83' lang='lat' dir='ltr'><strong>vota</strong></span> <span class='ocrx_word' id='word_1_762' title='bbox 3326 4184 3392 4221; x_wconf 87' lang='lat' dir='ltr'><strong>ne</strong></span> <span class='ocrx_word' id='word_1_763' title='bbox 3439 4184 3527 4223; x_wconf 88' lang='lat' dir='ltr'><strong>as-</strong></span> 
     </span>
    </p>
   </div>
   <div class='ocr_carea' id='block_1_102' title="bbox 1946 4255 3520 4325">
    <p class='ocr_par' dir='ltr' id='par_1_102' title="bbox 1946 4255 3520 4325">
     <span class='ocr_line' id='line_1_102' title="bbox 1946 4255 3520 4325; baseline -0.001 -14"><span class='ocrx_word' id='word_1_764' title='bbox 1946 4271 2209 4325; x_wconf 84' lang='lat' dir='ltr'><strong>pernere.~</strong></span> <span class='ocrx_word' id='word_1_765' title='bbox 2251 4275 2269 4307; x_wconf 82' lang='grc' dir='ltr'><strong>ι</strong></span> <span class='ocrx_word' id='word_1_766' title='bbox 2304 4255 2571 4325; x_wconf 84' lang='lat' dir='ltr'><strong>Sperabat</strong></span> <span class='ocrx_word' id='word_1_767' title='bbox 2599 4268 2807 4322; x_wconf 86' lang='lat' dir='ltr'><strong>autem,</strong></span> <span class='ocrx_word' id='word_1_768' title='bbox 2840 4256 2920 4313; x_wconf 89' lang='lat' dir='ltr'><strong>sic</strong></span> <span class='ocrx_word' id='word_1_769' title='bbox 2969 4273 3028 4313; x_wconf 87' lang='lat' dir='ltr'><strong>se</strong></span> <span class='ocrx_word' id='word_1_770' title='bbox 3066 4274 3193 4312; x_wconf 89' lang='lat' dir='ltr'><strong>cum</strong></span> <span class='ocrx_word' id='word_1_771' title='bbox 3228 4258 3393 4312; x_wconf 85' lang='lat' dir='ltr'><strong>domo</strong></span> <span class='ocrx_word' id='word_1_772' title='bbox 3424 4273 3520 4311; x_wconf 84' lang='lat' dir='ltr'><strong>sua</strong></span> 
     </span>
    </p>
   </div>
   <div class='ocr_carea' id='block_1_103' title="bbox 1944 4348 3529 4420">
    <p class='ocr_par' dir='ltr' id='par_1_103' title="bbox 1944 4348 3529 4420">
     <span class='ocr_line' id='line_1_103' title="bbox 1944 4348 3529 4420; baseline 0.002 -19"><span class='ocrx_word' id='word_1_773' title='bbox 1944 4349 2249 4404; x_wconf 85' lang='lat' dir='ltr'><strong>libertatem</strong></span> <span class='ocrx_word' id='word_1_774' title='bbox 2281 4358 2708 4404; x_wconf 80' lang='lat' dir='ltr'><strong>consecuturum</strong></span> <span class='ocrx_word' id='word_1_775' title='bbox 2741 4365 2887 4405; x_wconf 85' lang='lat' dir='ltr'><strong>esse.</strong></span> <span class='ocrx_word' id='word_1_776' title='bbox 2940 4351 3008 4403; x_wconf 86' lang='lat' dir='ltr'><strong>At</strong></span> <span class='ocrx_word' id='word_1_777' title='bbox 3037 4348 3317 4420; x_wconf 87' lang='lat' dir='ltr'><strong>respondit</strong></span> <span class='ocrx_word' id='word_1_778' title='bbox 3365 4349 3529 4404; x_wconf 86' lang='lat' dir='ltr'><strong>Ame-</strong></span> 
     </span>
    </p>
   </div>
   <div class='ocr_carea' id='block_1_104' title="bbox 1945 4440 3525 4509">
    <p class='ocr_par' dir='ltr' id='par_1_104' title="bbox 1945 4440 3525 4509">
     <span class='ocr_line' id='line_1_104' title="bbox 1945 4440 3525 4509; baseline 0.003 -16"><span class='ocrx_word' id='word_1_779' title='bbox 1945 4456 2075 4496; x_wconf 86' lang='lat' dir='ltr'><strong>ras:</strong></span> <span class='ocrx_word' id='word_1_780' title='bbox 2125 4461 2143 4492; x_wconf 89' lang='grc' dir='ltr'><strong>ι</strong></span> <span class='ocrx_word' id='word_1_781' title='bbox 2182 4440 2293 4495; x_wconf 90' lang='lat' dir='ltr'><strong>lleu</strong></span> <span class='ocrx_word' id='word_1_782' title='bbox 2352 4450 2403 4496; x_wconf 91' lang='lat' dir='ltr'><strong>te</strong></span> <span class='ocrx_word' id='word_1_783' title='bbox 2454 4441 2816 4504; x_wconf 89' lang='lat' dir='ltr'><strong>semicanem,</strong></span> <span class='ocrx_word' id='word_1_784' title='bbox 2875 4444 3149 4498; x_wconf 88' lang='lat' dir='ltr'><strong>hominem</strong></span> <span class='ocrx_word' id='word_1_785' title='bbox 3209 4444 3525 4509; x_wconf 87' lang='lat' dir='ltr'><strong>immanem,</strong></span> 
     </span>
    </p>
   </div>
   <div class='ocr_carea' id='block_1_105' title="bbox 1945 4532 3527 4605">
    <p class='ocr_par' dir='ltr' id='par_1_105' title="bbox 1945 4532 3527 4605">
     <span class='ocr_line' id='line_1_105' title="bbox 1945 4532 3527 4605; baseline 0.003 -21"><span class='ocrx_word' id='word_1_786' title='bbox 1945 4532 2307 4605; x_wconf 73' lang='lat' dir='ltr'><strong>veteratorem</strong></span> <span class='ocrx_word' id='word_1_787' title='bbox 2340 4544 2391 4587; x_wconf 87' lang='lat' dir='ltr'><strong>et</strong></span> <span class='ocrx_word' id='word_1_788' title='bbox 2432 4533 2859 4595; x_wconf 78' lang='lat' dir='ltr'><strong>fraudulentum,</strong></span> <span class='ocrx_word' id='word_1_789' title='bbox 2886 4535 2979 4602; x_wconf 87' lang='lat' dir='ltr'><strong>qui</strong></span> <span class='ocrx_word' id='word_1_790' title='bbox 3028 4545 3208 4589; x_wconf 90' lang='lat' dir='ltr'><strong>tantas</strong></span> <span class='ocrx_word' id='word_1_791' title='bbox 3230 4550 3359 4602; x_wconf 84' lang='lat' dir='ltr'><strong>epes</strong></span> <span class='ocrx_word' id='word_1_792' title='bbox 3402 4552 3527 4603; x_wconf 66' lang='lat' dir='ltr'><strong>pes-</strong></span> 
     </span>
    </p>
   </div>
   <div class='ocr_carea' id='block_1_106' title="bbox 1948 4614 3522 4695">
    <p class='ocr_par' dir='ltr' id='par_1_106' title="bbox 1948 4614 3522 4695">
     <span class='ocr_line' id='line_1_106' title="bbox 1948 4614 3522 4695; baseline -0.001 -15"><span class='ocrx_word' id='word_1_793' title='bbox 1948 4626 2174 4689; x_wconf 86' lang='lat' dir='ltr'><strong>sederis,</strong></span> <span class='ocrx_word' id='word_1_794' title='bbox 2208 4640 2309 4679; x_wconf 90' lang='lat' dir='ltr'><strong>nec</strong></span> <span class='ocrx_word' id='word_1_795' title='bbox 2361 4614 2706 4681; x_wconf 73' lang='lat' dir='ltr'><strong>succurreris</strong></span> <span class='ocrx_word' id='word_1_796' title='bbox 2762 4627 2986 4679; x_wconf 86' lang='lat' dir='ltr'><strong>domino</strong></span> <span class='ocrx_word' id='word_1_797' title='bbox 3023 4637 3141 4692; x_wconf 89' lang='lat' dir='ltr'><strong>tuo,</strong></span> <span class='ocrx_word' id='word_1_798' title='bbox 3181 4626 3522 4695; x_wconf 84' lang='lat' dir='ltr'><strong>imperatori,</strong></span> 
     </span>
    </p>
   </div>
   <div class='ocr_carea' id='block_1_107' title="bbox 1945 4716 3526 4789">
    <p class='ocr_par' dir='ltr' id='par_1_107' title="bbox 1945 4716 3526 4789">
     <span class='ocr_line' id='line_1_107' title="bbox 1945 4716 3526 4789; baseline -0.001 -19"><span class='ocrx_word' id='word_1_799' title='bbox 1945 4733 2047 4772; x_wconf 87' lang='lat' dir='ltr'><strong>nec</strong></span> <span class='ocrx_word' id='word_1_800' title='bbox 2075 4719 2201 4773; x_wconf 89' lang='lat' dir='ltr'><strong>huic</strong></span> <span class='ocrx_word' id='word_1_801' title='bbox 2228 4717 2372 4778; x_wconf 84' lang='lat' dir='ltr'><strong>urbi.</strong></span> <span class='ocrx_word' id='word_1_802' title='bbox 2409 4717 2598 4786; x_wconf 65' lang='lat' dir='ltr'><strong>patriae</strong></span> <span class='ocrx_word' id='word_1_803' title='bbox 2648 4719 2785 4770; x_wconf 63' lang='lat' dir='ltr'><strong>tute!</strong></span> <span class='ocrx_word' id='word_1_804' title='bbox 2844 4732 2991 4769; x_wconf 91' lang='lat' dir='ltr'><strong>nunc</strong></span> <span class='ocrx_word' id='word_1_805' title='bbox 3054 4732 3186 4771; x_wconf 83' lang='lat' dir='ltr'><strong>vero</strong></span> <span class='ocrx_word' id='word_1_806' title='bbox 3214 4732 3342 4789; x_wconf 85' lang='lat' dir='ltr'><strong>cum</strong></span> <span class='ocrx_word' id='word_1_807' title='bbox 3406 4716 3526 4769; x_wconf 84' lang='lat' dir='ltr'><strong>istis</strong></span> 
     </span>
    </p>
   </div>
   <div class='ocr_carea' id='block_1_108' title="bbox 1947 4805 3527 4879">
    <p class='ocr_par' dir='ltr' id='par_1_108' title="bbox 1947 4805 3527 4879">
     <span class='ocr_line' id='line_1_108' title="bbox 1947 4805 3527 4879; baseline -0.001 -18"><span class='ocrx_word' id='word_1_808' title='bbox 1947 4809 2206 4879; x_wconf 89' lang='lat' dir='ltr'><strong>nequitiis</strong></span> <span class='ocrx_word' id='word_1_809' title='bbox 2234 4818 2287 4862; x_wconf 85' lang='lat' dir='ltr'><strong>ct</strong></span> <span class='ocrx_word' id='word_1_810' title='bbox 2316 4809 2623 4871; x_wconf 81' lang='lat' dir='ltr'><strong>fraudibus,</strong></span> <span class='ocrx_word' id='word_1_811' title='bbox 2658 4808 2864 4877; x_wconf 88' lang='lat' dir='ltr'><strong>quibus</strong></span> <span class='ocrx_word' id='word_1_812' title='bbox 2903 4807 3119 4862; x_wconf 78' lang='lat' dir='ltr'><strong>deditus</strong></span> <span class='ocrx_word' id='word_1_813' title='bbox 3149 4805 3302 4861; x_wconf 78' lang='lat' dir='ltr'><strong>fuisti</strong></span> <span class='ocrx_word' id='word_1_814' title='bbox 3331 4823 3359 4860; x_wconf 89' lang='lat' dir='ltr'><strong>a</strong></span> <span class='ocrx_word' id='word_1_815' title='bbox 3395 4822 3527 4877; x_wconf 86' lang='lat' dir='ltr'><strong>pne-</strong></span> 
     </span>
    </p>
   </div>
   <div class='ocr_carea' id='block_1_109' title="bbox 1946 4894 3526 4967">
    <p class='ocr_par' dir='ltr' id='par_1_109' title="bbox 1946 4894 3526 4967">
     <span class='ocr_line' id='line_1_109' title="bbox 1946 4894 3526 4967; baseline -0.001 -17"><span class='ocrx_word' id='word_1_816' title='bbox 1946 4897 2091 4959; x_wconf 89' lang='lat' dir='ltr'><strong>rilla,</strong></span> <span class='ocrx_word' id='word_1_817' title='bbox 2123 4915 2207 4951; x_wconf 86' lang='lat' dir='ltr'><strong>me</strong></span> <span class='ocrx_word' id='word_1_818' title='bbox 2258 4912 2475 4967; x_wconf 85' lang='lat' dir='ltr'><strong>quoque</strong></span> <span class='ocrx_word' id='word_1_819' title='bbox 2500 4897 2850 4965; x_wconf 86' lang='lat' dir='ltr'><strong>supplantare</strong></span> <span class='ocrx_word' id='word_1_820' title='bbox 2898 4906 2952 4950; x_wconf 91' lang='lat' dir='ltr'><strong>et</strong></span> <span class='ocrx_word' id='word_1_821' title='bbox 3005 4910 3219 4963; x_wconf 62' lang='lat' dir='ltr'><strong>poenam</strong></span> <span class='ocrx_word' id='word_1_822' title='bbox 3286 4894 3526 4964; x_wconf 79' lang='lat' dir='ltr'><strong>eli&#39;ugere</strong></span> 
     </span>
    </p>
   </div>
   <div class='ocr_carea' id='block_1_110' title="bbox 1944 4988 3524 5059">
    <p class='ocr_par' dir='ltr' id='par_1_110' title="bbox 1944 4988 3524 5059">
     <span class='ocr_line' id='line_1_110' title="bbox 1944 4988 3524 5059; baseline -0.003 -15"><span class='ocrx_word' id='word_1_823' title='bbox 1944 4989 2171 5046; x_wconf 77' lang='lat' dir='ltr'><strong>studes?</strong></span> <span class='ocrx_word' id='word_1_824' title='bbox 2197 4988 2291 5044; x_wconf 88' lang='lat' dir='ltr'><strong>Dic</strong></span> <span class='ocrx_word' id='word_1_825' title='bbox 2322 4990 2477 5052; x_wconf 92' lang='lat' dir='ltr'><strong>mihi,</strong></span> <span class='ocrx_word' id='word_1_826' title='bbox 2506 4991 2754 5052; x_wconf 86' lang='lat' dir='ltr'><strong>sceleste,</strong></span> <span class='ocrx_word' id='word_1_827' title='bbox 2780 4989 2902 5058; x_wconf 86' lang='lat' dir='ltr'><strong>quis</strong></span> <span class='ocrx_word' id='word_1_828' title='bbox 2948 5000 3054 5052; x_wconf 85' lang='lat' dir='ltr'><strong>est,</strong></span> <span class='ocrx_word' id='word_1_829' title='bbox 3085 4988 3177 5059; x_wconf 91' lang='lat' dir='ltr'><strong>qni</strong></span> <span class='ocrx_word' id='word_1_830' title='bbox 3236 4990 3288 5041; x_wconf 92' lang='lat' dir='ltr'><strong>in</strong></span> <span class='ocrx_word' id='word_1_831' title='bbox 3327 5004 3524 5041; x_wconf 88' lang='lat' dir='ltr'><strong>manus</strong></span> 
     </span>
    </p>
   </div>
   <div class='ocr_carea' id='block_1_111' title="bbox 1945 5076 3523 5138">
    <p class='ocr_par' dir='ltr' id='par_1_111' title="bbox 1945 5076 3523 5138">
     <span class='ocr_line' id='line_1_111' title="bbox 1945 5076 3523 5138; baseline -0.001 -2"><span class='ocrx_word' id='word_1_832' title='bbox 1945 5098 2096 5138; x_wconf 85' lang='lat' dir='ltr'><strong>meas</strong></span> <span class='ocrx_word' id='word_1_833' title='bbox 2133 5083 2608 5138; x_wconf 83' lang='lat' dir='ltr'><strong>tradiditdivitias</strong></span> <span class='ocrx_word' id='word_1_834' title='bbox 2644 5094 2762 5138; x_wconf 89' lang='lat' dir='ltr'><strong>tuas</strong></span> <span class='ocrx_word' id='word_1_835' title='bbox 2791 5092 2844 5135; x_wconf 89' lang='lat' dir='ltr'><strong>et</strong></span> <span class='ocrx_word' id='word_1_836' title='bbox 2880 5082 3022 5136; x_wconf 86' lang='lat' dir='ltr'><strong>hanc</strong></span> <span class='ocrx_word' id='word_1_837' title='bbox 3048 5082 3284 5134; x_wconf 82' lang='lat' dir='ltr'><strong>urbem?</strong></span> <span class='ocrx_word' id='word_1_838' title='bbox 3322 5098 3339 5131; x_wconf 74' lang='grc' dir='ltr'><strong>ι</strong></span> <span class='ocrx_word' id='word_1_839' title='bbox 3383 5076 3523 5134; x_wconf 65' lang='grc' dir='ltr'>Βρε-</span> 
     </span>
    </p>
   </div>
   <div class='ocr_carea' id='block_1_112' title="bbox 1942 5172 3517 5244">
    <p class='ocr_par' dir='ltr' id='par_1_112' title="bbox 1942 5172 3517 5244">
     <span class='ocr_line' id='line_1_112' title="bbox 1942 5172 3517 5244; baseline -0.002 -17"><span class='ocrx_word' id='word_1_840' title='bbox 1942 5175 2136 5244; x_wconf 86' lang='lat' dir='ltr'><strong>pondit</strong></span> <span class='ocrx_word' id='word_1_841' title='bbox 2170 5175 2441 5230; x_wconf 83' lang='lat' dir='ltr'><strong>Noraras:</strong></span> <span class='ocrx_word' id='word_1_842' title='bbox 2484 5194 2504 5227; x_wconf 83' lang='grc' dir='ltr'><strong>ι</strong></span> <span class='ocrx_word' id='word_1_843' title='bbox 2532 5174 2728 5229; x_wconf 72' lang='grc' dir='ltr'>θεας.)</span> <span class='ocrx_word' id='word_1_844' title='bbox 2765 5173 2903 5228; x_wconf 85' lang='lat' dir='ltr'><strong>Tum</strong></span> <span class='ocrx_word' id='word_1_845' title='bbox 2934 5173 3162 5228; x_wconf 79' lang='lat' dir='ltr'><strong>Ameras</strong></span> <span class='ocrx_word' id='word_1_846' title='bbox 3198 5189 3213 5226; x_wconf 88' lang='lat'>:</span> <span class='ocrx_word' id='word_1_847' title='bbox 3258 5192 3276 5224; x_wconf 88' lang='grc'>‹</span> <span class='ocrx_word' id='word_1_848' title='bbox 3312 5172 3517 5239; x_wconf 79' lang='lat' dir='ltr'><strong>Quodsi</strong></span> 
     </span>
    </p>
   </div>
   <div class='ocr_carea' id='block_1_113' title="bbox 1945 5266 3525 5337">
    <p class='ocr_par' dir='ltr' id='par_1_113' title="bbox 1945 5266 3525 5337">
     <span class='ocr_line' id='line_1_113' title="bbox 1945 5266 3525 5337; baseline -0.002 -16"><span class='ocrx_word' id='word_1_849' title='bbox 1945 5268 2084 5321; x_wconf 84' lang='lat' dir='ltr'><strong>Deus</strong></span> <span class='ocrx_word' id='word_1_850' title='bbox 2115 5270 2228 5322; x_wconf 68' lang='lat' dir='ltr'><strong>tunc</strong></span> <span class='ocrx_word' id='word_1_851' title='bbox 2252 5267 2383 5320; x_wconf 87' lang='lat' dir='ltr'><strong>mihi</strong></span> <span class='ocrx_word' id='word_1_852' title='bbox 2410 5266 2650 5331; x_wconf 89' lang='lat' dir='ltr'><strong>donavit,</strong></span> <span class='ocrx_word' id='word_1_853' title='bbox 2680 5275 2843 5337; x_wconf 87' lang='lat' dir='ltr'><strong>atque</strong></span> <span class='ocrx_word' id='word_1_854' title='bbox 2869 5276 2920 5319; x_wconf 91' lang='lat' dir='ltr'><strong>te</strong></span> <span class='ocrx_word' id='word_1_855' title='bbox 2972 5277 3026 5320; x_wconf 91' lang='lat' dir='ltr'><strong>et</strong></span> <span class='ocrx_word' id='word_1_856' title='bbox 3059 5266 3297 5335; x_wconf 84' lang='lat' dir='ltr'><strong>reliquos</strong></span> <span class='ocrx_word' id='word_1_857' title='bbox 3326 5267 3377 5320; x_wconf 90' lang='lat' dir='ltr'><strong>in</strong></span> <span class='ocrx_word' id='word_1_858' title='bbox 3410 5284 3525 5319; x_wconf 84' lang='lat' dir='ltr'><strong>ma-</strong></span> 
     </span>
    </p>
   </div>
   <div class='ocr_carea' id='block_1_114' title="bbox 1944 5346 3527 5430">
    <p class='ocr_par' dir='ltr' id='par_1_114' title="bbox 1944 5346 3527 5430">
     <span class='ocr_line' id='line_1_114' title="bbox 1944 5346 3527 5430; baseline -0.003 -16"><span class='ocrx_word' id='word_1_859' title='bbox 1944 5376 2049 5415; x_wconf 90' lang='lat' dir='ltr'><strong>nus</strong></span> <span class='ocrx_word' id='word_1_860' title='bbox 2082 5346 2232 5414; x_wconf 77' lang='lat' dir='ltr'><strong>meas</strong></span> <span class='ocrx_word' id='word_1_861' title='bbox 2256 5359 2483 5423; x_wconf 89' lang='lat' dir='ltr'><strong>dedidit,</strong></span> <span class='ocrx_word' id='word_1_862' title='bbox 2519 5359 2648 5430; x_wconf 90' lang='lat' dir='ltr'><strong>quid</strong></span> <span class='ocrx_word' id='word_1_863' title='bbox 2680 5369 2757 5425; x_wconf 90' lang='lat' dir='ltr'><strong>tu,</strong></span> <span class='ocrx_word' id='word_1_864' title='bbox 2785 5374 3040 5428; x_wconf 88' lang='lat' dir='ltr'><strong>nequam,</strong></span> <span class='ocrx_word' id='word_1_865' title='bbox 3073 5360 3155 5416; x_wconf 89' lang='lat' dir='ltr'><strong>ais</strong></span> <span class='ocrx_word' id='word_1_866' title='bbox 3175 5371 3228 5413; x_wconf 89' lang='lat' dir='ltr'><strong>et</strong></span> <span class='ocrx_word' id='word_1_867' title='bbox 3259 5359 3527 5430; x_wconf 71' lang='lat' dir='ltr'><strong>nugaris?</strong></span> 
     </span>
    </p>
   </div>
   <div class='ocr_carea' id='block_1_115' title="bbox 1945 5451 3520 5521">
    <p class='ocr_par' dir='ltr' id='par_1_115' title="bbox 1945 5451 3520 5521">
     <span class='ocr_line' id='line_1_115' title="bbox 1945 5451 3520 5521; baseline -0.003 -15"><span class='ocrx_word' id='word_1_868' title='bbox 1945 5467 2044 5506; x_wconf 90' lang='lat' dir='ltr'><strong>cur</strong></span> <span class='ocrx_word' id='word_1_869' title='bbox 2078 5452 2209 5506; x_wconf 88' lang='lat' dir='ltr'><strong>mihi</strong></span> <span class='ocrx_word' id='word_1_870' title='bbox 2235 5452 2350 5507; x_wconf 63' lang='lat' dir='ltr'><strong>haec</strong></span> <span class='ocrx_word' id='word_1_871' title='bbox 2380 5466 2488 5505; x_wconf 92' lang='lat' dir='ltr'><strong>non</strong></span> <span class='ocrx_word' id='word_1_872' title='bbox 2522 5463 2651 5507; x_wconf 84' lang='lat' dir='ltr'><strong>ante</strong></span> <span class='ocrx_word' id='word_1_873' title='bbox 2675 5451 2896 5516; x_wconf 86' lang='lat' dir='ltr'><strong>misisti,</strong></span> <span class='ocrx_word' id='word_1_874' title='bbox 2921 5466 3083 5521; x_wconf 86' lang='lat' dir='ltr'><strong>quam</strong></span> <span class='ocrx_word' id='word_1_875' title='bbox 3110 5451 3309 5507; x_wconf 76' lang='lat' dir='ltr'><strong>bellant</strong></span> <span class='ocrx_word' id='word_1_876' title='bbox 3331 5463 3520 5508; x_wconf 82' lang='lat' dir='ltr'><strong>contra</strong></span> 
     </span>
    </p>
   </div>
   <div class='ocr_carea' id='block_1_116' title="bbox 1943 5546 3522 5613">
    <p class='ocr_par' dir='ltr' id='par_1_116' title="bbox 1943 5546 3522 5613">
     <span class='ocr_line' id='line_1_116' title="bbox 1943 5546 3522 5613; baseline -0.003 -12"><span class='ocrx_word' id='word_1_877' title='bbox 1943 5560 2041 5601; x_wconf 88' lang='lat' dir='ltr'><strong>vos</strong></span> <span class='ocrx_word' id='word_1_878' title='bbox 2063 5560 2462 5600; x_wconf 81' lang='lat' dir='ltr'><strong>commoverem</strong></span> <span class='ocrx_word' id='word_1_879' title='bbox 2491 5555 2584 5599; x_wconf 86' lang='lat' dir='ltr'><strong>aut</strong></span> <span class='ocrx_word' id='word_1_880' title='bbox 2607 5547 2794 5600; x_wconf 90' lang='lat' dir='ltr'><strong>urbem</strong></span> <span class='ocrx_word' id='word_1_881' title='bbox 2819 5560 3093 5613; x_wconf 88' lang='lat' dir='ltr'><strong>caperem,</strong></span> <span class='ocrx_word' id='word_1_882' title='bbox 3117 5555 3175 5599; x_wconf 91' lang='lat' dir='ltr'><strong>ut</strong></span> <span class='ocrx_word' id='word_1_883' title='bbox 3197 5546 3291 5599; x_wconf 91' lang='lat' dir='ltr'><strong>tibi</strong></span> <span class='ocrx_word' id='word_1_884' title='bbox 3315 5546 3522 5613; x_wconf 77' lang='lat' dir='ltr'><strong>gratias</strong></span> 
     </span>
    </p>
   </div>
   <div class='ocr_carea' id='block_1_117' title="bbox 1944 5636 3520 5692">
    <p class='ocr_par' dir='ltr' id='par_1_117' title="bbox 1944 5636 3520 5692">
     <span class='ocr_line' id='line_1_117' title="bbox 1944 5636 3520 5692; baseline -0.002 -1"><span class='ocrx_word' id='word_1_885' title='bbox 1944 5647 1998 5691; x_wconf 90' lang='lat' dir='ltr'><strong>et</strong></span> <span class='ocrx_word' id='word_1_886' title='bbox 2031 5638 2526 5692; x_wconf 80' lang='lat' dir='ltr'><strong>remunerationem</strong></span> <span class='ocrx_word' id='word_1_887' title='bbox 2566 5638 2868 5692; x_wconf 79' lang='lat' dir='ltr'><strong>deberem?</strong></span> <span class='ocrx_word' id='word_1_888' title='bbox 2899 5636 3056 5691; x_wconf 85' lang='lat' dir='ltr'><strong>Nunc</strong></span> <span class='ocrx_word' id='word_1_889' title='bbox 3106 5637 3253 5690; x_wconf 89' lang='lat' dir='ltr'><strong>enim</strong></span> <span class='ocrx_word' id='word_1_890' title='bbox 3316 5651 3427 5689; x_wconf 87' lang='lat' dir='ltr'><strong>non</strong></span> <span class='ocrx_word' id='word_1_891' title='bbox 3465 5647 3520 5688; x_wconf 90' lang='lat' dir='ltr'><strong>tu</strong></span> 
     </span>
    </p>
   </div>
   <div class='ocr_carea' id='block_1_118' title="bbox 1946 5728 3524 5803">
    <p class='ocr_par' dir='ltr' id='par_1_118' title="bbox 1946 5728 3524 5803">
     <span class='ocr_line' id='line_1_118' title="bbox 1946 5728 3524 5803; baseline -0.002 -20"><span class='ocrx_word' id='word_1_892' title='bbox 1946 5732 2060 5784; x_wconf 76' lang='lat' dir='ltr'><strong>lucc</strong></span> <span class='ocrx_word' id='word_1_893' title='bbox 2084 5731 2215 5785; x_wconf 88' lang='lat' dir='ltr'><strong>mihi</strong></span> <span class='ocrx_word' id='word_1_894' title='bbox 2252 5730 2487 5803; x_wconf 82' lang='lat' dir='ltr'><strong>largiris,</strong></span> <span class='ocrx_word' id='word_1_895' title='bbox 2512 5732 2604 5786; x_wconf 86' lang='lat' dir='ltr'><strong>sed</strong></span> <span class='ocrx_word' id='word_1_896' title='bbox 2639 5728 2807 5784; x_wconf 78' lang='lat' dir='ltr'><strong>Deus.</strong></span> <span class='ocrx_word' id='word_1_897' title='bbox 2853 5751 2869 5782; x_wconf 84' lang='grc' dir='ltr'><strong>ι</strong></span> <span class='ocrx_word' id='word_1_898' title='bbox 2913 5731 2988 5785; x_wconf 87' lang='lat' dir='ltr'><strong>lla</strong></span> <span class='ocrx_word' id='word_1_899' title='bbox 3018 5729 3203 5783; x_wconf 86' lang='lat' dir='ltr'><strong>statim</strong></span> <span class='ocrx_word' id='word_1_900' title='bbox 3243 5728 3524 5782; x_wconf 70' lang='lat' dir='ltr'><strong>mandavit</strong></span> 
     </span>
    </p>
   </div>
   <div class='ocr_carea' id='block_1_119' title="bbox 1945 5818 3527 5888">
    <p class='ocr_par' dir='ltr' id='par_1_119' title="bbox 1945 5818 3527 5888">
     <span class='ocr_line' id='line_1_119' title="bbox 1945 5818 3527 5888; baseline 0.001 -17"><span class='ocrx_word' id='word_1_901' title='bbox 1945 5820 2250 5885; x_wconf 88' lang='lat' dir='ltr'><strong>lictoribus,</strong></span> <span class='ocrx_word' id='word_1_902' title='bbox 2284 5830 2342 5874; x_wconf 90' lang='lat' dir='ltr'><strong>ut</strong></span> <span class='ocrx_word' id='word_1_903' title='bbox 2368 5837 2491 5876; x_wconf 89' lang='lat' dir='ltr'><strong>eum</strong></span> <span class='ocrx_word' id='word_1_904' title='bbox 2527 5820 2580 5874; x_wconf 89' lang='lat' dir='ltr'><strong>in</strong></span> <span class='ocrx_word' id='word_1_905' title='bbox 2608 5837 2879 5875; x_wconf 85' lang='lat' dir='ltr'><strong>carcerem</strong></span> <span class='ocrx_word' id='word_1_906' title='bbox 2927 5820 3268 5888; x_wconf 81' lang='lat' dir='ltr'><strong>conjiCerent</strong></span> <span class='ocrx_word' id='word_1_907' title='bbox 3300 5826 3354 5872; x_wconf 90' lang='lat' dir='ltr'><strong>et</strong></span> <span class='ocrx_word' id='word_1_908' title='bbox 3401 5818 3527 5873; x_wconf 86' lang='lat' dir='ltr'><strong>diii-</strong></span> 
     </span>
    </p>
   </div>
   <div class='ocr_carea' id='block_1_120' title="bbox 1944 5914 3527 5983">
    <p class='ocr_par' dir='ltr' id='par_1_120' title="bbox 1944 5914 3527 5983">
     <span class='ocr_line' id='line_1_120' title="bbox 1944 5914 3527 5983; baseline -0.002 -15"><span class='ocrx_word' id='word_1_909' title='bbox 1944 5923 2132 5983; x_wconf 79' lang='lat' dir='ltr'><strong>gcntcr</strong></span> <span class='ocrx_word' id='word_1_910' title='bbox 2156 5915 2513 5969; x_wconf 85' lang='lat' dir='ltr'><strong>custodirent.</strong></span> <span class='ocrx_word' id='word_1_911' title='bbox 2545 5914 2808 5969; x_wconf 82' lang='lat' dir='ltr'><strong>Postridie</strong></span> <span class='ocrx_word' id='word_1_912' title='bbox 2838 5929 2962 5968; x_wconf 73' lang='lat' dir='ltr'><strong>cuin</strong></span> <span class='ocrx_word' id='word_1_913' title='bbox 2997 5926 3196 5968; x_wconf 85' lang='lat' dir='ltr'><strong>rursus</strong></span> <span class='ocrx_word' id='word_1_914' title='bbox 3241 5926 3429 5968; x_wconf 84' lang='lat' dir='ltr'><strong>coram</strong></span> <span class='ocrx_word' id='word_1_915' title='bbox 3463 5925 3527 5965; x_wconf 84' lang='lat' dir='ltr'><strong>se</strong></span> 
     </span>
    </p>
   </div>
  </div>
