3964 6438
507 405 612 471 8253

1729 418 2046 481 GEORGII

2181 423 2516 488 mimae
3595 408 3674 498 at

488 503 594 573 ὀὖν
625 520 725 572 οὐκ
757 514 811 573 sl
842 521 905 574 σὺ
931 522 959 575 ὁ
999 524 1235 594 χαρίσας
1276 542 1369 595 μοι
1409 527 1604 592 ταῦτα,
1636 529 1775 583 ἀλλὰ
1804 533 1834 585 ὁ
1861 504 2017 593 Θεόέ.
2055 550 2073 581 ι
2106 535 2155 588 A
2184 530 2311 594 λοὺς
2361 536 2570 598 πιάσας
2605 504 3071 599 ἐθανάτωσε,,καὶ
3119 536 3259 589 πᾶσα
3289 538 3319 608 ὴ
3349 537 3512 604 αὐτοῖς
3539 545 3676 614 ἑπαγ-

501 613 612 666 Καὶ
654 613 812 676 εὐθϋς
854 613 1026 683 ὥρισε
1069 619 1186 679 τοῖς
1215 617 1437 687 δημίοις
1466 620 1556 675 ἵνα
1583 623 1667 685 είς
1698 621 1948 692 φυλακὴν
1981 622 2074 686 βά-

497 700 663 785 λωσιν
706 703 871 756 αὐτὸν
922 705 1014 756 καὶ
1044 705 1305 774 ἀσφαλῶς
1349 708 1582 796 τηρῶσι.
1614 710 1693 781 Τῇ
1725 710 1781 763 δὲ
1814 711 2080 782 ἐπαύριον

500 795 810 861 προστάξας
872 796 1115 865 ἤνεγκον
1173 797 1339 853 πάλιν
1401 795 1563 853 αὐτὸν
1622 800 1937 871 ἔμπροσθεν
1984 801 2079 856 τοῦ

497 883 743 953 βήματος
776 889 942 940 αὐτοῦ
961 904 976 919 ο
1008 891 1100 943 καί
1131 890 1280 958 λέγει
1309 892 1486 963 αὐτῷ·
1517 912 1536 945 ι
1560 895 1714 949 Ἐπεὶ
1744 896 1846 949 οὐκ
1884 895 2083 966 ἠθέλη-

499 994 597 1041 σας
628 977 897 1049 βοηθῆσαι
928 981 1006 1051 τῷ
1042 983 1255 1050 βασιλεῖ
1289 987 1383 1038 καὶ
1429 990 1494 1057 τῇ
1545 988 1764 1057 πατρίδι
1796 1005 1892 1042 σου
1940 989 2082 1057 μετὰ

494 1070 754 1123 τοσούτου
787 1074 1067 1142 θησαυροῦ
1123 1078 1505 1146 ἀναριθμήτου
1562 1079 1621 1131 ὃν
1648 1078 1814 1150 εἶχες,
1853 1084 1949 1135 καὶ
1989 1081 2078 1134 διὰ

495 1159 546 1209 τί
572 1161 672 1212 οὐκ
700 1161 1028 1226 ἐϐούλευσας
1081 1167 1172 1218 τὸν
1207 1166 1458 1237 βασιλέα,
1489 1170 1580 1221 ὅτε
1625 1171 1877 1238 ἐμήνυσα
1927 1169 2078 1241 αὐτῷ

497 1250 584 1303 ἵνα
636 1254 755 1319 μετ’
804 1257 1026 1326 εἰρήνης
1071 1261 1167 1310 καὶ
1212 1260 1436 1330 ἀγάπης
1489 1280 1579 1327 μοι
1606 1263 1759 1332 δώσῃ
1786 1264 1885 1332 τὴν
1920 1263 2078 1316 πόλιν

493 1347 589 1399 καὶ
613 1347 776 1400 ἄλλον
804 1350 918 1401 ἀντ’
950 1351 1121 1422 αὐτῆς
1149 1353 1316 1408 τόπον
1346 1354 1504 1408 δώσω
1562 1356 1678 1424 μετ’
1707 1357 1931 1425 ἀγάπης
1984 1356 2078 1409 καὶ

494 1437 701 1502 φιλίας.
740 1440 827 1493 ἵνα
862 1440 936 1512 μὴ
965 1442 1213 1496 τοσοῦτοι
1264 1445 1416 1510 φόνοι
1467 1447 1742 1513 ἀναμέσον
1778 1449 1936 1514 ἡμῶν
1977 1465 2075 1515 γε·

492 1532 809 1596 νήσωνταις
855 1551 873 1583 ι
921 1533 983 1585 '0
1021 1535 1079 1587 δὲ
1133 1537 1463 1607 ἀποκριθεὶς
1493 1533 1648 1592 εἶπεν
1688 1540 1849 1610 293
1882 1540 2066 1610 αὐτῷ’

498 1638 517 1671 ι
565 1620 712 1687 Ἐγὼ
737 1623 910 1685 αἴτιος
937 1626 1035 1694 οὐχ
1066 1627 1301 1698 ὑπάρχω
1348 1631 1426 1692 εἰς
1457 1631 1557 1701 τὴν
1592 1632 1761 1699 αὐτὴν
1793 1632 2075 1699 ὑπόθεσιν,

494 1716 551 1764 ἀ)
564 1713 610 1767 λ’
645 1716 693 1767 oi
730 1716 937 1770 Ἐνετοὶ
965 1720 1063 1771 καὶ
1087 1720 1137 1771 οἱ
1174 1722 1232 1771 ἐν
1261 1723 1337 1790 τῷ
1358 1723 1603 1794 Γαλατᾷ,
1637 1724 1687 1777 οἳ
1734 1715 1966 1778 ἔτασσον
1995 1725 2075 1791 τῷ

495 1805 708 1875 βασιλεῖ
750 1808 837 1863 ἵνα
888 1810 1076 1863 στόλον
1115 1814 1210 1865 καὶ
1241 1815 1473 1884 στρατὸν
1514 1817 1593 1876 είς
1634 1816 1894 1885 βοήθειαν
1922 1816 2074 1887 αὐτῷ

494 1902 830 1959 στείλωσιν.»
852 1904 910 1957 Ὀ
941 1906 998 1957 δὲ
1046 1906 1298 1977 Ἀμηρᾶς
1320 1923 1333 1937 ·
1371 1926 1389 1959 ι
1424 1908 1599 1962 Πολλὰ
1636 1904 1807 1975 οῖδας,
1848 1928 1864 1963 ι
1898 1910 2071 1985 λέγει,

497 2009 517 2043 ι
553 1992 783 2061 ψεύδους
831 1996 1201 2066 ἐφευρήματα
1227 2014 1241 2029 '
1290 1997 1359 2051 τὰ
1384 1999 1502 2055 ,νῦν
1531 1999 1587 2052 δὲ
1618 2000 1815 2070 καιρὸς
1844 2000 2075 2070 ψεύδους

490 2086 590 2137 οὐκ
620 2086 769 2140 ἐστιν
817 2089 904 2141 ἵνα
960 2089 1205 2162 βοηθήσῃ
1259 2109 1365 2147 σοι.
1418 2111 1436 2143 ι
1481 2093 1594 2146 Καὶ
1643 2094 1954 2161 προστάξας
1987 2096 2081 2149 ἐπὶ

490 2177 588 2248 τὴν
618 2178 809 2248 αὔριον
842 2182 935 2234 ἐπὶ
962 2182 1063 2251 τὴν
1113 2182 1207 2236 τοῦ
1239 2182 1419 2252 Ξηροῦ
1460 2184 1629 2253 λόφου
1670 2186 1884 2256 ἀγορὰν
1926 2187 2077 2257 πρῶ-

488 2287 584 2325 τον
620 2276 961 2328 κατενώπιον
1015 2275 1184 2329 αὐτοῦ
1221 2276 1583 2331 θανατώσωσι
1632 2280 1759 2342 τοὺς
1800 2279 1895 2333 δύο
1924 2278 2080 2344 υἱοὺς

489 2364 677 2428 αὐτοῦ,
709 2365 801 2429 οὓς
833 2385 962 2421 ποτε
989 2367 1108 2439 ᾔτει
1138 2368 1218 2438 τῷ
1252 2368 1466 2439 βασιλεῖ
1504 2371 1591 2424 ἵνα
1623 2370 1714 2425 τὸν
1748 2371 1845 2425 ἕνα
1893 2373 2078 2429 αὐτῶν

488 2459 698 2531 τιμήσῃ
727 2459 813 2529 τῷ⁹
836 2461 930 2513 τοῦ
968 2462 1207 2531 μεγάλου
1239 2464 1637 2517 κοντοσταύλου
1670 2463 1943 2533 ἀξιώματι
1978 2466 2075 2519 καὶ

486 2551 579 2603 τὸν
605 2550 795 2622 ἕτερον
825 2553 905 2624 τῷ
928 2553 1028 2608 τοῦ
1065 2557 1304 2624 μεγάλου
1339 2557 1657 2624 λογοθέτου,
1689 2556 1809 2612 εἶτα
1842 2559 1942 2613 καὶ
1980 2561 2081 2613 αὐ-

486 2643 579 2697 τὸν
607 2642 1022 2707 θανατώσωσιν,
1054 2648 1131 2712 ὡς
1158 2650 1254 2703 καὶ
1285 2652 1504 2717 ἐγένετο
1533 2666 1547 2681 ’
1585 2652 1685 2705 καὶ
1709 2651 1856 2705 οὕτω
1885 2653 1956 2706 τὰ
1982 2652 2076 2708 τοῦ

485 2739 672 2792 Λουκᾶ
722 2740 815 2792 τοῦ
847 2741 1076 2811 Νοταρᾶ
1128 2746 1305 2812 πέρας
1344 2743 1561 2799 ἔλαϐον.
1596 2741 1731 2799 Εἶτα
1763 2747 2079 2817 προστάξας

490 2832 632 2899 μετὰ
658 2831 832 2886 ταῦτα
867 2833 1184 2890 ἐθανάτωσε
1226 2836 1458 2900 πολλοὺς
1503 2837 1749 2906 εὐγενεῖς
1780 2840 2075 2910 ἄρχοντας,

485 2926 583 2978 τον
614 2926 726 2979 τῶν
761 2926 995 2982 Ἐνετῶν
1031 2929 1282 2999 ἄγγαρον
1313 2932 1408 2985 καὶ
1457 2932 1551 2986 τὸν
1599 2933 1714 2986 υἱὸν
1762 2935 1954 3003 αὐτοῦ,
1984 2935 2079 2988 τὸν

486 3018 759 3088 ἀστάνδην
789 3020 890 3090 τῆς
919 3022 1264 3086 Καταλονίας
1290 3026 1383 3078 καὶ
1413 3026 1544 3088 τοὺς
1568 3026 1662 3081 δύο
1697 3028 1851 3090 υίούς
1880 3027 2076 3084 αὐτοῦ.

485 3105 624 3166 Εἶτα.
674 3111 870 3183 ἤθελεν
922 3112 1239 3169 θανατῶσαι
1286 3117 1383 3170 καὶ
1444 3116 1535 3170 τὸν
1589 3112 1923 3191 Κονταρῖνον
1982 3120 2078 3174 καὶ

2187 627 2345 695 γελία
2375 629 2444 699 ἢν
2472 630 2844 698 ἐπηγγείλατο
2872 630 2953 693 εἰς
2988 630 3143 683 οὐδὲν
3170 630 3428 701 ἐλογίσθη,
3457 634 3576 688 ἀλλὰ
3604 641 3677 691 καὶ

2185 717 2386 779 αὐτοὺς
2415 718 2698 782 ὑποτελεῖς
2727 718 2930 788 ὥρισεν
2959 714 3119 773 εἶναι.
3139 719 3240 772 Τὸν
3265 720 3320 774 δὲ
3345 720 3453 775 ’Δλὶ
3477 729 3675 792 μπασιᾶν

2184 810 2398 874 στείλας
2417 811 2748 865 ἀπέκλεισεν
2783 813 2845 864 ὲν
2874 811 3074 882 πύργῳ
3100 811 3225 874 τινὶ,
3257 813 3348 865 καὶ
3376 815 3499 877 μετὰ
3532 815 3680 885 ὀλίγας

2181 901 2396 970 ἡμέρας
2424 903 2522 955 καὶ
2549 902 2712 956 αὐτὸν
2742 902 3080 967 ἐθανάτωσε,
3098 899 3165 954 δι’
3195 902 3259 971 ἣν
3289 900 3456 954 αἰτίαν
3478 902 3680 972 εἴπομεν,

2181 993 2351 1063 ἧγουν
2376 993 2465 1047 διὰ
2495 993 2557 1047 τὸ
2584 995 2764 1062 λέγειν
2791 994 2955 1048 αὐτὸν
2981 992 3077 1046 τοῦ
3108 993 3182 1064 μὴ
3212 991 3367 1063 294
3400 993 3580 1063 ἐγεῖραι
3605 994 3685 1058 μά-

2181 1087 2453 1155 χηνικατὰ
2486 1086 2586 1156 τῆς
2625 1085 2855 1152 πόλεως,
2895 1086 2982 1140 ἵνα
3013 1084 3088 1156 μὴ
3117 1086 3165 1137 oi
3209 1083 3313 1136 τῶν
3343 1084 3583 1152 ἑσπερίων
3608 1084 3685 1136 αὐ-

2182 1179 2368 1233 θένται
2414 1178 2736 1250 Χριστιανοὶ
2776 1177 3123 1248 συναχθῶσιν
3153 1176 3247 1228 ἐπὶ
3271 1174 3330 1227 τὸ
3366 1174 3485 1228 αὐτὸ
3508 1175 3685 1242 καὶτῆς

2184 1268 2456 1341 Εὐρώπης
2490 1269 2692 1331 αὐτοὺς
2740 1268 2982 1332 διώξωσι
3029 1265 3127 1319 καὶ
3172 1265 3239 1319 τὰ
3269 1263 3408 1333 ἑξῆς,
3436 1264 3503 1326 ὠς
3528 1268 3686 1332 προγέ-

2180 1379 2451 1433 γραπται.
2489 1361 2549 1416 '0
2593 1362 2822 1423 θάνατος
2858 1358 2953 1435 οὖν
3001 1357 3169 1414 αὐτοῦ
3220 1356 3390 1427 λύπην
3431 1357 3687 1427 ἀμέτρητον

2181 1456 2347 1509 παντὶ
2378 1455 2458 1526 τῷ
2507 1454 2724 1526 στρατῷ
2753 1454 2846 1507 τοῦ
2883 1453 3075 1523 ἀμηρᾶ
3105 1450 3331 1512 ἐνέδωκε
3363 1449 3446 1502 διὰ
3495 1450 3546 1502 τὺ
3578 1445 3690 1502 εἶναι

2180 1548 2343 1601 αὐτὸν
2372 1547 2479 1601 ὑπὸ
2505 1548 2725 1602 πάντων
2753 1547 3081 1615 φιλούμενον
3112 1541 3209 1597 καὶ
3237 1543 3317 1605 εἰς
3357 1543 3514 1595 πάντα
3547 1540 3689 1601 καλῶς

2179 1642 2269 1694 τὸν
2300 1643 2527 1711 ἁμηρᾶν
2558 1640 3019 1708 συμϐουλεύοντα.

2251 1738 2305 1788 ι’.
2349 1733 2483 1786 Ἀπὸ
2523 1733 2698 1801 Ἀδὰμ
2731 1732 2837 1795 ἕως
2863 1731 2959 1786 τοῦ
2995 1730 3381 1800 κατακλυσμοῦ
3412 1730 3596 1796 γίνεται
3621 1723 3694 1790 ἔτη
3786 1766 3799 1791 ,

2184 1824 2386 1897 ,βσμβ’,
2417 1825 2514 1880 καὶ
2552 1824 2663 1879 ἀπὸ
2692 1825 2787 1879 τοῦ
2817 1824 3210 1897 κατακλυσμοῦ
3256 1824 3356 1886 ἕως
3397 1821 3489 1891 τῆς
3530 1833 3695 1887 πυργο-

2183 1921 2369 1980 ποιίας
2413 1917 2510 1987 ἔτη
2543 1918 2617 1986 φ’.
2673 1919 2771 1971 καὶ
2822 1918 2934 1972 ἀπὺ
2967 1918 3069 1986 τῆς
3123 1914 3479 1987 πυργοποιίας
3504 1911 3595 1971 ἕως
3618 1907 3695 1974 τῆς

2180 2009 2450 2073 ἐλεύσεως
2478 2008 2575 2063 τοῦ
2618 2009 2878 2079 Ἀϐραὰμ
2913 2009 2996 2074 είς
3037 2008 3265 2063 Χαναὰν
3306 2005 3426 2074 γῆν,
3454 2001 3508 2066 ἐξ
3541 1995 3597 2071 ἧς
3625 1997 3697 2049 καὶ

2180 2101 2290 2155 τῶν
2329 2101 2665 2171 Ἑλληνικῶν
2714 2101 2856 2155 θεῶν
2905 2100 3280 2172 λαμϐάνουσιν
3321 2095 3487 2166 ἀρχὴν
3525 2090 3697 2144 131M-

2184 2209 2357 2262 ματα,
2389 2195 2531 2248 εἰσὶν
2562 2195 2655 2266 ἐτη
2687 2200 2827 2265 χιςν.
2876 2194 2991 2246 Καὶ
3034 2193 3145 2246 ἀπὸ
3195 2190 3290 2244 τοῦ
3349 2188 3579 2257 Ἀϐραὰμ
3619 2181 3697 2242 ἕως

2191 2283 2406 2356 Ῥώμου
2437 2287 2536 2341 καὶ
2571 2287 2859 2358 Ῥωμύλου
2884 2287 2977 2357 ἔτη
3007 2278 3209 2358 ,ατμβᾌ
3233 2281 3327 2338 καὶ
3355 2281 3457 2336 ἀπὸ
3483 2276 3567 2332 τοῦ
3599 2273 3699 2328 Ῥὼ-

2184 2392 2287 2445 μου
2322 2377 2422 2429 καὶ
2469 2375 2748 2447 Ῥωμύλου
2798 2377 2908 2441 ἕως
2958 2376 3278 2445 Αὐγούστου
3312 2366 3588 2439 ’Καίσαρος
3628 2364 3697 2429 ἐτη

2178 2466 2334 2538 ψπζ,
2391 2469 2487 2522 καὶ
2536 2468 2646 2521 ἀπὸ
2694 2467 2788 2521 τοῦ
2837 2468 3160 2535 Αὐγούστου
3212 2468 3481 2534 Καίσαρος
3518 2460 3607 2519 ’ἕως
3633 2453 3699 2506 τοῦ

2184 2561 2429 2632 μεγάλου
2455 2560 2882 2615 Κωνσταντίνου
2915 2559 3154 2614 Φλαϐίου
3193 2559 3287 2612 τοῦ
3313 2551 3597 2626 τρισολϐίου
3632 2545 3701 2598 καὶ

2180 2656 2433 2725 ἀοιδίμου
2471 2673 2529 2709 τε
2585 2656 2683 2710 καὶ
2716 2656 3083 2726 ἀειμνήστου,
3128 2656 3225 2709 τοῦ
3266 2650 3632 2724 μεταθέσαντος
3651 2640 3701 2691 τὶ

2185 2749 2439 2817 βασίλεια
2477 2749 2587 2803 ἀπὸ
2632 2748 2736 2818 τῆς
2767 2749 3011 2812 παλαιᾶς
3051 2746 3277 2819 Ῥώμης
3307 2747 3385 2806 εἰς
3415 2744 3699 2797 Κωνσταντι-

2181 2840 2436 2896 νούπολιν
2462 2842 2563 2912 τήν
2582 2858 2715 2895 ποτε
2751 2840 3068 2906 Βυζάντιον,
3089 2840 3158 2911 ἥν
3183 2836 3345 2898 αὐτὸς
3366 2829 3697 2905 ἁνῳκοδὴμησε

2183 2934 2280 2989 καὶ
2331 2936 2461 2988 νέαν
2504 2934 2726 3005 Ῥώμην
2777 2934 3091 3003 ὠνόμασεν,
3142 2933 3284 2985 εἰσὶν
3318 2929 3411 2997 ἐτη
3461 2920 3580 2993 τλβ¹.
3623 2916 3699 2971 Καὶ

2182 3028 2295 3082 ἀπὸ
2327 3029 2749 3082 Κωνσταντίνου
2779 3026 3019 3081 Φλαϐίου
3051 3025 3151 3078 τοῦ
3183 3019 3407 3093 Χλωροῦ
3435 3018 3529 3080 ἕως
3569 3012 3696 3079 Ἥρα-

2181 3120 2370 3175 κλείου
2400 3120 2495 3174 τοῦ
2525 3120 2772 3192 μεγάλου
2805 3118 2902 3189 ἐτη
2932 3119 3029 3182 τέ,
3062 3121 3123 3171 ἔν
3155 3113 3237 3181 οἷς
3272 3115 3476 3187 χρόνοις
3501 3106 3560 3181 ἦν
3588 3102 3699 3158 καὶὸ

486 3205 711 3275 ἑτέρους
743 3207 990 3275 εὐγενεῖς
1022 3209 1131 3261 τῶν
1171 3210 1429 3275 Ἐνετῶν,
1472 3211 1523 3264 οἳ
1572 3212 1834 3283 χρήματα
1866 3211 2078 3266 δώσαν-
2104 3224 2148 3284 c
2168 3214 2627 3293 ⁹τρισκατάρατος
2658 3213 2756 3267 καὶ
2783 3212 3241 3284 ψευδοπροφήτης
3268 3203 3527 3277 Μωάμεθι
3550 3202 3574 3253 δ

485 3315 579 3362 τες
617 3301 712 3352 καὶ
762 3300 1233 3372 ἐπαγγειλάμενοι
1256 3303 1334 3374 τῷ
1373 3305 1550 3371 Σογὰν
1594 3306 1814 3377 μπασιᾷ
1845 3304 1941 3358 τοῦ
1978 3303 2080 3375 ζῇν

487 3390 890 3461 ὲχαρίσθησαν.
927 3393 1037 3447 Καὶ
1074 3393 1294 3458 στείλας
1335 3396 1394 3448 ἐν
1448 3395 1524 3466 τῷ
1558 3396 1782 3466 Γαλατᾷ
1811 3396 1908 3449 καὶ
1948 3395 2081 3449 πολ-

489 3567 874 3636 adducijussit
901 3577 954 3625 et
987 3571 1074 3627 his
1126 3572 1310 3627 verbis
1340 3573 1725 3641 compellavit:
1765 3590 1784 3623 ι
1828 3570 2084 3638 Quando-

490 3658 713 3726 quidem
769 3662 1088 3732 imperatori
1154 3672 1208 3719 et
1245 3668 1433 3733 patriae
1487 3676 1594 3719 tuae
1651 3664 1925 3719 ditissimo
1979 3665 2082 3719 hoc

489 3752 772 3819 thesauro,
823 3770 984 3826 quem
1036 3757 1301 3823 habebas,
1361 3756 1618 3827 Opitulari
1676 3757 1925 3823 noluisti,
1981 3772 2081 3836 cur

489 3848 805 3917 imperatori
836 3863 944 3904 non
972 3850 1224 3914 suasisti,
1247 3864 1372 3903 cum
1408 3848 1569 3902 talem
1624 3864 1726 3920 ego
1778 3852 1825 3904 ei
1890 3849 2081 3905 condi-

489 3942 690 3996 tionem
734 3941 1177 4010 proposuissem,
1211 3950 1268 3994 ut
1323 3940 1548 4009 paciliee
1597 3950 1652 3995 et
1687 3943 1833 3997 ultro
1884 3944 2078 3998 urbem

489 4035 624 4090 mihi
659 4035 837 4098 daret,
868 4049 972 4105 ego
1002 4034 1080 4089 illi
1112 4034 1279 4089 alium
1308 4035 1492 4089 locum
1520 4049 1642 4088 cum
1695 4035 2079 4093 benevolentia

488 4139 544 4182 et
583 4128 827 4185 amicitia
870 4128 1244 4192 restituerem,
1285 4141 1355 4182 ne
1382 4135 1549 4182 tantae
1581 4128 1724 4184 inter
1767 4144 1867 4183 nos
1901 4131 2080 4184 caedes

487 4220 721 4278 ﬂerent?
756 4241 775 4273 ι
810 4220 1260 4290 Responditille:
1300 4238 1321 4274 ι
1359 4220 1531 4291 Hujus
1564 4223 1639 4275 rei
1668 4238 1776 4276 non
1829 4239 1930 4294 ego
1958 4224 2077 4279 cul—

484 4330 612 4385 pam
644 4316 913 4380 sustineo,
950 4315 1047 4369 sed
1076 4315 1262 4371 Veneti
1310 4324 1367 4370 et
1398 4314 1645 4380 Galataci,
1686 4317 1778 4383 qui
1843 4319 2079 4387 impera-

488 4406 593 4461 tori
627 4406 1048 4476 promittehant,
1083 4421 1144 4461 se
1173 4407 1408 4463 classem
1446 4416 1501 4463 et
1556 4407 1747 4475 copias
1776 4408 1822 4463 ei
1868 4411 2077 4464 auxilio

487 4501 776 4557 missurus.
819 4520 839 4553 ι
871 4496 1086 4556 Rursus
1118 4503 1382 4557 Ameras:
1432 4519 1453 4553 ι
1492 4500 1682 4563 Multa.
1733 4502 1931 4572 inquit,
1965 4504 2074 4558 ﬁn-

485 4610 615 4667 gere
636 4595 917 4650 mendacia
953 4594 1216 4651 didicisti.
1263 4593 1464 4649 Verum
1499 4610 1648 4649 nunc
1695 4607 1910 4664 tempus
1964 4612 2070 4652 non
2105 4567 2156 4627 θ

484 4696 571 4743 est
599 4686 902 4743 mandaciis
945 4687 1043 4741 tibi
1102 4685 1450 4741 consulendi.
1490 4705 1510 4738 ι
1552 4684 1823 4755 Praecepit
1874 4687 2073 4742 deinde

487 4787 548 4831 ut
576 4780 829 4849 sequenti
885 4776 977 4834 die
1021 4778 1219 4834 infero
1249 4778 1420 4833 Collis
1475 4778 1637 4842 aridi,
1667 4779 1812 4848 quod
1848 4781 2073 4859 dicitur,

487 4873 639 4939 prius
660 4887 848 4927 coram
907 4872 1029 4943 ipso
1064 4872 1177 4927 duo
1211 4873 1305 4926 lilii
1360 4872 1482 4939 ejus
1520 4871 1951 4939 trucidarentur,
2006 4874 2076 4928 de

488 4964 691 5033 quibus
721 4966 851 5020 olim
884 4975 1189 5033 rogaverat,
1219 4975 1279 5019 ut
1330 4965 1635 5034 imperator
1666 4965 1901 5020 alterum
1954 4983 2077 5021 ma-

489 5055 581 5125 gni
615 5056 974 5123 contostauli,
1001 5055 1250 5111 alterum.
1267 5056 1450 5125 magni
1479 5056 1772 5127 logometae
1806 5058 2075 5129 dignitate

488 5149 841 5204 honestaret:
873 5149 1075 5204 deinde
1115 5148 1483 5202 trucidaretur
1529 5149 1687 5220 ipse:
1742 5152 1796 5207 id
1820 5154 1965 5222 quod
2000 5153 2075 5210 ita

490 5240 696 5295 factum
732 5252 833 5297 est.
868 5240 1028 5296 Hunc
1074 5240 1242 5309 igitur
1276 5240 1440 5295 tinem
1499 5259 1587 5297 res
1649 5243 1806 5299 Luca:
1854 5245 2075 5302 Notam

491 5330 821 5387 habuerunt.
857 5331 1061 5385 Deinde
1088 5332 1321 5386 Ameras
1351 5333 1549 5389 multos
1600 5351 1895 5418 generosos
1928 5338 2076 5394 viros

491 5423 1021 5493 principesinterﬁci
1051 5423 1238 5493 jussit,
1292 5428 1439 5481 velut
1497 5427 1826 5484 Venetorum
1868 5434 2066 5487 statio-

491 5518 706 5571 narium
759 5524 814 5570 et.
865 5516 1038 5570 ﬁlium
1089 5519 1233 5588 ejus,
1267 5523 1587 5589 magistrum
1642 5539 1839 5577 cursus
1870 5523 2072 5593 publici

490 5610 875 5667 Catelanomm
904 5628 1027 5667 cum
1061 5612 1277 5667 duobus
1319 5616 1465 5668 ﬁliis.
1510 5616 1627 5669 Mox
1668 5616 1831 5671 etiam
1866 5617 2070 5671 Cnnla~

488 5704 670 5759 riuum
704 5715 758 5759 et
782 5704 918 5759 alios
962 5706 1175 5761 nobiles
1211 5704 1444 5764 Venetus
1491 5710 1667 5764 occidi
1724 5710 1914 5774 voluit,
1976 5712 2071 5780 qui

489 5802 699 5862 tamen,
730 5797 962 5865 pecunia
1014 5799 1138 5852 data
1164 5808 1217 5852 et
1252 5798 1527 5869 promissa
1578 5799 1957 5868 Sogaubasiar,
1988 5802 2069 5855 ri-

495 5894 601 5940 tam
635 5888 1013 5959 impetrarunt.
1054 5892 1120 5946 At
1152 5908 1276 5948 vero
1313 5893 1563 5948 Galatam
1595 5893 1741 5948 misit
1778 5902 1830 5946 et
1863 5893 2065 5951 multos

2180 3289 2344 3374 γονος
2396 3305 2493 3357 τοῦ
2536 3304 2793 3374 Ἰσμαὴλ,
2824 3305 2885 3366 ὃς
2916 3304 3169 3375 ὑπῆρχεν
3202 3306 3266 3357 ὲκ
3312 3302 3408 3371 τῆς
3436 3295 3524 3350 τοῦ
3555 3289 3699 3360 KH“?

2184 3396 2359 3467 φυλῆς
2387 3395 2482 3450 τοῦ
2515 3396 2872 3468 πρωτοτόκου
2920 3396 3037 3450 υἱοῦ
3074 3395 3329 3468 Ἰσμαήλ.
3375 3389 3591 3459 Νίζαρος
3620 3380 3697 3449 γὰρ

2184 3579 2258 3636 ibi
2282 3580 2708 3651 comprehensos
2752 3579 3070 3646 trucidavit,
3133 3594 3237 3635 nec
3292 3575 3571 3648 quidquam
3612 3569 3695 3651 la“?

2182 3674 2536 3743 meminerat,
2567 3689 2733 3746 quam
2765 3675 2834 3730 iis
2867 3675 3242 3729 conditionem
3275 3664 3612 3742 promisisset.

2182 3768 2308 3824 illos
2353 3742 2732 3837 quoque'sibi
2792 3764 3186 3835 stipendiarios
3249 3777 3370 3819 esse
3426 3752 3596 3812 voluit.
3640 3742 3700 3799 Διί

2182 3860 2399 3917 Basiam
2422 3861 2476 3916 in
2502 3862 2697 3915 turrim
2730 3859 3028 3923 inclusum,
3056 3842 3181 3928 post
3225 3868 3425 3926 paucos
3462 3849 3568 3903 dies
3604 3842 3701 3928 inte:

2181 3955 2365 4021 remit,
2393 3962 2615 4025 propter
2658 3968 2884 4009 causam
2923 3967 2952 4006 a
3001 3921 3162 4006 nobis
3196 3921 3568 4020 signiﬁcatam,
3595 3921 3703 4000 quod

2181 4054 2457 4110 suaserat,
2487 4060 2557 4100 ne
2591 4045 2792 4101 bellum
2828 4045 3094 4101 adversus
3128 4044 3323 4098 urbem
3372 4033 3704 4099 susciperetur.

2182 4151 2241 4191 ut
2273 4136 2644 4191 occidentales
2675 4137 2953 4206 principes
2987 4134 3289 4190 Christiani
3335 4146 3400 4185 ne
3455 4122 3707 4192 conjunge'

2181 4238 2374 4284 rentur
2407 4243 2473 4282 ea
2504 4227 2797 4284 occasione
2822 4238 2878 4283 et
2904 4242 2964 4283 se
2989 4242 3054 4282 ex
3102 4224 3323 4295 Europa
3377 4213 3708 4313 ejicerenteet

2179 4338 2304 4394 quae
2332 4322 2437 4376 alia
2472 4337 2640 4390 supra
2673 4322 3261 4377 eammemoravimus.
3324 4318 3450 4387 Ejus
3494 4316 3707 4403 mors

2178 4424 2395 4486 gentem
2425 4414 2629 4468 luctum
2677 4411 2938 4467 exercitui
2986 4411 3245 4467 universo
3300 4410 3505 4464 Amerae
3546 4394 3708 4454 alium:

2180 4511 2440 4577 quoniam
2461 4507 2528 4560 ab
2554 4506 2813 4562 omnibus
2834 4505 3166 4574 diligebatur
3192 4515 3247 4560 et
3268 4502 3514 4574 praeclara
3537 4497 3708 4558 semper

2179 4601 2405 4656 consilia
2436 4600 2651 4655 Amerze
2677 4599 2919 4654 dederat.

2257 4690 2345 4746 l0.
2390 4694 2469 4746 Ah
2497 4693 2711 4746 Adamo
2745 4691 2812 4746 ad
2845 4692 3114 4746 diluvium
3167 4690 3298 4746 anni
3352 4692 3477 4743 sunt
3520 4673 3658 4733 2242.
3686 4680 3705 4717 a

2140 4776 2145 4779 ¹
2181 4791 2388 4845 diluvio
2419 4791 2485 4844 ad
2516 4798 2860 4844 exstructam
2885 4790 3082 4843 turrim
3110 4786 3387 4852 anni500,
3423 4781 3490 4835 ab
3505 4780 3708 4833 exstruc-

2144 4857 2399 4937 'ta.turri
2433 4882 2500 4936 ad
2526 4882 2828 4935 Ahrahami
2884 4882 2937 4935 in
3001 4880 3264 4936 Chanaan
3329 4875 3617 4932 adventum,
3658 4871 3706 4911 ει

2183 4989 2291 5043 qua
2314 4983 2458 5028 terra
2487 4972 2807 5028 Grzecorum
2840 4972 3072 5026 deorum
3106 4971 3335 5025 nomina
3360 4964 3605 5033 originem
3631 4949 3707 5043 du-

2177 5042 2333 5129 cunt,
2366 5065 2496 5119 anni
2525 5064 2630 5119 6l6
2665 5079 2679 5129 ;
2706 5064 2774 5119 ab
2804 5065 3119 5119 Abrahamo
3142 5063 3206 5118 ad
3244 5056 3528 5115 Romulum
3555 5059 3600 5101 et
3630 5042 3708 5094 lic-

2184 5173 2333 5212 mum
2364 5158 2492 5212 anni
2526 5156 2698 5222 1542;
2726 5173 2756 5211 a
2784 5156 3018 5212 Romulo
3046 5157 3113 5211 ad
3153 5160 3451 5224 Αιιϐ¹¹⁸ί¹¹¹¹¹
3484 5144 3705 5240 (ἶς’Γῴ

2178 5252 2309 5306 θιιιιί
2339 5252 2478 5318 737;
2512 5250 2582 5311 ab
2611 5253 2860 5322 Augusto
2882 5252 3102 5307 Caesare
3132 5249 3198 5303 ad
3227 5257 3479 5309 umgnum
3501 5235 3704 5290 Flavium

2176 5344 2628 5407 cons'amiﬂumo
2661 5352 2745 5397 lt‘r
2776 5344 3020 5407 beatum,
3055 5340 3425 5397 venerandum
3448 5340 3497 5386 et
3527 5330 3707 5420 aeternas

2179 5437 2459 5491 memoriae
2484 5436 2893 5505 imperatorem,
2919 5436 3016 5505 qui
3052 5450 3077 5487 τι
3112 5440 3299 5487 vetere
3332 5429 3498 5483 Roma
3520 5422 3704 5517 imperlt

2178 5528 2361 5584 sedem
2394 5530 2627 5596 Cpolim,
2663 5543 2851 5599 quam,
2883 5529 3017 5581 olim
3038 5521 3587 5597 Byzantiumdictam.
3618 5514 3707 5573 ipse

2180 5620 2541 5675 instauratam
2604 5636 2801 5674 novam
2861 5618 3092 5673 Romam
3157 5610 3465 5684 appellavit,
3513 5599 3604 5658 552
3647 5604 3708 5653 3³

2180 5713 2368 5768 Flavio
2400 5712 2766 5768 Constantino
2793 5712 2997 5767 Chloro
3028 5712 3095 5765 ad
3155 5706 3453 5761 llerarllum
3486 5696 3703 5761 magnum

2177 5806 2307 5859 anni
2337 5804 2443 5860 505
2475 5820 2489 5869 ;
2524 5803 2896 5874 quoquidetu
2920 5813 3167 5873 tempore
3190 5798 3327 5852 vixit
3348 5807 3425 5847 ter
3454 5792 3710 5888 exsecrati?

2178 5896 2280 5951 dus
2304 5872 2786 5968 pseudopropheta
2806 5894 3197 5963 Mohamctcs,e
3227 5888 3459 5960 post-sris
3478 5884 3618 5935 |>'"'h
3637 5872 3705 5927 “5'
