3964 6428
490 368 593 435 891
1721 373 2048 435 GEORGII

2169 377 2521 440 lRANTZ/E
2999 440 3007 448 .
3588 401 3672 469 802

488 487 555 541 τὰ
585 486 713 556 τέλη
752 484 847 539 τυῦ
878 487 1085 557 κόσμου
1120 484 1306 558 μέλλει
1337 489 1658 545 ἐλεύσεσθαι
1698 500 1796 546 καὶ
1826 492 2074 548 θανατὼ-
2099 493 2151 552 Α
2177 494 2455 568 Οὖμαρος.
2477 499 2650 564 Αὑτὲς
2680 503 2777 571 τὴν
2801 504 3089 574 Δαμασκὸν
3119 507 3273 561 ἔλαϐε
3301 510 3387 563 καὶ
3415 512 3503 576 τὰς
3530 521 3678 586 χώρας

489 595 607 633 σειν
641 580 735 633 τὸν
764 579 1135 653 ἀντίχριστον,
1167 581 1310 651 μετὰ
1343 581 1402 635 δὲ
1431 582 1610 636 ταῦτα
1638 584 1731 637 καὶ
1780 585 1950 638 αὐτὸν
1976 587 2068 639 τὸν

487 675 723 743 Χριστὸν
781 675 1101 728 ἀποθανεῖν.
1139 675 1373 743 Ὄγδοον
1407 677 1492 729 ὅτι
1722 677 2070 733 θεοποιοῦσιν

485 766 533 817 oi
560 765 881 832 Χριστιανοὶ
906 767 1009 835 τὴν
1026 766 1314 833 Θεοτὸκον,
1341 767 1437 822 καὶ
1461 770 1544 823 ὄτι
1571 769 1724 823 ἐστὶν
1750 769 1953 841 ἀδελφὴ
1973 772 2068 826 τοῦ

484 858 688 913 Μωῦσέ
696 877 771 923 ως
798 861 896 912 καὶ
933 860 1172 929 Ἀαρών.

553 950 637 1002 Τὰ
688 950 787 1003 τοῦ
848 953 1119 1022 τετάρτου
1168 953 1332 1021 λόγου
1385 956 1664 1024 κεφάλαιά
1713 957 1823 1010 εἱσι
1868 956 2063 1012 ταῦτα.

485 1044 712 1113 Πρῶτον
760 1046 845 1097 ὅτι
897 1046 1237 1116 ἀναληφθεὶς
1270 1049 1352 1110 είς
1386 1051 1514 1110 τοὺς
1546 1049 1818 1119 οὐρανοὺς
1846 1052 1875 1103 ὁ
1902 1050 2071 1104 Μωά-

485 1136 589 1205 μεθ
621 1137 753 1206 ἔστη
790 1137 1107 1207 ἔμπροσθεν
1140 1139 1236 1192 τοῦ
1269 1140 1430 1205 Θεοῦ,
1458 1142 1553 1194 καὶ
1581 1143 1819 1212 ἀκήκοεν
1845 1144 1945 1196 ὅσα
1973 1144 2069 1196 καὶ

482 1229 714 1297 ἀκήκοε,
745 1232 839 1283 καὶ
866 1228 1026 1295 αὖθις
1060 1234 1331 1304 κατῆλθεν
1364 1238 1424 1288 ὲν
1459 1239 1527 1303 τῇ
1559 1240 1653 1305 γῇ.
1684 1236 1954 1307 Δεύτερον
1984 1240 2066 1291 ὅτι
2173 1246 2306 1284 σατο
2336 1232 2396 1284 τδ
2419 1233 2531 1287 τῶν
2580 1236 2943 1307 Ἰσμαηλιτῶν
2993 1240 3150 1307 γένος
3180 1243 3279 1308 τὴν
3319 1244 3583 1314 Ῥωμαίων
3609 1249 3697 1317 γῆν,

482 1321 531 1372 οἱ
563 1321 822 1390 δαίμονες
867 1325 1111 1393 σωθῆναι
1167 1327 1448 1395 μέλλουσι.
1483 1329 1684 1399 Τρίτον
1712 1329 1794 1383 ὅτι
1828 1329 1923 1382 τοῦ
1972 1347 2066 1383 κο-

484 1414 585 1480 ράν
613 1414 715 1482 τὴν
752 1415 1019 1485 ἐξήγησιν
1053 1418 1229 1479 οὐδεὶς
1276 1424 1386 1473 τῶν
1419 1420 1728 1491 ἀνθρώπων
1777 1423 2067 1489 γινώσκει,

479 1506 589 1559 οὐδ’
616 1508 783 1571 αὐτὸς
816 1513 844 1563 ὁ
878 1511 1154 1577 Μωάμεθ,
1185 1513 1299 1564 ἀλλ’
1324 1513 1356 1582 ἦ
1393 1514 1551 1581 μόνος
1578 1516 1606 1567 ὀ
1635 1514 1792 1578 Θεός.

550 1601 739 1659 Ταῦτα
786 1602 882 1656 οὖν
932 1592 1172 1672 ποιήσας
1198 1609 1291 1659 καὶ
1322 1607 1529 1669 αὐτοὺς
1559 1608 1686 1671 τοὺς
1716 1608 1938 1674 ἀθλίους
1971 1614 2066 1665 καὶ

477 1691 869 1763 ταλαιπώρους
929 1695 1243 1767 βαρϐάρους
1296 1698 1535 1765 διδάξας,
1570 1701 1661 1753 καὶ
1711 1702 1935 1774 ἀμαθὴς
1969 1705 2065 1757 καὶ

2174 589 2356 649 πάσας
2408 592 2508 660 τῆς
2554 593 2833 659 ⁴Ιιοινίκης,
2888 598 2986 650 καὶ
3047 603 3380 669 κατοικήσας
3432 605 3485 657 ἐν
3527 609 3681 674 αὑταῖς

2173 679 2296 768 sita
2315 681 2588 750 λαμϐάνει
2616 686 2716 757 τὴν
2750 687 3053 756 Αἴγυπτον,
3083 694 3177 745 καὶ
3203 678 3282 756 είς
3311 695 3683 768 aeserunium;

2172 763 2294 821 εἶτα
2332 769 2557 839 ἔρχεται
2587 774 2729 828 κατὰ
2763 777 2989 846 Περσῶν
3031 784 3128 836 καὶ
3167 785 3292 852 νικᾷ
3338 786 3539 849 αὐτούς.
3575 788 3680 845 Εἶτα

2174 864 2605 932 παραλαμϐάνει
2629 869 2730 939 τὴν
2769 871 3019 941 Βόστραν
3053 875 3151 928 καὶ
3195 876 3357 939 ἄλλας
3401 880 3580 943 πολλὰς
3614 887 3686 937 πός

2172 952 2310 1017 λεις,
2343 958 2440 1009 καὶ
2468 955 2673 1026 ἔφθασε
2717 963 2811 1013 καὶ
2848 963 3011 1033 μέχρι
3065 966 3159 1018 τοῦ
3219 967 3452 1024 Γαὸαθᾶ.
3492 972 3683 1026 Ἔπειτα

2174 1046 2462 1115 στρατεύει
2503 1049 2647 1103 κατὰ
2673 1052 2772 1119 τῆς
2805 1054 3170 1124 Παλαιστίνης
3219 1059 3315 1110 καὶ
3344 1059 3586 1128 λαμϐάνει
3609 1065 3686 1131 τὴν

2169 1137 2331 1205 ἁγίαν
2358 1140 2513 1193 πόλιν
2547 1143 2684 1212 μετὰ
2710 1145 3059 1213 συμϐάσεωςσ
3097 1150 3188 1202 καὶ
3212 1149 3392 1204 ἔκτοτε
3419 1154 3510 1206 οὐκ
3551 1156 3687 1209 Enati-

2173 1324 2535 1394 κατατρέχειν
2572 1327 2669 1380 καὶ
2706 1328 2988 1397 ληῖζεσθαι
3026 1332 3134 1393 ἕως
3166 1332 3264 1398 τῆς
3312 1336 3559 1403 σήμερον,
3583 1340 3687 1392 ὅπου

2171 1414 2269 1468 καὶ
2295 1417 2581 1479 παντελῶς
2611 1419 2673 1472 τὸ
2696 1419 2981 1490 σκῆπτρον
3029 1425 3296 1477 κατέλυσε
3333 1428 3420 1480 καὶ
3448 1429 3535 1495 τὴν
3571 1431 3689 1499 βασι-

2169 1507 2322 1571 λείαν
2358 1510 2648 1577 ἠφάνισεν.
2694 1511 2944 1586 ’Υπῆρχε
2999 1516 3055 1592 ᾂὲ
3109 1518 3203 1572 καὶ
3252 1520 3433 1587 ἔτερος
3475 1521 3689 1593 Οὖμαρος

2169 1602 2291 1661 νέος
2318 1642 2331 1663 ,
2361 1602 2511 1663 ὅστις
2555 1604 2834 1673 ἠνάγκαζε
2884 1609 3011 1667 τοὺς
3061 1610 3409 1680 Σαρακηνοῦς
3447 1615 3690 1682 ῥυπαίνειν

2170 1691 2267 1745 καὶ
2300 1693 2569 1763 βεϐηλοῦν
2613 1696 2742 1758 τοὺς
2791 1691 3151 1766 Χριστιανοὺς
3206 1705 3296 1754 καὶ
3331 1704 3452 1766 τοὺς
3481 1705 3693 1773 πειθομέ-

481 1784 745 1855 άγροικος
801 1786 878 1841 ὣν
929 1789 1258 1853 διδάσκαλος
1308 1793 1557 1861 ἐγεγόνει
1583 1809 1598 1824 ο
1648 1796 1744 1848 καὶ⁵
1791 1796 1851 1848 τὸ
1900 1797 2064 1865 ῥητὸν
2098 1833 2135 1886 Β
2165 1801 2293 1886 γους
2328 1787 2540 1886 ᾁῖελεῖς
2575 1789 3008 1886 51-1055fi51l’ailte
3060 1792 3266 1886 δὲῴκᾳῖ
3314 1796 3443 1860 πρὸς
3471 1800 3552 1849 τδν
3575 1798 3690 1867 βεδι·

482 1877 781 1952 ἐπληρώθη
831 1882 889 1934 ὲν
938 1886 1129 1947 αὐτοῖς
1178 1884 1239 1938 τὸ
1284 1887 1481 1953 λέγον·
1535 1905 1556 1940 ι
1601 1889 1814 1953 Τυφλὸς
1860 1890 2061 1960 τυφλὸν

480 1968 687 2036 ὁδηγεῖ,
743 1972 841 2024 καὶ
900 1974 1207 2045 ἀμφότεροι
1255 1978 1334 2040 εἰς
1374 1977 1568 2047 βόθρον
1621 1979 1838 2034 ἔπεσον.
1886 2001 1904 2033 ι
1953 1983 2062 2036 Kal

481 2056 645 2128 ἔτερα
676 2062 810 2132 τρία
856 2064 952 2116 καὶ
984 2065 1116 2119 δέκα
1169 2068 1262 2119 καὶ
1318 2068 1514 2122 ἑκατὸν
1543 2072 1925 2141 συνεγράψατο
1957 2092 2063 2142 μυ-

484 2151 674 2223 θάρια,
702 2155 920 2225 ἑκάστῳ
945 2158 1152 2213 τούτων
1170 2161 1343 2229 ὄνομα
1369 2163 1581 2226 ἐπιθεὶς
1600 2164 1753 2230 ἄξιον
1777 2167 1877 2229 τῆς
1896 2167 2065 2221 ἀπαι-

481 2242 705 2309 δευσίας
735 2248 903 2301 αὑτοῦ
949 2251 1043 2303 καὶ
1095 2251 1461 2323 μωρολογξας,
1490 2250 1566 2308 ὧν
1599 2254 1696 2308 ἀπ’
1743 2256 1925 2310 αὐτῶν
1962 2258 2062 2325 τὴν

485 2335 839 2402 ἀκαθαρσίαν
869 2342 966 2394 καὶ
996 2342 1265 2413 πρόδηλον
1299 2344 1576 2414 φλυαρίαν
1601 2345 1663 2399 τὸ
1693 2347 2064 2419 διηγήσασθαι

484 2427 626 2481 αὐτὰ
657 2430 774 2483 ἴσον
817 2432 937 2485 ἐστὶ
963 2432 1042 2503 τῷ
1083 2434 1184 2504 τήν
1213 2435 1308 2488 τοῦ
1340 2437 1575 2505 Αὐγείου
1607 2440 1814 2508 κόπρον
1843 2442 2065 2511 ἐκκομίο

485 2534 576 2572 σαι
610 2521 752 2574 κατὰ
781 2522 872 2589 τὸν
909 2524 1211 2596 Ἡρακλέα.
1258 2527 1370 2581 Kal
1398 2529 1464 2605 τὺ
1502 2528 1657 2592 ἔθνος
1701 2529 1847 2584 ἅπαν
1875 2532 2063 2596 κακῶς

486 2613 854 2683 σοφισάμενος
890 2616 987 2670 καὶ
1014 2618 1105 2686 ὑφ’
1128 2619 1325 2674 ἑαυτὸν
1352 2621 1745 2691 ποιησάμενος,
1772 2623 1871 2676 καὶ
1899 2640 2064 2693 νομο-

484 2702 650 2774 θέτης
679 2706 865 2761 αὖτῶν
888 2708 1153 2778 γεγονὼς,
1196 2708 1317 2764 εἶτα
1373 2713 1468 2765 καὶ
1523 2713 1705 2783 ἐαυτῷ
1756 2715 2066 2784 συνήγαγεν

482 2793 719 2865 δύναμιν
753 2798 967 2869 ἱκανὴν,
995 2803 1097 2869 τήν
1146 2819 1207 2856 τε
1264 2804 1471 2874 Συρίαν
1527 2807 1711 2859 πᾶσαν
1755 2808 2065 2877 κατέδραμε

484 2889 582 2939 καὶ
626 2888 904 2960 έληῖσατο,
948 2894 1043 2946 καὶ
1081 2894 1287 2960 πολλὰς
1332 2895 1522 2969 χώρας
1572 2897 1891 2968 Ῥωμαϊκὰς
1938 2901 2068 2955 ὲκά-

484 2997 635 3034 κωσε
667 2984 761 3037 καὶ
793 2984 1053 3055 ἠφάνισε.
1118 2990 1233 3042 Καὶ
1280 2990 1339 3044 ὲν
1396 2991 1476 3062 τῷ
1510 2992 1728 3061 μέλλειν
1767 2993 1931 3047 αὐτὸν
1962 3010 2024 3047 τε
2050 3023 2064 3032 ο

484 3072 686 3146 λευτᾷν
743 3078 842 3132 καὶ
903 3081 1046 3150 πρὸς
1107 3081 1201 3136 τὸν
1262 3084 1479 3153 πατέρα
1543 3084 1710 3139 αὑτοῦ
1748 3086 1838 3140 τὸν
1897 3087 2061 3158 303

485 3168 736 3224 Σατανᾶν
775 3172 1174 3243 ἀναχωρῆσαι,
1209 3176 1553 3248 Ἀϐουϐάκαρ
1580 3178 1671 3232 τδν
1694 3179 1861 3233 αὑτοῦ
1916 3181 2072 3234 ἀδελ·
2095 3160 2140 3216 c

488 3260 678 3327 φιδοῠν
712 3268 1140 3334 προεχειρίσατο
1189 3267 1309 3321 ἀντ’
1357 3269 1551 3325 αὐτοῦ.
1618 3272 1967 3342 Ἀμηρεύσας
2016 3273 2073 3350 δε

487 3348 647 3418 οὗτος
672 3352 771 3424 ἔτη
799 3355 897 3408 δύο
917 3356 1093 3427 ἥμισυ
1117 3357 1368 3431 τελευτᾷ,
1393 3360 1492 3415 καὶ
1532 3362 1651 3415 ἀντ’
1682 3364 1846 3423 αὑτοῦ
1876 3348 2070 3434 κρατεῖ

490 3534 794 3592 moriturus
824 3536 915 3591 sit.
936 3537 990 3593 8.
1014 3537 1361 3598 Christianos
1387 3556 1484 3613 pro
1515 3543 1614 3599 dea
1640 3544 1842 3600 habere
1873 3544 2071 3618 Deipa-

488 3638 629 3687 ram,
664 3622 867 3695 Moysis
899 3634 955 3680 et
981 3629 1220 3683 Aaronis
1252 3645 1524 3686 sororem.

559 3711 708 3767 Libri
766 3717 950 3785 quarti
1000 3717 1180 3787 capita
1222 3719 1338 3774 haec
1389 3731 1540 3777 sunt.
1583 3724 1635 3776 l.
1672 3723 1974 3793 Receptum
2010 3727 2065 3780 in

422 3816 467 3850 υ
487 3803 660 3865 eteius
682 3805 1045 3863 Mohametem
1070 3823 1256 3866 coram
1283 3811 1392 3867 Deo
1420 3815 1737 3891 constitisse
1760 3827 1814 3871 et
1844 3817 2070 3873 audisse

490 3911 616 3963 qum
648 3898 865 3953 tandem
897 3915 1133 3969 cumque
1157 3904 1350 3967 audiit.
1383 3905 1581 3962 deinde
1611 3923 1806 3964 rursus
1837 3910 2070 3964 descen-

487 3990 633 4045 disse
662 3990 715 4046 in
746 3999 968 4049 terram.
999 3993 1056 4048 2.
1111 3992 1396 4051 Daemones
1424 4000 1699 4055 salvatum
1742 4001 1832 4089 ii.
1869 4004 1922 4055 3.
1962 4001 2069 4056 Co-

490 4078 643 4133 ranis
686 4078 1194 4150 interpretationem
1263 4085 1473 4140 nullum
1532 4078 1808 4145 hominem
1842 4091 2068 4157 callere,

488 4186 558 4226 ne
593 4171 771 4241 ipsum
805 4173 1027 4243 quidem
1055 4173 1440 4243 Mobametem,
1471 4180 1564 4235 sed
1587 4183 1763 4236 solum
1804 4185 1994 4238 Deum.

492 4274 515 4305 υ
559 4262 686 4318 Haec
719 4280 844 4319 cum
881 4265 1091 4321 faceret
1124 4275 1179 4323 et
1207 4268 1433 4324 doceret
1466 4274 1701 4331 miseros
1738 4284 1792 4330 et
1818 4276 2067 4331 infelices

488 4355 787 4421 Barbaros,
813 4357 943 4413 licet
969 4358 1126 4414 rudis
1152 4369 1209 4415 et
1231 4364 1463 4431 agrestis
1500 4364 1689 4431 homo,
1726 4381 1916 4422 eorum
1946 4385 2067 4424 ma-

488 4450 658 4520 gister
697 4448 878 4505 factus
913 4459 1021 4511 est.
1049 4461 1102 4507 et
1149 4454 1439 4523 probatum
1483 4456 1537 4510 in
1566 4457 1631 4512 iis
1667 4466 1795 4514 est:
1836 4478 1854 4511 ι
1878 4462 2068 4517 Caecus

487 4557 693 4598 ca-cum
751 4541 921 4606 ducit,
960 4557 1011 4599 el
1046 4553 1278 4613 uterque
1319 4547 1373 4601 in
1408 4547 1610 4604 fossam
1644 4549 1888 4607 incidit.»
1924 4554 2065 4610 idem

488 4634 623 4690 alias
646 4646 862 4691 centum
894 4638 1083 4693 decem
1134 4648 1187 4693 et
1218 4650 1329 4695 tres
1350 4639 1561 4698 fabulas
1577 4650 1908 4713 composuit,
1940 4648 2066 4717 qui-

490 4726 591 4781 bus
635 4728 869 4797 singulis
918 4730 1142 4784 nomina
1179 4731 1465 4799 inscripsit
1505 4734 1727 4789 inscitia
1776 4748 1829 4791 et
1862 4739 2073 4794 vanilo.

487 4816 710 4893 quentia
734 4832 834 4873 sua
864 4818 1207 4881 dignissima,
1239 4836 1476 4889 quarum
1503 4823 1547 4877 si
1572 4825 1696 4887 quis
1716 4826 1850 4881 velit
1872 4829 2069 4883 sordes

488 4919 541 4960 et
563 4908 886 4964 manifestas
921 4925 1094 4978 nugas
1118 4927 1465 4975 enumerare,
1497 4917 1652 4972 labor
1678 4934 1777 4987 par
1799 4920 1875 4973 illi
1903 4919 2064 4988 foret,

488 5010 599 5065 quo
632 5012 698 5052 ex
727 4998 917 5065 Augiae
946 5000 1179 5057 stabulis
1213 5014 1456 5060 Stercora
1487 5008 1755 5076 egerenda
1782 5021 1961 5072 erant,
1986 5014 2064 5068 si-

488 5098 583 5144 cut
611 5098 693 5144 est
744 5090 801 5143 in
866 5089 1065 5147 fabulis
1102 5094 1167 5148 de
1200 5095 1452 5153 Hercule.
1501 5099 1679 5155 Gente
1736 5102 2069 5171 igiturmale

493 5181 627 5237 falsa
656 5193 710 5235 et
764 5183 867 5238 sibi
931 5185 1208 5255 subjecta,
1259 5189 1543 5260 legislator
1577 5193 1824 5262 ejusdem
1864 5195 2064 5261 factus,

488 5274 674 5342 copias
708 5274 939 5330 idoneas
974 5278 1077 5332 sibi
1103 5281 1342 5348 paravit,
1373 5291 1427 5335 ct
1458 5300 1673 5337 nirinem
1709 5284 1922 5353 Syriam
1946 5305 2067 5357 per-

489 5368 690 5421 meavit
721 5375 775 5421 et
803 5367 1169 5438 depopulatus
1207 5381 1291 5425 est
1340 5373 1652 5441 multasque
1690 5374 2064 5434 [tertianorum

489 5466 663 5523 terras
683 5462 919 5516 vastavit
937 5471 993 5516 ct
1015 5463 1406 5531 pessumdedit.
1430 5465 1590 5527 Cum,
1614 5475 1787 5520 morte
1808 5470 2065 5534 instante,

487 5550 558 5605 ad
598 5561 806 5620 patrem
840 5569 1022 5618 suum,
1058 5562 1329 5614 satanam,
1363 5554 1699 5624 migraturus
1715 5571 1881 5626 esset,
1922 5553 2069 5617 Abu-

487 5638 768 5708 l'acarem,
804 5642 990 5699 fratris
1015 5643 1210 5705 tilium,
1235 5644 1287 5696 in
1315 5643 1494 5699 locum
1522 5662 1685 5702 suum
1713 5654 1893 5706 evexit
1920 5669 1934 5717 ;
1970 5655 2065 5725 qui

491 5744 780 5800 postquam
846 5749 1025 5787 annos
1062 5733 1204 5786 duos
1233 5741 1289 5787 et
1344 5734 1631 5791 dimidium
1670 5740 1898 5799 Ameras
1934 5744 2060 5812 fuit,

493 5834 743 5879 mortuus
797 5835 901 5883 est.
958 5823 1183 5893 Excepit
1238 5825 1526 5896 imperium
1591 5830 1846 5891 Umarus.
1890 5835 1936 5892 Is
1968 5839 2064 5892 Da—

2165 1877 2266 1930 λέα
2315 1878 2522 1932 Λέοντα
2583 1880 2676 1932 τὸν
2724 1882 3008 1952 Ἀρμένιον
3066 1883 3160 1937 τοῦ
3216 1885 3514 1954 βεϐηλῶσαι
3548 1889 3690 1951 αὑτὸν,

2163 1971 2292 2023 ὅταν
2326 1973 2838 2044 ἀποκεκλεισμένην
2884 1976 2987 2046 τὴν
3023 1977 3179 2029 πόλιν
3223 1973 3336 2046 εἶχε
3373 1981 3461 2032 καὶ
3490 1981 3689 2049 ἐπολιόρ-

2166 2082 2251 2118 κει
2305 2065 2478 2135 αὐτὴν
2501 2109 2515 2132 ,
2552 2068 2647 2120 καὶ
2684 2067 2843 2121 λῦσαι
2893 2071 2994 2141 τὴν
3026 2071 3346 2141 πολιορκίαν
3374 2074 3523 2137 αὐτὸς
3570 2077 3694 2143 μόνος

2163 2158 2444 2224 ἐθέσπισε,
2477 2162 2550 2230 μὴ
2581 2162 2899 2231 Χριστιανοὶ
2931 2164 3073 2216 κατὰ
3107 2165 3216 2219 τῶν
3243 2165 3497 2236 Τούρκων
3525 2185 3691 2237 μαρτυ-

2168 2253 2356 2322 ρῶσιν.
2387 2253 2778 2324 Ὀνομάζονται
2808 2255 2867 2308 δὲ
2894 2256 3156 2325 τρισσῶς,
3188 2259 3688 2327 ΣαρακηνοὶἸσμςιη-
3728 2300 3733 2313 ,

2162 2343 2305 2396 λῖτσι
2334 2345 2429 2397 καὶ
2470 2346 2765 2416 Ἀγαρηνοί
2790 2364 2804 2378 ο
2847 2348 3157 2418 Σαρακηνοὶ
3209 2351 3309 2420 μὲν
3354 2353 3453 2404 ὅτι
3482 2355 3511 2419 ή
3544 2353 3692 2420 Σᾶρρι

2166 2439 2518 2505 ἐξαπέστειλε
2581 2443 2679 2511 τὴν
2734 2444 2913 2514 ’Δγαρ
2971 2445 3065 2498 καὶ
3118 2445 3213 2498 τὸν
3279 2445 3496 2517 Ἰσμαὴλ
3543 2447 3695 2504 κενοὺς

2164 2530 2534 2601 κληρονομίας
2553 2548 2568 2564 ο
2616 2533 2953 2604 Ἰσμαηλῖται
2980 2535 3038 2588 δὲ
3062 2535 3138 2599 ὡς
3163 2536 3231 2587 ἐκ
3259 2538 3353 2590 τοῦ
3397 2538 3602 2605 Ἰσμαὴλ
3623 2555 3697 2588 καί

2164 2621 2485 2689 ταγόμενοι,
2515 2622 2818 2694 ’Δγαρηνοὶ
2860 2625 2918 2678 δὲ
2947 2625 3035 2678 διὰ
3070 2627 3170 2694 τὴν
3202 2630 3522 2700 προμήτορα
3550 2627 3693 2680 αὐτῶν

2168 2713 2372 2785 Ἅγαρ.

2248 2806 2413 2878 304
2467 2806 2607 2862 Ἀλλ’
2667 2810 2760 2863 ἐπὶ
2814 2810 2876 2863 τὸ
2926 2812 3296 2883 προκείμενον
3338 2814 3688 2881 ἐπανέλθωμεν.

2179 2900 2316 2953 Ἀπὸ
2361 2901 2419 2954 δὲ
2472 2900 2804 2969 Ἡρακλείου
2847 2902 2944 2957 τοῦ
2999 2905 3243 2977 μεγάλου
3291 2905 3510 2959 καὶτοῦ
3538 2905 3690 2977 ψευδοο

2171 2995 2454 3063 προφήτου
2482 2994 2724 3065 Μωάμεθ
2750 2996 2861 3060 ἕως
2890 2996 2992 3064 τῆς
3021 2997 3303 3067 βασιλείας
3334 2998 3690 3053 Κωνσταντίυου

2170 3085 2267 3139 τοῦ
2303 3087 2697 3155 Παλαιολόγου,
2724 3087 2821 3141 τοῦ
2853 3089 3044 3157 ὀγδόου
3084 3089 3503 3158 βασιλεύσαντος
3532 3092 3587 3143 ἐκ
3624 3086 3690 3138 τοῦ

2174 3176 2365 3244 γένους
2394 3178 2504 3232 τῶν
2534 3170 2941 3248 Παλαιολόγων,
2975 3182 3035 3243 ὅς
3066 3182 3423 3236 ὲὸασῢευσεν
3454 3183 3539 3251 ἔτη
3572 3182 3607 3232 δ’
3626 3181 3692 3231 καὶ

2178 3271 2354 3340 μῆνας
2394 3270 2436 3324 δ’
2458 3310 2473 3333 .
2510 3273 2652 3326 είσὶν
2700 3272 2796 3340 ἔτη
2841 3271 2987 3338 ωνζ’.
3041 3275 3389 3330 Ἐὁασίλευσε
3430 3276 3495 3329 δὲ·
3530 3274 3582 3326 τδ
3615 3271 3693 3323 τῶν

2177 3362 2562 3433 Παλαιολόγων
2623 3367 2786 3433 γένος
2848 3368 2909 3420 ὲν
2966 3368 3093 3439 τῇδε
3145 3371 3210 3439 τῇ
3253 3368 3593 3438 βασιλευούσῃ
3615 3365 3693 3416 τῶν

2173 3562 2419 3601 mascum
2436 3556 2699 3602 etomnes
2728 3547 3027 3603 Pbeenirias
3058 3550 3315 3619 regiones
3331 3550 3492 3618 cepit,
3516 3549 3563 3602 in
3588 3556 3693 3614 quos

2174 3642 2435 3697 translata
2460 3642 2609 3703 sede.
2630 3640 2933 3710 Egyptum
2970 3644 3287 3711 occupavit,
3320 3653 3477 3712 atque
3504 3641 3583 3694 hic
3607 3652 3693 3692 rur-

2174 3748 2270 3787 sus
2293 3734 2561 3788 collocato
2590 3734 2899 3796 domicilio,
2920 3732 3119 3788 Persas
3151 3734 3298 3789 bello
3332 3735 3548 3790 adortus
3566 3744 3691 3801 supe-

2172 3827 2334 3881 ravit.
2369 3826 2507 3880 Tum
2535 3825 2783 3881 Bostram
2810 3837 2865 3880 et
2886 3827 3021 3881 alias
3053 3827 3260 3882 multas
3282 3830 3445 3881 urbes
3470 3837 3692 3893 expugna-

2173 3918 2273 3982 vit,
2306 3932 2369 3970 ac
2398 3916 2668 3986 processit
2699 3932 2874 3987 usque
2912 3916 3242 3972 Gabatbam.
3279 3918 3405 3971 Inde
3426 3918 3475 3970 in
3500 3910 3693 3969 Palesti-

2174 4023 2298 4063 nam
2340 4008 2643 4074 prolectus,
2673 4022 2868 4078 sancta
2890 4009 3026 4064 urbe
3058 4028 3088 4064 e
3120 4011 3375 4076 pactione
3399 4010 3586 4079 potitus
3605 4014 3683 4059 est.

2174 4097 2249 4154 Ex
2281 4100 2374 4155 illo
2404 4100 2531 4155 inde
2561 4113 2804 4169 tempore
2854 4092 3261 4157 lsmaelitarum
3333 4118 3462 4172 gens
3490 4103 3551 4155 ad
3579 4100 3692 4151 hunc

2171 4206 2348 4260 usque
2377 4192 2519 4246 diem
2569 4208 2676 4246 non
2718 4194 2955 4247 cessavit
2988 4192 3364 4249 Romanorum
3419 4204 3604 4248 terram
3631 4189 3694 4240 in-

2170 4296 2398 4337 cursare
2418 4290 2473 4336 et
2506 4283 2852 4352 depopulari,
2887 4283 3299 4339 doneclandcm
3334 4286 3486 4353 plane
3512 4277 3693 4335 sustulit

2171 4371 2459 4443 imperium
2510 4382 2564 4428 et
2606 4389 2833 4444 regnum
2869 4375 3090 4430 evertit.
3134 4373 3263 4430 Fuit
3293 4378 3454 4432 etiam
3478 4376 3602 4429 alius
3621 4368 3697 4423 mi-

2099 4496 2146 4552 D
2173 4478 2280 4520 nor
2303 4463 2563 4528 Umarns,
2591 4465 2686 4531 qui
2732 4465 3040 4522 Saracenos
3066 4469 3319 4535 cogebat,
3358 4479 3415 4521 ut
3437 4467 3695 4536 polluerent

2172 4557 2537 4621 Christianos,
2572 4557 3004 4625 obedientesque
3040 4559 3303 4614 voluntati
3331 4575 3440 4613 sua:
3465 4558 3693 4611 immunes
3722 4600 3729 4617 ,

2170 4660 2296 4700 esse
2322 4645 2573 4699 volebat.
2618 4644 2850 4715 Scripsit
2906 4647 3050 4702 idem
3089 4650 3403 4718 imperatori
3432 4645 3584 4700 Leoni
3604 4644 3692 4694 ΑΓ-
3726 4636 3729 4655 ί

2170 4730 2375 4800 menio,
2397 4738 2618 4808 quando
2659 4739 2943 4795 obsessam
3007 4742 3199 4796 urbem
3252 4739 3599 4817 Oppugnabat.
3642 4731 3692 4783 ίΙιε

2170 4830 2461 4898 pollnendo
2493 4831 2634 4899 ipso,
2667 4842 2832 4902 atque
2857 4834 3051 4899 edixit,
3085 4847 3145 4889 ut
3177 4835 3391 4891 obsidio
3414 4833 3691 4889 solveretur.

2169 4936 2240 4976 ne
2276 4921 2575 4977 Christiani
2605 4939 2700 4992 per
2739 4924 2946 4982 Tureas
3003 4936 3269 4997 martyres
3302 4928 3509 4983 ﬁerent.
3540 4915 3691 4975 Nomi-

2171 5026 2372 5073 nantur
2405 5019 2601 5089 triplici
2626 5021 2868 5085 nomine,
2915 5020 3195 5089 Saraceni,
3265 5022 3554 5082 lsmaelitae,
3581 5016 3693 5079 Λεὼ

2168 5111 2309 5177 reni,
2366 5120 2422 5166 et
2478 5099 2737 5167 Saraceni
2798 5114 3047 5184 quidem,
3104 5116 3250 5186 quod
3308 5110 3442 5170 Sara
3491 5114 3615 5178 Agar
3650 5109 3692 5153 cl

2171 5203 2452 5258 lsmaelem
2497 5206 2827 5261 baareditatis
2870 5219 3120 5277 expertes
3161 5209 3403 5272 dimisit,
3446 5201 3690 5261 lsmaelitm

2169 5307 2374 5362 autem,
2404 5308 2463 5351 ut
2493 5297 2979 5368 lsmaelisposteri,
3003 5301 3236 5372 Agareni
3263 5302 3490 5369 denique.
3515 5298 3693 5364 mel”

2168 5388 2619 5457 Agar,matrem
2677 5389 2879 5460 gentis.
3004 5385 3017 5389 ’
3475 5474 3515 5479 ῃ
3630 5468 3655 5479 __

2252 5480 2357 5534 Sed
2394 5482 2683 5537 redeamus
2733 5484 2845 5555 jam
2871 5484 2938 5539 ad
2971 5483 3334 5553 prepositum.
3362 5480 3440 5533 Ab
3475 5471 3688 5529 Heraclio

2173 5587 2370 5639 magno
2401 5584 2455 5626 ct
2481 5573 2787 5631 Mohamete
2826 5575 3306 5646 pseudopropheta
3336 5584 3499 5640 usque
3526 5565 3583 5619 ad
3608 5561 3692 5615 im-

2174 5666 2383 5731 perium
2408 5664 2758 5721 Constantini
2805 5668 3118 5739 Palazologi,
3152 5664 3488 5737 imperatoris
3516 5675 3542 5713 e
3563 5662 3692 5723 settle

2173 5751 2599 5823 Palamlogoruin
2635 5757 2840 5819 or-tavi,
2875 5757 2968 5816 (ιιιί
2993 5772 3166 5812 annos
3184 5764 3410 5826 quatuor
3440 5760 3489 5806 et
3513 5753 3688 5800 menses

2175 5855 2409 5907 nitatuor
2447 5846 2757 5911 imperavit
2799 5849 2925 5902 anni
2954 5849 3054 5903 857
3099 5852 3464 5903 numerantur.
3495 5840 3687 5905 lull‘cra'
