3964 6482
289 450 419 515 δίη

1270 456 1726 519 CHRONICON
1770 457 2044 521 MAJUS.
2073 487 2135 496 —
2182 463 2333 524 LIB.
2367 465 2489 525 IlI.

3446 464 3557 528 89$

289 566 500 619 πόλεων
551 564 645 636 ἐτη
705 567 829 637 ρςδ⁹
858 570 958 624 καὶ
999 570 1175 651 μῆνας
1208 570 1237 624 ι’
1270 575 1364 626 καὶ
1409 574 1627 643 ἡμέρας
1658 574 1723 627 δ’.
1762 573 1866 626 Καὶ
1898 583 1943 638 Α
1972 579 2130 634 λικοῢ
2185 582 2324 651 μετὰ
2383 582 2568 648 πάσης
2619 583 2720 652 τῆς
2764 582 3074 652 συγκλήτου
3131 579 3491 651 ἐξερχόμενος
3525 580 3555 631 ὁ

289 663 396 717 ὑπὸ
444 663 862 720 Κωνσταντίνου
923 667 1158 721 Φλαϐίου
1196 669 1406 740 ἤρξατο
1453 673 1485 740 ἡ
1531 671 1780 741 βασιλεία
1810 673 1869 724 ὲν

287 754 870 812 Κωνσταντινουπόλει
908 761 1006 814 καὶ
1044 762 1140 815 ἐπὶ
1171 764 1592 817 Κωνσταντίνου
1622 764 1719 817 τοῦ
1754 764 1869 818 Πα-

289 846 578 915 λαιολόγου
611 851 787 920 πέρας
833 851 1046 907 ἔλαϐεν.
1112 856 1201 908 Ἐν
1254 856 1380 926 τῇδε
1427 858 1493 926 τῇ
1544 842 1867 926 τριταλαίνῃ

289 940 447 994 πόλει
493 942 879 1019 ἐπεκράτησεν
933 948 966 1016 ἡ
1018 948 1130 1000 τῶν
1170 947 1458 1019 Ῥωμαίων
1494 947 1742 1018 βασιλεία
1772 948 1867 1016 ἔτη

288 1034 474 1105 ,αρμγ’
506 1035 683 1106 μῆνας
714 1045 746 1090 ι’
782 1041 879 1093 καὶ
923 1041 1142 1110 ἡμέρας
1173 1042 1238 1095 δ’.
1832 1108 1833 1115 η

360 1129 601 1199 Ποιήσας
646 1130 742 1185 οῦν
788 1136 856 1203 τῇ
925 1135 1088 1207 τρίτῃ
1152 1136 1337 1208 ἡμέρα
1380 1137 1483 1208 τῆς
1512 1135 1789 1200 ’ἁλώσεως
1842 1134 1870 1186 6

288 1220 512 1291 ἀμηρᾶς
551 1221 823 1291 θρίαμϐον
859 1227 955 1280 καὶ
1004 1228 1181 1298 χαράν
1235 1229 1480 1298 μεγάλην
1515 1229 1602 1283 διὰ
1661 1229 1764 1299 τὴν
1793 1227 1873 1281 νί-

268 1303 395 1381 ’κην
429 1311 530 1383 τὴν
574 1318 719 1370 κατὰ
754 1317 854 1384 τῆς
889 1319 1123 1386 πόλεως,
1153 1320 1248 1374 καὶ
1289 1321 1559 1384 κελεύσας
1601 1321 1687 1374 ἵνα
1724 1320 1873 1386 ἐξέλ-

232 1476 241 1479 Π
290 1406 429 1460 θωσι
475 1408 683 1471 πάντες
722 1410 772 1463 οί
822 1411 1107 1491 ἄνθρωποι
1153 1413 1350 1483 μικροί
1394 1412 1454 1465 τε
1498 1413 1592 1466 καὶ
1644 1414 1870 1483 μεγάλοι

287 1497 337 1550 oi
367 1498 521 1560 ὄντες
564 1503 938 1570 κεκρυμμένοι
986 1504 1043 1556 ἐν
1098 1522 1207 1558 τισι
1239 1507 1426 1569 τόποις
1461 1508 1689 1573 apo-poi;
1745 1508 1845 1574 τῆς

270 1589 505 1673 ’πόλεως
534 1593 629 1644 καὶ
666 1594 947 1660 ἐλεύθεροι
977 1597 1072 1649 καὶ
1105 1598 1456 1669 ἀνενόχλητοι
1486 1591 1640 1650 ὦσινο
1671 1598 1875 1667 ὁμοίως

262 1676 387 1739 ἵκαὶ
418 1683 622 1747 πάντες
649 1685 766 1738 ὅσοι
811 1687 874 1739 ἐκ
913 1688 1017 1757 τῆς
1048 1688 1260 1753 πόλεως
1297 1689 1525 1759 ἔφυγον,
1573 1691 1649 1753 ὡς
1686 1690 1875 1759 προεί-

291 1791 496 1842 παμεν,
532 1776 622 1829 διὰ
661 1779 750 1830 τὸν
793 1779 957 1847 φόϐον
992 1780 1087 1834 τοῦ
1124 1783 1390 1849 πολέμου,
1435 1784 1664 1847 ἕκαστος
1692 1776 1874 1836 αὐτῶν

290 1865 596 1938 ἐπιστρέψῃ
626 1869 707 1929 είς
741 1870 832 1921 τὸν
868 1867 1021 1923 οἷκον
1055 1873 1248 1939 αὐτοῦ,
1280 1876 1375 1927 καὶ
1407 1874 1601 1943 βιῶναι
1641 1876 1875 1947 ἕκαστον

1973 673 2325 747 πατριάρχης
2375 676 2471 728 καὶ
2518 675 2945 746 εὐφημούμενος
2968 675 3026 726 ἐν
3053 674 3131 745 τῷ
3165 674 3554 743 πατριαρχείῳ

1973 765 2406 837 ὲπανέστρεφενο
2437 768 2534 822 καὶ
2583 770 2616 837 ἡ
2671 767 2980 837 χειροτονία
3024 767 3234 833 ἐγίνετο
3264 763 3412 833 παρὰ
3444 762 3554 815 τῶν

1974 857 2308 927 ἀρχιερέων,
2356 859 2432 923 ὠς
2490 859 2647 934 τάξι-ς
2677 860 2773 911 καὶ
2818 859 2987 929 νόμος
3021 852 3110 927 ἦν.
3143 854 3453 917 Ἐὶάμόανε
3495 852 3552 905 δὲ

1971 949 2001 1000 6
2034 950 2250 1019 μέλλων
2276 952 2535 1019 γενέσθαι
2568 953 2913 1021 πατριάρχης
2940 954 3006 1003 ἐκ
3035 950 3145 1002 τῶν
3162 949 3255 1001 τοῦ
3288 946 3554 1014 βασιλέως
3655 972 3664 1009 ε

1973 1042 2178 1112 χειρῶν
2230 1044 2292 1095 τὸ
2332 1044 2641 1099 δεκανίκιον
2663 1045 3126 1113 τοιουτοτρόπως.
3174 1037 3552 1106 Καθεζομένου

1973 1136 2071 1188 τοῦ
2111 1136 2384 1204 βασιλέως
2420 1138 2514 1191 ἐπὶ
2560 1138 2654 1191 τοῦ
2696 1137 2982 1209 βασιλικοῦ
3017 1137 3237 1204 δίφρου,
3280 1134 3377 1185 καλ⁸
3402 1132 3552 1183 πᾶσα

1971 1230 2005 1296 ἡ
2041 1229 2348 1297 σύγκλητος
2386 1231 2667 1293 ἱστάμενοι
2723 1232 2989 1294 ἀσκεπεῖς
3042 1230 3137 1283 καὶ
3186 1226 3363 1296 ὀρθοὶ,
3398 1223 3494 1277 καὶ
3522 1222 3552 1274 6

1978 1319 2152 1390 μέγας
2195 1325 2579 1391 πρωτοπαπᾶς
2614 1323 2708 1376 τοῦ
2736 1324 3004 1377 παλατίου
3036 1320 3208 1374 ἐποίει
3236 1316 3552 1384 εὐλογητὺν.

1973 1408 2094 1465 εἶτα
2127 1415 2224 1465 καὶ
2276 1413 2485 1483 μικρὰν
2537 1415 2762 1484 ἐκτενὴν
2785 1454 2799 1476 ,
2832 1415 2929 1467 καὶ
2958 1416 2985 1467 6
3025 1413 3201 1483 μέγας
3231 1410 3556 1479 δομέστικος
3634 1492 3638 1498 ι
3705 1420 3709 1427 ’

1975 1505 2171 1572 ἔψαλλε
2192 1507 2252 1557 τὸ
2291 1526 2308 1557 ι
2345 1508 2523 1560 ’Ὂπου
2550 1509 2657 1576 γὰρ
2685 1510 2947 1579 βασιλέως
2984 1506 3280 1578 παρουσία,
3318 1523 3336 1555 ι
3363 1503 3457 1555 καὶ
3487 1502 3556 1553 τὰ

1975 1602 2127 1669 ἐξῆξ.
2149 1595 2282 1653 Εἶτα
2314 1604 2372 1653 το
2405 1620 2424 1651 ι
2452 1602 2612 1660 Δόξα,
2633 1621 2650 1650 ι
2683 1604 2710 1653 6
2734 1601 3115 1668 λαμπαδάριος
3141 1600 3202 1650 ἐκ
3231 1595 3325 1648 τοῦ
3362 1594 3556 1662 ἑτέρου

1974 1689 2159 1759 χοροῦ,
2209 1692 2305 1742 καὶ
2341 1689 2437 1743 νῦν
2470 1691 2551 1743 τό’
2587 1709 2606 1741 ι
2655 1690 2715 1742 Ὀ
2755 1689 3012 1757 βασιλεὺς
3061 1688 3174 1739 τῶν
3220 1685 3491 1754 οὐρανῶν,
3530 1701 3548 1733 ι

1976 1785 2069 1838 καὶ
2129 1784 2383 1850 τάέξῆς.
2426 1782 2581 1836 Μετά
2629 1782 2687 1834 δὲ
2745 1783 2807 1833 τὸ
2848 1779 3004 1842 τέλος
3041 1778 3146 1830 ’τοῦ
3192 1776 3493 1844 τροπαρίου
3528 1775 3557 1824 6

1978 1876 2235 1947 βασιλεὺς
2277 1876 2562 1934 ἀνίστατο.
2595 1874 2736 1945 ἔχων
2764 1874 2858 1925 ἐπὶ
2887 1873 2986 1942 τὴν
3034 1871 3218 1937 δεξιάν
3248 1870 3309 1921 τὸ
3338 1865 3554 1920 δεκανί-

294 1958 440 2009 κατὰ
480 1959 581 2027 τὴν
610 1960 763 2024 τάξιν
807 1963 900 2014 καὶ
931 1963 1234 2034 θρησκείαν
1281 1965 1467 2027 αὐτοῦ,
1501 1968 1577 2029 ὡς
1609 1969 1703 2021 καὶ
1731 1971 1866 2037 πρό·
1897 1974 1945 2033 Β
1977 1984 2115 2030 κιον,
2149 1967 2177 2018 6
2207 1967 2264 2019 δὲ
2297 1965 2611 2033 ὑποψήφιος
2673 1964 2975 2034 ἐρχόμενος
2997 2005 3013 2029 ,
3064 1962 3161 2015 καὶ
3211 1963 3274 2012 ἐκ
3300 1960 3395 2012 τοῦ
3436 1958 3557 2019 ἐνὸς

289 2064 449 2118 τερον
485 2044 571 2118 ἦν.
618 2052 860 2121 Ὀμοίως
907 2056 1245 2124 προσέταξεν
1303 2057 1392 2111 ἵνα
1455 2058 1726 2128 ποιήσωσι
1773 2061 1871 2113 καὶ

291 2142 643 2213 κατριάρχην
678 2144 753 2208 ὡς
786 2146 1021 2216 σύνηθες
1051 2143 1119 2220 ἦν
1148 2151 1288 2203 κατὰ
1334 2150 1432 2219 τὴν
1460 2152 1615 2215 τάξιν
1662 2153 1866 2205 αὐτῶν*

289 2226 359 2303 ἦν
406 2236 516 2304 γὰρ
557 2239 956 2306 προαποθανὼν
1011 2243 1039 2294 6
1106 2245 1479 2315 πατριάρχης.
1538 2247 1649 2300 Καὶ
1712 2246 1867 2299 ἐκλέ-

290 2326 481 2391 ξαντες
512 2330 562 2381 oi
611 2331 924 2401 ἐντυχόντες
964 2334 1248 2408 ἀρχιερεῖς
1294 2340 1388 2389 καὶ
1424 2339 1471 2390 oi
1508 2337 1681 2406 ὀλίγοι
1722 2339 1866 2393 πάνυ

285 2419 464 2491 ἕτεροι
519 2420 809 2493 ίερωμένοι
871 2427 966 2479 καὶ
1024 2427 1207 2481 λαῖκοὶ
1257 2429 1350 2482 τὸν
1399 2429 1560 2500 305
1620 2430 1891 2498 σοφώτοιιι⁷

285 2528 378 2565 τον
427 2514 532 2584 κὺρ
563 2513 839 2585 Γεώργιον
896 2519 988 2571 τὸν
1043 2519 1340 2590 Σχολάριον
1375 2522 1565 2575 λαῖκὸν
1618 2523 1702 2577 ἔτι
1737 2524 1867 2577 ὄντα

286 2604 367 2667 είς
414 2602 763 2679 πατριάρχην
819 2611 1285 2684 ἐχειροτόνησαν,
1336 2614 1398 2668 ὃν
1438 2617 1536 2669 καὶ
1576 2616 1868 2670 Γεννάδιον

285 2696 674 2766 ἐπωνόμασαν.

360 2788 697 2859 Προῦπῆρχε
724 2790 783 2844 δὲ
810 2794 905 2846 καὶ
932 2795 1091 2862 τάξις
1121 2798 1217 2851 καὶ
1258 2798 1529 2870 συνήθεια
1558 2802 1677 2863 τοῖς
1710 2799 1864 2871 βασι-

285 2875 440 2929 λεῦσι
500 2879 853 2947 Χριστιανοίς
892 2883 981 2937 ἵνα
1001 2887 1351 2960 δωροποιῶσι
1407 2889 1486 2960 τῷ
1544 2908 1864 2962 χειροτονησ-

287 2965 436 3022 θέντι
469 2969 783 3040 πατριάρχῃ
839 2973 1044 3025 νεωστὶ
1095 2975 1406 3030 δεκανίκιον
1457 2963 1697 3047 χρυσοῦν
1727 2979 1867 3046 μετὰ

289 3054 450 3108 λίθων
486 3060 801 3128 πολυτίμων
857 3063 954 3116 καὶ
997 3066 1293 3135 μαργάρων
1349 3068 1862 3138 ἐγκεκοσμημένον,
1898 3054 1919 3065 ’

285 3147 378 3200 καὶ
412 3148 582 3202 ἵππον
610 3151 866 3207 ἐκλεκτὸν
916 3156 980 3206 ἐκ
1018 3156 1128 3209 τῶν
1176 3156 1479 3226 βασιλικῶν
1517 3159 1656 3229 μετὰ
1700 3160 1867 3230 ἐφιπ-

283 3240 414 3293 πίου
443 3244 537 3296 καὶ
568 3244 884 3315 ἐφεστρίδος
918 3247 1207 3321 βασιλικῆς
1233 3252 1720 3323 ἐγκεκοσμημένον
1763 3270 1863 3305 πο-

281 3336 540 3398 λυτελῶς·
580 3338 678 3390 καὶ
725 3339 865 3407 μετὰ
896 3342 1119 3409 χασδίου
1147 3344 1347 3409 λευκοῦ
1372 3346 1468 3398 καὶ
1494 3346 1701 3417 χρυσοῦ
1742 3362 1866 3399 σκε-

281 3425 518 3497 πόμενος
545 3422 613 3499 ἦν
640 3429 669 3480 6
696 3428 883 3493 ἵππος.
917 3433 1028 3486 Καὶ
1057 3436 1123 3488 ἐκ
1151 3434 1247 3489 τοῦ
1274 3437 1541 3491 παλατίου
1568 3437 1662 3492 τοῦ
1696 3437 1859 3510 βασι-

280 3618 411 3664 runt
443 3618 622 3664 autem
651 3611 947 3685 Palaeologi
978 3615 1032 3667 in
1066 3614 1168 3669 hac
1198 3618 1385 3686 regina
1422 3620 1644 3675 urbium
1688 3637 1862 3679 annos

281 3701 406 3767 194,
434 3716 650 3758 menses
690 3703 756 3759 10
779 3714 831 3759 et
862 3705 980 3761 dies
1025 3707 1083 3769 4,
1117 3708 1275 3778 Cpoli
1297 3710 1588 3780 imperium
1619 3728 1859 3781 coeptum

279 3805 364 3850 est
392 3796 496 3852 sub
552 3794 742 3852 Flavio
768 3797 1159 3871 Constantino,
1212 3803 1428 3857 ﬁnitum
1451 3807 1555 3860 sub
1587 3806 1862 3861 Constan-

279 3888 397 3941 tino
420 3887 746 3959 Palaaologo.
768 3888 954 3961 Viguit
986 3892 1154 3962 igitur
1180 3894 1233 3948 in
1260 3896 1576 3952 miserrima
1603 3899 1706 3953 hac
1726 3901 1861 3955 urbe

280 3994 455 4035 annos
483 3980 623 4036 1115
645 4022 660 4045 ,
691 3997 910 4039 menses
943 3985 1032 4047 10,
1059 3985 1175 4040 dies
1204 3987 1258 4041 4.

349 4071 579 4129 Ameras
599 4073 687 4129 die
704 4074 866 4129 tertio
890 4084 1011 4145 post
1033 4084 1250 4145 captam
1276 4079 1471 4135 urbem
1514 4081 1857 4152 triumphum

277 4173 330 4217 et
362 4164 622 4229 gaudium
672 4166 869 4241 ingens
926 4178 1151 4237 propter
1199 4180 1532 4240 reportatam
1566 4173 1855 4229 victoriam

278 4253 527 4333 agitavit,
556 4256 800 4322 edicens,
833 4267 892 4313 ut
913 4273 1125 4325 omnes,
1156 4262 1336 4328 magni
1368 4272 1425 4315 et
1459 4265 1633 4330 parvi,
1655 4265 1748 4333 qui
1777 4266 1857 4320 la-

280 4332 561 4400 tebant°in
596 4348 729 4401 lucis
780 4348 932 4403 urbis
961 4349 1330 4414 absconditis,
1393 4332 1683 4421 prodirent
1718 4370 1859 4412 neve

279 4452 613 4507 aquoquam
665 4448 1044 4506 vexarentur;
1111 4443 1240 4497 item
1285 4443 1323 4497 ii
1359 4445 1453 4514 qui
1501 4445 1702 4501 timore
1728 4446 1856 4502 belli

278 4530 521 4598 impulsi,
572 4540 632 4586 ut
659 4540 785 4587 ante
826 4535 1404 4599 commemoravimus,
1469 4552 1537 4591 ex
1573 4541 1709 4592 urbe
1736 4554 1875 4608 [πο-ι

1977 2061 2179 2128 μέρους
2235 2056 2400 2111 αὑτοῦ
2455 2059 2483 2111 6
2523 2057 2889 2127 Καισαρείας,
2924 2056 2990 2107 ἐκ
3023 2055 3080 2107 δὲ
3108 2053 3202 2106 τοῦ
3233 2053 3493 2121 δευτέρου
3526 2051 3557 2103 6

1982 2152 2317 2223 Ἡρακλείας
2372 2149 2781 2220 μητροπολίτης
2809 2186 2824 2211 ,
2863 2146 3028 2217 306
3072 2145 3170 2198 καὶ
3211 2146 3359 2197 ποιεῖ
3414 2143 3557 2211 πρὸς

1974 2249 2184 2307 πάντας
2218 2242 2514 2312 μετανοίας
2563 2244 2737 2312 τρεῖς,
2787 2224 2907 2293 εἶτα
2952 2237 3320 2309 προσέρχεται
3362 2235 3440 2305 τῷ
3461 2234 3557 2305 βοι-

1974 2335 2238 2388 σιλεῖτκαὶ
2297 2335 2532 2389 ἐνώπιον
2568 2335 2763 2388 τούτου
2820 2337 2968 2387 ποιεῖ
3014 2332 3118 2402 τὴν
3163 2332 3555 2401 προσήκουσαν

1971 2427 2125 2496 αὐτῷ
2174 2427 2570 2497 προσκύνησιν.
2631 2428 2743 2482 Καὶ
2789 2430 2814 2480 6
2867 2426 3120 2496 βασιλεὺς
3165 2424 3226 2477 τὺ
3249 2422 3557 2476 δεκανίκιον

1970 2521 2151 2589 ὀλίγον
2191 2520 2342 2589 ὑψῶν
2374 2520 2582 2589 ἐλεγεψ
2620 2537 2639 2571 ι
2682 2520 2748 2573 Ἦ
2797 2520 2929 2584 ἁγία
2981 2519 3158 2586 Τριὰς
3210 2519 3244 2587 ἡ
3295 2517 3398 2585 τὴν
3429 2515 3555 2584 ἐμοὶ

1974 2612 2257 2681 βασιλείαν
2311 2611 2683 2684 δωρησαμένη
2745 2609 3158 2681 προχειρίζεταί
3212 2627 3271 2662 σε
3321 2608 3401 2670 είς
3452 2624 3557 2658 πα-

1972 2705 2252 2775 τριάρχην
2297 2705 2423 2765 νέας
2467 2703 2711 2773 Ῥώμης.
2752 2721 2769 2754 ι
2811 2703 2918 2754 Καὶ
2950 2698 3125 2761 οὕτως
3156 2703 3219 2752 ἐκ
3250 2698 3361 2751 τῶν
3398 2699 3553 2763 βασις

1970 2796 2145 2852 λικῶν
2193 2798 2398 2868 χειρῶν
2456 2799 2485 2851 6
2536 2797 2890 2867 πατριάρχης
2938 2794 3212 2864 ἐλάμϐανε
3252 2794 3353 2863 τὴν
3399 2788 3552 2852 ἐξουο

1972 2890 2117 2957 σίαν,
2149 2891 2246 2944 καὶ
2273 2892 2374 2958 τὴν
2404 2890 2756 2961 εὐχαριστίαν
2810 2888 2891 2957 τῷ
2938 2887 3150 2959 βασιλεῖ
3185 2884 3379 2938 ἐδίδου.
3418 2880 3554 2936 Εἶτα

1968 2983 2018 3034 οἱ
2043 2982 2195 3051 χοροὶ
2215 2981 2446 3048 ἔψαλλον
2474 2981 2535 3032 τό
2559 2998 2573 3011 ·
2610 3000 2628 3031 ι
2654 2981 2749 3042 El;
2784 2979 2956 3032 πολλὰ
2985 2978 3109 3047 ἐτη,
3134 2976 3393 3034 δέσποτα.
3437 2993 3456 3025 ι
3488 2974 3552 3025 ἐκ

1968 3068 2180 3139 τρίτου,
2210 3072 2304 3121 καὶ
2332 3070 2621 3133 ἀπόλυσις.
2658 3069 2721 3123 '0
2757 3070 3113 3139 πατριάρχης
3141 3066 3550 3135 κατερχόμενος

1973 3164 2113 3231 μετὰ
2142 3161 2445 3230 λαμπάδων
2477 3162 2571 3215 ἐπὶ
2595 3162 2665 3214 τὰ
2693 3161 2991 3215 διδάσουλα
3031 3161 3129 3214 καὶ
3157 3158 3432 3224 εὑρίσκων
3459 3156 3553 3209 τὸν

1970 3252 2144 3307 ῐππον
2192 3253 2600 3325 ἡτοιμασμένον
2642 3239 2931 3306 ἀνέϐαινεν
2981 3254 3069 3307 ἐπ’
3101 3252 3290 3306 αὐτόν.
3350 3243 3355 3247 ’

2039 3344 2227 3409 Οὕτως
2250 3345 2306 3399 δέ
2332 3347 2427 3400 καὶ
2454 3347 2614 3409 αὐτὸς
2642 3346 2671 3397 6
2697 3345 2976 3416 ἀλιτήριος
3007 3345 3179 3399 θέλων
3208 3346 3438 3416 ποιῆσαι
3471 3344 3552 3409 ὡς

1968 3437 2229 3509 βασιλεὺς
2272 3439 2372 3508 τῆς
2413 3436 2644 3504 πόλεως,
2696 3436 2882 3502 καθὼς
2929 3437 3149 3492 ἐποίουν
3183 3439 3277 3491 καὶ
3316 3440 3362 3492 oi
3408 3439 3549 3509 Χρι-

1965 3619 2463 3676 acclamationibus
2491 3634 2526 3672 e
2556 3618 2763 3687 palatio
2803 3618 3160 3687 imperatorio
3216 3621 3269 3672 in
3312 3619 3548 3690 patriar-

1964 3711 2124 3766 chale
2173 3712 2408 3775 redibat,
2458 3713 2623 3778 atque
2664 3710 2891 3764 οιοιιιίο·
2908 3725 3003 3777 per
3022 3709 3323 3779 “episcopos
3360 3710 3541 3772 ﬂebat,

1965 3811 2025 3856 ut
2055 3803 2174 3871 lege
2201 3810 2255 3855 et
2284 3814 2436 3854 more
2480 3800 2758 3854 sab‘citum
2804 3808 2943 3854 erat.
2990 3800 3307 3869 Accipiebat
3357 3807 3542 3855 autem

1966 3888 2180 3947 ru'turus
2211 3891 2524 3959 patriarcha
2568 3905 2600 3945 ο
2640 3872 2897 3945 ηιοηίΰὼ
2943 3890 3294 3958 imperatoris
3343 3891 3538 3960 pedum

1964 3986 2056 4038 tali
2074 3984 2257 4038 modo.
2287 3982 2521 4037 Sedente
2538 3982 2872 4055 imperatore
2895 3982 2947 4034 in
2967 3981 3098 4036 sella
3118 3981 3466 4050 imperatoria
3487 3991 3543 4038 et

1961 4078 2105 4133 omni
2127 4090 2414 4146 procerum
2441 4074 2636 4131 ordine
2656 4077 3048 4131 circumstante
3067 4076 3227 4130 nudis
3245 4075 3541 4145 capitibus,

1962 4183 2192 4237 magnus
2210 4177 2541 4237 protopapas
2591 4167 2784 4237 palatii
2830 4166 3303 4232 benedictionem,
3343 4166 3542 4221 deinde

1961 4276 2184 4330 parvam
2207 4274 2431 4329 precum
2454 4259 2648 4315 seriem
2679 4260 3091 4330 pronuntiabat,
3119 4269 3285 4328 atque
3308 4276 3540 4329 magnus

1960 4353 2293 4409 domesticus
2327 4352 2599 4406 canebat:
2636 4370 2656 4404 ι
2690 4352 2793 4408 Ubi
2814 4353 2960 4406 enim
2985 4352 3130 4420 regis
3169 4353 3486 4421 praesentia,
3515 4369 3534 4402 ι

1961 4453 2016 4498 et
2045 4459 2169 4512 quze
2198 4453 2542 4512 sequuntur;
2571 4452 2682 4498 tum
2708 4463 2723 4499 :
2768 4462 2786 4495 ι
2816 4443 3002 4500 Gloria
3035 4463 3053 4496 ι
3084 4432 3450 4513 lampadarins
3476 4459 3539 4498 cx

1961 4535 2133 4588 altero
2161 4536 2353 4598 choro,
2377 4547 2432 4590 et
2468 4556 2487 4588 ι
2527 4551 2621 4590 rex
2647 4536 2934 4598 caelorum,
2970 4554 2990 4588 ι
3026 4547 3130 4590 etc.
3160 4534 3345 4589 Finito
3376 4545 3539 4589 cantu

279 4624 556 4692 fugerant,
577 4638 729 4678 suam
753 4625 987 4693 quisque
1005 4627 1225 4680 domum
1257 4628 1503 4684 redirent
1528 4620 1859 4687 et'viverent
1891 4640 1934 4694 ι)
1964 4623 2195 4689 alterna,
2233 4618 2530 4694 imperator
2559 4628 2832 4693 surgebat.
2895 4625 3087 4679 dextra
3137 4640 3300 4679 manu
3343 4627 3536 4694 pedum

279 4718 578 4771 secundum
615 4731 823 4770 morem
854 4728 907 4771 et
938 4719 1260 4787 religionem
1287 4736 1464 4785 suam,
1503 4722 1852 4783 siclmnea.

279 4808 428 4861 Idem
488 4808 797 4878 imperavit,
855 4819 912 4862 ut
969 4811 1339 4877 patriarcham
1402 4829 1503 4883 pro
1569 4832 1722 4870 more
1754 4832 1857 4871 suo

278 4908 560 4965 crearent;
621 4908 774 4954 vetns
834 4900 983 4952 enim
1028 4913 1281 4956 mortuus
1333 4915 1453 4957 erat
1532 4905 1720 4974 Itaque
1763 4907 1857 4976 qui

277 4989 424 5045 forte
472 4992 699 5045 aderant
747 4991 986 5060 episcopi
1043 5004 1100 5046 et
1156 4996 1411 5062 perpauci
1459 4998 1551 5051 alii
1580 4998 1772 5053 clerici
1804 5010 1861 5054 et

276 5082 401 5137 laici
456 5083 921 5151 sapientissimum
973 5085 1256 5140 dominum
1298 5085 1593 5155 Georgium
1628 5087 1860 5144 Schola-

276 5176 445 5239 rium,
475 5177 757 5230 etiamtum
812 5176 1035 5237 laicum,
1068 5177 1351 5245 elegerunt
1388 5185 1444 5231 et
1487 5179 1856 5248 patriarcbam

170 5300 203 5312 »ν
234 5274 241 5275 ⁷
277 5277 557 5332 crearunt,
593 5277 805 5324 mutato
832 5270 1059 5339 nmujne
1095 5269 1439 5333 Gannadium
1464 5314 1469 5317 ι
1493 5274 1854 5343 appellatum.

350 5360 482 5415 Erat
510 5372 924 5439 autemimunus
961 5372 1015 5416 et
1058 5378 1177 5431 mos
1213 5346 1654 5419 Christianorum
1682 5367 1856 5435 impe-

275 5461 547 5516 ratorum,
582 5462 641 5506 nt
686 5460 1103 5531 recens'crcato.
1144 5457 1469 5523 patriarchae
1507 5459 1702 5526 pedum
1754 5462 1858 5511 an-

168 5573 178 5580 -
276 5560 454 5610 reum,
488 5544 719 5615 gemmis
741 5554 796 5599 et
837 5546 1145 5615 margarizis
1178 5545 1522 5608 decoratum.
1556 5559 1720 5614 atque
1745 5550 1856 5601 ele-

275 5645 424 5691 ctum
498 5638 564 5690 de
628 5637 773 5704 regio
831 5637 1043 5691 stabulo
1107 5654 1334 5704 equum,
1390 5638 1542 5692 stella
1584 5648 1637 5691 et
1685 5649 1856 5693 strato

260 5727 596 5796 ,sumptu'osc
622 5737 898 5792 ornatum,
921 5737 974 5784 et
1007 5730 1186 5784 serico
1220 5730 1411 5785 villoso
1447 5730 1552 5785 albi
1573 5716 1772 5784 coloris
1798 5738 1854 5784 ct

278 5820 383 5874 ﬁlis
414 5820 598 5874 aureis
634 5821 923 5876 intertexto
957 5832 1177 5887 tectum,
1221 5822 1508 5877 donarent.
1554 5821 1689 5877 liuic
1710 5838 1851 5891 equo

278 5913 519 5967 insidens
566 5913 872 5982 patriarcha
908 5930 1029 5985 cum
1071 5915 1326 5972 universo
1351 5925 1535 5970 senatu
1568 5915 1849 5971 et'faustis

1961 4726 2176 4785 tenens,
2214 4727 2377 4785 atque
2400 4715 2747 4781 candidatus,
2782 4718 2942 4784 cujus
2983 4716 3214 4769 alterum
3246 4717 3393 4769 latus
3427 4733 3542 4771 me-

1962 4808 2213 4877 tropolita
2237 4808 2626 4871 Cznsarcensis,
2649 4808 2881 4861 alterum
2906 4808 3283 4863 Heracleensis
3306 4809 3538 4875 tegebat,

1961 4915 2196 4968 corpore
2259 4901 2325 4954 ad
2357 4915 2547 4955 omnes
2595 4911 2675 4955 ter
2704 4901 2992 4965 inclinato,
3042 4900 3111 4954 ad
3142 4902 3530 4971 imperatorem

1960 4994 2251 5049 accedebat
2267 5003 2321 5048 et
2341 4984 2572 5047 solemni
2594 5008 2719 5046 eum
2745 4992 3171 5062 prosequebatur
3192 4992 3534 5047 adoratione.

1961 5084 2099 5139 Tum
2157 5085 2228 5149 is,
2277 5086 2417 5154 pedo
2444 5085 2665 5154 paulum
2695 5083 2935 5148 sublato,
2968 5083 3189 5139 dicebat
3223 5099 3239 5137 :
3283 5102 3302 5136 ι
3333 5081 3537 5138 Sancta

1960 5174 2224 5240 Trinitas,
2249 5191 2372 5248 qua:
2401 5174 2700 5245 imperium
2736 5174 2875 5228 mihi
2893 5175 3064 5239 dedit,
3094 5175 3160 5228 ad
3197 5175 3540 5243 patriarcha-

1961 5280 2074 5326 tum
2103 5284 2255 5324 nova.-
2277 5270 2462 5323 Roma:
2481 5279 2533 5322 te
2553 5267 2786 5321 evehit.»
2810 5266 2887 5323 lta
2913 5281 2943 5321 c
2968 5266 3223 5321 manibus
3245 5267 3541 5336 imperato-

1958 5361 2036 5414 ris
2062 5367 2330 5428 pOteSIate
2347 5356 2700 5426 patriarchali
2736 5366 2983 5425 accepta,
3011 5356 3320 5424 patriarcha
3359 5356 3534 5410 eidem

1959 5452 2170 5522 gratias
2200 5452 2419 5520 agebat.
2472 5448 2684 5503 Deinde
2730 5448 2921 5505 chori:
2983 5447 3075 5501 «In
3117 5448 3327 5502 multos
3364 5463 3538 5501 annos

1962 5545 2287 5605 Dominus,»
2324 5546 2620 5607 canebant,
2644 5552 2811 5613 atque
2837 5543 2999 5597 [iebat
3029 5542 3307 5597 dimissio.
3334 5540 3540 5596 Dehinc

1958 5636 2275 5704 patriarcha
2308 5649 2435 5688 cum
2459 5635 2808 5703 lampadibus
2836 5634 2904 5688 ad
2940 5634 3197 5688 dibabula
3232 5634 3541 5688 descende-

1962 5727 2053 5781 bat
2079 5737 2434 5797 paratumque
2465 5726 2537 5780 ibi
2567 5726 2848 5781 inveniens
2876 5742 3076 5796 equum
3105 5724 3532 5795 conscendebat.

2029 5819 2310 5874 Set-[estus
2360 5820 2465 5875 iste
2507 5818 2673 5888 igitur
2714 5829 2777 5873 ut
2815 5819 3121 5887 imperator
3165 5816 3320 5871 urbis
3384 5816 3531 5870 idem

1957 5912 2139 5970 facere
2173 5914 2423 5984 cupiens,
2456 5913 2601 5984 quod
2634 5911 2877 5969 fecerant
2903 5910 3204 5966 Christiani
3236 5910 3529 5979 imperato-

2588 6017 2632 6044 ’δ
