3964 6442
318 378 427 443 901

1357 377 1799 442 CliliONlCO-N
1844 379 2114 443 MAJUS.
2146 408 2212 417 -
2243 383 2391 445 LIB.
2435 383 2530 445 IV.

3479 379 3589 443 902

338 497 643 568 Ἐκκλησία
684 497 779 567 τῆς
824 498 1232 568 Ἀλεξανδρείας
1294 499 1392 550 καὶ
1432 497 1770 566 Ἀντιοχείας
1818 494 1912 545 καὶ
1945 499 1986 553 Α
2019 496 2256 566 δέχεται,
2292 518 2308 551 ι
2375 502 2470 552 καὶ
2507 500 2574 552 τὰ
2638 499 2785 568 ἑξῆς.
2830 516 2848 550 t
2907 496 3105 559 Πιστὸς
3157 496 3302 564 γὰρ,
3345 493 3534 562 φησὶν,
3570 495 3591 545 S

290 593 297 596 ’
340 590 753 660 Ἰεροσολύμων,
780 594 813 659 ἡ
859 591 1068 661 Θηϐαΐς
1097 593 1130 660 ή
1166 590 1355 659 πιστὴ.
1394 592 1428 659 ή
1458 588 1637 653 Λιϐύη
1676 585 1907 655 ή·ὁσία,

328 683 362 751 ἡ
395 684 523 745 τοὺς
548 682 780 744 πολίτας
826 682 1074 752 θρέψασα
1118 682 1215 751 τῆς
1268 680 1541 750 βασιλείας
1581 682 1691 732 τῶν
1742 679 1911 749 οὐρα-

331 770 463 834 νῶν,
496 772 678 837 καθὼς
727 776 894 843 φησὶν
938 775 965 826 6
1016 773 1161 826 (lein:
1188 772 1449 841 Κοσμᾶς,
1473 770 1532 823 ἐν
1559 769 1697 838 ποίῳ
1727 767 1910 838 καιρῷ

330 862 714 932 ἐδουλώθησαν
741 866 844 917 ὑπὸ
865 864 961 918 τοῦ
994 865 1187 935 ἀμηρᾶ
1210 863 1428 933 Οὒμὰρ,
1454 863 1603 925 ὅστις
1632 860 1702 932 ἦν
1730 864 1759 914 6
1795 861 1912 931 τρί-

328 971 421 1017 τος
447 956 594 1022 μετὰ
612 957 704 1009 τὸν
731 958 1181 1026 τρισκατάρατον
1213 954 1486 1025 Μωάμεθ,
1525 957 1621 1011 καὶ
1646 955 1910 1026 ᾐχμαλω-

329 1045 642 1113 τίσθησανς
680 1050 794 1101 Καὶ
843 1050 1007 1102 τοῦτο
1051 1048 1287 1117 φανέρόν
1347 1049 1497 1101 ἐστιν
1543 1047 1619 1110 ὡς
1662 1046 1909 1114 ἐγεγόνει

329 1139 425 1191 ἐπὶ
462 1140 565 1208 τῆς
594 1139 876 1209 βασιλείας
930 1142 1352 1196 Κωνσταντίνου
1374 1139 1492 1223 ’τοῦ
1538 1139 1906 1209 Πωγωνάτου,

329 1233 538 1302 κόσμου
588 1234 699 1288 ἔτει
736 1234 931 1308 ,ςρλδς
960 1235 1100 1304 ’πρὶν
1132 1226 1233 1304 τῆν
1266 1234 1433 1302 ἁγίαν
1466 1233 1562 1288 καὶ
1591 1235 1909 1304 οίκουμενι-

329 1323 434 1394 κὴν
466 1323 641 1394 ἕκτην
675 1324 897 1380 σύνοδον
932 1325 1393 1398 συναθροισθῆναι
1420 1367 1434 1392 ,
1466 1325 1602 1379 ὅπου
1637 1324 1762 1379 οὔτε
1795 1323 1912 1395 σχί-

330 1434 518 1485 σματα
570 1419 629 1470 ἐν
660 1421 783 1480 ταῖς
826 1418 1148 1489 ἐκκλησίαις
1175 1419 1425 1489 ὑπῆρχον
1462 1416 1587 1471 οὔτε
1630 1416 1907 1488 διαφοραί.

327 1510 484 1564 Μετὰ
531 1509 587 1563 δέ
622 1527 748 1564 τινα
782 1511 977 1582 καιρὸν
1029 1511 1082 1565 οί
1132 1509 1373 1581 βασιλεῖς
1411 1512 1552 1581 μετά
1590 1512 1761 1565 κόπου
1808 1510 1910 1563 οὐκ

324 1600 509 1667 ὀλίγου
545 1600 646 1672 τὴν
680 1592 844 1669 ἁγίαν
880 1602 1038 1655 πόλιν
1078 1603 1141 1654 ἐκ
1190 1600 1303 1654 τῶν
1330 1601 1531 1671 χειρῶν
1560 1602 1669 1654 τῶν
1695 1601 1910 1655 ἀσεϐῶν

327 1693 716 1763 ἠλευθέρωσαν
782 1695 879 1748 καὶ
965 1693 1073 1747 ὑπὸ
1127 1695 1230 1764 τὴν
1286 1692 1536 1759 ἐξουσίαν
1612 1692 1909 1763 Ῥωμαίοις

332 1786 625 1855 ἐποίησανο
656 1785 754 1839 καὶ
784 1785 950 1840 πάλιν
991 1786 1054 1839 ἐκ
1084 1785 1348 1857 δευτέρου
1384 1785 1475 1838 ἐπὶ
1500 1785 1602 1855 τῆς
1628 1784 1910 1856 βασιλείας

329 1879 618 1932 Βασιλείου
699 1878 796 1932 τοῦ
869 1879 1395 1949 πορφυρογεννήτου
1468 1880 1562 1931 τοῦ
1609 1877 1907 1948 λεγομένου

328 1971 807 2050 Βουλγαροκτρνου
858 1974 886 2025 ὁ
935 1975 1036 2041 τῆς
1068 1970 1349 2036 Αἰγύπτου
1399 1972 1626 2041 ἁμηρᾶς
1672 1970 1912 2035 Ἀζίζιος

326 2067 428 2134 τήν
452 2065 619 2132 ἁγίαν
650 2064 811 2118 πόλιν
842 2063 1006 2116 πάλιν
1031 2061 1195 2115 ἔλαϐε
1230 2061 1478 2132 πολέμῳ,
1496 2062 1595 2115 καὶ
1623 2062 1715 2116 τὸν
1736 2062 1912 2131 τάφον

327 2160 424 2213 τοῦ
468 2160 727 2231 Σωτῆρος
786 2161 946 2230 ήμῶν
1012 2158 1187 2229 Ἰησοῦ
1239 2157 1482 2228 Χριστοῦ
1535 2160 1914 2230 ἐγηγερμένον

331 2252 641 2315 πολυτελῶς
679 2252 825 2305 θετον
855 2251 983 2305 ναδν
1011 2250 1465 2322 κατεστρέψατο,-
1494 2251 1590 2305 καὶ
1641 2251 1712 2304 τὰ
1741 2249 1914 2319 σκεύη

330 2345 677 2414 ἐλυμήνατο,
720 2344 793 2397 τὰ
832 2344 1175 2414 μοναστήρια
1238 2343 1607 2413 κατηδὰφισε,
1650 2344 1747 2398 καὶ
1787 2343 1913 2406 τοὺς

329 2436 497 2509 314
524 2416 911 2502 ἀσκουμένους·
946 2436 1269 2507 ἁπανταχοῦ
1306 2436 1406 2505 τῆς
1429 2438 1533 2506 γῆς
1565 2436 1781 2507 ἐκείνης
1814 2453 1915 2506 μο-

333 2530 556 2601 ναχοὺς,
597 2531 837 2594 Ἰταλοὺς
886 2531 946 2584 τὸ
976 2526 1140 2585 πλέον
1174 2530 1207 2601 ἢ
1243 2512 1553 2600 Ῥωμαίους
1594 2527 1688 2583 καί¹
1717 2527 1776 2592 ἐξ
1805 2527 1917 2582 ἐτέ-

334 2638 449 2691 ρων
498 2620 708 2691 φυλῶν,
751 2622 1022 2690 ἐφόνευσε
1063 2620 1162 2674 καὶ
1196 2619 1559 2689 ἐφυγάδευσε.
1595 2618 1744 2672 Πάνυ
1781 2618 1941 2702 θαυ-¹

340 2711 548 2781 μαστόν
598 2715 749 2766 ἐστιν
771 2753 787 2777 ,
841 2713 916 2777 ὡς
945 2713 1227 2781 λέγουσιν,
1264 2712 1564 2782 ήνωμένων
1603 2709 1780 2763 οὐσῶν
1807 2708 1917 2763 τῶν

336 2789 650 2874 ἐκκλησιῶν
681 2805 760 2874 τῷ
799 2807 919 2859 τότε
950 2805 1156 2886 κοαιρῷ,
1189 2806 1309 2868 πῶς
1334 2808 1362 2858 6
1396 2804 1529 2866 Θεὸς
1563 2803 1917 2875 ἐπαρέδωκεν

335 2895 532 2958 αὐτοὺς
562 2895 640 2958 είς
672 2897 858 2965 χεῖρας
893 2897 1128 2951 ἀσεϐῶν.
1166 2897 1329 2950 Ὥστε
1365 2900 1429 2950 ἐκ
1456 2898 1680 2951 πάντων
1708 2897 1917 2952 τούτων

335 2979 404 3053 ἦν
443 2984 570 3037 ἰδεῖν
595 2986 678 3038 δτι
727 2985 789 3038 οὐ
840 2987 931 3039 διὰ,
969 2989 1317 3055 παρανομίαν
1358 2987 1483 3040 τινά
1533 2987 1918 3057 παρεδόθημεν

335 3077 448 3138 τοῖς
508 3077 721 3146 ἐχθροῖς
754 3070 961 3148 ήμῶν,
1017 3078 1156 3131 ἀλλὰ
1193 3079 1337 3148 πρὸς
1377 3078 1610 3147 μερικὴν
1637 3072 1933 3142 παιδείαν,

2011 586 2167 655 Θεὸς,
2203 590 2262 652 ὃς
2294 591 2391 645 οὐκ
2437 592 2638 660 ἀφήσει
2691 592 2836 660 ὑμᾶς
2891 591 2973 651 είς
3023 589 3177 650 τέλος
3216 587 3591 658 πειρασθῆναι

2013 679 2155 751 ὑπὲρ
2201 681 2228 734 ὃ
2257 657 2512 736 δύνασθε..
2540 657 2570 735 ⁷»
2617 657 2787 736 Καὶνδ
2822 683 2988 736 Δασίδ
3015 699 3031 714 ο
3065 700 3084 733 t
3129 657 3413 734 Παιδεύων
3438 679 3595 732 ἐπαί-
3692 657 3717 672 ’

2012 773 2172 826 δευσέ
2224 791 2292 844 με
2335 776 2364 828 6
2417 775 2661 846 Κύριος,
2694 773 2774 842 τῷ
2819 773 2880 828 δὲ
2927 773 3143 843 θανάτῳ
3191 773 3253 825 οὐ
3302 772 3591 842 παρέδωκε

2015 881 2105 935 με.
2139 885 2158 918 ι

2082 958 2194 1011 Καὶ
2221 957 2381 1011 τοῦτο
2406 957 2660 1011 ἄκουσον.
2702 958 2917 1026 Ὠσπερ
2945 957 3125 1010 τοίνυν
3168 958 3202 1025 ἡ
3233 953 3344 1007 τῶν
3393 953 3594 1006 ’Δσσυ-

1974 1058 1991 1063 “
2015 1050 2147 1120 ρίων
2179 1051 2430 1120 βασιλεία
2459 1050 2733 1122 κατελύθη
2775 1050 2882 1104 ὑπὸ
2914 1051 3023 1103 τῶν
3058 1045 3443 1106 Βαϐυλωνίων,
3478 1047 3511 1113 ἡ
3536 1045 3594 1096 δὲ

2010 1142 2123 1198 τῶν
2152 1144 2521 1197 Βαϐυλωνίων
2575 1144 2681 1196 ὑπὸ
2713 1143 2824 1196 τῶν
2864 1142 3113 1212 Περσῶν,
3144 1142 3176 1207 ἡ
3220 1140 3276 1193 δὲ
3309 1139 3420 1191 τῶν
3456 1141 3596 1205 Περ-

2014 1235 2124 1288 σῶν
2158 1235 2264 1289 ὑπὸ
2297 1235 2408 1287 τῶν
2440 1235 2792 1301 Μακεδόνων,
2827 1235 2860 1304 ή
2892 1233 2949 1288 δὲ
2975 1232 3306 1287 Μακεδόνων
3346 1231 3455 1283 ύπδ
3484 1229 3595 1283 τῶν

2026 1326 2340 1395 Ῥωμαίων,
2381 1326 2555 1390 οὕτως
2595 1329 2689 1381 καὶ
2734 1329 2768 1397 ή
2815 1328 2927 1381 τῶν
2971 1324 3267 1394 Ῥωμαίων
3319 1321 3594 1390 κατελύθη

2012 1417 2118 1477 ὑπὸ
2164 1417 2276 1471 τῶν
2316 1416 2710 1487 Ὀτμανλίδων.
2744 1416 2820 1471 Τὸ
2863 1417 2920 1470 δέ
2947 1416 3105 1480 τέλος
3146 1413 3358 1484 ταύτης
3389 1411 3511 1483 ἥξει
3538 1412 3599 1467 ἐν
3632 1414 3639 1421 “

2011 1511 2091 1581 τῷ
2135 1511 2473 1580 προσήκοντι
2522 1512 2616 1565 καὶ
2649 1510 2945 1580 ὡρισμένῳ
2976 1508 3176 1579 καιρῷ,
3225 1509 3324 1563 καὶ
3360 1504 3599 1562 καταλυ-

2013 1604 2261 1674 θήσεται,
2292 1602 2479 1666 καθὼς
2527 1603 2696 1672 φησιν
2725 1605 2754 1656 6
2806 1602 3097 1664 θεσπέσιος
3142 1600 3372 1665 Ἡσαΐας
3413 1599 3471 1652 ἐν
3521 1596 3599 1667 τῷ

2011 1699 2110 1768 τῆς
2140 1695 2455 1766 Ἰδουμαίας
2508 1696 2750 1767 δράματι
2774 1709 2790 1727 ο
2840 1712 2859 1746 ‹
2898 1689 3033 1747 Είπέ
3073 1709 3166 1760 μοι
3197 1684 3440 1762 Κύριος·
3503 1690 3599 1759 ἐτη

2014 1788 2263 1844 ἐνιαυτοῦ
2300 1784 2385 1851 tbi
2406 1788 2662 1852 ἐνιαυτὸς
2698 1784 2996 1858 μισθωτοῦ,
3032 1784 3195 1856 315
3224 1783 3318 1836 καὶ
3358 1780 3602 1851 ἐκλείψει

2015 1884 2049 1954 ή
2083 1882 2210 1947 δόξα
2236 1881 2456 1952 Κηδὰρ,
2488 1880 2583 1934 καὶ
2609 1879 2673 1932 τδ
2701 1879 3060 1948 κατάλειμμα
3094 1878 3206 1930 τῶν
3248 1874 3603 1944 τοξευμάτων

2014 1977 2147 2029 υἱῶν
2173 1973 2361 2044 Κηδάρ
2387 1973 2498 2026 τῶν
2528 1971 2770 2042 ἰσχυρῶν
2796 1971 2951 2025 ἔσται
2986 1970 3190 2037 ὀλίγον,
3222 1968 3361 2022 διότι
3395 1966 3603 2037 Κύριος

2015 2068 2279 2138 ἐλάλησεν
2303 2070 2330 2121 6
2359 2066 2492 2129 Θεὸς
2528 2064 2772 2135 Ἰσραήλ.
2813 2082 2832 2116 ›
2870 2064 3028 2118 Οὕτω
3060 2062 3116 2116 δὲ
3167 2063 3262 2114 καὶ
3288 2063 3316 2115 δ
3349 2061 3605 2128 σοφώτα-

2014 2179 2107 2224 τος
2152 2159 2427 2229 Στέφανος
2452 2161 2480 2213 ὁ
2508 2156 2921 2225 Ἀλεξανδρεὺς,
2969 2154 3360 2208 ἐπακολουθῶν
3398 2153 3478 2223 τῷ
3503 2153 3603 2207 τοῦ

2016 2256 2303 2327 προφήτου
2334 2251 2508 2324 ῥητῷ,
2543 2251 2640 2305 ἐπὶ
2671 2251 2827 2314 ἔτους
2863 2247 3063 2320 ,ςρλα’.
3106 2248 3489 2318 Σεπτεμϐρίου
3528 2248 3601 2318 γ’,

2017 2347 2201 2418 ἡμέρᾳ
2229 2343 2281 2411 ς’
2313 2344 2573 2413 θεμάτιον
2604 2347 2734 2414 περὶ
2766 2343 2869 2412 τῆς
2908 2343 3017 2395 τῶν
3048 2340 3415 2410 Ἰσμαηλιτῶν
3444 2339 3604 2409 βασι-

2018 2433 2169 2494 λείας
2201 2433 2434 2502 ποιήσας
2478 2434 2574 2484 καὶ
2604 2431 2931 2495 κανονίσας,
2974 2451 2992 2481 ι
3033 2428 3203 2492 Οὗτος
3245 2429 3606 2500 κρατήσειεν
3660 2496 3663 2507 Ι

2024 2520 2169 2591 ίσχύῖ
2204 2521 2304 2589 μὲν
2355 2521 2449 2574 καὶ
2484 2520 2710 2591 εὐτυχίᾳ
2750 2519 2846 2588 ἐτη
2879 2519 3174 2588 τριακόσια
3220 2518 3402 2583 ἐννέα,
3453 2520 3512 2572 ἐν
3547 2518 3606 2572 δὲ

2020 2616 2304 2685 συστροφῇ
2354 2615 2447 2667 καὶ
2483 2614 2871 2681 ἀκαταστασία
2898 2611 3065 2680 ἕτερα
3117 2611 3212 2682 ἐτη
3258 2612 3608 2681 πεντήκοντα.

2019 2706 2099 2772 ἐξ,
2132 2706 2274 2760 ὥστε
2305 2701 2449 2758 εῖναι
2479 2705 2578 2776 τὴν
2602 2705 2965 2775 διακράτησιν
2999 2703 3185 2757 αὐτῶν
3229 2704 3412 2757 πᾶσαν
3440 2704 3608 2758 εὐτυ-

2019 2796 2225 2868 χοῦσαν
2256 2798 2353 2851 καὶ
2394 2796 2769 2867 δυστυχοῦσαν
2801 2795 2897 2865 ἔτη
2944 2793 3074 2860 τξέ.
3112 2815 3130 2848 ι
3163 2795 3325 2860 Τινὲς
3377 2796 3479 2864 μὲν
3522 2795 3608 2850 λο-

2022 2889 2128 2956 ξῶς
2168 2890 2263 2943 τδν
2311 2889 2566 2960 χρησμὸν
2606 2889 3071 2958 διαλαμϐάνοντες
3127 2888 3372 2956 λέγουσι,
3405 2888 3609 2952 Κακῶς

2021 2984 2352 3055 ἐθεμάτισεν
2401 2986 2429 3037 6
2480 2983 2839 3051 ἀστρονόμος,
2887 2981 3264 3051 λαμϐάνοντες
3292 2980 3394 3051 τὴν
3427 2983 3608 3052 ἀρχὴν

2020 3074 2115 3128 τοῦ
2152 3074 2404 3144 χρησμοῦ
2437 3075 2499 3126 ἐκ
2530 3073 2625 3125 τοῦ
2664 3073 2963 3143 είρημένου
3013 3071 3165 3133 ἔτους
3192 3088 3206 3101 ·
3251 3070 3346 3124 καὶ
3379 3070 3480 3127 ἐὰν
3513 3073 3608 3125 οῦς

334 3169 411 3232 ὡς
455 3171 551 3223 καὶ
576 3173 625 3223 oi
683 3171 791 3239 πρὸ
828 3170 990 3238 ἡμῶν
1035 3169 1221 3238 ἅγιοι⁸
1269 3187 1288 3220 ι
1328 3168 1443 3222 Καὶ
1485 3171 1667 3222 πάντα
1719 3171 1828 3239 γὰρ
1854 3170 1912 3224 δν
1947 3178 1989 3236 c
2024 3184 2131 3229 τως
2179 3160 2247 3236 ἦν
2277 3165 2354 3226 ὡς
2410 3165 2513 3232 ἐμὲ
2549 3166 2698 3232 παχὺ
2749 3163 2972 3224 λεπτὸν,
3030 3162 3327 3216 ἐλάνθανεν
3371 3164 3607 3217 ἐκεῖνον.

336 3264 531 3334 ἀγαπᾷ
554 3260 761 3333 Κύριος
804 3262 1078 3328 παιδεύει,
1112 3264 1379 3334 μαστιγεῖ
1403 3263 1457 3315 δὲ
1491 3262 1605 3315 υίδν
1649 3262 1708 3316 ὃν
1740 3280 1916 3331 παρα-

334 3457 417 3502 cla
444 3446 631 3517 Libya,
667 3461 789 3517 quae
831 3445 980 3500 cives
1005 3444 1224 3514 imperii
1277 3444 1539 3509 ccelorum
1572 3443 1820 3512 nutrivit,
1856 3453 1916 3500 ut

332 3540 409 3593 ait
433 3539 653 3597 divinus
674 3537 927 3601 Cusmas,
956 3551 1197 3606 quonam
1237 3542 1481 3603 tempore
1507 3535 1747 3589 subacta:
1789 3546 1916 3590 sunt

332 3634 400 3686 ab
429 3629 638 3685 Umaro
666 3643 874 3692 amera,
913 3637 1039 3697 post
1079 3626 1447 3682 Mohametem
1480 3636 1561 3681 ter
1615 3642 1915 3681 exsecran-

330 3726 462 3779 dum
499 3720 684 3782 tertio,
723 3727 777 3775 et
812 3720 862 3772 in
893 3718 1211 3773 servitutem
1248 3718 1523 3773 redactae?
1557 3716 1783 3772 Factum
1810 3718 1917 3774 hoc

331 3822 419 3871 est
474 3813 764 3869 manifesto
823 3813 1126 3880 imperante
1184 3809 1545 3864 Constantino
1611 3796 1912 3879 Pogonato,

333 3922 477 3961 anno
509 3906 696 3961 mundi
733 3904 896 3968 6154,
927 3911 1220 3972 antequam
1257 3911 1446 3957 sancta
1479 3913 1530 3955 et
1572 3903 1915 3957 (ecumcuica

332 4011 484 4056 sexta
502 4001 742 4072 synodus
766 3999 1084 4064 haberetur,
1103 4012 1213 4067 quo
1236 4007 1479 4065 tempore
1498 4013 1595 4049 nec
1617 3996 1914 4051 schismata

332 4111 435 4149 nec
462 4093 689 4150 dissidla
719 4092 773 4147 in
801 4090 1051 4148 ccclesiis
1085 4098 1261 4145 erant.
1289 4089 1586 4159 Aliquanto
1614 4097 1735 4157 post
1760 4105 1913 4159 rcges

333 4185 521 4241 labore
566 4201 674 4239 non
713 4183 819 4238 levi
855 4183 1098 4238 sanciam
1135 4181 1325 4235 urbem
1360 4197 1386 4233 a
1419 4181 1678 4236 manibus
1716 4180 1915 4249 impio-

330 4293 451 4332 rum
474 4275 804 4330 vindicatam
843 4273 1218 4328 Romanorum
1256 4271 1603 4326 tradiderunt
1634 4271 1912 4339 imperio;

329 4373 424 4426 sed
453 4372 760 4440 imperante
802 4348 1007 4423 Basilio
1047 4365 1534 4437 porphyrogeuito,
1586 4365 1681 4433 qui
1720 4365 1915 4435 Bulga-

330 4475 594 4519 roctonus
630 4463 969 4526 nominatur,
1005 4477 1201 4516 rursus
1237 4459 1461 4531 Egypli
1502 4474 1720 4541 ameras
1742 4502 1757 4524 ,
1788 4459 1913 4512 Azi-

330 4557 471 4617 zius,
530 4555 781 4610 eamdem
833 4555 1192 4623 expugnavit,
1248 4553 1563 4622 sepulcrum
1612 4551 1914 4606 Salvatoris

329 4650 502 4704 nostri
524 4648 652 4703 Jesu
689 4647 894 4702 Christi
923 4655 977 4700 et
1007 4657 1334 4715 sumptuose
1358 4657 1616 4701 ornatum
1653 4647 1914 4715 templum

328 4741 736 4798 sanctissimum
770 4740 826 4793 in
860 4748 1192 4809 potestatem
1253 4740 1483 4809 redegit,
1518 4739 1912 4809 supellectilem

327 4836 541 4906 polluit,
574 4833 900 4889 monasteria
936 4833 1158 4897 evertit,
1186 4832 1367 4886 ubivis
1415 4832 1529 4885 illic
1583 4846 1791 4901 corpus
1821 4848 1916 4886 ex-

325 4935 578 4983 ercentes
609 4924 934 4990 monachos,
966 4923 1018 4976 in
1049 4924 1249 4992 quibus
1281 4923 1544 4978 Italorum
1576 4933 1632 4978 et
1680 4924 1911 4977 aliarum

325 5019 571 5091 gentium
627 5016 827 5087 major,
860 5030 1024 5085 quam
1064 5016 1440 5069 Romanorum
1480 5029 1744 5069 numerus
1774 5024 1912 5080 erat,

329 5118 427 5164 aut
456 5107 659 5163 occidit
685 5115 782 5162 aut
821 5105 1049 5175 iugavit.
1083 5105 1249 5160 Plane
1279 5108 1482 5159 mirum
1512 5114 1694 5159 autem
1720 5113 1826 5167 est,
1856 5114 1916 5159 ut

329 5203 505 5269 aiunt,
539 5201 908 5265 Christianos,
931 5215 1056 5254 cum
1092 5198 1399 5268 conjuncta:
1426 5205 1612 5253 essent
1642 5198 1910 5263 ecclesiae,

329 5308 360 5346 a
390 5294 500 5347 Deo
527 5305 642 5346 tum
677 5292 729 5346 in
767 5299 1093 5361 potestatem
1135 5288 1430 5359 impiorum
1479 5276 1710 5345 traditos
1767 5306 1907 5345 esse.

328 5387 481 5439 Adeo
507 5401 572 5439 ex
609 5385 692 5438 his
721 5383 975 5438 munibus
996 5382 1346 5452 intelligitur,
1379 5397 1487 5434 non
1535 5393 1762 5451 propter
1787 5398 1912 5451 pec-

330 5488 513 5531 catum
555 5476 775 5546 aliquod
806 5477 1055 5531 hostibus
1088 5491 1190 5539 nos
1225 5475 1509 5544 subjectos
1540 5491 1684 5536 esse.
1716 5477 1811 5530 sed
1838 5480 1909 5531 ob

329 5567 659 5636 singularem
689 5567 1095 5634 educationem,
1129 5567 1598 5638 quemadmodum
1626 5567 1754 5621 olim
1780 5584 1909 5623 san-

330 5660 406 5713 eti
422 5660 723 5713 docuerunt
749 5677 763 5714 :
794 5679 812 5710 ι
836 5656 1237 5729 Quemcunque
1259 5660 1404 5715 enim
1428 5667 1576 5713 amat
1598 5659 1760 5725 Deus,
1779 5675 1904 5714 eum

332 5750 546 5814 educat,
579 5761 632 5805 et
668 5752 899 5821 castigat
947 5753 1140 5821 lilium,
1177 5768 1343 5823 quem
1378 5753 1597 5823 recipit,
1629 5772 1647 5805 ι
1684 5764 1737 5807 et
1784 5770 1907 5823 quae

333 5854 658 5907 sequuntur.
697 5863 713 5894 ι
755 5843 952 5899 Fidelis
994 5846 1163 5910 enim,
1200 5846 1294 5913 ait,
1350 5844 1613 5901 Dominus
1664 5858 1767 5912 cst,
1815 5845 1907 5916 qui

2031 3256 2176 3326 Ἐγὼ
2213 3258 2272 3311 δέ
2308 3259 2450 3311 κατά
2482 3258 2543 3310 τ’)
2577 3256 2771 3311 δοκοῦν
2811 3256 2975 3311 τινῶν
3016 3255 3328 3326 φιλοσόφων
3360 3256 3611 3326 ἀρίστων

2020 3453 2128 3491 non
2163 3437 2442 3503 permittet
2487 3440 2589 3489 vos
2609 3435 2774 3499 ultra,
2808 3414 2973 3505 quam
3010 3435 3318 3491 .sustinere
3358 3436 3607 3504 possitis,

2022 3530 2241 3585 tentari.
2284 3550 2301 3580 ι
2359 3522 2492 3584 item
2546 3529 2761 3583 David:
2807 3548 2826 3580 ι
2867 3526 3168 3582 Educando
3212 3528 3468 3583 educavit
3520 3544 3608 3584 me

1998 3622 2307 3688 Dominus,
2342 3638 2442 3678 nec
2472 3638 2601 3675 vero
2632 3621 2794 3675 morti
2831 3636 2917 3674 me
2950 3621 3200 3675 tradidit.
3231 3639 3250 3670 ι

2089 3715 2265 3769 Etiam
2301 3716 2404 3769 hoc
2446 3715 2600 3768 audi.
2629 3713 3108 3780 Quemadmodum
3134 3714 3489 3784 Assyriorum
3524 3729 3610 3768 re-

2019 3821 2184 3875 gnum
2218 3822 2246 3875 a
2287 3800 2604 3874 Babyloniis
2651 3820 2904 3858 eversum
2955 3813 3061 3868 est,
3121 3804 3540 3876 Babyloniorum
3574 3823 3605 3861 a

2021 3897 2228 3962 Persis,
2277 3897 2571 3952 Persarum
2610 3913 2640 3951 a
2684 3896 3101 3963 Macedonibus,
3166 3895 3523 3953 Macedonum
3575 3914 3606 3954 a

2022 3991 2305 4053 Romanis,
2347 3992 2420 4044 ita
2474 3988 2847 4045 Romanorum
2898 4005 3119 4059 quoque
3185 3990 3477 4059 imperium
3536 3991 3608 4047 ab

2018 4081 2424 4137 Otmanlidibus
2460 4101 2472 4136 :
2507 4089 2671 4151 atque
2712 4082 2910 4135 horum
2964 4081 3088 4136 ﬁnis
3136 4081 3312 4137 aderit
3357 4081 3509 4151 justo
3551 4066 3607 4136 et

2004 4176 2318 4251 constituto
2345 4183 2612 4244 tempore,
2638 4183 3090 4242 everteuturque,
3120 4173 3264 4228 sicut
3289 4179 3363 4227 ait
3382 4174 3605 4229 divinus

2019 4264 2188 4326 Isaias
2217 4269 2269 4322 in
2297 4267 2480 4339 specie
2507 4268 2776 4321 ldummae.
2811 4286 2831 4319 ι
2867 4267 3011 4322 Dixit
3041 4267 3172 4320 mihi
3203 4267 3499 4323 Dominus:
3522 4269 3605 4322 ln-

2018 4371 2098 4417 tra
2144 4377 2370 4424 annmn,
2407 4360 2586 4430 qualis
2618 4369 2701 4414 est
2747 4376 2927 4414 annus
2978 4361 3337 4426 mercenarii,
3390 4361 3629 4417 deﬁciet

2018 4453 2192 4525 gloria
2231 4452 2429 4517 Cedar,
2458 4461 2513 4507 et
2559 4453 2804 4521 reliquiae
2835 4452 3149 4522 jaculorum
3194 4452 3419 4507 fortium
3464 4455 3605 4508 lilio-

2021 4561 2141 4599 rum
2173 4544 2351 4599 Cedar
2380 4544 2589 4614 exigua:
2617 4552 2800 4607 erunt,
2832 4545 3091 4610 quoniam
3139 4543 3428 4611 Dominus,
3465 4545 3608 4601 Deus

2019 4635 2258 4701 lsraelis,
2287 4636 2503 4690 locutus
2527 4646 2631 4690 est.
2664 4655 2682 4687 ι
2732 4636 2812 4688 Ad
2839 4639 2981 4704 quod
3008 4636 3213 4691 dictant
3246 4640 3525 4709 propheta:
3547 4657 3608 4695 se

2017 4730 2341 4799 appliquans
2364 4728 2809 4796 sapientissimus
2841 4720 3153 4797 Stephanus
3180 4729 3604 4796 Alexandrinus,

2016 4842 2161 4879 anno
2198 4825 2376 4889 ιοισι,
2408 4821 2761 4891 Septembris
2809 4821 2897 4875 die
2938 4822 2994 4882 5.
3031 4822 3394 4878 hebdomadis
3425 4823 3478 4887 6,
3534 4827 3604 4881 de

2014 4917 2417 4982 lsmaelitarum
2456 4932 2622 4984 regno
2653 4915 2756 4969 hoc
2802 4914 2980 4968 thema
3010 4915 3131 4969 fecit
3182 4924 3235 4968 et
3262 4917 3550 4971 constituit
3585 4934 3600 4972 :

2023 5006 2103 5062 «Is
2154 5015 2403 5075 potenter
2443 5017 2496 5058 ct
2532 5021 2795 5081 prospere
2831 5006 3085 5075 regnabit
3120 5021 3293 5059 annos
3328 5016 3605 5063 trecentos

2017 5116 2234 5167 novem,
2268 5104 2322 5151 in
2359 5115 2540 5152 rerum
2580 5097 2852 5173 angustiis
2882 5109 2931 5151 et
2956 5099 3370 5166 perturbatione
3405 5101 3603 5158 deinde
3686 5156 3705 5179 1

2017 5208 2198 5247 annos
2221 5193 2613 5261 quinquaginta
2636 5208 2751 5254 sex,
2770 5201 2827 5246 ut
2848 5192 3073 5245 omnino
3096 5208 3285 5246 eorum
3308 5194 3602 5264 imperium

2015 5294 2129 5339 tum
2164 5286 2405 5339 faustum
2458 5292 2570 5337 tum
2619 5285 2920 5338 infaustum
2966 5283 3213 5339 futurum
3258 5284 3328 5341 sit
3358 5303 3452 5355 per
3501 5305 3604 5344 an-

2013 5394 2114 5434 nos
2139 5375 2268 5431 365.
2304 5394 2322 5427 ι
2354 5373 2616 5431 Nonnulli
2655 5376 2974 5431 vaticinium
3007 5392 3296 5448 perperam
3335 5380 3605 5452 interpre-

2015 5471 2134 5537 tati,
2160 5477 2539 5540 astrqnomum
2562 5468 2705 5523 male
2728 5468 3120 5524 ratiocinatum
3155 5486 3277 5525 esse
3310 5470 3600 5534 afﬁrmant,

2015 5560 2231 5614 initium
2261 5559 2526 5613 ducentes
2554 5557 2625 5612 ab
2657 5572 2746 5623 eo,
2779 5573 2942 5628 quem
2983 5558 3121 5622 dixi,
3159 5574 3327 5613 anno.
3360 5557 3516 5623 Quod
3554 5557 3602 5611 si

2012 5655 2085 5711 ita
2110 5667 2278 5722 esset,
2302 5654 2470 5710 falsus
2493 5653 2583 5707 ille
2620 5652 2781 5707 iuret.
2840 5652 2911 5705 At
2937 5653 3190 5721 equidem
3212 5652 3279 5705 de
3302 5668 3363 5706 ea
3387 5667 3445 5706 re
3471 5666 3606 5721 quo-

2011 5751 2262 5804 rumdam
2282 5745 2732 5803 doctissimorum
2753 5745 3040 5798 hominum
3057 5744 3357 5798 sententias
3373 5744 3604 5816 cognovi

2022 5853 2077 5899 et
2105 5843 2292 5910 didici,
2341 5840 2641 5899 secundum
2679 5853 2818 5909 quas
2853 5836 3076 5907 sapiens
3112 5836 3204 5892 ille
3251 5838 3334 5892 vir
3386 5828 3610 5896 initium
