3964 6440
274 394 384 458 905

1314 376 1758 440 CllRONICON
1801 374 2069 436 MAJUS.
2108 398 2174 407 ·-
2201 371 2353 434 LIB.
2382 371 2492 457 51V.

3420 364 3526 427 906

265 511 424 566 Μετὰ,
453 509 510 562 δὲ
541 507 602 561 τὺ
643 503 939 561 ἀποθανεῖν
978 501 1197 574 Σάρραν
1229 498 1391 554 ἔλαϐε
1424 498 1525 567 τὴν
1560 494 1843 563 Χετοῦραν
1873 496 1924 555 Α
1957 487 2206 548 καλέσεις
2243 485 2305 538 τὸ
2340 486 2510 553 ὄνομα
2551 482 2721 538 αὐτοῦ
2753 482 2961 546 Ἰσαὰκ,
3016 480 3107 534 καὶ
3150 481 3315 551 319
3351 483 3535 551 στήσω

265 602 346 664 είς
379 602 637 669 γυναῖκα,
664 599 725 664 ἐξ
748 592 816 669 ἦς
838 597 1133 666 ἐγέννησεν
1155 591 1306 656 υἱοὺς
1335 591 1415 657 ἓξ,
1446 590 1539 643 τὸν
1561 587 1839 659 Ζομϐρᾶιν,

267 693 360 747 τὸν
390 692 584 759 ἶιεζσὶι,
624 692 716 747 τὸν
752 691 955 757 nam,
1002 691 1094 742 τὸν
1126 687 1359 758 Μαδιὰμ
1406 683 1500 737 καὶ
1534 681 1626 736 τὸν
1667 678 1844 734 Ἐϐὁει

267 788 363 841 xal
389 788 483 840 τὸν
504 788 677 839 Σοῖαι.
709 785 855 839 Ἀλλ’
889 785 981 837 ἐπὶ
1002 782 1096 836 τὸν
1122 780 1352 851 Ἰσμαὴλ
1382 777 1477 829 τὸν
1504 773 1658 829 νόθον
1680 774 1845 825 ἐπαν-

266 878 541 951 έλθωμεν.
603 878 771 948 318
802 875 960 932 Μετὰ
987 875 1049 928 τὸ
1095 870 1457 941 συγγενέσθαι
1483 865 1743 937 Ἀϐραὰμ
1775 865 1847 945 τῇ

268 975 449 1042 Ἀγαρ
481 972 682 1042 εὑρέθη
719 974 778 1024 ὲν
807 971 1008 1037 γαστρὶ
1050 960 1273 1036 ἔχουσα,¹
1309 965 1407 1017 καὶ
1446 960 1627 1014 ίδοῦσα
1656 958 1846 1029 Eappa

264 1060 593 1129 ἐζηλοτύπει
646 1060 836 1130 αὐτῆς,
877 1058 969 1111 καὶ
1013 1054 1259 1117 ὠνείδιζε
1300 1053 1391 1104 τὸν
1441 1049 1721 1120 Ἀϐραὰμ,
1755 1045 1848 1099 καὶ

266 1150 453 1220 ἔθλιψε
484 1152 578 1205 καὶ
620 1150 811 1203 ἐλύπει
844 1150 943 1219 τὴν
979 1150 1183 1217 Ἀγαρ.
1229 1148 1293 1200 Ἦ
1319 1145 1375 1197 δὲ
1414 1145 1617 1211 ”Δγαρ,
1650 1141 1725 1210 μὴ
1755 1140 1848 1192 δυ-

265 1243 480 1313 ναμένη
528 1242 785 1295 τοσοῦτον
838 1239 1125 1295 θλίϐεσθαι
1153 1239 1249 1291 καὶ
1296 1234 1691 1305 κακουχεϊσθαι
1742 1231 1848 1283 ὐπδ

263 1337 368 1407 τῆς
398 1337 618 1405 κυρίας,
651 1336 882 1405 ἀπέδρα,
916 1335 1009 1388 καὶ
1029 1336 1087 1388 ὲν
1120 1333 1199 1402 τῷ
1231 1330 1653 1399 ἀποδιδράσκειν
1676 1328 1849 1395 αὐτὴν

146 1472 161 1487 κ
265 1429 330 1480 ἐκ
362 1428 463 1497 τῆς
498 1427 696 1499 κυρίας
741 1426 911 1494 αὐτῆς
944 1425 1046 1496 τῆς
1100 1426 1319 1495 saepe;
1351 1424 1668 1492 ἀπήντησεν
1708 1419 1847 1487 αὑτῇ

265 1519 505 1587 ἄγγελος
538 1519 743 1590 Κυρίου
784 1518 959 1587 λέγων
985 1535 998 1549 ·
1037 1537 1056 1570 ‹
1115 1506 1531 1586 Ἀποστράφηθι
1568 1511 1706 1577 πρὸς
1753 1509 1853 1579 τὴν

266 1613 473 1683 κυρίαν
534 1630 652 1676 σου,
690 1612 783 1666 καὶ
820 1609 1192 1679 ταπεινώθητι
1240 1608 1345 1662 ὑπὸ
1392 1607 1495 1669 τὰς
1526 1607 1713 1675 χεῖρας
1753 1604 1853 1655 αὖ·

264 1705 393 1774 τῆς.
432 1724 451 1756 ι
494 1706 604 1758 Kal
653 1701 811 1757 εἶπεν
849 1705 988 1773 αὐτῇ
1024 1705 1051 1755 6
1081 1700 1315 1770 ἄγγελος
1369 1698 1579 1769 Κυρίου
1607 1714 1620 1728 ·
1660 1715 1679 1747 ι
1718 1694 1851 1748 Ἰδοὺ

266 1796 335 1849 σὺ
374 1797 430 1849 ἐν
455 1797 656 1865 γαστρὶ
687 1795 853 1867 ἔχεις,
888 1796 985 1848 καὶ
1011 1792 1145 1864 τέξῃ
1182 1793 1321 1857 υἱὸν,
1363 1792 1459 1844 καὶ
1503 1786 1855 1852 καλέσειςρτὸ

264 1889 448 1955 ὄνομα
478 1887 642 1941 αὐτοῦ
671 1886 927 1957 Ίσμαὴλ,
959 1888 1042 1940 ὅτι
1084 1887 1360 1955 ἐπήκουσε
1397 1883 1604 1953 Κύριος
1636 1881 1733 1951 τὴν
1761 1896 1858 1932 τα·
1888 1863 1929 1911 Β
1964 1866 2198 1935 αἶτῆσας
2228 1866 2308 1934 τῷ
2338 1864 2458 1934 θεῷ
2485 1865 2659 1928 οὕτως
2688 1866 2914 1933 ποιῆσαι
2938 1866 3031 1918 καὶ
3058 1865 3150 1916 τὸν
3184 1863 3415 1933 ’Ῑσμαὴλ
3456 1867 3551 1915 καὶ

1962 1958 2266 2029 εὐλογῆσαι
2293 1958 2479 2021 αὑτὸν,
2506 1960 2533 2012 ὁ
2560 1958 2615 2010 δὲ
2650 1956 2782 2019 Θεὸς
2804 1956 3130 2025 ἀποκριθεὶς
3156 1953 3311 2009 εἷπεν
3333 1973 3347 1987 ·
3372 1975 3389 2006 ι
3414 1957 3550 2008 ’ἰδοὺ
3646 1988 3665 2007 ο

266 1980 534 2034 πείνωσίν
573 1997 693 2034 σου.
735 1980 907 2041 Οἰτος
942 1978 1095 2032 ἔσται
1128 1977 1389 2048 ἄγροικος
1422 1976 1733 2044 ἄνθρωπος,
1761 1973 1857 2024 καὶ

269 2074 327 2125 αἱ
361 2074 550 2141 χεῖρες
582 2071 748 2124 αὐτοῦ
794 2071 888 2124 ἐπὶ
920 2063 1155 2134 ποῖ’ντας,
1184 2073 1280 2121 καὶ
1319 2069 1376 2120 αἱ
1421 2069 1601 2136 χεῖρες
1635 2066 1858 2117 πάντων

264 2166 362 2216 ἐπ’
397 2163 598 2216 αὐτόν*
635 2161 733 2215 καὶ
778 2164 919 2214 κατὰ
953 2161 1247 2230 πρόσωπον
1294 2157 1517 2211 πάντων
1567 2156 1674 2207 τῶν
1703 2154 1858 2209 ἀδελ-

269 2256 396 2323 φῶν
412 2255 582 2308 αὐτοῦ
608 2256 957 2322 κατοικήσει.
984 2271 1001 2304 ι
1038 2253 1143 2304 Kal
1169 2251 1330 2305 πάλιν
1350 2252 1442 2303 ἐπὶ
1465 2248 1748 2316 κεφαλαίῳ
1773 2247 1859 2311 ιζ’,

270 2345 435 2403 εἶπεν
467 2350 495 2401 6
521 2347 652 2410 Θεὸς
683 2348 761 2416 τῷ
799 2348 1057 2417 ’Δϐραὰμ
1087 2346 1221 2419 περὶ
1257 2344 1359 2413 τῆς
1390 2343 1605 2416 Eappa;
1635 2342 1736 2410 τῆς
1763 2358 1863 2409 γυ-

272 2439 461 2502 ναικὸς
494 2437 663 2493 αὐτοῦ
688 2455 703 2469 ·
736 2455 754 2490 ι
780 2438 1000 2509 Σάρραν
1022 2439 1119 2507 τὴν
1154 2437 1392 2509 γυναῖκά
1427 2454 1522 2488 σου
1554 2435 1861 2503 εὐλογήσω,

276 2533 372 2586 καὶ
407 2533 564 2586 δώσω
616 2550 700 2586 σοι
740 2531 798 2599 ἐξ
838 2532 1011 2602 αὐτῆς
1043 2532 1257 2597 τέκνον,
1309 2531 1405 2585 καὶ
1451 2530 1739 2600 εὐλογήσω
1769 2529 1866 2581 αὐ-

276 2622 397 2686 τὸν,
426 2623 523 2676 καὶ
558 2622 712 2677 ἔσται
752 2625 831 2687 είς
862 2622 1016 2693 ἔθνη,
1046 2623 1138 2675 xal
1179 2620 1449 2691 βασιλεῖαι
1484 2619 1653 2673 ἐθνῶν
1684 2618 1740 2684 ἐξ
1767 2618 1867 2672 αὑ-

276 2712 376 2766 τοῦ
408 2715 648 2770 ἔσονται.
692 2734 711 2767 ι
748 2716 858 2768 Kal
882 2715 1082 2768 ἔπεσεν
1129 2713 1393 2784 ’Δϐραὰμ
1431 2713 1526 2765 ἐπὶ
1571 2711 1868 2779 πρόσωπον

273 2807 447 2859 αὐτοῦ
477 2810 572 2861 καὶ
621 2808 875 2874 ἐγέλασε,
913 2809 1009 2861 καὶ
1059 2805 1212 2861 εἶπεν
1245 2812 1302 2860 ὲν
1336 2810 1407 2877 τῇ
1450 2806 1664 2876 διανοίᾳ
1696 2804 1865 2861 αὑτοῦ

272 2900 457 2968 λέγων
487 2915 501 2929 ’
540 2918 562 2952 ε
607 2898 669 2951 Εί
703 2898 953 2963 δυνατὸν,
983 2898 1060 2969 τῷ
1086 2899 1467 2952 ἑκατονταετεῖ
1495 2897 1608 2960 υίὸς
1638 2897 1869 2966 γενήσε-

274 3008 394 3055 ται,
451 2991 547 3063 καὶ
603 2991 792 3063 saepe;
821 2991 1152 3061 ἐνενήκοντα
1198 2990 1336 3044 ἑτῶν
1384 2989 1519 3043 οὖσα
1571 2988 1807 3054 τέξεται.
1846 3007 1866 3040 ι

276 3084 419 3136 Eine
463 3084 519 3136 δὲ
568 3083 829 3155 Ἀϐραὰμ
878 3085 1015 3153 πρὸς
1045 3083 1135 3137 τὸν
1163 3082 1335 3136 Θεὸν·
1383 3101 1405 3135 ε
1448 3083 1679 3152 ’ῐσμαὴλ
1716 3080 1872 3144 οὗτος

1951 581 2049 650 τὴν
2078 578 2347 649 διαθήκην
2381 596 2483 648 μου
2509 578 2646 648 πρὸς
2668 577 2832 629 αὑτὸν
2866 578 2945 640 είς
2976 575 3249 645 διαθήκην
3281 574 3528 635 αἰώνιον,

1954 666 2095 723 εἶναι
2131 668 2284 740 αὐτῷ
2331 668 2466 731 Θεὸς
2522 668 2598 731 ὡς
2623 667 2822 737 καὶτῷ
2870 670 3151 737 σπέρματι
3214 666 3382 718 αὑτοῦ
3417 666 3537 734 μετ’

1955 764 2141 817 αὐτόν.
2176 764 2312 834 Περὶ
2348 766 2407 841 δὲ
2436 764 2669 834 Ἰσμαήλ
2703 764 2815 817 ίδοὺ
2844 762 3131 833 ἐπήκουσά
3154 780 3272 824 σου,
3298 761 3393 814 καί
3424 760 3534 813 ἰδοὺ

1954 855 2227 926 εὖλὸγησα
2258 842 2423 909 αὑτὸν
2445 856 2540 909 καὶ
2570 854 2830 926 πληθυνῶ
2858 854 3022 906 αὐτὸν
3049 854 3257 921 σφόδρα
3282 869 3296 883 θ
3329 850 3538 904 δώδεκα

1956 943 2083 1016 ἔθνη
2111 948 2388 1014 γεννήσει,
2423 948 2519 1000 καὶ
2550 945 2708 998 δώσω
2743 945 2906 997 αὐτὸν
2939 945 3021 1005 εἰς
3051 942 3204 1006 ἔθνος
3235 944 3399 1011 μέγα.
3420 943 3537 1012 Τὴν

1954 1035 2012 1089 δὲ
2044 1036 2311 1105 διαθήκην
2342 1054 2446 1106 μου
2480 1039 2666 1108 στήσω
2697 1035 2838 1108 πρὸς
2880 1036 3094 1099 Ἰσαὰκ,
3120 1034 3179 1087 ὃν
3204 1034 3423 1099 τέξεταί
3454 1052 3535 1086 σοι

1957 1129 2144 1198 Σάρῤα
2174 1132 2253 1192 εἰς
2285 1132 2377 1183 τὸν
2409 1132 2602 1202 καιρὸν
2650 1131 2863 1184 τοῦτον.
2908 1147 2928 1183 ι
2961 1123 3093 1182 Ὧδε
3136 1128 3410 1198 δυνάμεθα
3439 1146 3541 1181 κα-

1960 1207 2215 1279 ταλαϐεῖν
2232 1225 2293 1278 τὸ
2323 1227 2465 1295 μέγα
2487 1230 2785 1297 μυστήριον
2814 1226 2915 1296 τῆς
2946 1224 3209 1287 εὐσεϐοῦς
3232 1227 3327 1276 καὶ
3351 1223 3540 1290 ὑγιοῦς

1960 1316 2054 1369 καὶ
2090 1317 2253 1384 ἁγίας
2284 1317 2444 1386 ήμῶν
2478 1318 2739 1380 πίστεως,
2764 1318 2857 1370 καὶ
2884 1316 2985 1386 τήν
3019 1315 3280 1368 ἀσέϐειαν
3299 1316 3366 1385 ἢν
3387 1312 3541 1383 ἔχου-

1962 1426 2048 1465 σιν
2082 1410 2132 1461 οί
2158 1409 2481 1478 ’Δγαρηνοί.
2516 1410 2620 1463 Kal
2653 1409 2755 1462 οὐκ
2790 1404 3129 1483 εἶπενααύτῷ
3162 1408 3339 1479 6:956;
3368 1406 3540 1472 ἅπαξ.

1960 1501 2098 1555 ἀλλὰ
2124 1502 2217 1554 καὶ
2266 1501 2369 1564 δίς.
2414 1503 2500 1557 Ἐν
2527 1501 2771 1565 πρώτοις
2817 1502 2920 1571 μὲν
2948 1497 3070 1555 εἷπε
3090 1517 3103 1530 ·
3134 1520 3153 1553 ι
3205 1500 3395 1564 Τέξεις
3429 1499 3542 1551 υίὸν

1961 1595 2057 1648 καὶ
2088 1593 2343 1657 καλέσεις
2367 1595 2429 1647 τὸ
2456 1594 2632 1663 ὄνομα
2660 1593 2828 1647 αὑτοῦ
2859 1592 3069 1655 Ἰσαὰκ,
3106 1592 3203 1647 καὶ
3230 1593 3413 1660 στήσω
3444 1590 3546 1654 τὴν

1962 1686 2229 1757 διαθήκην
2264 1702 2369 1754 μου
2396 1686 2536 1755 πρὸς
2567 1686 2727 1738 αὐτὸν
2759 1686 2840 1748 εἰς
2873 1684 3141 1756 διαθήκην
3179 1683 3421 1747 αἰώνιον,
3452 1685 3546 1759 καὶ

1963 1775 2042 1845 τῷ
2094 1777 2373 1846 σπέρματι
2413 1775 2579 1828 αὑτοῦ
2616 1775 2737 1845 μετ’
2778 1775 2963 1829 αὐτόν.
3000 1793 3040 1826 ιι
3089 1773 3149 1826 'U
3190 1774 3247 1827 δὲ
3293 1772 3549 1842 Ἀϐραὰμ

1962 2051 2236 2120 εὐλόγησα
2269 2052 2456 2114 αὐτὸν,
2490 2052 2586 2104 καὶ
2642 2050 2901 2118 πληθυνῶ
2953 2051 3118 2105 αὐτὸν
3181 2051 3410 2123 σφόδρα,
3452 2053 3550 2104 καὶ

1964 2144 2175 2197 δώδεκα
2224 2142 2354 2210 ἔθνη
2385 2144 2640 2213 γεννήσει
2700 2143 2796 2196 καὶ
2844 2145 2925 2204 είς
2971 2144 3123 2206 ἔθνος
3165 2145 3313 2213 μέγα
3367 2142 3550 2198 ἔσται.

1965 2237 2079 2305 Τὴν
2114 2236 2170 2288 δὲ
2193 2235 2464 2304 διαθήκην
2496 2252 2600 2304 μου
2637 2236 2818 2303 στήσω
2842 2232 2978 2304 πρὸς
3009 2232 3219 2286 Ἰσαάκ.
3260 2251 3278 2282 ι
3320 2234 3424 2285 Kal
3448 2233 3549 2285 οὐκ

1966 2328 2236 2398 ἠθέλησεν
2266 2330 2293 2381 6
2331 2327 2466 2389 Θεὸς
2497 2327 2669 2381 δῶσαι
2702 2331 2798 2381 καὶ
2829 2326 3201 2396 ὲμπιστεῦσαι
3232 2326 3331 2396 τὴν
3352 2326 3549 2395 διαθή-

1967 2437 2073 2488 κην
2137 2419 2303 2474 αὑτοῦ
2340 2420 2419 2491 τῷ
2452 2420 2686 2491 ’ῐσμαὴλ
2739 2422 2836 2491 καὶ
2891 2420 2969 2490 τῷ
3018 2421 3299 2489 σπέρματι
3358 2418 3545 2482 αὑτοῦ,

1969 2512 2106 2565 ἀλλὰ
2166 2513 2315 2583 μόνῳ
2370 2510 2449 2582 τῷ
2484 2490 2675 2566 Ἰσαὰκ
2728 2490 2823 2567 καὶ
2856 2514 2969 2574 τοῖς
3000 2511 3059 2576 ἐξ
3112 2509 3279 2570 αὐτοῦ
3338 2511 3417 2571 είς
3463 2511 3553 2561 τὸν

1944 2603 2162 2658 «αἰῶνα.
2183 2604 2291 2657 Kal
2315 2598 2381 2674 ἦν
2405 2602 2691 2670 θαυμάσαι
2712 2602 2760 2655 εί
2784 2604 2868 2665 τίς
2890 2603 2950 2654 οὐ
2972 2602 3198 2654 δύναται
3221 2599 3553 2652 καταλαϐεῖν

1967 2695 2068 2766 τὴν
2099 2695 2312 2750 ἔννοιαν
2352 2695 2463 2749 τῶν
2491 2694 2752 2749 τοιούτων
2800 2696 3006 2768 ῥητῶν,
3048 2695 3112 2748 Ol
3145 2694 3203 2748 δὲ
3236 2694 3552 2763 Ἀγαρηνοὶ,

1973 2788 2241 2859 βάρϐαροι
2276 2789 2370 2841 καὶ
2402 2791 2655 2859 ἄγροικοι
2684 2788 2858 2854 ὄντες,
2882 2789 2983 2841 οὐκ
3003 2788 3214 2840 οἴδασιν
3240 2772 3417 2855 ὀρθῶς
3450 2785 3551 2853 τὴν

1974 2880 2187 2935 ἔννοιαν
2217 2866 2325 2934 τῶν
2379 2883 2582 2953 ῥητῶν,
2620 2884 2712 2935 καὶ
2749 2881 3051 2946 κλαύσωσι,
3106 2880 3224 2943 πῶς
3255 2882 3283 2933 6
3329 2878 3462 2942 Θεὸς
3496 2879 3556 2942 ἐξ

1975 2971 2157 3043 ἀρχῆς
2209 2971 2441 3036 ἐξένωσε
2488 2974 2581 3026 τὶν
2640 2974 2994 3043 πατριάρχην
3041 2973 3225 3025 αὐτῶν
3260 2973 3353 3027 καὶ
3393 2972 3559 3042 320

1981 3064 2186 3127 αὐτοὺς
2212 3064 2311 3134 τῆς
2341 3063 2615 3136 διαθήκης
2647 3066 2819 3117 αὑτοῦ
2855 3065 2949 3117 καὶ
2993 3065 3093 3134 τῆς
3125 3064 3375 3133 χάριτος,
3420 3063 3557 3116 ἀλλὰ

273 3175 432 3245 ζήτω
451 3177 694 3231 ἐναντίον
724 3194 840 3231 σου.
873 3196 891 3227 ι
927 3173 1059 3230 Eine
1088 3177 1145 3230 δὲ
1181 3178 1209 3230 6
1239 3176 1374 3239 Θεὸς
1404 3174 1542 3247 πρὸς
1574 3172 1832 3245 ’Λϐραάμ
1855 3190 1869 3204 ·
1901 3200 1945 3259 c
1978 3155 2127 3209 οὗτοι
2163 3155 2514 3227 κομπάξουσι
2562 3157 2681 3221 πῶς
2708 3157 2803 3211 καὶ
2840 3158 2992 3210 αδτοῖ
3036 3157 3298 3224 ἀπόγονοι
3324 3158 3432 3213 εἶσι
3463 3156 3558 3211 τοῦ

279 3286 300 3319 ι
334 3269 473 3335 Nal,
507 3270 619 3322 ίδοὺ
653 3270 896 3342 Eappan
925 3270 1068 3340 γυνή
1101 3286 1194 3324 σου
1230 3269 1446 3336 τέξεταί
1490 3286 1576 3322 σοι
1603 3269 1738 3332 υἱὸν,
1774 3271 1865 3325 καὶ

277 3453 859 3519 neravit,Zombram,
915 3455 1080 3521 lezai,
1133 3454 1333 3520 Madai,
1385 3453 1638 3522 Madiam,
1675 3456 1867 3521 Eboei,

278 3556 337 3601 et
367 3545 536 3601 Soial.
586 3544 692 3600 Sed
724 3546 1013 3601 redeamus
1046 3546 1113 3601 ad
1137 3547 1418 3603 lsmaelem
1444 3552 1695 3603 nothum.
1725 3552 1871 3618 Agar

279 3641 350 3696 ab
382 3638 698 3695 Abrahamo
756 3654 1088 3708 compressa,
1132 3640 1354 3710 gravida
1403 3640 1544 3695 facta
1580 3652 1680 3698 est.
1714 3643 1870 3708 Quod

281 3734 376 3787 ubi
408 3731 797 3787 animadvertit
855 3731 1041 3795 Sarra,
1087 3731 1290 3787 invidia
1349 3742 1644 3796 commota,
1677 3749 1873 3803 expro-

277 3825 498 3890 brabat,
536 3832 701 3894 atque
732 3811 958 3879 laedebat
991 3832 1045 3880 et
1076 3823 1344 3894 affligebat
1397 3825 1561 3894 Agar.
1594 3824 1725 3891 Qua:
1746 3842 1870 3881 cum

278 3919 427 3972 hera:
496 3916 775 3971 cruciatus
821 3926 876 3970 et
924 3915 1151 3985 injurias
1203 3916 1473 3970 sustinere
1507 3904 1613 3972 non
1667 3928 1869 3986 posset,

274 4010 518 4080 aufugit.
545 4012 614 4064 At
669 4008 994 4080 profugienti
1025 4024 1055 4062 a
1089 4009 1252 4063 Sarra
1309 4010 1439 4064 hera
1472 4011 1684 4063 obviam
1728 4011 1874 4065 venit

275 4105 536 4174 angelus,
565 4110 619 4158 et
642 4118 761 4157 eam
781 4105 1102 4159 cohortatus
1123 4112 1225 4167 est,
1257 4112 1318 4157 ut
1345 4104 1545 4158 rediret
1568 4106 1632 4157 ad
1661 4104 1869 4171 heram,

273 4206 330 4251 et
365 4199 607 4267 imperio
654 4196 773 4265 ejus
825 4210 884 4250 sc
916 4195 1233 4264 Subjiceret.
1263 4198 1341 4251 Ac
1397 4196 1533 4249 dixit
1560 4197 1607 4251 ei
1648 4197 1875 4264 angelus

277 4287 373 4343 Dei
412 4310 425 4344 :
462 4306 485 4339 ι
527 4286 662 4342 Ecce
693 4290 743 4339 in
780 4295 970 4341 ventre
998 4285 1163 4356 geris,
1194 4298 1246 4341 et
1281 4288 1449 4341 filium
1482 4289 1657 4355 paries
1709 4304 1872 4358 quem

248 4382 594 4454 appellabis
626 4380 935 4444 Ismaelctn,
983 4380 1243 4449 quoniam
1280 4378 1543 4436 Dominus
1599 4381 1876 4434 exaudivit

231 4475 667 4550 -:rgritutlinem
727 4482 897 4541 tuam.
929 4472 1045 4526 Erit
1075 4476 1121 4526 is
1148 4471 1298 4527 ferus
1345 4472 1528 4538 homo,
1575 4484 1628 4526 et
1681 4489 1875 4527 manus

1992 3249 2246 3325 Ἀϐραὰμ
2293 3252 2388 3312 καὶ
2412 3253 2439 3305 ὀ
2474 3252 2606 3315 Θεὸς
2657 3246 2919 3321 εὐλόγηόε
2970 3259 3066 3304 καὶ
3093 3253 3183 3306 τὸν
3224 3251 3449 3323 Ἰσμαὴλ
3483 3251 3559 3313 ὡς

1978 3443 2158 3492 autem
2210 3436 2461 3492 exaudiri
2500 3445 2588 3500 te,
2620 3437 2752 3491 etei
2805 3436 3094 3498 benedixi,
3136 3445 3190 3492 et
3228 3449 3561 3506 magnopere

1976 3548 2101 3586 eum
2137 3531 2367 3601 augebo.
2400 3550 2418 3581 ι
2457 3530 2752 3595 Duodecim
2819 3532 3067 3584 nationes
3103 3530 3435 3599 procreabit,
3474 3536 3577 3581 ιιι-ι’

1979 3640 2085 3693 que
2116 3625 2170 3678 in
2196 3640 2450 3695 magnam
2477 3636 2692 3695 gentem
2716 3641 2836 3678 eum
2868 3624 3088 3678 faciam.
3115 3624 3557 3689 Pactimient_au-

1983 3726 2088 3769 tem
2115 3730 2288 3769 meam
2308 3732 2431 3769 cum
2454 3714 2639 3770 lsaaro
2654 3717 2873 3780 faciam,
2898 3732 3057 3785 quem
3077 3717 3239 3771 Sarra
3268 3716 3361 3770 tibi
3387 3717 3561 3785 pariet

1981 3809 2032 3861 iu
2066 3808 2232 3863 hocce
2294 3820 2523 3875 tempus.
2562 3828 2581 3861 ι
2619 3810 2692 3864 lia
2745 3809 3210 3879 comprehendere
3267 3826 3564 3879 possumus

1982 3915 2235 3967 magnum
2272 3903 2588 3969 mysterium
2621 3902 2740 3970 pie,
2770 3918 2917 3956 sana:
2941 3914 2995 3957 et
3021 3915 3226 3957 sancta:
3259 3904 3381 3958 fidei
3436 3920 3565 3964 nus-

1981 3998 2102 4055 true,
2134 3984 2188 4045 et
2220 3992 2576 4060 impietatem,
2615 3994 2703 4046 cui
2764 3994 2995 4065 Agaretii
3021 3995 3241 4049 obnoxii
3277 4007 3426 4050 sunt.
3462 3996 3563 4050 Nc-

1981 4099 2085 4152 que
2117 4085 2285 4138 semel
2322 4084 2373 4139 ei
2402 4085 2542 4139 Deus
2573 4086 2700 4139 illud
2728 4085 2889 4151 dixit,
2919 4086 3012 4141 sed
3041 4086 3145 4141 bis.
3185 4086 3423 4142 Primum
3482 4090 3566 4144 di-

1982 4179 2064 4233 xit
2092 4197 2105 4230 :
2142 4196 2160 4229 ι
2191 4176 2514 4232 Procreabis
2543 4179 2713 4232 filium
2749 4188 2803 4233 et
2825 4180 3123 4249 appellabis
3146 4197 3270 4235 eum
3299 4183 3563 4250 lsaacum,

1982 4279 2036 4347 et
2057 4271 2363 4339 pactionem
2395 4285 2573 4324 meam
2592 4286 2716 4325 cum
2748 4286 2815 4326 co
2849 4271 3045 4327 faciam
3087 4272 3140 4327 in
3165 4282 3378 4341 tempus
3399 4286 3531 4330 :eter

1985 4379 2138 4427 num,
2167 4378 2291 4417 cum
2322 4363 2439 4431 ipso
2463 4372 2514 4418 et
2540 4364 2773 4431 posteris
2790 4364 2931 4434 ejus.
2967 4384 2985 4414 ι
3009 4363 3146 4420 Cum
3177 4376 3362 4423 autem
3385 4368 3561 4423 Abra—

1985 4457 2181 4511 hamus
2209 4456 2375 4508 Deum
2410 4465 2645 4525 rogaret,
2678 4467 2737 4511 ut
2770 4458 2912 4513 idem
2942 4455 3154 4513 lsmaeli
3182 4460 3382 4515 faceret
3406 4465 3564 4530 eique

269 4574 392 4641 ejus
433 4570 718 4626 adversus
766 4584 980 4635 omnes,
1016 4579 1070 4623 et
1095 4571 1340 4624 omnium
1373 4586 1572 4626 manus
1611 4572 1866 4626 adversus

1985 4553 2349 4615 benediceret,
2381 4555 2715 4619 respondens
2776 4554 2950 4609 Deus:
2987 4574 3004 4606 ι
3032 4556 3191 4622 Ecce,
3247 4558 3445 4626 inquit,
3478 4561 3567 4615 be-

278 4667 465 4736 ipsum
518 4662 735 4715 intenta-
760 4662 923 4714 erunt
954 4677 968 4725 ;
999 4669 1163 4728 atque
1199 4661 1463 4715 habitabit
1494 4662 1543 4715 in
1585 4672 1883 4731 conspectu

287 4759 541 4820 omnium
578 4753 805 4805 fra'rum
838 4766 1083 4806 suorum.
1118 4770 1135 4802 ι
1158 4751 1372 4808 Rursus
1402 4755 1580 4823 capite
1610 4756 1696 4818 l7,
1738 4756 1884 4811 Deus

294 4849 609 4902 Abrahamo
648 4844 715 4895 de
738 4842 926 4905 Sarra,
956 4856 1124 4894 uxore
1148 4842 1288 4909 ejus,
1317 4844 1455 4896 dixit
1481 4860 1493 4893 :
1522 4862 1540 4893 ι
1560 4843 1885 4899 Benedicam

288 4942 495 5004 Sarrae,
529 4937 688 4991 uxori
732 4944 860 4997 tuae,
900 4942 956 4988 et
1005 4949 1075 4987 ex
1108 4934 1297 4988 eadem
1342 4935 1511 4990 tilium
1567 4938 1663 4991 tibi
1718 4938 1881 5001 dabo,

290 5043 458 5101 atque
517 5027 836 5083 benedicam
870 5026 966 5089 illi,
1003 5026 1219 5092 eritque
1275 5026 1323 5081 is
1352 5028 1593 5094 gentium
1631 5028 1807 5097 origo,
1830 5039 1887 5081 et

293 5140 460 5195 regna
502 5123 749 5190 gentium
792 5134 855 5174 ex
892 5117 1085 5172 eodem
1116 5118 1400 5172 exsistent.
1430 5138 1447 5168 ι
1484 5118 1659 5187 Atque
1686 5134 1885 5188 procu-

294 5216 414 5269 buit
437 5212 786 5277 Abrahamus
814 5209 867 5262 in
900 5208 1096 5261 facient
1127 5207 1381 5274 risitque,
1409 5216 1571 5275 atque
1598 5208 1733 5261 dixit
1757 5223 1885 5263 cum

294 5308 482 5360 animo
515 5322 565 5361 ιι
595 5301 652 5355 Si
681 5301 793 5354 fieri
826 5309 1025 5368 potest,
1060 5299 1379 5352 centenario
1435 5297 1576 5352 filius
1610 5310 1884 5362 nascetur,

294 5407 348 5451 et
381 5396 550 5450 Sarra
582 5392 758 5463 pariet
786 5390 963 5446 aetatis
990 5404 1136 5443 anno
1167 5390 1544 5459 nonagesimo.
1585 5409 1602 5441 ι
1631 5390 1888 5460 Dixitque

299 5488 407 5541 Deo
465 5487 852 5540 Abrahamus:
885 5500 905 5534 ι
941 5482 1138 5536 lsmael
1190 5481 1280 5537 hic
1339 5498 1520 5537 coram
1576 5492 1628 5536 te
1658 5484 1823 5537 vivat.
1860 5503 1881 5534 ι

301 5576 445 5631 Dixit
480 5577 623 5630 Dens
649 5575 960 5629 Abrahamo
993 5589 1009 5625 :
1047 5590 1066 5622 ι
1095 5570 1348 5628 Profecto
1381 5571 1569 5640 Sarra,
1606 5589 1744 5629 uxor
1772 5583 1886 5641 tua,

300 5666 473 5720 tilium
508 5665 608 5719 tibi
633 5667 828 5737 pariet,
858 5673 913 5720 et
950 5665 1260 5721 nominabis
1285 5682 1409 5720 eum
1435 5669 1705 5728 lsaacum.
1726 5676 1891 5734 atque

1988 4644 2174 4698 nedixi
2203 4644 2281 4697 illi
2315 4651 2367 4697 et
2408 4658 2733 4713 magnopere
2765 4660 2892 4699 eum
2943 4649 3178 4713 augebo,
3211 4659 3376 4716 atque
3432 4650 3568 4704 duo-

1985 4736 2162 4792 decim
2193 4738 2441 4792 nationes
2486 4736 2800 4804 procreabit
2822 4747 3044 4805 ct'gens
3078 4754 3271 4807 magna
3319 4742 3568 4797 exsistet.

1986 4833 2056 4884 At
2086 4836 2394 4900 pactionem
2426 4844 2599 4882 meam
2636 4843 2760 4881 cum
2820 4829 3007 4884 lsaaco
3063 4830 3282 4887 faciam.
3329 4852 3346 4883 ι
3382 4832 3570 4889 Noluit

1989 4925 2153 4995 igitur
2207 4923 2348 4979 Deus
2404 4923 2710 4992 pactionem
2772 4938 2928 4978 suam
2969 4925 3187 4979 lsmaeli
3229 4935 3285 4980 et
3335 4932 3570 4997 posteris

1987 5017 2109 5083 ejus
2144 5017 2272 5070 dare
2301 5026 2395 5070 aut
2447 5014 2746 5090 confidere,
2787 5015 2881 5070 sed
2919 5019 3021 5072 soli
3084 5018 3273 5074 lsaaco
3303 5032 3359 5076 et
3406 5024 3571 5090 hujus

1986 5112 2226 5179 posteris
2258 5109 2310 5162 in
2348 5119 2562 5178 tempus
2586 5118 2873 5162 attentum.
2906 5110 3086 5179 Atque
3137 5096 3444 5167 t'uirandutn
3476 5118 3570 5180 sit,

1988 5204 2036 5256 si
2070 5203 2195 5271 quis
2218 5203 2433 5271 assequi
2475 5214 2708 5272 nequeat
2738 5206 2933 5257 horum
2997 5205 3288 5261 verborum
3350 5215 3575 5263 senten-

1991 5294 2145 5349 tiam.
2179 5294 2411 5363 Agareni
2445 5303 2647 5357 tamen,
2668 5295 2884 5350 barbari
2908 5307 2965 5351 et
2993 5295 3093 5350 feri
3127 5298 3398 5364 homines,
3429 5300 3572 5355 baud

1990 5395 2137 5440 recte
2163 5385 2472 5453 intelligunt
2529 5388 2819 5440 verborum
2850 5402 3100 5452 sensum,
3133 5396 3188 5443 et
3210 5388 3573 5459 lacrymanto,

1990 5480 2138 5549 quod
2164 5478 2308 5561 Deus
2337 5494 2366 5531 a
2391 5478 2663 5547 principio
2689 5494 2886 5534 eorum
2916 5482 3312 5550 'patriarcham
3345 5493 3398 5537 et
3428 5484 3577 5553 ipsos

1991 5573 2242 5642 pactione
2268 5580 2319 5627 et
2351 5573 2523 5641 gratia
2554 5585 2652 5625 sua
2675 5573 2910 5626 exclusit
2934 5588 2948 5635 ;
2975 5582 3030 5626 at
3051 5574 3360 5642 gloriantur
3386 5575 3574 5638 iidem,

1991 5667 2137 5736 quod
2189 5666 2293 5735 ipsi
2351 5679 2569 5734 quoque
2625 5665 2920 5719 Abrahami
2951 5667 3172 5734 [posteri
3211 5666 3322 5721 sint
3350 5678 3403 5720 et
3435 5666 3578 5722 Deus

299 5759 499 5816 faciam
535 5772 664 5813 cum
697 5772 763 5813 eo
811 5757 1121 5826 pactionem
1158 5748 1335 5811 meam
1371 5758 1427 5811 in
1478 5766 1692 5829 tempus
1730 5770 1888 5813 aeter-
1934 5794 1943 5799 -
1994 5757 2207 5811 lsmaeli
2247 5756 2389 5810 haud
2420 5770 2580 5810 secus
2642 5766 2806 5824 atque
2837 5756 3022 5810 lsaaco
3076 5756 3441 5812 benedixerit.
3476 5758 3577 5812 Er-

299 5867 454 5920 num,
492 5860 554 5904 ut
582 5849 692 5905 sim
718 5850 821 5920 ipsi
849 5859 903 5905 et
932 5850 1170 5920 posteris
1213 5850 1332 5921 ejus
1368 5849 1529 5907 Deus.
1554 5851 1633 5907 De
1667 5851 1889 5907 Ismacle
1995 5860 2120 5905 rant
2152 5858 2331 5905 autem
2363 5851 2466 5905 hac
2506 5848 2562 5904 in
2598 5864 2676 5915 re,
2711 5856 2769 5902 ut
2802 5846 2858 5902 in
2909 5849 3166 5904 omnibus
3208 5851 3408 5916 solent,
3431 5857 3578 5921 quod

603 5946 869 6003 Parnm.
912 5946 1025 6003 Gn.
1062 5942 1250 6007 CLVI.
3274 5939 3347 6005 29
