3964 6426
471 387 574 450 907

1694 386 2016 448 GEORGII

2158 388 2502 450 ΙΒΑΝΤΖᾹΞ
3578 395 3660 461 οδε

468 506 566 562 καὶ
612 503 705 558 τὸν
738 503 948 558 Ἰσαάκ.
1005 504 1113 558 Καὶ
1148 505 1205 558 ὲν
1249 503 1426 575 τούτῳ
1478 503 1793 558 πλανῶνται
1841 505 1917 566 ὡς
1960 505 2054 556 καὶ
2090 513 2153 568 Α.
2177 507 2401 577 Ἀνέστη
2435 507 2492 560 δὲ
2553 505 2808 578 Ἀϐραὰμ
2857 505 2938 576 τῷ
2968 505 3132 577 πρωῒ,
3170 507 3259 560 καὶ
3302 507 3476 563 ἐλαϐεν
3503 510 3662 579 ἄρτους

471 602 530 655 ἐν
575 601 712 654 πᾶσι
739 598 1148 663 -ολανθάνονται,
1186 598 1274 652 διὰ
1315 601 1371 651 τί
1402 597 1502 667 μὲν
1533 600 1562 650 6
1606 596 1738 660 Θεὸς
1789 596 2055 668 εὐλόγησε

469 691 562 746 τὸν
602 692 793 746 Ἰσαὰκ
821 691 918 744 καὶ
957 691 1056 761 τὴν
1103 690 1370 761 διαθήκην
1413 690 1578 744 αὑτοῦ
1620 689 2056 758 ὲνεμπίστευσεν

469 786 642 856 αὐτῷ,
681 785 772 838 τὸν
824 784 883 838 δὲ
920 783 1150 854 Ἰσμαὴλ
1195 785 1294 854 οὐχ
1329 783 1527 848 οὕτως,
1584 782 1703 836 ἀλλ’
1752 783 2056 850 εὐλόγησεν

468 880 632 932 αὑτὸν
657 879 848 941 ἁπλῶς
865 879 946 931 ὅτι
979 897 996 929 ι
1021 879 1134 931 Καὶ
1160 877 1419 947 πληθυνῶ
1440 877 1506 928 αὐ
1519 877 1604 928 τὸν
1629 875 1864 946 σφόδρα.
1896 893 1914 926 ›
1945 875 2057 928 Καὶ

468 972 539 1026 τὰ
569 972 742 1041 ἄλογα
775 972 890 1036 ζῶα
916 973 944 1024 6
977 971 1130 1035 Θεὸς,
1153 970 1459 1038 τετράποδα
1490 968 1586 1021 καὶ
1607 967 1842 1040 ἑρπετὰ,
1866 965 2058 1035 ἰχθύας

469 1083 531 1119 τε
567 1063 943 1128 καὶπετεινὰ,
980 1063 1278 1132 εὐλόγησεν
1311 1063 1485 1116 εἰπών
1511 1078 1526 1093 ο
1565 1081 1584 1113 ι
1619 1060 1930 1125 Αὐξάνεσθε
1962 1060 2057 1112 καὶ

468 1158 815 1229 πληθύνεσθε
887 1157 983 1209 καὶ
1041 1155 1376 1225 πληρώσατε
1432 1155 1531 1224 τὴν
1583 1154 1709 1224 γῆν.
1759 1173 1778 1204 ι
1835 1152 1940 1205 Τὸν
1998 1153 2056 1204 δὲ

481 1252 658 1322 Ἀδὰμ
705 1252 765 1312 οὐ
799 1249 1062 1312 τοιοῦτως
1109 1248 1383 1318 ηὑλόγησε
1443 1249 1627 1317 μόνον,
1670 1265 1688 1297 ι
1744 1244 2055 1309 Αῦξὰνεσθε

470 1347 566 1399 καὶ
617 1344 964 1414 πληθύνεσθε
1008 1343 1103 1396 καὶ
1157 1342 1487 1413 πληρὼσάτε
1539 1340 1635 1410 τὴν
1686 1340 1814 1409 γῆν,
1857 1357 1876 1389 ι
1918 1337 2057 1392 ἀλλὰ

469 1442 584 1505 καὶ,
617 1457 634 1490 ι
669 1434 1156 1505 Κατακυριεύσατε
1189 1435 1360 1502 αὐτῆς
1389 1449 1405 1466 ·
1435 1453 1452 1484 ι
1485 1431 1785 1487 καὶπάντα
1817 1431 1922 1485 ὑπὸ
1955 1431 2056 1495 τὰς

467 1533 658 1603 χεῖρας
699 1527 869 1582 αὑτοῦ
903 1528 1074 1581 ἔδωκε
1115 1531 1179 1580 τὰ
1214 1521 1319 1580 ὅσα
1348 1527 1404 1577 ὲν
1438 1528 1501 1594 τῇ
1530 1526 1599 1594 γῇ
1640 1527 1760 1579 ἐστὶ
1790 1525 2048 1588 κατεξου-

469 1622 682 1685 σιάζειν
715 1619 809 1672 καὶ
837 1620 1147 1682 δεσπόζειν,
1181 1618 1323 1670 ὥστε
1357 1613 1427 1688 ἦν
1458 1619 1590 1670 ἰδεῖν
1623 1617 1705 1669 ὅτι
1737 1617 1833 1669 καὶ
1871 1618 1925 1669 αἱ
1957 1618 2052 1669 εὑ-

468 1712 652 1781 λογίαι
697 1711 795 1764 τοῦ
849 1710 985 1762 Θεοῦ
1030 1708 1282 1779 διάφοροί
1334 1711 1439 1760 είσι
1477 1710 1572 1761 καὶ
1619 1709 1743 1778 οὐχὶ
1771 1708 1846 1770 ὡς
1902 1707 2055 1760 αὐτοὶ

470 1805 716 1872 λέγουσι,
747 1802 835 1856 διὰ
857 1803 910 1854 τὶ
945 1801 1045 1871 μὲν
1075 1803 1129 1854 αἱ
1159 1800 1300 1854 θεῖαι
1325 1803 1419 1854 καὶ
1448 1800 1596 1869 ἱεραὶ
1638 1801 1850 1870 Γραφαὶ
1877 1799 2058 1863 καλῶς

471 1896 825 1966 δηλοποιοῦσι
875 1898 988 1957 τοῖς
1039 1894 1098 1947 εὖ
1149 1894 1463 1964 φρονοῦσιν,
1497 1894 1733 1948 ἑκάστου
1792 1893 1908 1946 υἱοῦ
1963 1893 2056 1946 τοῦ

472 2093 559 2129 σιν
605 2079 661 2130 αἱ
714 2077 983 2144 εὐλογίαι,
1016 2076 1083 2129 τὰ
1116 2076 1248 2144 γέντι
1284 2077 1378 2130 καὶ
1419 2079 1474 2130 αἱ
1522 2076 1878 2147 κληρονομίαι
1935 2077 2054 2140 ἑνὸς

471 2169 704 2223 ἑκάστου
734 2167 938 2221 αὐτῶν.

554 2262 644 2315 Ἐν
667 2262 725 2314 δὲ
751 2262 833 2330 τῷ
867 2251 1151 2332 κεφαλαίῳ
1175 2261 1250 2332 τῷ
1274 2261 1320 2315 κ’
1356 2262 1448 2317 καὶ
1478 2261 1563 2314 κα⁹
1600 2261 1726 2314 τάδε
1761 2263 1896 2331 φησὶ
1923 2263 2055 2332 περὶ

473 2355 568 2409 τοῦ
634 2355 907 2424 Ἰσμαήλοο
940 2373 956 2405 ι
1002 2350 1140 2407 Εἷπε
1193 2355 1250 2408 δὲ
1312 2355 1391 2424 τῷ
1436 2354 1688 2424 Ἀϐραάμ
1833 2354 2053 2426 Σάρρα*

479 2449 721 2502 Ἔκϐαλε
763 2448 865 2518 τὴν
899 2448 1201 2517 παιδίσκην
1247 2447 1456 2517 ταύτην
1487 2449 1629 2516 μετὰ
1678 2447 1774 2501 τοῦ
1806 2448 1922 2500 υἱοῦ
1959 2447 2056 2499 αὺ-

474 2541 700 2609 τῆς·οὐ
755 2539 864 2608 γὰρ
921 2538 1383 2609 κληρονομήσειὸ
1442 2539 1556 2600 υἱὸς
1609 2538 1707 2606 τῆς
1761 2536 2056 2606 παιδίσκης

477 2635 616 2703 μετὰ.
634 2632 724 2686 τοῦ
759 2632 878 2686 υἱοῦ
913 2649 1016 2701 μου
1045 2631 1252 2685 Ἰσαάκ.
1285 2651 1302 2683 ι
1333 2631 1581 2701 Σκληρὸν
1603 2630 1657 2683 62-:
1689 2630 1846 2699 321
1882 2630 2056 2698 ἐφάνη

473 2729 533 2779 τὸ
572 2727 725 2795 ῥῆμα
783 2727 994 2795 σφόδρα
1024 2724 1269 2777 ἐναντίον
1320 2723 1578 2792 Ἀϐραὰμ
1620 2723 1748 2792 περὶ
1794 2722 1888 2775 τοῦ
1938 2721 2054 2774 υῑοῦ

473 2816 642 2871 αὑτοῦ
677 2816 930 2885 Ἰσμαήλ.
967 2810 1102 2867 Eine
1134 2814 1188 2867 δὲ
1231 2816 1259 2867 6
1293 2815 1425 2876 Θεὸς
1463 2815 1539 2883 τῷ
1578 2812 1868 2884 Ἀϐραάμ·
1905 2832 1923 2864 ι
1965 2812 2057 2882 Μὴ

475 2908 717 2979 σκληρὸν
759 2908 902 2960 ἔστω
963 2907 1210 2960 ἐναντίον
1249 2923 1342 2958 σου
1394 2907 1525 2974 περὶ
1561 2906 1653 2958 τοῦ
1710 2906 1926 2958 παιδίου
1964 2907 2059 2958 καὶ

475 3004 576 3073 τῆς
597 3002 913 3071 παιδίσκης.
954 3001 1138 3056 Πάντα
1173 3002 1268 3054 ὅσα
1299 3002 1364 3054 ἂν
1387 3002 1515 3072 είπῃ
1552 3017 1631 3051 σοι
1661 3000 1864 3070 Σάρρα,
1892 3000 2058 3054 ἄκουε

470 3097 571 3165 τῆς
609 3096 795 3163 φωνῆς
829 3094 1022 3161 αὐτῆς,
1057 3095 1141 3146 ὅτι
1173 3097 1232 3146 ὲν
1271 3097 1348 3162 τῷ
1378 3092 1565 3146 Ἰσαὰκ
1605 3091 1942 3161 κληθήσεταί
1975 3109 2056 3144 σοι

473 3190 720 3256 σπέρμτ,
749 3187 844 3240 καὶ
888 3184 979 3237 τὸν
1021 3184 1136 3236 υἱὸν
1178 3183 1234 3235 δὲ
1269 3185 1368 3250 τῆς
1403 3182 1698 3251 παιδίσκης
1745 3183 1947 3250 ταύτης
1978 3182 2058 3241 είς

2160 604 2259 655 καὶ
2294 602 2465 655 ἀσκὸν
2498 599 2690 664 ὓδατος
2725 603 2820 653 καὶ
2854 599 3025 654 ἔδωκε
3065 605 3132 672 τῇ
3164 600 3357 672 Ἅγαρ,
3389 603 3474 655 xui.
3503 605 3665 674 ὲπέθη-

2158 715 2258 752 κεν
2291 697 2383 750 ἐπὶ
2411 696 2503 749 τὸν
2547 688 2700 764 ὦμον
2725 694 2898 763 αὐτῆς
2935 694 3025 746 καὶ
3060 693 3120 747 τὸ
3167 694 3392 760 παιδίον,
3427 697 3510 748 καὶ
3557 699 3666 750 ἀπέ-

2163 788 2373 842 στειλεν
2405 787 2600 857 αὑτήν.
2644 785 2987 840 Ἀπελθοῦσα
3012 786 3068 840 δὲ
3099 785 3362 840 ἐπλανᾶτο
3388 788 3476 856 τὴν
3499 788 3666 858 ἔρημον

2161 880 2305 934 κατὰ
2347 880 2408 933 τὸ
2463 879 2646 948 φρέαρ
2673 877 2769 930 τοῦ
2803 879 2970 947 ὅρκου
2999 895 3013 910 ·
3064 877 3274 941 ἐξέλιπε
3299 878 3353 930 δὲ
3385 877 3440 930 τὸ
3469 878 3593 947 ὕδωρ
3617 881 3667 933 ὲκ

2162 970 2257 1024 τοῦ
2297 969 2494 1034 ἀσκοῦ,
2529 971 2622 1024 καὶ
2651 971 2712 1022 ἐκ
2741 970 2841 1040 τῆς
2866 970 3027 1040 δίψης
3056 969 3392 1038 ὲλειποθύμει
3419 969 3670 1039 όΊσμαήλ.

2160 1065 2271 1118 Καὶ
2305 1063 2500 1134 ἔρριψε
2527 1063 2586 1116 τὸ
2627 1063 2839 1115 παιδίον
2883 1062 2977 1114 καὶ
3024 1062 3307 1114 ἔκλαυσεν.
3338 1061 3602 1130 Εἰσήκουσε
3627 1062 3672 1114 δὲ

2159 1160 2188 1211 6
2223 1157 2356 1218 Θεὸς
2385 1155 2480 1208 τοῦ
2512 1157 2735 1208 παιδίου
2769 1158 2832 1209 ἐκ
2861 1157 2956 1207 τοῦ
2988 1156 3155 1208 τόπου
3187 1149 3244 1208 οῦ
3273 1149 3336 1223 ἦν
3359 1168 3370 1182 ⁸
3409 1155 3492 1206 καὶ
3518 1154 3674 1206 ἐκάλε-

2163 1267 2255 1302 σεν
2310 1249 2542 1318 ἄγγελος
2581 1248 2716 1302 Θεοῦ
2773 1251 2872 1318 τὴν
2905 1251 3085 1320 Ἀγαρ
3137 1251 3200 1303 ὲκ
3238 1249 3326 1302 τοῦ
3373 1249 3577 1317 οὐρανοῦ
3603 1251 3679 1302 καὶ

2159 1341 2315 1397 εἶπεν
2369 1345 2509 1414 αὐτῇ
2541 1359 2554 1372 ο
2590 1361 2608 1394 ι
2655 1341 2720 1396 Τί
2758 1344 2926 1405 ἐστιν,
2963 1343 3185 1410 Ἀγαρς
3237 1342 3310 1411 μὴ
3350 1340 3502 1408 φοϐοῦ
3527 1357 3538 1370 ·
3567 1341 3678 1393 ἐπα-

2160 1437 2328 1507 κήκοε
2355 1438 2462 1507 γὰρ
2485 1438 2512 1488 6
2542 1435 2676 1498 Θεὸς
2709 1436 2806 1506 τὴν
2834 1434 3019 1505 φωνὴν
3048 1434 3142 1487 τοῦ
3174 1435 3380 1507 παιδίου
3411 1451 3494 1486 σου
3523 1435 3577 1486 ἐκ
3604 1432 3678 1484 τοῦ

2158 1529 2324 1581 τόπου
2357 1527 2416 1580 οῦ
2453 1529 2624 1581 ἐστίν.
2666 1527 2957 1596 Ἀνάστηθι
2994 1529 3089 1580 καὶ
3140 1527 3270 1579 λάϐε
3298 1527 3354 1580 τὸ
3390 1526 3579 1578 παιδίον
3607 1527 3680 1577 καὶ

2161 1622 2440 1687 κράτησον
2479 1620 2546 1688 τῇ
2597 1617 2743 1687 χειρί
2780 1635 2872 1669 σου
2929 1617 3064 1670 αὐτό
3088 1632 3102 1647 ⁸
3145 1619 3223 1680 είς
3249 1618 3353 1686 γὰρ
3386 1617 3523 1678 ἔθνος
3565 1614 3680 1684 μέγα

2163 1712 2377 1780 ποιήσω
2403 1711 2559 1764 αὑτό.
2601 1728 2619 1762 ι
2648 1710 2761 1764 Kal.
2788 1708 3026 1780 ἀνέῳξεν
3058 1712 3086 1763 6
3114 1708 3246 1771 Θεὸς
3266 1709 3384 1771 τοὺς
3413 1707 3681 1775 ὀφθαλμοὺς

2163 1804 2354 1872 αὐτῆς,
2389 1805 2484 1857 καὶ
2510 1798 2618 1856 εἶδε
2655 1803 2834 1873 φρέαρ
2859 1803 3052 1866 ὓδατος
3079 1802 3302 1868 ζῶντος,
3341 1802 3428 1854 καὶ
3453 1799 3681 1870 ἐπορεύθη

2162 1898 2260 1951 καὶ
2298 1897 2548 1968 ἔμπλησε
2596 1897 2688 1949 τὸν
2714 1897 2882 1951 ἀσκὸν
2925 1897 3019 1949 τοῦ
3061 1894 3252 1958 ὓδατος
3285 1895 3376 1949 καὶ
3417 1895 3610 1960 ὲιπότισε
3636 1892 3681 1946 τὸ

371 1982 389 1999 ’
484 1983 756 2053 Ἀϐραὰμ.
788 1981 976 2034 Ἰσαάκ
1010 1981 1154 2050 λέγω
1191 1984 1286 2036 καὶ
1315 1983 1567 2054 Ἰτμαὴλν
1617 1983 1736 2045 πῶς
1765 1982 2056 2053 διαφέρου-
2089 1971 2129 2024 Β
2162 1989 2393 2043 παιδίον.
2433 1989 2546 2042 Καὶ
2579 1983 2648 2058 ἦν
2683 1990 2710 2040 6
2740 1988 2871 2050 Θεὸς
2915 1987 3054 2058 μετὰ
3087 1987 3182 2040 τοῦ
3235 1985 3457 2049 παιδίου,
3489 1986 3574 2035 καὶ
3608 1983 3683 2050 ηὖ-

2157 2083 2348 2152 ξύνθη,
2412 2081 2507 2134 καὶ
2542 2081 2896 2152 ἐκατῴκησεν
2951 2081 3010 2132 ἐν
3042 2083 3107 2150 τῇ
3164 2080 3354 2150 ἐρήμῳ
3385 2080 3448 2147 τῇ
3492 2077 3682 2144 Φαραῇ·

2158 2177 2377 2244 ἐγένετο
2405 2175 2461 2227 δὲ
2493 2177 2717 2244 τοξότης
2752 2175 3002 2236 δυνατός.
3041 2192 3061 2226 ›

2229 2261 2358 2320 Ὧδε
2397 2267 2678 2336 δυνάμεθα
2720 2265 3057 2320 καταλαϐεῖν
3106 2264 3200 2318 τὸν
3234 2264 3476 2334 Ἰσμαήλ.
3525 2259 3686 2321 Καθὼς

2159 2361 2536 2430 ἐπηγγείλατο
2575 2362 2617 2415 6/
2657 2358 2789 2420 Θεὸς
2841 2358 2918 2426 τῷ
2961 2357 3240 2426 ’Λϐραὰμ,
3292 2358 3372 2418 είς
3407 2355 3537 2425 μέγα
3567 2353 3688 2412 ἔθνος

2159 2450 2302 2507 εἶναι
2332 2453 2574 2520 ἐποίησε,
2609 2452 2705 2504 καὶ
2734 2451 2896 2521 322
2940 2450 3182 2511 βασιλεῖς
3217 2449 3438 2520 μεγάλοι
3475 2446 3526 2512 ἐξ
3554 2444 3688 2499 αὐτοῦ

2162 2548 2447 2616 γεγόνασι,
2503 2545 2604 2598 καὶ
2635 2546 2732 2608 τὰς
2782 2546 2972 2613 χεῖρας
3007 2542 3176 2597 αὑτοῦ
3219 2545 3312 2596 ἐπὶ
3359 2543 3549 2600 πάντας
3580 2539 3689 2591 θεω-

2163 2636 2366 2706 ροῦμεν
2410 2633 2574 2700 εἷναι,
2613 2634 2707 2688 καὶ
2739 2635 2791 2687 at
2821 2637 3003 2704 χεῖρες
3045 2634 3272 2688 πάντων
3305 2631 3388 2686 ἐπ’
3423 2632 3589 2690 αὐτὸν,
3616 2629 3688 2680 καὶ

2161 2729 2574 2800 ὲνεκατῴκησεν
2609 2728 2701 2780 ἐπὶ
2750 2729 3042 2799 πρόσωπον
3069 2727 3232 2798 ἡμῶν
3277 2727 3506 2786 πάντων,
3550 2722 3686 2776 καὶοί

2163 2824 2227 2874 ἐκ
2254 2821 2449 2874 τούτου
2483 2821 2700 2886 τοξόται
2729 2821 2946 2890 ἄριστοί
2973 2821 3080 2873 είσι
3129 2819 3253 2872 λίαν
3283 2819 3424 2872 λίαν.
3459 2817 3588 2884 Πλὴν
3612 2815 3686 2882 τῆς

2152 2915 2426 2984 διαθήκης
2460 2913 2627 2966 αὑτοῦ
2658 2916 2685 2966 6
2713 2914 2845 2978 Θεὸς
2886 2913 3194 2984 ὑστέρησεν
3229 2912 3388 2965 αὐτόν
3417 2927 3431 2941 ·
3464 2909 3590 2965 ὥστε
3615 2923 3688 2958 κα·

2164 3006 2270 3069 Θώς
2301 3025 2468 3076 φησιν
2504 3009 2536 3078 ὴ
2572 3006 2691 3059 θεία
2716 3005 2930 3077 Γραφὴ,
2962 3009 3055 3059 καὶ
3079 3000 3151 3074 ἦν
3182 3005 3482 3076 ὡρισμένον
3512 3005 3568 3055 ὲκ
3592 2997 3687 3050 πολ·

2163 3100 2257 3154 λοῦ
2295 3101 2504 3154 ἄνωθεν
2535 3101 2604 3153 δι’
2633 3091 2708 3154 ὧν
2733 3101 3022 3169 κριμάτων
3052 3095 3193 3151 οἶδεν
3228 3101 3257 3152 ό
3301 3097 3449 3164 Θεὸς,
3479 3093 3687 3151 τοιοὺτως

2163 3193 2421 3262 γενέσθαι
2451 3211 2465 3224 ·
2501 3191 2569 3263 ἦν
2595 3194 2702 3264 γὰρ
2741 3193 2957 3262 ἀνάγκη
2998 3192 3189 3246 λοιπὸν
3213 3189 3307 3247 ἶνα
3329 3191 3496 3262 πέρας
3521 3187 3686 3240 λάΰωσι

472 3278 623 3339 ἔθνος
663 3279 804 3346 μέγα
833 3278 1048 3346 ποιήσω
1079 3276 1262 3340 αὑτὸν,
1304 3279 1385 3329 ὅτι
1420 3277 1647 3346 σπέρμα
1686 3275 1779 3327 σού
1813 3275 1988 3329 ἐστιν.
2024 3292 2043 3325 ι
2079 3301 2123 3358 c
2163 3286 2229 3339 τὰ
2260 3287 2363 3340 ὅσα
2392 3289 2419 3339 ὀ
2453 3287 2689 3357 θεόπτης
2741 3287 2948 3358 Μωσῆς
2994 3285 3187 3356 ἔφησε,
3246 3288 3335 3340 καὶ
3364 3285 3479 3355 οὐχι
3519 3283 3590 3336 δτι
3615 3279 3690 3331 οὐκ

473 3459 621 3513 Deus
664 3457 852 3512 lsaaeo
912 3457 1188 3512 benedixit
1227 3467 1282 3512 et
1331 3457 1639 3526 pactionem
1671 3472 1831 3512 suam
1887 3456 2057 3521 dedit,

472 3550 687 3606 lsmaeli
722 3567 830 3606 non
888 3551 1038 3615 item,
1067 3547 1160 3604 sed
1197 3549 1516 3617 simpliciter
1547 3547 1826 3603 benedixit
1852 3556 1904 3601 et
1938 3563 2061 3618 pro-

474 3641 643 3706 misit,
707 3658 1041 3711 magnopere
1105 3657 1164 3696 se
1218 3657 1342 3695 eum
1399 3649 1684 3695 aucturum
1739 3654 1883 3695 esse.
1921 3639 2056 3694 Nam

475 3732 649 3788 brutis
707 3734 1104 3798 animantibus,
1137 3733 1584 3803 quadrupedibus
1635 3743 1690 3785 et
1745 3733 2056 3799 reptilibus,

474 3826 716 3895 piscibus
743 3836 797 3881 et
827 3826 1074 3890 alitibus,
1113 3825 1255 3880 Deus
1302 3825 1604 3887 benedixit,
1649 3841 1770 3880 cum
1808 3827 2056 3884 diceret:

480 3937 499 3972 ι
530 3919 819 3988 Augemini
851 3928 903 3972 et
933 3918 1375 3987 multiplicamini
1403 3928 1457 3973 et
1506 3918 1724 3986 implete
1774 3927 1996 3974 terram.
2033 3937 2052 3970 ι

473 4012 686 4068 Adamo
718 4023 897 4068 autem
924 4027 1031 4065 non
1061 4012 1144 4066 sie
1177 4011 1455 4066 benedixit
1479 4011 1654 4066 solum
1686 4031 1700 4067 :
1741 4011 2058 4082 «Augemini

470 4119 517 4163 et
551 4105 991 4177 multiplicamini
1024 4113 1077 4160 et
1111 4105 1328 4173 implete
1353 4114 1575 4169 terram,
1611 4126 1628 4158 ι
1663 4122 1850 4163 verum
1868 4108 2054 4175 etiam,

381 4259 385 4262 ,
473 4218 496 4254 ι
535 4199 749 4255 Domini
785 4198 904 4265 ejus
941 4206 1077 4262 este,
1119 4216 1138 4251 ι
1169 4207 1333 4268 atque
1384 4199 1437 4253 in
1495 4216 1692 4256 manus
1731 4215 1924 4256 eorum
1949 4211 2058 4256 tra-

469 4293 627 4356 didit,
659 4305 1002 4362 qumeunque
1053 4290 1107 4343 in
1161 4299 1302 4345 terra
1339 4292 1608 4361 possideri
1643 4301 1697 4347 et
1765 4293 1876 4362 regi
1935 4309 2060 4362 pos-

469 4395 619 4449 sunt,
662 4394 723 4439 ut
781 4383 1134 4452 intelligatur,
1196 4384 1608 4439 benedictiones
1674 4385 1764 4438 Dei
1812 4388 2056 4443 diversas

467 4494 611 4542 esse,
649 4491 809 4533 secus
838 4487 1002 4544 atque
1070 4475 1145 4529 illi
1197 4476 1408 4541 dicunt,
1452 4478 1712 4546 quoniam
1771 4479 1966 4531 divina:
2000 4487 2053 4532 et

468 4585 639 4625 sacrae
675 4568 895 4623 Litterae
915 4578 1057 4621 recte
1091 4567 1454 4622 sentientibus
1485 4568 1619 4622 satis
1644 4569 2052 4628 demonstrant.

2162 3472 2307 3539 Agar
2353 3469 2593 3535 tradidit,
2630 3471 2857 3524 humero
2912 3471 3030 3540 ejus
3086 3487 3316 3539 puerum
3370 3467 3624 3540 imposuit,
3654 3473 3692 3516 et

2162 3563 2372 3618 dimisit
2401 3579 2538 3617 eam.
2569 3563 2698 3628 Quae
2730 3578 2852 3616 cum
2887 3565 3132 3627 abiisset,
3168 3579 3269 3632 per
3320 3566 3518 3617 deserta
3549 3557 3690 3612 delata

2163 3663 2247 3709 est
2291 3656 2355 3708 ad
2407 3653 2607 3707 fontem
2664 3655 3012 3710 sileratnenti.
3051 3654 3344 3711 Deliciehat
3375 3669 3506 3724 aqua
3537 3654 3581 3704 in
3601 3658 3693 3702 utre

2161 3755 2215 3799 et
2250 3761 2359 3815 pra:
2414 3745 2946 3815 siticlangnescebat
3001 3746 3215 3800 lsmael.
3259 3724 3688 3817 Abiecit-puerum

2166 3839 2360 3892 mulier
2418 3847 2472 3900 et
2529 3837 2884 3908 lacrymabat.
2918 3837 3141 3892 Audivit
3189 3847 3372 3894 autem
3419 3853 3448 3891 e
3477 3836 3592 3892 sedc
3620 3847 3688 3886 sua

2159 3947 2351 3986 vocem
2412 3931 2571 4000 pueri
2604 3931 2764 3994 Deus,
2799 3939 2962 3999 atque
3013 3931 3307 3999 appellavit
3329 3934 3466 4001 Agar
3495 3928 3555 3982 de
3583 3925 3691 3978 θαλίη

2163 4024 2392 4095 angelus
2446 4023 2562 4087 Dei,
2593 4023 2752 4093 eique
2782 4023 2956 4077 dixit:
2993 4041 3011 4073 ι
3033 4023 3170 4088 Quid
3210 4026 3287 4079 rei
3320 4033 3422 4086 est,
3452 4025 3583 4092 Agar
3605 4021 3691 4070 tne

2162 4118 2355 4171 timeas
2381 4133 2395 4183 ;
2425 4115 2634 4171 audivit
2662 4117 2806 4170 enim
2834 4115 2977 4171 Deus
3008 4131 3195 4172 rocezn
3240 4119 3391 4188 pueri
3412 4116 3488 4172 tui
3515 4130 3573 4168 ex
3600 4113 3693 4164 loco

2161 4225 2244 4274 eo,
2282 4210 2334 4262 in
2364 4223 2472 4279 quo
2493 4218 2599 4263 est.
2631 4209 2821 4276 Surge,
2856 4208 2984 4263 tolle
3033 4224 3287 4277 puerum,
3315 4223 3538 4278 eumque
3563 4215 3694 4257 manu

2161 4310 2252 4355 tua
2287 4300 3001 4370 comprehende;magnam
3053 4302 3196 4355 enim
3231 4311 3442 4373 gentem
3473 4314 3584 4355 eum
3631 4293 3694 4347 ίιιο

2160 4392 2324 4447 ciam.
2360 4393 2540 4447 »Tum
2572 4391 2786 4461 aperuit
2825 4393 2966 4447 Deus
3015 4393 3211 4448 oculos
3257 4393 3397 4463 ejus,
3427 4399 3485 4447 ut
3525 4388 3693 4441 rideret

2160 4481 2364 4537 fontem
2399 4499 2573 4554 aqum.
2613 4483 2760 4538 Abiit
2793 4482 2956 4553 igitur
2997 4484 3215 4552 mulier,
3252 4485 3555 4552 et,-repleto
3582 4488 3694 4535 utre.

2160 4583 2346 4646 potum
2382 4576 2612 4644 praebuit
2640 4591 2833 4645 puero.
2869 4576 3074 4630 Deinde
3125 4578 3316 4632 aderat
3357 4576 3494 4630 Deus
3539 4585 3696 4642 puer".

470 4663 524 4714 in
609 4671 838 4728 utroque
903 4660 1012 4712 lilio
1072 4660 1368 4713 Abrahami
1449 4660 1652 4724 lsaaco,
1709 4661 1950 4728 inquam,
1990 4671 2045 4716 et
2080 4663 2242 4736 ani
2297 4667 2642 4722 adolescebat
2685 4677 2739 4720 et
2780 4666 3056 4720 habitabat
3107 4667 3159 4720 in
3215 4668 3433 4722 deserto
3490 4666 3696 4719 Pnaraat.

471 4751 692 4806 lsmaele
747 4749 996 4804 diversas
1052 4763 1176 4802 esse
1257 4747 1690 4812 benedictiones,
1747 4763 1943 4815 genera
1997 4759 2050 4801 ct

469 4844 731 4898 iueredia.

537 4935 725 5003 Capite
747 4933 818 4986 20
846 4941 900 4988 el.
937 4933 1001 4987 Ἡ
1035 4935 1148 4987 haec
1185 4933 1251 4988 de
1287 4930 1512 4986 lsmaele
1547 4943 1860 4985 narrantur.
1901 4949 1918 4983 ι
1960 4932 2051 4984 υἱ.

467 5028 546 5082 xit
583 5027 898 5082 Abrahamo
939 5027 1104 5078 Sarra
1138 5041 1152 5078 :
1187 5043 1206 5077 ι
1238 5024 1388 5094 Ejice
1431 5023 1662 5091 puellam
1716 5026 1856 5080 hanc
1923 5041 2047 5080 eum

466 5120 578 5174 ﬁlio
606 5125 746 5188 ejus.
784 5116 968 5185 Neque
1004 5116 1146 5171 enim
1196 5117 1369 5170 haeres
1403 5117 1507 5170 erit
1529 5115 1671 5172 illius
1707 5117 1898 5185 puellae
1926 5134 2050 5176 cum

470 5212 580 5266 lilio
621 5228 741 5267 meo
775 5209 981 5265 lsaaco.
1011 5226 1029 5258 ι
1082 5207 1386 5262 Admodum
1433 5223 1685 5278 asperum
1739 5211 1790 5264 id
1841 5211 2048 5266 dictum

465 5305 780 5361 Abrahamo
805 5303 1091 5357 videbatur
1115 5301 1167 5355 in
1195 5302 1367 5372 ipsius
1399 5302 1567 5359 [ilium
1601 5304 1909 5362 lsmaelem.
1937 5304 2047 5361 Sed

467 5397 612 5452 Deus
643 5395 956 5451 Abrahamo
991 5393 1160 5449 dixit:
1187 5413 1207 5446 ι
1236 5394 1315 5449 Ne
1345 5411 1597 5465 asperum
1647 5398 1746 5453 tibi
1801 5399 2052 5455 videatur

467 5491 523 5545 in
582 5501 816 5559 puerum
882 5493 978 5541 aut
1031 5489 1810 5562 puellam;in:o.quaecunque
1853 5491 2052 5549 dixerit

470 5581 656 5647 Sarra,
692 5579 945 5636 ausculta
1005 5581 1122 5642 voci
1163 5583 1302 5651 ejus,
1332 5586 1595 5654 quoniam
1650 5587 1705 5640 in
1739 5583 1925 5641 lsaaco
1961 5600 2054 5638 vo-

467 5673 684 5730 cabitur
719 5672 817 5727 tibi
850 5687 1063 5738 semen,
1092 5683 1144 5728 et
1175 5675 1340 5746 filium
1367 5677 1554 5746 puella:
1589 5676 1751 5745 hujus
1797 5692 2048 5747 magnam

433 5734 678 5826 \Rentem
703 5761 949 5818 facturus
984 5778 1126 5828 sum,
1159 5743 1284 5833 quia
1311 5781 1494 5820 semen
1519 5773 1689 5821 tuum
1723 5776 1828 5820 est.
1862 5785 1880 5818 ι
1915 5767 2052 5820 Sur-

467 5854 603 5907 rexit
627 5854 789 5924 igitur
818 5870 971 5910 mane
997 5855 1358 5925 Abrahamus,
1381 5873 1572 5926 panem
1602 5868 1654 5914 et
1679 5869 1855 5914 utrem
1884 5876 2041 5931 aquae

2155 4758 2445 4828 [aeuisque
2477 4767 2562 4813 est
2596 4760 2916 4828 sagittarius
2943 4759 3204 4813 eximius.
3239 4777 3258 4811 ι

2224 4851 2315 4906 Sic
2371 4864 2670 4919 agnoscere
2731 4866 3018 4918 possumus
3071 4852 3376 4908 lsmaelem.
3407 4852 3550 4906 Sicut
3585 4847 3698 4900 Dens

2151 4940 2468 4995 Abrahamo
2503 4939 2774 5008 promisit,
2807 4939 2880 4993 ita
2922 4954 3175 5008 magnam
3226 4950 3442 5012 gentem
3497 4953 3609 4994 eum
3643 4935 3700 4986 le-

2153 5029 2228 5084 cit
2250 5043 2326 5095 ,et
2351 5043 2507 5098 reges
2568 5028 2748 5098 magni
2789 5043 2853 5082 ex
2887 5043 2952 5083 eo
2977 5029 3327 5096 exstiterunt,
3373 5040 3420 5085 et
3456 5041 3630 5082 manus
3652 5040 3698 5076 e-

2149 5121 2240 5189 jus
2289 5123 2554 5176 adversus
2583 5136 2796 5187 omnes,
2825 5129 2882 5176 et
2940 5122 3189 5177 omnium
3236 5139 3430 5178 rnanus
3474 5123 3699 5174 adversus

2154 5217 2332 5284 ipsum
2382 5218 2617 5271 intentas
2683 5216 2954 5282 videmus,
2990 5225 3045 5270 et
3079 5216 3416 5271 domicilium
3451 5211 3698 5270 collocarit

2155 5310 2206 5363 in
2249 5318 2545 5378 conspectu
2582 5309 2756 5364 nostri
2805 5310 3073 5372 omnium,
3107 5319 3158 5364 et
3187 5308 3391 5379 posteri
3434 5309 3547 5378 ejus
3565 5302 3701 5370 sagit-

2155 5404 2279 5458 tarii
2319 5403 2481 5472 longe
2537 5403 2727 5470 Optimi
2753 5410 2923 5468 sunt;
2962 5402 3210 5472 pactione
3250 5415 3426 5457 autem
3461 5413 3551 5454 sua
3579 5395 3699 5447 Deus

2153 5512 2280 5551 eum
2313 5495 2554 5550 exclusit
2589 5513 2602 5550 :
2634 5503 2718 5559 ut,
2743 5495 3203 5565 quemadmodum
3229 5493 3286 5549 in
3312 5493 3481 5550 sacris
3508 5485 3698 5542 Litteris

2153 5599 2236 5642 est
2279 5596 2334 5642 et
2384 5586 2542 5656 longe
2601 5597 2727 5642 ante
2777 5589 3136 5642 constitutum
3195 5594 3311 5641 erat
3358 5584 3426 5638 ob
3465 5579 3695 5635 rationes.

2155 5695 2292 5749 quas
2327 5679 2473 5734 Deus
2505 5681 2677 5745 norit,
2713 5678 3087 5736 ita_eveneri't.
3116 5676 3351 5732 Necesse
3407 5671 3543 5728 enim
3581 5670 3696 5720 erat.

2119 5783 2489 5827 —uteventum
2551 5771 2831 5835 haberent,
2884 5785 3220 5842 quacunque
3278 5768 3490 5822 divinus
3545 5758 3695 5812 Moses

2155 5865 2386 5919 dixerat.
2424 5863 2647 5918 Minime
2681 5878 2808 5919 vero
2842 5879 2941 5920 nos
2997 5868 3160 5935 prave
3193 5861 3571 5920 sentiebamus,
3604 5848 3697 5900 HU'
