3964 6452
371 438 477 503 909
531 462 534 466 ’

1389 431 1831 501 (ΣΙΠὶΟΧΙΟΟΝ
1867 441 2136 501 MAJUS.
2181 465 2248 474 —
2288 440 2436 502 LIB.
2480 440 2580 499 Ν.

3526 432 3634 499 910

371 550 714 621 ὶφρονοῦμεν
737 549 914 620 ὀρθῶς
953 549 1218 620 Ῥωμαῖοί
1248 567 1306 604 τε
1335 553 1428 604 καὶ
1451 551 1642 616 Σέρὸοι
1669 556 1760 604 καὶ
1785 553 1947 605 Βούλ-
1978 562 2020 613 Α
2053 551 2268 612 στιανός
2301 567 2386 613 τις
2429 550 2820 621 γραμματικὸς
2874 543 2966 617 ἦν,
3001 547 3429 617 ἀνατεθειμένος
3485 549 3641 623 παρά

373 659 558 712 γαροι.
591 641 776 704 καθὼς
805 642 1056 708 λέγουσιν
1101 644 1625 713 οίκατηγοροῦντες
1671 647 1820 713 ἡμᾶς
1858 648 1951 699 καὶ

371 734 750 803 ὀνειδίζουσιν,
796 736 921 788 Ἐὰν
948 737 1004 788 δὲ
1033 737 1198 790 πάλιν
1218 737 1314 789 καὶ
1345 737 1451 789 ὑπὸ
1472 737 1756 806 ἁμαρτιῶν
1790 739 1951 806 ἡμεῖς
1989 760 2003 776 ι

375 811 798 898 ἐπαιδεύθημεν,
830 830 924 883 καὶ
971 831 1130 897 ὑμεῖς
1167 830 1217 882 σι
1251 830 1446 884 Ἰταλοὶ¹
1500 831 1574 901 μὴ
1632 831 1950 900 ἀμερίμνως

381 923 623 990 μείνατε,
653 922 790 976 ἀλλά
816 922 912 981 τὰς
937 926 1125 993 χεῖρας
1152 924 1244 975 ἐπὶ
1265 924 1326 976 τὸ
1353 923 1548 994 στῆθος
1577 924 1730 992 ὐμῶν
1758 923 1952 993 βάλετε

378 1018 473 1068 καὶ
501 1017 642 1070 κατά
671 1015 799 1069 νοῦν
830 1017 1198 1085 ἐνθυμήθητε,
1224 1020 1319 1070 καὶ
1342 1018 1780 1087 κατηγοροῦντες
1805 1020 1953 1087 ἡμᾶς

380 1107 650 1161 παύσατε.
681 1109 846 1160 Αὐτοὶ
879 1108 936 1160 δὲ
963 1109 1012 1160 οἱ
1043 1108 1390 1176 Ίσμαηλῖται
1423 1109 1646 1161 ἄπιστοι
1674 1108 1829 1172 ὄντες
1857 1126 1955 1178 χα-

376 1199 537 1252 λεποὶ
568 1202 662 1252 καὶ
698 1200 1089 1269 ἁνελεήμονες,
1119 1201 1415 1266 προστάξει
1449 1203 1504 1254 δὲ
1537 1201 1676 1253 Θεοῦ
1707 1202 1836 1264 τοὺς
1865 1220 1952 1255 πι-

379 1294 541 1356 στούς
585 1294 903 1347 παιδεύουσι
954 1294 1134 1346 καὶτὸ
1170 1295 1358 1345 πλεῖον
1405 1294 1572 1362 μέρος
1617 1292 1712 1346 τοῦ
1744 1297 1952 1362 κόσμου

377 1387 721 1456 κυριεύουσι.
777 1388 868 1439 Διὸ
896 1388 954 1440 οὐ
989 1387 1070 1440 δεῖ
1102 1387 1417 1456 μεγαλοῤῥη
1431 1389 1612 1454 μονεῖν
1662 1387 1791 1454 περὶ
1823 1387 1953 1438 τού-

379 1494 486 1530 των
537 1478 663 1539 τοὺς
719 1478 981 1540 Ἰταλοὺς,
1039 1478 1121 1531 ὅτι
1155 1479 1240 1531 διὰ
1289 1479 1350 1530 τὸ
1391 1478 1568 1549 ὀρθῶς
1597 1479 1815 1546 φρονεῖν
1861 1481 1954 1531 καὶ

378 1569 578 1636 δίκαιοι
613 1573 708 1622 καὶ
764 1570 907 1637 ἅγιοι
939 1570 1170 1632 ἑαυτοὺς
1225 1570 1477 1637 λέγουσιν
1525 1564 1688 1632 εἶναι,
1727 1571 1821 1621 καὶ
1868 1569 1954 1622 διὰ

379 1662 479 1730 τὴν
507 1662 687 1714 αὐτῶν
716 1663 1029 1732 ὀρθοδοξίαν
1070 1664 1164 1716 καὶ
1218 1661 1570 1734 δικαιοσύνην
1601 1662 1704 1726 ἕως
1732 1663 1826 1714 τοῦ
1857 1662 1954 1714 νῦν

385 1754 755 1823 βασιλεύουσι.

2056 661 2220 697 τινων
2255 644 2516 712 Τούρκων
2544 642 2651 695 τῶν
2685 643 2785 711 τῆς
2825 642 3026 710 βουλῆς
3057 644 3233 696 είπεϊν
3281 643 3359 713 τῷ
3394 643 3638 718 δεσπότῃ

2055 737 2143 790 ἵνα
2176 736 2386 807 ποιήσῃ
2410 735 2682 803 ἀναϐολὴν
2710 737 2793 797 είς
2817 735 2916 804 τὴν
2943 735 3188 804 ἀγάπην,
3222 739 3300 790 ὅτι
3349 739 3445 791 ὲάν
3471 740 3640 808 γένη-

2055 847 2146 882 ται
2195 831 2228 898 ὴ
2286 829 2426 898 μετά
2460 829 2569 882 τῶν
2610 829 2918 896 Οὐγγάρων
2972 829 3218 901 συνθήκη
3270 832 3370 901 τῆς
3419 835 3644 900 ἀγάπης

2054 923 2175 992 ἦτοι
2206 924 2452 993 εἰρήνης,
2496 922 2656 983 εὐθὺς
2693 925 2720 974 6
2751 922 2995 992 Τοῦρκος
3032 923 3174 976 κατὰ
3217 925 3315 992 τῆς
3352 925 3648 976 Κωνσταν-

2054 1015 2422 1078 τινουπόλεως
2453 1009 2891 1086 καθορμήσεται.
2926 1016 3188 1077 Κάκεῖνος
3218 1017 3318 1068 οὐκ
3351 1019 3640 1087 ἐφρόντισε

2058 1109 2186 1175 περὶ
2216 1108 2416 1162 τούτου
2467 1107 2592 1160 οὐτε
2625 1108 2820 1176 ἔμελεν
2855 1108 2922 1160 αὐ
2937 1107 3028 1174 τῷ,
3058 1108 3159 1159 οὐκ
3191 1109 3346 1169 εἰδὼς
3378 1112 3406 1162 6
3456 1111 3642 1171 ἄθλιος

2057 1202 2142 1253 ὃτι
2175 1203 2223 1254 εί
2253 1202 2526 1272 ἀφαιρεθῇ
2616 1202 2829 1271 κεφαλὴ
2858 1203 2953 1254 τοῦ
2985 1200 3347 1270 σώματος,τά
3373 1203 3513 1272 μέλη
3539 1207 3648 1256 εἰσὶ

2061 1291 2256 1360 νεκρά.

2131 1388 2267 1440 Τότε
2302 1383 2396 1441 οὖν
2435 1388 2528 1440 καὶ
2563 1389 2620 1439 ὲν
2667 1390 2730 1458 τῇ
2773 1387 2991 1458 Ἐνετίᾳ
3029 1390 3228 1459 βουλῆς
3282 1389 3530 1459 μεγάλης
3561 1409 3643 1456 γε‹

2060 1482 2298 1548 νομένης
2331 1481 2460 1549 περὶ
2486 1481 2680 1534 τούτου
2714 1482 2913 1550 ἀνέστη
2959 1486 2987 1535 6
3021 1483 3098 1553 τῷ
3129 1485 3252 1537 τότε
3288 1485 3465 1553 καιρῷ
3496 1486 3643 1549 δούξ,

2058 1570 2304 1640 τοῦνομα
2352 1573 2701 1640 Φραγκίσκος
2749 1573 3080 1640 Φούσκαρις,
3116 1575 3324 1640 λέγων*
3359 1595 3377 1626 ι
3417 1577 3492 1629 Οὐ
3527 1579 3648 1629 κατ’

2060 1663 2287 1730 ἄγνοιαν
2321 1663 2431 1732 γὰρ
2473 1665 2500 1715 6
2546 1662 2805 1732 βασιλεὺς
2852 1664 3104 1732 Ἰωάννης
3150 1666 3350 1732 ὥριζεν
3398 1668 3565 1736 ἡμᾶς.
3627 1688 3644 1718 ι

2074 1754 2239 1808 Ἀλλά
2278 1757 2369 1808 καὶ
2419 1755 2570 1809 ἄλλοι
2617 1757 2668 1808 οἱ
2698 1757 2907 1820 ίδόντες
2953 1758 3049 1811 καὶ
3092 1759 3459 1828 ὁμιλήσαντες
3490 1761 3654 1832 324.

455 1845 691 1910 Τούτους
727 1849 826 1916 μὲν
854 1849 985 1911 τούς
1014 1847 1206 1917 λόγους
1239 1849 1546 1919 εἰρήκαμεν
1575 1847 1699 1916 οὐχὶ
1739 1849 1876 1916 πρὸς
1902 1849 1962 1900 τὸ
1996 1847 2038 1901 Β
2069 1849 2219 1918 αὐτῷ
2254 1851 2668 1919 φρονιμώτερον
2707 1851 2876 1904 αὐτοῦ
2919 1852 3211 1920 ἄνθρωπον
3241 1856 3296 1906 ἐν
3352 1858 3415 1924 τῇ
3447 1856 3652 1922 Ἰταλίᾳ

383 1938 740 2005 κατακρίνειν
779 1939 812 2008 ἢ
868 1942 1200 2008 κατηγορεῖν
1257 1957 1404 2004 τινα,
1450 1939 1524 2008 μὴ
1560 1939 1810 2006 γένοιτοε
1846 1939 1960 1990 ἀλλ’

387 2032 476 2085 ἵνα
507 2033 621 2095 τοῖς
649 2032 1048 2086 καταλαλοῦσιν
1071 2035 1218 2102 ἡμᾶς
1240 2032 1508 2101 δείξωμεν
1536 2033 1620 2085 ὅτι
1653 2031 1756 2084 οὐκ
1783 2031 1962 2100 ὀρθῶς

385 2127 482 2178 καὶ
505 2125 694 2192 σαφῶς
718 2125 825 2187 τὰς
861 2126 1084 2194 Γραφάς
1113 2125 1273 2196 323
1300 2125 1498 2178 οἴδασι.
1539 2125 1637 2178 Διά
1665 2125 1823 2178 τοῦτο
1864 2125 1964 2194 μὲν

388 2218 536 2285 ἡμᾶς
569 2219 902 2286 μέμφονται,
932 2216 1028 2269 καὶ
1063 2217 1218 2284 σοφοί
1251 2218 1361 2268 είσι
1415 2216 1617 2278 πάντες
1642 2215 1735 2267 τοῦ
1782 2215 1967 2268 νουθε-

388 2315 522 2376 τεῖν,
559 2310 757 2370 αὐτοὺς
778 2308 834 2361 δὲ
867 2306 1286 2378 ἁμαρτάνοντας
1313 2305 1372 2358 οὐ
1403 2304 1754 2373 γινώσκουσι.

463 2404 529 2473 β’.
572 2401 695 2455 Ἐπὶ
724 2401 824 2469 τὴν
851 2400 1134 2470 ἡμετέραν
1155 2398 1247 2450 οὖν
1265 2388 1522 2468 διήγησιν
1554 2397 1962 2466 ἐπανέλθωμεν.

402 2499 528 2552 Ἐάν
554 2515 636 2560 τις
667 2499 868 2568 αἰτήσῃ
908 2497 959 2548 τί
1002 2495 1064 2548 τὸ
1114 2494 1359 2564 πραχθὲν
1385 2493 1541 2563 παρά
1567 2493 1661 2546 τού
1700 2494 1967 2564 βασιλέως

393 2589 470 2661 τῷ
507 2589 594 2642 διὰ
624 2589 791 2658 μέσου
813 2586 990 2655 καιρῷ
1015 2588 1115 2654 τῆς
1153 2587 1356 2656 μάχης,
1393 2585 1534 2638 εῐπω
1557 2585 1706 2655 αὐτῷ
1737 2601 1749 2615 ο
1801 2584 1892 2637 Ἐν
1925 2579 1969 2652 ᾧ

393 2683 461 2750 δὴ
496 2682 674 2752 χρόνῳ
703 2683 800 2736 καὶ
832 2679 1012 2750 καιρῷ
1043 2681 1072 2732 6
1106 2677 1164 2730 Ἀ
1175 2680 1360 2747 μηροῖς
1391 2678 1843 2748 παρεσκευάζετο
1877 2679 1970 2732 καὶ

363 2788 368 2792 ‘
395 2776 494 2842 τὴν
532 2773 786 2843 βοήθειαν
817 2773 1088 2841 ἐποίησαν
1119 2773 1170 2824 οἱ
1220 2770 1422 2837 ἔξωθεν
1456 2771 1717 2824 αὐθένται
1746 2771 1796 2823 οἱ
1831 2771 1966 2840 Χρι-

400 2866 632 2918 στιανοί.
666 2865 774 2918 Καὶ
808 2866 918 2916 τῶν
957 2865 1056 2933 μὲν
1082 2865 1496 2932 περικύκλωθεν
1528 2865 1805 2918 αὐθέντων
1833 2864 1965 2932 Χρι-

401 2957 636 3008 στιανῶν
665 2955 827 3022 δῆλόν
859 2959 976 3009 ἐστι
1027 2957 1138 3016 τοῖς
1167 2956 1335 3007 πᾶσιν
1381 2954 1557 3017 οὐδὲν,
1591 2956 1726 3009 ἀλλά
1771 2955 1972 3024 μᾶλλον

402 3050 498 3101 καὶ
526 3050 662 3118 πρὸς
690 3051 783 3104 τὸν
806 3049 904 3117 τῆς
935 3048 1168 3116 Σερὸἰας
1194 3048 1463 3117 αὐθέντην
1497 3047 1768 3115 Γεὼργιον
1799 3050 1971 3118 πρέσ-

400 3141 500 3192 ϐυν
533 3143 560 3193 6
592 3141 807 3210 ἀμερᾶς
842 3138 1183 3201 ἀπέστειλεν,
1235 3138 1322 3190 ἵνα
1371 3137 1673 3210 μεσιτεύσῃ
1707 3141 1836 3206 περὶ
1872 3137 1972 3205 τῆς

2071 1942 2172 1995 οὐκ
2199 1937 2360 2006 εἶδον,
2413 1945 2462 1995 εἰ
2497 1942 2570 2012 μὴ
2601 1944 2688 1996 διὰ
2741 1946 2944 1998 κακίαν
2982 1947 3076 1999 καὶ
3117 1947 3315 2014 φθόνον
3340 1966 3353 1980 ·
3398 1950 3497 2002 οὐκ
3543 1947 3652 2004 οἶδε
3689 2005 3702 2016 ε

2073 2031 2182 2099 γὰρ
2228 2034 2256 2086 6
2302 2031 2500 2099 φθόνος
2554 2035 2827 2104 προτιμᾷν
2866 2035 2927 2087 τὸ
2978 2038 3283 2107 συμφέρον.
3317 2037 3428 2091 Ἦν
3479 2041 3536 2092 δὲ
3593 2043 3654 2092 τὸ

2074 2123 2249 2178 αἴτιον
2274 2124 2467 2176 τούτου
2515 2123 2608 2177 τοῦ
2635 2125 2938 2181 ’Δλωῦσίου
2968 2127 3150 2181 Διέδου
3186 2128 3284 2182 τοῦ
3331 2132 3462 2184 ποτὲ
3496 2150 3650 2200 μεσι-

2071 2214 2371 2278 τεύσαντος
2416 2215 2504 2269 ἵνα
2541 2218 2570 2269 6
2617 2217 2930 2286 μακαρίτης
2961 2221 2989 2271 6
3032 2220 3304 2291 αὐθέντης
3339 2241 3442 2292 μου
3488 2227 3516 2277 6
3549 2228 3654 2294 κύρ

2075 2309 2510 2374 Κωνσταντῖνος,
2566 2309 2838 2377 δεσπότης
2876 2310 2953 2364 ὣν
2987 2312 3110 2364 τότε
3163 2313 3241 2382 τῷ
3290 2316 3469 2386 καιρῷ
3504 2318 3561 2368 ὲν
3587 2320 3652 2385 τῇ

2075 2403 2496 2473 Πελοποννήσῳ,
2536 2402 2679 2474 λάϐῃ
2736 2405 2818 2466 είς
2853 2407 3088 2471 γυναῖκα
3139 2407 3307 2458 αὐτοῦ
3350 2408 3448 2478 τὴν
3499 2409 3653 2462 τοῦδε

2074 2491 2171 2544 τοῦ
2197 2491 2389 2555 δονκὺς
2420 2492 2698 2568 θυγατέρα
2736 2493 2878 2562 μετά
2900 2495 3154 2564 ,προικὸς
3202 2497 3423 2565 πολλῆς.
3472 2499 3530 2551 ’0
3560 2498 3656 2551 οὖν

2077 2583 2348 2654 αὐθέντης
2398 2574 2500 2655 μοὶ)
2541 2585 2600 2637 οὐ
2630 2586 2699 2639 δι’
2731 2585 2857 2640 ἄλλο
2892 2589 2938 2639 εί
2974 2586 3048 2656 μὴ
3092 2587 3178 2640 ἵνα
3215 2589 3439 2658 γένηται
3491 2593 3658 2645 οἱονεὶ

2076 2677 2172 2730 καὶ
2201 2677 2363 2740 αὐτὸς
2401 2679 2497 2731 καὶ
2523 2681 2550 2731 6
2589 2679 2756 2741 τόπος
2785 2678 2948 2732 αὐτοῦ
2995 2681 3134 2748 μετά
3159 2685 3258 2750 τῆς
3305 2683 3548 2746 Ἐνετίας
3575 2684 3654 2752 ἓν,

2081 2769 2506 2824 συνεκατέδαινε
2545 2771 2612 2840 τῇ
2661 2769 2889 2842 τοιαύτῃ
2940 2771 3252 2841 ἀγχιστεία,
3286 2774 3421 2842 ἐμοῦ
3463 2793 3520 2828 τε
3561 2781 3656 2830 καὶ

2079 2861 2255 2916 ἄλλων
2287 2862 2552 2914 πλειόνων
2579 2857 2979 2915 συναινὸύντων
3010 2863 3168 2917 τοῦτο
3197 2866 3288 2917 καὶ
3325 2866 3661 2933 ἀναγκαζόν-

2079 2972 2189 3010 των
2218 2955 2404 3022 σχεδδν
2431 2954 2532 3024 ἤδη
2563 2954 2794 3022 ἐγίνετο.
2836 2956 2926 3018 Ὠς
2946 2957 3002 3010 δὲ
3024 2959 3248 3025 ἐγένετο
3282 2959 3540 3028 βασιλεὺς
3563 2964 3661 3014 καὶ

2081 3045 2328 3115 ἀπῆλθεν
2380 3049 2464 3108 είς
2491 3045 2593 3116 τὴν
2647 3047 2828 3110 πόλιν,
2880 3048 3040 3100 τοῦτο
3085 3049 3358 3103 ἀνοίκειον
3404 3047 3508 3122 ἦν’
3542 3052 3659 3116 πῶς

2083 3143 2190 3209 γὰρ
2224 3140 2478 3191 ἐδύναντο
2507 3138 2555 3191 oi
2582 3140 2682 3206 τῆς
2712 3137 2923 3202 πόλεως
2960 3141 3227 3210 ἄρχοντες
3259 3144 3352 3194 καὶ
3374 3144 3662 3214 ἀρχόντισο

401 3205 645 3301 εἰρήνης⁷
681 3205 782 3300 τῆς
838 3229 1159 3300 ἀναμεταξὺ
1214 3231 1326 3284 τῶν
1372 3205 1688 3298 ῨΟὐγγὰρων
1743 3205 1840 3282 καὶ
1875 3228 1972 3282 τοῦ
2001 3205 2046 3262 c
2081 3205 2172 3283 σαι
2203 3232 2399 3299 κυρίαν
2428 3231 2522 3284 καὶ
2548 3205 2838 3282 δέσποιναν
2861 3205 3478 3302 αὐτῶννκαταδεχθῆναι.
3509 3235 3660 3288 Ἐνε-

401 3324 618 3393 ἀμηρᾶ.
652 3323 808 3377 Μετά
853 3322 914 3376 δὲ
955 3321 1052 3375 τοῦ
1095 3323 1478 3391 ἀπερχομένου
1512 3321 1784 3392 πρέσόεος
1837 3322 1976 3392 Χρι-

404 3508 574 3572 mani,
601 3505 774 3562 Servii
793 3513 848 3561 et
863 3505 1100 3576 Bulgari,
1125 3504 1178 3560 id
1202 3505 1371 3574 quod,
1394 3505 1487 3574 qui
1514 3520 1612 3559 nos
1637 3505 1982 3560 calumnian-

405 3611 492 3656 tur
526 3609 579 3656 et
630 3608 911 3663 accusant,
951 3597 1162 3652 dicunt.
1192 3595 1302 3651 Vos
1353 3611 1486 3651 vero
1528 3597 1643 3650 Itali
1681 3613 1748 3651 ne
1803 3597 1982 3651 securi

403 3693 598 3762 agatis,
630 3690 744 3756 sed,
774 3689 1047 3758 impositis
1099 3689 1306 3758 pectori
1339 3690 1610 3750 manibus,
1649 3688 1982 3741 meditamini

405 3799 530 3838 cum
587 3782 793 3844 animo,
827 3790 881 3835 et
926 3779 1173 3834 desistite
1209 3793 1310 3832 nos
1367 3792 1649 3832 accusare.
1697 3777 1982 3832 lsmaclilze

407 3882 609 3935 autem,
647 3869 896 3924 homines
948 3867 1121 3936 impii,
1152 3867 1275 3927 duri
1305 3875 1360 3922 et
1389 3867 1694 3930 inhumani,
1730 3882 1759 3922 e
1791 3867 1985 3921 volun—

407 3974 517 4018 tate
547 3962 639 4017 Dei
695 3963 812 4030 pios
864 3960 1130 4030 castigant
1161 3969 1214 4014 et
1253 3960 1513 4028 majorem
1578 3967 1782 4027 partem
1837 3960 1988 4014 orbis

409 4065 676 4110 terrarum
728 4061 1047 4122 occupatam
1107 4060 1308 4106 tenent.
1340 4049 1518 4116 Quare
1574 4063 1682 4103 non
1728 4048 1887 4103 decet
1919 4049 1986 4103 de
2043 4059 2046 4062 ‘

409 4149 495 4204 bis
523 4147 742 4219 gloriari
772 4148 957 4214 Italos,
1019 4159 1142 4200 sese
1189 4152 1411 4214 propter
1455 4142 1718 4197 doctrina:
1747 4141 1990 4210 probita-

412 4257 518 4302 tem
574 4244 748 4313 justos
787 4249 841 4294 et
877 4246 1097 4294 sanctos
1129 4251 1188 4290 se
1222 4235 1495 4305 appellare
1523 4243 1577 4288 et
1627 4243 1850 4302 pl'Oplel'
1895 4247 1990 4287 or-

413 4335 727 4393 tltudoxiam
754 4340 807 4386 et
835 4329 1106 4402 justitiam
1143 4327 1210 4384 ad
1269 4328 1416 4381 hunc
1447 4326 1592 4380 diem
1645 4338 1894 4394 regnare.

486 4428 611 4482 llaec
655 4424 822 4479 verba
870 4420 1097 4476 minime
1150 4416 1401 4480 fecimus,
1462 4429 1592 4484 quo,
1618 4415 1761 4484 quod
1793 4411 1986 4467 absit!

411 4531 742 4590 quemquam
797 4517 1118 4572 damnemus
1165 4519 1258 4564 aut
1298 4523 1640 4572 accusemus,
1670 4509 1762 4561 sed
1796 4515 1854 4559 ut
1902 4521 1992 4560 os-

417 4613 710 4669 tendamus
755 4607 824 4660 iis
857 4605 949 4673 qui
993 4619 1092 4657 nos
1151 4601 1590 4662 calumniantur,
1635 4599 1775 4653 haud
1827 4598 1994 4667 probe

419 4723 520 4763 nec
549 4714 697 4759 recte
724 4715 817 4755 eos
841 4693 1505 4766 Scripturasintelligere.
1525 4691 1669 4748 Hinc
1693 4691 1838 4745 enim
1866 4689 1992 4743 ﬁtnt

419 4815 519 4854 nos
549 4799 854 4864 vituperant
902 4797 958 4842 et
985 4801 1177 4841 omnes
1229 4785 1331 4838 sibi
1391 4783 1678 4838 videantur
1712 4782 1779 4835 ad
1811 4798 2016 4850 κομι-ες.

422 4884 770 4943 bendendnm
832 4877 966 4934 satis
1021 4889 1232 4944 sapere,
1295 4876 1442 4942 ipsos
1509 4888 1569 4926 se
1628 4885 1815 4924 errare
1875 4886 1986 4924 non

419 4981 680 5034 sentiant.

495 5071 552 5123 2.
585 5069 943 5122 llevertamur
973 5061 1036 5114 ad
1061 5056 1402 5129 propositum
1437 5064 1709 5108 nostrum.
1745 5054 1802 5106 Si
1831 5068 1991 5122 quae-

425 5159 698 5228 [35,.quid
725 5159 1024 5223 imperator
1081 5158 1354 5217 tempore,
1386 5147 1531 5214 quod
1595 5145 1649 5198 in
1702 5146 1994 5200 obsidione

423 5261 807 5320 consumptum
831 5256 934 5311 εει,
959 5242 1150 5313 egerit,
1177 5241 1378 5295 dicam.
1405 5239 1528 5308 Quo
1562 5238 1788 5308 quidem
1857 5249 1993 5293 tem-

430 5362 562 5415 pore
594 5348 820 5398 Ameras
850 5339 1051 5392 bellum
1073 5335 1300 5406 parabat
1327 5343 1380 5387 et
1413 5331 1480 5386 ad
1511 5331 1794 5385 ferendam
1833 5347 1991 5402 opem

426 5458 483 5492 se
515 5436 862 5492 instruebant
891 5429 1101 5486 externi
1137 5427 1416 5496 principes
1447 5423 1770 5479 Christiani.
1799 5422 1993 5488 Quatt-

425 5544 589 5600 quam
621 5525 1086 5581 Christianorum.
1111 5519 1206 5590 qui
1238 5520 1384 5572 circa
1409 5515 1752 5579 habitabant,
1783 5512 1992 5582 princi-

426 5637 581 5690 pum,
606 5619 810 5672 nullam
834 5629 990 5683 opem
1014 5611 1232 5665 allatam
1266 5623 1408 5670 esse,
1454 5619 1644 5661 n0tnm
1679 5616 1762 5661 est
1817 5607 2000 5659 omni-

428 5715 528 5768 bus
573 5711 745 5781 :quin
800 5709 910 5763 imo
959 5705 1024 5760 ad
1082 5703 1284 5759 Serviae
1331 5700 1632 5770 principem
1696 5697 1996 5766 Georgium

427 5806 656 5858 Amet-as
685 5802 919 5868 legatum
955 5796 1127 5860 misit,
1167 5803 1225 5847 ut
1257 5794 1302 5848 is
1337 5792 1404 5846 de
1441 5806 1575 5861 pace
1605 5791 1747 5844 inter
1771 5788 1996 5858 llunga-

429 5912 520 5955 ros
545 5904 600 5952 et
641 5895 894 5949 Ameram
945 5888 1306 5946 concilitanda
1367 5893 1573 5955 ageret.
1630 5883 1767 5938 Cum
1819 5883 1995 5951 legato

2028 4567 2070 4622 D

2082 3324 2177 3377 τοῦ
2202 3323 2504 3394 θυγατέρα,
2531 3324 2626 3378 καὶ
2647 3324 2778 3388 τοὺς
2806 3325 3094 3395 γαμϐροὺς
3117 3325 3285 3378 αὐτοῦ
3314 3329 3438 3392 τοὺς
3461 3327 3658 3392 ἀλλους

2084 3502 2436 3559 Christianus
2459 3503 2662 3574 aliquis
2682 3505 2960 3561 litteratus
2985 3517 3125 3572 erat,
3155 3525 3183 3561 a
3214 3509 3412 3564 Turcis
3435 3512 3664 3579 quibus-

2087 3595 2212 3648 dam
2249 3594 2583 3651 consiliariis
2615 3597 2859 3661 addttus,
2885 3598 2979 3666 qui
3010 3599 3248 3665 despotaa
3275 3600 3553 3664 suaderet,
3605 3613 3666 3656 ut

2088 3689 2385 3741 amicitiam
2410 3689 2707 3743 conciliare
2757 3689 3028 3756 studeret,
3090 3700 3165 3754 ut,
3229 3692 3274 3745 si
3325 3693 3480 3747 ﬁeret
3535 3709 3660 3747 cum

2087 3779 2365 3848 Hungaris
2406 3781 2631 3841 paciset
2681 3781 2942 3835 amicitiae
2989 3782 3188 3849 pactio,
3247 3781 3426 3838 Turca
3475 3787 3660 3840 statim

2087 3872 2304 3928 CPolim
2337 3872 2639 3926 invaderet.
2671 3872 2846 3938 Quam
2879 3889 2992 3927 rem
3020 3874 3187 3928 miser
3214 3875 3305 3930 ille
3341 3877 3493 3932 nihili
3519 3878 3668 3933 testi-

2093 3963 2275 4017 mabat
2295 3978 2395 4018 nec
2419 3963 2573 4031 pensi
2605 3963 2863 4026 habebat,
2900 3965 3143 4032 nescius,
3173 3966 3352 4035 capite
3381 3983 3409 4020 a
3428 3983 3664 4038 .corpore

2091 4050 2298 4114 deciso,
2325 4050 2568 4104 membra
2590 4059 2802 4106 mortua
2828 4067 2970 4106 esse.

2164 4140 2367 4197 Eodem
2401 4151 2651 4211 tempore
2705 4143 2870 4197 etiam
2912 4144 3157 4198 Venetiis
3179 4145 3246 4200 de
3270 4145 3371 4200 hac
3428 4161 3488 4201 re
3549 4163 3667 4201 ma...

2092 4249 2256 4302 gnum
2285 4233 2578 4287 concilium
2611 4233 2855 4288 habitum
2892 4245 2995 4298 est,
3035 4236 3088 4289 iu
3117 4251 3246 4305 quo,
3289 4238 3377 4304 qtti
3408 4245 3522 4292 tum
3559 4239 3666 4292 dux

2094 4331 2233 4388 erat,
2257 4321 2586 4378 Franciscus
2614 4321 2870 4378 Fuscaris
2907 4327 3148 4379 surrexit
3183 4337 3234 4379 et
3263 4327 3401 4382 dixit
3427 4344 3439 4382 :
3467 4347 3486 4378 ι
3552 4327 3669 4382 Non

2096 4429 2160 4468 ex
2187 4414 2493 4484 ignorantia
2529 4416 2831 4485 imperator
2877 4415 3120 4473 Joannes
3178 4435 3280 4474 nos
3325 4420 3607 4488 expetivit.
3649 4440 3666 4472 ο

2101 4505 2394 4560 Enimvero
2433 4507 2597 4562 etiam
2649 4507 2764 4570 alii,
2791 4509 2886 4576 qui
2919 4525 3044 4564 eum
3107 4508 3377 4564 vidissent
3421 4519 3476 4562 et
3543 4526 3669 4564 cum

2102 4689 2281 4742 visum
2310 4705 2434 4743 esse
2460 4690 2747 4756 negabant.
2777 4690 2842 4743 At
2866 4689 3118 4749 obstabat
3149 4691 3394 4760 nequitia
3449 4701 3502 4746 et
3536 4692 3675 4745 invi-

2102 4781 2213 4834 dia.
2241 4780 2426 4834 Nescit
2446 4782 2591 4834 enim
2635 4781 2840 4834 invidia
2864 4783 3140 4835 honorare
3166 4781 3478 4836 utilitatem.
3504 4782 3675 4852 Cujus

2102 4873 2182 4926 rei
2218 4887 2384 4926 causa
2417 4881 2538 4925 erat
2567 4871 2820 4941 Aloysius
2847 4870 3067 4935 Diedns,
3118 4871 3211 4940 qui
3249 4872 3377 4926 olim
3443 4888 3673 4928 curave-

2103 4973 2208 5025 rat,
2237 4973 2295 5018 ut
2319 4964 2489 5018 beatae
2521 4963 2800 5017 memoria;
2846 4963 3103 5033 princeps
3139 4977 3315 5028 meus,
3364 4963 3677 5018 Constanti-

2105 5069 2206 5108 nus
2231 5054 2510 5118 dominus,
2547 5055 2772 5122 despota
2801 5061 2914 5106 tum
2953 5056 3008 5105 in
3063 5051 3458 5121 Pclepnnneso,
3515 5053 3676 5124 hujus

2104 5145 2262 5199 duris
2312 5146 2480 5198 tiliam
2535 5161 2660 5198 cum
2710 5160 2908 5213 magna
2963 5146 3089 5198 dote
3139 5159 3376 5209 uxorem
3426 5145 3672 5202 duceret.

2107 5237 2370 5306 Princeps
2396 5252 2550 5292 meus
2572 5251 2680 5290 non
2715 5236 2874 5294 aliam
2916 5236 2987 5290 ob
3009 5251 3260 5301 causam,
3292 5237 3400 5292 nisi
3437 5245 3498 5291 nt
3562 5236 3678 5305 ipse

2106 5340 2160 5384 et
2190 5331 2529 5398 principatus
2561 5343 2685 5388 cum
2723 5327 2947 5382 Venetis
2987 5328 3376 5397 jungerentur,
3407 5344 3529 5383 eam
3561 5329 3680 5382 alli-

2110 5423 2333 5474 nitatem
2369 5419 2614 5484 admisit,
2648 5418 2807 5478 nobis
2823 5428 2876 5472 et
2899 5419 3024 5472 aliis
3053 5420 3242 5474 multis
3273 5421 3328 5475 id
3363 5420 3682 5490 approban-

2109 5512 2256 5566 tibus
2287 5520 2341 5564 et
2376 5510 2607 5564 utlieret
2636 5524 2794 5578 paene
2839 5510 3191 5580 cogentibus.
3227 5510 3332 5566 Sed
3393 5521 3680 5578 postquam

2109 5602 2404 5672 imperator
2428 5600 2604 5654 lactus
2641 5609 2800 5654 estet
2843 5600 2900 5654 in
2933 5601 3123 5655 urbem
3157 5602 3326 5666 venit,
3383 5603 3684 5654 incommo-

2109 5695 2238 5750 dutn
2272 5702 2410 5748 erat.
2441 5693 2726 5760 Quomodo
2761 5694 2910 5749 enim
2935 5695 3055 5749 ﬁeri
3082 5705 3317 5762 poterat,
3350 5702 3410 5746 ut
3443 5693 3685 5748 civitatis

2109 5788 2211 5842 viri
2236 5797 2290 5841 et
2313 5785 2538 5844 feminae
2569 5787 2846 5856 principes
2875 5788 3154 5843 dominam
3189 5799 3243 5840 et
3278 5787 3680 5860 imperatricem

2113 5867 2635 5947 reciperentVeneti
2682 5879 2942 5945 lili.nn,ct
2969 5878 3151 5948 generi
3199 5893 3263 5935 ac
3297 5878 3392 5936 lii-it
3433 5875 3552 5949 ejus
3578 5871 3692 5934 alli-

2099 4612 2164 4652 eo
2187 4598 2440 4652 collocuti
2475 4607 2681 4667 essent,
2702 4599 3111 4665 prudentiorem
3135 4599 3410 4654 hominem
3444 4601 3498 4654 in
3523 4601 3671 4654 Italia
3773 4590 3775 4592 ’
