3964 6420
327 381 425 447 9H

1563 384 1894 446 GEORGII
1926 385 2356 445 PHRANTZAi
3470 382 3580 453 9ίέ

323 512 422 566 καὶ
455 509 606 572 υἱοὺς
658 508 1050 579 συγγάμὸρους
1093 510 1180 564 καὶ
1236 509 1707 578 γυναικαδελφοὺς
1761 503 1904 563 εἶναι
1932 510 1984 568 Α
2022 574 2029 579 ί
2080 510 2189 564 Kal
2226 513 2292 579 τῇ
2344 508 2410 578 ιβ’
2450 506 2546 562 τοῦ
2582 506 2925 577 Δεκεμϐρίου
2966 502 3348 580 παρελθόντων
3385 507 3442 575 ἐξ
3475 526 3580 580 μη-

323 605 402 673 τῷ
460 604 696 674 βασιλεῖ,
733 602 951 668 ἐνδόξου
1006 603 1107 673 μὲν
1171 603 1303 667 ἴσως
1333 604 1432 657 καὶ
1485 602 1678 665 δουκὸς
1724 603 1900 667 ὄντος,

323 701 461 754 ἀλλὰ
498 700 835 769 πρόσκαιρος
890 694 980 769 ἦν.
1032 697 1141 751 Kal
1175 698 1332 762 αὖθις
1384 698 1523 767 μετὰ
1565 698 1627 750 τὺ
1678 696 1904 767 βασιλέα

324 792 581 861 γενέσθαι
612 794 707 846 τὸν
730 790 1004 862 αὐθέντην
1035 809 1135 862 μου
1165 795 1195 846 6
1223 792 1349 858 δούξ
1371 790 1552 861 ἐζήτει
1578 792 1640 845 τὸ
1668 791 1902 854 τοιοῦτο,

324 886 441 938 ἀλλ’
500 868 870 955 άπεπέμφθη.
911 885 1143 938 Ἕνεκεν
1173 884 1367 938 τούτου
1416 885 1602 937 λοιπὸν
1635 886 1662 936 6
1695 884 1907 951 ἄνθρω-

324 996 427 1043 πος
452 979 676 1046 ἐγένετο
707 979 903 1050 ἐχθρός
925 996 938 1012 ·
974 979 1070 1031 καὶ
1103 978 1277 1032 πολλὰ
1308 978 1559 1039 εἰπόντος
1582 976 1679 1030 τοῦ
1701 977 1904 1030 Ἀλωῦ-

328 1073 447 1127 σίου
474 1073 826 1142 Λαυρεδάνου
860 1074 956 1127 καὶ
1008 1073 1102 1126 τοῦ
1137 1073 1428 1127 Ἀντωνίου
1469 1071 1653 1124 Διέδου
1686 1071 1779 1123 καὶ
1809 1068 1907 1123 ἆλ-

326 1166 433 1221 λων
459 1165 695 1231 πολλῶν,
724 1166 821 1218 καὶ
866 1165 1273 1231 ἀποδειξάντων
1317 1166 1399 1218 ὅτι
1450 1166 1500 1218 εί
1539 1164 1635 1217 καὶ
1678 1164 1712 1231 ή
1752 1161 1906 1225 πόλις

328 1260 537 1331 ἁλωθῇ,
590 1259 821 1328 πλείστη
870 1260 1046 1329 ζημία
1100 1259 1392 1329 συμϐαίνει
1452 1258 1547 1311 καὶ
1607 1258 1672 1325 τῇ
1725 1254 1906 1309 αὐτῶν

327 1354 490 1424 325
531 1355 811 1426 αὐθεντίᾳ,
866 1354 1008 1424 πλὴν
1040 1356 1151 1419 οὐκ
1172 1353 1401 1423 ἴσχυσαν
1442 1351 1782 1421 παροτρῦναι
1810 1347 1900 1400 τὸν

326 1448 495 1501 δοῦκα
526 1448 856 1518 συνδραμεῖν
887 1447 962 1518 τῷ
997 1446 1267 1516 βασιλεῖ.1

399 1541 509 1594 Kal
532 1542 565 1610 ἡ
606 1540 907 1607 Ἐκκλησία
930 1539 1030 1609 τῆς
1070 1538 1291 1608 Ῥώμης
1326 1539 1457 1608 περὶ
1485 1537 1681 1591 τούτου
1709 1541 1907 1608 ἐφρόν-

327 1648 502 1695 τισεν.
557 1630 890 1701 Εὐρεθὲντος
916 1630 1049 1698 γὰρ,
1075 1630 1170 1683 τοῖν
1206 1629 1574 1699 καρδηναλίου
1632 1630 1909 1695 Ῥωσσίας

327 1729 412 1789 εἰς
441 1727 543 1795 τὴν
569 1725 747 1787 πόλιν,
775 1725 870 1777 καὶ
896 1726 1005 1791 ἐγὼ
1030 1724 1160 1793 περὶ⁸
1184 1723 1379 1776 τούτου
1408 1724 1737 1793 μεσιτεύσας
1772 1726 1908 1797 πρὸς

2011 604 2140 668 νῶν,
2188 604 2284 657 xal
2312 602 2573 656 τοσούτου
2616 601 2779 669 λόγου
2821 603 3117 672 γενομένου
3154 602 3283 671 περὶ
3330 600 3580 672 βοηθείας

2012 697 2137 750 ὅσον
2182 690 2486 765 ἐποιήσατο
2525 697 2555 748 6
2606 694 2900 757 σουλτάνος
2938 691 3037 747 τοῦ
3070 694 3286 762 Κάερος
3326 695 3444 762 ἦτοι
3475 693 3576 760 τῆς

2012 788 2296 857 Αἰγύπτου
2332 801 2346 817 ⁸
2378 787 2491 841 ἀπὸ
2534 787 2592 840 δὲ
2623 787 2720 856 τῆς
2777 786 3008 857 Σερϐίας
3044 786 3209 857 326
3251 787 3472 838 δυνατὸν
3509 781 3576 854 ἢν

2010 877 2420 947 άποσταλθῆναι
2471 878 2739 947 χρήματα
2781 876 3036 945 κρυφίως
3084 876 3427 945 πολυμερῶς,
3483 878 3578 929 καὶ

2012 971 2339 1042 ἀνθρώπους
2362 972 2570 1041 ὁμοίως
2599 970 2668 1023 δι’
2700 970 2864 1023 ἄλλου
2892 963 3095 1041 τρόπου
3131 985 3143 998 ·
3176 970 3290 1023 ἀλλ’
3321 974 3419 1025 οὐκ
3446 972 3579 1025 ἀπέ-

2011 1065 2210 1118 λαυσεν
2256 1062 2377 1116 οὐδέ
2424 1061 2566 1116 εἶδεν
2596 1062 2773 1126 οὐδεὶς
2823 1063 2920 1116 ἕνα
2950 1062 3155 1117 ὀϐολόν.
3189 1063 3317 1129 Nal,
3365 1064 3575 1132 άληθῶς

2010 1157 2345 1213 ἀπέστειλαν
2404 1157 2580 1211 πολλὰ
2631 1160 2890 1228 χρήματα
2942 1159 3036 1211 καὶ
3081 1158 3403 1229 ἀνθρώπους
3442 1160 3574 1229 πρὸς

2000 1250 2104 1305 ’τὸν
2142 1252 2396 1323 Ἀμηρᾶν
2425 1249 2823 1319 πολιορκοῦντα
2860 1251 2959 1321 τὴν
2995 1251 3180 1306 πόλιν*
3217 1255 3307 1304 καὶ
3349 1239 3577 1323 ἐθριάμ-

2011 1344 2213 1397 ϐευσαν
2245 1343 2446 1406 αὐτοὺς
2476 1344 2526 1396 οἱ
2560 1344 2821 1416 Τοῦρκοι.
2849 1343 3187 1407 δεικνύοντες
3211 1344 3293 1397 ὅτι
3329 1345 3458 1398 ’1δού
3485 1350 3576 1399 καὶ

2010 1438 2059 1491 οἱ
2094 1434 2289 1503 Σέρϐοι
2319 1435 2441 1488 καθ’
2475 1435 2634 1504 ὑμῶν
2661 1435 2791 1491 εἰσί.
2827 1435 2922 1497 Τίς
2965 1435 3075 1486 τῶν
3108 1434 3450 1503 Χριστιανῶν
3479 1435 3576 1487 αὐ-

2013 1529 2214 1583 θέντων
2252 1528 2284 1596 ἢ
2339 1527 2569 1597 Ἰϐήρων
2600 1526 2928 1581 ἀπέστειλεν
2969 1526 3067 1579 ἕνα
3095 1525 3284 1580 ὀϐολὸν
3319 1526 3579 1596 ἢὰνθρώ-

2014 1638 2148 1682 πους
2177 1622 2257 1684 είς
2285 1619 2541 1690 βοήθειαν
2588 1618 2689 1688 τῆς
2735 1618 2966 1683 πόλεως,
3011 1620 3044 1687 ἢ
3080 1617 3331 1687 φανερῶς
3364 1618 3396 1687 ἢ
3446 1636 3578 1687 κρυ-

2017 1715 2192 1783 φίως;
2224 1712 2288 1766 Ol
2327 1710 2608 1781 Ούγγαροι
2654 1710 2711 1764 δὲ
2741 1710 2993 1764 ἔστειλαν
3036 1710 3296 1783 πρέσϐεις
3329 1710 3464 1779 πρὸς
3491 1710 3578 1762 τὸν

327 1820 420 1874 τὸν
450 1819 700 1888 ἀοίδιμον
734 1819 828 1870 καὶ
881 1817 1200 1887 μακαρίτην
1232 1816 1323 1870 τὸν
1357 1818 1629 1888 αὐθέντην
1666 1835 1770 1888 μου
1815 1818 1908 1871 τὸν
1937 1850 1985 1908 Β
2016 1809 2242 1908 attingat!
2264 1807 2523 1908 λέγοντες
2543 1806 2660 1908 ,ὅτιο
2681 1803 3000 1908 Σωςοξιέγου
3030 1804 3302 1908 ἵναιέχηξε
3328 1806 3416 1856 καί
3444 1805 3578 1908 μετ-ξι

331 1911 584 1979 βασιλέα,
635 1911 725 1962 ἵνα
758 1910 986 1979 γένηται
1033 1909 1119 1961 ὅδε
1168 1908 1507 1978 καρδηνάλις
1555 1912 1908 1981 πατριάρχης

331 2004 1004 2066 Κωνσταντινουπόλεωςο
1069 2003 1161 2055 καὶ
1204 2004 1253 2055 εί
1288 2003 1535 2072 γένηται,
1574 2003 1642 2056 τὰ
1702 2005 1792 2056 καὶ
1841 2003 1910 2056 τὰ

328 2098 655 2168 γενήσονται
699 2097 830 2165 παρ’
858 2096 1025 2149 αὐτοῦ
1058 2095 1153 2148 καὶ
1188 2096 1284 2148 τοῦ
1313 2096 1440 2149 τότε
1471 2096 1632 2150 πάπα
1673 2098 1753 2159 εἰς
1782 2096 1909 2166 βοή-

329 2188 484 2242 θειαν
529 2189 627 2257 τῆς
658 2186 893 2248 πόλεως,
924 2188 971 2239 ει
1009 2186 1108 2239 κᾶν
1151 2187 1214 2238 ἐκ
1260 2185 1521 2253 δευτέρου
1555 2186 1904 2258 μνημονευθῇ

327 2285 355 2335 ό
382 2283 573 2342 πάπας
591 2296 606 2311 ·
634 2278 732 2332 καὶ
757 2278 970 2347 πολλῶν
1001 2276 1358 2347 συζητήσεων
1384 2278 1558 2345 λόγων
1584 2281 1677 2333 καὶ
1706 2279 1909 2349 βουλῆς

326 2373 644 2442 γενομένων
690 2369 839 2434 ἔδοξε
873 2368 953 2438 τῷ
997 2368 1231 2438 άοιδίμῳ
1276 2360 1501 2439 βασιλεῖ
1550 2371 1629 2439 τῷ
1672 2371 1907 2444 αὐθέντῃ

332 2486 437 2538 μου
473 2467 532 2520 τὸ
562 2466 618 2519 ἓν
652 2465 761 2518 τῶν
792 2462 886 2517 δύο
923 2463 997 2533 μὴ
1023 2462 1236 2530 γένοιτο
1266 2463 1676 2529 παντελῶς,-δτι
1710 2466 1788 2535 τῷ
1818 2483 1912 2533 γε-

326 2560 541 2631 νομένῳ
595 2557 915 2629 πατριάρχῃ
978 2558 1192 2627 ἀνάγκη
1227 2553 1296 2628 ἦν
1338 2558 1371 2625 ἢ
1426 2552 1713 2611 πείθεσθαι
1758 2559 1909 2627 αὐτῷ

327 2655 454 2716 τοὺς
491 2652 721 2715 πάντας,
753 2652 785 2721 ἢ
811 2652 928 2719 ἔρις
955 2650 1051 2702 καὶ
1080 2648 1249 2719 ἔχθρα
1274 2651 1570 2717 γενήσεται
1590 2651 1907 2719 ἀναμεταξύ

328 2741 495 2796 αὐτοῦ
534 2741 631 2794 καὶ
662 2741 846 2793 αὐτῶν
876 2740 985 2794 τῶν
1025 2739 1099 2809 μὴ
1128 2740 1481 2808 πειθομένων
1514 2741 1685 2810 αὐτῷ.
1718 2742 1826 2795 Kal
1851 2745 1908 2795 ἐν

328 2835 526 2904 ἐκείνῳ
553 2833 646 2887 τοῦ
679 2832 872 2903 καιροῦ
897 2833 1144 2902 διαμέσῳ
1171 2834 1220 2885 εί
1248 2833 1344 2886 καὶ
1378 2834 1560 2904 συμϐῇ
1594 2837 1727 2904 ἡμῖν
1760 2836 1905 2905 μάχη

327 2925 530 2995 ἔξωθεν
561 2924 712 2995 παρὰ
741 2924 849 2977 τῶν
879 2922 1114 2994 ἐχθρῶν,
1148 2926 1244 2978 καὶ
1274 2914 1421 2995 ἔχειν
1457 2927 1604 2995 ἡμᾶς
1640 2928 1731 2979 καὶ
1759 2926 1900 2979 ἔσω..

330 3018 447 3083 θεν,
481 3016 650 3070 πόσον
679 3014 864 3068 ἔσεται
891 3015 1063 3070 κακόν
1090 3032 1104 3082 ;
1139 3016 1214 3069 Τὸ
1245 3015 1301 3068 δέ
1339 3016 1787 3086 μνημονεύεσθαι
1818 3018 1909 3070 τὸν

327 3106 518 3162 πὰπαν
566 3107 853 3177 γενηθήτω
904 3109 1113 3179 ἕνεκεν.
1158 3107 1375 3171 ἐλπίδος
1423 3108 1682 3178 ’βοηθείας
1732 3112 1790 3163 ἐν
1841 3096 1905 3181 τῇ

2011 1899 2107 1953 τοῦ
2134 1898 2402 1970 βασιλέως
2441 1899 2669 1967 εἰρήνην
2700 1897 2796 1950 καὶ
2830 1896 3076 1965 ἀγάπην,
3125 1894 3463 1965 ἐποιήσαμεν
3486 1896 3578 1947 καὶ

2011 1994 2172 2062 ἡμεῖς
2204 1988 2304 2058 τήν
2332 1989 2561 2058 ἀγάπην
2597 1987 2717 2056 μεθ’
2750 1986 2905 2054 ὐμῶν
2926 2000 2940 2015 ⁶
2975 1986 3090 2039 ἀλλ’
3118 1988 3235 2039 ἐπεὶ
3264 1987 3323 2038 οὐ
3365 1988 3578 2054 τηρεῖτε

2010 2080 2154 2134 κατὰ
2180 2078 2279 2141 τὰς
2303 2076 2621 2148 ὰναμεταξὺ
2657 2078 2817 2148 ήμῶν
2846 2078 2939 2131 καὶ
2978 2078 3133 2148 ὑμῶν
3163 2078 3454 2147 συνθήκας,
3488 2079 3577 2130 καὶ

2012 2176 2173 2244 ἡμεῖς
2226 2173 2587 2242 ἀθετήσωμεν
2638 2174 2820 2225 πᾶσαν
2857 2172 2957 2242 τὴν
3004 2174 3429 2243 είρηνοποίησιν.
3473 2174 3577 2226 Kal

2012 2266 2257 2335 ἔφθασαν
2293 2266 2342 2317 oi.
2392 2264 2679 2334 πρέσϐεις,
2725 2265 2886 2335 ἡνίκα
2917 2266 3290 2334 ἐπολιορκεῖτο
3335 2268 3367 2335 ἡ
3407 2267 3576 2330 πόλις,

2012 2353 2130 2430 ἐνῇ
2181 2356 2443 2423 ἐϐδομάδι
2495 2356 2720 2425 ἔμελλον
2755 2356 2851 2426 τὴν
2894 2357 3131 2428 ἐμϐολὴν
3181 2359 3368 2413 δῶσαι.
3416 2360 3474 2412 '0
3525 2360 3579 2412 δὲ

2011 2451 2234 2520 ἀμηρᾶε
2283 2450 2378 2502 καὶ
2412 2450 2562 2502 πᾶσα
2595 2451 2627 2518 ἡ
2662 2448 2826 2518 βουλὴ
2872 2449 3037 2503 αὐτοῦ
3070 2449 3346 2519 ἐχρόνιζον
3387 2452 3578 2513 αὐτοὺς

2011 2545 2190 2611 λόγοις
2234 2542 2529 2604 κολακείας
2558 2541 2866 2612 προσδοκᾷν
2892 2541 2993 2613 τὴν
3021 2543 3315 2613 ἀπόκρισιν
3343 2546 3576 2616 σήμερον

2011 2640 2043 2707 ἢ
2075 2637 2289 2708 αὔριον.
2321 2637 2431 2691 Kal
2461 2634 2622 2689 τοῦτο
2654 2636 2873 2688 ἐποίουν
2904 2636 3046 2705 μετὰ
3074 2636 3252 2703 δόλου,
3282 2639 3408 2708 ἄχρι
3430 2640 3522 2693 ἴδω
3536 2656 3579 2691 τι

2009 2733 2080 2785 τὰ
2111 2731 2376 2800 μέλλοντα
2412 2729 2716 2799 συμϐῆναι,
2749 2731 2834 2784 ὅτι
2868 2732 2915 2783 εί
2948 2730 3049 2800 μὲν
3082 2731 3454 2801 παραλάϐοιεν
3484 2735 3575 2800 τὴν

2012 2824 2191 2889 πόλιν,
2223 2822 2454 2875 εἴπωσιν
2487 2822 2629 2891 πρὸς
2677 2820 2911 2885 αὐτούς*
2949 2840 2969 2873 ι
3007 2821 3139 2875 Ἰδοὺ
3175 2821 3285 2890 γὰρ
3314 2823 3578 2891 ἐλάϐομεν

2012 2916 2183 2984 αὐτήν
2209 2932 2224 2948 ο
2284 2917 2443 2985 ὑμεῖς
2498 2914 2555 2968 δὲ
2589 2914 2883 2980 ἀπέλθετε,
2939 2915 3030 2969 καὶ
3076 2917 3153 2979 ὡς
3190 2916 3257 2970 ἂν
3297 2916 3420 2987 δόξῃ
3453 2918 3602 2985 ὑμῖν.

2012 3009 2304 3078 ποιήσατε,
2338 3008 2371 3077 ἢ
2419 3007 2647 3077 εἰρήνην
2686 3006 2835 3076 ἔχειν
2871 3007 2990 3077 μεθ’
3026 3007 3180 3077 ήμῶν
3225 3008 3257 3078 ἢ
3301 3008 3478 3079 μάχην
3503 3024 3516 3038 ·
3552 3026 3571 3059 ο

2011 3099 2040 3152 ὃ
2068 3100 2133 3170 δὴ
2164 3102 2257 3153 καὶ
2301 3101 2525 3167 ἐγένετο
2577 3101 2669 3153 καὶ
2696 3101 2813 3163 τοῖς
2850 3100 3145 3169 πρέσϐεσιν
3187 3102 3409 3172 ἐρρέθη.
3438 3102 3495 3153 Εἰ
3521 3102 3574 3153 δὲ

326 3202 542 3272 ἀνάγκη
577 3201 737 3270 ἡμῶν
764 3217 777 3231 ·
811 3202 907 3254 καὶ
928 3202 1046 3254 ὅσοι
1075 3199 1234 3253 τοῦτο
1261 3202 1561 3268 ποιήσωσιν
1590 3203 1646 3254 ἐν
1682 3206 1746 3272 τῇ
1776 3203 1907 3274 ἁγίᾳ
1939 3185 1980 3243 C
2013 3198 2114 3247 οὐκ
2145 3193 2606 3262 ὲπαρελάμϐανον
2646 3192 2835 3263 αὐτὴν,
2860 3193 3052 3263 ἡθελον
3078 3195 3254 3247 εἰπεῖν
3290 3194 3375 3245 ὅτι
3397 3194 3575 3246 ἕνεκεν

329 3293 521 3362 Σοφίᾳ,
559 3293 610 3345 οί
643 3292 793 3347 ἄλλοι
816 3292 1034 3347 ἔσονται
1068 3294 1308 3348 ἀναίτιοι
1345 3296 1440 3349 καὶ
1470 3298 1759 3368 εἰρηνικοί.

328 3422 428 3462 nes
494 3407 843 3475 imperatoris
900 3406 1209 3475 etfl‘ratres
1266 3409 1638 3479 imperatricis
1687 3417 1909 3470 essent?

328 3498 782 3567 Quandoquidem
816 3500 925 3555 dux
961 3500 1264 3555 honoratus
1296 3500 1482 3555 forsan
1520 3514 1662 3570 erat,
1712 3496 1815 3562 sed
1841 3508 1906 3562 ad

327 3600 547 3661 tempus
580 3591 781 3646 lectus.
830 3595 1008 3660 Atque
1028 3593 1137 3647 dux
1166 3593 1387 3663 quidem
1417 3594 1578 3649 etiam
1619 3608 1905 3669 postquam

328 3682 586 3738 dominus
617 3697 771 3738 meus
835 3683 1134 3753 imperator
1162 3686 1336 3742 factus
1374 3692 1478 3752 est,
1535 3688 1658 3743 huic
1696 3704 1908 3745 connu—

330 3774 421 3827 hio
459 3774 717 3836 instabat,
748 3776 840 3828 sed
870 3776 1188 3845 repudiatus
1213 3787 1320 3834 est.
1349 3780 1582 3851 Propter
1605 3782 1746 3835 hanc
1770 3797 1906 3835 eau-

328 3881 446 3920 sam
487 3865 652 3934 igitur
684 3867 729 3919 is
757 3868 914 3921 nobis
941 3867 1351 3937 initnieuserat,
1381 3879 1437 3926 et
1463 3888 1584 3926 cum
1618 3873 1786 3926 multa
1820 3872 1908 3926 di-

326 3958 539 4012 xissent
569 3956 828 4027 Aloysius
882 3956 1247 4017 Lauredanus
1278 3970 1334 4017 et
1384 3962 1656 4019 Antonius
1707 3962 1909 4019 Diedus

327 4051 495 4105 etalii
528 4050 709 4117 multi,
732 4053 1338 4124 demonstrassentque,
1370 4055 1413 4110 si
1441 4056 1570 4111 urbs
1594 4067 1905 4126 caperetur,

310 4161 526 4214 magna
555 4136 888 4201 detrimenta
916 4148 1080 4202 etiam
1152 4148 1396 4219 ipsorqu
1466 4151 1629 4207 rebus
1679 4153 1904 4207 allatum

328 4236 419 4299 iri,
453 4253 560 4291 non
583 4246 835 4307 poterant
866 4248 1046 4293 tamen
1070 4238 1195 4294 duci
1230 4242 1580 4311 persuadere,
1599 4254 1658 4299 ut
1678 4243 1911 4314 impera-

330 4331 434 4382 tori
457 4339 826 4383 succurreret.

404 4418 581 4473 Etiam
608 4416 866 4474 Ecclesia:
898 4421 1157 4485 Romanae
1192 4423 1305 4478 haec
1337 4439 1423 4479 res
1442 4439 1586 4480 curae
1606 4433 1742 4483 erat.
1772 4425 1908 4482 Cum

2013 3287 2111 3355 τῆς
2145 3285 2459 3355 ἀναμεταξὺ
2496 3286 2655 3357 ἡμῶν
2698 3287 2792 3341 καὶ
2833 3287 2986 3356 ὐμῶν
3018 3289 3243 3359 είρήνης
3273 3289 3305 3341 6
3349 3288 3575 3356 πόλεμος

2015 3410 2270 3458 sarentur
2302 3418 2401 3457 nec
2433 3401 2807 3458 turbarentur.

2090 3495 2184 3550 Die
2215 3494 2280 3548 12
2300 3496 2634 3561 Decembris,
2665 3511 2789 3550 cum
2823 3512 2916 3552 sex
2944 3512 3160 3553 menses
3189 3499 3573 3567 prmterissent,

2016 3599 2069 3644 et
2104 3599 2182 3645 tot
2204 3591 2367 3644 verba
2396 3600 2581 3645 essent
2613 3591 2755 3644 facta
2780 3591 2845 3645 de
2870 3592 3102 3655 auxilio,
3139 3603 3274 3661 quot
3317 3590 3442 3659 (erit
3470 3592 3579 3646 sul-

2019 3692 2180 3736 tanus
2209 3681 2353 3737 Cairi
2385 3682 2501 3737 sive
2527 3680 2771 3752 Egypti,
2808 3693 2862 3739 et
2890 3700 2917 3736 a
2953 3684 3142 3739 Servia
3167 3694 3354 3754 posset
3418 3700 3577 3755 pecu-

2019 3778 2109 3832 nia
2130 3776 2353 3831 occulte
2394 3776 2585 3830 multis
2611 3774 2811 3842 modis,
2850 3776 3100 3833 homines
3136 3778 3266 3832 item
3302 3777 3409 3832 alio
3464 3791 3579 3829 mo-

2016 3868 2088 3923 do
2119 3868 2412 3934 summitti,
2444 3882 2603 3923 nemo
2638 3868 2937 3939 quidquam
2969 3868 3097 3923 inde
3124 3867 3395 3923 commodi
3451 3882 3576 3936 per.

2016 3963 2157 4031 cepit
2173 3975 2277 4015 nec
2295 3960 2428 4014 vidit
2453 3961 2534 4014 vel
2556 3962 2884 4015 teruncium.
2909 3961 3025 4016 lmo
3045 3961 3313 4017 miserunt
3335 3975 3576 4031 magnam

1980 4042 1981 4045 “
2016 4055 2261 4122 pecuniae
2290 4062 2344 4107 et
2384 4052 2617 4108 militum
2650 4053 2860 4123 copiam
2913 4053 3126 4108 Amerze
3180 4055 3368 4109 urbem
3416 4069 3581 4123 oppu-

2016 4146 2228 4217 gnanti,
2263 4158 2425 4215 atque
2463 4146 2717 4200 laudibus
2746 4160 2842 4200 eos
2881 4145 3179 4201 ell‘erebant
3228 4145 3442 4210 Turczc,
3500 4146 3581 4214 ja-

2017 4246 2247 4302 ctaotes,
2267 4237 2430 4292 etiam
2468 4234 2688 4291 Servios
2714 4236 2873 4292 nobis
2931 4237 3231 4292 adversari.
3256 4238 3387 4303 Quis
3432 4235 3584 4291 Chri-

2018 4328 2322 4383 Stianorum
2356 4328 2662 4397 principum
2703 4336 2798 4383 aut
2824 4329 3106 4384 [berorum
3143 4330 3225 4385 vel
3273 4331 3577 4384 teruncium

2019 4430 2113 4474 aut
2155 4416 2417 4476 homines
2466 4422 2533 4475 ad
2593 4421 2746 4477 urbis
2795 4422 3065 4475 auxilium
3105 4421 3420 4491 sivea'perte
3471 4423 3581 4477 sive

329 4510 477 4565 enim
518 4511 571 4562 in
624 4510 757 4564 urbe
808 4497 1028 4567 adesset
1082 4514 1381 4569 cardinalis
1428 4514 1747 4581 Rossim,et
1806 4531 1909 4587 ego
1945 4549 1990 4604 Β
2020 4512 2232 4565 occulte
2266 4512 2415 4566 misit
2443 4509 2727 4581 Hinngari
2759 4520 2941 4566 tamen
3001 4513 3209 4583 legatos
3238 4512 3304 4566 ad
3332 4512 3579 4565 Ameram

329 4603 564 4671 egissem
596 4617 722 4657 cum
753 4604 1064 4659 venerando
1114 4616 1169 4660 et
1199 4607 1370 4662 beata:
1399 4609 1680 4662 memorize
1737 4607 1909 4677 impe-

332 4702 536 4759 ratore,
573 4695 801 4750 domino
860 4712 1004 4763 meo,
1057 4699 1189 4753 utis
1244 4699 1540 4754 cardinalis
1598 4684 1910 4768 patriarcha

328 4787 515 4858 Cpolis
544 4789 713 4853 ﬁeret,
754 4790 896 4845 unde
912 4791 1159 4846 futurum
1191 4800 1430 4858 esset,ut
1457 4795 1525 4847 ab
1557 4793 1676 4862 ipso
1706 4803 1759 4848 et
1777 4810 1911 4864 papa

332 4881 575 4935 nonnihil
597 4885 747 4937 tieret
769 4881 838 4936 ad
860 4883 1049 4937 urbem
1068 4882 1453 4953 adiuvandam,
1485 4886 1531 4939 si
1559 4898 1745 4939 rursus
1761 4900 1914 4955 papae

330 4974 539 5026 mentio
568 4972 719 5028 tieret
770 5012 786 5038 ,
810 4974 996 5029 multis
1045 4974 1390 5029 sermonibus
1411 4984 1465 5028 et
1498 4977 1914 5032 consultationi-

331 5065 434 5120 bus
455 5065 1051 5135 habitis,imperatori,
1089 5065 1312 5120 domino
1375 5084 1516 5134 meo,
1548 5070 1728 5123 visum
1801 5084 1910 5135 est,

331 5167 585 5211 neutrum
612 5171 803 5211 eorum
836 5172 958 5227 quae
980 5169 1350 5213 consecutura
1394 5173 1599 5223 essent,
1636 5163 1751 5216 lteri
1818 5164 1912 5217 de-

331 5247 481 5311 bere,
526 5248 972 5315 quandoquidem
1008 5261 1236 5301 necesse
1270 5259 1438 5312 esset,
1478 5260 1651 5304 utaut
1683 5254 1914 5320 patriar—

333 5340 450 5392 chae
477 5353 670 5418 omnes
693 5339 1001 5404 obedireut,
1031 5339 1281 5395 aut-lites
1313 5353 1365 5395 et
1419 5342 1727 5398 inimicitiae
1769 5345 1914 5399 inter

334 5434 509 5501 ipsum
528 5439 580 5484 et
596 5444 711 5495 eos,
737 5432 830 5499 qui
865 5444 972 5484 non
1015 5432 1324 5497 obedirent,
1374 5434 1667 5488 orirentur.
1700 5435 1912 5492 interea

333 5529 377 5576 si
406 5523 567 5578 nobis
595 5523 729 5577 foris
760 5523 959 5577 bellum
992 5524 1292 5580 inferretur
1326 5527 1392 5582 ab
1413 5529 1681 5592 hostibus,
1713 5540 1909 5583 etcen-

333 5616 672 5670 llictaretnur
707 5616 872 5669 etiam
896 5616 1044 5670 domi
1067 5616 1330 5682 dissidiis,
1354 5635 1559 5689 quanta
1594 5621 1733 5674 mala
1764 5619 1911 5675 futu-

332 5724 392 5763 ra
416 5709 641 5763 essent?
702 5707 861 5779 Papae
918 5717 1096 5763 tamen
1152 5714 1415 5765 memoria
1484 5713 1637 5766 lierct
1679 5722 1907 5782 propter

333 5818 483 5868 spem
521 5801 705 5856 auxilii
744 5802 798 5854 in
831 5802 930 5855 hac
963 5806 1307 5859 necessitate.
1348 5804 1503 5871 Quod
1537 5807 1629 5875 qui
1663 5806 1908 5859 facerent

332 5894 386 5947 in
418 5902 631 5950 Sancta:
665 5897 882 5965 Sophim
914 5897 1111 5969 templo
1130 5899 1379 5954 Iacerent
1406 5917 1418 5953 :
1442 5899 1636 5968 reliqui
1664 5915 1728 5953 ne
1748 5912 1913 5952 accu-

904 6072 919 6099 \

2017 4603 2307 4669 miserunt,
2343 4603 2433 4673 qui
2471 4605 2815 4667 nuntiarent,
2856 4618 2914 4657 se
2940 4604 3039 4670 sic,
3063 4616 3121 4658 ut
3156 4603 3235 4659 illi
3266 4618 3389 4658 cum
3418 4604 3584 4672 impe-

2017 4701 2201 4747 ratore
2221 4708 2410 4763 pacem
2436 4701 2491 4746 et
2523 4692 2819 4748 amicitiam
2866 4694 3131 4759 colerent,
3158 4708 3281 4748 cum
3310 4693 3443 4763 ipsis
3489 4709 3582 4763 pa-

2015 4800 2133 4840 cem
2170 4784 2363 4841 fecisse
2396 4801 2584 4841 :nunc
2609 4801 2735 4841 cum
2779 4786 2856 4841 illi
2897 4803 3003 4841 non
3039 4794 3328 4842 servarent
3401 4795 3580 4839 mutua

2017 4887 2193 4948 pacta,
2225 4894 2285 4934 se
2308 4893 2530 4949 quoque
2545 4892 2733 4948 pacem
2769 4879 2966 4934 factam
2999 4880 3225 4935 omnino
3261 4878 3581 4948 improbare.

2017 4974 2371 5029 Advenerunt
2417 4974 2604 5044 legati,
2655 4990 2779 5028 cum
2854 4975 2987 5028 urbs
3051 4974 3419 5039 obsideretur,
3477 4987 3577 5041 qua

2017 5066 2358 5122 hebdomade
2386 5066 2805 5136 impressionem
2830 5063 3026 5139 facturi
3058 5075 3233 5120 erant.
3260 5067 3487 5119 Ameras
3533 5075 3582 5117 et

2018 5169 2193 5214 totum
2227 5159 2518 5215 concilium
2561 5159 2680 5228 ejus
2716 5157 2931 5213 blandis
2960 5157 3308 5212 sermonibus
3336 5173 3429 5212 eos
3476 5156 3581 5209 dif-

2017 5252 2281 5314 ferebant,
2322 5261 2381 5306 ut
2423 5251 2479 5305 in
2528 5258 2856 5321 prmsentem
2924 5258 3014 5302 aut
3075 5250 3375 5328 crastinum
3443 5247 3579 5302 diem

2017 5360 2341 5414 responsum
2377 5350 2783 5412 exspectarent.
2812 5341 3018 5397 Callide
3050 5341 3121 5396 ita
3143 5343 3396 5412 agebant,
3418 5341 3586 5395 dom-c

2019 5414 2306 5495 viderent,
2346 5448 2457 5503 quo
2519 5447 2608 5487 res
2655 5447 2884 5487 evasura
2935 5438 3100 5495 esset,
3158 5430 3202 5486 si
3253 5431 3447 5486 urbem
3500 5446 3585 5482 cc-

2017 5529 2243 5595 pissent,
2295 5523 2523 5589 dicturi,
2557 5538 2614 5578 se
2667 5538 2786 5577 eam
2822 5535 3165 5592 expugnasse
3196 5535 3214 5575 :
3248 5519 3326 5575 illi
3357 5519 3582 5579 abirent.

2017 5628 2072 5674 et
2131 5626 2315 5672 utrum
2359 5618 2493 5687 ipsis
2545 5616 2847 5679 videretur,
2913 5615 3177 5679 lacerent,
3219 5612 3337 5667 sive
3398 5626 3580 5682 parum

2018 5713 2133 5769 sive.
2162 5711 2364 5765 bellqu
2402 5710 2663 5764 mallent:
2702 5708 2765 5767 id,
2812 5707 2956 5777 quod
3014 5704 3217 5759 factum
3281 5713 3337 5758 et
3397 5702 3583 5773 legatis

2020 5820 2343 5875 responsum
2372 5814 2475 5858 est.
2503 5803 2560 5856 Si
2587 5817 2706 5855 eam
2739 5817 2849 5856 non
2898 5800 3108 5869 capturi
3158 5806 3367 5863 essent,
3406 5796 3583 5851 dicere

2019 5906 2347 5962 statuerant,
2378 5897 2447 5951 ob
2486 5909 2672 5965 pacem
2701 5910 2824 5949 cum
2880 5894 2988 5948 illis
3025 5891 3350 5947 servandam
3382 5904 3439 5944 se
3492 5888 3584 5967 dc-
