3964 6428
386 402 491 471 913

1387 411 1835 474 Cl—lRONlCON
1873 398 2236 475 MAJUS.—
2263 411 2407 475 un.
2453 412 2549 475 IV.

3542 415 3696 507 att}

387 525 619 591 ἔπαυσε,
670 529 762 580 καὶ
814 527 954 581 κατὰ
998 527 1093 591 τὰς
1143 529 1461 597 συμφωνίας
1505 529 1956 597 ἀνεχωρήσαμεν.
1990 538 2033 591 Α
2068 545 2225 592 πους,
2254 530 2347 581 καὶ
2373 528 2474 580 οὐκ
2500 527 2786 594 ἔστειλανς
2826 528 2856 595 ἢ
2891 526 2974 591 τίς
3020 528 3272 598 νηστείας
3301 529 3397 581 καὶ
3429 529 3647 600 δεήσεις

387 618 548 687 327
577 619 765 688 Ὅμως
794 619 1118 691 ἒψιθυρίσθη
1144 621 1224 673 ὅτι
1251 622 1280 673 0
1316 622 1540 690 ἀμηρᾶς
1568 620 1846 687 ἐλογίζετο
1872 621 1960 674 λέ-

386 727 532 778 γων·
575 729 592 761 ι
631 713 694 764 Εί
741 713 802 764 οὐ
851 715 924 782 μὴ
974 713 1279 783 παραλάϐω
1313 713 1412 780 τὴν
1442 713 1595 765 πόλιν
1624 713 1689 766 τὰ
1717 712 1835 776 νῦν,
1867 713 1962 765 εὑ-

388 802 525 865 θέως
550 805 763 872 ποιήσω
790 805 1033 876 ἀγάπην,
1062 807 1159 860 καὶ
1185 805 1322 859 κατὰ
1351 807 1534 857 πᾶσάν
1565 821 1667 875 μου
1695 804 1794 874 τὴν
1818 805 1965 875 ζωὴν

386 913 453 966 τη
466 897 529 965 pi}
540 914 615 949 σω
646 899 837 968 αὑτήν.
872 917 890 950 r

471 989 531 1042 '0
573 990 627 1043 δὲ
661 991 968 1058 μακαρίτης
993 996 1021 1046 ό
1055 993 1322 1063 αὐθέντης
1351 1013 1455 1066 μου
1503 997 1597 1049 καὶ
1628 995 1882 1064 βασιλεὺς
1915 996 1966 1047 τί

389 1080 489 1133 οὐκ
519 1082 742 1151 ἔπραξε,
777 1086 1002 1155 κρυφῶς
1034 1087 1064 1150 ἢ
1091 1089 1366 1159 φανερῶς,
1404 1091 1546 1161 ὑπὲρ
1579 1091 1677 1159 τῆς
1711 1090 1967 1161 βοηθείας

389 1176 489 1244 τῆς
518 1177 727 1240 πόλεως
768 1181 862 1232 καὶ
893 1183 993 1249 τῆς
1046 1182 1212 1235 αὑτοῦ
1249 1182 1548 1252 βασιλείας,
1594 1185 1625 1254 ἢ
1663 1183 1863 1252 μᾶλλον
1892 1185 1969 1235 εί-

390 1269 512 1319 πείν
542 1270 684 1339 ὑπὲρ
715 1274 810 1341 τῆς
843 1274 1118 1343 σωτηρίας
1150 1276 1246 1344 τῆς
1285 1277 1432 1344 ζωῆς
1461 1276 1627 1330 αὑτοῦ
1655 1294 1670 1342 ;
1715 1277 1824 1329 Καὶ
1854 1276 1965 1345 γὰρ

389 1357 549 1440 δῇλρν
579 1362 727 1415 ἐστιν
753 1364 855 1427 ὅτι,
890 1368 938 1418 εί
964 1366 1176 1436 ἤθελεν,
1213 1368 1454 1432 εὐκόλως
1485 1369 1714 1423 ἐδύνατο
1749 1373 1965 1441 φυγεῖν.

393 1450 541 1521 Πλὴν
593 1451 694 1504 οὐκ
726 1453 943 1523 ἤθελεν,
992 1457 1110 1511 ἀλλ’
1157 1459 1460 1526 ἠγωνίζετο
1493 1460 1568 1524 ὡς
1620 1462 1648 1513 0
1681 1463 1885 1533 ποιμὴν
1938 1464 1967 1516 0

389 1542 576 1607 καλὸς,
621 1544 678 1606 ὃς
718 1547 904 1616 τίθησι
948 1550 1048 1620 τὴν
1079 1551 1260 1621 ψυχὴν
1287 1553 1451 1606 αὑτοῦ
1505 1554 1646 1624 ὑπὲρ
1674 1554 1783 1607 τῶν
1835 1572 1968 1623 προ-

392 1634 593 1703 ϐάτων,
626 1638 701 1702 ὠς
732 1641 826 1693 καὶ
862 1642 1109 1712 ἐποίησε.
1143 1646 1247 1698 Καὶ
1290 1645 1372 1708 τίς
1408 1646 1519 1699 τῶν
1550 1645 1728 1700 ἄλλων
1753 1647 1823 1700 τὰ
1851 1664 1967 1700 τοι·

390 1727 547 1783 αὗταί
574 1731 667 1782 καὶ
699 1733 835 1786 ἄλλα
883 1736 1152 1806 γενόμενα
1185 1738 1448 1793 ἐπίστατο
1482 1739 1658 1808 πάρεξ
1695 1740 1791 1793 τοῦ
1825 1742 1971 1794 Καν-

388 1819 728 1893 τακουξηνοῦ
770 1826 1023 1881 Ἰωάννου
1058 1830 1151 1882 καὶ
1173 1829 1306 1898 ἐμοῦ
1333 1848 1347 1894 ;
1375 1830 1499 1882 Ὅτι
1527 1832 1554 1883 0
1579 1828 1637 1894 ἐξ
1663 1831 1967 1900 Οὖγγάρων

393 1912 610 1979 Ἴαγκος
660 1917 953 1986 προεζήτει
1000 1920 1086 1973 ἵνα
1122 1920 1269 1992 δὼσῃ
1319 1921 1467 1992 αὐτῷ
1495 1923 1525 1975 0
1571 1922 1822 1990 βασιλεὺς
1866 1922 1963 1993 τὴν

391 2005 744 2076 Σηλυμϐρίαν
780 2008 810 2081 ἦ
843 2012 941 2078 τὴν
967 2014 1356 2085 Μεσημϐρίαν,
1388 2017 1482 2069 καὶ
1524 2017 1719 2085 ἕσηται
1746 2014 1824 2078 εἷς
1855 2019 1963 2072 τῶν

390 2096 726 2163 ὑπεξουσίων
757 2103 945 2167 αὐτοῦ,
986 2107 1077 2158 καὶ
1112 2107 1344 2170 πολλοὺς
1376 2108 1485 2160 τῶν
1517 2110 1827 2179 ἀνθρώπων
1863 2111 1961 2163 αὖ·

388 2189 484 2241 τοῦ
512 2193 691 2245 ἐκεῖσε
731 2193 898 2264 ἔχειν,
928 2197 1022 2250 καὶ
1049 2201 1106 2250 ἐν
1153 2198 1331 2269 καιρῷ
1372 2201 1470 2270 τῆς
1504 2202 1682 2271 μάχης
1711 2202 1817 2256 ὑπὸ
1855 2203 1966 2257 τῶν

391 2279 656 2352 Τούρκων
694 2286 888 2353 ἕσηται
916 2289 1141 2342 ἐκείνων
1166 2290 1360 2360 ἐχθρὸς
1389 2293 1486 2345 καὶ
1523 2292 1718 2363 βοηθὸς
1737 2293 1834 2362 τῆς
1861 2295 1964 2347 πόὲ

387 2375 547 2437 λεως.
590 2378 699 2430 Καὶ
742 2378 816 2442 ὡς
867 2380 1086 2447 ἐγένετο
1115 2384 1148 2450 ἡ
1187 2384 1360 2453 μάχη,
1404 2383 1563 2452 ἐδόθη
1596 2385 1746 2454 αὐτῷ
1779 2387 1812 2454 ἡ
1848 2387 1962 2440 Με-

389 2467 637 2537 σημϐρία
689 2469 829 2523 κατὰ
860 2473 958 2542 τὴν
1007 2474 1219 2528 ἐκείνου
1251 2475 1486 2544 αἴτησιν,
1532 2480 1629 2529 καὶ
1680 2478 1737 2530 τὸ
1767 2479 1966 2548 χρυσό-

390 2557 617 2613 ϐουλ).ον
647 2562 717 2616 δι’
760 2564 897 2633 ἐμοῦ
936 2566 1176 2637 ἐγράφη,
1211 2571 1305 2641 καὶ
1345 2571 1372 2622 0
1403 2568 1649 2639 γαμϐρὸς
1681 2569 1963 2623 Θεοδοσίου

390 2652 486 2704 τεῦ
522 2655 776 2724 Κυπρίου
810 2659 836 2709 0
870 2657 963 2710 τοῦ
1012 2660 1238 2730 Μιχαὴλ
1277 2662 1388 2723 υίὸς
1421 2662 1647 2731 ἐκόμισε
1680 2662 1741 2715 τὸ
1771 2664 1968 2732 χρυσό-

386 2741 612 2796 ϐουλλον
663 2748 799 2817 πρὸς
838 2750 1079 2817 Ἴαγκον.
1116 2752 1211 2814 Τίς
1263 2753 1527 2807 ἐπίστατο
1568 2753 1669 2826 τὴν
1721 2753 1816 2807 τοῦ
1855 2755 1965 2806 τῶν

390 2836 727 2891 Καταλάνων
755 2841 922 2911 ρηγδς
953 2845 1187 2916 ζήτησιν
1212 2864 1226 2911 ;
1259 2846 1317 2910 ὅς
1344 2847 1661 2918 δωρηθῆναι
1691 2847 1844 2917 αὐτῷ
1865 2849 1965 2917 τὴν

383 2927 608 2998 Λῆμνον
626 2930 831 3002 ἐζήτει,
859 2938 953 2989 καὶ
970 2937 1163 3007 ἐσηται
1187 2940 1333 2994 κατὰ
1355 2941 1465 2994 τῶν
1484 2943 1591 2996 Τοῦ
1601 2958 1747 3013 ρκων
1765 2942 1854 2996 διὰ
1869 2943 1967 2997 θα-

381 3018 598 3091 λάσσης
623 3024 712 3077 ἀεὶ
741 3027 834 3078 καὶ
865 3027 1007 3097 ὑπὲρ
1026 3030 1127 3098 τῆς
1155 3031 1362 3094 πόλεως
1381 3033 1439 3086 ἐν
1468 3035 1682 3105 ἀνάγκῃ
1707 3035 1929 3104 βοήθεια
1946 3052 1960 3067 ·

381 3118 487 3167 καὶ
505 3117 818 3186 ἐπράττετο.
845 3122 941 3186 Τίς
966 3124 1133 3194 328
1149 3126 1409 3181 ἐπίστατο
1425 3129 1525 3182 ὅσα
1551 3129 1615 3199 δὴ
1633 3129 1724 3183 καὶ
1743 3132 1848 3201 χρή
1858 3147 1964 3198 μα-

2065 621 2303 674 ἐποιεῖτο
2326 620 2393 673 δι’
2415 617 2614 673 ἑαυτοῦ
2645 621 2741 674 καὶ⁴
2762 620 2850 674 διὰ
2878 620 2985 674 τῶν
3007 621 3220 692 ἱερέων,
3245 620 3421 683 διδοὺς
3461 621 3650 683 αὐτοῖς

2067 714 2334 784 χρήματα
2369 713 2402 783 ἢ
2436 714 2550 776 τοῖς
2580 714 2840 783 πτωχοῖς,
2877 713 2973 777 οὓς
3002 714 3206 783 μᾶλλον
3234 714 3647 786 ἐθεράπευσενς

2066 805 2100 874 ἢ
2131 804 2471 873 ἐπαγγελίας
2508 804 2573 868 ἃς
2602 808 2906 875 ἐποιήσατο
2942 807 3210 871 πλείστας
3240 808 3379 877 πρὸς
3404 808 3541 862 Θεδν
3568 809 3650 872 είς

2068 897 2127 949 τὸ
2152 897 2593 968 ἐλευθερωθῆναι
2619 899 2747 962 τοὺς
2781 899 3147 966 Χριστιανοὺς
3173 899 3283 953 ἀπὸ
3313 901 3415 969 τῆς
3442 902 3651 971 αἰχμα-

2066 990 2271 1053 λωσίας
2294 991 2406 1044 τῶν
2436 991 2668 1046 ἀσεϐῶν.
2696 991 2842 1045 Ἀλλ’
2867 994 3018 1063 ὅμως
3046 994 3222 1046 ταῦτα
3244 993 3426 1048 πάντα
3447 995 3518 1046 τὰ
3549 994 3651 1062 μὲν

2069 1083 2296 1149 παρεῖδε
2331 1082 2490 1145 Θεὸς,
2521 1084 2608 1136 διὰ
2634 1082 2796 1136 τίνων
2828 1083 3115 1154 ἁμαρτιῶν
3160 1084 3262 1137 οὐκ
3296 1079 3417 1138 οῖδα
3446 1083 3648 1147 αἰτίαν,

2067 1172 2137 1225 τὰ
2185 1172 2242 1224 δὲ
2274 1174 2557 1244 ἠγνόησαν
2605 1176 2653 1228 οί
2692 1176 2995 1246 ἄνθρωποι,
3030 1177 3126 1230 καὶ
3176 1176 3411 1239 ἕκαστος
3459 1176 3647 1243 ἔλεγεν

2068 1263 2145 1327 ὼς
2171 1265 2323 1332 αὐτῷ
2355 1266 2550 1321 ἐδόκει.
2584 1268 2729 1336 Ἐγὼ
2761 1269 2820 1321 δέ
2852 1270 3002 1323 κατὰ.
3029 1268 3092 1322 τὸ
3120 1268 3314 1322 δοκοῦν
3355 1286 3446 1338 μοι
3472 1266 3647 1323 ταῦτά

2070 1372 2251 1425 φημι·
2287 1357 2469 1427 κρίσις
2502 1361 2610 1430 γὰρ
2640 1356 2706 1429 ἦν
2737 1361 2908 1423 ὅντως
2937 1359 3097 1428 Θεοῦ,
3122 1361 3292 1414 πάλαι
3332 1361 3647 1431 κυρωθεῖσα

2069 1449 2211 1516 πρὸς
2257 1450 2515 1519 ἐσχατιὰς
2566 1454 2875 1522 καταϐῆναι
2932 1453 3368 1523 δυστυχημάτων
3409 1456 3476 1506 τὰ
3513 1452 3649 1506 Ῥω-

2074 1543 2253 1611 μαίων
2283 1544 2613 1613 πράγματα.
2650 1548 2751 1600 Διὰ
2779 1548 2941 1601 τοῦτο
2971 1550 3151 1615 λόγοις
3179 1551 3520 1621 ἀπορρήτοις
3551 1553 3653 1619 τῆς

2072 1634 2332 1704 προνοίας
2357 1623 2472 1689 ’τῶν
2505 1636 2603 1705 μὲν
2649 1639 2913 1708 λυπηρῶν
2946 1642 3040 1694 καὶ
3087 1643 3347 1696 ἐναντίων
3380 1643 3475 1695 καὶ
3521 1643 3653 1711 βλα-

2072 1728 2319 1781 πτόντων
2351 1729 2568 1799 μεγάλη
2599 1747 2684 1792 τις
2716 1731 2929 1799 γίνεται
2958 1733 3260 1803 συνδρομὴ,
3289 1733 3398 1786 τῶν
3425 1733 3480 1787 δὲ
3514 1735 3654 1799 ἀγα-

2073 1818 2184 1871 θῶν
2220 1821 2316 1873 καὶ
2342 1821 2704 1889 ὠφελούντων
2735 1824 2967 1878 πλεῖστα
3002 1825 3071 1879 τὰ
3101 1825 3358 1893 ἐμπόδια.

2144 1906 2257 1982 Πρὸ
2307 1912 2492 1980 ὀλίγον
2540 1914 2732 1969 λοιπὸν
2766 1917 2834 1969 τά
2881 1918 3014 1986 περὶ
3064 1917 3159 1970 τοῦ
3205 1921 3653 1990 τρισκαταράτου

2072 2004 2317 2073 Μωάμεθ
2372 2007 2706 2076 εἰρήκαμεν,
2759 2008 2927 2077 μέρος
2964 2009 3076 2061 τῶν
3133 2010 3432 2077 φληνάφων
3488 2009 3654 2063 αὑτοῦ

2074 2095 2261 2164 μύθων
2292 2096 2400 2149 τῶν
2436 2097 2672 2165 γέλωτος
2701 2099 2902 2163 ἀξίων·
2962 2100 3029 2153 τὰ
3060 2099 3158 2154 νῦν
3193 2100 3288 2155 οὖν
3324 2090 3434 2164 ’τὰς
3468 2102 3654 2172 ἀντιρ·

2070 2186 2259 2256 ῥήσεις
2283 2186 2463 2241 αὐτῶν
2495 2189 2591 2242 καὶ
2622 2188 2888 2259 ἐλεγμοὺς
2923 2191 3191 2260 εῐπωμεν.

2142 2277 2212 2346 γ’.
2243 2278 2446 2348 Φέρετε
2486 2279 2566 2342 εἰς
2616 2281 2961 2353 κατηγορίαν
3002 2281 3182 2350 ἡμῶν,
3214 2274 3260 2335 ὦ
3290 2282 3535 2347 ἀσεϐεῖς,
3569 2286 3653 2337 ὅτι

2069 2369 2367 2439 ἐρωτηθεὶς
2406 2373 2432 2424 0
2460 2372 2699 2441 Χριστὸς
2736 2372 2892 2443 παρὰ
2926 2374 3040 2426 τῶν
3085 2374 3386 2439 Ἰουδαίων,
3420 2377 3483 2428 Εἰ
3530 2377 3653 2439 Υἱὸς

2069 2463 2206 2515 Θεοῦ
2221 2459 2273 2515 εἴ
2290 2464 2375 2531 sti;
2395 2463 2561 2534 329
2578 2466 2857 2536 ἠρνήσατο
2875 2468 2968 2519 καὶ
2986 2462 3139 2518 εἶπεν
3156 2467 3237 2519 ὃτι
3255 2467 3446 2536 Ὑμεῖς
3463 2468 3650 2536 λέγετε

2075 2556 2253 2609 τοῦτο.
2290 2536 2400 2609 Καὶ
2434 2557 2632 2627 φέρετε
2668 2557 2802 2612 αὐτὸ
2833 2560 2915 2622 είς
2960 2560 3274 2629 μαρτυρίαν
3304 2558 3428 2612 καθ’
3469 2562 3653 2628 ﬂuctv.

2082 2650 2171 2704 ἵνα
2199 2648 2414 2719 δείξητε
2442 2652 2510 2704 τὰ
2541 2651 2677 2722 παρ’
2710 2651 2866 2721 ὑμῶν
2902 2652 3174 2721 λεγόμενα
3236 2653 3434 2722 ἀληθῆ.
3466 2653 3653 2706 Ταῦτα

2076 2742 2209 2811 γοῦν
2241 2747 2447 2795 ποιεῖτε
2476 2743 2586 2796 ἀπὸ
2614 2743 2707 2796 τοῦ
2744 2743 2819 2815 μὴ
2863 2744 3158 2811 γινώσκειν
3191 2744 3337 2814 ὑμᾶς
3374 2745 3475 2808 τὰς
3507 2745 3654 2814 Γρα-

2075 2837 2202 2907 φάς⁶
2236 2837 2286 2888 εί
2332 2837 2439 2908 γὰρ
2463 2836 2789 2907 εὑρίσκεσθε
2820 2836 3171 2903 ἐξετάζοντες
3194 2837 3289 2891 καὶ
3323 2837 3655 2908 ἐρευνῶντες

2075 2928 2175 2992 τὰς
2213 2930 2442 3000 Γραφὰς
2498 2931 2574 2996 ὡς
2638 2932 2741 2996 δεῖ,
2795 2933 2895 2985 οὐκ
2929 2931 2999 2985 ἂν
3056 2931 3427 3003 ἐπλανήθητε.
3461 2932 3653 3003 Ὅμως

2075 3023 2281 3094 ἀφίημι
2311 3023 2408 3076 τοῦ
2440 3024 2624 3093 λέγειν
2663 3025 2809 3078 κατὰ
2839 3025 2901 3077 τὸ
2956 3024 3138 3094 παρὸν
3188 3025 3290 3088 τὰς
3343 3025 3442 3078 ἀπ’
3473 3026 3653 3096 ἀρχῆς

2076 3116 2173 3170 τοῦ
2205 3118 2413 3187 κόσμου
2449 3117 2784 3189 μαρτυρίας,
2805 3118 3008 3181 αἵτινες
3035 3117 3379 3187 ἐλαλήθησαν
3402 3119 3651 3188 περὶτοῦ

383 3223 462 3257 τα
504 3209 599 3262 καὶ
629 3211 967 3280 ἐπαγγελίας
984 3192 1230 3271 Ῠδέδῶκεν
1261 3220 1289 3270 0
1319 3219 1572 3288 βασιλεὺς
1600 3192 1695 3276 καὶ
1727 3192 1967 3276 ἐστείλεν
1994 3192 2037 3248 c
2074 3207 2342 3276 Χριστοῦ,
2368 3208 2717 3263 δεικνύουσαι
2754 3210 2919 3265 αὐτὸν
2957 3211 3081 3264 Υἱὸν
3108 3210 3245 3264 Θεοῦ
3276 3210 3373 3265 καλ⁴
3399 3210 3534 3264 Θεὸν
3556 3213 3650 3264 καὶ

383 3299 472 3360 εἰς
498 3299 599 3368 τὴν
630 3303 759 3357 Χίον
787 3305 874 3358 διὰ
901 3307 994 3361 τοῦ
1026 3307 1267 3377 Γαλατᾶ,
1322 3312 1407 3365 ἵνα
1433 3313 1718 3389 ττείλωσιν
1754 3313 1967 3387 ἀνθρὼ-

386 3448 603 3538 emisse
632 3498 661 3537 a
693 3484 836 3541 bello
875 3497 924 3543 et
963 3492 1265 3549 secundum
1292 3506 1562 3552 conventa
1623 3499 1964 3558 discessisse.

387 3573 803 3632 ltumortamen
847 3590 986 3644 erat,
1033 3585 1286 3649 Ameram
1346 3589 1592 3659 cogitare
1645 3606 1711 3647 ac
1759 3594 1961 3665 dicere,

389 3665 436 3718 si
468 3669 600 3720 urbe
628 3685 771 3723 nunc
795 3674 1084 3741 potiretur,
1114 3678 1299 3731 statim
1334 3695 1395 3734 se
1437 3682 1737 3738 amicitiam
1773 3688 1967 3744 nobis-

388 3773 514 3815 cum
546 3761 806 3816 initurum
828 3773 881 3818 et
905 3781 1001 3834 per
1024 3775 1196 3822 totam
1227 3770 1397 3825 vitam
1428 3783 1775 3830 servaturum
1814 3794 1962 3834 esse.

463 3851 641 3907 Beata:
668 3863 849 3910 autem
870 3861 1148 3914 memoria
1164 3861 1482 3932 imperator,
1502 3867 1758 3925 dominus
1782 3887 1962 3937 meus,

387 3944 518 4013 quid
544 3960 644 4015 pro
675 3946 993 4002 defensione
1024 3951 1263 4025 urbislet
1289 3955 1528 4025 imperii,
1590 3958 1724 4023 imo.
1757 3969 1818 4016 ut
1870 3977 1966 4017 ve-

389 4036 504 4091 rius
534 4038 736 4105 dicam,
772 4056 868 4108 pro
889 4043 1067 4096 salute
1122 4045 1345 4114 capitis,
1397 4049 1578 4118 palam
1641 4061 1696 4106 et
1749 4056 1967 4108 occulte

385 4131 1266 4190 nonemmolitus?Manifestum
1297 4147 1380 4191 est
1431 4130 1605 4204 enim,
1648 4143 1695 4196 si
1754 4144 1967 4199 voluis-

384 4227 492 4284 set,
526 4216 689 4273 facile
711 4236 835 4275 eum
868 4220 1055 4292 fugere
1082 4224 1352 4294 potuisse.
1372 4224 1575 4285 Verum
1608 4229 1809 4295 noluit,
1864 4232 1959 4286 sed

386 4309 681 4366 laborabat
719 4312 783 4364 ad
810 4302 1120 4385 exemplum
1156 4316 1285 4370 boni
1317 4320 1577 4387 pastoris,
1595 4321 1691 4389 qui
1722 4322 1965 4377 animam

381 4401 614 4473 (Ιιιροιιίι
646 4419 742 4472 pro
775 4407 989 4475 ovibus,
1026 4416 1090 4463 ut
1125 4410 1383 4477 deposuit
1407 4425 1561 4466 sane.
1587 4412 1724 4478 Quis
1779 4424 1963 4471 autem

381 4495 528 4551 alius
552 4495 745 4551 haecet
773 4498 982 4568 reliqua
1007 4499 1148 4554 facta
1208 4512 1407 4570 praeter
1433 4502 1703 4575 Joannem
1762 4505 1966 4562 Canta-

2068 3299 2380 3372 ἄνθρωπον,
2414 3302 2616 3366 πολλὰς
2645 3300 2812 3366 οὔσας
2837 3321 2851 3335 ·
2893 3302 2973 3358 διὸ
3014 3303 3121 3357 ἀπὸ
3154 3301 3363 3357 τούτων
3405 3301 3650 3372 φθάσαν-

2070 3486 2341 3555 Galatam,
2397 3498 2455 3545 ut
2510 3490 2715 3547 milites
2761 3492 2865 3547 sibi
2917 3492 3220 3559 mitterent,
3272 3507 3374 3548 nec
3430 3492 3651 3548 misisse

2070 3582 2230 3637 illos?
2255 3592 2349 3637 aut
2375 3582 2583 3653 jejunia
2605 3593 2659 3638 et
2678 3600 2889 3654 preces,
2939 3600 3077 3646 quas
3100 3593 3198 3638 aut
3223 3585 3341 3653 ipse
3387 3583 3644 3648 faciebat,

2069 3683 2163 3727 aut
2185 3690 2279 3743 per
2306 3676 2621 3731 sacerdotes
2650 3677 2766 3731 fieri
2819 3678 3073 3741 curabat,
3120 3679 3350 3744 pecunia
3402 3676 3516 3731 illis
3564 3678 3648 3730 vel

2072 3766 2431 3835 pauperibus,
2469 3751 2610 3836 quos
2629 3768 2805 3836 magis
2837 3766 3118 3833 diligebat.
3145 3766 3437 3822 distributa
3461 3767 3484 3819 2
3554 3776 3650 3820 aut

2070 3863 2218 3919 vota,
2251 3869 2372 3924 quae
2402 3854 2514 3910 Deo
2549 3856 2786 3924 plurima
2824 3856 2955 3910 fecit
2981 3855 3049 3909 ad
3082 3854 3437 3911 Cbristianos
3463 3870 3492 3909 a
3525 3870 3650 3910 ser-

2072 3946 2206 4000 vitio
2254 3926 2546 4016 impiorum
2600 3947 2953 4004 liberandos?
3012 3946 3214 4002 Verum
3275 3947 3393 4005 batc
3461 3949 3650 4002 omnia

2071 4038 2292 4107 partim,
2322 4038 2507 4092 nescio
2533 4046 2756 4108 propter
2784 4056 2907 4109 qua:
2944 4049 3193 4108 peccata,
3212 4040 3449 4107 neglexit
3473 4040 3647 4105 Deus,

2067 4130 2266 4199 partim
2301 4130 2556 4186 homines
2596 4133 2941 4200 ignorarunt,
2966 4146 3064 4202 pro
3083 4146 3180 4186 sua
3209 4131 3443 4200 quisque
3465 4131 3651 4186 libidi-
3716 4202 3723 4209 '

2070 4234 2139 4274 ne
2172 4219 2501 4275 fabulantes.
2527 4220 2641 4292 Ego
2680 4237 2810 4277 vero
2860 4238 2961 4292 pro
2988 4238 3106 4278 mea
3131 4225 3351 4291 quidem
3376 4223 3649 4278 sententia

2070 4309 2381 4366 itastatuo:
2436 4310 2611 4367 fuisse
2644 4313 2751 4368 hoc
2796 4328 2987 4368 revera
3048 4314 3321 4383 judicium
3371 4315 3488 4378 Dei,
3539 4330 3649 4383 quo

2072 4403 2281 4472 pridem
2316 4403 2595 4459 decretum
2617 4414 2757 4470 erat,
2797 4416 2854 4460 ut
2886 4422 2977 4462 res
3005 4407 3227 4477 publica
3268 4406 3648 4461 Romanorum

2074 4497 2141 4549 ad
2163 4506 2442 4557 extremas
2462 4497 2845 4553 devolveretur
2880 4500 3157 4556 miserias.
3185 4500 3434 4569 Areanis]
3462 4509 3646 4554 autent

380 4603 659 4644 cuzenum
687 4600 742 4664 et
769 4605 855 4646 me
922 4593 1188 4647 noverat?
1246 4594 1548 4665 Optaverar
1583 4614 1650 4654 ex
1686 4598 1966 4670 [iungaris
1998 4593 2044 4650 D
2073 4588 2443 4643 Providentia
2468 4590 2722 4645 consiliis
2751 4592 2984 4659 ingratis
3011 4592 3257 4659 quidem,
3297 4591 3545 4645 adversis
3593 4599 3650 4646 ct

379 4683 658 4735 oriundus
687 4681 912 4748 Jancus,
936 4685 1052 4739 dari
1100 4686 1202 4741 sibi
1236 4688 1305 4743 ab
1357 4688 1688 4759 imperatore
1744 4692 1961 4763 Selym-

377 4771 559 4830 briam
582 4782 673 4828 aut
700 4772 1110 4840 Mesembriam,
1150 4779 1434 4848 pollicitus
1459 4796 1521 4836 se
1549 4798 1718 4837 unum
1753 4800 1784 4838 e
1826 4786 1964 4840 sub-

373 4863 544 4933 jectis
568 4866 689 4934 ejus
720 4864 834 4919 fore
864 4877 915 4920 et
940 4869 1145 4922 multos
1171 4871 1236 4924 de
1283 4872 1401 4925 suis
1436 4887 1502 4927 eo
1554 4877 1962 4944 traducturum,

305 4955 314 4963 ”
380 4965 555 5027 atque
597 4957 740 5012 bello
769 4973 894 5013 cum
932 4956 1130 5014 Turcis
1172 4959 1414 5018 conﬂato
1467 4963 1666 5018 horum
1724 4965 1962 5033 hostem,

379 5053 541 5107 urbis
590 5050 859 5106 vindicem
908 5051 1156 5106 futurum
1209 5068 1351 5109 esse.
1403 5050 1616 5123 itaque,
1664 5057 1966 5114 commisso

378 5136 554 5205 bello,
586 5140 712 5195 data
759 5142 809 5196 el
841 5149 928 5197 est
958 5139 1306 5207 Mesembria,
1363 5152 1424 5198 ut
1474 5145 1761 5214 petiverat,
1814 5147 1962 5201 bulla

378 5243 551 5289 aurea
589 5248 619 5287 a
639 5247 724 5288 me
750 5234 1064 5303 conscripta
1094 5245 1147 5289 et
1177 5251 1272 5304 per
1298 5237 1558 5293 Thedosii
1599 5237 1782 5308 Cyprii
1845 5240 1963 5294 alii-

346 5340 349 5343 ·
379 5334 535 5391 nem,
577 5324 860 5382 Michaelis
896 5326 1090 5393 filium,
1127 5327 1193 5381 ad
1219 5328 1439 5382 laneum
1472 5330 1697 5397 perlata.
1730 5330 1828 5385 Cui
1866 5347 1967 5387 no-

379 5419 434 5465 ta
460 5417 981 5486 eratCatelanorum
1000 5419 1162 5489 .rcgis
1182 5419 1408 5487 petitio?
1441 5422 1558 5490 qui,
1581 5424 1627 5475 si
1660 5423 1964 5479 donaretur

381 5504 490 5561 sibi
529 5510 792 5577 Lemnus,
819 5511 1084 5568 adversus
1122 5511 1332 5567 Turcas
1355 5513 1491 5567 mari
1525 5528 1742 5584 semper
1761 5531 1963 5586 pugna-

386 5603 577 5656 turum
614 5613 670 5659 et
704 5605 847 5668 urbi,
888 5612 1116 5675 cogente
1157 5605 1510 5672 necessitate,
1563 5608 1959 5675 opitulaturum

382 5701 444 5742 se
470 5707 594 5750 esse
625 5696 921 5766 recipiebat
956 5713 971 5750 :
1002 5698 1069 5752 de
1093 5713 1199 5767 qua
1218 5713 1276 5752 re
1314 5713 1439 5753 cum
1493 5700 1587 5754 illo
1615 5710 1797 5755 actum
1854 5711 1959 5759 est.

380 5778 496 5838 Aut
516 5789 639 5857 quis
667 5801 912 5855 noverat,
943 5801 1206 5861 quantam
1238 5793 1531 5862 pecuniam
1576 5804 1633 5848 et
1661 5810 1783 5864 quae
1826 5809 1958 5865 pro-

384 5870 556 5933 missa
585 5880 795 5937 dederit
845 5883 1146 5952 imperator
1202 5883 1803 5955 miseritqucinChitnn
1863 5902 1960 5955 per

2070 4679 2253 4734 noxiis
2288 4693 2483 4748 magna
2538 4680 2740 4733 auxilia
2795 4691 2987 4749 parata
3024 4689 3185 4748 sunt,
3222 4682 3319 4735 sed
3374 4683 3536 4737 bonis
3593 4693 3650 4736 et

2070 4770 2376 4824 commodis
2407 4769 2645 4838 plurima
2670 4771 3091 4839 impedimenta.

2138 4860 2312 4916 Paulo
2328 4877 2495 4931 supra
2529 4872 2611 4916 ter
2642 4864 2960 4919 exsecrandi
2987 4864 3316 4920 Mobametis
3348 4866 3645 4921 nonnullas

2071 4969 2242 5024 nugas
2257 4963 2312 5009 et
2327 4953 2541 5009 fabulas
2559 4955 2820 5011 ridiculas
2839 4942 3394 5014 commemoravimus
3419 4972 3642 5013 :earum

2066 5061 2215 5100 nunc
2246 5043 2616 5103 dubitationes
2637 5058 2691 5103 et
2721 5046 3079 5104 refutationes
3107 5065 3453 5119 promamus.
3502 5059 3506 5063 '

2139 5139 2196 5194 5.
2237 5139 2464 5196 Alienis
2496 5140 2550 5195 in
2586 5139 3007 5196 accusationem
3029 5144 3232 5206 nostri,
3276 5144 3452 5215 impii,
3480 5147 3644 5204 Chri-

2070 5241 2215 5290 stum
2238 5248 2266 5289 a
2299 5233 2505 5290 ludatis
2534 5235 2954 5305 interrogatum,
2979 5251 3109 5290 num
3140 5237 3315 5293 Filius
3346 5238 3442 5296 Dei
3473 5253 3639 5308 esset,

2069 5340 2321 5396 negasse,
2348 5334 2404 5381 et
2425 5326 2562 5382 istos
2595 5325 2668 5380 ita
2691 5328 2872 5381 dicere
2904 5330 3282 5397 respondisse,
3322 5333 3642 5388 testimonio

2069 5417 2177 5475 hoc
2201 5418 2470 5473 adversus
2495 5431 2596 5472 nos
2625 5417 2737 5483 usi,
2798 5434 2910 5488 quo
2944 5435 3066 5488 quae
3127 5421 3232 5488 ipsi
3286 5421 3469 5477 dicitis
3514 5440 3642 5480 vera

2066 5526 2189 5568 esse
2205 5501 2531 5568 ostendatis.
2560 5515 2629 5568 At
2649 5514 2756 5569 hoc
2776 5512 3001 5582 quidem
3029 5529 3092 5568 ex
3117 5515 3331 5572 inscitia
3355 5530 3641 5572 sacrarum

2068 5604 2400 5659 Litterarum
2434 5603 2615 5660 facitis
2646 5624 2661 5661 :
2692 5621 2833 5675 quas
2867 5606 2913 5660 si
2947 5606 3375 5676 investigaretis,
3405 5618 3461 5662 et
3484 5624 3645 5663 scru-

2067 5696 2346 5761 taremini,
2370 5704 2430 5750 ut
2452 5696 2626 5762 decet,
2656 5712 2765 5751 non
2794 5689 3082 5753 errasse'tis
3115 5699 3323 5753 forsan.
3358 5697 3462 5753 Sed
3480 5701 3645 5756 omit-

2067 5798 2123 5844 to
2152 5805 2301 5845 nunc
2332 5790 2555 5860 quidem
2590 5789 2719 5845 inde
2772 5804 2803 5844 a
2831 5805 3015 5845 rerum
3073 5790 3344 5858 principio
3395 5805 3520 5860 quae
3576 5793 3647 5848 de

2066 5881 2287 5938 Christo
2316 5881 2665 5952 pronuntiata
2689 5889 2813 5938 sunt
2834 5883 3109 5951 permulta
3158 5883 3494 5949 testimonia,
3522 5899 3647 5947 qua
