3964 6448
385 371 490 438 917
1386 372 1486 438 CH
1498 372 1830 437 RONICON
1862 375 1950 435 MA

2072 376 2136 439 S.
2165 398 2238 412 --
2273 372 2419 433 LIB.
2465 371 2564 434 ιν.
2768 382 2771 383 ⁷
3525 361 3631 424 918

378 488 530 559 αὐτῷ
562 488 591 540 6
612 487 853 559 Χριστὸς
884 486 960 551 ὡς
986 485 1171 551 κακῶς
1200 484 1496 558 λαλήσαντι
1523 506 1539 557 ;
1597 486 1757 559 Οὐχὶ,
1814 486 1953 543 ἀλλὰ
1984 494 2033 554 Α
2062 484 2322 556 βασιλεὺς
2359 479 2411 537 εἴ
2444 483 2509 537 σύ
2536 500 2551 549 ;
2597 501 2615 534 ι
2654 482 2957 553 ’Δπεκρίθη
2993 482 3021 535 6
3077 479 3313 552 Χριστός
3339 493 3352 508 ·
3384 498 3401 531 ι
3438 478 3508 531 Σὺ
3540 478 3636 532 λέ-

378 582 431 634 τί
454 581 606 650 λέγει
634 579 786 651 αὐτῷ
813 582 841 634 6
865 580 1097 652 Χριστός
1137 598 1156 648 ;
1180 598 1200 632 ι
1242 580 1367 634 Ὅτι
1396 578 1551 633 εἶπόν
1578 597 1661 633 σοι
1690 579 1758 633 τὰ
1777 579 1955 650 ἀπόῤ-
2060 592 2185 646 γεις
2214 576 2296 630 ὅτι
2328 573 2581 646 βασιλεύς
2607 574 2724 644 είμι
2753 572 2880 641 ἐγώ·
2914 571 3024 640 ὲγὼ
3051 571 3131 634 είς
3160 569 3340 624 τοῦτο·
3365 567 3633 637 γεγέννη-
3674 586 3685 597 ν

385 679 526 747 ρητα
557 673 657 740 τῆς
707 673 936 742 καρδίας
979 688 1073 725 σου
1121 671 1438 738 πιστεύεις;
1463 671 1704 737 Μείζονα
1745 671 1956 726 τούτων
2061 687 2162 740 μαι
2188 669 2284 723 καὶ
2317 668 2398 731 είς
2423 668 2586 721 τοῦτο
2613 667 2854 738 ἐλήλυθα
2885 666 2964 727 είς
2992 664 3085 719 τὸν
3109 664 3338 733 κόσμον,
3370 662 3461 715 ἱνα
3491 677 3636 731 μαρ-

378 768 522 836 όψει.
564 785 583 818 ι
618 767 729 819 Kal
757 768 841 820 ὅτι
874 765 974 836 μὲν
1000 766 1301 836 ἐρωτηθεὶς
1337 766 1491 837 παρὰ
1529 765 1623 819 τοῦ
1670 765 1956 819 Πιλάτουό
2020 758 2283 833 ’τυρήσω
2313 764 2378 832 τῇ
2426 761 2685 832 ἀληθείᾳ.
2721 760 2838 821 Πᾶς
2893 760 2921 812 6
2976 755 3063 810 ὢν·
3111 757 3176 809 ἐκ
3216 755 3315 824 τῆς
3369 752 3637 824 ἀληθείας

379 859 620 930 Χριστὸς
693 859 920 931 εἴρηκεν
978 859 1062 912 ὅτι
1122 859 1197 912 Σὺ
1254 854 1441 924 εἶπας,
1498 856 1658 910 τοῦτο
1710 855 1956 910 τοιοῦτόν
2055 853 2249 909 ἀκούει
2278 868 2381 923 μου
2416 854 2516 920 τῆς
2560 852 2765 921 φωνῆς.
2802 868 2821 901 ι
2880 849 3045 918 Λέγει
3085 844 3234 918 αὑτῷ
3277 849 3305 900 6
3358 843 3631 905 Πιλάτος·

378 955 549 1020 ἐστιν,
580 952 699 1006 ἀλλ’
731 938 833 1006 οῦκ
853 952 1002 1006 ἔστιν
1038 952 1321 1023 ἀρνήσεως
1369 950 1550 1019 λόγος,
1578 948 1712 1003 ἀλλὰ
1748 966 1959 1015 συγκα-
2063 966 2083 1000 ι
2120 947 2185 999 Τί
2213 948 2365 999 ἐστιν
2393 945 2670 1015 ἀλήθεια;
2722 964 2739 997 ι
2782 943 2951 1014 Ὀρᾷς
2985 941 3102 1005 πῶς
3136 939 3376 993 ἐνταῦθα
3411 936 3630 1006 ἐδείχθη

378 1046 650 1109 ταθέσεως
680 1046 777 1099 καὶ
796 1044 1117 1113 ὁμολογίας,
1143 1047 1237 1099 καὶ
1286 1042 1476 1113 ὥσπερ
1507 1044 1646 1110 πρὸς
1692 1041 1785 1095 τὸν
1823 1040 1957 1095 ’ῐούς-
2059 1036 2439 1106 σαφέστερον;
2476 1035 2701 1097 Πάντως
2734 1034 2763 1086 6
2787 1032 3026 1103 Χριστὸς
3054 1030 3283 1101 βασιλέα
3325 1028 3495 1095 ἔδειξε
3536 1026 3634 1080 καὶ

375 1139 470 1192 δαν
495 1133 640 1193 sine.
673 1138 1103 1207 Συγκαθήμενος
1133 1137 1228 1190 καὶ
1261 1135 1372 1207 γὰρ
1409 1137 1467 1188 ὲν
1505 1136 1608 1206 μιᾷ
1638 1136 1666 1187 6
1715 1133 1953 1198 Χριστὸς
2055 1123 2214 1182 εἶπεν
2256 1128 2478 1184 ἑαυτόν.
2539 1128 2653 1181 Kal
2683 1124 2987 1196 ἐρωτηθεὶς
3048 1125 3201 1193 παρὰ
3250 1120 3346 1175 τοῦ
3394 1119 3631 1174 Πιλάτου

382 1231 521 1300 μετὰ
559 1230 675 1283 τῶν
701 1229 964 1299 μαθητῶν
991 1226 1160 1282 αὐτοῦ
1190 1228 1340 1295 λέγει
1365 1228 1504 1298 πρὸς
1537 1228 1738 1289 αὐτούς
1762 1241 1776 1257 ⁸
1806 1245 1824 1277 ι
1856 1219 1954 1289 Εἷς
2055 1221 2222 1277 πάλιν
2241 1220 2392 1290 αὐτῷ
2416 1219 2578 1274 τοῦτο
2613 1218 2893 1289 ἀπεκρίθη
2916 1233 2930 1248 ’
2992 1216 3114 1271 ἀντὶ
3160 1214 3251 1269 τοῦ
3287 1213 3488 1267 εἰπεῖν·
3523 1211 3645 1293 Ναὶ-

377 1321 439 1387 ἐξ
461 1323 617 1393 ὑμῶν
646 1321 965 1392 παραδώσει
1015 1340 1104 1392 με.
1162 1341 1181 1375 ι
1220 1323 1333 1376 Καὶ
1378 1322 1565 1390 ἔλεγεν
1612 1314 1692 1384 εἷς
1723 1320 1951 1383 ἕκαστος
2056 1313 2310 1386 βασιλεύς
2351 1316 2491 1382 εἰμι.
2541 1308 2665 1365 εἷπε
2691 1328 2706 1342 ⁶
2764 1330 2783 1365 ε
2826 1311 2901 1364 Σὺ
2926 1311 3111 1379 λέγεις
3137 1308 3296 1380 333
3337 1307 3422 1359 δτι
3480 1303 3635 1374 βαίη-⁸

377 1415 508 1483 περὶ
567 1415 804 1468 ἑαυτοῦο
865 1433 885 1467 ‹
929 1416 1078 1485 Μήτι
1118 1416 1230 1482 ἐγώ
1300 1416 1453 1484 είμις
1505 1433 1522 1465 ι
1576 1415 1672 1466 καὶ
1748 1411 1946 1474 ἄλλος·
2053 1407 2182 1472 λεύς
2214 1410 2333 1477 είμι
2362 1407 2503 1475 ἐγώ.
2544 1425 2573 1459 1
2622 1403 2688 1461 Τί
2714 1405 2846 1474 γοῦν
2873 1408 2903 1459 6
2932 1402 3190 1467 Πιλάτος,
3238 1398 3491 1460 εἰπόντος
3534 1394 3629 1447 τοῦ

383 1523 402 1557 ι
436 1503 587 1572 Μήτι
613 1504 725 1572 ἐγώ
759 1504 877 1573 είμι
906 1520 922 1569 ;
962 1521 983 1555 ι
1022 1498 1160 1557 Εἷπε
1185 1503 1241 1557 δὲ
1268 1504 1366 1557 καὶ
1391 1505 1420 1556 6
1454 1502 1660 1566 Ἰούδας
1681 1518 1696 1534 ο
1736 1521 1756 1554 ι
1803 1502 1950 1571 Μήτι
2053 1500 2298 1572 Χριστοῦ
2325 1502 2404 1555 ὅτι
2447 1498 2589 1568 Ἐγὼ
2615 1500 2694 1562 είς
2712 1498 2874 1551 τοῦτο
2898 1497 3239 1565 γεγέννημαι
3260 1493 3355 1544 καὶ
3373 1493 3452 1554 εἰς
3471 1486 3630 1542 τοῦτο

375 1583 488 1662 ἐγώ
512 1595 626 1665 είμι
651 1612 700 1663 ;»
722 1591 936 1663 Λέγείό
965 1593 1204 1665 Χριστός
1226 1608 1241 1624 ο
1266 1592 1427 1664 332
1446 1592 1549 1645 «Σὺ
1570 1588 1785 1654 εἴπας.»
1814 1592 1950 1643 Τότε
2052 1590 2291 1661 ἐλήλυθα
2320 1592 2398 1652 είς
2432 1590 2524 1641 τὸν
2555 1589 2786 1656 κόσμον,
2821 1586 2910 1639 ἵνα
2969 1584 3315 1655 μαρτυρήσω
3368 1583 3434 1650 τῇ
3495 1579 3631 1647 ἀλη-

376 1687 596 1750 πάντως
635 1687 736 1741 οὐκ
767 1685 835 1759 ἦν
864 1687 1043 1755 λόγος·
1073 1687 1383 1757 ἀρνήσεως,
1416 1684 1554 1739 ἀλλὰ
1609 1681 1953 1751 συγκαταθέ-
2054 1683 2199 1754 θείᾳ,
2264 1682 2415 1751 λέγει
2452 1680 2589 1751 πρὸς
2624 1678 2823 1733 αὐτόν’
2874 1696 2894 1730 ι
2955 1677 3021 1729 Τί
3081 1678 3232 1728 ἐστιν
3292 1673 3558 1742 ἁλήθεια;
3603 1688 3623 1718 ι

376 1797 538 1842 σεως.
570 1778 759 1843 Οὕτως
790 1780 887 1833 καὶ
935 1779 1031 1831 ἐπὶ
1056 1777 1151 1832 τοῦ
1202 1773 1471 1831 Πιλάτου·
1518 1776 1674 1842 λόγος
1740 1774 1849 1843 γὰρ
1880 1767 1949 1844 ἦν
1983 1840 2014 1844 ᾧ
2052 1777 2351 1833 Τουτέστιν
2386 1777 2470 1831 ὅτι
2502 1776 2668 1838 Elei;
2722 1774 2816 1828 τὸν
2862 1772 3071 1842 κόσμον
3117 1767 3347 1838 ἀλήθεια
3385 1761 3475 1835 ἦν,
3528 1765 3631 1816 οὐκ

377 1840 621 1939 συνήθης
647 1840 754 1923 τοῦ-
770 1869 960 1936 τόπου,
989 1869 1086 1926 καὶ
1115 1868 1189 1932 ὡς
1216 1868 1314 1921 τοῦ
1346 1869 1514 1922 τόπου
1567 1840 1777 1921 ἐκείνου
1803 1840 1949 1936 λόγω
1981 1840 2024 1899 Β
2054 1870 2119 1922 ἂν
2154 1868 2453 1940 παραδίδου
2493 1868 2575 1930 είς
2614 1866 2847 1920 θάνατον
2873 1883 2889 1897 ·
2925 1840 3019 1918 καὶ
3051 1856 3162 1915 οἷον
3189 1858 3628 1927 ἀποκλαιόμενον

375 1961 649 2030 ἐχρήσατο
689 1960 840 2032 αὐτῷ
868 1963 896 2014 6
918 1962 1181 2029 Χριστός.
1214 1961 1325 2014 Καὶ
1365 1959 1554 2028 ὥσπερ
1586 1959 1788 2029 ἀρτίως
1817 1958 1946 2011 πολ-
2048 1957 2146 2023 τὴν
2175 1961 2278 2027 τῆς
2311 1956 2574 2027 ἀληθείας
2599 1955 2866 2025 στέρησιν
2894 1949 3021 2005 εἷπε
3047 1951 3112 2005 Τί
3150 1951 3298 2003 ἐστιν
3351 1946 3580 2014 ἀλήθεια
3609 1960 3626 2008 ;

372 2049 534 2112 λάκις
561 2051 656 2103 καὶ
688 2050 781 2102 ἐπὶ
811 2050 923 2102 τῶν
942 2050 1391 2119 Μουσουλμάνων
1413 2051 1562 2116 λέγει
1594 2048 1782 2118 ἕτερος
1812 2049 1947 2117 πρὸς
2059 2050 2221 2104 Ἀλλὰ
2243 2050 2340 2102 καὶ
2366 2048 2516 2119 παρὰ
2536 2047 2633 2100 τοῦ
2659 2046 2971 2117 ἀρχιερέως
3006 2040 3307 2112 ἐρωτηθεὶς
3333 2042 3362 2093 ὁ
3385 2039 3625 2107 Χριστὸς

370 2142 465 2196 τὸν
493 2143 684 2211 ἕτερον
726 2142 867 2211 μετὰ
915 2142 1238 2212 συμϐουλῆς
1280 2142 1368 2195 ὅτι
1418 2141 1745 2210 Ποιήσωμεν
1799 2140 1944 2204 τόδε,
2046 2141 2128 2194 ὃτι
2168 2140 2408 2210 Ὁρκίζω
2437 2156 2494 2192 σε
2522 2138 2663 2192 κατὰ
2688 2136 2782 2190 τοῦ
2817 2134 2955 2189 Θεοῦ
2991 2132 3083 2185 τοῦ
3115 2131 3320 2196 ζῶντος
3349 2129 3436 2180 ἵνα
3489 2126 3626 2197 ἡμῖν

370 2232 467 2285 καὶ
486 2231 609 2284 ἀντὶ
631 2229 724 2284 τοῦ
753 2231 932 2284 εἰπεῖν
961 2230 1054 2283 τδν
1076 2230 1267 2301 ἕτερον
1301 2229 1382 2283 ὅτι
1411 2228 1685 2293 Γενέσθω,
1712 2230 1949 2299 ἀποκρί-
2046 2234 2207 2304 είπῃς
2231 2234 2281 2286 εί
2320 2232 2386 2286 σὺ
2416 2233 2464 2284 εί
2495 2232 2525 2283 6
2554 2230 2681 2292 Υίὸς
2713 2226 2812 2281 τοῦ
2839 2226 3002 2291 Θεοῦ,
3055 2224 3210 2278 οὐδὲν
3264 2223 3455 2294 ἕτερον
3487 2222 3625 2273 ἀπε-

371 2341 523 2378 νετχι
556 2324 640 2376 ὄτι
671 2324 746 2377 Σὺ
786 2322 1069 2392 ἠξεύρεις,
1124 2322 1218 2376 καὶ
1251 2323 1353 2376 οὐκ
1389 2321 1506 2375 ἔστι
1569 2322 1742 2390 Λόγος
1776 2323 1946 2393 ἀρνή-
2046 2309 2427 2397 ῃίνατοῆὅτι
2458 2323 2603 2386 Ἐγῲ
2625 2324 2766 2387 εἰμι.

371 2435 530 2484 σεως,
562 2416 700 2471 ἀλλὰ
727 2415 1219 2485 συγκαταθέσεως’
1243 2414 1419 2475 οὕτως
1443 2416 1540 2468 καὶ
1567 2414 1659 2467 ἐπὶ
1687 2413 1780 2468 τοῦ
1805 2414 1944 2484 Χρι-
2117 2413 2280 2481 Οἶδας
2305 2420 2452 2481 ὅπως
2486 2420 2566 2477 εἰς
2608 2417 2644 2472 δι
2679 2417 2782 2470 οὐκ
2821 2415 3146 2469 ἐπίστανται
3175 2413 3225 2466 ot
3254 2407 3625 2485 Μουσορλμάο

371 2509 521 2565 στοῧ-
571 2509 662 2573 Ὧς
717 2509 812 2561 τοῧ
872 2509 1044 2562 τόπου
1098 2507 1313 2561 ἐκείνου
1362 2506 1507 2576 λόγῳ
1563 2508 1831 2577 ἐχρήσατο
1875 2509 1939 2577 τῇ
2044 2529 2147 2575 νοι,
2184 2509 2560 2582 κατηγοροῦσι
2581 2510 2710 2572 τοὺς
2737 2507 2920 2574 ἀξίους
2943 2507 3213 2570 ὲπαίνου;
3248 2503 3383 2555 Ἰδοὺ
3417 2500 3621 2566 τοίνυν,

369 2601 599 2673 τοιαύτῃ
633 2601 778 2668 λέξει
820 2603 848 2654 6
888 2600 1151 2670 Χριστὸς.
1182 2601 1248 2668 τῇ
1329 2599 1402 2650 Σὺ
1451 2594 1633 2661 εἶπαςο
1678 2598 1870 2667 Ὅμως
1915 2597 1943 2650 6
2047 2604 2212 2675 εἴπερ
2248 2601 2432 2672 ζητεῖς
2453 2601 2738 2671 ἀλήθειαν,
2765 2598 3154 2668 γνῶθιαῦτήν.
3204 2597 3266 2650 Et
3308 2595 3354 2647 δ’
3389 2588 3508 2658 οὖν,
3556 2597 3620 2644 σῖ)

368 2693 529 2754 αὐτὸς
561 2691 796 2757 Πιλᾶτος
849 2692 1104 2763 ἠρώτησε
1137 2689 1230 2761 τὸν
1289 2688 1527 2759 Χριστὸν
1552 2687 1762 2757 λέγων’
1797 2705 1815 2740 ‹
1868 2687 1941 2740 Σὺ
2040 2695 2228 2758 οἶδας·
2265 2697 2326 2749 οὐ
2390 2696 2501 2766 γὰρ
2549 2694 2700 2765 παρά
2752 2694 2850 2763 τῆς
2897 2692 3158 2762 ἀληθείας
3205 2690 3355 2742 ἐστὶν
3419 2688 3453 2757 ή
3490 2687 3620 2754 περὶ

358 2776 469 2834 ἐῖδ
496 2780 753 2851 βασιλεὺς
780 2774 1210 2846 τῶνίίουδαίωνῖ
1248 2798 1266 2831 ³
1294 2776 1604 2848 Ἀπεκρίθη
1628 2775 1938 2859 δΧΡιστόςέ
2042 2790 2251 2860 ταύτην
2302 2790 2522 2857 ἄγνοια,
2573 2786 2711 2841 ἀλλὰ
2755 2785 2909 2856 παρὰ
2956 2786 3068 2838 τῶν
3117 2780 3622 2852 ἀποστρεφομένων

380 2890 399 2921 ι
453 2870 519 2924 Ἦ
550 2869 805 2939 βασιλεία
830 2871 865 2936 ή
892 2869 1000 2937 ἐμὴ
1021 2868 1124 2923 οὐκ
1161 2867 1313 2920 ἔστιν
1344 2868 1408 2922 ὲκ
1452 2865 1547 2920 τοῦ
1576 2867 1787 2936 κόσμου
1818 2864 1942 2918 τού-
2042 2882 2239 2953 αὑτήν,
2350 2902 2353 2905 ‹
2472 2861 2483 2865 ’

367 2978 489 3018 τουο
524 2962 587 3015 Εἰ
632 2962 698 3014 ὲκ
728 2960 823 3014 τοῦ
883 2961 1097 3029 κόσμου
1150 2956 1220 3029 ἢν
1275 2959 1309 3029 ἡ
1349 2957 1600 3029 βασιλεία
1644 2960 1679 3029 ὴ
1710 2957 1838 3029 ἐμή.
1893 2958 1941 3010 οε
2112 2973 2175 3028 δ’.
2209 2972 2434 3047 Ἐπειδὴ
2456 2972 2589 3044 περὶ
2621 2974 2729 3027 τῶν
2770 2970 2975 3025 ’ἄλλων
3005 2962 3082 3023 ὧν
3118 2968 3251 3040 παρ’
3307 2966 3462 3037 ὑμῶν
3512 2965 3624 3020 τῶν

371 3052 641 3125 ὑπηρέται
671 3054 736 3108 ἂν
768 3054 817 3106 οἶ
844 3053 967 3122 ἔμε)ὶ
992 3051 1349 3122 ἠγωνίζοντο.
1391 3051 1481 3106 ἶνα
1538 3051 1615 3122 μὴ
1648 3049 1941 3120 παραδοθῶ
2042 3061 2504 3131 Μουσουλμάνων
2527 3061 2916 3132 ὲγκαλοὺμεθα
2946 3061 2997 3113 oi
3026 3059 3369 3128 ’Χριστιανοὶ
3412 3058 3620 3119 ἱκανῶς

367 3148 485 3210 τοῖς
511 3143 813 3209 Ἰουδαίοις.
843 3144 961 3199 Νῦν
985 3144 1041 3198 δὲ
1065 3146 1105 3216 ἡ
1137 3144 1392 3215 βασιλεία
1428 3146 1462 3215 ή
1499 3145 1608 3217 ἐμή
1659 3144 1762 3197 οὐκ
1791 3143 1940 3196 ἔστιν
1967 3197 2009 3222 Λ
2042 3153 2447 3220 ἀποδέδεικται,
2496 3152 2625 3207 ὥστ’
2677 3142 2817 3206 εἶναι
2871 3152 3020 3222 ἡμᾶς
3068 3142 3382 3220 ἀνωτέρους
3435 3149 3619 3219 πάσης

368 3197 646 3295 agat...
683 3256 702 3291 .
759 3197 927 3294 έτπεν
954 3237 1049 3293 οδν
1085 3197 1240 3309 λιτῷ
1274 3237 1303 3291 δ
1334 3197 1608 3301 natas
1646 3255 1663 3290 .
1700 3235 1816 3290 οὐκ
1845 3230 1942 3289 οὖν
1965 3197 2011 3257 α
2042 3197 2591 3320 ,ῖξξηζοέίοξξςγέρε
2627 3248 2692 3319 δὴ
2741 3197 2951 3301 mg:
2979 3197 3313 3318 έκεφὼμεδα
3350 3197 3446 3298 ξω
3489 3197 3620 3312 mg;

368 3428 539 3486 daiete
562 3427 824 3500 peritus?
855 3424 1212 3497 interrogavit
1249 3439 1372 3482 eum
1435 3424 1577 3496 quod
1598 3422 1938 3479 νειὶθῐεοιιω
2038 3426 2218 3484 derer.
2247 3428 2318 3482 'At
2338 3442 2487 3483 nunc
2509 3442 2619 3482 non
2649 3436 2732 3484 est
2754 3427 2922 3498 hujus
2950 3427 3054 3484 luci
3080 3442 3304 3498 regnum
3343 3443 3546 3484 meum.
3594 3449 3612 3480 ι

365 3527 549 3576 autem
588 3517 832 3575 audisset
855 3532 888 3573 e
923 3516 1171 3582 Christo,
1210 3531 1332 3587 quae
1392 3516 1494 3572 sub
1524 3515 1690 3570 corde
1727 3520 1937 3569 secreta
2035 3517 2266 3589 Rogavit
2301 3518 2551 3576 Pilatus:
2585 3539 2605 3572 ι
2635 3519 2753 3575 Non
2776 3536 2838 3577 es
2871 3520 3034 3591 igitur
3064 3521 3202 3575 rex?
3239 3539 3257 3572 ι
3316 3520 3617 3591 Respondit

366 3608 668 3679 premebat,
696 3608 836 3673 dixit
867 3607 917 3662 ei
945 3625 959 3662 :
984 3624 1004 3658 ι
1035 3605 1115 3661 Tu
1144 3621 1204 3661 es
1225 3605 1316 3660 Dei
1343 3603 1538 3668 Filius.
1574 3614 1628 3659 tu
1650 3619 1744 3659 rex
1767 3603 1941 3659 lsrae-
2035 3609 2324 3666 Christus:
2359 3611 2559 3677 «Dicis,
2582 3625 2764 3680 regem
2789 3626 2874 3665 me
2905 3625 3049 3667 esse.
3076 3611 3155 3664 Ad
3186 3611 3291 3666 hoc
3319 3627 3420 3679 ego
3455 3624 3613 3667 natus

364 3700 457 3761 lis.
482 3698 737 3769 n.Ecquid
755 3699 1231 3767 vituperaviteum
1248 3696 1503 3752 Christus
1520 3697 1732 3751 utmale
1753 3695 1943 3750 dicen-
2037 3716 2158 3756 sum
2192 3712 2244 3758 et
2269 3703 2339 3756 ad
2366 3703 2474 3758 hoc
2510 3705 2563 3757 in
2594 3712 2797 3759 ten-am
2858 3705 3004 3770 veni,
3038 3713 3102 3758 ιιι
3144 3704 3396 3758 vernalis
3456 3706 3612 3762 ιοειίε

365 3792 512 3849 ιειηῖ
536 3791 758 3846 Minime
791 3804 940 3856 vero,
960 3788 1077 3854 sed,
1114 3807 1133 3840 ι
1162 3788 1301 3854 Quia
1329 3788 1439 3842 dixi
1469 3786 1590 3852 tibi,
1624 3786 1720 3851 ait.
1755 3799 1940 3840 δεῦτε·
2034 3776 2239 3863 essem.
2264 3789 2524 3862 Quisquis
2540 3809 2606 3848 ex
2625 3794 2852 3849 veritate
2873 3804 2976 3859 est,
2996 3794 3149 3849 audit
3169 3810 3359 3850 vocem
3378 3812 3609 3851 meam.»

367 3893 418 3940 ta
444 3884 628 3940 cordis
650 3882 752 3947 tui,
779 3879 998 3936 credis?
1035 3878 1244 3949 Maiora
1285 3879 1408 3935 istis
1444 3878 1674 3934 videbis.
1721 3895 1741 3929 ι
1780 3876 1937 3943 Quod
2038 3881 2179 3938 Dicit
2205 3884 2255 3939 ei
2289 3883 2495 3941 Pilatus
2533 3903 2548 3939 :
2585 3905 2603 3936 ι
2636 3882 2777 3952 Quid
2814 3894 2898 3942 est
2931 3887 3176 3942 veritas?
3213 3906 3235 3949 ι
3264 3888 3428 3944 Vides
3458 3903 3617 3959 aper-

364 3982 546 4031 autcm
569 3990 601 4030 a
640 3972 815 4029 Pilato
843 3980 1067 4043 rogatus
1093 3970 1352 4026 Christus
1381 3970 1683 4039 respondit,
1731 3968 1941 4024 dixisse
2036 3975 2146 4030 tius
2179 3975 2270 4030 hic
2303 3991 2415 4031 rem
2449 3976 2662 4032 ostendi
2703 3995 2718 4031 :
2760 3968 2989 4032 omnino
3025 3993 3206 4048 regem
3238 3995 3296 4034 se
3325 3994 3446 4035 esse
3470 3979 3613 4034 amr-

364 4084 514 4135 eum,
559 4083 621 4124 ea
670 4082 795 4122 norr
822 4064 1090 4137 negantis,
1150 4065 1247 4120 sed
1285 4064 1637 4120 concedentis
1691 4072 1747 4119 et
1806 4078 1938 4118 con-
2036 4068 2203 4122 mavit
2231 4077 2286 4123 et
2304 4069 2547 4123 ostendit
2585 4069 2862 4125 Christus.
2907 4071 3285 4138 Interrogatus
3324 4087 3352 4127 a
3405 4073 3604 4133 Pilato.

363 4162 652 4218 sentientis
673 4161 852 4216 oratio
908 4167 1016 4226 est,
1043 4158 1190 4228 quali
1239 4159 1404 4213 etiam
1433 4158 1487 4210 in
1549 4155 1746 4215 Judam
1802 4171 1938 4211 usus
2043 4173 2239 4213 rursus
2285 4156 2334 4211 ei
2364 4159 2647 4228 respondit
2684 4174 2794 4213 non
2833 4161 2937 4214 hoc
2969 4161 3128 4216 modo
3163 4178 3177 4215 :
3218 4161 3295 4215 lta
3329 4171 3433 4227 est,
3487 4161 3601 4214 Rex

361 4263 465 4311 est.
502 4253 768 4310 Assidens
795 4253 938 4307 enim
973 4249 1259 4320 discipulis
1293 4250 1586 4305 Christus:
1624 4244 1810 4303 «Unus
1838 4262 1936 4302 ve-
2035 4265 2181 4315 sum,
2217 4250 2348 4307 sed:
2383 4270 2401 4301 ι
2429 4250 2598 4317 Dicis,
2622 4266 2705 4306 me
2735 4266 2915 4322 regem
2939 4267 3080 4312 esse.
3125 4272 3143 4305 ι
3176 4253 3314 4319 Quid
3340 4270 3501 4321 porro
3523 4255 3610 4309 Pi-

361 4352 560 4407 strum,
590 4342 789 4413 inquit,
828 4356 912 4395 me
938 4340 1243 4395 traditurus
1303 4348 1406 4394 est.
1440 4357 1458 4391 ›
1498 4337 1729 4407 Rogavit
1781 4338 1848 4394 de
1879 4352 1938 4393 se
2034 4340 2199 4404 latus,
2229 4355 2351 4395 cum
2385 4339 2642 4396 Christus
2661 4341 2915 4411 dixisset,
2945 4343 3009 4396 ad
3046 4344 3148 4399 hoc
3183 4361 3241 4400 se
3271 4355 3457 4398 natum
3487 4361 3611 4401 esse

361 4435 617 4505 quisque,
648 4431 855 4501 Ecquid
889 4446 992 4500 ego
1048 4430 1216 4487 sum?
1245 4428 1309 4483 Et
1340 4429 1481 4483 alius
1509 4447 1525 4483 :
1577 4428 1785 4498 Ecquid
1810 4443 1936 4499 -ego
2037 4441 2092 4487 et
2120 4431 2185 4487 ad
2216 4433 2320 4488 hoc
2344 4433 2558 4490 venisse
2585 4438 2639 4490 in
2669 4422 2962 4504 mundum,
2990 4448 3048 4493 ut
3072 4439 3318 4511 veritatis
3349 4442 3504 4497 testis
3527 4456 3616 4496 es-

360 4528 528 4584 sum?
554 4527 623 4582 Et
652 4527 864 4598 rogavit
885 4524 1059 4583 Judas
1093 4544 1107 4579 :
1138 4544 1156 4577 ι
1188 4523 1396 4595 Ecquid
1421 4539 1524 4595 ego
1544 4539 1665 4581 sum
1693 4542 1711 4575 ι
1737 4524 1760 4578 ἳ
1791 4521 1929 4577 Tum
1958 4538 2012 4599 ι)
2038 4533 2142 4593 εει,
2163 4526 2377 4597 rogavit
2404 4543 2528 4583 eum
2560 4546 2574 4584 :
2610 4528 2779 4596 «Quid
2806 4539 2890 4585 est
2912 4532 3182 4589 veritas?»
3208 4535 3311 4590 hoc
3340 4544 3447 4596 est,
3474 4534 3529 4588 Si
3558 4536 3611 4590 iu

359 4620 655 4676 Christus:
679 4618 929 4684 «Dixisti,
963 4638 981 4671 ι
1006 4618 1221 4687 inquit:
1248 4632 1357 4684 quo
1382 4626 1534 4673 certe
1568 4617 1789 4688 quidem
1811 4616 1937 4672 loco
1986 4622 1993 4633 ‘
2041 4618 2248 4673 mundo
2273 4620 2476 4675 veritas
2501 4631 2669 4685 esset,
2703 4638 2813 4677 non
2850 4623 3151 4678 tradereris
3189 4626 3370 4678 morti.
3399 4624 3610 4681 Etenim

358 4726 468 4768 non
492 4711 822 4776 recusantis,
841 4711 933 4764 sed
958 4708 1283 4764 aﬂirmantis
1304 4723 1489 4764 sermo
1513 4708 1635 4765 fuit.
1671 4709 1934 4763 Similiter
2043 4711 2195 4777 quasi
2222 4712 2431 4781 lugeret
2449 4711 2697 4767 veritatis
2719 4715 3047 4778 absentiam,
3077 4714 3208 4783 quid
3230 4714 3438 4769 veritas
3467 4728 3614 4771 esset

352 4805 525 4876 igitur
566 4805 618 4858 in
637 4802 837 4857 Pilato.
864 4800 1134 4861 Nimirum
1161 4811 1282 4857 erat
1307 4802 1359 4856 id
1417 4802 1635 4858 dicendi
1666 4817 1849 4873 genus
1871 4802 1930 4855 in
2040 4803 2274 4869 rogavit.
2310 4801 2380 4856 At
2413 4796 2556 4855 enim
2580 4803 2747 4856 etiam
2785 4818 2812 4855 a
2833 4803 3088 4872 pontiﬁce
3112 4805 3353 4860 maximo
3384 4817 3608 4875 rogatus

252 4885 257 4889 “
356 4897 449 4951 illa
473 4896 697 4967 regione
729 4894 1095 4956 usitatum,et
1118 4907 1254 4946 usus
1314 4903 1399 4948 est
1424 4892 1519 4946 illo
1579 4890 1836 4947 Christus
1872 4903 1932 4947 ut
2039 4891 2292 4946 Christus
2329 4891 2382 4945 in
2415 4892 2562 4947 hunc
2592 4896 2859 4949 modum:
2897 4911 2917 4946 ι
2953 4893 3212 4950 Obtestor
3231 4905 3281 4948 te
3307 4910 3403 4963 per
3440 4896 3606 4952 Deum

355 4991 477 5059 ejus
501 4987 742 5058 regionis
769 4985 1016 5056 proprio.
1066 4982 1539 5050 Quemadmodum
1563 4985 1710 5039 enim
1759 4987 1926 5040 etiam
2037 4980 2247 5051 vivum,
2276 4992 2337 5038 ut
2358 4984 2509 5040 dicas
2544 4984 2727 5049 nobis,
2759 5001 2890 5039 num
2924 4985 3100 5043 Filius
3141 4985 3234 5041 Dei
3266 4987 3365 5053 sis,
3396 5006 3414 5040 ι
3474 4989 3608 5043 nihil

353 5081 411 5136 in
434 5078 797 5137 Musulmanis
815 5091 959 5146 saepe
991 5076 1071 5139 lit,
1109 5084 1189 5135 ut.
1211 5092 1337 5131 cum
1370 5078 1498 5147 quis
1555 5092 1677 5132 cum
1723 5080 1925 5134 cohor-
2038 5074 2211 5139 aliud.
2234 5075 2339 5130 ηῖεῖ
2380 5094 2399 5127 ι
2428 5076 2560 5131 Sum
2596 5094 2616 5128 ι
2656 5076 2960 5146 respondit.

355 5170 569 5225 talione
594 5171 748 5235 dicit,
771 5178 831 5224 ut
865 5168 1071 5223 faciant
1101 5168 1405 5238 quippiam,
1431 5169 1570 5223 alter
1592 5186 1700 5226 non
1729 5209 1748 5237 ,
1802 5171 1920 5229 Fiat

2108 5163 2334 5220 Nostine
2354 5165 2467 5235 jam
2494 5166 2770 5235 quomodo
2800 5165 2868 5222 de
2924 5156 3012 5235 iis,
3037 5183 3159 5238 quae
3202 5171 3458 5238 ignorant
3490 5170 3608 5225 Mu-

352 5259 524 5325 istud,
551 5260 646 5316 sed
680 5276 701 5311 ι
737 5258 1006 5328 Reperisti
1046 5276 1066 5310 ι
1102 5259 1466 5328 respondeat:
1500 5261 1572 5315 ita
1606 5264 1659 5315 in
1696 5262 1922 5319 Christo
2037 5257 2294 5323 Slllmalli.
2334 5269 2593 5313 accusem
2621 5260 2873 5315 homines
2930 5261 3090 5316 lavde
3150 5263 3392 5334 dignos?
3440 5265 3604 5327 Ecce,

354 5365 568 5421 quoque
591 5364 679 5406 res
717 5349 903 5406 habet.
930 5349 1142 5420 Quippe
1202 5351 1441 5406 dictione
1480 5352 1626 5408 illius
1685 5356 1927 5425 regionis
2035 5347 2082 5403 si
2116 5349 2319 5418 quaaris
2343 5350 2648 5413 veritatem,
2670 5367 2940 5424 cognosce
2968 5369 3112 5410 eam.
3144 5355 3201 5409 Si
3227 5357 3428 5424 minus,
3459 5360 3603 5413 nosti

352 5444 575 5514 propria
608 5443 882 5512 utebatur,
903 5459 1027 5499 cum
1074 5445 1430 5513 responderet
1467 5463 1487 5497 ι
1521 5446 1733 5502 Dixisti.
1769 5467 1789 5500 ι
1816 5447 1926 5504 Ro-
2035 5449 2200 5505 certe,
2234 5457 2339 5495 non
2366 5442 2652 5497 veritatem
2672 5459 2895 5500 causam
2914 5461 3056 5513 esse,
3095 5447 3283 5519 siquis
3299 5464 3417 5507 eain
3448 5450 3606 5520 igno-

353 5529 503 5600 gavit
532 5530 673 5584 idem
705 5528 912 5587 Pilatus
928 5531 1243 5588 Christum:
1276 5552 1294 5584 ι
1315 5530 1456 5588 Num
1486 5549 1581 5590 rex
1609 5534 1923 5594 Judaeorum
2032 5543 2136 5597 ret,
2174 5534 2267 5588 sed
2299 5549 2414 5601 eos,
2439 5535 2535 5606 qui
2580 5552 2704 5591 eam
2735 5537 2970 5610 fugiunt.

346 5620 458 5706 es?
494 5638 514 5673 ι
546 5622 833 5690 respondit
883 5623 1139 5680 Christus
1177 5641 1192 5678 :
1227 5642 1247 5677 ι
1285 5623 1534 5696 Regnum
1583 5642 1764 5683 meum
1813 5645 1920 5685 non
2104 5627 2157 5681 4.
2182 5625 2316 5682 Cum
2347 5626 2414 5682 de
2442 5627 2689 5700 reliquis,
2723 5631 2795 5688 ob
2851 5648 3027 5704 qutea
3052 5632 3208 5690 vobis
3247 5632 3603 5690 Musulmanis

354 5719 439 5766 est
468 5711 631 5782 hujus
657 5714 868 5770 mundi.
897 5713 954 5770 Si
1001 5715 1167 5788 hujus
1222 5715 1413 5772 mundi
1473 5732 1697 5788 regnum
1743 5735 1921 5775 meum
2031 5721 2404 5791 vituperamur
2453 5723 2772 5793 Christiani,
2827 5727 2964 5785 satis
3002 5729 3439 5785 demonstratum
3507 5730 3601 5796 sit,

355 5814 521 5871 esset,
547 5819 766 5876 operam
799 5807 1082 5865 dedissent
1104 5808 1240 5865 socii
1293 5807 1426 5878 mei,
1458 5824 1524 5865 ne
1545 5808 1753 5867 Judzcis
1809 5819 1922 5867 tra-
2033 5829 2153 5872 csse
2188 5829 2290 5869 nos
2321 5816 2467 5873 omni
2501 5817 2851 5875 areusatione
2879 5821 3212 5891 superiores,
3241 5836 3361 5893 age,
3395 5822 3603 5877 exami-
