3964 6434
275 374 371 439 921
486 410 489 413 -
1302 353 1745 445 cunomcex
1782 370 2048 446 MAJUS.
2096 413 2163 424 -
2208 388 2353 450 LIB.
2407 389 2504 447 ιν.
3411 393 3515 456 9-22

266 495 360 544 καὶ
392 497 735 565 κατανοήσας
773 498 855 548 ὅτι
891 497 917 550 ὁ
951 499 1050 567 μὲν
1090 500 1320 570 οὐρανὸς
1356 501 1522 574 336
1556 504 1662 575 οὐχι
1683 503 1840 558 ἵστα·
1872 513 1914 565 Α
1950 506 2053 558 Καὶ
2094 504 2276 560 πεσὼν
2295 507 2386 559 ἐπὶ
2418 507 2518 573 τῆς
2572 506 2677 576 γῆς
2724 507 2981 579 ’Λὸραὰμ
3021 509 3403 581 προσεκύνησε
3440 511 3520 581 τῷ

268 607 358 641 ται
382 589 534 643 ἀλλὰ·
557 593 776 659 κίνησιν
810 588 924 665 ἔχει
950 596 1201 666 διηνεκῆ.
1233 598 1349 668 ἔχει
1399 587 1482 651 δὲ’
1507 602 1599 652 καὶ
1645 602 1841 670 χρείαν

270 682 498 749 ἡλιακοῦ
529 685 709 750 φωτὸς
745 687 1076 752 φωτίζοντος
1102 690 1267 743 αὐτόν
1308 708 1370 743 τε
1426 691 1670 762 θεωρίας
1715 688 1839 745 ἐνε-

268 792 363 829 κεν
386 777 478 828 καὶ
507 777 601 831 τὸν
627 778 722 831 ὑπ’
748 780 910 833 αὑτὸν
958 782 1118 852 ἀέρα,
1174 785 1201 835 6
1253 783 1309 836 δὲ
1350 782 1505 849 ἥλιος
1542 784 1675 837 ποτὲ
1738 783 1840 853 μὲν

268 868 414 938 ὑπὲρ
442 869 547 939 γῆν
574 871 974 940 εὑρισκόμενος
994 875 1127 927 ποτὲ
1154 873 1200 928 δ’
1224 873 1291 930 αὖ
1338 877 1444 930 ὑπὸ
1469 877 1574 945 γῆν
1596 877 1841 946 κρυπτό-

271 978 457 1028 μενος,
499 963 595 1015 καὶ
628 963 708 1016 ὅτι
743 964 820 1035 μὴ
865 967 1047 1020 οὐσῶν
1076 968 1558 1038 νεφελῶν-φαίνει,
1586 970 1842 1039 εὑρισκο-

268 1048 450 1115 μένων
483 1049 530 1101 δ’
554 1047 713 1114 αὖθις
765 1055 1100 1125 σκοτίζεται,
1155 1059 1324 1129 καὶὴ
1393 1060 1595 1130 σελήνη
1637 1060 1734 1113 καὶ
1790 1059 1841 1112 οἱ

262 1141 497 1210 ἀστέρες
535 1141 611 1213 μὴ
651 1144 806 1208 ὄντος
849 1148 999 1216 ἡλίου
1036 1150 1348 1219 φαίνουσιν,
1396 1151 1550 1214 δντος
1580 1152 1637 1205 δὲ
1668 1152 1838 1205 αὑτοῦ

167 1253 175 1275 ν
264 1233 615 1294 σκοτίζονται
641 1235 736 1287 καὶ
773 1236 1099 1307 ἀφανίζεται
1151 1241 1212 1294 τὸ
1237 1243 1466 1296 ἐκείνων
1519 1243 1634 1311 φῶς
1663 1243 1757 1294 καὶ
1805 1243 1838 1311 ἡ

263 1322 498 1393 θεωρία,
529 1334 625 1379 καὶ
650 1329 684 1398 ἡ
710 1328 959 1382 θάλασσα
1004 1332 1388 1404 ἐμπαιζομένη
1425 1335 1529 1386 ὑπὸ
1559 1336 1669 1386 τῶν
1715 1333 1842 1395 ἀνέ-

267 1434 416 1485 μων,
444 1419 477 1486 ἡ
510 1418 582 1488 γῆ
618 1417 677 1471 δὲ
699 1419 986 1492 χρῄζουσα
1011 1422 1206 1486 ὕδατος
1234 1427 1313 1488 είς
1340 1422 1441 1496 τὴν
1474 1425 1584 1477 τῶν
1612 1424 1840 1492 καρπῶν

265 1509 512 1575 γένεσιν,
542 1514 795 1579 κατέγνω
819 1515 929 1566 τῶν
956 1516 1178 1569 πάντων
1205 1516 1281 1580 ὡς
1328 1516 1508 1570 αὐτῶν
1545 1517 1672 1570 καθ’
1699 1518 1841 1570 αὐτὰ

259 1602 436 1654 ὅντων
459 1603 739 1656 ἀδυνάτων
759 1607 856 1658 καὶ
888 1608 1082 1676 χρείαν
1137 1609 1374 1678 ἐχόντων
1419 1609 1558 1678 πρὸς
1608 1610 1840 1679 ἄλληλα,

259 1696 362 1746 καὶ
393 1695 495 1747 οὐκ
522 1696 783 1767 ἐλογίσθη
825 1693 968 1752 εἶναι
995 1700 1105 1752 ἀπὸ
1129 1700 1341 1753 τούτων
1378 1701 1517 1754 Θεὸν
1558 1701 1715 1754 οὐδέν
1747 1717 1761 1730 ·
1813 1704 1849 1754 ὁ·

255 1788 400 1851 Θεὸς
430 1784 541 1858 γάρ
568 1808 715 1853 τινος
757 1792 952 1860 χρείαν
982 1794 1085 1846 οὐκ
1125 1794 1260 1864 ἔχει.
1327 1796 1498 1848 Πάλιν
1541 1795 1598 1850 δὲ
1636 1795 1842 1864 σκεψά-

262 1900 434 1951 μενος
463 1885 676 1953 μήποτε
711 1885 768 1938 ἓν
795 1886 1030 1940 ἕκαστον
1053 1889 1161 1940 ἀπὸ
1192 1886 1400 1941 τούτων
1431 1887 1708 1950 ἀδυνάτως
1727 1888 1841 1960 ἔχει

257 1975 413 2028 ὥστε
439 1972 582 2032 εἶναι
626 1979 951 2048 μονομερῶς
990 1980 1145 2046 Θεὸν,
1173 1979 1312 2032 ἀλλὰ
1346 1980 1521 2033 πάντα
1551 1981 1709 2048 ἐμοῦ,
1747 1980 1843 2032 καὶ

260 2068 393 2121 ἰδὼν
425 2068 608 2136 ὅτιτῷ
642 2070 743 2138 μὲν
778 2069 932 2140 ξηρῷ
963 2073 1274 2125 ἀντίκειται
1305 2073 1367 2127 τὸ
1425 2074 1620 2144 ὑγρὸν,
1646 2074 1729 2143 τῷ
1784 2074 1843 2127 δὲ

256 2160 465 2231 ψυχρῷ
498 2162 560 2214 τὸ
608 2161 811 2232 θερμὸν
850 2165 947 2216 καὶ
983 2164 1059 2227 ὡς
1092 2164 1154 2217 τὸ
1186 2164 1332 2235 ὕδωρ
1366 2166 1483 2218 ἐστὶ
1514 2166 1843 2235 φθοροποιὸν

258 2252 361 2307 τοῦ
396 2254 590 2322 πυρὸς,
653 2254 872 2324 ἔκρινεν
922 2238 1218 2326 ἐν’ἐαυτῷ
1258 2258 1355 2311 καὶ
1389 2252 1548 2310 εἶπεν
1587 2259 1668 2310 ὅτι
1708 2256 1841 2319 Θεὸς

261 2348 580 2412 στασιάζων
640 2349 778 2418 πρὸς
826 2349 1023 2402 ἑαυτὸν
1066 2354 1159 2402 καὶ
1217 2351 1534 2420 μαχόμενος
1578 2349 1679 2402 οὐκ
1724 2350 1841 2402 ἐστι

261 2439 421 2502 Θεός.
448 2439 766 2496 Κάντεῦθεν
792 2441 1134 2511 θεασάμενος
1164 2441 1263 2514 τὴν
1307 2441 1411 2510 τῆς
1471 2441 1703 2503 κτίσεως
1752 2441 1843 2494 εὑ-

261 2531 460 2597 ταξίαν
479 2533 573 2585 καὶ
603 2533 961 2599 κατάστασιν,
990 2534 1267 2610 διαπορῶν
1294 2530 1363 2604 ἦν
1392 2532 1517 2587 καθ’
1542 2534 1737 2587 ἑαυτὸν
1765 2536 1841 2597 ὡς

261 2621 386 2673 ἔστι
412 2638 498 2684 τις
521 2621 757 2693 δύναμις
785 2625 816 2694 ἡ
848 2624 1150 2693 συνέχουσα
1165 2625 1261 2678 καὶ
1286 2625 1613 2697 κυϐερνῶσα
1628 2625 1691 2678 τὸ
1708 2626 1837 2690 πᾶν,

262 2715 378 2767 Καὶ
431 2715 556 2767 ἐπεὶ
596 2716 805 2778 πάντες
853 2716 903 2770 οἱ
951 2718 1239 2790 ἄνθρωποι
1290 2716 1652 2789 ὁμολογοῦσιν
1697 2712 1841 2771 εἶναι

261 2805 422 2870 Θεὸν,
479 2805 711 2869 ἕκαστος
753 2808 813 2861 δὲ
873 2811 1133 2879 ὁμολογεῖ
1186 2811 1371 2864 ὅντινα
1438 2810 1692 2880 βούλεται
1747 2810 1840 2862 καὶ

260 2897 643 2966 προαιρεῖται,
705 2895 886 2951 ἔοικεν
953 2900 1034 2952 ὅτι
1103 2901 1307 2964 πάντες
1379 2901 1692 2954 πλανῶνται
1745 2901 1840 2954 καὶ

256 2974 579 3052 ψεύδονται.
618 2987 888 3042 Λείπεται
915 2989 1048 3058 γοῦν
1080 2991 1163 3043 ὅτι
1184 2992 1285 3044 οὐκ
1311 2992 1462 3044 ἐστιν
1493 2993 1681 3063 ἕτερος
1704 2992 1840 3055 Θεὸς

258 3075 479 3148 ἀληθὴς
527 3077 619 3148 ἢὸ
669 3079 909 3150 ποιήσας
967 3084 1037 3133 τὰ
1089 3081 1289 3146 πάντα,
1327 3083 1474 3152 ᾇπερ
1514 3064 1623 3136 εἰσὶ
1675 3082 1836 3136 δοῦλα

1872 1841 1919 1900 Β

1949 599 2096 669 μόνῳ
2129 602 2225 652 καὶ
2270 598 2466 668 ἀληθεῖ
2493 599 2637 668 Θεῷ.
2705 596 2766 654 Ὀ
2813 601 2870 654 δὲ
2908 602 3228 671 πανάγαθος
3274 603 3432 669 Θεὸς,
3488 605 3521 656 6

1943 691 2031 745 διὰ
2061 690 2156 745 τοῦ
2184 693 2465 763 προφήτου
2501 692 2727 746 Ἡσαΐου
2750 695 2921 747 εἰπὼν
2947 696 3028 749 ὄτι
3066 690 3189 749 Ἔτι
3220 696 3516 759 λαλοῦντός
3558 756 3567 761 _

1947 799 2045 835 σου
2108 786 2217 850 ἐγὼ
2269 783 2527 856 πάρειμι,
2594 786 2754 847 αὐτὸς
2798 787 3079 858 παρευθὺς
3142 787 3366 853 ἐδέξατο
3417 790 3517 858 τὴν

1943 876 2041 928 τοῦ
2085 877 2344 947 Ἀϐραὰμ
2376 877 2755 948 προσκύνησᾼίν
2798 896 2859 932 τε
2890 882 2986 933 καὶ
3052 882 3257 934 πίστιν.
3313 879 3522 948 Ἐλογί-

1946 969 2045 1041 σθη
2086 945 2271 1024 τοίνυν
2309 945 2476 1041 αὐτῷ
2527 945 2730 1041 etiarn?)
2778 971 2968 1033 πίστις
3024 972 3105 1034 είς
3163 945 3520 1039 δικαιοσὺντιν

1944 1064 2067 1115 ἀντὶ
2095 1063 2288 1115 πασῶν
2327 1064 2438 1115 τῶν
2464 1064 2699 1133 ἀρετῶν,
2748 1064 2879 1124 καὶ,
2909 1064 3061 1132 φίλος
3103 1065 3237 1116 Θεοῦ
3277 1066 3517 1131 ἐγένετο.

1953 1150 2146 1220 Ἡμεῖς
2165 1152 2272 1219 γὰρ
2297 1152 2496 1215 πάντες
2531 1152 2811 1224 χρῄζομεν
2847 1154 2950 1224 τῆς
2996 1154 3104 1207 ἀπὸ
3139 1156 3246 1207 τῶν
3284 1155 3520 1224 Γραφῶν

1946 1244 2197 1314 βοηθείας
2251 1246 2339 1299 διὰ
2384 1247 2484 1317 τὴν
2528 1249 2818 1301 ἀσθένειαν
2867 1242 3075 1318 ἡμῶν·’
3111 1250 3140 1301 ὀ
3193 1249 3250 1302 δὲ
3308 1250 3522 1311 δίκαιος

1943 1334 2070 1389 Νῶε
2127 1335 2224 1388 καὶ
2259 1336 2520 1408 Ἀϐραὰμ
2577 1334 2675 1392 καὶ
2705 1340 2753 1392 οί
2804 1340 2926 1392 κατ’
2976 1333 3221 1404 ἐκείνους
3271 1340 3523 1410 καθαρὰν

1945 1426 2164 1495 ἔχοντες
2188 1427 2289 1496 τὴν
2323 1429 2557 1496 καρδίαν
2601 1431 2662 1483 οὐ
2711 1426 2931 1485 δέονται
2972 1435 3349 1502 γραμμάτων,
3404 1432 3522 1484 ἀλλ’

1942 1523 2001 1573 ἐν
2023 1523 2148 1583 ταῖς
2175 1516 2436 1589 καρδίαις
2472 1521 2654 1575 αὐτῶν
2691 1524 3004 1593 γράφονται
3058 1526 3154 1576 καὶ
3184 1530 3191 1543 ’
3222 1524 3523 1577 ἐντυποῢνα

1943 1608 2053 1663 ται.
2081 1609 2215 1662 Τότε
2263 1611 2395 1677 γοῦν
2422 1607 2573 1663 εἶπεν
2599 1611 2748 1681 αὐτῷ
2777 1612 2804 1663 6
2836 1613 2969 1675 Θεὸς
3001 1613 3099 1664 καὶ
3149 1613 3243 1674 τὰς
3282 1614 3523 1681 ἐπαγγε-

1943 1699 2087 1764 λίας,
2117 1700 2291 1755 εἰπὼν
2321 1703 2438 1755 ὅτι*
2479 1720 2499 1753 ι
2536 1703 2629 1756 Ἐν
2653 1703 2733 1773 τῷ
2765 1704 3047 1772 σπέρματί
3106 1722 3198 1756 σου
3232 1704 3524 1771 ἐνευλογη-

1948 1794 2204 1860 θήσονται
2238 1796 2417 1849 πάντα
2439 1796 2507 1848 τὰ
2538 1796 2686 1865 ἔθνη.
2729 1815 2747 1848 ι
2785 1795 2921 1848 Τότε
2964 1796 3168 1861 ἔδειξεν
3203 1800 3230 1850 6
3263 1796 3396 1859 Θεὸς
3443 1795 3523 1867 τῷ

1961 1887 2214 1955 Ἀϐραὰμ
2240 1889 2423 1940 πᾶσαν
2447 1887 2547 1957 τὴν
2588 1887 2717 1957 γῆν,
2774 1889 2872 1941 καὶ
2929 1883 3087 1942 εἶπεν
3132 1889 3316 1959 αὐτῷ·
3356 1907 3373 1940 t
3430 1889 3523 1940 Σοὶ

1943 1982 2042 2032 καὶ⁹
2070 1982 2146 2048 τῷ
2181 1980 2464 2050 σπέρματί
2530 1998 2624 2032 σου
2676 1979 2835 2034 δώσω
2894 1982 3090 2051 αὑτήν.
3123 2000 3141 2031 ι
3209 1980 3524 2041 Κάντεῦθεν

1942 2071 2125 2123 λαϐὼν
2161 2073 2485 2142 παρρησίαν
2516 2075 2543 2125 6
2577 2073 2839 2143 Ἀϐραὰμ
2881 2074 3229 2144 παρεκάλεσε
3263 2073 3352 2126 τὸν
3387 2073 3523 2125 Θεὸν

1947 2163 2079 2232 περὶ
2125 2164 2235 2216 τῶν
2292 2165 2567 2234 Σοδόμων,
2604 2165 2787 2228 καθὼς
2849 2165 3163 2235 ἔμπροσθεν
3218 2164 3523 2233 φθάσαντες

1944 2256 2198 2325 εἴπομεν.
2233 2257 2388 2309 Ἐπεὶ
2416 2256 2474 2309 δὲ
2504 2256 2774 2327 κρίμασιν
2809 2252 2887 2321 οἷς
2919 2256 3029 2310 οἶδε
3086 2256 3219 2314 Θεὸς
3251 2258 3354 2328 (τίς
3378 2291 3386 2301 ι
3409 2260 3520 2327 γὰρ
3568 2255 3589 2261 “

1945 2347 2087 2414 ἔγνω
2115 2346 2242 2400 νοῦν
2275 2346 2539 2418 Κορίου;)
2591 2349 2673 2401 ὅτι
2713 2349 2830 2417 μετ’
2887 2349 3069 2416 ὀλίγον
3139 2349 3518 2419 ἀποσταλῆναι

1949 2438 2236 2509 μέλλουσιν
2259 2441 2307 2491 οἱ
2331 2439 2425 2494 τοῦ
2441 2439 2696 2510 Ἀϐραὰμ
2720 2443 2979 2509 ἀπόγονοι
3001 2442 3079 2504 είς
3107 2441 3205 2509 τὴν
3220 2441 3521 2507 Αἴγυπτον,

1942 2531 2019 2594 ὡς
2062 2532 2130 2585 ἂν
2178 2533 2359 2585 ἐκεῖσε
2430 2531 2795 2585 διαϐιϐἀσωσι
2849 2532 3075 2602 χρόνους
3123 2534 3524 2604 τετρακοσίους

1943 2622 2037 2673 καὶ
2087 2622 2387 2693 τριάκοντα
2420 2609 2516 2674 καὶ
2573 2623 2680 2693 γὰρ
2727 2621 2903 2687 οὕτως
2942 2624 3167 2694 εἴρηκεν
3215 2626 3241 2676 ὁ
3272 2623 3405 2686 Θεὸς
3442 2624 3522 2692 τῷ

1955 2712 2232 2783 Ἀϐραὰμ,
2264 2715 2347 2768 ὅτι
2376 2712 2572 2767 Ἔσται
2602 2715 2665 2767 τὸ
2690 2715 2916 2785 σπέρμα
2951 2733 3041 2769 πθυ
3071 2716 3337 2786 πάροικος
3372 2716 3431 2768 ὲν
3448 2719 3521 2786 γῇ

1945 2802 2238 2874 ἀλλοτρίᾳο
2270 2804 2333 2855 τὸ
2358 2803 2415 2857 δὲ
2446 2804 2598 2867 ἔθνος
2630 2805 2657 2857 ὅ
2688 2805 2785 2859 ἐὰν
2812 2804 3063 2878 δουλώσῃ
3098 2807 3316 2869 αὐτοὺς,
3351 2807 3524 2876 κρινῶ

1944 2893 2058 2962 ἐγώ
2091 2911 2104 2925 ι
2143 2895 2172 2948 6
2202 2898 2299 2948 καὶ
2337 2897 2565 2964 γέγονεν
2599 2899 2692 2950 ἐπὶ
2722 2898 2814 2951 τοῦ
2874 2899 3096 2968 Φαραώ.
3128 2900 3227 2952 καὶ
3274 2898 3365 2951 διὰ
3424 2898 3524 2967 τὴν

1946 2987 2307 3057 πολυχρόνιον
2566 2989 2858 3059 διατριϐὴν
2906 2988 3018 3041 τῶν
3065 2988 3331 3060 Ἐϐραίων
3385 2989 3525 3058 μετὰ

1943 3081 2053 3131 τῶν
2075 3079 2465 3148 Φαραωνιτῶν,
2502 3080 2578 3150 μή
2640 3097 2772 3133 ποτε
2830 3080 3126 3142 ἐνωθέντες
3182 3081 3400 3150 μάθωσι
3455 3081 3525 3133 τὰ

258 3169 507 3234 ἐκείνου,
560 3172 655 3224 καὶ
687 3174 812 3238 ἄγει
845 3175 940 3225 καὶ
972 3173 1127 3244 φέρει
1160 3174 1254 3227 καὶ
1275 3176 1535 3229 εὐτακτεῖ
1584 3175 1659 3238 ὡς
1715 3174 1839 3246 βού-
1868 3177 1909 3231 C
1944 3169 2152 3223 τούτων
2188 3169 2353 3241 ἔθιμα
2401 3173 2494 3223 καὶ
2552 3175 2653 3244 τὴν
2710 3173 3180 3243 είδωλολατρείαν,
3240 3175 3444 3244 ἐτάχθη
3489 3176 3524 3245 ἡ

259 3265 442 3317 λεῖαι.
470 3263 634 3334 337
669 3264 873 3318 Τοῦτον
911 3265 1043 3332 γοῦν
1087 3266 1177 3320 τὸν
1207 3266 1343 3320 Θεὸν
1377 3265 1487 3335 ἐγὼ
1525 3269 1836 3337 προσκυνῶ.

258 3466 305 3500 νι
330 3446 373 3500 ri
405 3454 460 3502 et
490 3445 698 3501 lumine
728 3445 862 3501 solis
889 3460 1071 3516 egere,
1101 3462 1208 3515 quo
1236 3447 1418 3517 ipsum
1449 3447 1759 3504 illustrctur
1788 3456 1842 3503 et

259 3538 497 3593 inferior
546 3538 851 3602 acr,‘solem
880 3549 1059 3592 autem
1082 3556 1224 3594 nunc
1249 3556 1411 3609 supra
1453 3530 1655 3595 terram
1692 3556 1838 3606 esse,

258 3644 415 3685 nunc
442 3629 583 3684 infra
612 3637 812 3684 terram
835 3631 1123 3692 occultari,
1148 3640 1309 3701 atque
1329 3633 1467 3686 ctelo
1486 3632 1725 3687 nubibus
1744 3637 1842 3686 ob-

256 3732 409 3777 tettto
443 3720 748 3784 obscurari,
782 3735 888 3774 non
928 3721 1144 3775 obtecto
1175 3721 1393 3785 lucere;
1440 3722 1837 3776 deindelunam

252 3826 307 3866 ct
330 3811 549 3871 stellas,
578 3810 797 3879 quando
815 3810 896 3864 sol
935 3826 1040 3865 non
1075 3812 1276 3876 luceat,
1294 3814 1596 3880 splendere,
1620 3813 1842 3883 quando

252 3905 465 3967 luceat,
490 3904 704 3956 illarum
728 3902 899 3956 lucem
941 3901 1227 3956 obscurari
1248 3911 1301 3956 et
1337 3902 1645 3972 exstingui;
1678 3918 1842 3971 porro

256 4010 409 4048 mare
442 4004 727 4085 ventorum
753 3991 883 4046 ﬂatu
915 3994 1131 4062 agitari,
1174 4004 1371 4047 terram
1415 3994 1480 4048 ad
1530 3995 1838 4064 plantarum

251 4090 663 4145 incrementum
694 4100 856 4156 egere
898 4088 1062 4155 aqua;
1089 4085 1387 4155 haecigitnr
1426 4101 1549 4140 eum
1593 4086 1840 4141 animad-

250 4183 537 4244 vertisset,
574 4177 861 4245 tntellexit,
902 4183 1082 4232 omnia
1113 4179 1215 4232 ista
1244 4194 1338 4248 per
1356 4195 1416 4234 se
1434 4181 1550 4233 sola
1577 4195 1702 4235 esse
1731 4195 1839 4234 non

245 4294 434 4349 posse,
481 4276 576 4331 sed
597 4285 789 4329 mutuo
816 4273 1088 4329 contineri
1113 4274 1342 4337 auxilio,
1366 4272 1834 4342 atquejudicavit,

243 4384 449 4425 eorum
484 4365 615 4420 nihil
644 4365 814 4421 Deum
839 4381 982 4421 esse.
1009 4365 1152 4420 Deus
1174 4368 1321 4419 enim
1348 4366 1547 4420 nullius
1571 4368 1647 4421 rei
1673 4365 1847 4419 auxit

242 4461 319 4514 lio
346 4465 500 4529 eget.
532 4458 745 4511 Rursus
766 4472 890 4513 cum
917 4457 1421 4526 animadvertisset,
1466 4458 1604 4512 nihil
1644 4472 1835 4513 eorum

241 4568 344 4625 per
370 4567 432 4607 se
456 4552 639 4606 solum
668 4552 834 4604 Deum
858 4567 981 4606 esse
1002 4567 1184 4622 posse,
1204 4552 1297 4605 sed
1322 4560 1518 4607 cuncta
1543 4552 1729 4619 simul,
1749 4554 1839 4605 in-

243 4647 788 4708 tellexissetautem,
812 4643 969 4698 arido
1004 4645 1316 4713 Oppositum
1359 4660 1486 4700 esse
1526 4646 1838 4711 humidum,

241 4736 450 4807 frigido
489 4732 821 4796 calidum,et
882 4747 1022 4804 aqua
1064 4734 1338 4804 exstingui
1389 4735 1600 4804 ignem,
1644 4737 1841 4792 statuit

238 4832 388 4899 apud
417 4825 670 4882 animum
696 4823 964 4893 dixitque,
997 4826 1091 4894 qui
1115 4840 1298 4880 secmn
1324 4827 1588 4882 dissideat
1608 4839 1843 4898 pugnet-

241 4937 355 4991 que
387 4919 538 4974 Deus
568 4933 675 4972 non
704 4930 825 4973 esse
850 4915 1046 4971 Deum.
1102 4916 1307 4973 Deinde
1344 4935 1527 4973 rerum
1588 4920 1839 4975 ordinem

241 5024 296 5070 et
326 5017 601 5067 rationein
631 5009 1060 5078 contemplatus.
1088 5010 1165 5064 ita
1215 5025 1402 5065 secum
1463 5013 1838 5070 ratiocinaba-

248 5115 340 5159 tur
377 5103 536 5160 :¢Est
565 5101 650 5157 vis
683 5100 888 5171 aliqua,
919 5116 1026 5171 qua
1067 5102 1387 5157 universum
1444 5105 1761 5161 continetur
1783 5116 1838 5162 et

238 5197 611 5289 gubernatur.
653 5192 772 5247 Jam
816 5207 941 5247 cum
980 5205 1172 5248 omnes
1195 5193 1448 5249 homines
1467 5197 1836 5263 consentiant,

249 5289 422 5342 Deum
446 5301 590 5353 esse,
642 5285 739 5343 sed
789 5287 1008 5358 qualem
1068 5285 1304 5356 quisque
1360 5289 1478 5342 vult
1501 5299 1558 5344 et
1614 5295 1837 5358 prohat,

235 5359 684 5435 consentaneum
740 5391 846 5443 est,
877 5394 1070 5435 omnes
1128 5396 1311 5435 errare
1372 5393 1426 5435 et
1456 5383 1695 5438 mentiri.
1730 5384 1841 5439 Ita-

239 5490 351 5540 que
383 5474 493 5525 hoc
534 5488 703 5525 unum
736 5472 1008 5542 reliquum
1046 5483 1150 5537 cst,
1183 5490 1289 5528 non
1320 5489 1445 5530 esse
1500 5475 1667 5531 alium
1730 5494 1832 5532 ve-

244 5581 370 5619 rum
400 5563 598 5625 Deum,
633 5564 738 5618 nisi
767 5565 860 5634 qui
889 5574 1085 5619 cuncta
1115 5565 1260 5628 fecit,
1323 5582 1443 5635 qua:
1507 5567 1674 5635 idem,
1728 5570 1833 5625 sibi

241 5656 526 5723 subjecta,
559 5656 717 5724 regit,
749 5657 1020 5724 gubernat
1048 5664 1103 5711 et
1135 5659 1507 5724 administrat,
1566 5661 1834 5731 quetnad-
1880 5675 1897 5695 τ

244 5748 477 5802 modum
527 5745 631 5814 ipsi
683 5751 880 5816 placet.
961 5748 1119 5804 Hunc
1172 5750 1335 5820 igitur
1365 5750 1536 5805 Deum
1581 5752 1837 5823 equidem

242 5840 443 5895 adoro.
485 5835 661 5908 Atque
695 5839 845 5895 humi
873 5842 1145 5912 pmjertus
1194 5843 1537 5900 Ahrahamus
1592 5846 1837 5902 adoravit

1947 3265 2219 3335 περιτομὴ
2249 3262 2324 3327 ὥς
2347 3282 2399 3316 τι
2434 3267 2665 3336 σημεῖον
2694 3266 2791 3319 καὶ
2827 3264 3101 3335 σύμϐολον
3149 3264 3393 3336 διαιροῦν
3429 3267 3528 3319 καὶ

1945 3441 2123 3513 solum
2149 3452 2204 3497 et
2232 3458 2417 3497 verum
2444 3442 2637 3496 Deum.
2686 3440 2834 3497 Illico
2886 3442 3032 3498 Deus
3096 3444 3362 3514 optimus,
3428 3440 3523 3511 qui

1945 3549 2040 3603 per
2089 3535 2285 3589 Isaiam
2342 3537 2658 3605 prophetam
2712 3535 2868 3599 dicit,
2899 3534 3135 3589 tAtiSlllll
3197 3536 3292 3589 tibi
3345 3536 3527 3588 adhuc

1943 3627 2497 3687 oranti',»Ahrahami
2528 3629 2910 3682 adorationem
2944 3640 3000 3681 et
3055 3628 3212 3680 [idem
3284 3631 3523 3696 accepit.

1944 3717 2076 3782 Quae
2106 3718 2326 3786 quidem
2358 3718 2493 3771 lides
2522 3718 2596 3770 illi
2636 3724 2761 3770 ante
2791 3734 2986 3771 omnes
3016 3720 3247 3771 virtutes
3294 3717 3526 3784 iustitia:

1942 3810 2190 3880 apposita
2214 3821 2319 3875 est,
2352 3819 2406 3863 et
2432 3810 2548 3875 ipse
2594 3810 2774 3864 factus
2819 3820 2903 3864 est
2959 3812 3171 3864 amicus
3237 3808 3356 3864 Dei.
3411 3808 3524 3865 Nos

1942 3906 2087 3957 enim
2120 3918 2312 3957 omnes
2338 3918 2623 3957 sacrarum
2668 3902 3004 3957 Litterarum
3052 3903 3263 3957 auxilio
3293 3917 3521 3971 egemus

1946 4006 2169 4067 pr0pter
2214 3994 2588 4051 inﬁrmitatem
2649 4009 2941 4063 nostram;
2994 3999 3127 4067 justi
3182 4006 3362 4049 autem
3408 3993 3527 4051 Noe

1943 4098 2000 4143 et
2053 4088 2420 4154 Ahraba‘mus,
2451 4098 2504 4143 et
2533 4088 2577 4142 si
2608 4091 2713 4156 .qui
2747 4091 2838 4144 alii
2890 4098 3003 4143 tum
3049 4097 3284 4142 mentem
3332 4102 3523 4157 puram

1944 4179 2256 4244 servabant,
2327 4194 2435 4232 non
2509 4181 2746 4249 egebant
2816 4179 3225 4246 Iitteriquuee
3274 4179 3521 4245 ipsorum

1943 4273 2140 4327 animis
2180 4272 2458 4341 inscriptae
2486 4282 2541 4325 et
2593 4272 2879 4341 insculptas
2932 4280 3110 4325 erant.
3161 4268 3301 4324 Tum
3358 4270 3526 4340 igitur

1942 4359 2088 4415 Deus
2114 4360 2281 4414 etiam
2328 4360 2602 4432 promissa
2666 4362 2741 4415 illi
2784 4340 2951 4426 fecit,
3006 4365 3077 4415 ita
3116 4362 3385 4420 locutus:
3430 4340 3559 4413 tlnh

1942 4453 2150 4508 semine
2191 4462 2285 4507 tuo
2306 4452 2660 4509 benedicetur
2690 4456 2909 4510 cunctis
2933 4455 3167 4525 populis,
3202 4473 3223 4506 ι
3260 4464 3526 4507 ttionstra-

1949 4556 2112 4615 taque
2136 4546 2310 4600 eidem
2344 4556 2457 4600 tota
2488 4557 2631 4600 terra
2663 4562 2677 4600 :
2708 4545 2883 4610 «Tibi,
2939 4546 3037 4611 ait,
3087 4555 3143 4600 et
3182 4538 3376 4599 semini
3434 4555 3529 4598 tuo

1937 4636 2088 4692 dabo
2110 4652 2282 4693 eam.)
2329 4637 2530 4692 Deinde
2563 4638 2929 4701 Ahrahamus,
2957 4637 3263 4691 libertatem
3306 4635 3526 4689 dicendi

1943 4739 2161 4795 nactus,
2214 4732 2382 4786 Deum
2414 4729 2482 4784 de
2514 4728 2768 4784 Sodomis
2811 4738 3062 4798 precatus
3112 4738 3218 4793 est,
3262 4729 3527 4799 quemad-

1947 4826 2169 4879 modum
2197 4839 2360 4894 supra
2391 4822 2776 4893 explicuimus.
2807 4822 2942 4876 Cum
2999 4831 3184 4876 autem
3239 4836 3336 4891 pro
3377 4835 3516 4877 con-

1944 4917 2082 4973 siliis
2115 4918 2230 4971 suis
2286 4916 2613 4985 intelligeret
2672 4914 2816 4969 Deus
2873 4914 3017 4986 (quis
3079 4914 3225 4968 enim
3282 4923 3522 4967 mentem

1946 5009 2159 5065 Domini
2184 5010 2501 5080 perspexit?
2530 5012 2570 5079 ),
2609 5009 2756 5063 brevi
2824 5009 2877 5061 in
2948 5004 3242 5077 Egyptum
3289 5006 3521 5061 missum

1945 5103 2009 5156 iri
2041 5104 2334 5157 Abrahatni
2367 5113 2634 5173 posteros,
2665 5112 2722 5156 ut
2748 5102 2821 5157 ibi
2862 5115 3038 5157 annos
3089 5100 3525 5171 quadringentos

1941 5207 1996 5252 et
2033 5197 2256 5267 triginta
2296 5197 2561 5261 viverent,
2587 5195 2662 5250 ita
2694 5194 3066 5249 Abrahamum
3101 5194 3376 5248 allocutus
3401 5203 3524 5246 est:

1951 5308 1969 5341 ι
2006 5290 2217 5344 Posteri
2247 5290 2322 5343 tui
2368 5288 2612 5358 hospites
2650 5297 2813 5342 erunt
2839 5289 2894 5341 in
2928 5297 3073 5341 terra
3137 5288 3339 5349 aliena,
3391 5300 3527 5354 gen-

1941 5390 2048 5436 tem
2074 5390 2280 5443 autem,
2311 5378 2398 5434 cui
2423 5382 2686 5444 servient,
2712 5394 2813 5449 ego
2840 5378 3122 5450 judit-abo.
3158 5396 3177 5430 ι
3217 5376 3371 5445 Quod
3408 5376 3526 5430 fac-

1941 5485 2054 5529 tum
2084 5482 2170 5528 est
2200 5472 2303 5528 sub
2330 5471 2637 5528 Pharaone.
2658 5470 2735 5527 Ne
2763 5483 2944 5526 autem
2972 5481 3195 5540 propter
3224 5471 3526 5539 longinqua

1943 5584 2066 5624 cum
2110 5569 2457 5622 Pharaonitis
2482 5569 2817 5623 commercia
2871 5567 3103 5634 Hebraei,
3141 5583 3266 5621 cum
3327 5564 3523 5619 iisdem

1945 5662 2253 5729 conciliati,
2284 5677 2466 5717 mores
2494 5671 2547 5716 et
2574 5661 3018 5730 superstitionem
3046 5674 3238 5713 eorum
3274 5657 3527 5712 addisce-

1941 5765 2084 5823 rent,
2111 5756 2456 5812 circumcisio
2482 5756 2732 5811 instituta
2760 5763 2847 5808 est
2891 5762 3155 5821 tanquam
3184 5751 3404 5820 signum
3457 5760 3517 5806 et

1947 5851 2256 5921 symbolum
2301 5851 2570 5923 quoddam
2606 5848 2859 5904 llebrmos
2914 5848 2980 5901 ab
3023 5845 3295 5917 ngyptiis
3339 5859 3533 5901 δοραῖς

2150 6090 2179 6103 ο
