  <div class='ocr_page' id='page_1' title='image "/cluster/home/n/w/nwhite01/storage/ocr_20150623/156/coo.31924054870617/470.png"; bbox 0 0 3986 6456; ppageno 0'>
   <div class='ocr_carea' id='block_1_1' title="bbox 198 356 298 427">
    <p class='ocr_par' dir='ltr' id='par_1_1' title="bbox 198 356 298 427">
     <span class='ocr_line' id='line_1_1' title="bbox 198 356 298 427; baseline -0.01 0"><span class='ocrx_word' id='word_1_1' title='bbox 198 356 298 427; x_wconf 71' lang='lat'><strong>925</strong></span> 
     </span>
    </p>
   </div>
   <div class='ocr_carea' id='block_1_2' title="bbox 1205 368 2405 441">
    <p class='ocr_par' dir='ltr' id='par_1_2' title="bbox 1205 368 2405 441">
     <span class='ocr_line' id='line_1_2' title="bbox 1205 368 2405 441; baseline 0.003 -11"><span class='ocrx_word' id='word_1_2' title='bbox 1205 368 1656 431; x_wconf 77' lang='lat' dir='ltr'><strong>CHRONICON</strong></span> <span class='ocrx_word' id='word_1_3' title='bbox 1699 370 1976 432; x_wconf 78' lang='lat' dir='ltr'><strong>MAJUS.</strong></span> <span class='ocrx_word' id='word_1_4' title='bbox 2014 399 2081 408; x_wconf 84' lang='grc'><strong>--</strong></span> <span class='ocrx_word' id='word_1_5' title='bbox 2116 372 2263 441; x_wconf 81' lang='lat' dir='ltr'><strong>LIB.</strong></span> <span class='ocrx_word' id='word_1_6' title='bbox 2304 373 2405 435; x_wconf 84' lang='lat' dir='ltr'><strong>IV.</strong></span> 
     </span>
    </p>
   </div>
   <div class='ocr_carea' id='block_1_3' title="bbox 3355 369 3461 434">
    <p class='ocr_par' dir='ltr' id='par_1_3' title="bbox 3355 369 3461 434">
     <span class='ocr_line' id='line_1_3' title="bbox 3355 369 3461 434; baseline 0.038 -4"><span class='ocrx_word' id='word_1_7' title='bbox 3355 369 3461 434; x_wconf 76' lang='grc'><strong>926</strong></span> 
     </span>
    </p>
   </div>
   <div class='ocr_carea' id='block_1_4' title="bbox 195 472 3460 561">
    <p class='ocr_par' dir='ltr' id='par_1_4' title="bbox 195 472 3460 561">
     <span class='ocr_line' id='line_1_4' title="bbox 195 472 3460 561; baseline 0.001 -25"><span class='ocrx_word' id='word_1_8' title='bbox 195 485 318 554; x_wconf 75' lang='grc' dir='ltr'>τρὸς</span> <span class='ocrx_word' id='word_1_9' title='bbox 344 484 508 538; x_wconf 73' lang='grc' dir='ltr'>αὐτοῦ</span> <span class='ocrx_word' id='word_1_10' title='bbox 568 475 752 555; x_wconf 74' lang='grc' dir='ltr'>Ἀγαρ</span> <span class='ocrx_word' id='word_1_11' title='bbox 805 472 913 539; x_wconf 74' lang='grc' dir='ltr'>ὰπὸ</span> <span class='ocrx_word' id='word_1_12' title='bbox 980 485 1076 539; x_wconf 86' lang='grc' dir='ltr'><strong>τοῦ</strong></span> <span class='ocrx_word' id='word_1_13' title='bbox 1141 472 1417 557; x_wconf 56' lang='grc' dir='ltr'>Ἀϐραάμ.</span> <span class='ocrx_word' id='word_1_14' title='bbox 1470 487 1532 540; x_wconf 82' lang='lat' dir='ltr'><strong>El</strong></span> <span class='ocrx_word' id='word_1_15' title='bbox 1574 486 1620 539; x_wconf 82' lang='grc' dir='ltr'>δ’</span> <span class='ocrx_word' id='word_1_16' title='bbox 1648 486 1779 551; x_wconf 73' lang='grc' dir='ltr'>ἴσως</span> <span class='ocrx_word' id='word_1_17' title='bbox 1812 499 1852 553; x_wconf 74' lang='grc' dir='ltr'>Α</span> <span class='ocrx_word' id='word_1_18' title='bbox 1885 488 1984 554; x_wconf 71' lang='grc' dir='ltr'><strong>ξας</strong></span> <span class='ocrx_word' id='word_1_19' title='bbox 2011 491 2071 544; x_wconf 80' lang='grc' dir='ltr'><strong>ἐν</strong></span> <span class='ocrx_word' id='word_1_20' title='bbox 2097 490 2238 560; x_wconf 80' lang='grc' dir='ltr'>αὐτῇ</span> <span class='ocrx_word' id='word_1_21' title='bbox 2279 488 2498 560; x_wconf 69' lang='grc' dir='ltr'>πληγάς</span> <span class='ocrx_word' id='word_1_22' title='bbox 2539 488 2790 558; x_wconf 76' lang='grc' dir='ltr'><strong>μεγάλας</strong></span> <span class='ocrx_word' id='word_1_23' title='bbox 2842 482 3070 561; x_wconf 80' lang='grc' dir='ltr'>σφόδρα,</span> <span class='ocrx_word' id='word_1_24' title='bbox 3124 488 3220 543; x_wconf 81' lang='grc' dir='ltr'>καὶ</span> <span class='ocrx_word' id='word_1_25' title='bbox 3259 486 3460 557; x_wconf 79' lang='grc' dir='ltr'>ἔπληξε</span> 
     </span>
    </p>
   </div>
   <div class='ocr_carea' id='block_1_5' title="bbox 198 572 1774 651">
    <p class='ocr_par' dir='ltr' id='par_1_5' title="bbox 198 572 1774 651">
     <span class='ocr_line' id='line_1_5' title="bbox 198 572 1774 651; baseline 0.001 -21"><span class='ocrx_word' id='word_1_26' title='bbox 198 575 326 630; x_wconf 71' lang='grc' dir='ltr'>ποτε</span> <span class='ocrx_word' id='word_1_27' title='bbox 353 576 490 646; x_wconf 75' lang='grc' dir='ltr'>πρὸς</span> <span class='ocrx_word' id='word_1_28' title='bbox 528 577 622 630; x_wconf 69' lang='grc' dir='ltr'><strong>τὸν</strong></span> <span class='ocrx_word' id='word_1_29' title='bbox 665 577 921 649; x_wconf 80' lang='grc' dir='ltr'>’Λϐραὰμ</span> <span class='ocrx_word' id='word_1_30' title='bbox 951 577 1187 649; x_wconf 76' lang='grc' dir='ltr'><strong>Θεωρίας</strong></span> <span class='ocrx_word' id='word_1_31' title='bbox 1225 578 1391 651; x_wconf 80' lang='grc' dir='ltr'>χάριν</span> <span class='ocrx_word' id='word_1_32' title='bbox 1425 572 1616 650; x_wconf 77' lang='grc' dir='ltr'>ἦλθεν,</span> <span class='ocrx_word' id='word_1_33' title='bbox 1657 578 1774 632; x_wconf 82' lang='grc' dir='ltr'>ἀλλ’</span> 
     </span>
    </p>
   </div>
   <div class='ocr_carea' id='block_1_6' title="bbox 198 664 1774 741">
    <p class='ocr_par' dir='ltr' id='par_1_6' title="bbox 198 664 1774 741">
     <span class='ocr_line' id='line_1_6' title="bbox 198 664 1774 741; baseline 0.004 -22"><span class='ocrx_word' id='word_1_34' title='bbox 198 664 296 737; x_wconf 79' lang='grc' dir='ltr'><strong>οὔχ</strong></span> <span class='ocrx_word' id='word_1_35' title='bbox 332 668 408 731; x_wconf 85' lang='grc' dir='ltr'><strong>ὡς</strong></span> <span class='ocrx_word' id='word_1_36' title='bbox 446 669 561 732; x_wconf 75' lang='grc' dir='ltr'>υίὸς</span> <span class='ocrx_word' id='word_1_37' title='bbox 596 672 692 723; x_wconf 74' lang='grc' dir='ltr'>καὶ</span> <span class='ocrx_word' id='word_1_38' title='bbox 753 672 980 741; x_wconf 85' lang='grc' dir='ltr'>σπέρμα</span> <span class='ocrx_word' id='word_1_39' title='bbox 1043 672 1140 726; x_wconf 70' lang='grc' dir='ltr'>καὶ</span> <span class='ocrx_word' id='word_1_40' title='bbox 1184 671 1528 741; x_wconf 78' lang='grc' dir='ltr'><strong>κληρονόμος</strong></span> <span class='ocrx_word' id='word_1_41' title='bbox 1581 669 1774 726; x_wconf 83' lang='grc' dir='ltr'>αὑτοῦ.</span> 
     </span>
    </p>
   </div>
   <div class='ocr_carea' id='block_1_7' title="bbox 198 750 1776 837">
    <p class='ocr_par' dir='ltr' id='par_1_7' title="bbox 198 761 1776 837">
     <span class='ocr_line' id='line_1_7' title="bbox 198 761 1776 837; baseline 0.003 -22"><span class='ocrx_word' id='word_1_42' title='bbox 198 761 404 816; x_wconf 79' lang='grc' dir='ltr'><strong>Τούτου</strong></span> <span class='ocrx_word' id='word_1_43' title='bbox 440 764 575 833; x_wconf 85' lang='grc' dir='ltr'>γοῦν</span> <span class='ocrx_word' id='word_1_44' title='bbox 611 764 785 828; x_wconf 74' lang='grc' dir='ltr'>οὕτως</span> <span class='ocrx_word' id='word_1_45' title='bbox 821 765 1063 837; x_wconf 79' lang='grc' dir='ltr'>ἔχοντος,</span> <span class='ocrx_word' id='word_1_46' title='bbox 1094 767 1265 819; x_wconf 85' lang='grc' dir='ltr'>πόθεν</span> <span class='ocrx_word' id='word_1_47' title='bbox 1300 767 1520 835; x_wconf 75' lang='grc' dir='ltr'>ἔχουσιν</span> <span class='ocrx_word' id='word_1_48' title='bbox 1547 767 1597 819; x_wconf 73' lang='lat' dir='ltr'><strong>ei</strong></span> <span class='ocrx_word' id='word_1_49' title='bbox 1633 765 1776 819; x_wconf 78' lang='grc' dir='ltr'>Μου-</span> 
     </span>
    </p>
   </div>
   <div class='ocr_carea' id='block_1_8' title="bbox 197 855 1779 927">
    <p class='ocr_par' dir='ltr' id='par_1_8' title="bbox 197 855 1779 927">
     <span class='ocr_line' id='line_1_8' title="bbox 197 855 1779 927; baseline 0.001 -18"><span class='ocrx_word' id='word_1_50' title='bbox 197 855 496 926; x_wconf 83' lang='grc' dir='ltr'>σουλμάνοι</span> <span class='ocrx_word' id='word_1_51' title='bbox 521 858 622 927; x_wconf 83' lang='grc' dir='ltr'>τὴν</span> <span class='ocrx_word' id='word_1_52' title='bbox 658 859 846 912; x_wconf 88' lang='grc' dir='ltr'>πίστιν</span> <span class='ocrx_word' id='word_1_53' title='bbox 875 860 976 913; x_wconf 89' lang='grc' dir='ltr'>οὐκ</span> <span class='ocrx_word' id='word_1_54' title='bbox 1007 855 1149 914; x_wconf 78' lang='grc' dir='ltr'>οῖδα.</span> <span class='ocrx_word' id='word_1_55' title='bbox 1178 858 1279 911; x_wconf 76' lang='grc' dir='ltr'>Διὰ</span> <span class='ocrx_word' id='word_1_56' title='bbox 1325 859 1487 912; x_wconf 81' lang='grc' dir='ltr'>τοῦτο</span> <span class='ocrx_word' id='word_1_57' title='bbox 1517 859 1619 911; x_wconf 84' lang='grc' dir='ltr'>οὐκ</span> <span class='ocrx_word' id='word_1_58' title='bbox 1647 859 1779 910; x_wconf 78' lang='grc' dir='ltr'>ἀνα-</span> 
     </span>
    </p>
   </div>
   <div class='ocr_carea' id='block_1_9' title="bbox 154 950 1777 1024">
    <p class='ocr_par' dir='ltr' id='par_1_9' title="bbox 154 950 1777 1024">
     <span class='ocr_line' id='line_1_9' title="bbox 154 950 1777 1024; baseline 0.001 -22"><span class='ocrx_word' id='word_1_59' title='bbox 154 974 155 977; x_wconf 54' lang='grc' dir='ltr'><strong>η</strong></span> <span class='ocrx_word' id='word_1_60' title='bbox 196 950 450 1020; x_wconf 79' lang='grc' dir='ltr'>φαίνεται</span> <span class='ocrx_word' id='word_1_61' title='bbox 482 950 593 1004; x_wconf 85' lang='grc' dir='ltr'><strong>άπό</strong></span> <span class='ocrx_word' id='word_1_62' title='bbox 622 966 771 1015; x_wconf 83' lang='grc' dir='ltr'>τινος</span> <span class='ocrx_word' id='word_1_63' title='bbox 805 954 1138 1024; x_wconf 86' lang='grc' dir='ltr'>πράγματος</span> <span class='ocrx_word' id='word_1_64' title='bbox 1162 952 1270 1023; x_wconf 83' lang='grc' dir='ltr'>πρὸ</span> <span class='ocrx_word' id='word_1_65' title='bbox 1300 951 1391 1005; x_wconf 80' lang='grc' dir='ltr'><strong>τοῦ</strong></span> <span class='ocrx_word' id='word_1_66' title='bbox 1427 950 1676 1022; x_wconf 83' lang='grc' dir='ltr'>Μωᾶμεθ</span> <span class='ocrx_word' id='word_1_67' title='bbox 1712 953 1777 1006; x_wconf 80' lang='grc' dir='ltr'><strong>ἐκ</strong></span> 
     </span>
    </p>
   </div>
   <div class='ocr_carea' id='block_1_10' title="bbox 192 1040 1774 1115">
    <p class='ocr_par' dir='ltr' id='par_1_10' title="bbox 192 1040 1774 1115">
     <span class='ocr_line' id='line_1_10' title="bbox 192 1040 1774 1115; baseline 0.001 -19"><span class='ocrx_word' id='word_1_68' title='bbox 192 1044 292 1099; x_wconf 80' lang='grc' dir='ltr'><strong>τοῦ</strong></span> <span class='ocrx_word' id='word_1_69' title='bbox 328 1042 588 1115; x_wconf 78' lang='grc' dir='ltr'>’Δϐραὰμ</span> <span class='ocrx_word' id='word_1_70' title='bbox 622 1040 761 1098; x_wconf 72' lang='grc' dir='ltr'>εἶναι</span> <span class='ocrx_word' id='word_1_71' title='bbox 793 1045 895 1113; x_wconf 80' lang='grc' dir='ltr'>τὴν</span> <span class='ocrx_word' id='word_1_72' title='bbox 930 1046 1039 1098; x_wconf 84' lang='grc' dir='ltr'><strong>τῶν</strong></span> <span class='ocrx_word' id='word_1_73' title='bbox 1068 1045 1520 1113; x_wconf 79' lang='grc' dir='ltr'>Μουσουλμάνων</span> <span class='ocrx_word' id='word_1_74' title='bbox 1546 1044 1734 1097; x_wconf 81' lang='grc' dir='ltr'>πίστιν</span> <span class='ocrx_word' id='word_1_75' title='bbox 1758 1058 1774 1074; x_wconf 77' lang='grc'><strong>⁸</strong></span> 
     </span>
    </p>
   </div>
   <div class='ocr_carea' id='block_1_11' title="bbox 193 1135 1776 1208">
    <p class='ocr_par' dir='ltr' id='par_1_11' title="bbox 193 1135 1776 1208">
     <span class='ocr_line' id='line_1_11' title="bbox 193 1135 1776 1208; baseline -0.002 -19"><span class='ocrx_word' id='word_1_76' title='bbox 193 1137 316 1189; x_wconf 65' lang='grc' dir='ltr'>ἀλλ’</span> <span class='ocrx_word' id='word_1_77' title='bbox 349 1137 515 1199; x_wconf 69' lang='grc' dir='ltr'>αὐτὸς</span> <span class='ocrx_word' id='word_1_78' title='bbox 545 1139 698 1190; x_wconf 80' lang='grc' dir='ltr'>ἐστιν</span> <span class='ocrx_word' id='word_1_79' title='bbox 720 1137 749 1190; x_wconf 90' lang='lat'><strong>6</strong></span> <span class='ocrx_word' id='word_1_80' title='bbox 784 1136 1155 1208; x_wconf 81' lang='grc' dir='ltr'>ἀρχηγὸςτῶν</span> <span class='ocrx_word' id='word_1_81' title='bbox 1185 1135 1776 1205; x_wconf 57' lang='grc' dir='ltr'>τοιούτωκῶογμάτων,</span> 
     </span>
    </p>
   </div>
   <div class='ocr_carea' id='block_1_12' title="bbox 193 1227 1778 1294">
    <p class='ocr_par' dir='ltr' id='par_1_12' title="bbox 193 1227 1778 1294">
     <span class='ocr_line' id='line_1_12' title="bbox 193 1227 1778 1294; baseline -0.004 -8"><span class='ocrx_word' id='word_1_82' title='bbox 193 1231 290 1286; x_wconf 75' lang='grc' dir='ltr'>καὶ</span> <span class='ocrx_word' id='word_1_83' title='bbox 324 1231 409 1286; x_wconf 84' lang='grc' dir='ltr'>ὅτι</span> <span class='ocrx_word' id='word_1_84' title='bbox 430 1230 541 1283; x_wconf 79' lang='grc' dir='ltr'><strong>ἀπὸ</strong></span> <span class='ocrx_word' id='word_1_85' title='bbox 562 1228 771 1293; x_wconf 77' lang='grc' dir='ltr'><strong>κοιλίας</strong></span> <span class='ocrx_word' id='word_1_86' title='bbox 799 1229 968 1283; x_wconf 82' lang='grc' dir='ltr'>αὑτοῦ</span> <span class='ocrx_word' id='word_1_87' title='bbox 994 1228 1236 1294; x_wconf 85' lang='grc' dir='ltr'>ἐδίδαξεν</span> <span class='ocrx_word' id='word_1_88' title='bbox 1267 1229 1366 1283; x_wconf 74' lang='grc' dir='ltr'>ὅσα</span> <span class='ocrx_word' id='word_1_89' title='bbox 1397 1227 1778 1293; x_wconf 80' lang='grc' dir='ltr'>ὲδίδαξεν,ούκ</span> 
     </span>
    </p>
   </div>
   <div class='ocr_carea' id='block_1_13' title="bbox 195 1325 504 1379">
    <p class='ocr_par' dir='ltr' id='par_1_13' title="bbox 195 1325 504 1379">
     <span class='ocr_line' id='line_1_13' title="bbox 195 1325 504 1379; baseline 0 0"><span class='ocrx_word' id='word_1_90' title='bbox 195 1325 303 1379; x_wconf 77' lang='grc' dir='ltr'>ἀπὸ</span> <span class='ocrx_word' id='word_1_91' title='bbox 336 1325 477 1379; x_wconf 87' lang='grc' dir='ltr'>Θεοῦ</span> <span class='ocrx_word' id='word_1_92' title='bbox 490 1366 504 1379; x_wconf 92' lang='grc'><strong>.</strong></span> 
     </span>
    </p>
   </div>
   <div class='ocr_carea' id='block_1_14' title="bbox 269 1402 1783 1487">
    <p class='ocr_par' dir='ltr' id='par_1_14' title="bbox 269 1402 1783 1487">
     <span class='ocr_line' id='line_1_14' title="bbox 269 1402 1783 1487; baseline -0.005 -16"><span class='ocrx_word' id='word_1_93' title='bbox 269 1417 398 1471; x_wconf 88' lang='grc' dir='ltr'>Ὅτι</span> <span class='ocrx_word' id='word_1_94' title='bbox 436 1404 494 1471; x_wconf 76' lang='grc' dir='ltr'>δὲ</span> <span class='ocrx_word' id='word_1_95' title='bbox 536 1402 791 1487; x_wconf 70' lang='grc' dir='ltr'>λέγουσιν</span> <span class='ocrx_word' id='word_1_96' title='bbox 815 1404 867 1471; x_wconf 68' lang='lat' dir='ltr'><strong>oi</strong></span> <span class='ocrx_word' id='word_1_97' title='bbox 898 1413 1321 1486; x_wconf 89' lang='grc' dir='ltr'>Μουσουλμάνοι</span> <span class='ocrx_word' id='word_1_98' title='bbox 1352 1413 1428 1476; x_wconf 83' lang='grc' dir='ltr'><strong>ὡς</strong></span> <span class='ocrx_word' id='word_1_99' title='bbox 1459 1411 1783 1482; x_wconf 80' lang='grc' dir='ltr'>γεγραμμέ-</span> 
     </span>
    </p>
   </div>
   <div class='ocr_carea' id='block_1_15' title="bbox 195 1502 1782 1581">
    <p class='ocr_par' dir='ltr' id='par_1_15' title="bbox 195 1502 1782 1581">
     <span class='ocr_line' id='line_1_15' title="bbox 195 1502 1782 1581; baseline -0.003 -18"><span class='ocrx_word' id='word_1_100' title='bbox 195 1514 286 1563; x_wconf 68' lang='grc' dir='ltr'><strong>νον</strong></span> <span class='ocrx_word' id='word_1_101' title='bbox 309 1508 633 1581; x_wconf 76' lang='grc' dir='ltr'>εὑρίσκεται</span> <span class='ocrx_word' id='word_1_102' title='bbox 653 1510 713 1563; x_wconf 81' lang='grc' dir='ltr'><strong>τὸ</strong></span> <span class='ocrx_word' id='word_1_103' title='bbox 738 1508 834 1562; x_wconf 85' lang='grc' dir='ltr'><strong>τοῦ</strong></span> <span class='ocrx_word' id='word_1_104' title='bbox 865 1505 1170 1579; x_wconf 83' lang='grc' dir='ltr'>Μαχούμετ</span> <span class='ocrx_word' id='word_1_105' title='bbox 1200 1507 1376 1576; x_wconf 69' lang='grc' dir='ltr'>δνομα</span> <span class='ocrx_word' id='word_1_106' title='bbox 1406 1507 1464 1558; x_wconf 80' lang='grc' dir='ltr'><strong>ἐν</strong></span> <span class='ocrx_word' id='word_1_107' title='bbox 1493 1506 1570 1574; x_wconf 75' lang='grc' dir='ltr'>τῷ</span> <span class='ocrx_word' id='word_1_108' title='bbox 1597 1502 1782 1573; x_wconf 74' lang='grc' dir='ltr'>Εὐαγ-</span> 
     </span>
    </p>
   </div>
   <div class='ocr_carea' id='block_1_16' title="bbox 193 1590 1780 1673">
    <p class='ocr_par' dir='ltr' id='par_1_16' title="bbox 193 1590 1780 1673">
     <span class='ocr_line' id='line_1_16' title="bbox 193 1590 1780 1673; baseline -0.002 -18"><span class='ocrx_word' id='word_1_109' title='bbox 193 1590 387 1673; x_wconf 86' lang='grc' dir='ltr'>γελίῳ,</span> <span class='ocrx_word' id='word_1_110' title='bbox 419 1603 669 1666; x_wconf 86' lang='grc' dir='ltr'>εἰπόντος</span> <span class='ocrx_word' id='word_1_111' title='bbox 696 1602 792 1656; x_wconf 86' lang='grc' dir='ltr'><strong>τοῦ</strong></span> <span class='ocrx_word' id='word_1_112' title='bbox 818 1598 1056 1671; x_wconf 81' lang='grc' dir='ltr'><strong>Χριστοῦ</strong></span> <span class='ocrx_word' id='word_1_113' title='bbox 1090 1602 1222 1673; x_wconf 70' lang='grc' dir='ltr'>περὶ</span> <span class='ocrx_word' id='word_1_114' title='bbox 1252 1599 1470 1655; x_wconf 77' lang='grc' dir='ltr'>ἐκείνου</span> <span class='ocrx_word' id='word_1_115' title='bbox 1496 1599 1578 1652; x_wconf 85' lang='grc' dir='ltr'>ὅτι</span> <span class='ocrx_word' id='word_1_116' title='bbox 1601 1601 1780 1668; x_wconf 85' lang='grc' dir='ltr'>Εύαγ-</span> 
     </span>
    </p>
   </div>
   <div class='ocr_carea' id='block_1_17' title="bbox 192 1693 1781 1766">
    <p class='ocr_par' dir='ltr' id='par_1_17' title="bbox 192 1693 1781 1766">
     <span class='ocr_line' id='line_1_17' title="bbox 192 1693 1781 1766; baseline -0.003 -16"><span class='ocrx_word' id='word_1_117' title='bbox 192 1695 488 1765; x_wconf 76' lang='grc' dir='ltr'>γελίζομαι</span> <span class='ocrx_word' id='word_1_118' title='bbox 517 1696 651 1766; x_wconf 79' lang='grc' dir='ltr'>ὑμῖν</span> <span class='ocrx_word' id='word_1_119' title='bbox 684 1697 770 1749; x_wconf 78' lang='grc' dir='ltr'>ὅτι</span> <span class='ocrx_word' id='word_1_120' title='bbox 812 1696 933 1765; x_wconf 83' lang='grc' dir='ltr'>μετ’</span> <span class='ocrx_word' id='word_1_121' title='bbox 963 1695 1066 1765; x_wconf 80' lang='grc' dir='ltr'>ἐμὲ</span> <span class='ocrx_word' id='word_1_122' title='bbox 1108 1694 1298 1765; x_wconf 71' lang='grc' dir='ltr'>μέλλει</span> <span class='ocrx_word' id='word_1_123' title='bbox 1329 1693 1781 1747; x_wconf 72' lang='grc' dir='ltr'>ἐλθεῖνοάπόστο-</span> 
     </span>
    </p>
   </div>
   <div class='ocr_carea' id='block_1_18' title="bbox 191 1785 1782 1858">
    <p class='ocr_par' dir='ltr' id='par_1_18' title="bbox 191 1785 1782 1858">
     <span class='ocr_line' id='line_1_18' title="bbox 191 1785 1782 1858; baseline -0.001 -18"><span class='ocrx_word' id='word_1_124' title='bbox 191 1787 284 1851; x_wconf 85' lang='grc' dir='ltr'><strong>λος</strong></span> <span class='ocrx_word' id='word_1_125' title='bbox 341 1788 444 1839; x_wconf 72' lang='grc' dir='ltr'>καὶ</span> <span class='ocrx_word' id='word_1_126' title='bbox 492 1788 808 1858; x_wconf 84' lang='grc' dir='ltr'>προφήτης,</span> <span class='ocrx_word' id='word_1_127' title='bbox 870 1787 1044 1858; x_wconf 74' lang='grc' dir='ltr'>ὄνομα</span> <span class='ocrx_word' id='word_1_128' title='bbox 1099 1787 1252 1858; x_wconf 83' lang='grc' dir='ltr'><strong>αὐτῷ</strong></span> <span class='ocrx_word' id='word_1_129' title='bbox 1305 1785 1591 1855; x_wconf 83' lang='grc' dir='ltr'>Μωάμεθ·</span> <span class='ocrx_word' id='word_1_130' title='bbox 1639 1787 1689 1840; x_wconf 88' lang='grc' dir='ltr'>οἱ</span> <span class='ocrx_word' id='word_1_131' title='bbox 1724 1785 1782 1839; x_wconf 77' lang='grc' dir='ltr'>δὲ</span> 
     </span>
    </p>
   </div>
   <div class='ocr_carea' id='block_1_19' title="bbox 190 1871 3572 1953">
    <p class='ocr_par' dir='ltr' id='par_1_19' title="bbox 190 1871 3572 1953">
     <span class='ocr_line' id='line_1_19' title="bbox 190 1871 3572 1953; baseline -0.004 -17"><span class='ocrx_word' id='word_1_132' title='bbox 190 1883 523 1953; x_wconf 73' lang='grc' dir='ltr'><strong>Χριστιανοὶ</strong></span> <span class='ocrx_word' id='word_1_133' title='bbox 594 1881 975 1952; x_wconf 81' lang='grc' dir='ltr'><strong>φθονήσαντες</strong></span> <span class='ocrx_word' id='word_1_134' title='bbox 1051 1880 1314 1947; x_wconf 77' lang='grc' dir='ltr'>ἐξέϐαλον</span> <span class='ocrx_word' id='word_1_135' title='bbox 1377 1879 1512 1933; x_wconf 81' lang='grc' dir='ltr'>αὐτὸ</span> <span class='ocrx_word' id='word_1_136' title='bbox 1567 1881 1631 1933; x_wconf 85' lang='grc' dir='ltr'><strong>ἐκ</strong></span> <span class='ocrx_word' id='word_1_137' title='bbox 1691 1878 1785 1932; x_wconf 86' lang='grc' dir='ltr'><strong>τοῦ</strong></span> <span class='ocrx_word' id='word_1_138' title='bbox 1819 1875 1862 1929; x_wconf 83' lang='grc' dir='ltr'><strong>Β</strong></span> <span class='ocrx_word' id='word_1_139' title='bbox 1895 1876 1995 1943; x_wconf 79' lang='grc' dir='ltr'>σῆς</span> <span class='ocrx_word' id='word_1_140' title='bbox 2025 1876 2122 1928; x_wconf 76' lang='grc' dir='ltr'>ἐπὶ</span> <span class='ocrx_word' id='word_1_141' title='bbox 2150 1874 2246 1939; x_wconf 84' lang='grc' dir='ltr'><strong>τοῦ</strong></span> <span class='ocrx_word' id='word_1_142' title='bbox 2278 1874 2439 1943; x_wconf 74' lang='grc' dir='ltr'>ὅρους</span> <span class='ocrx_word' id='word_1_143' title='bbox 2475 1875 2627 1936; x_wconf 80' lang='grc' dir='ltr'>Σινᾶ,</span> <span class='ocrx_word' id='word_1_144' title='bbox 2674 1874 2944 1927; x_wconf 86' lang='grc' dir='ltr'>είπόντων</span> <span class='ocrx_word' id='word_1_145' title='bbox 2976 1873 3138 1926; x_wconf 87' lang='grc' dir='ltr'>τοῦτο</span> <span class='ocrx_word' id='word_1_146' title='bbox 3172 1871 3282 1924; x_wconf 86' lang='grc' dir='ltr'><strong>τῶν</strong></span> <span class='ocrx_word' id='word_1_147' title='bbox 3344 1872 3476 1924; x_wconf 77' lang='grc' dir='ltr'>Ἰου-</span> <span class='ocrx_word' id='word_1_148' title='bbox 3563 1893 3572 1901; x_wconf 93' lang='grc'>·</span> 
     </span>
    </p>
   </div>
   <div class='ocr_carea' id='block_1_20' title="bbox 193 1972 1781 2046">
    <p class='ocr_par' dir='ltr' id='par_1_20' title="bbox 193 1972 1781 2046">
     <span class='ocr_line' id='line_1_20' title="bbox 193 1972 1781 2046; baseline -0.004 -15"><span class='ocrx_word' id='word_1_149' title='bbox 193 1976 543 2046; x_wconf 79' lang='grc' dir='ltr'>Εὑαγγελίου</span> <span class='ocrx_word' id='word_1_150' title='bbox 572 1991 585 2005; x_wconf 88' lang='grc'><strong>·</strong></span> <span class='ocrx_word' id='word_1_151' title='bbox 620 1974 780 2046; x_wconf 64' lang='grc'><strong>34],</strong></span> <span class='ocrx_word' id='word_1_152' title='bbox 824 1975 988 2046; x_wconf 88' lang='grc' dir='ltr'>δεῦρο</span> <span class='ocrx_word' id='word_1_153' title='bbox 1032 1975 1098 2044; x_wconf 83' lang='grc' dir='ltr'>δὴ</span> <span class='ocrx_word' id='word_1_154' title='bbox 1127 1974 1464 2043; x_wconf 72' lang='grc' dir='ltr'><strong>σκεψώμεθα</strong></span> <span class='ocrx_word' id='word_1_155' title='bbox 1493 1976 1589 2026; x_wconf 69' lang='grc' dir='ltr'>καὶ</span> <span class='ocrx_word' id='word_1_156' title='bbox 1649 1972 1781 2041; x_wconf 77' lang='grc' dir='ltr'>περὶ</span> 
     </span>
    </p>
   </div>
   <div class='ocr_carea' id='block_1_21' title="bbox 191 2065 1783 2138">
    <p class='ocr_par' dir='ltr' id='par_1_21' title="bbox 191 2065 1783 2138">
     <span class='ocr_line' id='line_1_21' title="bbox 191 2065 1783 2138; baseline -0.004 -15"><span class='ocrx_word' id='word_1_157' title='bbox 191 2071 422 2132; x_wconf 84' lang='grc' dir='ltr'>τούτου,</span> <span class='ocrx_word' id='word_1_158' title='bbox 458 2069 556 2124; x_wconf 87' lang='grc' dir='ltr'><strong>καί</strong></span> <span class='ocrx_word' id='word_1_159' title='bbox 585 2087 678 2138; x_wconf 90' lang='grc' dir='ltr'><strong>μοι</strong></span> <span class='ocrx_word' id='word_1_160' title='bbox 708 2069 857 2122; x_wconf 86' lang='grc' dir='ltr'>δοκεῖ</span> <span class='ocrx_word' id='word_1_161' title='bbox 885 2069 962 2132; x_wconf 87' lang='grc' dir='ltr'><strong>ὡς</strong></span> <span class='ocrx_word' id='word_1_162' title='bbox 1002 2068 1062 2121; x_wconf 74' lang='grc' dir='ltr'>οὐ</span> <span class='ocrx_word' id='word_1_163' title='bbox 1100 2067 1176 2137; x_wconf 81' lang='grc' dir='ltr'>μὴ</span> <span class='ocrx_word' id='word_1_164' title='bbox 1213 2067 1610 2136; x_wconf 77' lang='grc' dir='ltr'>κρυϐἡσεταιή</span> <span class='ocrx_word' id='word_1_165' title='bbox 1639 2065 1783 2126; x_wconf 58' lang='grc' dir='ltr'><strong>ἀλήλ-</strong></span> 
     </span>
    </p>
   </div>
   <div class='ocr_carea' id='block_1_22' title="bbox 191 2160 1784 2230">
    <p class='ocr_par' dir='ltr' id='par_1_22' title="bbox 191 2160 1784 2230">
     <span class='ocr_line' id='line_1_22' title="bbox 191 2160 1784 2230; baseline -0.006 -10"><span class='ocrx_word' id='word_1_166' title='bbox 191 2165 339 2220; x_wconf 86' lang='grc' dir='ltr'>θεια.</span> <span class='ocrx_word' id='word_1_167' title='bbox 376 2165 646 2218; x_wconf 76' lang='grc' dir='ltr'>Ἄκουσον</span> <span class='ocrx_word' id='word_1_168' title='bbox 668 2162 849 2216; x_wconf 84' lang='grc' dir='ltr'>τοίνυν</span> <span class='ocrx_word' id='word_1_169' title='bbox 874 2160 1168 2230; x_wconf 77' lang='grc' dir='ltr'>νουνεχῶς.</span> <span class='ocrx_word' id='word_1_170' title='bbox 1237 2160 1402 2230; x_wconf 86' lang='grc' dir='ltr'>Τρεῖς</span> <span class='ocrx_word' id='word_1_171' title='bbox 1439 2160 1582 2212; x_wconf 84' lang='grc' dir='ltr'>εἰσιν</span> <span class='ocrx_word' id='word_1_172' title='bbox 1617 2174 1784 2227; x_wconf 87' lang='grc' dir='ltr'>νομο-</span> 
     </span>
    </p>
   </div>
   <div class='ocr_carea' id='block_1_23' title="bbox 192 2255 1782 2335">
    <p class='ocr_par' dir='ltr' id='par_1_23' title="bbox 192 2255 1782 2335">
     <span class='ocr_line' id='line_1_23' title="bbox 192 2255 1782 2335; baseline -0.002 -23"><span class='ocrx_word' id='word_1_173' title='bbox 192 2260 349 2314; x_wconf 82' lang='grc' dir='ltr'>θέται</span> <span class='ocrx_word' id='word_1_174' title='bbox 383 2260 436 2313; x_wconf 76' lang='grc' dir='ltr'>οἱ</span> <span class='ocrx_word' id='word_1_175' title='bbox 458 2259 773 2325; x_wconf 78' lang='grc' dir='ltr'>διδάξαντες</span> <span class='ocrx_word' id='word_1_176' title='bbox 815 2259 1014 2328; x_wconf 84' lang='grc' dir='ltr'>νόμους</span> <span class='ocrx_word' id='word_1_177' title='bbox 1051 2256 1380 2319; x_wconf 84' lang='grc' dir='ltr'>καθολικούς</span> <span class='ocrx_word' id='word_1_178' title='bbox 1412 2272 1427 2288; x_wconf 71' lang='grc' dir='ltr'>θ</span> <span class='ocrx_word' id='word_1_179' title='bbox 1463 2259 1492 2310; x_wconf 97' lang='lat'><strong>6</strong></span> <span class='ocrx_word' id='word_1_180' title='bbox 1516 2255 1782 2335; x_wconf 68' lang='grc' dir='ltr'>Μωῦσῆς,</span> 
     </span>
    </p>
   </div>
   <div class='ocr_carea' id='block_1_24' title="bbox 190 2335 1784 2426">
    <p class='ocr_par' dir='ltr' id='par_1_24' title="bbox 190 2335 1784 2426">
     <span class='ocr_line' id='line_1_24' title="bbox 190 2335 1784 2426; baseline -0.003 -19"><span class='ocrx_word' id='word_1_181' title='bbox 190 2335 236 2422; x_wconf 66' lang='grc' dir='ltr'>ᾧ</span> <span class='ocrx_word' id='word_1_182' title='bbox 259 2355 608 2426; x_wconf 69' lang='grc' dir='ltr'><strong>ἠκολούθησε</strong></span> <span class='ocrx_word' id='word_1_183' title='bbox 643 2356 705 2408; x_wconf 76' lang='grc' dir='ltr'>τὸ</span> <span class='ocrx_word' id='word_1_184' title='bbox 728 2356 887 2422; x_wconf 75' lang='grc' dir='ltr'>γένος</span> <span class='ocrx_word' id='word_1_185' title='bbox 915 2355 1024 2406; x_wconf 71' lang='grc' dir='ltr'>τῶν</span> <span class='ocrx_word' id='word_1_186' title='bbox 1053 2352 1326 2422; x_wconf 80' lang='grc' dir='ltr'>Ἐϐραίων</span> <span class='ocrx_word' id='word_1_187' title='bbox 1347 2367 1364 2383; x_wconf 89' lang='grc'><strong>·</strong></span> <span class='ocrx_word' id='word_1_188' title='bbox 1393 2353 1422 2404; x_wconf 89' lang='lat'><strong>6</strong></span> <span class='ocrx_word' id='word_1_189' title='bbox 1458 2349 1719 2420; x_wconf 74' lang='grc' dir='ltr'>Χριστὸς,</span> <span class='ocrx_word' id='word_1_190' title='bbox 1740 2342 1784 2416; x_wconf 86' lang='grc' dir='ltr'><strong>ᾧ</strong></span> 
     </span>
    </p>
   </div>
   <div class='ocr_carea' id='block_1_25' title="bbox 194 2440 1786 2521">
    <p class='ocr_par' dir='ltr' id='par_1_25' title="bbox 194 2440 1786 2521">
     <span class='ocr_line' id='line_1_25' title="bbox 194 2440 1786 2521; baseline -0.007 -18"><span class='ocrx_word' id='word_1_191' title='bbox 194 2449 588 2521; x_wconf 78' lang='grc' dir='ltr'>ὴκολούθησαν</span> <span class='ocrx_word' id='word_1_192' title='bbox 626 2449 813 2507; x_wconf 78' lang='grc' dir='ltr'>πάντα</span> <span class='ocrx_word' id='word_1_193' title='bbox 851 2446 918 2506; x_wconf 77' lang='grc' dir='ltr'>τὰ</span> <span class='ocrx_word' id='word_1_194' title='bbox 969 2445 1099 2514; x_wconf 76' lang='grc' dir='ltr'>ἔθνη</span> <span class='ocrx_word' id='word_1_195' title='bbox 1144 2443 1236 2498; x_wconf 74' lang='grc' dir='ltr'>καὶ</span> <span class='ocrx_word' id='word_1_196' title='bbox 1263 2442 1315 2496; x_wconf 80' lang='grc' dir='ltr'>οἱ</span> <span class='ocrx_word' id='word_1_197' title='bbox 1364 2442 1446 2505; x_wconf 88' lang='grc' dir='ltr'><strong>είς</strong></span> <span class='ocrx_word' id='word_1_198' title='bbox 1500 2440 1665 2495; x_wconf 77' lang='grc' dir='ltr'>αὐτὸν</span> <span class='ocrx_word' id='word_1_199' title='bbox 1693 2457 1786 2493; x_wconf 85' lang='grc' dir='ltr'>πι-</span> 
     </span>
    </p>
   </div>
   <div class='ocr_carea' id='block_1_26' title="bbox 200 2531 1787 2609">
    <p class='ocr_par' dir='ltr' id='par_1_26' title="bbox 200 2531 1787 2609">
     <span class='ocr_line' id='line_1_26' title="bbox 200 2531 1787 2609; baseline -0.008 -14"><span class='ocrx_word' id='word_1_200' title='bbox 200 2540 546 2602; x_wconf 88' lang='grc' dir='ltr'>στεύσαντες</span> <span class='ocrx_word' id='word_1_201' title='bbox 582 2540 644 2593; x_wconf 74' lang='grc' dir='ltr'>τὸ</span> <span class='ocrx_word' id='word_1_202' title='bbox 670 2538 860 2592; x_wconf 85' lang='grc' dir='ltr'>πλεῖον</span> <span class='ocrx_word' id='word_1_203' title='bbox 890 2537 1061 2609; x_wconf 81' lang='grc' dir='ltr'>μέρος</span> <span class='ocrx_word' id='word_1_204' title='bbox 1082 2536 1195 2589; x_wconf 83' lang='grc' dir='ltr'><strong>τῶν</strong></span> <span class='ocrx_word' id='word_1_205' title='bbox 1224 2533 1519 2606; x_wconf 83' lang='grc' dir='ltr'>Ἐϐραίων,</span> <span class='ocrx_word' id='word_1_206' title='bbox 1539 2531 1662 2586; x_wconf 72' lang='grc' dir='ltr'>ἐπεὶ</span> <span class='ocrx_word' id='word_1_207' title='bbox 1678 2531 1787 2586; x_wconf 83' lang='grc' dir='ltr'><strong>ἀπὸ</strong></span> 
     </span>
    </p>
   </div>
   <div class='ocr_carea' id='block_1_27' title="bbox 197 2625 1787 2703">
    <p class='ocr_par' dir='ltr' id='par_1_27' title="bbox 197 2625 1787 2703">
     <span class='ocr_line' id='line_1_27' title="bbox 197 2625 1787 2703; baseline -0.006 -16"><span class='ocrx_word' id='word_1_208' title='bbox 197 2635 416 2687; x_wconf 86' lang='grc' dir='ltr'>τούτων</span> <span class='ocrx_word' id='word_1_209' title='bbox 447 2633 498 2687; x_wconf 79' lang='grc' dir='ltr'>οἱ</span> <span class='ocrx_word' id='word_1_210' title='bbox 552 2633 629 2703; x_wconf 82' lang='grc' dir='ltr'>μὴ</span> <span class='ocrx_word' id='word_1_211' title='bbox 665 2631 1067 2692; x_wconf 77' lang='grc' dir='ltr'>πιστεύσαντες</span> <span class='ocrx_word' id='word_1_212' title='bbox 1115 2627 1299 2696; x_wconf 83' lang='grc' dir='ltr'>πολλῷ</span> <span class='ocrx_word' id='word_1_213' title='bbox 1336 2626 1596 2689; x_wconf 86' lang='grc' dir='ltr'>ἐλάττους</span> <span class='ocrx_word' id='word_1_214' title='bbox 1648 2625 1787 2678; x_wconf 71' lang='grc' dir='ltr'>είσὶν</span> 
     </span>
    </p>
   </div>
   <div class='ocr_carea' id='block_1_28' title="bbox 193 2716 1788 2793">
    <p class='ocr_par' dir='ltr' id='par_1_28' title="bbox 193 2716 1788 2793">
     <span class='ocr_line' id='line_1_28' title="bbox 193 2716 1788 2793; baseline -0.006 -13"><span class='ocrx_word' id='word_1_215' title='bbox 193 2725 390 2780; x_wconf 74' lang='grc' dir='ltr'>αὐτῶν</span> <span class='ocrx_word' id='word_1_216' title='bbox 421 2726 488 2793; x_wconf 82' lang='grc' dir='ltr'>δὴ</span> <span class='ocrx_word' id='word_1_217' title='bbox 516 2724 625 2778; x_wconf 82' lang='grc' dir='ltr'><strong>τῶν</strong></span> <span class='ocrx_word' id='word_1_218' title='bbox 664 2723 1083 2776; x_wconf 80' lang='grc' dir='ltr'>πιστευσάντων</span> <span class='ocrx_word' id='word_1_219' title='bbox 1106 2720 1199 2774; x_wconf 72' lang='grc' dir='ltr'>καὶ</span> <span class='ocrx_word' id='word_1_220' title='bbox 1248 2718 1439 2792; x_wconf 77' lang='grc' dir='ltr'>σχεδὸν</span> <span class='ocrx_word' id='word_1_221' title='bbox 1473 2716 1788 2789; x_wconf 86' lang='grc' dir='ltr'>εὐαρίθμη-</span> 
     </span>
    </p>
   </div>
   <div class='ocr_carea' id='block_1_29' title="bbox 192 2809 1788 2887">
    <p class='ocr_par' dir='ltr' id='par_1_29' title="bbox 192 2809 1788 2887">
     <span class='ocr_line' id='line_1_29' title="bbox 192 2809 1788 2887; baseline -0.007 -15"><span class='ocrx_word' id='word_1_222' title='bbox 192 2827 279 2872; x_wconf 68' lang='lat' dir='ltr'><strong>tot</strong></span> <span class='ocrx_word' id='word_1_223' title='bbox 313 2833 330 2849; x_wconf 77' lang='grc' dir='ltr'><strong>ο</strong></span> <span class='ocrx_word' id='word_1_224' title='bbox 364 2819 466 2871; x_wconf 70' lang='grc' dir='ltr'>καὶ</span> <span class='ocrx_word' id='word_1_225' title='bbox 494 2819 523 2871; x_wconf 89' lang='lat'><strong>6</strong></span> <span class='ocrx_word' id='word_1_226' title='bbox 548 2816 819 2887; x_wconf 83' lang='grc' dir='ltr'>Μωάμεθ,</span> <span class='ocrx_word' id='word_1_227' title='bbox 849 2809 894 2884; x_wconf 77' lang='grc' dir='ltr'>ᾧ</span> <span class='ocrx_word' id='word_1_228' title='bbox 932 2814 1311 2882; x_wconf 75' lang='grc' dir='ltr'>ἠκολούθησαν</span> <span class='ocrx_word' id='word_1_229' title='bbox 1348 2812 1401 2866; x_wconf 90' lang='grc' dir='ltr'><strong>οί</strong></span> <span class='ocrx_word' id='word_1_230' title='bbox 1429 2810 1788 2879; x_wconf 83' lang='grc' dir='ltr'>Μουσουλμά-</span> 
     </span>
    </p>
   </div>
   <div class='ocr_carea' id='block_1_30' title="bbox 188 2900 1788 2977">
    <p class='ocr_par' dir='ltr' id='par_1_30' title="bbox 188 2900 1788 2977">
     <span class='ocr_line' id='line_1_30' title="bbox 188 2900 1788 2977; baseline -0.005 -15"><span class='ocrx_word' id='word_1_231' title='bbox 188 2920 300 2963; x_wconf 86' lang='grc' dir='ltr'>νοι.</span> <span class='ocrx_word' id='word_1_232' title='bbox 339 2909 518 2962; x_wconf 77' lang='grc' dir='ltr'>Ἀνευ</span> <span class='ocrx_word' id='word_1_233' title='bbox 540 2906 749 2960; x_wconf 85' lang='grc' dir='ltr'>τούτων</span> <span class='ocrx_word' id='word_1_234' title='bbox 779 2904 845 2977; x_wconf 78' lang='grc' dir='ltr'>δὴ</span> <span class='ocrx_word' id='word_1_235' title='bbox 866 2906 980 2960; x_wconf 85' lang='grc' dir='ltr'><strong>τῶν</strong></span> <span class='ocrx_word' id='word_1_236' title='bbox 1006 2904 1180 2976; x_wconf 84' lang='grc' dir='ltr'>τριῶν</span> <span class='ocrx_word' id='word_1_237' title='bbox 1205 2902 1398 2973; x_wconf 67' lang='grc' dir='ltr'>ἕτερός</span> <span class='ocrx_word' id='word_1_238' title='bbox 1443 2919 1531 2964; x_wconf 92' lang='grc' dir='ltr'><strong>τις</strong></span> <span class='ocrx_word' id='word_1_239' title='bbox 1564 2900 1788 2966; x_wconf 80' lang='grc' dir='ltr'>διδάξας</span> 
     </span>
    </p>
   </div>
   <div class='ocr_carea' id='block_1_31' title="bbox 190 2994 1787 3071">
    <p class='ocr_par' dir='ltr' id='par_1_31' title="bbox 190 2994 1787 3071">
     <span class='ocr_line' id='line_1_31' title="bbox 190 2994 1787 3071; baseline -0.006 -17"><span class='ocrx_word' id='word_1_240' title='bbox 190 3000 291 3054; x_wconf 71' lang='grc' dir='ltr'>καὶ</span> <span class='ocrx_word' id='word_1_241' title='bbox 319 2999 454 3064; x_wconf 74' lang='grc' dir='ltr'>δοὺς</span> <span class='ocrx_word' id='word_1_242' title='bbox 477 2999 646 3071; x_wconf 83' lang='grc' dir='ltr'>νόμον</span> <span class='ocrx_word' id='word_1_243' title='bbox 671 3001 775 3055; x_wconf 84' lang='grc' dir='ltr'>οὐκ</span> <span class='ocrx_word' id='word_1_244' title='bbox 800 3001 970 3053; x_wconf 80' lang='grc' dir='ltr'>ἐστιν.</span> <span class='ocrx_word' id='word_1_245' title='bbox 1014 2997 1160 3051; x_wconf 80' lang='grc' dir='ltr'>Ἀλλ’</span> <span class='ocrx_word' id='word_1_246' title='bbox 1182 2998 1211 3052; x_wconf 93' lang='lat'><strong>6</strong></span> <span class='ocrx_word' id='word_1_247' title='bbox 1245 2996 1349 3068; x_wconf 74' lang='grc' dir='ltr'>μὲν</span> <span class='ocrx_word' id='word_1_248' title='bbox 1386 2994 1638 3064; x_wconf 79' lang='grc' dir='ltr'>Μωῦσῆς</span> <span class='ocrx_word' id='word_1_249' title='bbox 1689 3009 1787 3062; x_wconf 87' lang='grc' dir='ltr'>με-</span> 
     </span>
    </p>
   </div>
   <div class='ocr_carea' id='block_1_32' title="bbox 193 3081 1789 3169">
    <p class='ocr_par' dir='ltr' id='par_1_32' title="bbox 193 3081 1789 3169">
     <span class='ocr_line' id='line_1_32' title="bbox 193 3081 1789 3169; baseline -0.005 -25"><span class='ocrx_word' id='word_1_250' title='bbox 193 3090 573 3162; x_wconf 82' lang='grc' dir='ltr'>μαρτύρηται</span> <span class='ocrx_word' id='word_1_251' title='bbox 636 3088 1057 3169; x_wconf 72' lang='grc' dir='ltr'>ἀπεσταλμένος</span> <span class='ocrx_word' id='word_1_252' title='bbox 1101 3085 1248 3144; x_wconf 78' lang='grc' dir='ltr'>εἶναι</span> <span class='ocrx_word' id='word_1_253' title='bbox 1293 3086 1447 3155; x_wconf 85' lang='grc' dir='ltr'>παρά</span> <span class='ocrx_word' id='word_1_254' title='bbox 1479 3083 1644 3140; x_wconf 86' lang='grc' dir='ltr'>Θεοῦ.</span> <span class='ocrx_word' id='word_1_255' title='bbox 1695 3081 1789 3150; x_wconf 86' lang='grc' dir='ltr'>Ἐξ</span> 
     </span>
    </p>
   </div>
   <div class='ocr_carea' id='block_1_33' title="bbox 1876 580 3462 652">
    <p class='ocr_par' dir='ltr' id='par_1_33' title="bbox 1876 580 3462 652">
     <span class='ocr_line' id='line_1_33' title="bbox 1876 580 3462 652; baseline -0.001 -18"><span class='ocrx_word' id='word_1_256' title='bbox 1876 582 1973 634; x_wconf 76' lang='grc' dir='ltr'>καὶ</span> <span class='ocrx_word' id='word_1_257' title='bbox 2009 583 2501 652; x_wconf 73' lang='grc' dir='ltr'>ἐθεράπευσε,καὶ</span> <span class='ocrx_word' id='word_1_258' title='bbox 2554 583 2821 652; x_wconf 77' lang='grc' dir='ltr'>προέλεγε</span> <span class='ocrx_word' id='word_1_259' title='bbox 2877 584 2950 637; x_wconf 81' lang='grc' dir='ltr'><strong>τά</strong></span> <span class='ocrx_word' id='word_1_260' title='bbox 2985 583 3334 652; x_wconf 82' lang='grc' dir='ltr'>γενησόμενα</span> <span class='ocrx_word' id='word_1_261' title='bbox 3383 580 3462 642; x_wconf 84' lang='grc' dir='ltr'><strong>ὡς</strong></span> 
     </span>
    </p>
   </div>
   <div class='ocr_carea' id='block_1_34' title="bbox 1878 668 3462 745">
    <p class='ocr_par' dir='ltr' id='par_1_34' title="bbox 1878 668 3462 745">
     <span class='ocr_line' id='line_1_34' title="bbox 1878 668 3462 745; baseline -0.001 -18"><span class='ocrx_word' id='word_1_262' title='bbox 1878 675 2171 744; x_wconf 81' lang='grc' dir='ltr'>προφήτης</span> <span class='ocrx_word' id='word_1_263' title='bbox 2191 714 2206 736; x_wconf 86' lang='grc'><strong>,</strong></span> <span class='ocrx_word' id='word_1_264' title='bbox 2237 668 2321 729; x_wconf 79' lang='grc' dir='ltr'>ὅτι</span> <span class='ocrx_word' id='word_1_265' title='bbox 2349 674 2412 728; x_wconf 83' lang='lat' dir='ltr'><strong>El</strong></span> <span class='ocrx_word' id='word_1_266' title='bbox 2447 675 2547 745; x_wconf 81' lang='grc' dir='ltr'><strong>μέν</strong></span> <span class='ocrx_word' id='word_1_267' title='bbox 2577 674 2877 739; x_wconf 80' lang='grc' dir='ltr'>ἀπολύσεις</span> <span class='ocrx_word' id='word_1_268' title='bbox 2907 674 3000 728; x_wconf 70' lang='grc' dir='ltr'><strong>τὸν</strong></span> <span class='ocrx_word' id='word_1_269' title='bbox 3026 674 3156 728; x_wconf 82' lang='grc' dir='ltr'>λαὸν</span> <span class='ocrx_word' id='word_1_270' title='bbox 3181 672 3275 726; x_wconf 90' lang='grc' dir='ltr'><strong>τοῦ</strong></span> <span class='ocrx_word' id='word_1_271' title='bbox 3300 671 3462 738; x_wconf 89' lang='grc' dir='ltr'>Θεοῦ,</span> 
     </span>
    </p>
   </div>
   <div class='ocr_carea' id='block_1_35' title="bbox 1879 765 3461 837">
    <p class='ocr_par' dir='ltr' id='par_1_35' title="bbox 1879 765 3461 837">
     <span class='ocr_line' id='line_1_35' title="bbox 1879 765 3461 837; baseline 0 -19"><span class='ocrx_word' id='word_1_272' title='bbox 1879 766 2152 820; x_wconf 82' lang='grc' dir='ltr'>ἀπόλυσον</span> <span class='ocrx_word' id='word_1_273' title='bbox 2178 783 2192 800; x_wconf 76' lang='grc' dir='ltr'><strong>ο</strong></span> <span class='ocrx_word' id='word_1_274' title='bbox 2225 769 2275 820; x_wconf 79' lang='grc' dir='ltr'><strong>εί</strong></span> <span class='ocrx_word' id='word_1_275' title='bbox 2307 765 2355 820; x_wconf 82' lang='grc' dir='ltr'>δ’</span> <span class='ocrx_word' id='word_1_276' title='bbox 2385 765 2503 833; x_wconf 77' lang='grc' dir='ltr'>οὖν,</span> <span class='ocrx_word' id='word_1_277' title='bbox 2539 768 2608 821; x_wconf 81' lang='grc' dir='ltr'><strong>τὰ</strong></span> <span class='ocrx_word' id='word_1_278' title='bbox 2647 768 2744 821; x_wconf 78' lang='grc' dir='ltr'><strong>καὶ</strong></span> <span class='ocrx_word' id='word_1_279' title='bbox 2770 767 2839 821; x_wconf 81' lang='grc' dir='ltr'><strong>τὰ</strong></span> <span class='ocrx_word' id='word_1_280' title='bbox 2886 766 3261 837; x_wconf 74' lang='grc' dir='ltr'>συμϐήσονται</span> <span class='ocrx_word' id='word_1_281' title='bbox 3292 766 3376 818; x_wconf 91' lang='grc' dir='ltr'><strong>σοί</strong></span> <span class='ocrx_word' id='word_1_282' title='bbox 3400 782 3461 819; x_wconf 86' lang='grc' dir='ltr'><strong>τε</strong></span> 
     </span>
    </p>
   </div>
   <div class='ocr_carea' id='block_1_36' title="bbox 1878 854 3465 931">
    <p class='ocr_par' dir='ltr' id='par_1_36' title="bbox 1878 854 3465 931">
     <span class='ocr_line' id='line_1_36' title="bbox 1878 854 3465 931; baseline -0.001 -18"><span class='ocrx_word' id='word_1_283' title='bbox 1878 861 1977 913; x_wconf 77' lang='grc' dir='ltr'>καὶ</span> <span class='ocrx_word' id='word_1_284' title='bbox 2012 860 2180 914; x_wconf 77' lang='grc' dir='ltr'>παντὶ</span> <span class='ocrx_word' id='word_1_285' title='bbox 2208 861 2289 931; x_wconf 82' lang='grc' dir='ltr'><strong>τῷ</strong></span> <span class='ocrx_word' id='word_1_286' title='bbox 2310 861 2429 930; x_wconf 86' lang='grc' dir='ltr'>λαῷ</span> <span class='ocrx_word' id='word_1_287' title='bbox 2464 860 2568 930; x_wconf 82' lang='grc' dir='ltr'>τῆς</span> <span class='ocrx_word' id='word_1_288' title='bbox 2609 860 2917 929; x_wconf 76' lang='grc' dir='ltr'>Αἰγύπτου.</span> <span class='ocrx_word' id='word_1_289' title='bbox 2953 854 3064 914; x_wconf 74' lang='grc' dir='ltr'><strong>Καὶ</strong></span> <span class='ocrx_word' id='word_1_290' title='bbox 3095 858 3465 929; x_wconf 84' lang='grc' dir='ltr'>ὑπισχνούμε-</span> 
     </span>
    </p>
   </div>
   <div class='ocr_carea' id='block_1_37' title="bbox 1879 944 3466 1025">
    <p class='ocr_par' dir='ltr' id='par_1_37' title="bbox 1879 944 3466 1025">
     <span class='ocr_line' id='line_1_37' title="bbox 1879 944 3466 1025; baseline -0.001 -21"><span class='ocrx_word' id='word_1_291' title='bbox 1879 968 1970 1013; x_wconf 91' lang='grc' dir='ltr'><strong>νος</strong></span> <span class='ocrx_word' id='word_1_292' title='bbox 1997 952 2199 1022; x_wconf 77' lang='grc' dir='ltr'>Φαραὼ</span> <span class='ocrx_word' id='word_1_293' title='bbox 2225 944 2455 1025; x_wconf 76' lang='grc' dir='ltr'>ποιῆσαι</span> <span class='ocrx_word' id='word_1_294' title='bbox 2506 953 2567 1007; x_wconf 83' lang='grc' dir='ltr'><strong>τδ</strong></span> <span class='ocrx_word' id='word_1_295' title='bbox 2618 953 2771 1023; x_wconf 81' lang='grc' dir='ltr'>ρήμα</span> <span class='ocrx_word' id='word_1_296' title='bbox 2830 951 3040 1018; x_wconf 81' lang='grc' dir='ltr'>Κυρίου</span> <span class='ocrx_word' id='word_1_297' title='bbox 3095 950 3466 1021; x_wconf 74' lang='grc' dir='ltr'>ἐθεραπεύετο</span> 
     </span>
    </p>
   </div>
   <div class='ocr_carea' id='block_1_38' title="bbox 1881 1037 3464 1112">
    <p class='ocr_par' dir='ltr' id='par_1_38' title="bbox 1881 1037 3464 1112">
     <span class='ocr_line' id='line_1_38' title="bbox 1881 1037 3464 1112; baseline -0.001 -18"><span class='ocrx_word' id='word_1_298' title='bbox 1881 1042 2035 1112; x_wconf 77' lang='grc' dir='ltr'>παρὰ</span> <span class='ocrx_word' id='word_1_299' title='bbox 2065 1041 2160 1095; x_wconf 88' lang='grc' dir='ltr'><strong>τοῦ</strong></span> <span class='ocrx_word' id='word_1_300' title='bbox 2186 1044 2497 1108; x_wconf 77' lang='grc' dir='ltr'>Μωῦσέως,</span> <span class='ocrx_word' id='word_1_301' title='bbox 2521 1044 2597 1107; x_wconf 84' lang='grc' dir='ltr'>ὡς</span> <span class='ocrx_word' id='word_1_302' title='bbox 2619 1043 2872 1111; x_wconf 77' lang='grc' dir='ltr'>ἐξουσίαν</span> <span class='ocrx_word' id='word_1_303' title='bbox 2896 1042 3152 1105; x_wconf 85' lang='grc' dir='ltr'>λαϐόντος</span> <span class='ocrx_word' id='word_1_304' title='bbox 3179 1042 3285 1093; x_wconf 79' lang='grc' dir='ltr'><strong>ἀπὸ</strong></span> <span class='ocrx_word' id='word_1_305' title='bbox 3303 1037 3464 1094; x_wconf 83' lang='grc' dir='ltr'>Θεοῦ.</span> 
     </span>
    </p>
   </div>
   <div class='ocr_carea' id='block_1_39' title="bbox 1880 1132 3466 1204">
    <p class='ocr_par' dir='ltr' id='par_1_39' title="bbox 1880 1132 3466 1204">
     <span class='ocr_line' id='line_1_39' title="bbox 1880 1132 3466 1204; baseline -0.003 -16"><span class='ocrx_word' id='word_1_306' title='bbox 1880 1135 2040 1188; x_wconf 79' lang='grc' dir='ltr'>Μετὰ</span> <span class='ocrx_word' id='word_1_307' title='bbox 2081 1135 2137 1188; x_wconf 75' lang='grc' dir='ltr'>δὲ</span> <span class='ocrx_word' id='word_1_308' title='bbox 2158 1134 2335 1190; x_wconf 90' lang='grc' dir='ltr'>ταῦτα</span> <span class='ocrx_word' id='word_1_309' title='bbox 2367 1136 2628 1202; x_wconf 77' lang='grc' dir='ltr'>ἐξέϐαλεν</span> <span class='ocrx_word' id='word_1_310' title='bbox 2656 1139 2686 1190; x_wconf 93' lang='lat'><strong>6</strong></span> <span class='ocrx_word' id='word_1_311' title='bbox 2711 1134 2963 1204; x_wconf 78' lang='grc' dir='ltr'>Μωῦσῆς</span> <span class='ocrx_word' id='word_1_312' title='bbox 2999 1133 3138 1202; x_wconf 71' lang='grc' dir='ltr'>μετὰ</span> <span class='ocrx_word' id='word_1_313' title='bbox 3174 1132 3466 1203; x_wconf 83' lang='grc' dir='ltr'>βραχίονος</span> 
     </span>
    </p>
   </div>
   <div class='ocr_carea' id='block_1_40' title="bbox 1883 1227 3466 1300">
    <p class='ocr_par' dir='ltr' id='par_1_40' title="bbox 1883 1227 3466 1300">
     <span class='ocr_line' id='line_1_40' title="bbox 1883 1227 3466 1300; baseline -0.001 -20"><span class='ocrx_word' id='word_1_314' title='bbox 1883 1227 2096 1299; x_wconf 69' lang='grc' dir='ltr'>ὑψηλοῦ</span> <span class='ocrx_word' id='word_1_315' title='bbox 2127 1229 2190 1282; x_wconf 84' lang='grc' dir='ltr'>τὸ</span> <span class='ocrx_word' id='word_1_316' title='bbox 2224 1230 2381 1297; x_wconf 85' lang='grc' dir='ltr'>γένος</span> <span class='ocrx_word' id='word_1_317' title='bbox 2430 1230 2541 1284; x_wconf 84' lang='grc' dir='ltr'><strong>τῶν</strong></span> <span class='ocrx_word' id='word_1_318' title='bbox 2590 1229 2868 1300; x_wconf 86' lang='grc' dir='ltr'>Ἐϐραίων</span> <span class='ocrx_word' id='word_1_319' title='bbox 2901 1233 2964 1282; x_wconf 83' lang='grc' dir='ltr'><strong>ἐκ</strong></span> <span class='ocrx_word' id='word_1_320' title='bbox 3022 1230 3130 1297; x_wconf 76' lang='grc' dir='ltr'>γῆς</span> <span class='ocrx_word' id='word_1_321' title='bbox 3188 1229 3466 1297; x_wconf 79' lang='grc' dir='ltr'>Αἰγύπτου</span> 
     </span>
    </p>
   </div>
   <div class='ocr_carea' id='block_1_41' title="bbox 1883 1320 3466 1393">
    <p class='ocr_par' dir='ltr' id='par_1_41' title="bbox 1883 1320 3466 1393">
     <span class='ocr_line' id='line_1_41' title="bbox 1883 1320 3466 1393; baseline -0.003 -16"><span class='ocrx_word' id='word_1_322' title='bbox 1883 1322 1982 1377; x_wconf 78' lang='grc' dir='ltr'>καὶ</span> <span class='ocrx_word' id='word_1_323' title='bbox 2009 1322 2110 1389; x_wconf 74' lang='grc' dir='ltr'>τῆς</span> <span class='ocrx_word' id='word_1_324' title='bbox 2132 1321 2385 1384; x_wconf 81' lang='grc' dir='ltr'>δουλείας</span> <span class='ocrx_word' id='word_1_325' title='bbox 2411 1321 2509 1376; x_wconf 91' lang='grc' dir='ltr'><strong>τοῦ</strong></span> <span class='ocrx_word' id='word_1_326' title='bbox 2555 1322 2781 1393; x_wconf 76' lang='grc' dir='ltr'>Φαραὼ,</span> <span class='ocrx_word' id='word_1_327' title='bbox 2809 1321 3155 1387; x_wconf 81' lang='grc' dir='ltr'>καταδιώξας</span> <span class='ocrx_word' id='word_1_328' title='bbox 3194 1321 3240 1373; x_wconf 77' lang='grc' dir='ltr'>δ’</span> <span class='ocrx_word' id='word_1_329' title='bbox 3269 1320 3466 1380; x_wconf 80' lang='grc' dir='ltr'>αὐτοὺς</span> 
     </span>
    </p>
   </div>
   <div class='ocr_carea' id='block_1_42' title="bbox 1881 1400 3469 1484">
    <p class='ocr_par' dir='ltr' id='par_1_42' title="bbox 1881 1400 3469 1484">
     <span class='ocr_line' id='line_1_42' title="bbox 1881 1400 3469 1484; baseline -0.003 -18"><span class='ocrx_word' id='word_1_330' title='bbox 1881 1416 1909 1466; x_wconf 86' lang='grc' dir='ltr'><strong>ό</strong></span> <span class='ocrx_word' id='word_1_331' title='bbox 1940 1400 2143 1482; x_wconf 65' lang='grc' dir='ltr'>Φαραὼ</span> <span class='ocrx_word' id='word_1_332' title='bbox 2175 1411 2467 1481; x_wconf 81' lang='grc' dir='ltr'>ἐποντίσθη</span> <span class='ocrx_word' id='word_1_333' title='bbox 2502 1414 2562 1465; x_wconf 77' lang='grc' dir='ltr'><strong>ἐν</strong></span> <span class='ocrx_word' id='word_1_334' title='bbox 2589 1416 2655 1484; x_wconf 77' lang='grc' dir='ltr'>τῇ</span> <span class='ocrx_word' id='word_1_335' title='bbox 2719 1413 2961 1484; x_wconf 81' lang='grc' dir='ltr'>Ἐρυθρᾷ</span> <span class='ocrx_word' id='word_1_336' title='bbox 3011 1412 3265 1484; x_wconf 74' lang='grc' dir='ltr'>θαλάσσῃ</span> <span class='ocrx_word' id='word_1_337' title='bbox 3324 1410 3469 1481; x_wconf 75' lang='grc' dir='ltr'>μετὰ</span> 
     </span>
    </p>
   </div>
   <div class='ocr_carea' id='block_1_43' title="bbox 1885 1495 3468 1575">
    <p class='ocr_par' dir='ltr' id='par_1_43' title="bbox 1885 1495 3468 1575">
     <span class='ocr_line' id='line_1_43' title="bbox 1885 1495 3468 1575; baseline -0.001 -15"><span class='ocrx_word' id='word_1_338' title='bbox 1885 1507 2073 1574; x_wconf 81' lang='grc' dir='ltr'>πάσης</span> <span class='ocrx_word' id='word_1_339' title='bbox 2132 1505 2232 1574; x_wconf 77' lang='grc' dir='ltr'><strong>τῆς</strong></span> <span class='ocrx_word' id='word_1_340' title='bbox 2289 1506 2555 1573; x_wconf 78' lang='grc' dir='ltr'>στρατιᾶς</span> <span class='ocrx_word' id='word_1_341' title='bbox 2594 1506 2761 1560; x_wconf 85' lang='grc' dir='ltr'>αὑτοῦ</span> <span class='ocrx_word' id='word_1_342' title='bbox 2824 1507 2979 1575; x_wconf 79' lang='grc' dir='ltr'>παρὰ</span> <span class='ocrx_word' id='word_1_343' title='bbox 3016 1502 3114 1558; x_wconf 73' lang='grc' dir='ltr'><strong>τοῦ</strong></span> <span class='ocrx_word' id='word_1_344' title='bbox 3150 1495 3468 1566; x_wconf 65' lang='grc' dir='ltr'>Μωῦσέως.</span> 
     </span>
    </p>
   </div>
   <div class='ocr_carea' id='block_1_44' title="bbox 1882 1596 3472 1668">
    <p class='ocr_par' dir='ltr' id='par_1_44' title="bbox 1882 1596 3472 1668">
     <span class='ocr_line' id='line_1_44' title="bbox 1882 1596 3472 1668; baseline -0.003 -16"><span class='ocrx_word' id='word_1_345' title='bbox 1882 1598 2039 1652; x_wconf 72' lang='grc' dir='ltr'>Μετὰ</span> <span class='ocrx_word' id='word_1_346' title='bbox 2074 1598 2133 1651; x_wconf 81' lang='grc' dir='ltr'>δὲ</span> <span class='ocrx_word' id='word_1_347' title='bbox 2167 1596 2344 1651; x_wconf 85' lang='grc' dir='ltr'>ταῦτα</span> <span class='ocrx_word' id='word_1_348' title='bbox 2378 1599 2711 1661; x_wconf 84' lang='grc' dir='ltr'>περιεπάτει</span> <span class='ocrx_word' id='word_1_349' title='bbox 2774 1600 2832 1652; x_wconf 83' lang='grc' dir='ltr'><strong>ἐν</strong></span> <span class='ocrx_word' id='word_1_350' title='bbox 2864 1600 2932 1667; x_wconf 81' lang='grc' dir='ltr'><strong>τῇ</strong></span> <span class='ocrx_word' id='word_1_351' title='bbox 2983 1600 3178 1668; x_wconf 78' lang='grc' dir='ltr'>ἐρήμῳ</span> <span class='ocrx_word' id='word_1_352' title='bbox 3244 1596 3472 1665; x_wconf 86' lang='grc' dir='ltr'>χρόνους</span> 
     </span>
    </p>
   </div>
   <div class='ocr_carea' id='block_1_45' title="bbox 1883 1687 3471 1760">
    <p class='ocr_par' dir='ltr' id='par_1_45' title="bbox 1883 1687 3471 1760">
     <span class='ocr_line' id='line_1_45' title="bbox 1883 1687 3471 1760; baseline -0.003 -14"><span class='ocrx_word' id='word_1_353' title='bbox 1883 1689 2304 1760; x_wconf 83' lang='grc' dir='ltr'>τεσσαράκοντα</span> <span class='ocrx_word' id='word_1_354' title='bbox 2341 1690 2515 1743; x_wconf 83' lang='grc' dir='ltr'>ποιῶν</span> <span class='ocrx_word' id='word_1_355' title='bbox 2549 1690 2805 1759; x_wconf 80' lang='grc' dir='ltr'>θαύματα</span> <span class='ocrx_word' id='word_1_356' title='bbox 2836 1690 3068 1758; x_wconf 76' lang='grc' dir='ltr'>ἄπειρα.</span> <span class='ocrx_word' id='word_1_357' title='bbox 3108 1688 3277 1741; x_wconf 84' lang='grc' dir='ltr'><strong>Ἀλλά</strong></span> <span class='ocrx_word' id='word_1_358' title='bbox 3307 1687 3471 1758; x_wconf 65' lang='grc'><strong>342</strong></span> 
     </span>
    </p>
   </div>
   <div class='ocr_carea' id='block_1_46' title="bbox 1886 1780 3477 1853">
    <p class='ocr_par' dir='ltr' id='par_1_46' title="bbox 1886 1780 3477 1853">
     <span class='ocr_line' id='line_1_46' title="bbox 1886 1780 3477 1853; baseline -0.004 -14"><span class='ocrx_word' id='word_1_359' title='bbox 1886 1785 1983 1839; x_wconf 75' lang='grc' dir='ltr'>καὶ</span> <span class='ocrx_word' id='word_1_360' title='bbox 2013 1783 2249 1837; x_wconf 80' lang='grc' dir='ltr'>ἐνώπιον</span> <span class='ocrx_word' id='word_1_361' title='bbox 2278 1785 2502 1838; x_wconf 87' lang='grc' dir='ltr'>πάντων</span> <span class='ocrx_word' id='word_1_362' title='bbox 2539 1783 2651 1837; x_wconf 84' lang='grc' dir='ltr'>τῶν</span> <span class='ocrx_word' id='word_1_363' title='bbox 2691 1783 2967 1853; x_wconf 73' lang='grc' dir='ltr'>Ἐϐραίων</span> <span class='ocrx_word' id='word_1_364' title='bbox 3027 1782 3200 1849; x_wconf 75' lang='grc' dir='ltr'>ἀνέϐη</span> <span class='ocrx_word' id='word_1_365' title='bbox 3257 1783 3284 1833; x_wconf 88' lang='lat'><strong>6</strong></span> <span class='ocrx_word' id='word_1_366' title='bbox 3317 1780 3477 1833; x_wconf 79' lang='grc' dir='ltr'><strong>Μωῦ-</strong></span> 
     </span>
    </p>
   </div>
   <div class='ocr_carea' id='block_1_47' title="bbox 1884 1962 3476 2034">
    <p class='ocr_par' dir='ltr' id='par_1_47' title="bbox 1884 1962 3476 2034">
     <span class='ocr_line' id='line_1_47' title="bbox 1884 1962 3476 2034; baseline -0.004 -13"><span class='ocrx_word' id='word_1_367' title='bbox 1884 1968 2055 2023; x_wconf 85' lang='grc' dir='ltr'>δαίων</span> <span class='ocrx_word' id='word_1_368' title='bbox 2088 1968 2227 2034; x_wconf 84' lang='grc' dir='ltr'>πρὸς</span> <span class='ocrx_word' id='word_1_369' title='bbox 2281 1962 2449 2020; x_wconf 80' lang='grc' dir='ltr'>αὐτὸν</span> <span class='ocrx_word' id='word_1_370' title='bbox 2505 1966 2588 2021; x_wconf 73' lang='grc' dir='ltr'>ὅτι</span> <span class='ocrx_word' id='word_1_371' title='bbox 2651 1965 2943 2019; x_wconf 78' lang='grc' dir='ltr'>Ἀνάϐαινε</span> <span class='ocrx_word' id='word_1_372' title='bbox 2978 1966 3058 2027; x_wconf 80' lang='grc' dir='ltr'><strong>είς</strong></span> <span class='ocrx_word' id='word_1_373' title='bbox 3098 1964 3159 2017; x_wconf 79' lang='grc' dir='ltr'>τὸ</span> <span class='ocrx_word' id='word_1_374' title='bbox 3212 1963 3337 2032; x_wconf 80' lang='grc' dir='ltr'>ὅρος</span> <span class='ocrx_word' id='word_1_375' title='bbox 3379 1963 3476 2016; x_wconf 79' lang='grc' dir='ltr'>καὶ</span> 
     </span>
    </p>
   </div>
   <div class='ocr_carea' id='block_1_48' title="bbox 1886 2055 3473 2129">
    <p class='ocr_par' dir='ltr' id='par_1_48' title="bbox 1886 2055 3473 2129">
     <span class='ocr_line' id='line_1_48' title="bbox 1886 2055 3473 2129; baseline -0.003 -16"><span class='ocrx_word' id='word_1_376' title='bbox 1886 2060 2060 2129; x_wconf 81' lang='grc' dir='ltr'>γνῶθι</span> <span class='ocrx_word' id='word_1_377' title='bbox 2084 2062 2145 2112; x_wconf 82' lang='grc' dir='ltr'><strong>τὺ</strong></span> <span class='ocrx_word' id='word_1_378' title='bbox 2179 2060 2272 2112; x_wconf 91' lang='grc' dir='ltr'><strong>τοῦ</strong></span> <span class='ocrx_word' id='word_1_379' title='bbox 2295 2058 2437 2112; x_wconf 83' lang='grc' dir='ltr'>Θεοῦ</span> <span class='ocrx_word' id='word_1_380' title='bbox 2467 2058 2718 2128; x_wconf 72' lang='grc' dir='ltr'>θέλημαο</span> <span class='ocrx_word' id='word_1_381' title='bbox 2761 2060 2927 2128; x_wconf 79' lang='grc' dir='ltr'>ἡμεῖς</span> <span class='ocrx_word' id='word_1_382' title='bbox 2969 2059 3079 2129; x_wconf 81' lang='grc' dir='ltr'>γὰρ</span> <span class='ocrx_word' id='word_1_383' title='bbox 3124 2057 3313 2128; x_wconf 73' lang='grc' dir='ltr'>φωνὴν</span> <span class='ocrx_word' id='word_1_384' title='bbox 3335 2055 3473 2109; x_wconf 84' lang='grc' dir='ltr'>Θεοῦ</span> 
     </span>
    </p>
   </div>
   <div class='ocr_carea' id='block_1_49' title="bbox 1884 2149 3474 2223">
    <p class='ocr_par' dir='ltr' id='par_1_49' title="bbox 1884 2149 3474 2223">
     <span class='ocr_line' id='line_1_49' title="bbox 1884 2149 3474 2223; baseline -0.003 -17"><span class='ocrx_word' id='word_1_385' title='bbox 1884 2149 2122 2206; x_wconf 82' lang='grc' dir='ltr'>ἀκοῦσαι</span> <span class='ocrx_word' id='word_1_386' title='bbox 2155 2151 2219 2206; x_wconf 82' lang='grc' dir='ltr'>οὐ</span> <span class='ocrx_word' id='word_1_387' title='bbox 2271 2152 2579 2223; x_wconf 80' lang='grc' dir='ltr'>δυνάμεθα,</span> <span class='ocrx_word' id='word_1_388' title='bbox 2631 2152 2844 2221; x_wconf 84' lang='grc' dir='ltr'>μήποτε</span> <span class='ocrx_word' id='word_1_389' title='bbox 2876 2151 3313 2219; x_wconf 85' lang='grc' dir='ltr'>τελευτήσωμεν.</span> <span class='ocrx_word' id='word_1_390' title='bbox 3362 2151 3474 2204; x_wconf 72' lang='grc' dir='ltr'><strong>Καὶ</strong></span> 
     </span>
    </p>
   </div>
   <div class='ocr_carea' id='block_1_50' title="bbox 1886 2242 3477 2315">
    <p class='ocr_par' dir='ltr' id='par_1_50' title="bbox 1886 2242 3477 2315">
     <span class='ocr_line' id='line_1_50' title="bbox 1886 2242 3477 2315; baseline -0.004 -15"><span class='ocrx_word' id='word_1_391' title='bbox 1886 2247 1915 2300; x_wconf 90' lang='lat'><strong>6</strong></span> <span class='ocrx_word' id='word_1_392' title='bbox 1944 2244 2077 2309; x_wconf 79' lang='grc' dir='ltr'>λαὸς</span> <span class='ocrx_word' id='word_1_393' title='bbox 2106 2245 2297 2298; x_wconf 80' lang='grc' dir='ltr'>ἵστατο</span> <span class='ocrx_word' id='word_1_394' title='bbox 2331 2245 2616 2315; x_wconf 85' lang='grc' dir='ltr'>μακρόθεν</span> <span class='ocrx_word' id='word_1_395' title='bbox 2642 2245 2739 2298; x_wconf 87' lang='grc' dir='ltr'><strong>τοῦ</strong></span> <span class='ocrx_word' id='word_1_396' title='bbox 2774 2245 2936 2315; x_wconf 76' lang='grc' dir='ltr'>ὅρους</span> <span class='ocrx_word' id='word_1_397' title='bbox 3004 2245 3143 2313; x_wconf 80' lang='grc' dir='ltr'>μετὰ</span> <span class='ocrx_word' id='word_1_398' title='bbox 3181 2243 3350 2309; x_wconf 81' lang='grc' dir='ltr'>φόϐου</span> <span class='ocrx_word' id='word_1_399' title='bbox 3379 2242 3477 2296; x_wconf 72' lang='grc' dir='ltr'>καὶ</span> 
     </span>
    </p>
   </div>
   <div class='ocr_carea' id='block_1_51' title="bbox 1888 2332 3476 2408">
    <p class='ocr_par' dir='ltr' id='par_1_51' title="bbox 1888 2332 3476 2408">
     <span class='ocr_line' id='line_1_51' title="bbox 1888 2332 3476 2408; baseline -0.005 -16"><span class='ocrx_word' id='word_1_400' title='bbox 1888 2337 2098 2408; x_wconf 80' lang='grc' dir='ltr'>τρόμου</span> <span class='ocrx_word' id='word_1_401' title='bbox 2133 2338 2579 2407; x_wconf 81' lang='grc' dir='ltr'>προσκυνοῦντες</span> <span class='ocrx_word' id='word_1_402' title='bbox 2642 2335 2722 2406; x_wconf 85' lang='grc' dir='ltr'>τῷ</span> <span class='ocrx_word' id='word_1_403' title='bbox 2779 2334 2899 2404; x_wconf 79' lang='grc' dir='ltr'>Θεῷ</span> <span class='ocrx_word' id='word_1_404' title='bbox 2954 2335 3034 2406; x_wconf 80' lang='grc' dir='ltr'>τῷ</span> <span class='ocrx_word' id='word_1_405' title='bbox 3084 2332 3340 2387; x_wconf 84' lang='grc' dir='ltr'>λαλοῦντι</span> <span class='ocrx_word' id='word_1_406' title='bbox 3397 2333 3476 2400; x_wconf 83' lang='grc' dir='ltr'><strong>τῷ</strong></span> 
     </span>
    </p>
   </div>
   <div class='ocr_carea' id='block_1_52' title="bbox 1887 2420 3475 2497">
    <p class='ocr_par' dir='ltr' id='par_1_52' title="bbox 1887 2420 3475 2497">
     <span class='ocr_line' id='line_1_52' title="bbox 1887 2420 3475 2497; baseline -0.005 -14"><span class='ocrx_word' id='word_1_407' title='bbox 1887 2428 2103 2497; x_wconf 82' lang='grc' dir='ltr'><strong>Μωῦσῇ</strong></span> <span class='ocrx_word' id='word_1_408' title='bbox 2130 2440 2145 2456; x_wconf 83' lang='lat'><strong><em>°</em></strong></span> <span class='ocrx_word' id='word_1_409' title='bbox 2175 2430 2202 2480; x_wconf 77' lang='grc' dir='ltr'>ὁ</span> <span class='ocrx_word' id='word_1_410' title='bbox 2235 2426 2292 2478; x_wconf 80' lang='grc' dir='ltr'>δὲ</span> <span class='ocrx_word' id='word_1_411' title='bbox 2330 2425 2568 2495; x_wconf 79' lang='grc' dir='ltr'>Μωῦσῆς</span> <span class='ocrx_word' id='word_1_412' title='bbox 2606 2424 2826 2479; x_wconf 84' lang='grc' dir='ltr'>ἀκούων</span> <span class='ocrx_word' id='word_1_413' title='bbox 2853 2424 2982 2487; x_wconf 76' lang='grc' dir='ltr'>τοὺς</span> <span class='ocrx_word' id='word_1_414' title='bbox 3007 2424 3202 2493; x_wconf 83' lang='grc' dir='ltr'>λόγους</span> <span class='ocrx_word' id='word_1_415' title='bbox 3216 2422 3310 2476; x_wconf 85' lang='grc' dir='ltr'><strong>τοῦ</strong></span> <span class='ocrx_word' id='word_1_416' title='bbox 3336 2420 3475 2476; x_wconf 86' lang='grc' dir='ltr'>Θεοῦ</span> 
     </span>
    </p>
   </div>
   <div class='ocr_carea' id='block_1_53' title="bbox 1888 2514 3478 2587">
    <p class='ocr_par' dir='ltr' id='par_1_53' title="bbox 1888 2514 3478 2587">
     <span class='ocr_line' id='line_1_53' title="bbox 1888 2514 3478 2587; baseline -0.004 -14"><span class='ocrx_word' id='word_1_417' title='bbox 1888 2519 2045 2587; x_wconf 69' lang='grc' dir='ltr'>ἔλεγε</span> <span class='ocrx_word' id='word_1_418' title='bbox 2102 2518 2335 2582; x_wconf 87' lang='grc' dir='ltr'>τούτους</span> <span class='ocrx_word' id='word_1_419' title='bbox 2396 2521 2512 2581; x_wconf 83' lang='grc' dir='ltr'>τοῖς</span> <span class='ocrx_word' id='word_1_420' title='bbox 2572 2517 2880 2587; x_wconf 80' lang='grc' dir='ltr'>Ἑϐραίοις,</span> <span class='ocrx_word' id='word_1_421' title='bbox 2931 2518 3028 2571; x_wconf 75' lang='grc' dir='ltr'>καὶ</span> <span class='ocrx_word' id='word_1_422' title='bbox 3083 2514 3371 2583; x_wconf 80' lang='grc' dir='ltr'>παρευθὺς</span> <span class='ocrx_word' id='word_1_423' title='bbox 3416 2515 3478 2567; x_wconf 81' lang='grc' dir='ltr'>τὸ</span> 
     </span>
    </p>
   </div>
   <div class='ocr_carea' id='block_1_54' title="bbox 1888 2607 3478 2681">
    <p class='ocr_par' dir='ltr' id='par_1_54' title="bbox 1888 2607 3478 2681">
     <span class='ocr_line' id='line_1_54' title="bbox 1888 2607 3478 2681; baseline -0.001 -19"><span class='ocrx_word' id='word_1_424' title='bbox 1888 2609 2130 2681; x_wconf 77' lang='grc' dir='ltr'>λαληθὲν</span> <span class='ocrx_word' id='word_1_425' title='bbox 2163 2608 2496 2681; x_wconf 82' lang='grc' dir='ltr'>ἐπληροῦτο.</span> <span class='ocrx_word' id='word_1_426' title='bbox 2524 2608 2671 2662; x_wconf 84' lang='grc' dir='ltr'>Ἀλλ’</span> <span class='ocrx_word' id='word_1_427' title='bbox 2725 2610 2986 2663; x_wconf 77' lang='grc' dir='ltr'>οὐδέποτε</span> <span class='ocrx_word' id='word_1_428' title='bbox 3033 2608 3300 2677; x_wconf 80' lang='grc' dir='ltr'>ἐκίνησαν</span> <span class='ocrx_word' id='word_1_429' title='bbox 3347 2607 3478 2671; x_wconf 78' lang='grc' dir='ltr'>τοὺς</span> 
     </span>
    </p>
   </div>
   <div class='ocr_carea' id='block_1_55' title="bbox 1891 2698 3478 2775">
    <p class='ocr_par' dir='ltr' id='par_1_55' title="bbox 1891 2698 3478 2775">
     <span class='ocr_line' id='line_1_55' title="bbox 1891 2698 3478 2775; baseline -0.003 -20"><span class='ocrx_word' id='word_1_430' title='bbox 1891 2703 2320 2775; x_wconf 70' lang='grc' dir='ltr'>τεσσαράκοντα</span> <span class='ocrx_word' id='word_1_431' title='bbox 2357 2704 2588 2773; x_wconf 81' lang='grc' dir='ltr'>χρόνους</span> <span class='ocrx_word' id='word_1_432' title='bbox 2619 2702 2730 2757; x_wconf 74' lang='grc' dir='ltr'>άπὸ</span> <span class='ocrx_word' id='word_1_433' title='bbox 2752 2700 2845 2757; x_wconf 79' lang='grc' dir='ltr'><strong>τοῦ</strong></span> <span class='ocrx_word' id='word_1_434' title='bbox 2875 2702 3049 2754; x_wconf 86' lang='grc' dir='ltr'>τόπου</span> <span class='ocrx_word' id='word_1_435' title='bbox 3110 2700 3293 2754; x_wconf 75' lang='grc' dir='ltr'>αὐτῶν</span> <span class='ocrx_word' id='word_1_436' title='bbox 3343 2698 3478 2753; x_wconf 77' lang='grc' dir='ltr'>ἄνευ</span> 
     </span>
    </p>
   </div>
   <div class='ocr_carea' id='block_1_56' title="bbox 1890 2791 3483 2868">
    <p class='ocr_par' dir='ltr' id='par_1_56' title="bbox 1890 2791 3483 2868">
     <span class='ocr_line' id='line_1_56' title="bbox 1890 2791 3483 2868; baseline -0.001 -20"><span class='ocrx_word' id='word_1_437' title='bbox 1890 2794 2056 2863; x_wconf 83' lang='grc' dir='ltr'>λόγου</span> <span class='ocrx_word' id='word_1_438' title='bbox 2098 2795 2196 2849; x_wconf 89' lang='grc' dir='ltr'><strong>τοῦ</strong></span> <span class='ocrx_word' id='word_1_439' title='bbox 2227 2795 2387 2849; x_wconf 85' lang='grc' dir='ltr'>Θεοῦ.</span> <span class='ocrx_word' id='word_1_440' title='bbox 2416 2797 2665 2865; x_wconf 81' lang='grc' dir='ltr'>Μωΰσῆς</span> <span class='ocrx_word' id='word_1_441' title='bbox 2690 2795 2824 2868; x_wconf 85' lang='grc' dir='ltr'>γὰρ,</span> <span class='ocrx_word' id='word_1_442' title='bbox 2854 2794 3022 2865; x_wconf 70' lang='grc' dir='ltr'>φησὶν</span> <span class='ocrx_word' id='word_1_443' title='bbox 3054 2796 3088 2863; x_wconf 88' lang='grc' dir='ltr'>ἠ</span> <span class='ocrx_word' id='word_1_444' title='bbox 3116 2791 3337 2865; x_wconf 75' lang='grc' dir='ltr'>Γραφη,</span> <span class='ocrx_word' id='word_1_445' title='bbox 3357 2791 3483 2846; x_wconf 77' lang='grc' dir='ltr'>ἐλά-</span> 
     </span>
    </p>
   </div>
   <div class='ocr_carea' id='block_1_57' title="bbox 1891 2883 3481 2960">
    <p class='ocr_par' dir='ltr' id='par_1_57' title="bbox 1891 2883 3481 2960">
     <span class='ocr_line' id='line_1_57' title="bbox 1891 2883 3481 2960; baseline -0.001 -22"><span class='ocrx_word' id='word_1_446' title='bbox 1891 2885 1998 2949; x_wconf 87' lang='grc' dir='ltr'>λει,</span> <span class='ocrx_word' id='word_1_447' title='bbox 2031 2887 2130 2940; x_wconf 81' lang='grc' dir='ltr'>καὶ</span> <span class='ocrx_word' id='word_1_448' title='bbox 2158 2889 2188 2941; x_wconf 91' lang='lat'><strong>6</strong></span> <span class='ocrx_word' id='word_1_449' title='bbox 2222 2887 2359 2949; x_wconf 79' lang='grc' dir='ltr'>Θεὸς</span> <span class='ocrx_word' id='word_1_450' title='bbox 2388 2888 2731 2960; x_wconf 86' lang='grc' dir='ltr'>ἁπεκρίνατο</span> <span class='ocrx_word' id='word_1_451' title='bbox 2757 2885 2936 2958; x_wconf 71' lang='grc' dir='ltr'>φωνῇ.</span> <span class='ocrx_word' id='word_1_452' title='bbox 2984 2886 3140 2940; x_wconf 83' lang='grc' dir='ltr'>Μετὰ</span> <span class='ocrx_word' id='word_1_453' title='bbox 3185 2884 3322 2953; x_wconf 87' lang='grc' dir='ltr'>γοῦν</span> <span class='ocrx_word' id='word_1_454' title='bbox 3368 2883 3481 2938; x_wconf 78' lang='grc' dir='ltr'><strong>τῶν</strong></span> 
     </span>
    </p>
   </div>
   <div class='ocr_carea' id='block_1_58' title="bbox 1892 2975 3481 3050">
    <p class='ocr_par' dir='ltr' id='par_1_58' title="bbox 1892 2975 3481 3050">
     <span class='ocr_line' id='line_1_58' title="bbox 1892 2975 3481 3050; baseline -0.004 -16"><span class='ocrx_word' id='word_1_455' title='bbox 1892 2979 2110 3034; x_wconf 85' lang='grc' dir='ltr'>πολλῶν</span> <span class='ocrx_word' id='word_1_456' title='bbox 2163 2978 2490 3050; x_wconf 87' lang='grc' dir='ltr'>μαρτυριῶν</span> <span class='ocrx_word' id='word_1_457' title='bbox 2517 2997 2579 3034; x_wconf 89' lang='grc' dir='ltr'><strong>τε</strong></span> <span class='ocrx_word' id='word_1_458' title='bbox 2614 2979 2712 3033; x_wconf 78' lang='grc' dir='ltr'>καὶ</span> <span class='ocrx_word' id='word_1_459' title='bbox 2762 2979 3063 3049; x_wconf 86' lang='grc' dir='ltr'>θαυμάτων</span> <span class='ocrx_word' id='word_1_460' title='bbox 3111 2977 3344 3044; x_wconf 80' lang='grc' dir='ltr'>ἐξέδωκε</span> <span class='ocrx_word' id='word_1_461' title='bbox 3388 2975 3481 3029; x_wconf 60' lang='grc' dir='ltr'>τὶν</span> 
     </span>
    </p>
   </div>
   <div class='ocr_carea' id='block_1_59' title="bbox 1891 3071 3481 3142">
    <p class='ocr_par' dir='ltr' id='par_1_59' title="bbox 1891 3071 3481 3142">
     <span class='ocr_line' id='line_1_59' title="bbox 1891 3071 3481 3142; baseline -0.002 -16"><span class='ocrx_word' id='word_1_462' title='bbox 1891 3071 2057 3142; x_wconf 88' lang='grc' dir='ltr'>νόμον</span> <span class='ocrx_word' id='word_1_463' title='bbox 2088 3073 2202 3136; x_wconf 85' lang='grc' dir='ltr'>τοῖς</span> <span class='ocrx_word' id='word_1_464' title='bbox 2230 3071 2534 3139; x_wconf 82' lang='grc' dir='ltr'>Ἰουδαίοις,</span> <span class='ocrx_word' id='word_1_465' title='bbox 2561 3074 2659 3127; x_wconf 70' lang='grc' dir='ltr'>καὶ</span> <span class='ocrx_word' id='word_1_466' title='bbox 2693 3071 3151 3137; x_wconf 65' lang='grc' dir='ltr'>ἐδέξαντοτοῦτον</span> <span class='ocrx_word' id='word_1_467' title='bbox 3168 3071 3283 3124; x_wconf 68' lang='grc' dir='ltr'>ικαὶ</span> <span class='ocrx_word' id='word_1_468' title='bbox 3301 3085 3481 3141; x_wconf 86' lang='grc' dir='ltr'>προσ-</span> 
     </span>
    </p>
   </div>
   <div class='ocr_carea' id='block_1_60' title="bbox 185 3161 3483 3276">
    <p class='ocr_par' dir='ltr' id='par_1_60' title="bbox 185 3161 3483 3276">
     <span class='ocr_line' id='line_1_60' title="bbox 185 3161 3483 3276; baseline -0.006 -39"><span class='ocrx_word' id='word_1_469' title='bbox 185 3161 378 3253; x_wconf 61' lang='grc' dir='ltr'>ἀρχῆς</span> <span class='ocrx_word' id='word_1_470' title='bbox 405 3181 496 3235; x_wconf 70' lang='grc' dir='ltr'>ἔτι</span> <span class='ocrx_word' id='word_1_471' title='bbox 528 3180 609 3235; x_wconf 80' lang='grc' dir='ltr'>ὢν</span> <span class='ocrx_word' id='word_1_472' title='bbox 640 3182 699 3236; x_wconf 81' lang='grc' dir='ltr'><strong>ἐν</strong></span> <span class='ocrx_word' id='word_1_473' title='bbox 729 3182 795 3251; x_wconf 78' lang='grc' dir='ltr'><strong>τῇ</strong></span> <span class='ocrx_word' id='word_1_474' title='bbox 823 3161 1104 3250; x_wconf 49' lang='grc' dir='ltr'>Ἀίγύπτῳ</span> <span class='ocrx_word' id='word_1_475' title='bbox 1147 3179 1378 3246; x_wconf 83' lang='grc' dir='ltr'>ἐποίησε</span> <span class='ocrx_word' id='word_1_476' title='bbox 1427 3177 1635 3247; x_wconf 74' lang='grc' dir='ltr'>σημεῖα</span> <span class='ocrx_word' id='word_1_477' title='bbox 1693 3173 1788 3227; x_wconf 75' lang='grc' dir='ltr'>καὶ</span> <span class='ocrx_word' id='word_1_478' title='bbox 1812 3211 1859 3276; x_wconf 76' lang='lat' dir='ltr'><strong>C</strong></span> <span class='ocrx_word' id='word_1_479' title='bbox 1893 3164 2202 3276; x_wconf 40' lang='lat' dir='ltr'><strong>suffusum,</strong></span> <span class='ocrx_word' id='word_1_480' title='bbox 2221 3165 2317 3220; x_wconf 81' lang='grc' dir='ltr'>καὶ</span> <span class='ocrx_word' id='word_1_481' title='bbox 2350 3166 2672 3276; x_wconf 59' lang='grc' dir='ltr'>παρέλαϐον</span> <span class='ocrx_word' id='word_1_482' title='bbox 2694 3166 2788 3221; x_wconf 85' lang='grc' dir='ltr'><strong>τδν</strong></span> <span class='ocrx_word' id='word_1_483' title='bbox 2820 3165 2976 3237; x_wconf 81' lang='grc' dir='ltr'>παρὰ</span> <span class='ocrx_word' id='word_1_484' title='bbox 3038 3164 3137 3220; x_wconf 88' lang='grc' dir='ltr'><strong>τοῦ</strong></span> <span class='ocrx_word' id='word_1_485' title='bbox 3194 3161 3483 3225; x_wconf 62' lang='lat' dir='ltr'><strong>Mentissa);</strong></span> 
     </span>
    </p>
   </div>
   <div class='ocr_carea' id='block_1_61' title="bbox 181 3257 3069 3347">
    <p class='ocr_par' dir='ltr' id='par_1_61' title="bbox 181 3257 3069 3347">
     <span class='ocr_line' id='line_1_61' title="bbox 181 3257 3069 3347; baseline -0.002 -19"><span class='ocrx_word' id='word_1_486' title='bbox 181 3275 403 3347; x_wconf 82' lang='grc' dir='ltr'>τέρατα</span> <span class='ocrx_word' id='word_1_487' title='bbox 444 3274 687 3345; x_wconf 86' lang='grc' dir='ltr'>μεγάλα,</span> <span class='ocrx_word' id='word_1_488' title='bbox 723 3273 817 3327; x_wconf 68' lang='grc' dir='ltr'>καὶ</span> <span class='ocrx_word' id='word_1_489' title='bbox 845 3271 1114 3344; x_wconf 86' lang='grc' dir='ltr'>ἐμάστιξε</span> <span class='ocrx_word' id='word_1_490' title='bbox 1144 3269 1247 3340; x_wconf 78' lang='grc' dir='ltr'>τὴν</span> <span class='ocrx_word' id='word_1_491' title='bbox 1274 3269 1576 3338; x_wconf 62' lang='grc' dir='ltr'>Αιγυπτον,</span> <span class='ocrx_word' id='word_1_492' title='bbox 1640 3265 1779 3321; x_wconf 70' lang='grc' dir='ltr'>ἐπά-</span> <span class='ocrx_word' id='word_1_493' title='bbox 1814 3257 1858 3276; x_wconf 63' lang='grc' dir='ltr'>υ</span> <span class='ocrx_word' id='word_1_494' title='bbox 1889 3257 2118 3313; x_wconf 78' lang='grc' dir='ltr'>δοθέντα</span> <span class='ocrx_word' id='word_1_495' title='bbox 2145 3257 2314 3331; x_wconf 78' lang='grc' dir='ltr'>νόμον</span> <span class='ocrx_word' id='word_1_496' title='bbox 2336 3257 2414 3325; x_wconf 77' lang='grc' dir='ltr'>ὡς</span> <span class='ocrx_word' id='word_1_497' title='bbox 2458 3259 2554 3313; x_wconf 82' lang='grc' dir='ltr'>τοῦ</span> <span class='ocrx_word' id='word_1_498' title='bbox 2592 3258 2735 3313; x_wconf 77' lang='grc' dir='ltr'>Θεοῦ</span> <span class='ocrx_word' id='word_1_499' title='bbox 2767 3260 2953 3332; x_wconf 83' lang='grc' dir='ltr'>νόμον.</span> <span class='ocrx_word' id='word_1_500' title='bbox 3064 3302 3069 3307; x_wconf 66' lang='grc' dir='ltr'><strong>ι</strong></span> 
     </span>
    </p>
   </div>
   <div class='ocr_carea' id='block_1_62' title="bbox 182 3451 1785 3525">
    <p class='ocr_par' dir='ltr' id='par_1_62' title="bbox 182 3451 1785 3525">
     <span class='ocr_line' id='line_1_62' title="bbox 182 3451 1785 3525; baseline -0.002 -14"><span class='ocrx_word' id='word_1_501' title='bbox 182 3455 398 3521; x_wconf 86' lang='lat' dir='ltr'><strong>hamo;</strong></span> <span class='ocrx_word' id='word_1_502' title='bbox 434 3461 603 3525; x_wconf 88' lang='lat' dir='ltr'><strong>atque</strong></span> <span class='ocrx_word' id='word_1_503' title='bbox 635 3453 853 3510; x_wconf 86' lang='lat' dir='ltr'><strong>etiamsi</strong></span> <span class='ocrx_word' id='word_1_504' title='bbox 914 3453 1285 3510; x_wconf 84' lang='lat' dir='ltr'><strong>Abrahamum</strong></span> <span class='ocrx_word' id='word_1_505' title='bbox 1339 3451 1562 3508; x_wconf 78' lang='lat' dir='ltr'><strong>videndi</strong></span> <span class='ocrx_word' id='word_1_506' title='bbox 1619 3464 1785 3508; x_wconf 89' lang='lat' dir='ltr'><strong>causa</strong></span> 
     </span>
    </p>
   </div>
   <div class='ocr_carea' id='block_1_63' title="bbox 183 3545 1784 3613">
    <p class='ocr_par' dir='ltr' id='par_1_63' title="bbox 183 3545 1784 3613">
     <span class='ocr_line' id='line_1_63' title="bbox 183 3545 1784 3613; baseline -0.001 -10"><span class='ocrx_word' id='word_1_507' title='bbox 183 3546 419 3613; x_wconf 76' lang='lat' dir='ltr'><strong>adierit,</strong></span> <span class='ocrx_word' id='word_1_508' title='bbox 452 3560 566 3602; x_wconf 90' lang='lat' dir='ltr'><strong>non</strong></span> <span class='ocrx_word' id='word_1_509' title='bbox 598 3545 729 3602; x_wconf 87' lang='lat' dir='ltr'><strong>adiit</strong></span> <span class='ocrx_word' id='word_1_510' title='bbox 778 3555 961 3602; x_wconf 87' lang='lat' dir='ltr'><strong>tamen</strong></span> <span class='ocrx_word' id='word_1_511' title='bbox 992 3561 1118 3602; x_wconf 88' lang='lat' dir='ltr'><strong>eum</strong></span> <span class='ocrx_word' id='word_1_512' title='bbox 1166 3554 1227 3601; x_wconf 88' lang='lat' dir='ltr'><strong>ut</strong></span> <span class='ocrx_word' id='word_1_513' title='bbox 1278 3545 1424 3602; x_wconf 76' lang='lat' dir='ltr'><strong>(ilius</strong></span> <span class='ocrx_word' id='word_1_514' title='bbox 1474 3554 1530 3600; x_wconf 90' lang='lat' dir='ltr'><strong>et</strong></span> <span class='ocrx_word' id='word_1_515' title='bbox 1590 3558 1784 3601; x_wconf 86' lang='lat' dir='ltr'><strong>semen</strong></span> 
     </span>
    </p>
   </div>
   <div class='ocr_carea' id='block_1_64' title="bbox 183 3634 1786 3709">
    <p class='ocr_par' dir='ltr' id='par_1_64' title="bbox 183 3634 1786 3709">
     <span class='ocr_line' id='line_1_64' title="bbox 183 3634 1786 3709; baseline -0.006 -11"><span class='ocrx_word' id='word_1_516' title='bbox 183 3642 243 3700; x_wconf 85' lang='lat' dir='ltr'><strong>et</strong></span> <span class='ocrx_word' id='word_1_517' title='bbox 273 3642 464 3698; x_wconf 65' lang='lat' dir='ltr'><strong>haeres</strong></span> <span class='ocrx_word' id='word_1_518' title='bbox 493 3640 635 3709; x_wconf 81' lang='lat' dir='ltr'><strong>ejus.</strong></span> <span class='ocrx_word' id='word_1_519' title='bbox 667 3638 801 3705; x_wconf 75' lang='lat' dir='ltr'><strong>Quae</strong></span> <span class='ocrx_word' id='word_1_520' title='bbox 825 3653 950 3693; x_wconf 88' lang='lat' dir='ltr'><strong>cum</strong></span> <span class='ocrx_word' id='word_1_521' title='bbox 986 3638 1062 3692; x_wconf 87' lang='lat' dir='ltr'><strong>ita</strong></span> <span class='ocrx_word' id='word_1_522' title='bbox 1102 3637 1238 3702; x_wconf 89' lang='lat' dir='ltr'><strong>sint,</strong></span> <span class='ocrx_word' id='word_1_523' title='bbox 1293 3636 1567 3692; x_wconf 85' lang='lat' dir='ltr'><strong>undenam</strong></span> <span class='ocrx_word' id='word_1_524' title='bbox 1623 3634 1786 3690; x_wconf 80' lang='lat' dir='ltr'><strong>ﬁdem</strong></span> 
     </span>
    </p>
   </div>
   <div class='ocr_carea' id='block_1_65' title="bbox 185 3729 1778 3799">
    <p class='ocr_par' dir='ltr' id='par_1_65' title="bbox 185 3729 1778 3799">
     <span class='ocr_line' id='line_1_65' title="bbox 185 3729 1778 3799; baseline -0.006 -9"><span class='ocrx_word' id='word_1_525' title='bbox 185 3749 355 3790; x_wconf 82' lang='lat' dir='ltr'><strong>suam</strong></span> <span class='ocrx_word' id='word_1_526' title='bbox 389 3731 728 3788; x_wconf 77' lang='lat' dir='ltr'><strong>Musulmani</strong></span> <span class='ocrx_word' id='word_1_527' title='bbox 771 3732 1037 3792; x_wconf 86' lang='lat' dir='ltr'><strong>habeant,</strong></span> <span class='ocrx_word' id='word_1_528' title='bbox 1089 3729 1345 3799; x_wconf 83' lang='lat' dir='ltr'><strong>equidem</strong></span> <span class='ocrx_word' id='word_1_529' title='bbox 1399 3729 1611 3793; x_wconf 87' lang='lat' dir='ltr'><strong>nescio;</strong></span> <span class='ocrx_word' id='word_1_530' title='bbox 1671 3740 1778 3781; x_wconf 83' lang='lat' dir='ltr'><strong>nec</strong></span> 
     </span>
    </p>
   </div>
   <div class='ocr_carea' id='block_1_66' title="bbox 183 3819 1785 3890">
    <p class='ocr_par' dir='ltr' id='par_1_66' title="bbox 183 3819 1785 3890">
     <span class='ocr_line' id='line_1_66' title="bbox 183 3819 1785 3890; baseline -0.006 -7"><span class='ocrx_word' id='word_1_531' title='bbox 183 3843 256 3884; x_wconf 82' lang='lat' dir='ltr'><strong>ex</strong></span> <span class='ocrx_word' id='word_1_532' title='bbox 286 3826 402 3883; x_wconf 90' lang='lat' dir='ltr'><strong>ulla</strong></span> <span class='ocrx_word' id='word_1_533' title='bbox 436 3838 501 3879; x_wconf 88' lang='lat' dir='ltr'><strong>re</strong></span> <span class='ocrx_word' id='word_1_534' title='bbox 536 3833 666 3879; x_wconf 85' lang='lat' dir='ltr'><strong>ante</strong></span> <span class='ocrx_word' id='word_1_535' title='bbox 689 3823 1057 3879; x_wconf 76' lang='lat' dir='ltr'><strong>Mohametem</strong></span> <span class='ocrx_word' id='word_1_536' title='bbox 1117 3823 1187 3877; x_wconf 80' lang='lat' dir='ltr'><strong>ab</strong></span> <span class='ocrx_word' id='word_1_537' title='bbox 1249 3819 1573 3876; x_wconf 83' lang='lat' dir='ltr'><strong>Abrahamo</strong></span> <span class='ocrx_word' id='word_1_538' title='bbox 1622 3833 1785 3890; x_wconf 83' lang='lat' dir='ltr'><strong>repe-</strong></span> 
     </span>
    </p>
   </div>
   <div class='ocr_carea' id='block_1_67' title="bbox 181 3914 1788 3985">
    <p class='ocr_par' dir='ltr' id='par_1_67' title="bbox 181 3914 1788 3985">
     <span class='ocr_line' id='line_1_67' title="bbox 181 3914 1788 3985; baseline -0.006 -7"><span class='ocrx_word' id='word_1_539' title='bbox 181 3920 353 3978; x_wconf 85' lang='lat' dir='ltr'><strong>tenda</strong></span> <span class='ocrx_word' id='word_1_540' title='bbox 381 3918 607 3974; x_wconf 81' lang='lat' dir='ltr'><strong>videtur</strong></span> <span class='ocrx_word' id='word_1_541' title='bbox 639 3916 1114 3973; x_wconf 78' lang='lat' dir='ltr'><strong>Musulmanorum</strong></span> <span class='ocrx_word' id='word_1_542' title='bbox 1135 3916 1308 3982; x_wconf 79' lang='lat' dir='ltr'><strong>ﬁdes;</strong></span> <span class='ocrx_word' id='word_1_543' title='bbox 1347 3916 1440 3971; x_wconf 89' lang='lat' dir='ltr'><strong>sed</strong></span> <span class='ocrx_word' id='word_1_544' title='bbox 1465 3914 1584 3985; x_wconf 86' lang='lat' dir='ltr'><strong>ipse</strong></span> <span class='ocrx_word' id='word_1_545' title='bbox 1625 3914 1788 3969; x_wconf 86' lang='lat' dir='ltr'><strong>istius</strong></span> 
     </span>
    </p>
   </div>
   <div class='ocr_carea' id='block_1_68' title="bbox 181 3995 1789 4080">
    <p class='ocr_par' dir='ltr' id='par_1_68' title="bbox 181 3995 1789 4080">
     <span class='ocr_line' id='line_1_68' title="bbox 181 3995 1789 4080; baseline -0.006 -9"><span class='ocrx_word' id='word_1_546' title='bbox 181 4014 464 4071; x_wconf 60' lang='lat' dir='ltr'><strong>doctrinae</strong></span> <span class='ocrx_word' id='word_1_547' title='bbox 519 4018 713 4066; x_wconf 84' lang='lat' dir='ltr'><strong>auctor</strong></span> <span class='ocrx_word' id='word_1_548' title='bbox 779 4018 883 4077; x_wconf 90' lang='lat' dir='ltr'><strong>est,</strong></span> <span class='ocrx_word' id='word_1_549' title='bbox 942 4017 998 4064; x_wconf 78' lang='lat' dir='ltr'><strong>et</strong></span> <span class='ocrx_word' id='word_1_550' title='bbox 1033 3995 1398 4080; x_wconf 84' lang='lat' dir='ltr'><strong>quaecunque</strong></span> <span class='ocrx_word' id='word_1_551' title='bbox 1488 4007 1696 4073; x_wconf 80' lang='lat' dir='ltr'><strong>docuit,</strong></span> <span class='ocrx_word' id='word_1_552' title='bbox 1757 4021 1789 4062; x_wconf 85' lang='lat'><strong>0</strong></span> 
     </span>
    </p>
   </div>
   <div class='ocr_carea' id='block_1_69' title="bbox 182 4091 1430 4176">
    <p class='ocr_par' dir='ltr' id='par_1_69' title="bbox 182 4091 1430 4176">
     <span class='ocr_line' id='line_1_69' title="bbox 182 4091 1430 4176; baseline -0.008 -13"><span class='ocrx_word' id='word_1_553' title='bbox 182 4122 289 4163; x_wconf 87' lang='lat' dir='ltr'><strong>suo</strong></span> <span class='ocrx_word' id='word_1_554' title='bbox 317 4103 579 4176; x_wconf 83' lang='lat' dir='ltr'><strong>ingenio,</strong></span> <span class='ocrx_word' id='word_1_555' title='bbox 599 4116 707 4157; x_wconf 91' lang='lat' dir='ltr'><strong>non</strong></span> <span class='ocrx_word' id='word_1_556' title='bbox 741 4116 770 4156; x_wconf 90' lang='lat' dir='ltr'><strong>a</strong></span> <span class='ocrx_word' id='word_1_557' title='bbox 803 4101 915 4157; x_wconf 90' lang='lat' dir='ltr'><strong>Deo</strong></span> <span class='ocrx_word' id='word_1_558' title='bbox 936 4091 1188 4171; x_wconf 74' lang='lat' dir='ltr'><strong>accepta,</strong></span> <span class='ocrx_word' id='word_1_559' title='bbox 1223 4100 1430 4155; x_wconf 88' lang='lat' dir='ltr'><strong>docuit.</strong></span> 
     </span>
    </p>
   </div>
   <div class='ocr_carea' id='block_1_70' title="bbox 253 4192 1790 4266">
    <p class='ocr_par' dir='ltr' id='par_1_70' title="bbox 253 4192 1790 4266">
     <span class='ocr_line' id='line_1_70' title="bbox 253 4192 1790 4266; baseline -0.003 -11"><span class='ocrx_word' id='word_1_560' title='bbox 253 4197 420 4266; x_wconf 88' lang='lat' dir='ltr'><strong>Quod</strong></span> <span class='ocrx_word' id='word_1_561' title='bbox 449 4203 640 4250; x_wconf 90' lang='lat' dir='ltr'><strong>autem</strong></span> <span class='ocrx_word' id='word_1_562' title='bbox 689 4192 1019 4250; x_wconf 80' lang='lat' dir='ltr'><strong>Musulmani</strong></span> <span class='ocrx_word' id='word_1_563' title='bbox 1068 4194 1282 4259; x_wconf 89' lang='lat' dir='ltr'><strong>dicunt,</strong></span> <span class='ocrx_word' id='word_1_564' title='bbox 1338 4194 1607 4263; x_wconf 89' lang='lat' dir='ltr'><strong>scriptum</strong></span> <span class='ocrx_word' id='word_1_565' title='bbox 1667 4209 1790 4250; x_wconf 84' lang='lat' dir='ltr'><strong>esse</strong></span> 
     </span>
    </p>
   </div>
   <div class='ocr_carea' id='block_1_71' title="bbox 178 4285 1791 4356">
    <p class='ocr_par' dir='ltr' id='par_1_71' title="bbox 178 4285 1791 4356">
     <span class='ocr_line' id='line_1_71' title="bbox 178 4285 1791 4356; baseline -0.004 -8"><span class='ocrx_word' id='word_1_566' title='bbox 178 4288 529 4348; x_wconf 82' lang='lat' dir='ltr'><strong>Mohametis</strong></span> <span class='ocrx_word' id='word_1_567' title='bbox 558 4302 756 4342; x_wconf 89' lang='lat' dir='ltr'><strong>nomen</strong></span> <span class='ocrx_word' id='word_1_568' title='bbox 788 4286 842 4340; x_wconf 90' lang='lat' dir='ltr'><strong>in</strong></span> <span class='ocrx_word' id='word_1_569' title='bbox 876 4286 1192 4356; x_wconf 75' lang='lat' dir='ltr'><strong>Evangelio,</strong></span> <span class='ocrx_word' id='word_1_570' title='bbox 1224 4300 1351 4341; x_wconf 91' lang='lat' dir='ltr'><strong>cum</strong></span> <span class='ocrx_word' id='word_1_571' title='bbox 1408 4285 1666 4342; x_wconf 82' lang='lat' dir='ltr'><strong>Christus</strong></span> <span class='ocrx_word' id='word_1_572' title='bbox 1719 4286 1791 4341; x_wconf 88' lang='lat' dir='ltr'><strong>de</strong></span> 
     </span>
    </p>
   </div>
   <div class='ocr_carea' id='block_1_72' title="bbox 1889 3415 3610 3517">
    <p class='ocr_par' dir='ltr' id='par_1_72' title="bbox 1889 3415 3610 3517">
     <span class='ocr_line' id='line_1_72' title="bbox 1889 3415 3610 3517; baseline -0.001 -22"><span class='ocrx_word' id='word_1_573' title='bbox 1889 3446 2059 3511; x_wconf 84' lang='lat' dir='ltr'><strong>atque</strong></span> <span class='ocrx_word' id='word_1_574' title='bbox 2092 3438 2390 3513; x_wconf 61' lang='lat' dir='ltr'><strong>Egyptum</strong></span> <span class='ocrx_word' id='word_1_575' title='bbox 2424 3441 2603 3512; x_wconf 77' lang='lat' dir='ltr'><strong>plagis</strong></span> <span class='ocrx_word' id='word_1_576' title='bbox 2637 3441 2955 3513; x_wconf 75' lang='lat' dir='ltr'><strong>ingentibus</strong></span> <span class='ocrx_word' id='word_1_577' title='bbox 2977 3441 3292 3517; x_wconf 78' lang='lat' dir='ltr'><strong>castigavit,</strong></span> <span class='ocrx_word' id='word_1_578' title='bbox 3322 3443 3483 3514; x_wconf 72' lang='lat' dir='ltr'><strong>&#39;per-</strong></span> <span class='ocrx_word' id='word_1_579' title='bbox 3517 3465 3524 3471; x_wconf 92' lang='lat'><strong>-</strong></span> <span class='ocrx_word' id='word_1_580' title='bbox 3601 3415 3610 3424; x_wconf 60' lang='grc'><em>’</em></span> 
     </span>
    </p>
   </div>
   <div class='ocr_carea' id='block_1_73' title="bbox 1892 3533 3483 3607">
    <p class='ocr_par' dir='ltr' id='par_1_73' title="bbox 1892 3533 3483 3607">
     <span class='ocr_line' id='line_1_73' title="bbox 1892 3533 3483 3607; baseline 0.003 -19"><span class='ocrx_word' id='word_1_581' title='bbox 1892 3535 2091 3589; x_wconf 87' lang='lat' dir='ltr'><strong>terruit</strong></span> <span class='ocrx_word' id='word_1_582' title='bbox 2115 3543 2171 3589; x_wconf 90' lang='lat' dir='ltr'><strong>et</strong></span> <span class='ocrx_word' id='word_1_583' title='bbox 2201 3534 2436 3599; x_wconf 84' lang='lat' dir='ltr'><strong>domuit,</strong></span> <span class='ocrx_word' id='word_1_584' title='bbox 2475 3549 2539 3590; x_wconf 89' lang='lat' dir='ltr'><strong>ae</strong></span> <span class='ocrx_word' id='word_1_585' title='bbox 2586 3533 2771 3590; x_wconf 79' lang='lat' dir='ltr'><strong>futura</strong></span> <span class='ocrx_word' id='word_1_586' title='bbox 2827 3544 2887 3590; x_wconf 90' lang='lat' dir='ltr'><strong>ut</strong></span> <span class='ocrx_word' id='word_1_587' title='bbox 2916 3539 3181 3607; x_wconf 83' lang='lat' dir='ltr'><strong>propheta</strong></span> <span class='ocrx_word' id='word_1_588' title='bbox 3210 3537 3483 3607; x_wconf 68' lang='lat' dir='ltr'><strong>praedixit,</strong></span> 
     </span>
    </p>
   </div>
   <div class='ocr_carea' id='block_1_74' title="bbox 1892 3624 3480 3698">
    <p class='ocr_par' dir='ltr' id='par_1_74' title="bbox 1892 3624 3480 3698">
     <span class='ocr_line' id='line_1_74' title="bbox 1892 3624 3480 3698; baseline 0.001 -17"><span class='ocrx_word' id='word_1_589' title='bbox 1892 3626 1967 3681; x_wconf 88' lang='lat' dir='ltr'><strong>ita</strong></span> <span class='ocrx_word' id='word_1_590' title='bbox 2024 3624 2300 3683; x_wconf 87' lang='lat' dir='ltr'><strong>locutus:</strong></span> <span class='ocrx_word' id='word_1_591' title='bbox 2363 3625 2455 3682; x_wconf 70' lang='lat' dir='ltr'><strong>«Si</strong></span> <span class='ocrx_word' id='word_1_592' title='bbox 2520 3628 2858 3683; x_wconf 83' lang='lat' dir='ltr'><strong>dimissurus</strong></span> <span class='ocrx_word' id='word_1_593' title='bbox 2903 3643 2964 3683; x_wconf 90' lang='lat' dir='ltr'><strong>es</strong></span> <span class='ocrx_word' id='word_1_594' title='bbox 3036 3630 3302 3698; x_wconf 80' lang='lat' dir='ltr'><strong>pepulum</strong></span> <span class='ocrx_word' id='word_1_595' title='bbox 3356 3628 3480 3696; x_wconf 85' lang='lat' dir='ltr'><strong>Dei,</strong></span> 
     </span>
    </p>
   </div>
   <div class='ocr_carea' id='block_1_75' title="bbox 1891 3717 3483 3785">
    <p class='ocr_par' dir='ltr' id='par_1_75' title="bbox 1891 3717 3483 3785">
     <span class='ocr_line' id='line_1_75' title="bbox 1891 3717 3483 3785; baseline 0.001 -12"><span class='ocrx_word' id='word_1_596' title='bbox 1891 3718 2109 3773; x_wconf 88' lang='lat' dir='ltr'><strong>dimitte</strong></span> <span class='ocrx_word' id='word_1_597' title='bbox 2135 3733 2262 3774; x_wconf 91' lang='lat' dir='ltr'><strong>eum</strong></span> <span class='ocrx_word' id='word_1_598' title='bbox 2293 3734 2310 3785; x_wconf 90' lang='lat'><strong>;</strong></span> <span class='ocrx_word' id='word_1_599' title='bbox 2344 3717 2429 3774; x_wconf 89' lang='lat' dir='ltr'><strong>sin</strong></span> <span class='ocrx_word' id='word_1_600' title='bbox 2456 3718 2664 3784; x_wconf 90' lang='lat' dir='ltr'><strong>minus,</strong></span> <span class='ocrx_word' id='word_1_601' title='bbox 2696 3719 2787 3773; x_wconf 85' lang='lat' dir='ltr'><strong>illa</strong></span> <span class='ocrx_word' id='word_1_602' title='bbox 2818 3722 2905 3775; x_wconf 80' lang='lat' dir='ltr'><strong>vel</strong></span> <span class='ocrx_word' id='word_1_603' title='bbox 2932 3720 3021 3774; x_wconf 86' lang='lat' dir='ltr'><strong>illa</strong></span> <span class='ocrx_word' id='word_1_604' title='bbox 3079 3721 3179 3775; x_wconf 88' lang='lat' dir='ltr'><strong>tibi</strong></span> <span class='ocrx_word' id='word_1_605' title='bbox 3240 3731 3293 3777; x_wconf 90' lang='lat' dir='ltr'><strong>et</strong></span> <span class='ocrx_word' id='word_1_606' title='bbox 3333 3724 3483 3777; x_wconf 87' lang='lat' dir='ltr'><strong>omni</strong></span> 
     </span>
    </p>
   </div>
   <div class='ocr_carea' id='block_1_76' title="bbox 1890 3809 3483 3885">
    <p class='ocr_par' dir='ltr' id='par_1_76' title="bbox 1890 3809 3483 3885">
     <span class='ocr_line' id='line_1_76' title="bbox 1890 3809 3483 3885; baseline 0.003 -17"><span class='ocrx_word' id='word_1_607' title='bbox 1890 3809 2134 3884; x_wconf 65' lang='lat' dir='ltr'><strong>Egypto</strong></span> <span class='ocrx_word' id='word_1_608' title='bbox 2156 3822 2416 3869; x_wconf 78' lang='lat' dir='ltr'><strong>eventura</strong></span> <span class='ocrx_word' id='word_1_609' title='bbox 2447 3823 2630 3868; x_wconf 65' lang='lat' dir='ltr'><strong>sunt.»</strong></span> <span class='ocrx_word' id='word_1_610' title='bbox 2675 3815 2852 3884; x_wconf 74' lang='lat' dir='ltr'><strong>Atque</strong></span> <span class='ocrx_word' id='word_1_611' title='bbox 2902 3815 3180 3885; x_wconf 75' lang='lat' dir='ltr'><strong>pollicitus</strong></span> <span class='ocrx_word' id='word_1_612' title='bbox 3238 3816 3483 3882; x_wconf 81' lang='lat' dir='ltr'><strong>Pharao,</strong></span> 
     </span>
    </p>
   </div>
   <div class='ocr_carea' id='block_1_77' title="bbox 1893 3904 3486 3976">
    <p class='ocr_par' dir='ltr' id='par_1_77' title="bbox 1893 3904 3486 3976">
     <span class='ocr_line' id='line_1_77' title="bbox 1893 3904 3486 3976; baseline 0.003 -15"><span class='ocrx_word' id='word_1_613' title='bbox 1893 3904 2177 3973; x_wconf 77' lang='lat' dir='ltr'><strong>facturum</strong></span> <span class='ocrx_word' id='word_1_614' title='bbox 2222 3906 2519 3975; x_wconf 80' lang='lat' dir='ltr'><strong>sejussum</strong></span> <span class='ocrx_word' id='word_1_615' title='bbox 2555 3905 2797 3971; x_wconf 90' lang='lat' dir='ltr'><strong>Domini,</strong></span> <span class='ocrx_word' id='word_1_616' title='bbox 2833 3907 3071 3976; x_wconf 86' lang='lat' dir='ltr'><strong>benigne</strong></span> <span class='ocrx_word' id='word_1_617' title='bbox 3124 3908 3346 3963; x_wconf 89' lang='lat' dir='ltr'><strong>habitus</strong></span> <span class='ocrx_word' id='word_1_618' title='bbox 3396 3921 3486 3965; x_wconf 88' lang='lat' dir='ltr'><strong>est</strong></span> 
     </span>
    </p>
   </div>
   <div class='ocr_carea' id='block_1_78' title="bbox 1893 3995 3480 4070">
    <p class='ocr_par' dir='ltr' id='par_1_78' title="bbox 1893 3995 3480 4070">
     <span class='ocr_line' id='line_1_78' title="bbox 1893 3995 3480 4070; baseline 0.004 -20"><span class='ocrx_word' id='word_1_619' title='bbox 1893 4011 1925 4050; x_wconf 88' lang='lat' dir='ltr'><strong>a</strong></span> <span class='ocrx_word' id='word_1_620' title='bbox 1966 3995 2173 4066; x_wconf 81' lang='lat' dir='ltr'><strong>Moyse,</strong></span> <span class='ocrx_word' id='word_1_621' title='bbox 2202 3999 2290 4053; x_wconf 91' lang='lat' dir='ltr'><strong>cui</strong></span> <span class='ocrx_word' id='word_1_622' title='bbox 2322 3996 2398 4051; x_wconf 89' lang='lat' dir='ltr'><strong>ita</strong></span> <span class='ocrx_word' id='word_1_623' title='bbox 2424 3997 2659 4053; x_wconf 81' lang='lat' dir='ltr'><strong>faciendi</strong></span> <span class='ocrx_word' id='word_1_624' title='bbox 2686 4014 2714 4053; x_wconf 87' lang='lat' dir='ltr'><strong>a</strong></span> <span class='ocrx_word' id='word_1_625' title='bbox 2748 3999 2860 4055; x_wconf 87' lang='lat' dir='ltr'><strong>Deo</strong></span> <span class='ocrx_word' id='word_1_626' title='bbox 2899 4000 3025 4054; x_wconf 88' lang='lat' dir='ltr'><strong>data</strong></span> <span class='ocrx_word' id='word_1_627' title='bbox 3060 4010 3178 4055; x_wconf 87' lang='lat' dir='ltr'><strong>erat</strong></span> <span class='ocrx_word' id='word_1_628' title='bbox 3211 4010 3480 4070; x_wconf 83' lang='lat' dir='ltr'><strong>potestas.</strong></span> 
     </span>
    </p>
   </div>
   <div class='ocr_carea' id='block_1_79' title="bbox 1893 4087 3483 4161">
    <p class='ocr_par' dir='ltr' id='par_1_79' title="bbox 1893 4087 3483 4161">
     <span class='ocr_line' id='line_1_79' title="bbox 1893 4087 3483 4161; baseline 0.003 -17"><span class='ocrx_word' id='word_1_629' title='bbox 1893 4087 2026 4144; x_wconf 84' lang='lat' dir='ltr'><strong>Post</strong></span> <span class='ocrx_word' id='word_1_630' title='bbox 2056 4089 2173 4144; x_wconf 65' lang='lat' dir='ltr'><strong>haec</strong></span> <span class='ocrx_word' id='word_1_631' title='bbox 2205 4088 2419 4161; x_wconf 75' lang='lat' dir='ltr'><strong>Moyses</strong></span> <span class='ocrx_word' id='word_1_632' title='bbox 2448 4092 2602 4159; x_wconf 80' lang='lat' dir='ltr'><strong>gravi</strong></span> <span class='ocrx_word' id='word_1_633' title='bbox 2664 4091 2892 4146; x_wconf 88' lang='lat' dir='ltr'><strong>brachio</strong></span> <span class='ocrx_word' id='word_1_634' title='bbox 2952 4100 3171 4159; x_wconf 73' lang='lat' dir='ltr'><strong>gentem</strong></span> <span class='ocrx_word' id='word_1_635' title='bbox 3220 4092 3483 4149; x_wconf 49' lang='lat' dir='ltr'><strong>Hebraeo-</strong></span> 
     </span>
    </p>
   </div>
   <div class='ocr_carea' id='block_1_80' title="bbox 1896 4181 3486 4253">
    <p class='ocr_par' dir='ltr' id='par_1_80' title="bbox 1896 4181 3486 4253">
     <span class='ocr_line' id='line_1_80' title="bbox 1896 4181 3486 4253; baseline 0.003 -17"><span class='ocrx_word' id='word_1_636' title='bbox 1896 4197 2018 4238; x_wconf 88' lang='lat' dir='ltr'><strong>rum</strong></span> <span class='ocrx_word' id='word_1_637' title='bbox 2047 4196 2118 4236; x_wconf 81' lang='lat' dir='ltr'><strong>ex</strong></span> <span class='ocrx_word' id='word_1_638' title='bbox 2157 4181 2392 4253; x_wconf 56' lang='grc' dir='ltr'>Ευριο</span> <span class='ocrx_word' id='word_1_639' title='bbox 2420 4192 2476 4236; x_wconf 88' lang='lat' dir='ltr'><strong>et</strong></span> <span class='ocrx_word' id='word_1_640' title='bbox 2517 4184 2747 4238; x_wconf 83' lang='lat' dir='ltr'><strong>servitio</strong></span> <span class='ocrx_word' id='word_1_641' title='bbox 2803 4183 3110 4239; x_wconf 78' lang='lat' dir='ltr'><strong>Pharaonis</strong></span> <span class='ocrx_word' id='word_1_642' title='bbox 3166 4186 3378 4248; x_wconf 76' lang='lat' dir='ltr'><strong>eduxit,</strong></span> <span class='ocrx_word' id='word_1_643' title='bbox 3430 4196 3486 4241; x_wconf 92' lang='lat' dir='ltr'><strong>et</strong></span> 
     </span>
    </p>
   </div>
   <div class='ocr_carea' id='block_1_81' title="bbox 1895 4274 3484 4344">
    <p class='ocr_par' dir='ltr' id='par_1_81' title="bbox 1895 4274 3484 4344">
     <span class='ocr_line' id='line_1_81' title="bbox 1895 4274 3484 4344; baseline 0.004 -17"><span class='ocrx_word' id='word_1_644' title='bbox 1895 4284 2310 4344; x_wconf 76' lang='lat' dir='ltr'><strong>persequentem</strong></span> <span class='ocrx_word' id='word_1_645' title='bbox 2340 4288 2438 4329; x_wconf 86' lang='lat' dir='ltr'><strong>eos</strong></span> <span class='ocrx_word' id='word_1_646' title='bbox 2464 4274 2808 4330; x_wconf 84' lang='lat' dir='ltr'><strong>Pharaonem</strong></span> <span class='ocrx_word' id='word_1_647' title='bbox 2871 4291 2995 4331; x_wconf 90' lang='lat' dir='ltr'><strong>eum</strong></span> <span class='ocrx_word' id='word_1_648' title='bbox 3059 4285 3173 4330; x_wconf 91' lang='lat' dir='ltr'><strong>toto</strong></span> <span class='ocrx_word' id='word_1_649' title='bbox 3235 4279 3484 4333; x_wconf 78' lang='lat' dir='ltr'><strong>exercitu</strong></span> 
     </span>
    </p>
   </div>
   <div class='ocr_carea' id='block_1_82' title="bbox 176 4364 3540 4449">
    <p class='ocr_par' dir='ltr' id='par_1_82' title="bbox 176 4364 3540 4449">
     <span class='ocr_line' id='line_1_82' title="bbox 176 4364 3540 4449; baseline 0.001 -26"><span class='ocrx_word' id='word_1_650' title='bbox 176 4401 247 4441; x_wconf 66' lang='grc' dir='ltr'>ρο</span> <span class='ocrx_word' id='word_1_651' title='bbox 272 4383 489 4440; x_wconf 57' lang='lat' dir='ltr'><strong>dixem</strong></span> <span class='ocrx_word' id='word_1_652' title='bbox 525 4378 769 4436; x_wconf 58' lang='lat' dir='ltr'><strong>“Edico</strong></span> <span class='ocrx_word' id='word_1_653' title='bbox 798 4380 976 4443; x_wconf 61' lang='lat' dir='ltr'><strong>vobis,</strong></span> <span class='ocrx_word' id='word_1_654' title='bbox 1009 4387 1302 4435; x_wconf 72' lang='grc' dir='ltr'>νεηιυιιωη</span> <span class='ocrx_word' id='word_1_655' title='bbox 1354 4395 1477 4436; x_wconf 66' lang='lat' dir='ltr'><strong>esse</strong></span> <span class='ocrx_word' id='word_1_656' title='bbox 1524 4390 1646 4449; x_wconf 60' lang='grc' dir='ltr'>ροσε</span> <span class='ocrx_word' id='word_1_657' title='bbox 1700 4393 1791 4434; x_wconf 66' lang='lat' dir='ltr'><strong>me</strong></span> <span class='ocrx_word' id='word_1_658' title='bbox 1896 4364 2016 4434; x_wconf 75' lang='lat' dir='ltr'><strong>eius</strong></span> <span class='ocrx_word' id='word_1_659' title='bbox 2047 4365 2101 4420; x_wconf 89' lang='lat' dir='ltr'><strong>in</strong></span> <span class='ocrx_word' id='word_1_660' title='bbox 2137 4365 2272 4420; x_wconf 74' lang='lat' dir='ltr'><strong>inari</strong></span> <span class='ocrx_word' id='word_1_661' title='bbox 2305 4364 2497 4421; x_wconf 81' lang='lat' dir='ltr'><strong>Rubro</strong></span> <span class='ocrx_word' id='word_1_662' title='bbox 2521 4366 2845 4422; x_wconf 83' lang='lat' dir='ltr'><strong>submersit.</strong></span> <span class='ocrx_word' id='word_1_663' title='bbox 2876 4366 3087 4424; x_wconf 82' lang='lat' dir='ltr'><strong>Deinde</strong></span> <span class='ocrx_word' id='word_1_664' title='bbox 3138 4369 3196 4424; x_wconf 90' lang='lat' dir='ltr'><strong>in</strong></span> <span class='ocrx_word' id='word_1_665' title='bbox 3250 4372 3482 4443; x_wconf 81' lang='lat' dir='ltr'><strong>regione</strong></span> <span class='ocrx_word' id='word_1_666' title='bbox 3530 4407 3540 4415; x_wconf 67' lang='grc' dir='ltr'>α</span> 
     </span>
    </p>
   </div>
   <div class='ocr_carea' id='block_1_83' title="bbox 172 4470 1786 4547">
    <p class='ocr_par' dir='ltr' id='par_1_83' title="bbox 172 4470 1786 4547">
     <span class='ocr_line' id='line_1_83' title="bbox 172 4470 1786 4547; baseline -0.005 -14"><span class='ocrx_word' id='word_1_667' title='bbox 172 4475 500 4547; x_wconf 84' lang='lat' dir='ltr'><strong>apostolum</strong></span> <span class='ocrx_word' id='word_1_668' title='bbox 529 4479 590 4528; x_wconf 86' lang='lat' dir='ltr'><strong>et</strong></span> <span class='ocrx_word' id='word_1_669' title='bbox 619 4472 966 4543; x_wconf 83' lang='lat' dir='ltr'><strong>prophetam,</strong></span> <span class='ocrx_word' id='word_1_670' title='bbox 993 4473 1082 4528; x_wconf 89' lang='lat' dir='ltr'><strong>cui</strong></span> <span class='ocrx_word' id='word_1_671' title='bbox 1135 4470 1462 4529; x_wconf 78' lang='lat' dir='ltr'><strong>Mohametis</strong></span> <span class='ocrx_word' id='word_1_672' title='bbox 1508 4486 1743 4537; x_wconf 64' lang='lat' dir='ltr'><strong>nomen,</strong></span> <span class='ocrx_word' id='word_1_673' title='bbox 1770 4489 1786 4525; x_wconf 76' lang='grc' dir='ltr'><strong>ι</strong></span> 
     </span>
    </p>
   </div>
   <div class='ocr_carea' id='block_1_84' title="bbox 1898 4456 3487 4531">
    <p class='ocr_par' dir='ltr' id='par_1_84' title="bbox 1898 4456 3487 4531">
     <span class='ocr_line' id='line_1_84' title="bbox 1898 4456 3487 4531; baseline 0.006 -21"><span class='ocrx_word' id='word_1_674' title='bbox 1898 4456 2116 4513; x_wconf 89' lang='lat' dir='ltr'><strong>deserta</strong></span> <span class='ocrx_word' id='word_1_675' title='bbox 2185 4472 2362 4513; x_wconf 87' lang='lat' dir='ltr'><strong>annos</strong></span> <span class='ocrx_word' id='word_1_676' title='bbox 2454 4459 2830 4531; x_wconf 75' lang='lat' dir='ltr'><strong>quadraginta</strong></span> <span class='ocrx_word' id='word_1_677' title='bbox 2907 4462 3174 4518; x_wconf 83' lang='lat' dir='ltr'><strong>oberrans</strong></span> <span class='ocrx_word' id='word_1_678' title='bbox 3222 4465 3487 4520; x_wconf 82' lang='lat' dir='ltr'><strong>miracula</strong></span> 
     </span>
    </p>
   </div>
   <div class='ocr_carea' id='block_1_85' title="bbox 173 4548 3483 4641">
    <p class='ocr_par' dir='ltr' id='par_1_85' title="bbox 173 4548 3483 4641">
     <span class='ocr_line' id='line_1_85' title="bbox 173 4548 3483 4641; baseline 0.001 -34"><span class='ocrx_word' id='word_1_679' title='bbox 173 4572 271 4628; x_wconf 54' lang='lat' dir='ltr'><strong>sed</strong></span> <span class='ocrx_word' id='word_1_680' title='bbox 310 4569 624 4641; x_wconf 64' lang='lat' dir='ltr'><strong>expulsum</strong></span> <span class='ocrx_word' id='word_1_681' title='bbox 650 4578 771 4621; x_wconf 62' lang='lat' dir='ltr'><strong>esse</strong></span> <span class='ocrx_word' id='word_1_682' title='bbox 793 4579 862 4620; x_wconf 71' lang='grc' dir='ltr'>εχ</span> <span class='ocrx_word' id='word_1_683' title='bbox 903 4563 1206 4635; x_wconf 61' lang='lat' dir='ltr'><strong>Evangelia</strong></span> <span class='ocrx_word' id='word_1_684' title='bbox 1264 4565 1470 4621; x_wconf 58' lang='lat' dir='ltr'><strong>invidia</strong></span> <span class='ocrx_word' id='word_1_685' title='bbox 1518 4564 1788 4620; x_wconf 64' lang='grc' dir='ltr'><strong>ειη-εειίη-</strong></span> <span class='ocrx_word' id='word_1_686' title='bbox 1818 4561 1872 4620; x_wconf 79' lang='grc' dir='ltr'><strong>ι)</strong></span> <span class='ocrx_word' id='word_1_687' title='bbox 1898 4548 2189 4605; x_wconf 85' lang='lat' dir='ltr'><strong>innumera</strong></span> <span class='ocrx_word' id='word_1_688' title='bbox 2219 4549 2411 4605; x_wconf 88' lang='lat' dir='ltr'><strong>edidit.</strong></span> <span class='ocrx_word' id='word_1_689' title='bbox 2435 4551 2503 4606; x_wconf 89' lang='lat' dir='ltr'><strong>Et</strong></span> <span class='ocrx_word' id='word_1_690' title='bbox 2531 4567 2667 4606; x_wconf 83' lang='lat' dir='ltr'><strong>vero</strong></span> <span class='ocrx_word' id='word_1_691' title='bbox 2724 4567 2913 4607; x_wconf 88' lang='lat' dir='ltr'><strong>coram</strong></span> <span class='ocrx_word' id='word_1_692' title='bbox 2967 4556 3185 4609; x_wconf 87' lang='lat' dir='ltr'><strong>cunctis</strong></span> <span class='ocrx_word' id='word_1_693' title='bbox 3238 4553 3483 4611; x_wconf 77' lang='lat' dir='ltr'><strong>Hebraeis</strong></span> 
     </span>
    </p>
   </div>
   <div class='ocr_carea' id='block_1_86' title="bbox 172 4654 1786 4729">
    <p class='ocr_par' dir='ltr' id='par_1_86' title="bbox 172 4654 1786 4729">
     <span class='ocr_line' id='line_1_86' title="bbox 172 4654 1786 4729; baseline -0.002 -15"><span class='ocrx_word' id='word_1_694' title='bbox 172 4677 406 4721; x_wconf 82' lang='lat' dir='ltr'><strong>norum.</strong></span> <span class='ocrx_word' id='word_1_695' title='bbox 451 4671 585 4729; x_wconf 69' lang='lat' dir='ltr'><strong>age,</strong></span> <span class='ocrx_word' id='word_1_696' title='bbox 627 4654 793 4709; x_wconf 85' lang='lat' dir='ltr'><strong>etiam</strong></span> <span class='ocrx_word' id='word_1_697' title='bbox 822 4655 891 4710; x_wconf 88' lang='lat' dir='ltr'><strong>de</strong></span> <span class='ocrx_word' id='word_1_698' title='bbox 919 4656 1022 4723; x_wconf 78' lang='lat' dir='ltr'><strong>hac</strong></span> <span class='ocrx_word' id='word_1_699' title='bbox 1062 4671 1120 4709; x_wconf 90' lang='lat' dir='ltr'><strong>re</strong></span> <span class='ocrx_word' id='word_1_700' title='bbox 1142 4656 1430 4711; x_wconf 82' lang='lat' dir='ltr'><strong>videamus</strong></span> <span class='ocrx_word' id='word_1_701' title='bbox 1460 4672 1476 4710; x_wconf 90' lang='lat'><strong>:</strong></span> <span class='ocrx_word' id='word_1_702' title='bbox 1510 4670 1577 4708; x_wconf 86' lang='lat' dir='ltr'><strong>ac</strong></span> <span class='ocrx_word' id='word_1_703' title='bbox 1618 4669 1786 4724; x_wconf 89' lang='lat' dir='ltr'><strong>spero</strong></span> 
     </span>
    </p>
   </div>
   <div class='ocr_carea' id='block_1_87' title="bbox 170 4745 1788 4825">
    <p class='ocr_par' dir='ltr' id='par_1_87' title="bbox 170 4745 1788 4825">
     <span class='ocr_line' id='line_1_87' title="bbox 170 4745 1788 4825; baseline -0.007 -15"><span class='ocrx_word' id='word_1_704' title='bbox 170 4756 463 4825; x_wconf 84' lang='lat' dir='ltr'><strong>equidem,</strong></span> <span class='ocrx_word' id='word_1_705' title='bbox 498 4761 700 4804; x_wconf 82' lang='lat' dir='ltr'><strong>verum</strong></span> <span class='ocrx_word' id='word_1_706' title='bbox 726 4760 835 4799; x_wconf 88' lang='lat' dir='ltr'><strong>non</strong></span> <span class='ocrx_word' id='word_1_707' title='bbox 864 4745 924 4799; x_wconf 86' lang='lat' dir='ltr'><strong>in</strong></span> <span class='ocrx_word' id='word_1_708' title='bbox 950 4745 1167 4800; x_wconf 92' lang='lat' dir='ltr'><strong>occulto</strong></span> <span class='ocrx_word' id='word_1_709' title='bbox 1197 4745 1339 4812; x_wconf 80' lang='lat' dir='ltr'><strong>fore,</strong></span> <span class='ocrx_word' id='word_1_710' title='bbox 1370 4745 1536 4800; x_wconf 91' lang='lat' dir='ltr'><strong>modo</strong></span> <span class='ocrx_word' id='word_1_711' title='bbox 1580 4753 1788 4800; x_wconf 87' lang='lat' dir='ltr'><strong>attente</strong></span> 
     </span>
    </p>
   </div>
   <div class='ocr_carea' id='block_1_88' title="bbox 171 4836 1787 4908">
    <p class='ocr_par' dir='ltr' id='par_1_88' title="bbox 171 4836 1787 4908">
     <span class='ocr_line' id='line_1_88' title="bbox 171 4836 1787 4908; baseline -0.007 -7"><span class='ocrx_word' id='word_1_712' title='bbox 171 4846 403 4903; x_wconf 84' lang='lat' dir='ltr'><strong>audias.</strong></span> <span class='ocrx_word' id='word_1_713' title='bbox 446 4842 598 4897; x_wconf 87' lang='lat' dir='ltr'><strong>Tres</strong></span> <span class='ocrx_word' id='word_1_714' title='bbox 622 4836 966 4908; x_wconf 85' lang='lat' dir='ltr'><strong>legislatores</strong></span> <span class='ocrx_word' id='word_1_715' title='bbox 989 4844 1142 4903; x_wconf 91' lang='lat' dir='ltr'><strong>sunt,</strong></span> <span class='ocrx_word' id='word_1_716' title='bbox 1179 4836 1275 4907; x_wconf 91' lang='lat' dir='ltr'><strong>qui</strong></span> <span class='ocrx_word' id='word_1_717' title='bbox 1299 4838 1448 4907; x_wconf 89' lang='lat' dir='ltr'><strong>leges</strong></span> <span class='ocrx_word' id='word_1_718' title='bbox 1501 4837 1787 4906; x_wconf 77' lang='lat' dir='ltr'><strong>generales</strong></span> 
     </span>
    </p>
   </div>
   <div class='ocr_carea' id='block_1_89' title="bbox 175 4926 1787 5000">
    <p class='ocr_par' dir='ltr' id='par_1_89' title="bbox 175 4926 1787 5000">
     <span class='ocr_line' id='line_1_89' title="bbox 175 4926 1787 5000; baseline -0.005 -12"><span class='ocrx_word' id='word_1_719' title='bbox 175 4938 655 4994; x_wconf 63' lang='lat' dir='ltr'><strong>constituerunt:</strong></span> <span class='ocrx_word' id='word_1_720' title='bbox 715 4927 954 5000; x_wconf 85' lang='lat' dir='ltr'><strong>Moyses,</strong></span> <span class='ocrx_word' id='word_1_721' title='bbox 1011 4942 1175 4998; x_wconf 88' lang='lat' dir='ltr'><strong>quem</strong></span> <span class='ocrx_word' id='word_1_722' title='bbox 1227 4926 1587 4983; x_wconf 83' lang='lat' dir='ltr'><strong>Hebraeorum</strong></span> <span class='ocrx_word' id='word_1_723' title='bbox 1637 4929 1787 4981; x_wconf 87' lang='lat' dir='ltr'><strong>natio</strong></span> 
     </span>
    </p>
   </div>
   <div class='ocr_carea' id='block_1_90' title="bbox 176 5023 1788 5094">
    <p class='ocr_par' dir='ltr' id='par_1_90' title="bbox 176 5023 1788 5094">
     <span class='ocr_line' id='line_1_90' title="bbox 176 5023 1788 5094; baseline -0.007 -7"><span class='ocrx_word' id='word_1_724' title='bbox 176 5042 375 5087; x_wconf 83' lang='lat' dir='ltr'><strong>secuta</strong></span> <span class='ocrx_word' id='word_1_725' title='bbox 413 5036 549 5094; x_wconf 77' lang='lat' dir='ltr'><strong>est;</strong></span> <span class='ocrx_word' id='word_1_726' title='bbox 585 5023 888 5087; x_wconf 85' lang='lat' dir='ltr'><strong>Christus,-</strong></span> <span class='ocrx_word' id='word_1_727' title='bbox 933 5035 1098 5090; x_wconf 88' lang='lat' dir='ltr'><strong>quem</strong></span> <span class='ocrx_word' id='word_1_728' title='bbox 1164 5028 1368 5076; x_wconf 73' lang='lat' dir='ltr'><strong>secutae</strong></span> <span class='ocrx_word' id='word_1_729' title='bbox 1413 5027 1544 5074; x_wconf 85' lang='lat' dir='ltr'><strong>sunt</strong></span> <span class='ocrx_word' id='word_1_730' title='bbox 1593 5033 1788 5075; x_wconf 89' lang='lat' dir='ltr'><strong>omnes</strong></span> 
     </span>
    </p>
   </div>
   <div class='ocr_carea' id='block_1_91' title="bbox 136 5110 1784 5199">
    <p class='ocr_par' dir='ltr' id='par_1_91' title="bbox 136 5110 1784 5199">
     <span class='ocr_line' id='line_1_91' title="bbox 136 5110 1784 5199; baseline -0.01 -18"><span class='ocrx_word' id='word_1_731' title='bbox 136 5134 375 5197; x_wconf 72' lang='lat' dir='ltr'><strong>‘gentes</strong></span> <span class='ocrx_word' id='word_1_732' title='bbox 397 5129 458 5176; x_wconf 89' lang='lat' dir='ltr'><strong>et</strong></span> <span class='ocrx_word' id='word_1_733' title='bbox 484 5116 675 5187; x_wconf 84' lang='lat' dir='ltr'><strong>major</strong></span> <span class='ocrx_word' id='word_1_734' title='bbox 699 5130 828 5186; x_wconf 86' lang='lat' dir='ltr'><strong>pars</strong></span> <span class='ocrx_word' id='word_1_735' title='bbox 885 5110 1266 5176; x_wconf 66' lang='lat' dir='ltr'><strong>Hebrzeorum,</strong></span> <span class='ocrx_word' id='word_1_736' title='bbox 1324 5112 1390 5199; x_wconf 31' lang='lat' dir='ltr'><strong>a&#39;d</strong></span> <span class='ocrx_word' id='word_1_737' title='bbox 1448 5111 1614 5166; x_wconf 80' lang='lat' dir='ltr'><strong>ﬁdem</strong></span> <span class='ocrx_word' id='word_1_738' title='bbox 1659 5112 1784 5181; x_wconf 82' lang='lat' dir='ltr'><strong>ejus</strong></span> 
     </span>
    </p>
   </div>
   <div class='ocr_carea' id='block_1_92' title="bbox 98 5205 1785 5279">
    <p class='ocr_par' dir='ltr' id='par_1_92' title="bbox 98 5205 1785 5279">
     <span class='ocr_line' id='line_1_92' title="bbox 98 5205 1785 5279; baseline -0.007 -7"><span class='ocrx_word' id='word_1_739' title='bbox 98 5224 115 5239; x_wconf 85' lang='lat'><strong>‘</strong></span> <span class='ocrx_word' id='word_1_740' title='bbox 176 5230 486 5279; x_wconf 83' lang='lat' dir='ltr'><strong>conversa,</strong></span> <span class='ocrx_word' id='word_1_741' title='bbox 542 5207 815 5277; x_wconf 86' lang='lat' dir='ltr'><strong>siquidem</strong></span> <span class='ocrx_word' id='word_1_742' title='bbox 847 5209 941 5276; x_wconf 88' lang='lat' dir='ltr'><strong>qui</strong></span> <span class='ocrx_word' id='word_1_743' title='bbox 985 5205 1145 5261; x_wconf 80' lang='lat' dir='ltr'><strong>ﬁdem</strong></span> <span class='ocrx_word' id='word_1_744' title='bbox 1196 5206 1317 5277; x_wconf 88' lang='lat' dir='ltr'><strong>ejus</strong></span> <span class='ocrx_word' id='word_1_745' title='bbox 1377 5218 1489 5259; x_wconf 90' lang='lat' dir='ltr'><strong>non</strong></span> <span class='ocrx_word' id='word_1_746' title='bbox 1545 5205 1785 5274; x_wconf 85' lang='lat' dir='ltr'><strong>amplexi</strong></span> 
     </span>
    </p>
   </div>
   <div class='ocr_carea' id='block_1_93' title="bbox 144 5287 1779 5372">
    <p class='ocr_par' dir='ltr' id='par_1_93' title="bbox 144 5287 1779 5372">
     <span class='ocr_line' id='line_1_93' title="bbox 144 5287 1779 5372; baseline -0.01 -7"><span class='ocrx_word' id='word_1_747' title='bbox 144 5287 312 5365; x_wconf 47' lang='lat' dir='ltr'><strong>.sunt</strong></span> <span class='ocrx_word' id='word_1_748' title='bbox 343 5304 557 5368; x_wconf 70' lang='lat' dir='ltr'><strong>Judaei,</strong></span> <span class='ocrx_word' id='word_1_749' title='bbox 590 5301 661 5355; x_wconf 87' lang='lat' dir='ltr'><strong>iis</strong></span> <span class='ocrx_word' id='word_1_750' title='bbox 688 5301 781 5372; x_wconf 89' lang='lat' dir='ltr'><strong>qui</strong></span> <span class='ocrx_word' id='word_1_751' title='bbox 810 5314 930 5355; x_wconf 86' lang='lat' dir='ltr'><strong>eam</strong></span> <span class='ocrx_word' id='word_1_752' title='bbox 965 5296 1201 5368; x_wconf 78' lang='lat' dir='ltr'><strong>amplexi</strong></span> <span class='ocrx_word' id='word_1_753' title='bbox 1235 5306 1388 5363; x_wconf 87' lang='lat' dir='ltr'><strong>sunt,</strong></span> <span class='ocrx_word' id='word_1_754' title='bbox 1416 5296 1580 5367; x_wconf 86' lang='lat' dir='ltr'><strong>longe</strong></span> <span class='ocrx_word' id='word_1_755' title='bbox 1638 5312 1779 5367; x_wconf 89' lang='lat' dir='ltr'><strong>pau-</strong></span> 
     </span>
    </p>
   </div>
   <div class='ocr_carea' id='block_1_94' title="bbox 172 5376 1781 5463">
    <p class='ocr_par' dir='ltr' id='par_1_94' title="bbox 172 5376 1781 5463">
     <span class='ocr_line' id='line_1_94' title="bbox 172 5376 1781 5463; baseline -0.011 -1"><span class='ocrx_word' id='word_1_756' title='bbox 172 5403 364 5462; x_wconf 87' lang='lat' dir='ltr'><strong>ciores</strong></span> <span class='ocrx_word' id='word_1_757' title='bbox 387 5376 529 5455; x_wconf 75' lang='lat' dir='ltr'><strong>sunt</strong></span> <span class='ocrx_word' id='word_1_758' title='bbox 560 5402 639 5460; x_wconf 87' lang='lat' dir='ltr'><strong>et,</strong></span> <span class='ocrx_word' id='word_1_759' title='bbox 669 5407 838 5463; x_wconf 87' lang='lat' dir='ltr'><strong>prope</strong></span> <span class='ocrx_word' id='word_1_760' title='bbox 855 5392 1056 5459; x_wconf 88' lang='lat' dir='ltr'><strong>dicam,</strong></span> <span class='ocrx_word' id='word_1_761' title='bbox 1075 5388 1218 5445; x_wconf 81' lang='lat' dir='ltr'><strong>facili</strong></span> <span class='ocrx_word' id='word_1_762' title='bbox 1238 5404 1405 5459; x_wconf 79' lang='lat' dir='ltr'><strong>opera</strong></span> <span class='ocrx_word' id='word_1_763' title='bbox 1433 5390 1781 5454; x_wconf 84' lang='lat' dir='ltr'><strong>numerandi;</strong></span> 
     </span>
    </p>
   </div>
   <div class='ocr_carea' id='block_1_95' title="bbox 174 5482 1782 5565">
    <p class='ocr_par' dir='ltr' id='par_1_95' title="bbox 174 5482 1782 5565">
     <span class='ocr_line' id='line_1_95' title="bbox 174 5482 1782 5565; baseline -0.009 -13"><span class='ocrx_word' id='word_1_764' title='bbox 174 5505 347 5565; x_wconf 84' lang='lat' dir='ltr'><strong>atque</strong></span> <span class='ocrx_word' id='word_1_765' title='bbox 375 5491 752 5548; x_wconf 74' lang='lat' dir='ltr'><strong>Moliametes,</strong></span> <span class='ocrx_word' id='word_1_766' title='bbox 785 5499 948 5555; x_wconf 89' lang='lat' dir='ltr'><strong>quem</strong></span> <span class='ocrx_word' id='word_1_767' title='bbox 992 5482 1329 5539; x_wconf 84' lang='lat' dir='ltr'><strong>musulmani</strong></span> <span class='ocrx_word' id='word_1_768' title='bbox 1385 5483 1567 5539; x_wconf 88' lang='lat' dir='ltr'><strong>secuti</strong></span> <span class='ocrx_word' id='word_1_769' title='bbox 1628 5491 1782 5539; x_wconf 84' lang='lat' dir='ltr'><strong>sunt.</strong></span> 
     </span>
    </p>
   </div>
   <div class='ocr_carea' id='block_1_96' title="bbox 171 5574 1782 5659">
    <p class='ocr_par' dir='ltr' id='par_1_96' title="bbox 171 5574 1782 5659">
     <span class='ocr_line' id='line_1_96' title="bbox 171 5574 1782 5659; baseline -0.009 -15"><span class='ocrx_word' id='word_1_770' title='bbox 171 5598 386 5659; x_wconf 80' lang='lat' dir='ltr'><strong>praeter</strong></span> <span class='ocrx_word' id='word_1_771' title='bbox 425 5586 534 5637; x_wconf 85' lang='lat' dir='ltr'><strong>bos</strong></span> <span class='ocrx_word' id='word_1_772' title='bbox 569 5589 704 5643; x_wconf 84' lang='lat' dir='ltr'><strong>tres,</strong></span> <span class='ocrx_word' id='word_1_773' title='bbox 736 5578 832 5647; x_wconf 89' lang='lat' dir='ltr'><strong>qui</strong></span> <span class='ocrx_word' id='word_1_774' title='bbox 864 5576 1034 5646; x_wconf 83' lang='lat' dir='ltr'><strong>legem</strong></span> <span class='ocrx_word' id='word_1_775' title='bbox 1086 5575 1439 5632; x_wconf 84' lang='lat' dir='ltr'><strong>constituerit</strong></span> <span class='ocrx_word' id='word_1_776' title='bbox 1462 5589 1527 5629; x_wconf 87' lang='lat' dir='ltr'><strong>ae</strong></span> <span class='ocrx_word' id='word_1_777' title='bbox 1575 5574 1782 5630; x_wconf 90' lang='lat' dir='ltr'><strong>docue-</strong></span> 
     </span>
    </p>
   </div>
   <div class='ocr_carea' id='block_1_97' title="bbox 175 5666 1785 5746">
    <p class='ocr_par' dir='ltr' id='par_1_97' title="bbox 175 5666 1785 5746">
     <span class='ocr_line' id='line_1_97' title="bbox 175 5666 1785 5746; baseline -0.009 -10"><span class='ocrx_word' id='word_1_778' title='bbox 175 5682 274 5746; x_wconf 88' lang='lat' dir='ltr'><strong>rit,</strong></span> <span class='ocrx_word' id='word_1_779' title='bbox 311 5689 489 5733; x_wconf 88' lang='lat' dir='ltr'><strong>ncmo</strong></span> <span class='ocrx_word' id='word_1_780' title='bbox 524 5678 640 5727; x_wconf 84' lang='lat' dir='ltr'><strong>est.</strong></span> <span class='ocrx_word' id='word_1_781' title='bbox 665 5668 783 5725; x_wconf 70' lang='lat' dir='ltr'><strong>datu</strong></span> <span class='ocrx_word' id='word_1_782' title='bbox 815 5667 1055 5739; x_wconf 67' lang='lat' dir='ltr'><strong>Moysen]</strong></span> <span class='ocrx_word' id='word_1_783' title='bbox 1089 5669 1310 5739; x_wconf 89' lang='lat' dir='ltr'><strong>quidem</strong></span> <span class='ocrx_word' id='word_1_784' title='bbox 1332 5682 1364 5722; x_wconf 87' lang='lat' dir='ltr'><strong>a</strong></span> <span class='ocrx_word' id='word_1_785' title='bbox 1392 5666 1502 5722; x_wconf 88' lang='lat' dir='ltr'><strong>Deo</strong></span> <span class='ocrx_word' id='word_1_786' title='bbox 1552 5667 1785 5723; x_wconf 88' lang='lat' dir='ltr'><strong>missum</strong></span> 
     </span>
    </p>
   </div>
   <div class='ocr_carea' id='block_1_98' title="bbox 174 5758 1787 5833">
    <p class='ocr_par' dir='ltr' id='par_1_98' title="bbox 174 5758 1787 5833">
     <span class='ocr_line' id='line_1_98' title="bbox 174 5758 1787 5833; baseline -0.009 -4"><span class='ocrx_word' id='word_1_787' title='bbox 174 5785 326 5833; x_wconf 84' lang='lat' dir='ltr'><strong>esse,</strong></span> <span class='ocrx_word' id='word_1_788' title='bbox 361 5770 418 5823; x_wconf 91' lang='lat' dir='ltr'><strong>in</strong></span> <span class='ocrx_word' id='word_1_789' title='bbox 442 5760 711 5820; x_wconf 74' lang='lat' dir='ltr'><strong>confesso</strong></span> <span class='ocrx_word' id='word_1_790' title='bbox 748 5758 1083 5814; x_wconf 74' lang='lat' dir='ltr'><strong>est.Statim</strong></span> <span class='ocrx_word' id='word_1_791' title='bbox 1111 5760 1180 5813; x_wconf 88' lang='lat' dir='ltr'><strong>ab</strong></span> <span class='ocrx_word' id='word_1_792' title='bbox 1223 5759 1411 5827; x_wconf 87' lang='lat' dir='ltr'><strong>initio,</strong></span> <span class='ocrx_word' id='word_1_793' title='bbox 1461 5773 1587 5814; x_wconf 90' lang='lat' dir='ltr'><strong>cum</strong></span> <span class='ocrx_word' id='word_1_794' title='bbox 1640 5767 1787 5814; x_wconf 86' lang='lat' dir='ltr'><strong>esset</strong></span> 
     </span>
    </p>
   </div>
   <div class='ocr_carea' id='block_1_99' title="bbox 174 5848 1780 5925">
    <p class='ocr_par' dir='ltr' id='par_1_99' title="bbox 174 5848 1780 5925">
     <span class='ocr_line' id='line_1_99' title="bbox 174 5848 1780 5925; baseline -0.01 -5"><span class='ocrx_word' id='word_1_795' title='bbox 174 5864 363 5920; x_wconf 84' lang='lat' dir='ltr'><strong>adhuc</strong></span> <span class='ocrx_word' id='word_1_796' title='bbox 395 5861 451 5916; x_wconf 88' lang='lat' dir='ltr'><strong>in</strong></span> <span class='ocrx_word' id='word_1_797' title='bbox 474 5853 744 5925; x_wconf 62' lang='lat' dir='ltr'><strong>Egypto,</strong></span> <span class='ocrx_word' id='word_1_798' title='bbox 785 5851 941 5923; x_wconf 78' lang='lat' dir='ltr'><strong>signa</strong></span> <span class='ocrx_word' id='word_1_799' title='bbox 986 5858 1040 5907; x_wconf 89' lang='lat' dir='ltr'><strong>et</strong></span> <span class='ocrx_word' id='word_1_800' title='bbox 1065 5850 1332 5907; x_wconf 85' lang='lat' dir='ltr'><strong>miracula</strong></span> <span class='ocrx_word' id='word_1_801' title='bbox 1357 5863 1552 5921; x_wconf 83' lang='lat' dir='ltr'><strong>magna</strong></span> <span class='ocrx_word' id='word_1_802' title='bbox 1607 5848 1780 5904; x_wconf 85' lang='lat' dir='ltr'><strong>edidit</strong></span> 
     </span>
    </p>
   </div>
   <div class='ocr_carea' id='block_1_100' title="bbox 1898 4640 3481 4708">
    <p class='ocr_par' dir='ltr' id='par_1_100' title="bbox 1898 4640 3481 4708">
     <span class='ocr_line' id='line_1_100' title="bbox 1898 4640 3481 4708; baseline 0.001 -12"><span class='ocrx_word' id='word_1_803' title='bbox 1898 4641 1956 4697; x_wconf 84' lang='lat' dir='ltr'><strong>in</strong></span> <span class='ocrx_word' id='word_1_804' title='bbox 1984 4649 2226 4696; x_wconf 87' lang='lat' dir='ltr'><strong>montem</strong></span> <span class='ocrx_word' id='word_1_805' title='bbox 2264 4641 2394 4696; x_wconf 81' lang='lat' dir='ltr'><strong>Sina</strong></span> <span class='ocrx_word' id='word_1_806' title='bbox 2428 4642 2696 4708; x_wconf 90' lang='lat' dir='ltr'><strong>ascendit,</strong></span> <span class='ocrx_word' id='word_1_807' title='bbox 2723 4640 2931 4697; x_wconf 70' lang='lat' dir='ltr'><strong>Iudaeis</strong></span> <span class='ocrx_word' id='word_1_808' title='bbox 2964 4644 3038 4698; x_wconf 88' lang='lat' dir='ltr'><strong>ita</strong></span> <span class='ocrx_word' id='word_1_809' title='bbox 3085 4660 3212 4697; x_wconf 88' lang='lat' dir='ltr'><strong>eum</strong></span> <span class='ocrx_word' id='word_1_810' title='bbox 3271 4646 3481 4699; x_wconf 88' lang='lat' dir='ltr'><strong>cohor-</strong></span> 
     </span>
    </p>
   </div>
   <div class='ocr_carea' id='block_1_101' title="bbox 1897 4733 3481 4815">
    <p class='ocr_par' dir='ltr' id='par_1_101' title="bbox 1897 4733 3481 4815">
     <span class='ocr_line' id='line_1_101' title="bbox 1897 4733 3481 4815; baseline 0.003 -27"><span class='ocrx_word' id='word_1_811' title='bbox 1897 4735 2025 4790; x_wconf 85' lang='lat' dir='ltr'><strong>tatis</strong></span> <span class='ocrx_word' id='word_1_812' title='bbox 2057 4750 2072 4789; x_wconf 90' lang='lat'><strong>:</strong></span> <span class='ocrx_word' id='word_1_813' title='bbox 2119 4733 2397 4815; x_wconf 71' lang='lat' dir='ltr'><strong>«Ascende</strong></span> <span class='ocrx_word' id='word_1_814' title='bbox 2431 4735 2488 4788; x_wconf 90' lang='lat' dir='ltr'><strong>in</strong></span> <span class='ocrx_word' id='word_1_815' title='bbox 2520 4744 2764 4790; x_wconf 89' lang='lat' dir='ltr'><strong>montem</strong></span> <span class='ocrx_word' id='word_1_816' title='bbox 2789 4744 2845 4790; x_wconf 84' lang='lat' dir='ltr'><strong>et</strong></span> <span class='ocrx_word' id='word_1_817' title='bbox 2878 4736 3037 4792; x_wconf 85' lang='lat' dir='ltr'><strong>disce</strong></span> <span class='ocrx_word' id='word_1_818' title='bbox 3085 4737 3178 4791; x_wconf 90' lang='lat' dir='ltr'><strong>Dei</strong></span> <span class='ocrx_word' id='word_1_819' title='bbox 3214 4738 3481 4792; x_wconf 86' lang='lat' dir='ltr'><strong>volunta-</strong></span> 
     </span>
    </p>
   </div>
   <div class='ocr_carea' id='block_1_102' title="bbox 1897 4817 3480 4894">
    <p class='ocr_par' dir='ltr' id='par_1_102' title="bbox 1897 4817 3480 4894">
     <span class='ocr_line' id='line_1_102' title="bbox 1897 4817 3480 4894; baseline 0.002 -15"><span class='ocrx_word' id='word_1_820' title='bbox 1897 4832 2040 4894; x_wconf 87' lang='lat' dir='ltr'><strong>tem;</strong></span> <span class='ocrx_word' id='word_1_821' title='bbox 2069 4841 2169 4881; x_wconf 87' lang='lat' dir='ltr'><strong>nos</strong></span> <span class='ocrx_word' id='word_1_822' title='bbox 2200 4827 2346 4881; x_wconf 90' lang='lat' dir='ltr'><strong>enim</strong></span> <span class='ocrx_word' id='word_1_823' title='bbox 2378 4841 2568 4880; x_wconf 86' lang='lat' dir='ltr'><strong>vocem</strong></span> <span class='ocrx_word' id='word_1_824' title='bbox 2603 4826 2697 4881; x_wconf 87' lang='lat' dir='ltr'><strong>Dei</strong></span> <span class='ocrx_word' id='word_1_825' title='bbox 2735 4828 2929 4883; x_wconf 89' lang='lat' dir='ltr'><strong>audire</strong></span> <span class='ocrx_word' id='word_1_826' title='bbox 2958 4843 3067 4883; x_wconf 91' lang='lat' dir='ltr'><strong>non</strong></span> <span class='ocrx_word' id='word_1_827' title='bbox 3113 4817 3480 4893; x_wconf 68' lang='lat' dir='ltr'><strong>sustinemus,</strong></span> 
     </span>
    </p>
   </div>
   <div class='ocr_carea' id='block_1_103' title="bbox 1896 4917 3483 4987">
    <p class='ocr_par' dir='ltr' id='par_1_103' title="bbox 1896 4917 3483 4987">
     <span class='ocr_line' id='line_1_103' title="bbox 1896 4917 3483 4987; baseline 0.002 -17"><span class='ocrx_word' id='word_1_828' title='bbox 1896 4931 1968 4971; x_wconf 87' lang='lat' dir='ltr'><strong>ne</strong></span> <span class='ocrx_word' id='word_1_829' title='bbox 2001 4917 2330 4973; x_wconf 88' lang='lat' dir='ltr'><strong>moriamur.</strong></span> <span class='ocrx_word' id='word_1_830' title='bbox 2368 4935 2388 4970; x_wconf 71' lang='grc' dir='ltr'><strong>ι</strong></span> <span class='ocrx_word' id='word_1_831' title='bbox 2425 4918 2618 4985; x_wconf 81' lang='lat' dir='ltr'><strong>Itaque</strong></span> <span class='ocrx_word' id='word_1_832' title='bbox 2666 4917 2903 4987; x_wconf 81' lang='lat' dir='ltr'><strong>populus</strong></span> <span class='ocrx_word' id='word_1_833' title='bbox 2957 4918 3148 4987; x_wconf 79' lang='lat' dir='ltr'><strong>procul</strong></span> <span class='ocrx_word' id='word_1_834' title='bbox 3209 4934 3239 4973; x_wconf 89' lang='lat' dir='ltr'><strong>a</strong></span> <span class='ocrx_word' id='word_1_835' title='bbox 3297 4928 3483 4973; x_wconf 84' lang='lat' dir='ltr'><strong>monte</strong></span> 
     </span>
    </p>
   </div>
   <div class='ocr_carea' id='block_1_104' title="bbox 1897 5009 3483 5083">
    <p class='ocr_par' dir='ltr' id='par_1_104' title="bbox 1897 5009 3483 5083">
     <span class='ocr_line' id='line_1_104' title="bbox 1897 5009 3483 5083; baseline 0.004 -20"><span class='ocrx_word' id='word_1_836' title='bbox 1897 5009 2175 5076; x_wconf 85' lang='lat' dir='ltr'><strong>adstabat,</strong></span> <span class='ocrx_word' id='word_1_837' title='bbox 2207 5025 2332 5063; x_wconf 93' lang='lat' dir='ltr'><strong>cum</strong></span> <span class='ocrx_word' id='word_1_838' title='bbox 2361 5018 2511 5064; x_wconf 89' lang='lat' dir='ltr'><strong>metu</strong></span> <span class='ocrx_word' id='word_1_839' title='bbox 2537 5025 2603 5065; x_wconf 89' lang='lat' dir='ltr'><strong>ac</strong></span> <span class='ocrx_word' id='word_1_840' title='bbox 2639 5019 2880 5066; x_wconf 83' lang='lat' dir='ltr'><strong>tremore</strong></span> <span class='ocrx_word' id='word_1_841' title='bbox 2907 5010 3083 5064; x_wconf 80' lang='lat' dir='ltr'><strong>Deum</strong></span> <span class='ocrx_word' id='word_1_842' title='bbox 3111 5026 3235 5065; x_wconf 90' lang='lat' dir='ltr'><strong>cum</strong></span> <span class='ocrx_word' id='word_1_843' title='bbox 3291 5011 3483 5083; x_wconf 80' lang='lat' dir='ltr'><strong>Moyse</strong></span> 
     </span>
    </p>
   </div>
   <div class='ocr_carea' id='block_1_105' title="bbox 1895 5104 3480 5183">
    <p class='ocr_par' dir='ltr' id='par_1_105' title="bbox 1895 5104 3480 5183">
     <span class='ocr_line' id='line_1_105' title="bbox 1895 5104 3480 5183; baseline 0.003 -23"><span class='ocrx_word' id='word_1_844' title='bbox 1895 5104 2294 5183; x_wconf 88' lang='lat' dir='ltr'><strong>colloquentem</strong></span> <span class='ocrx_word' id='word_1_845' title='bbox 2323 5104 2639 5163; x_wconf 89' lang='lat' dir='ltr'><strong>adorantes.</strong></span> <span class='ocrx_word' id='word_1_846' title='bbox 2676 5107 2887 5178; x_wconf 68' lang='lat' dir='ltr'><strong>Moyses</strong></span> <span class='ocrx_word' id='word_1_847' title='bbox 2927 5109 3110 5162; x_wconf 84' lang='lat' dir='ltr'><strong>audita</strong></span> <span class='ocrx_word' id='word_1_848' title='bbox 3161 5108 3325 5175; x_wconf 82' lang='lat' dir='ltr'><strong>verba</strong></span> <span class='ocrx_word' id='word_1_849' title='bbox 3384 5108 3480 5164; x_wconf 90' lang='lat' dir='ltr'><strong>Dei</strong></span> 
     </span>
    </p>
   </div>
   <div class='ocr_carea' id='block_1_106' title="bbox 1895 5195 3485 5271">
    <p class='ocr_par' dir='ltr' id='par_1_106' title="bbox 1895 5195 3485 5271">
     <span class='ocr_line' id='line_1_106' title="bbox 1895 5195 3485 5271; baseline 0.005 -23"><span class='ocrx_word' id='word_1_850' title='bbox 1895 5195 2080 5249; x_wconf 89' lang='lat' dir='ltr'><strong>statim</strong></span> <span class='ocrx_word' id='word_1_851' title='bbox 2127 5197 2557 5251; x_wconf 80' lang='lat' dir='ltr'><strong>communicavit</strong></span> <span class='ocrx_word' id='word_1_852' title='bbox 2614 5213 2739 5251; x_wconf 78' lang='lat' dir='ltr'><strong>(um</strong></span> <span class='ocrx_word' id='word_1_853' title='bbox 2794 5197 3059 5263; x_wconf 72' lang='lat' dir='ltr'><strong>llebrmis,</strong></span> <span class='ocrx_word' id='word_1_854' title='bbox 3110 5198 3485 5271; x_wconf 80' lang='lat' dir='ltr'><strong>mandataque</strong></span> 
     </span>
    </p>
   </div>
   <div class='ocr_carea' id='block_1_107' title="bbox 1895 5284 3484 5363">
    <p class='ocr_par' dir='ltr' id='par_1_107' title="bbox 1895 5284 3484 5363">
     <span class='ocr_line' id='line_1_107' title="bbox 1895 5284 3484 5363; baseline 0.007 -25"><span class='ocrx_word' id='word_1_855' title='bbox 1895 5284 2043 5341; x_wconf 89' lang='lat' dir='ltr'><strong>illico</strong></span> <span class='ocrx_word' id='word_1_856' title='bbox 2087 5286 2203 5340; x_wconf 85' lang='lat' dir='ltr'><strong>ﬁeri</strong></span> <span class='ocrx_word' id='word_1_857' title='bbox 2240 5298 2419 5357; x_wconf 72' lang='lat' dir='ltr'><strong>empta</strong></span> <span class='ocrx_word' id='word_1_858' title='bbox 2473 5298 2625 5344; x_wconf 89' lang='lat' dir='ltr'><strong>sunt.</strong></span> <span class='ocrx_word' id='word_1_859' title='bbox 2654 5288 2763 5345; x_wconf 89' lang='lat' dir='ltr'><strong>Nec</strong></span> <span class='ocrx_word' id='word_1_860' title='bbox 2792 5306 2890 5361; x_wconf 87' lang='lat' dir='ltr'><strong>per</strong></span> <span class='ocrx_word' id='word_1_861' title='bbox 2913 5300 3059 5347; x_wconf 88' lang='lat' dir='ltr'><strong>totos</strong></span> <span class='ocrx_word' id='word_1_862' title='bbox 3092 5292 3214 5347; x_wconf 91' lang='lat' dir='ltr'><strong>illos</strong></span> <span class='ocrx_word' id='word_1_863' title='bbox 3236 5293 3484 5363; x_wconf 86' lang='lat' dir='ltr'><strong>quadra—</strong></span> 
     </span>
    </p>
   </div>
   <div class='ocr_carea' id='block_1_108' title="bbox 1894 5379 3484 5458">
    <p class='ocr_par' dir='ltr' id='par_1_108' title="bbox 1894 5379 3484 5458">
     <span class='ocr_line' id='line_1_108' title="bbox 1894 5379 3484 5458; baseline 0.007 -28"><span class='ocrx_word' id='word_1_864' title='bbox 1894 5379 2045 5448; x_wconf 80' lang='lat' dir='ltr'><strong>ginta</strong></span> <span class='ocrx_word' id='word_1_865' title='bbox 2069 5394 2245 5435; x_wconf 90' lang='lat' dir='ltr'><strong>annos</strong></span> <span class='ocrx_word' id='word_1_866' title='bbox 2275 5388 2458 5435; x_wconf 83' lang='lat' dir='ltr'><strong>castra</strong></span> <span class='ocrx_word' id='word_1_867' title='bbox 2491 5392 2787 5439; x_wconf 81' lang='lat' dir='ltr'><strong>moverunt</strong></span> <span class='ocrx_word' id='word_1_868' title='bbox 2810 5383 3025 5454; x_wconf 75' lang='lat' dir='ltr'><strong>iniussu</strong></span> <span class='ocrx_word' id='word_1_869' title='bbox 3058 5383 3300 5441; x_wconf 90' lang='lat' dir='ltr'><strong>Domini.</strong></span> <span class='ocrx_word' id='word_1_870' title='bbox 3324 5385 3484 5458; x_wconf 79' lang='lat' dir='ltr'><strong>Moy-</strong></span> 
     </span>
    </p>
   </div>
   <div class='ocr_carea' id='block_1_109' title="bbox 1895 5470 3482 5545">
    <p class='ocr_par' dir='ltr' id='par_1_109' title="bbox 1895 5470 3482 5545">
     <span class='ocr_line' id='line_1_109' title="bbox 1895 5470 3482 5545; baseline 0.008 -22"><span class='ocrx_word' id='word_1_871' title='bbox 1895 5484 1987 5524; x_wconf 81' lang='lat' dir='ltr'><strong>ses</strong></span> <span class='ocrx_word' id='word_1_872' title='bbox 2008 5470 2175 5534; x_wconf 87' lang='lat' dir='ltr'><strong>enim.</strong></span> <span class='ocrx_word' id='word_1_873' title='bbox 2204 5473 2282 5527; x_wconf 87' lang='lat' dir='ltr'><strong>ait</strong></span> <span class='ocrx_word' id='word_1_874' title='bbox 2311 5471 2624 5543; x_wconf 84' lang='lat' dir='ltr'><strong>Scriptura,</strong></span> <span class='ocrx_word' id='word_1_875' title='bbox 2661 5474 3014 5545; x_wconf 85' lang='lat' dir='ltr'><strong>loquebatur,</strong></span> <span class='ocrx_word' id='word_1_876' title='bbox 3074 5492 3141 5533; x_wconf 83' lang='lat' dir='ltr'><strong>ac</strong></span> <span class='ocrx_word' id='word_1_877' title='bbox 3192 5478 3333 5533; x_wconf 86' lang='lat' dir='ltr'><strong>Deus</strong></span> <span class='ocrx_word' id='word_1_878' title='bbox 3391 5493 3482 5535; x_wconf 86' lang='lat' dir='ltr'><strong>re-</strong></span> 
     </span>
    </p>
   </div>
   <div class='ocr_carea' id='block_1_110' title="bbox 1894 5562 3480 5641">
    <p class='ocr_par' dir='ltr' id='par_1_110' title="bbox 1894 5562 3480 5641">
     <span class='ocr_line' id='line_1_110' title="bbox 1894 5562 3480 5641; baseline 0.008 -26"><span class='ocrx_word' id='word_1_879' title='bbox 1894 5562 2207 5630; x_wconf 85' lang='lat' dir='ltr'><strong>spondebat</strong></span> <span class='ocrx_word' id='word_1_880' title='bbox 2228 5579 2383 5620; x_wconf 79' lang='lat' dir='ltr'><strong>voce.</strong></span> <span class='ocrx_word' id='word_1_881' title='bbox 2417 5566 2609 5623; x_wconf 85' lang='lat' dir='ltr'><strong>Multis</strong></span> <span class='ocrx_word' id='word_1_882' title='bbox 2638 5567 2806 5638; x_wconf 88' lang='lat' dir='ltr'><strong>igitur</strong></span> <span class='ocrx_word' id='word_1_883' title='bbox 2836 5586 2962 5625; x_wconf 90' lang='lat' dir='ltr'><strong>eum</strong></span> <span class='ocrx_word' id='word_1_884' title='bbox 3024 5571 3200 5641; x_wconf 86' lang='lat' dir='ltr'><strong>signis</strong></span> <span class='ocrx_word' id='word_1_885' title='bbox 3224 5581 3277 5627; x_wconf 87' lang='lat' dir='ltr'><strong>et</strong></span> <span class='ocrx_word' id='word_1_886' title='bbox 3305 5571 3480 5628; x_wconf 86' lang='lat' dir='ltr'><strong>mira-</strong></span> 
     </span>
    </p>
   </div>
   <div class='ocr_carea' id='block_1_111' title="bbox 1893 5653 3486 5735">
    <p class='ocr_par' dir='ltr' id='par_1_111' title="bbox 1893 5653 3486 5735">
     <span class='ocr_line' id='line_1_111' title="bbox 1893 5653 3486 5735; baseline 0.006 -27"><span class='ocrx_word' id='word_1_887' title='bbox 1893 5653 2035 5708; x_wconf 89' lang='lat' dir='ltr'><strong>culis</strong></span> <span class='ocrx_word' id='word_1_888' title='bbox 2061 5653 2233 5723; x_wconf 85' lang='lat' dir='ltr'><strong>legem</strong></span> <span class='ocrx_word' id='word_1_889' title='bbox 2265 5654 2470 5713; x_wconf 66' lang='lat' dir='ltr'><strong>Judris</strong></span> <span class='ocrx_word' id='word_1_890' title='bbox 2494 5659 2664 5725; x_wconf 71' lang='lat' dir='ltr'><strong>dedit,</strong></span> <span class='ocrx_word' id='word_1_891' title='bbox 2701 5676 2866 5732; x_wconf 86' lang='lat' dir='ltr'><strong>quam</strong></span> <span class='ocrx_word' id='word_1_892' title='bbox 2909 5662 2985 5720; x_wconf 87' lang='lat' dir='ltr'><strong>illi</strong></span> <span class='ocrx_word' id='word_1_893' title='bbox 3050 5669 3388 5731; x_wconf 73' lang='lat' dir='ltr'><strong>acceperunt</strong></span> <span class='ocrx_word' id='word_1_894' title='bbox 3428 5676 3486 5735; x_wconf 52' lang='lat' dir='ltr'><strong>et</strong></span> 
     </span>
    </p>
   </div>
   <div class='ocr_carea' id='block_1_112' title="bbox 1893 5755 3484 5833">
    <p class='ocr_par' dir='ltr' id='par_1_112' title="bbox 1893 5755 3484 5833">
     <span class='ocr_line' id='line_1_112' title="bbox 1893 5755 3484 5833; baseline 0.003 -24"><span class='ocrx_word' id='word_1_895' title='bbox 1893 5755 2239 5811; x_wconf 88' lang='lat' dir='ltr'><strong>adorarunt:</strong></span> <span class='ocrx_word' id='word_1_896' title='bbox 2266 5758 2622 5832; x_wconf 83' lang='lat' dir='ltr'><strong>vcneratique</strong></span> <span class='ocrx_word' id='word_1_897' title='bbox 2653 5770 2784 5817; x_wconf 91' lang='lat' dir='ltr'><strong>sunt</strong></span> <span class='ocrx_word' id='word_1_898' title='bbox 2819 5761 2998 5833; x_wconf 86' lang='lat' dir='ltr'><strong>legem</strong></span> <span class='ocrx_word' id='word_1_899' title='bbox 3034 5774 3064 5817; x_wconf 85' lang='lat' dir='ltr'><strong>a</strong></span> <span class='ocrx_word' id='word_1_900' title='bbox 3085 5759 3275 5832; x_wconf 74' lang='lat' dir='ltr'><strong>Moyse</strong></span> <span class='ocrx_word' id='word_1_901' title='bbox 3298 5758 3484 5815; x_wconf 79' lang='lat' dir='ltr'><strong>datam</strong></span> 
     </span>
    </p>
   </div>
   <div class='ocr_carea' id='block_1_113' title="bbox 1891 5840 3436 5921">
    <p class='ocr_par' dir='ltr' id='par_1_113' title="bbox 1891 5840 3436 5921">
     <span class='ocr_line' id='line_1_113' title="bbox 1891 5840 3436 5921; baseline 0.001 -14"><span class='ocrx_word' id='word_1_902' title='bbox 1891 5857 1952 5907; x_wconf 85' lang='lat' dir='ltr'><strong>ut</strong></span> <span class='ocrx_word' id='word_1_903' title='bbox 1987 5848 2176 5921; x_wconf 82' lang='lat' dir='ltr'><strong>&#39;lcgcm</strong></span> <span class='ocrx_word' id='word_1_904' title='bbox 2215 5849 2330 5908; x_wconf 85' lang='lat' dir='ltr'><strong>Dei.</strong></span> <span class='ocrx_word' id='word_1_905' title='bbox 3399 5840 3436 5845; x_wconf 74' lang='grc'><em>”</em></span> 
     </span>
    </p>
   </div>
  </div>
