3986 6448
162 374 169 381 ’
230 419 345 484 929

1257 370 1695 461 cultoNtCON
1743 376 2010 455 MA’JUS.
2053 414 2123 426 η-
2161 389 2306 448 LIB.
2347 385 2443 450 1v.

3373 376 3479 441 930

219 533 326 601 μεθ
367 527 615 591 δοθέντος
668 527 867 596 νόμου·
927 527 1025 580 καὶ
1076 519 1275 576 τούτου
1312 516 1561 588 ἀκριϐῶς
1608 513 1794 577 ἐξετα-
1823 509 2007 572 Avibv
2049 508 2099 559 oi
2153 506 2349 601 τούτου
2401 500 2783 601 μαθηταὶῃκαὶ
2835 497 2916 601 οἱ.
2946 497 3190 601 ἐκείνων
3218 493 3487 601 διάδῐέιὲ

217 623 445 683 σθέντος
518 617 971 687 φανερωθήσεται
1027 615 1060 684 ἡ
1119 612 1371 683 ἀλήθεια.
1432 609 1490 661 Ὀ
1544 603 1792 672 Μωάμεθ

214 712 402 777 λέγει·
439 726 459 760 ‹
496 707 640 775 Ἐγὼ
668 706 768 759 οὐκ
796 702 966 776 ἦλθον
1009 704 1100 757 διὰ
1131 700 1427 768 θαυμάτων
1469 695 1653 749 δοῦναι
1704 694 1796 744 τὸν

218 806 409 872 νόμον,
458 800 593 853 ἀλλὰ
647 798 737 852 διὰ
792 799 1007 865 σπάθης
1061 796 1158 850 καὶ
1212 794 1400 860 ξίφους
1430 805 1444 820 ·
1482 789 1579 842 καὶ
1623 789 1672 839 οἱ
1722 784 1796 856 μὴ

217 893 604 961 ὑποκύψαντες
662 891 742 957 τῷ
796 890 1056 959 ἡμετέρῳ
1104 887 1277 956 νόμῳ,
1339 885 1399 948 ὃς
1462 885 1577 934 ἐστι
1616 879 1798 949 ,παρὰ

217 984 382 1048 θεοῦ,
412 982 629 1053 θανάτῳ
679 981 1125 1045 ἀποθανέτωσαν,
1360 976 1391 1044 ἦ
1428 976 1630 1042 φόρους
1660 971 1800 1024 διδό-

217 1091 426 1141 τωσαν,
460 1073 558 1125 καὶ⁹
586 1072 878 1139 διδομένων
909 1071 1018 1122 τῶν
1062 1068 1246 1135 φόρων
1288 1067 1603 1136 μενέτωσαν
1633 1065 1690 1115 ἐν
1729 1062 1794 1129 τῇ

219 1168 403 1219 πίστει
434 1164 637 1216 αὐτῶν.
678 1181 698 1214 ι
731 1161 845 1215 Καὶ
897 1163 944 1214 εί
975 1161 1077 1228 μὲν
1116 1161 1216 1212 οὐκ
1262 1154 1331 1228 ἦν
1370 1158 1432 1211 τὸ
1465 1154 1798 1224 Εὐαγγέλιον

220 1258 380 1323 ἅγιον
413 1257 508 1306 καί⁵
537 1255 744 1308 δίκαιον
769 1254 861 1306 καὶ
893 1251 1075 1320 ὀρθὸν,
1103 1250 1326 1311 δικαίως
1357 1246 1799 1329 καὶκπρεπὸντως

222 1345 456 1416 ἔμελλεν
502 1345 679 1397 ἐλθεῖν
736 1342 1035 1411 νομοθέτης
1069 1342 1128 1404 ὃς
1161 1341 1365 1406 διδάξει
1398 1339 1499 1406 τὴν
1534 1336 1801 1406 ἀλήθειαν

218 1441 331 1500 τοῖς
372 1437 683 1507 ἀνθρώποις
714 1435 808 1488 καὶ
838 1435 1191 1503 δικαιοσύνην
1213 1448 1230 1464 ’
1282 1434 1331 1485 εί
1366 1431 1425 1485 δὲ
1452 1431 1665 1483 δίκαιον
1704 1429 1801 1481 καὶ

221 1531 379 1598 ἅγιον
403 1526 492 1600 ἦν,
524 1529 716 1592 ἀτελὲς
764 1528 821 1581 δὲ
857 1528 1151 1596 ὄμω;,’κα“ι
1187 1525 1360 1587 οὕτως
1391 1524 1559 1577 πάλιν
1580 1523 1640 1589 τὸ
1667 1521 1801 1574 αὐτὸ

215 1620 287 1695 ἦν
315 1624 520 1677 δίκαιον
569 1625 664 1675 καὶ
699 1621 933 1692 πρέπον,
978 1620 1066 1673 ἵνα
1114 1617 1291 1672 ἐλθὼν
1330 1618 1632 1686 νομοθέτης
1665 1616 1798 1667 ἁνα-

220 1713 490 1785 πληρὼσῃ
541 1713 605 1766 τὺ
655 1714 950 1783 ὑστέρημα
996 1711 1093 1764 τοῦ
1141 1708 1498 1779 Εὐαγγελίου.
1532 1706 1687 1760 Ἐπεὶ
1739 1705 1799 1758 δὲ

222 1807 379 1872 ἅγιον
406 1807 503 1859 καὶ
533 1805 742 1859 δίκαιον
770 1805 864 1857 καὶ
895 1804 1100 1857 τέλειον
1132 1802 1231 1855 καὶ
1262 1800 1424 1871 ὀρθὸν
1449 1799 1546 1854 καὶ
1576 1799 1800 1865 λέγεται

1898 600 2117 661 πάντως
2169 598 2231 649 οὐ
2280 595 2347 648 δι’
2393 594 2524 647 ἄλλο
2555 611 2607 645 τι
2647 592 2679 660 ἢ
2735 591 2823 643 ἵνα
2858 589 2933 661 μὴ
2965 589 3195 658 ἐλεγχθῇ
3239 589 3273 657 ἡ
3318 576 3485 657 346

1897 691 2123 742 ἐκείνων
2175 690 2493 757 ματαιότης.
2529 685 2601 737 Τὸ
2644 684 2700 736 δὲ
2747 682 2930 735 δοῦναι
2981 682 3072 735 τὸν
3127 681 3291 748 νόμον
3344 678 3484 745 μετὰ

1902 783 2092 849 ξίφους
2145 781 2242 834 καὶ
2281 779 2496 847 σπάθης
2552 778 2750 844 φόνους
2808 775 3032 835 πάντως
3082 775 3176 826 καὶ
3219 770 3483 841 ἁρπαγὰς
3559 812 3562 816 λ

1899 875 2163 927 διδάσκει.
2194 873 2306 926 Καὶ
2329 871 2411 935 τίς
2451 871 2656 940 ἢκουσε
2688 868 2800 921 τῶν
2836 866 3150 937 ἀνθρώπων
3185 862 3484 917 πιστεῦεαί

1899 983 2020 1019 τινα
2048 964 2137 1035 βίᾳ
2162 980 2178 1031 ;
2209 965 2240 1033 ἡ
2278 963 2462 1025 πίστις
2493 962 2593 1030 τῆς
2618 961 2796 1029 ψυχῆς
2829 959 3042 1011 καὶτοῦ
3071 958 3163 1009 νοῦ
3195 956 3314 1009 ἐστί
3339 970 3355 985 ⁶
3386 957 3483 1007 καὶ

1900 1059 2020 1110 ἐπεὶ
2063 1060 2095 1125 ὴ
2131 1055 2281 1123 ψυχὴ
2331 1056 2472 1108 καὶό
2509 1053 2638 1115 νοῦς
2671 1051 2912 1122 πρᾶγμά
2964 1053 3116 1103 ἐστιν
3152 1049 3482 1107 ἀδούλωτον,

1900 1149 2018 1212 πῶς
2043 1150 2072 1200 ὁ
2098 1150 2331 1216 ποιήσας
2359 1147 2501 1199 αὐτὰ
2523 1146 2656 1208 Θεὸς
2688 1144 2953 1214 ἐλεύθερι
2983 1140 3227 1210 πέμψειν
3254 1139 3484 1206 ἔμελλεν

1901 1239 2204 1309 νομοθέτην
2253 1237 2439 1306 βιάσαι
2493 1237 2658 1300 αὐτὰ,
2703 1236 2894 1306 ὥσπερ
2944 1234 3339 1302 ἐπιλαθόμενος
3387 1230 3487 1284 τοῦ

1901 1333 2067 1400 ἔργου
2107 1330 2314 1395 αὐτοῦς
2359 1329 2425 1382 Ἦ
2461 1332 2572 1398 γὰρ
2604 1331 2787 1392 πίστις
2817 1329 3038 1398 θελήσει
3074 1331 3170 1381 καὶ
3219 1324 3489 1395 προαιρέ-

1903 1437 1985 1474 σει
2040 1421 2136 1473 καὶ
2176 1422 2244 1489 τῇ
2285 1418 2570 1487 ἐλευθερίᾳ
2623 1419 2723 1488 τῆς
2780 1418 2962 1488 ψυχῆς
3016 1419 3111 1470 καὶ
3169 1418 3233 1487 τῇ
3285 1415 3486 1482 γνώσει

1902 1513 2071 1583 αὐτῆς
2126 1512 2362 1579 γίνεται,
2417 1510 2769 1579 ἀλλοτρόπως
2820 1511 2879 1563 δὲ
2925 1509 3206 1577 οὐδαμῶς.
3258 1508 3332 1559 Τδ
3375 1508 3487 1575 γὰρ

1905 1606 2066 1675 σῶμα
2099 1601 2389 1657 δουλοῦται
2420 1604 2517 1655 καὶ
2539 1602 2825 1671 δεσμετται
2858 1601 2951 1653 καὶ
2982 1600 3132 1654 ἔστιν
3162 1601 3252 1652 ὅτε
3290 1601 3383 1652 καὶ
3418 1601 3488 1650 τὰ

1907 1697 1980 1768 μὴ
2010 1696 2234 1750 θέλοντα
2264 1694 2530 1765 πράττειν
2554 1708 2568 1723 ⁸
2603 1694 2697 1747 ἐπὶ
2723 1692 2781 1745 δὲ
2813 1692 2913 1761 τῆς
2949 1691 3131 1761 ψυχῆς
3161 1691 3260 1760 οὒχ
3287 1692 3488 1754 οὕτως,

1902 1785 2039 1840 ἀλλὰ
2071 1785 2289 1855 θελήσει
2318 1786 2411 1838 καὶ
2443 1785 2625 1855 κρίσει
2655 1786 2745 1836 καὶ
2770 1784 2975 1852 γνώσει
3005 1785 3102 1837 καὶ
3138 1783 3485 1853 προαιρέσει.

222 1859 316 1951 καὶ.
348 1898 485 1963 ἐστι,
530 1901 805 1968 μαρτυρεῖ
855 1898 913 1951 δὲ
965 1896 1062 1950 καὶ
1104 1899 1134 1948 ὁ
1168 1859 1419 1964 Μωάμεθ
1468 1891 1600 1963 περὶ
1630 1859 1798 1942 αὐτοῦ
1831 1859 1877 1914 Β
1909 1872 2158 1933 Καὶ’τῶν
2208 1877 2581 1940 πιστευόντων
2614 1876 2762 1945 αὐτῷ
2801 1877 2862 1927 ἐν
2912 1876 3094 1945 κρίσει
3133 1878 3226 1930 καὶ
3257 1876 3491 1947 ἀληθείᾳ

222 1990 321 2043 καὶ
355 1990 607 2057 ὁμολογεί
654 1990 751 2043 καὶ
782 1988 933 2057 λέγει
961 1989 1044 2040 ὅτι
1074 1987 1132 2039 τὸ
1165 1985 1500 2054 Εὑαγγέλιον
1524 1984 1639 2036 ἀπὸ.
1661 1983 1799 2035 Θεοῦ

222 2082 341 2132 ἐστὶ
367 2080 653 2150 δεδομένον
680 2080 776 2133 καὶ
802 2079 961 2147 ἅγιον
989 2079 1083 2132 καὶ
1112 2078 1319 2148 πλῆρες
1366 2076 1463 2130 καὶ
1497 2075 1677 2138 εὐθὲς,
1717 2073 1803 2136 τίς

220 2171 384 2242 χρεία
426 2171 617 2225 λοιπὸν
656 2170 947 2242 νομοθέτου
994 2170 1228 2240 ἐτέρου;
1266 2169 1498 2230 Πάντως
1546 2165 1799 2233 οὐδεμία,

220 2267 320 2316 καὶ
351 2263 540 2316 λοιπὸν
571 2263 805 2333 ἄκαιρος
853 2262 949 2316 καὶ
1001 2262 1278 2332 ἄχρηστος
1327 2262 1360 2330 ὴ
1412 2260 1509 2312 τοῦ
1552 2257 1801 2325 Μωάμεθ

220 2355 518 2426 νομοθεσία
543 2373 556 2386 ’
584 2357 681 2410 τοῦ
730 2356 844 2427 γὰρ
871 2356 1039 2428 ὀρθοῦ
1068 2355 1211 2410 κατὰ
1248 2355 1427 2409 πάντα
1463 2353 1617 2407 οὐδὲν
1646 2350 1804 2420 ὀρθό-

218 2467 401 2520 τερον,
435 2451 529 2503 καὶ
560 2448 654 2503 τοῦ
701 2449 910 2503 τελείου
963 2449 1117 2502 οὐδὲν
1167 2448 1528 2518 τελειότερον,
1565 2447 1658 2500 καὶ
1703 2450 1804 2517 τῆς

221 2541 483 2612 ἀληθείας
524 2543 677 2595 οὐδὲν
713 2541 1105 2613 ἀληθέστερον.
1143 2539 1284 2603 Ἀλλ’
1316 2541 1465 2610 ὅμως
1509 2538 1804 2605 ἐξετάσαν-

219 2651 315 2694 τες
345 2633 546 2705 ἴδωμεν
577 2636 628 2687 τί
662 2634 947 2704 βούλονται
975 2636 1043 2686 τὰ
1089 2633 1186 2686 τοῦ
1231 2632 1525 2702 νομοθέτου
1557 2632 1800 2703 ῥήματα.

225 2726 452 2789 Πάντως
494 2726 672 2790 οὐδὲν,
713 2726 829 2780 ἀλλ’
881 2725 913 2797 ἢ
966 2728 1309 2796 κατανοήσας
1345 2726 1538 2779 ἑαυτὸν
1567 2727 1651 2779 ὅτι
1698 2742 1805 2795 μα-

227 2818 368 2886 κράν
391 2833 494 2871 που
524 2817 840 2886 εὑρίσκεται
890 2820 988 2889 τῆς
1024 2821 1302 2889 ἐνεργείας
1335 2820 1445 2875 τῶν
1485 2820 1803 2890 θαυμάτων,

229 2910 554 2979 βουλόμενος
599 2909 804 2980 κρύψαι
835 2910 934 2982 τὴν
977 2912 1176 2966 ἑαυτοῦ
1217 2913 1529 2977 ἀσθένειαν,
1563 2914 1635 2984 μή
1672 2930 1807 2965 ποτε

228 3002 389 3066 παρὰ
409 3001 520 3055 τῶν
566 3004 875 3075 ἀνθρώπων
925 3004 1062 3076 εὕρῃ
1119 3007 1491 3075 κατάγνωσιν,
1520 3003 1675 3060 εἶπεν
1721 3009 1804 3061 ὅτι

231 3094 346 3147 Οὐκ
376 3089 541 3165 ἦλθον
574 3095 762 3149 δοῦναι
790 3098 883 3150 τὸν
913 3098 1079 3168 νόμον
1109 3099 1196 3150 διὰ
1224 3097 1526 3166 θαυμάτων
1556 3099 1691 3153 ἀλλὰ
1717 3101 1805 3154 διὰ

1904 1968 2053 2021 εστιν
2091 1970 2121 2020 ὁ
2151 1968 2284 2032 Θεός
2307 1987 2320 2003 ο
2356 1969 2809 2039 καρδιογνώστης
2846 1970 2956 2038 γάρ
2991 1972 3141 2023 ἐστιν
3164 1987 3181 2001 ·
3225 1969 3350 2023 οὐδὲ
3379 1970 3490 2040 γὰρ

1907 2061 2229 2130 βλέπει-είς
2280 2061 2601 2128 πρόσωπον,
2637 2059 2758 2112 ἀλλ’
2781 2062 2861 2123 εἰς
2902 2061 3155 2130 καρδίαν.
3190 2062 3301 2114 Καὶ
3344 2063 3490 2130 ἆπερ

1904 2155 1973 2207 τὰ
2002 2153 2174 2221 ἄλογα
2230 2152 2346 2217 ζῶα
2400 2154 2551 2224 νόμῳ
2606 2153 2826 2222 φύσεως
2872 2155 2934 2206 οὐ
2984 2152 3224 2216 ποιοῦσι,
3256 2153 3427 2208 ταῦτα
3458 2155 3491 2205 ὁ

1905 2245 2152 2315 Μωάμεθ
2179 2245 2485 2316 νομοθετεῖ.
2521 2246 2615 2309 Τίς
2651 2248 2763 2318 γὰρ
2794 2242 2907 2299 οἶδε
2945 2246 3138 2300 λέοντα
3162 2246 3353 2299 λέοντα
3379 2263 3490 2314 φα-

1906 2340 2141 2410 γόντα,ῆ
2161 2339 2364 2410 ἄρκτον
2392 2340 2595 2410 ἄρκτον
2613 2380 2626 2403 ,
2654 2341 2981 2412 ἦίπάρδαλιν
2999 2341 3273 2412 πάρδαλιν
3283 2359 3297 2406 ;
3322 2333 3493 2403 Οὗτος

1904 2430 1961 2483 δὲ
2002 2430 2304 2498 ἀναφανδὸν
2326 2429 2569 2483 διδάσκει
2593 2432 2841 2499 φονεύειν
2862 2433 2952 2484 τὸν
2973 2431 3261 2500 ἄνθρωπον
3281 2431 3376 2486 ἄνθ
3387 2448 3491 2501 ρω-

1908 2541 2033 2579 πον.
2072 2525 2186 2578 Καὶ
2216 2524 2301 2589 τίς
2324 2524 2577 2593 μάταιος,
2598 2512 2753 2587 ὅστις
2793 2525 2989 2595 μέλλει
3011 2525 3272 2589 δέξασθαι
3301 2526 3493 2578 τοῦτον

1906 2612 2048 2670 εἶναι.
2109 2616 2220 2670 ἀπὸ
2269 2615 2444 2683 Θεοῦ;
2495 2616 2630 2671 Οὐδὲ
2685 2616 2792 2686 γὰρ
2847 2617 3112 2684 ἁρπαγὰς
3151 2616 3248 2670 καὶ
3289 2618 3487 2683 φόνους

1906 2708 2150 2762 διδάσκει
2182 2709 2338 2772 Θεός.
2372 2710 2516 2780 Πρὸς
2564 2709 2779 2773 τούτοις
2811 2710 2895 2762 ὅτι
2941 2710 3037 2763 καὶ
3085 2711 3255 2763 κακία
3290 2709 3490 2771 κακίας

1906 2802 2257 2856 ἀλλάσσεται.
2289 2803 2455 2871 Λέγει
2490 2805 2599 2874 γὰρ
2642 2803 2726 2857 ὅτι
2764 2805 2834 2857 ’Ἡ
2863 2804 3292 2858 ἀποθανέτωσαν
3323 2804 3357 2875 ἢ
3389 2804 3492 2870 φό-

1910 2912 2037 2967 ρους
2063 2895 2381 2961 διδὸτωσαν,
2399 2899 2507 2951 atad:
2519 2898 2849 2952 ἀλλάσσεται
2873 2899 3034 2966 φόνος
3060 2896 3492 2967 φιλοχρηματίᾳ.

1908 2993 1986 3045 Οὐ
2021 2989 2181 3061 μόνον
2209 2991 2268 3044 δὲ
2294 2992 2390 3044 καὶ
2418 2990 2586 3061 μέχρι
2624 2993 2817 3044 τούτου
2845 2991 2878 3061 ἡ
2909 2991 3082 3044 κακία
3132 2989 3295 3061 347
3332 2989 3490 3058 ἔστη,

1908 3083 2048 3138 ἀλλὰ
2078 3083 2175 3135 καὶ
2223 3082 2539 3153 περαιτέρω
2578 3084 2807 3153 προέϐη.
2841 3085 2906 3136 Τί
2936 3083 3045 3152 γὰρ
3086 3084 3183 3152 τῆς
3235 3064 3495 3152 τοιαύτης

231 3185 419 3254 ξίφους
453 3190 547 3241 καὶ
601 3191 845 3261 σπάθης’
880 3193 956 3253 ὡς
992 3192 1085 3246 καὶ
1114 3195 1172 3246 ἐν
1198 3196 1319 3255 ταῖς
1350 3191 1653 3258 διαλέξεσιν
1682 3194 1803 3247 ἐνο-
1834 3190 1880 3252 C
1911 3174 2195 3243 ὠμότητος
2224 3175 2320 3227 καὶ
2349 3173 2766 3244 μισανθρωπίας
2787 3176 2970 3246 κεῖρον
3000 3172 3199 3240 γένοιτ’
3222 3169 3311 3235 ἂν,
3345 3169 3489 3223 ὧπτε

231 3279 535 3351 μοθέτησεν
577 3282 665 3335 ἵνα
712 3283 790 3355 μὴ
838 3284 1196 3352 διαλέγωνται
1231 3286 1373 3356 μετὰ
1402 3286 1510 3339 τῶν
1541 3288 1809 3356 Χριστιαέ

230 3459 297 3513 lis
325 3460 394 3514 sit
427 3459 638 3517 fruetus
664 3477 693 3516 a
727 3462 1032 3518 Muhamete
1063 3473 1375 3520 constitutae
1406 3467 1574 3536 legis:
1605 3481 1712 3537 qua
1747 3484 1807 3521 rc

226 3549 367 3607 bene
394 3553 689 3619 illustrata,
714 3570 904 3610 verum
936 3569 1179 3626 apertqu
1223 3559 1346 3612 erit.
1373 3558 1709 3615 Mohametes
1734 3562 1808 3615 ita

228 3646 298 3700 de
346 3661 408 3700 se
444 3647 767 3714 proﬁtetur:
805 3666 824 3699 ι
883 3649 1151 3718 Equidem
1197 3666 1303 3705 non
1342 3653 1486 3717 veni,
1529 3652 1810 3710 miraculis

226 3736 402 3806 legem
430 3738 815 3804 constitutum,
851 3740 948 3794 sed
976 3755 1106 3796 ense
1143 3749 1198 3796 et
1237 3744 1448 3813 gladio:
1482 3728 1548 3799 et
1577 3746 1670 3813 qui
1700 3760 1808 3798 non

229 3829 523 3899 s-ibjicient
545 3844 605 3884 se
632 3828 738 3899 legi
762 3838 986 3895 nostrae,
1028 3846 1152 3901 quae
1180 3847 1211 3886 a
1240 3832 1350 3887 Deo
1381 3841 1488 3897 est,
1512 3843 1608 3887 aut
1631 3834 1810 3903 capite

228 3922 558 3987 ntultantor,
580 3930 677 3976 aut
704 3923 983 3990 pendunto
1012 3924 1306 3992 stipendia,
1324 3933 1380 3979 et
1399 3926 1582 3994 pensis
1599 3926 1809 3995 stipen-

227 4016 335 4069 diis
354 4025 742 4083 perseveranto
768 4015 820 4069 in
856 4016 1120 4087 religione
1147 4032 1269 4072 sua.
1314 4035 1333 4068 ›
1372 4017 1426 4071 Si
1453 4018 1807 4088 Evangelium

222 4106 342 4160 'non
370 4104 563 4161 fuisset
598 4094 873 4173 sanetum,
918 4109 1126 4176 justum
1160 4118 1211 4163 et
1246 4125 1458 4176 verum,
1508 4125 1723 4178 aequum
1757 4118 1812 4163 et

230 4206 669 4252 consentaneum
700 4199 913 4266 fuisset,
942 4200 1108 4254 alium
1136 4212 1425 4255 venturum
1447 4216 1568 4256 esse
1593 4200 1812 4269 ιυθῑδιιι-

229 4302 430 4357 torem,
456 4292 550 4361 qui
576 4292 707 4362 quid
733 4307 918 4347 verum
943 4307 999 4348 et
1010 4293 1218 4361 justum
1245 4284 1687 4358 essetfhomincs
1715 4294 1813 4348 do-

229 4395 411 4449 ceret;
441 4393 534 4440 aut
565 4385 611 4439 si
633 4384 842 4453 justum
871 4398 1257 4454 sanctumque,
1289 4386 1381 4441 sed
1429 4382 1811 4455 imperfectum

1912 3266 2163 3335 φονεύειν
2197 3266 2366 3336 μηδὲν
2397 3266 2769 3337 ἠδικηκότας;
2802 3265 2912 3320 Καὶ
2940 3266 3050 3336 γὰρ
3093 3265 3293 3318 ὁπόταν
3323 3262 3494 3318 ἀπέλ-

1912 3445 1982 3500 iis
2011 3445 2322 3502 successuri
2353 3453 2537 3501 essent
2556 3444 2924 3516 disputarem,
2955 3445 3104 3500 nulla
3131 3445 3238 3501 alia
3261 3444 3331 3499 de
3362 3458 3495 3499 eau-

1914 3554 1976 3593 sa
2014 3534 2205 3602 vetuit,
2247 3539 2351 3593 nisi
2401 3550 2716 3607 propterea,
2749 3552 2818 3592 ne
2871 3536 3252 3592 eonfutaretur
3300 3550 3494 3589 eorum

1912 3631 2149 3686 vanitas.
2183 3628 2327 3683 Ense
2371 3641 2555 3682 autem
2599 3638 2654 3683 ct
2703 3628 2887 3698 gladio
2932 3628 3102 3696 legem
3159 3626 3499 3682 constituere

1912 3723 2088 3777 caades
2118 3731 2174 3775 et
2199 3722 2419 3791 rapinas
2452 3736 2711 3776 exercere
2734 3730 2836 3777 est.
2866 3719 2937 3774 At
2966 3721 3090 3788 quis
3141 3736 3379 3789 unquam
3411 3734 3501 3770 au-

1911 3812 2069 3876 divit,
2106 3811 2157 3865 vi
2182 3820 2429 3866 coactum
2462 3826 2794 3881 quemquam
2823 3810 2980 3864 tidem
3004 3809 3312 3879 amplexum
3355 3809 3501 3863 esse?

1914 3903 2076 3958 Fides
2102 3903 2272 3957 animi
2291 3913 2345 3957 et
2364 3903 2565 3957 mentis
2583 3912 2688 3957 est.
2707 3899 2832 3956 'Jam
2853 3917 2978 3955 cum
3003 3902 3222 3956 animus
3242 3916 3308 3956 ac
3343 3916 3498 3955 mens

1910 3995 2120 4051 servitii
2153 4004 2408 4064 expertes
2449 3996 2580 4060 sint,
2615 3996 2896 4063 quomodo
2924 3993 3020 4065 qui
3046 3995 3217 4048 libera
3244 4008 3306 4047 ea
3338 3990 3495 4059 fecit,

1920 4087 2060 4144 Deus
2100 4089 2471 4160 legislatorem
2528 4088 2594 4142 ad
2625 4088 2734 4142 vim
2775 4089 2843 4142 iis
2889 4086 3234 4143 inferendam
3291 4085 3494 4152 mittat,

1918 4194 2181 4253 tanquam
2216 4181 2419 4237 oblitus
2463 4182 2645 4251 operis
2675 4181 2804 4236 sui?
2836 4180 2995 4236 Fides
3026 4181 3173 4237 enim
3208 4180 3495 4236 voluntate

1911 4286 1966 4331 et
2013 4275 2258 4345 optione,
2304 4274 2585 4343 animique
2628 4274 2859 4329 arbitrio
2902 4284 2958 4329 et
3004 4275 3339 4345 cognitione,
3397 4291 3497 4330 nec

1912 4371 2022 4425 ulla
2086 4370 2192 4424 alia
2257 4381 2336 4433 re,
2401 4366 2655 4422 eﬂicitur.
2711 4366 2845 4420 Nam
2892 4383 3095 4437 corpus
3163 4368 3381 4438 quidem
3442 4370 3496 4422 in

231 4478 449 4542 fuisset,
480 4494 673 4534 rursus
703 4496 917 4550 aequum
947 4491 1001 4535 et
1032 4496 1129 4551 par
1172 4480 1391 4543 luisset,
1442 4488 1500 4533 ut
1533 4478 1806 4549 legislator

1920 4460 2211 4516 servitium
2271 4459 2544 4529 redigitur
2604 4469 2661 4513 et
2729 4459 2991 4525 \incitur,
3077 4458 3316 4530 facitque
3393 4474 3500 4513 no.1

231 4566 506 4643 quispiam
528 4575 768 4642 expleret
788 4576 1039 4629 lacunam
1060 4574 1356 4643 Evangelii.
1379 4572 1486 4628 Sed
1539 4588 1662 4626 eum
1700 4588 1797 4626 san

1929 4567 2230 4621 nunquam,
2291 4565 2415 4620 quae
2480 4550 2658 4604 nolis:
2725 4565 2879 4603 mens
2928 4564 3034 4603 non
3089 4550 3239 4616 item,
3273 4551 3364 4603 sed
3390 4551 3505 4618 agit
3602 4596 3610 4603 .

233 4679 404 4736 ctum,
423 4668 655 4739 jusrum,
680 4669 975 4737 perlectum
999 4679 1319 4737 rectumque
1340 4679 1394 4723 et
1431 4669 1503 4721 sit
1530 4675 1584 4720 et
1613 4667 1817 4720 hahea-

236 4772 344 4824 tur,
363 4769 526 4830 atque
549 4761 663 4830 ipse
685 4769 911 4815 testetur
930 4775 995 4815 ac
1025 4760 1171 4814 dicat
1193 4760 1551 4821 Mohametes,
1574 4759 1820 4827 Evange—

233 4856 372 4910 lium
408 4870 438 4910 a
476 4854 584 4909 Deo
615 4854 802 4909 datum
845 4895 861 4920 ,
906 4852 1140 4924 justum,
1178 4850 1480 4921 perfectum
1531 4858 1583 4904 et
1624 4854 1812 4904 verum

232 4963 376 5009 esse.
448 4948 579 5017 quid
628 4946 735 5000 alio
801 4954 1064 5016 praeterea
1129 4943 1441 5011 legislature
1502 4956 1641 5008 Opus
1699 4940 1821 4993 est?

235 5038 407 5094 Plane
460 5036 607 5092 nulla
662 5044 827 5107 atque
884 5035 1067 5104 inepta
1114 5042 1171 5087 et
1222 5032 1432 5086 inutilis
1493 5029 1820 5087 Mohatttetis

236 5135 322 5188 lex
355 5141 460 5187 est.
492 5131 660 5186 Recto
707 5128 852 5184 enim
906 5127 1040 5181 nihil
1091 5126 1318 5189 rectius,
1376 5121 1625 5194 perfecto
1670 5121 1811 5176 nihil

240 5225 558 5295 perfectius,
608 5238 736 5277 vero
771 5219 907 5276 nihil
941 5219 1123 5273 verius
1155 5229 1260 5273 est.
1307 5217 1414 5271 Sed
1451 5226 1629 5271 tamen
1684 5231 1817 5270 exa-

239 5320 535 5381 minetttus,
556 5317 685 5388 quid
711 5316 816 5370 sibi
845 5314 1012 5368 velint
1044 5312 1370 5382 legislatoris
1397 5312 1563 5365 dicta.
1607 5309 1815 5362 Nullum

186 5472 201 5475 _
238 5411 404 5466 aliam
442 5413 512 5465 oh
539 5424 788 5475 causam,
832 5408 936 5461 nisi
984 5406 1131 5476 quod
1170 5406 1328 5471 longe
1363 5405 1557 5458 abesse
1586 5419 1643 5457 se
1692 5418 1819 5457 scn-
1858 5466 1863 5469 Δ

243 5505 372 5559 tiret
403 5520 433 5559 a
471 5502 859 5557 miraculorum
886 5499 1264 5561 faciendorum
1306 5504 1595 5567 potestate,
1644 5494 1819 5548 imbe—

239 5599 525 5654 cillitatem
563 5605 745 5649 autem
772 5609 927 5649 suam
960 5592 1239 5647 occultare
1266 5589 1449 5653 vellet,
1499 5604 1563 5640 ne
1592 5587 1642 5640 iu
1677 5587 1821 5639 vitu-

239 5692 395 5761 peria
428 5687 709 5742 hominum
735 5685 1059 5745 incurreret,
1087 5697 1205 5736 sese
1236 5697 1342 5734 non
1399 5679 1699 5740 miraculis,
1726 5675 1820 5730 sel

240 5798 374 5840 ense
423 5789 476 5836 et
518 5779 700 5849 gladio
754 5779 925 5847 legem
970 5777 1327 5831 constitutum
1373 5772 1587 5825 venisse
1638 5769 1815 5822 dixit:

236 5877 382 5934 sicut
421 5875 586 5942 idem,
618 5888 684 5925 ne
711 5886 833 5926 cum
870 5868 1194 5924 Christianis
1235 5865 1487 5934 discipuli
1532 5862 1615 5917 sui
1653 5870 1700 5915 «st
1732 5860 1825 5927 qui

1922 4659 2139 4714 semper
2192 4659 2223 4699 e
2279 4644 2576 4706 voluntate,
2656 4641 2887 4711 judicio,
2943 4641 3257 4710 cognitione
3309 4650 3362 4696 et
3415 4658 3507 4693 ae-

1923 4739 2109 4793 bitrio.
2173 4736 2323 4791 Adeo
2383 4735 2525 4789 Deus
2588 4735 2885 4803 prudenter
2968 4743 3025 4786 et
3083 4748 3205 4787 vere
3253 4749 3313 4788 se
3371 4748 3506 4803 pro-

1926 4831 2190 4884 litentium
2242 4825 2385 4881 Deus
2439 4833 2541 4880 est.
2599 4822 2776 4878 Corda
2823 4821 2968 4875 enim
3017 4823 3184 4887 novit,
3232 4838 3330 4876 nec
3377 4839 3506 4892 per-

1924 4938 2139 4987 sonam,
2178 4923 2272 4976 sed
2309 4919 2471 4974 corda
2509 4916 2754 4985 respicit.
2791 4913 2946 4981 Quod
2976 4914 3148 4969 bruta:
3180 4914 3367 4968 bestia:
3395 4931 3503 4968 nun

1922 5016 2156 5081 fat-iunt,
2195 5014 2246 5069 id
2283 5013 2620 5067 Mohametes
2653 5010 2767 5079 lege
2797 5009 2995 5065 sancit.
3030 5007 3163 5073 Quis
3209 5008 3356 5061 enim
3394 5010 3506 5063 leu-

1926 5128 2051 5166 nem
2086 5126 2114 5163 a
2154 5108 2332 5174 leone,
2356 5115 2448 5160 aut
2474 5118 2663 5158 ursqu
2689 5103 2758 5156 ab
2791 5114 2941 5163 urso,
2968 5110 3060 5153 aut
3112 5101 3434 5169 pnttthut'am
3475 5115 3504 5156 a

1928 5206 2191 5276 potithera
2220 5205 2542 5256 devoratum
2585 5197 2826 5252 audivit?
2857 5194 2962 5250 Sed
2997 5195 3097 5250 iste
3133 5202 3321 5263 aperte
3370 5210 3521 5262 prae:

1924 5300 2079 5368 cipit,
2115 5307 2171 5350 ut
2203 5296 2366 5349 homo
2415 5294 2695 5348 hominem
2759 5289 2995 5345 occidat.
3030 5289 3166 5355 Quis
3192 5288 3360 5356 igitur
3396 5297 3502 5339 tum

1927 5391 2123 5445 stultus
2156 5389 2244 5451 sit,
2283 5387 2566 5457 quiistum
2597 5401 2625 5437 a
2670 5382 2777 5437 Deo
2821 5382 3052 5437 missum
3104 5380 3330 5434 credat?
3362 5381 3436 5433 De
3462 5395 3507 5433 .s

1928 5500 2036 5538 non
2076 5484 2319 5553 praecipit
2352 5480 2572 5548 rapinas
2598 5486 2652 5531 et
2697 5474 2896 5529 caedes.
2945 5473 3149 5528 Deinde
3205 5472 3274 5527 ab
3316 5474 3505 5526 eodem

1930 5581 2132 5633 malum
2176 5577 2319 5630 malo
2352 5573 2667 5628 remittitur.
2714 5569 2851 5623 υἱι·ῖι
2891 5570 3062 5631 enim,
3098 5575 3155 5619 ut
3191 5573 3283 5619 aut
3331 5567 3510 5634 Capite

1933 5677 2255 5737 ltlltllt'llltll’,
2274 5679 2366 5725 aut
2394 5666 2660 5735 stipendia
2692 5664 2951 5730 pendant,
2971 5659 3373 5725 remittiturque
3408 5676 3514 5712 cm-

1932 5767 2027 5818 ιιυδ
2063 5763 2357 5832 cupiditate
2393 5758 2648 5813 habendi.
2691 5753 2800 5807 Nec
2832 5769 2977 5821 vero,
3004 5754 3069 5805 ad
3104 5752 3205 5803 hoc
3246 5750 3514 5830 duntixat

1933 5856 2236 5929 planetis,
2267 5854 2361 5909 sel
2397 5852 2558 5907 etiam
2596 5847 2824 5904 ulterius
2880 5858 3193 5916 processum
3226 5855 3327 5897 est.
3371 5843 3512 5910 Qu.d
