3986 6488
540 410 643 475 931

1764 399 2094 462 GEORGII
2135 398 2565 461 PHRANTZA!

3665 394 3751 462 932

533 519 669 572 θωσι
692 511 1106 580 Μουσουλμάνοι
1133 509 1268 580 προς
1303 508 1544 578 πόλεμον
1571 509 1666 564 καὶ
1694 510 1753 563 ἐν
1777 509 1857 580 τῷ
1887 509 2114 578 πολεμῳ
2139 515 2189 574 Α
2216 509 2345 574 τοὺς
2375 510 2532 571 θεοὺς
2554 508 2890 577 ἀπέρχονται
2917 508 3010 562 καὶ
3041 509 3185 579 μετά
3207 509 3324 562 τῶν
3356 508 3496 563 θεῶν
3521 509 3759 580 εὑρίσκον-

532 611 676 679 πέσῃ
706 603 898 669 τιςιέξ
947 602 1154 668 αὐτῶν,
1193 604 1258 657 οὐ
1297 601 1613 672 λογίζονται
1659 603 1892 665 ἑαυτοὺς
1923 603 2108 668 ἀξίους

534 701 796 772 μέμψεως
815 697 892 760 ὡς
916 697 1127 759 αἰτίους
1155 695 1251 748 τοῦ
1282 695 1546 765 πολέμου,
1565 694 1681 747 ἀλλ’
1709 695 1805 747 ἐπὶ
1831 694 1892 747 τὸ
1916 695 2113 762 νεκρὸν

530 796 689 862 σῶμα
719 791 812 845 τοῦ
855 789 1214 851 πεπτωκότος
1239 791 1546 857 σφάττουσι
1577 787 1814 852 ζῶντας,
1855 789 2014 849 ὅσους
2046 785 2114 840 ἂν

527 885 731 955 δυνηθῇ
767 886 997 942 ἕκαστος
1018 900 1033 915 ο
1065 882 1158 935 καὶ
1187 883 1312 935 ὅσον
1342 880 1566 943 πλείους
1599 881 1826 945 κτείνει,
1857 879 2112 932 τοσοῦτον

526 977 835 1046 λογίζονται
870 974 1142 1041 ὠφέλειαν
1185 974 1284 1040 τῆς
1331 971 1430 1024 τοῦ
1474 969 1773 1033 τεθνεῶτος
1819 968 2021 1039 ψυχῆς.
2051 969 2114 1021 Εἰ

526 1071 726 1132 δ’ἴσως
773 1068 873 1120 οὑκ
917 1068 1029 1138 ἔχει
1087 1064 1413 1135 ἀνθρώπους
1461 1065 1544 1127 είς
1591 1061 1852 1128 ἐξουσίαν
1888 1061 2058 1114 αὐτοῦ
2085 1062 2115 1114 ό

530 1161 857 1232 βουλόμενος
893 1159 1158 1230 βοηθῆσαι
1191 1160 1256 1225 τῇ
1291 1155 1717 1220 τοῦττεθνεῶτος
1745 1155 1917 1224 ψυχῇ.
1973 1154 2111 1219 ἐξω·

532 1259 708 1308 νεῖται
731 1255 1109 1323 Χριστιανοὺς,
1146 1251 1307 1320 είπερ
1355 1249 1530 1318 εὖροι,
1569 1250 1665 1303 καὶ
1713 1250 1747 1319 ἢ
1797 1249 1985 1302 ἐπάνω
2017 1248 2114 1302 τοῦ

528 1347 728 1416 νεκροῦ
784 1346 1035 1415 σώματος
1090 1345 1319 1412 σφάττει
1373 1343 1572 1404 αὐτοὺς
1612 1341 1644 1410 ῆ
1693 1342 1788 1396 ἐπὶ
1832 1341 1912 1412 τῷ
1957 1341 2114 1410 τάφῳ

531 1440 721 1494 αὑτοῦ.
762 1439 872 1491 Καὶ
921 1440 949 1490 ὁ
1011 1437 1187 1490 ταῦτα
1245 1433 1554 1505 νομοθετῶν
1609 1433 1727 1496 πῶς
1779 1434 1888 1486 ἀπὸ
1941 1433 2111 1497 Θεοῦ;

533 1535 656 1587 Ἔτι
695 1533 981 1602 νομοθετεῖ
1025 1532 1110 1584 ὅτι
1151 1531 1181 1584 ό
1217 1531 1342 1592 δοὺς
1385 1531 1451 1598 τῇ
1501 1527 1676 1599 πόρνῃ
1723 1527 1986 1598 μίσθωμα
2016 1527 2115 1580 καὶ

529 1624 823 1694 κοιμηθεὶς
864 1622 981 1692 μετ’
1014 1622 1188 1690 αὐτῆς
1215 1620 1316 1690 οὐχ
1342 1619 1659 1688 ἁμαρτάνει
1680 1635 1694 1649 ·
1740 1621 1837 1672 καὶ
1863 1620 1892 1670 ό
1917 1617 2114 1688 βιασά-

534 1733 694 1786 μενος
724 1714 993 1782 παρθένον
1027 1710 1360 1780 ἁμαρτάνει,
1385 1711 1414 1762 ὁ
1445 1709 1502 1762 δὲ
1535 1709 1676 1777 μετά
1704 1709 1806 1779 τῆς
1833 1708 2114 1778 θελήσεως

532 1810 706 1876 αὐτῆς
760 1807 1047 1877 κοιμηθεὶς
1087 1803 1206 1874 μετ’
1253 1804 1425 1873 αὐτῆς
1473 1803 1573 1871 οὐχ
1623 1801 1976 1872 ἁμαρτάνειο
2016 1801 2114 1854 καὶ

535 1904 630 1956 ἐὰν
658 1899 1066 1971 αἰχμαλωτίδας
1100 1915 1184 1959 τις
1211 1896 1350 1966 λάϐῃ
1401 1897 1460 1948 ἐν
1491 1894 1738 1964 πολέμῳ,
1775 1894 1991 1961 ἔξεστιν
2027 1895 2115 1947 ἐπ’

533 1993 730 2054 αὑταῖς
792 1989 1017 2058 ποιῆσαι
1064 1987 1092 2039 ὃ
1151 1986 1402 2054 βούλεται
1463 1983 1788 2045 ἀκωλύτως.
1863 1983 1923 2037 '0
1986 1983 2119 2051 γοῦν

540 2085 802 2155 πορνείας
845 2084 940 2135 καὶ
994 2075 1472 2152 παρθενοφθορίαέ
1512 2076 1824 2148 νομοθετῶν
1868 2076 1986 2140 πῶς
2013 2076 2121 2130 ἀπὸ

535 2174 674 2229 Θεοῦ
699 2193 714 2240 ;

605 2266 722 2318 Kal.
753 2263 814 2315 τὸ
841 2263 906 2330 δὴ
953 2261 1233 2332 χείριστον
1271 2259 1355 2313 ὅτι
1387 2260 1512 2322 τοὺς
1546 2258 1690 2313 κατά
1718 2258 1818 2329 τὴν
1846 2259 2120 2330 ἀποδοχὴν

527 2359 629 2416 τοῦ
659 2357 797 2413 Θεοῦ
826 2357 1310 2427 περιπατήσαντας
1333 2355 1390 2408 ἐν
1415 2354 1495 2422 τῷ
1528 2355 1761 2424 παρόντι
1787 2355 1948 2409 αἰῶνι
1975 2353 2120 2424 μετά

531 2457 635 2524 τὴν
683 2453 871 2507 ἐνθάδε
928 2451 1234 2506 ἀποόίωσιν
1295 2447 1478 2503 αὐτῶν
1527 2448 1731 2518 λουτρὰ
1792 2449 1890 2501 καὶ
1933 2448 2120 2511 οἴκους

537 2543 894 2616 περικαλλείς
949 2543 1046 2596 καὶ
1093 2544 1363 2610 γυναῖκας
1416 2527 1724 2609 παρθένους
1773 2539 1856 2593 δτι
1917 2539 2124 2601 πολλὰς

534 2641 884 2708 ὑπισχνεῖται
931 2635 1259 2705 δοθήσεσθαι
1306 2635 1524 2704 ἑκάστῳ
1558 2632 1726 2704 348
1775 2631 1929 2701 παρὰ.
1961 2630 2122 2684 Θεοῦ.

533 2732 647 2784 Καὶ
676 2731 816 2798 ὅπερ
869 2730 917 2780 oi
956 2727 1066 2780 τῶν
1101 2725 1508 2794 είδωλολατρῶν
1553 2723 1826 2794 Ἑλλήνων
1859 2722 2124 2793 ὀνομαζό-

509 2850 511 2852 -
538 2837 692 2890 μενοι
715 2821 956 2886 θεολόγοι
985 2821 1088 2874 οὐκ
1122 2813 1279 2872 εἷπον
1310 2815 1434 2869 οὐδὲ
1467 2817 1730 2885 ἐνόμισαν
1761 2811 1924 2881 εἶναι,
1949 2815 2124 2868 ταῦτα

533 2915 562 2966 ὁ
585 2911 834 2981 Μωάμεθ
860 2910 1379 2980 ἀνακεκαλυμμένῳ
1401 2909 1476 2979 τῷ
1505 2908 1785 2978 προσώπῳ
1812 2908 2121 2977 νομοθετεῖ.

546 3006 780 3058 Ἐκεῖνοι
816 3005 926 3075 γὰρ
967 3002 1142 3067 οὕτως
1170 3004 1444 3071 λέγουσιν,
1485 3005 1568 3057 ὅτι
1611 3003 1662 3055 oi
1695 3002 1795 3073 μὲν
1825 3001 2008 3063 καλῶς
2043 3002 2127 3054 ἐν-

536 3097 668 3151 θάδε
723 3097 1068 3166 βιώσαντες,
1137 3095 1275 3148 ἐπάν
1332 3094 1653 3148 ἀποθάνωσι
1709 3094 1806 3147 καὶ
1863 3093 2124 3163 καθαρῶς

2216 617 2309 654 ται
2343 602 2422 662 εἰς
2469 601 2569 662 τὰς
2611 601 2721 652 τῶν
2757 602 3045 670 μακαρίων
3097 602 3306 672 νήσους
3340 600 3438 656 καὶ
3469 602 3582 672 μετ’
3609 605 3760 660 αὐτῶν

2218 693 2654 760 συναγάλλονται
2686 692 2831 746 ’τῶν
2892 693 2949 746 δὲ
3003 694 3191 756 κακῶς
3239 693 3431 749 ἐνθάδε
3486 695 3761 764 βιωσάντων

2216 783 2313 836 καὶ
2360 783 2686 854 ἀκαθάρτων
2726 785 2824 838 καὶ
2879 786 3320 855 μεμολυσμένων
3365 787 3692 843 ἀπελθόντων
3719 795 3762 844 αἱ

2214 874 2426 928 τούτων
2455 875 2626 945 ψυχαὶ
2657 877 2734 937 εἰς
2772 874 3038 944 ζοιρώδεις
3065 879 3158 930 καὶ
3189 881 3510 943 σκοτεινοὺς
3535 881 3763 952 ἀπέρχον-

2216 985 2306 1022 ται
2346 970 2549 1032 τόπους
2589 973 2684 1024 καὶ
2735 972 2815 1034 εἰς
2871 970 2965 1023 τὸν
3018 971 3277 1042 ποταμὸν
3327 971 3422 1025 τὸν
3470 974 3766 1044 Πυριφλεγέ-

2217 1061 2402 1118 θοντα.
2438 1063 2546 1115 Καὶ
2593 1063 2648 1116 οἱ
2692 1063 2794 1132 μὲν
2849 1063 3248 1134 εἰδωλολάτραι
3301 1064 3562 1136 ’Έλληνες
3608 1068 3766 1135 ἔλεγον

2215 1152 2391 1208 ταῦτα
2413 1168 2427 1184 ⁶
2459 1155 2488 1207 ὁ
2517 1153 2575 1207 δὲ
2608 1153 2964 1222 Μωάμεθ,ὃς
2993 1155 3259 1223 ὀνομάζει
3292 1156 3493 1210 ἑαυτὸν
3523 1156 3766 1228 sponsam

2217 1243 2313 1298 καὶ
2385 1245 2618 1316 πλησίον
2679 1244 2776 1299 τοῦ
2826 1245 2963 1299 Θεοῦ
3023 1247 3466 1318 εὑρισκόμενον,
3519 1249 3766 1317 λέγεικαὶ

2218 1337 2506 1408 νομοθετεῖ
2563 1337 2794 1392 τοιαῦτα
2854 1339 3192 1411 ἀτοπήματα
3251 1341 3482 1412 αἰσχρὰ,
3547 1344 3635 1396 καὶ
3683 1345 3761 1396 οὐκ

2217 1430 2334 1501 ἔχει
2375 1431 2687 1502 ἐνθύμησιν
2743 1433 2881 1496 ὅλως
2931 1433 3016 1486 ὅτι
3063 1433 3246 1487 ταῦτα
3303 1437 3484 1489 πάντα
3512 1436 3670 1505 όργῆς
3695 1442 3764 1489 καὶ

2217 1524 2573 1595 ἀποστροφῆς
2612 1524 2752 1595 ἔργα
2802 1525 3024 1593 καὶτῆς
3054 1526 3343 1596 ἁμαρτίας
3384 1527 3763 1597 ἀποτελέσματά

2216 1619 2350 1671 είσι.
2399 1617 2514 1688 Πρδ
2551 1619 2661 1686 γὰρ
2703 1617 2806 1688 τῆς
2855 1618 3230 1689 παραϐάσεως
3279 1622 3376 1673 καὶ
3409 1621 3762 1690 ἁμαρτίαςτοῦ

2230 1710 2403 1779 Ἀδάμ
2465 1710 2570 1764 ποῦ
2619 1711 2847 1782 λουτρὰ,
2905 1711 3010 1766 ποῦ
3067 1712 3207 1776 ὅλως
3271 1715 3572 1784 οίκήματα,
3607 1713 3696 1767 ποῦ
3721 1719 3762 1767 αἱ

2219 1802 2414 1858 πολλαὶ
2447 1805 2743 1872 γυναῖκες;
2767 1805 2932 1863 Ἀλλὰ
2966 1805 3106 1875 μετά
3131 1804 3235 1876 τὴν
3275 1806 3556 1876 ἁμαρτίαν
3583 1806 3761 1876 καὶτὴν

2213 1886 2472 1966 ’κατάραν
2501 1897 2780 1968 ἐπανέστη
2806 1897 2866 1950 τὸ
2897 1897 3059 1968 σῶμα
3086 1899 3285 1969 ὥσπερ
3320 1899 3511 1969 θηρίον
3537 1898 3666 1953 κατὰ
3687 1900 3762 1967 τῆς

2221 1987 2401 2057 ψυχῆς
2461 1989 2561 2058 τῆς
2619 1989 2693 2058 μὴ
2744 1989 2980 2059 ἐχούσης
3031 1989 3353 2053 καθολικῶς
3403 1991 3504 2059 τὴν
3546 1990 3632 2044 τοῦ
3656 1991 3760 2044 Θεοῦ

2223 2081 2540 2152 ἐπίσκεψιν.
2577 2083 2798 2152 Ἰσχυσε
2841 2082 2902 2135 τὸ
2962 2082 3147 2152 σῶμα,
3183 2084 3287 2137 καὶ
3349 2083 3648 2137 κατέσπασε
3686 2085 3759 2151 τὴν

2222 2173 2406 2243 ψυχὴν
2442 2173 2552 2228 ἀπὸ
2575 2175 2669 2227 τοῦ
2706 2174 2878 2244 ὕψους
2907 2175 3006 2228 καὶ
3037 2174 3135 2230 τοῦ
3172 2177 3481 2248 μεγαλείου
3512 2177 3666 2246 αὐτῆς
3689 2179 3758 2229 καὶ

2224 2266 2543 2333 κατήγαγεν
2574 2265 2658 2328 είς
2683 2264 2784 2327 τὰς
2817 2265 3170 2336 παραλόγους
3218 2267 3321 2320 καὶ
3352 2267 3586 2336 ματαίας
3615 2283 3758 2335 ccupa-

2225 2357 2384 2419 τικὰς
2430 2355 2728 2424 ἐπιθυμίας
2755 2359 2851 2412 κα)⁸
2881 2359 3076 2427 ἡδονάς
3101 2375 3117 2392 ο
3151 2360 3249 2412 καὶ
3298 2359 3490 2428 ὥσπερ
3535 2359 3757 2428 ἀνδράπιο

2225 2445 2336 2511 δον,
2360 2443 2534 2509 οὕτως
2570 2445 2956 2516 κατεδουλώθη
2994 2448 3026 2516 ἡ
3061 2447 3214 2519 ψυχὴ
3243 2450 3328 2510 είς
3358 2449 3458 2509 τὰς
3490 2445 3757 2517 summa;

2225 2535 2476 2605 ὀρέξεις·
2521 2538 2571 2589 εί
2606 2536 2737 2605 γοῦν
2771 2537 2915 2608 μετὰ
2967 2536 3133 2612 3ἤς9
3180 2537 3285 2609 τὴν
3331 2540 3396 2591 ἐκ
3441 2539 3638 2609 νεκρῶν
3664 2539 3750 2590 ἀνά·

2227 2645 2418 2682 στασιν
2463 2628 2616 2682 οὐδὲν
2661 2629 2954 2699 μέλλουσιν
3010 2631 3201 2699 ε’ὑρεῖν
3250 2633 3300 2683 οί
3357 2631 3501 2685 κατὰ
3538 2630 3755 2698 ἀποδοχὴν

2225 2719 2320 2774 τοῦ
2366 2719 2501 2774 Θεοῦ
2551 2722 3011 2790 πολιτευσάμενοι
3056 2722 3344 2793 ἄνθρωποι
3398 2724 3499 2793 τὴν
3535 2721 3756 2789 μακαρίαν

2227 2813 2449 2881 ἐκείνην
2481 2811 2629 2880 ζωὴν
2675 2813 2743 2883 ἢν
2767 2816 2795 2865 ὁ
2821 2815 3130 2884 προπάτωρ
3159 2814 3314 2888 εἶχεν
3345 2816 3517 2885 Ἀδάμ
3556 2818 3649 2883 προ
3686 2813 3755 2873 τῆς

2241 2904 2619 2972 παραϐάσεως
2668 2906 2762 2957 καὶ
2787 2907 3096 2973 ἀπώλεσεν,
3131 2908 3274 2960 ἀλλά
3312 2909 3476 2960 πάλιν
3507 2905 3597 2975 τὴν
3627 2905 3755 2970 αὐτὴν

2229 2996 2378 3067 ζωὴν
2430 2997 2690 3068 μέλλουσι
2748 2999 2932 3068 εὑρεῖν
2986 2999 3052 3069 ἣν
3083 2993 3198 3070 εἶχε
3241 3000 3385 3070 μετά
3413 3000 3508 3070 τὴν
3538 2995 3753 3062 κατάραν,

2228 3091 2350 3142 οὐαὶ
2377 3093 2491 3153 τοῖς
2527 3091 2843 3160 ἀνθρώποις
2889 3093 3144 3155 ἐκείνοις.
3179 3095 3292 3146 Καὶ
3344 3093 3406 3145 τὸ
3442 3093 3503 3162 δὴ
3535 3091 3755 3161 χείριστον

536 3187 976 3260 ἀποδημήσωσιν
1041 3188 1097 3242 αί
1155 3186 1328 3256 ψυχαὶ
1354 3187 1463 3240 ἀπὸ
1516 3184 1626 3240 τῶν
1683 3185 1983 3255 σωμάτων,
2047 3186 2126 3246 εἰς
2156 3195 2201 3256 ς
2231 3183 2312 3240 ὅτι
2341 3184 2461 3238 οὐδὲ
2494 3187 2660 3257 μέχρι
2690 3183 2790 3257 τῆς
2821 3186 3178 3258 ταλαιπώρου
3228 3187 3453 3275 ἐκείνης
3487 3186 3574 3238 καὶ
3597 3181 3756 3249 ἐπαρά-

537 3367 686 3421 enim
728 3366 830 3421 ista
864 3366 1205 3421 immanitate
1229 3375 1282 3421 et
1333 3366 1541 3422 saavitia
1581 3366 1810 3436 cogitari
1845 3366 2128 3421 crudelius

540 3469 743 3529 potest,
773 3475 937 3529 quam
967 3459 1268 3521 trucidare,
1297 3460 1390 3529 qui
1423 3460 1559 3514 nihil
1610 3460 1950 3530 peccaram!
1979 3458 2132 3526 Quo-

509 3552 869 3622 tiescunque
917 3552 1062 3606 enim
1089 3554 1155 3606 ad
1193 3567 1430 3622 pugnam
1450 3554 1757 3622 procedunt
1794 3551 2132 3607 Musnlmani

535 3652 591 3697 et
623 3657 815 3697 eorum
851 3642 974 3712 quis
1039 3643 1232 3711 proelio
1277 3643 1572 3708 occiditur,
1606 3660 1716 3699 non
1752 3660 1811 3701 se
1861 3647 2132 3700 crimina-

541 3732 690 3787 tione
721 3732 916 3801 dignos
947 3741 1162 3802 putant,
1192 3745 1253 3788 ut
1285 3743 1538 3790 auctores
1565 3735 1718 3802 belli,
1749 3737 1845 3793 sed
1878 3738 1933 3793 in
1959 3739 2138 3795 occisi

537 3825 810 3881 cadavere
839 3825 993 3881 vivos
1051 3825 1352 3890 trucidant,
1388 3834 1522 3895 quot
1546 3827 1783 3898 quisque
1832 3837 2036 3900 potest,
2067 3846 2132 3886 ac

541 3928 750 3989 quanto
781 3918 906 3987 quis
931 3917 1118 3987 plures
1149 3928 1329 3984 necat,
1368 3927 1520 3973 tanto
1546 3920 1808 3990 majorem
1837 3922 2128 3980 utilitatem

544 4009 668 4064 fore
695 4015 889 4078 putant
925 4007 993 4061 ad
1024 4007 1260 4061 animam
1292 4007 1483 4064 occisi.
1514 4007 1569 4063 Si
1618 4026 1724 4064 non
1753 4014 1996 4081 possidet
2038 4015 2135 4071 ho-

543 4099 747 4178 mines,
778 4098 870 4168 qui
907 4097 1108 4152 mortui
1156 4098 1354 4152 animae
1398 4099 1658 4169 opitulari
1703 4102 1907 4169 studet,
1973 4105 2135 4160 Chri-

546 4193 787 4256 stianos,
821 4193 865 4246 si
914 4207 1052 4260 quos
1089 4191 1314 4260 reperit,
1350 4193 1573 4260 coemit,
1595 4209 1803 4264 eosque
1829 4205 1928 4251 aut
1965 4213 2132 4266 supra

543 4285 780 4339 cadaver
808 4283 1004 4344 occisi,
1054 4293 1150 4337 aut
1189 4283 1245 4336 in
1290 4283 1542 4352 sepulcro
1588 4285 1835 4356 ejusdem
1893 4289 2130 4359 iugulat.

543 4375 702 4428 Talia
737 4374 828 4443 qui
862 4374 1111 4443 pracipit
1143 4376 1422 4444 quomodo
1444 4391 1472 4429 a
1509 4377 1617 4430 Deo
1651 4379 1856 4436 missus
1889 4382 2001 4436 sit?
2031 4384 2135 4437 Do-

543 4473 631 4518 cet
667 4463 830 4528 idcm,
859 4463 952 4532 qui
979 4463 1102 4518 data
1129 4464 1357 4532 pecunia
1385 4480 1510 4519 cum
1545 4468 1833 4524 meretrice
1871 4486 2136 4526 concum-

2231 3360 2288 3414 in
2323 3362 2607 3416 beatorum
2655 3364 2850 3419 insulis
2883 3379 3008 3418 cum
3069 3364 3386 3433 iisdemque
3429 3365 3622 3419 lauari:
3657 3374 3755 3414 con-

2235 3460 2318 3506 tra
2355 3457 2447 3523 qui
2486 3458 2626 3511 male
2654 3456 2742 3510 hic
2767 3455 3080 3512 vixeriutct
3105 3457 3310 3528 impuri
3336 3468 3498 3528 atque
3539 3448 3756 3522 inquinati

2236 3547 2598 3612 excesserint,
2656 3547 2850 3602 horum
2896 3549 3112 3604 animas
3157 3551 3215 3605 in
3271 3552 3388 3606 loca
3435 3549 3690 3604 tenebrosa
3720 3553 3759 3596 et

2236 3639 2472 3694 obscura
2527 3651 2581 3695 et
2631 3642 3167 3716 Pyriphlegctontem
3204 3645 3433 3702 ﬂuvium
3468 3647 3622 3701 abire.
3665 3639 3754 3695 llaec

2235 3733 2407 3802 igitur
2441 3734 2614 3790 Graeci
2643 3736 2943 3792 idololatrze
2967 3738 3248 3799 dixerunt.
3287 3741 3608 3797 Mohametea
3641 3746 3753 3792 vero.

2239 3825 2333 3897 qui
2367 3843 2428 3882 se
2461 3827 2833 3882 orthodoxum
2858 3845 2979 3885 esse
3005 3841 3061 3884 et
3086 3845 3278 3887 coram
3315 3832 3424 3887 Deo
3449 3830 3646 3886 stetisse
3665 3824 3750 3893 jac-

2239 3931 2336 3986 tat,
2370 3921 2564 3991 probat
2607 3921 2877 3992 docetque
2920 3923 3096 3978 fmdas
3126 3922 3263 3980 istas
3310 3908 3500 3992 nugas,
3547 3933 3634 3974 nec
3673 3913 3750 3968 ullo

2239 4012 2399 4066 modo
2423 4012 2608 4078 sentit,
2637 4028 2801 4082 quam
2832 4028 3023 4069 omnes
3055 4013 3140 4068 hae
3186 4029 3277 4070 res
3318 4013 3600 4068 libidinosae
3625 4002 3750 4059 etde-

2237 4103 2504 4157 tcstandm
2531 4105 2640 4159 sint
2671 4112 2726 4157 et
2753 4113 3040 4174 peccatum
3072 4117 3402 4160 consecutae.
3447 4105 3577 4156 Ante
3607 4090 3747 4152 Αὐειωί

2237 4197 2384 4250 enim
2410 4207 2692 4265 peceatum
2718 4207 2768 4250 et
2793 4182 3050 4252 delictum
3075 4198 3296 4253 ubinam
3324 4197 3538 4258 balnea),
3579 4189 3746 4244 ubinam

2239 4289 2466 4345 omnino
2487 4292 2652 4356 ades,
2678 4289 2901 4344 ubinam
2928 4291 3112 4345 multat
3136 4291 3392 4346 feminae?
3431 4287 3519 4343 sed
3538 4291 3640 4354 post
3663 4290 3750 4347 νεε-

2239 4393 2422 4438 catum
2439 4392 2493 4436 et
2509 4387 2940 4438 exsecrationem
2959 4398 3158 4453 corpus
3177 4394 3429 4454 tanquam
3453 4377 3604 4436 bestia
3639 4382 3752 4424 men-

2240 4477 2303 4538 ti,
2338 4476 2580 4543 perfecta
2612 4477 2840 4530 notione
2879 4474 2976 4530 Dei
3004 4492 3114 4531 non
3164 4487 3496 4536 sustentatae,
3539 4462 3749 4522 inhiabat.

543 4557 659 4618 bal,
696 4571 820 4610 eum
868 4572 976 4610 non
1010 4571 1269 4623 peccare;
1317 4557 1411 4626 qui
1450 4574 1544 4628 per
1573 4559 1680 4612 vim
1716 4561 1981 4631 virginem
2015 4574 2132 4618 stu-
2164 4561 2208 4616 D
2239 4565 2534 4634 superabat
2586 4581 2730 4631 eain,
2783 4576 2949 4637 atque
3001 4569 3268 4633 animam,
3321 4583 3384 4622 ex
3429 4560 3680 4623 ειυὶιιιάίιιθ
3711 4557 3748 4599 θί

543 4656 687 4717 pret,
740 4662 863 4700 cum
919 4662 1168 4716 peccare,
1220 4647 1316 4716 qui
1353 4657 1536 4702 autem
1589 4665 1710 4703 cum
1754 4656 2131 4712 consentiente

543 4745 894 4802 concumbat,
924 4753 1031 4792 non
1063 4753 1334 4808 peccare;
1397 4755 1535 4808 quas
1563 4740 1690 4809 quis
1729 4742 1869 4799 bello
1901 4749 2128 4814 ceperit,

545 4826 613 4882 iis
642 4827 691 4880 ei
725 4827 804 4880 uti
843 4827 1030 4891 licere,
1093 4828 1558 4896 quemadmodum
1594 4830 1744 4884 velit.
1803 4833 1967 4903 Atqui
2011 4845 2130 4888 stu-

546 4932 645 4984 pra
679 4925 733 4970 et
763 4917 1040 4986 virginum
1078 4916 1396 4972 vitiationes
1433 4917 1526 4987 qui
1557 4919 1772 4987 probat,
1803 4927 2078 4992 quomodo
2099 4941 2130 4979 a

547 5007 660 5062 Deo
696 5009 898 5063 missus
936 5007 1049 5062 sit?

619 5099 1018 5156 Gravissimum
1046 5111 1228 5154 autem
1253 5109 1358 5164 cst,
1385 5101 1531 5170 quod
1564 5103 1658 5171 qui
1699 5105 1765 5159 ad
1797 5107 2128 5164 voluntatem

551 5189 645 5246 Dei
676 5192 728 5245 in
761 5193 864 5246 hac
896 5193 1004 5245 vita
1044 5208 1104 5246 se
1147 5193 1583 5261 composuerint,
1625 5197 1696 5250 iis
1733 5198 1963 5268 singulis
2013 5213 2132 5270 post

551 5294 782 5339 mortem
815 5284 1037 5339 balneas
1070 5293 1125 5339 et
1159 5285 1302 5339 anles
1339 5287 1739 5354 pulcherrimas
1783 5293 2132 5362 virginesque

549 5377 816 5445 plurimas
848 5393 878 5432 a
913 5377 1020 5432 Deo
1048 5377 1236 5433 datum
1267 5379 1334 5434 iri
1371 5382 1676 5450 pollicetur.
1707 5384 1772 5439 Et
1803 5390 1948 5457 quod
1983 5388 2133 5444 Grae-

549 5485 738 5524 corum
810 5470 1227 5526 idololatrarum
1283 5473 1519 5547 theologi
1577 5495 1683 5532 non
1725 5478 1989 5536 dixerunt
2036 5498 2134 5538 nec

550 5563 926 5628 crediderunt,
955 5565 1003 5619 id
1037 5565 1376 5624 Mobametes
1406 5572 1644 5626 revelata
1699 5574 1879 5628 fronte
1912 5578 2126 5631 statuit.

552 5649 633 5706 llli
665 5655 808 5707 enim
855 5654 928 5708 ita
963 5656 1135 5723 aiunt,
1172 5663 1265 5731 qui
1319 5664 1543 5733 pulchre
1587 5666 1678 5720 hic
1719 5667 1978 5734 vixerint,
2039 5685 2134 5724 eos

555 5754 674 5809 post
700 5755 951 5813 mortem,
1012 5765 1133 5805 cum
1161 5755 1326 5808 animi
1359 5772 1387 5810 e
1428 5772 1724 5826 corporum
1756 5761 1988 5814 vinCulis
2036 5777 2139 5831 pu-

553 5835 599 5886 ri
624 5841 978 5910 excesserint,
1014 5844 1080 5898 ad
1113 5847 1242 5904 deos
1269 5846 1506 5920 migrare
1541 5859 1594 5904 ct
1630 5867 1755 5904 cum
1788 5851 1892 5907 diis
1923 5856 2130 5908 versari

2238 4657 2647 4724 magniﬁcentia
2679 4658 2972 4725 dejeetam,
3003 4659 3058 4713 in
3089 4675 3256 4715 vanas
3285 4669 3339 4714 et
3376 4659 3584 4712 insanas
3611 4639 3747 4700 hhiJi-

2235 4763 2332 4802 nes
2383 4749 2800 4820 \‘olttplateSque
2855 4754 3103 4821 corporis
3148 4753 3404 4807 adduxit:
3450 4765 3509 4802 ac
3551 4729 3747 4798 Inatn‘il”i

2237 4838 2413 4894 instar
2470 4841 2654 4894 anima
2694 4842 3091 4911 cupiditatibus
3133 4845 3380 4915 corporis
3418 4835 3649 4894 obstricta
3672 4831 3746 4876 cst.

2237 4930 2465 4998 Quodsi,
2503 4933 2596 4996 qui
2630 4933 2697 4986 ad
2741 4936 3077 4990 voluntatem
3110 4939 3203 4992 Dei
3241 4940 3488 4990 vixerunt
3531 4921 3744 4979 homines.

2239 5030 2362 5088 post
2395 5024 2852 5078 resurrectionem
2884 5037 3226 5081 mortuorum
3255 5043 3362 5080 non
3387 5012 3631 5076 intentnri
3665 5004 3747 5058 silll

2240 5113 2456 5167 beatam
2491 5115 2641 5168 illam
2675 5119 2861 5184 vitam,
2889 5136 3049 5187 quam
3081 5121 3323 5174 Adamns
3348 5127 3492 5188 pater
3522 5115 3630 5162 ante
3646 5108 3742 5167 μεθ’

2236 5216 2418 5259 catqu
2455 5209 2564 5275 egit
2593 5217 2758 5276 atque
2783 5212 2986 5274 amisit,
3023 5212 3120 5266 sed
3141 5211 3378 5265 eamdem
3409 5212 3578 5258 rursus
3597 5190 3742 5281 vitant.

2236 5312 2400 5365 quam
2445 5298 2533 5351 ille
2571 5310 2694 5365 post
2737 5304 3170 5356 exsecutionem
3213 5299 3473 5358 toleravit,
3504 5306 3574 5345 va:
3605 5286 3742 5338 Ιιο¹¹¹¹’

2238 5387 2399 5440 nibus
2432 5387 2574 5442 illis!
2629 5389 2745 5443 lmo
2799 5407 2949 5458 vero,
2999 5394 3144 5462 quod
3180 5391 3528 5449 miseriinium
3561 5387 3646 5434 cal.
3693 5379 3740 5466 "f5

2237 5481 2512 5550 “CQUlCVil
2532 5483 2752 5552 quidem
2783 5486 2834 5539 in
2874 5503 3183 5543 aerumnosa
3214 5490 3312 5543 hac
3341 5495 3391 5539 et
3420 5476 3660 5535 exsecrata
3683 5474 3740 5556 νιν

2239 5584 2291 5627 ta
2332 5574 2659 5632 Mohamctis
2694 5579 2930 5646 insania,
2960 5591 3016 5635 ut
3044 5583 3185 5637 hanc
3216 5581 3416 5637 scilicet
3455 5571 3577 5622 Deus
3611 5560 3733 5627 Ιυ⁸¹¹⁸

2219 5668 2497 5733 daturum
2527 5685 2587 5724 se
2609 5687 2730 5725 esse
2759 5675 3094 5741 promiserit,
3134 5677 3226 5730 sed
3259 5667 3451 5727 invenit
3479 5659 3621 5713 vitam
3651 5657 3734 5742 ina-

2238 5761 2304 5815 lis
2326 5761 2483 5830 longe
2514 5763 2866 5833 insigniorem
2895 5779 2947 5822 et
2971 5785 3101 5824 vero
3128 5780 3356 5838 turpem.
3398 5756 3603 5813 Adamns
3625 5744 3732 5829 etut"

2239 5866 2360 5924 post
2400 5857 2656 5911 delictum
2696 5871 2744 5914 ct
2779 5865 3218 5918 cxsscrationcm
3246 5871 3295 5915 ει
3323 5874 3349 5911 c
3384 5843 3604 5921 paradiso
3627 5838 3732 5884 0X55-
