3986 6454
265 414 372 482 933

1271 402 1715 470 CHRONICON
1756 402 1902 464 MAI
1914 401 2034 464 US.
2063 426 2132 442 -
2171 401 2317 460 LIB.
2353 401 2445 464 IV.

3418 409 3528 473 93$

262 480 355 585 του
380 525 529 598 ζωῆς
555 525 685 595 εστη
726 524 763 595 ἡ
805 523 899 579 τοῦ
927 519 1176 589 Μωάμεθ
1214 519 1551 591 παραλογία,
1579 520 1648 591 ἣν
1676 517 1838 588 δῆθεν
1864 519 1916 578 Α
1940 516 2036 571 καὶ
2086 516 2260 587 μόνην
2319 521 2561 586 γυναῖκα
2597 517 2740 589 ἔχων
2790 521 3047 589 ἕκαστος,
3082 521 3370 593 ἐσώθησαν
3414 526 3527 578 ἀπὸ
3593 514 3601 522 ’

265 618 669 689 ἐπαγγέλλεται
719 616 748 669 6
803 615 937 676 Θεὸς
968 614 1164 668 δώσειν
1213 616 1331 677 τοῖς
1381 613 1640 675 δικαίοις,
1701 612 1841 665 ἀλλὰ

267 709 447 778 πολλῷ
480 709 563 779 τῷ
591 709 796 779 χείρονι
826 708 1192 776 διαφέρουσαν
1222 707 1317 759 καὶ
1345 707 1601 776 αίσχράν.
1647 703 1705 758 ’0
1732 705 1841 773 Ῠὰρ

275 803 450 869 Ἀδάμ
499 801 637 871 μετὰ
678 801 780 871 τὴν
828 797 1144 867 παράϐασιν
1174 801 1271 851 καὶ
1317 797 1416 866 τὴν
1449 797 1703 867 κατάραν
1744 797 1842 850 καὶ

261 894 363 963 τὴν
407 893 627 962 ὲξορίαν
680 895 779 966 τὴν
834 896 944 949 ἀπὸ
1005 897 1100 950 τοῦ
1157 897 1495 966 παραδείσου
1550 895 1694 964 ἔγνω
1736 894 1840 965 τὴν

262 984 411 1040 Εὕαν
441 1003 455 1016 ·
493 986 634 1039 ἀλλὰ
679 989 774 1042 καὶ
819 989 977 1043 τοῦτο
1023 990 1112 1043 διὰ
1163 991 1263 1058 τὴν
1317 988 1693 1057 τεκνογονὶαν,
1744 988 1841 1041 καὶ

260 1077 651 1147 ὲτεκνοποίησε
676 1097 690 1111 ο
725 1081 833 1149 πρὸ
875 1081 931 1133 δὲ
976 1082 1075 1145 τῆς
1118 1081 1491 1149 παραϐάσεως
1530 1078 1841 1147 ἀγγελικῶς

259 1166 421 1230 ἔζων.
457 1168 648 1239 Ὅμως
704 1170 801 1223 καὶ
849 1175 876 1224 6
918 1172 1090 1241 Ἀδὰμ
1136 1175 1296 1242 εἴπερ
1349 1172 1493 1241 ἔγνω
1526 1172 1627 1243 τὴν
1672 1171 1839 1238 Εὕαν,

213 1278 233 1298 ε
260 1258 402 1312 ἀλλὰ
433 1260 531 1312 καὶ
580 1257 738 1325 αὖθις
786 1263 885 1331 μία
915 1264 1007 1317 καὶ
1044 1264 1180 1333 μόνη
1221 1264 1511 1336 εὑρίσκετο
1562 1264 1702 1334 γυνὴ
1746 1263 1843 1317 καὶ

264 1348 325 1401 06
371 1348 592 1404 πολλαί.
627 1348 765 1404 Οὔτε
813 1352 923 1422 γὰρ
950 1352 1006 1406 ἓν
1038 1353 1205 1425 ἄρσεν
1231 1354 1490 1423 εποίησεν
1526 1355 1554 1405 6
1581 1354 1713 1415 Θεδς
1747 1354 1843 1406 καὶ

259 1440 435 1494 πολλὰ
467 1440 655 1512 θήλεα,
688 1442 811 1496 οὔτε
841 1446 1012 1499 πολλὰ
1042 1447 1251 1518 άρῤενα
1296 1449 1389 1500 καὶ
1422 1447 1480 1500 ἓν
1528 1446 1685 1515 θῆλυ,
1720 1446 1842 1500 ἀλλ’

260 1532 319 1587 ἓν
371 1536 539 1610 ἄρσεν
574 1535 663 1588 τὸν
705 1537 879 1606 Ἀδὰμ
919 1536 1010 1591 καί
1041 1538 1099 1590 ἓν
1151 1538 1286 1608 θῆλυ
1341 1538 1443 1608 τὴν
1480 1537 1625 1591 Εὕαν
1652 1556 1669 1573 ·
1702 1539 1841 1609 πλη-

261 1627 560 1689 θυνθέντος
585 1627 641 1679 δὲ
673 1628 766 1680 τοῦ
799 1630 990 1695 γένους
1024 1631 1130 1683 τῶν
1164 1630 1471 1700 ἀνθρώπων
1512 1633 1607 1683 καὶ
1643 1633 1841 1685 πεσόν⁴

257 1736 353 1781 τος
383 1722 464 1781 εἰς
491 1720 742 1788 ἀσελγεῖς
772 1724 864 1775 καὶ
898 1723 1198 1790 ἀθεμίτους
1246 1724 1476 1794 πράξεις
1504 1724 1783 1796 ἐϐαρύνθη
1811 1727 1839 1779 6

254 1810 394 1870 Θεὸς
451 1811 546 1863 καὶ
598 1811 849 1883 ὠργίσθη
909 1812 1033 1868 κατ’
1091 1814 1295 1879 αὐτῶν,
1346 1818 1422 1878 ὡς
1482 1817 1510 1868 6
1567 1817 1840 1887 μακάριος
1873 1851 1915 1906 Β

256 1903 505 1971 Μωῦσῆς
550 1905 781 1973 γράφων
821 1906 1146 1987 εὑρίσκεται⁵
1169 1908 1226 1959 ὲν
1272 1906 1348 1977 τῷ
1382 1907 1577 1979 βιϐλίῳ
1610 1909 1708 1977 τῆς
1745 1909 1843 1962 Γε-

259 1997 467 2059 νέσεως
519 1996 602 2049 ὃτι
648 1992 802 2049 εἶπεν
849 2000 877 2051 6
925 1998 1096 2061 Θεός·
1136 2018 1155 2051 ι
1192 2000 1267 2054 Οὐ
1303 2000 1379 2069 μὴ
1422 2002 1734 2073 καταμείνῃ
1780 2001 1841 2055 :6

262 2084 493 2154 Πνεῦμά
541 2103 641 2155 μου
690 2086 778 2139 ἐπ’
823 2087 1019 2150 αὐτοὺς
1053 2088 1143 2141 διὰ
1180 2089 1240 2140 :6
1282 2085 1422 2142 εἶναι
1475 2091 1673 2154 αὐτοὺς
1702 2090 1839 2162 σάρ-

259 2191 388 2239 κας,
436 2193 456 2226 ι
495 2175 570 2238 ὡς
619 2176 782 2244 δῆθεν
841 2178 980 2239 ὅλως
1042 2181 1341 2249 σαρκικοὺς
1394 2183 1693 2249 γεγονότας
1719 2182 1841 2249 ,καὶ

254 2266 542 2329 παντελῶς
566 2269 811 2337 γηῒνους,
840 2272 941 2323 οὒκ
973 2269 1202 2340 ἔχοντας
1243 2273 1469 2343 μνήμην
1501 2274 1594 2325 τοῦ
1624 2274 1837 2341 ἀγαθοῦ

257 2360 354 2411 καὶ
380 2360 461 2421 εἰς
499 2359 791 2427 ἀσελγείας
834 2361 999 2432 350
1048 2363 1417 2432 ἐμπεσόντας.
1449 2366 1585 2419 Τότε
1631 2365 1781 2436 λέγει
1810 2369 1839 2421 6

258 2450 393 2512 Θεὸς
420 2450 498 2522 τῷ
527 2451 674 2520 Νῶε,
714 2470 733 2504 ι
776 2453 899 2507 Ὅτι
947 2472 1007 2508 σε
1058 2455 1272 2527 εὕρηκα
1305 2456 1514 2512 δίκαιον
1570 2460 1629 2513 ἐν
1661 2461 1839 2532 ταύτῃ

257 2546 325 2612 τῇ
352 2546 542 2616 γενεᾷ,
570 2546 800 2617 ποίησον
832 2547 1066 2601 κιϐωτὸν
1109 2550 1258 2619 μετὰ
1300 2550 1474 2614 ξύλων
1504 2537 1714 2606 τοιάνδε
1742 2553 1838 2605 καὶ

258 2639 497 2692 τοιάνδε.
537 2658 555 2690 ι
591 2640 700 2692 Καὶ
753 2642 979 2711 ἐποίησε
1018 2642 1140 2695 Νῶε
1190 2642 1290 2713 τὴν
1326 2644 1561 2697 κιϐωτὸν
1601 2646 1745 2698 κατὰ
1777 2645 1838 2698 :6

254 2728 420 2797 ῥῆμα
454 2728 681 2797 Κυρίου.
717 2731 827 2785 Καὶ
876 2733 1096 2800 εἰσῆλθε
1146 2732 1270 2787 Νῶε
1316 2737 1398 2799 είς
1438 2735 1539 2805 τὴν
1579 2736 1834 2801 κιϐωτὸν,

249 2820 345 2871 καὶ
409 2820 458 2872 οί
514 2822 666 2889 τρεῖς
716 2822 825 2874 υίοὶ
879 2822 1070 2889 αὑτοῦ,
1119 2824 1241 2893 Σήμ
1294 2826 1423 2892 Χὰμ
1483 2826 1691 2895 Ἰάφεθ.
1725 2828 1837 2881 Καὶ

250 2909 573 2982 είσῆλθενή
610 2911 748 2984 γυνὴ
776 2912 872 2965 τοῦ
919 2913 1044 2967 Νῶε
1097 2917 1179 2978 είς
1212 2917 1312 2986 τὴν
1342 2918 1599 2982 κιϐωτὸν,
1640 2922 1736 2974 καὶ
1780 2922 1836 2975 αί

253 3003 413 3069 τρεῖς
444 3007 703 3071 γυναῖκες
755 3004 865 3058 τῶν
911 3006 1045 3060 υἱῶν
1097 3006 1244 3061 Νῶε.
1292 3006 1458 3078 Ὀρᾷς
1508 3009 1628 3073 πῶς
1655 3014 1683 3065 6
1712 3012 1836 3064 Νῶε

260 3091 363 3160 μὲν
393 3095 752 3167 ἐμαρτυρήθη
793 3096 947 3167 παρὰ
973 3097 1066 3151 τοῦ
1096 3097 1236 3152 Θεοῦ
1265 3098 1481 3164 δίκαιος
1503 3102 1531 3153 6
1569 3102 1710 3173 ἔχων
1735 3104 1834 3173 τὴν

1946 608 2045 677 τῆς
2092 610 2266 679 ὀργῆς
2316 610 2412 664 τοῦ
2468 611 2646 663 Θεοῦ·
2713 612 2863 667 άπαν
2907 616 2965 669 δὲ
3010 614 3073 668 :6
3101 615 3260 683 γένος
3286 617 3396 670 τῶν
3428 618 3527 670 άν-

1910 691 2180 770 -Ορῶτιῖον
2229 702 2504 755 ἀπέθανεν
2545 700 2649 756 ὑπὸ
2682 703 2776 757 τοῦ
2807 708 3201 777 κατακλυσμοῦ
3249 709 3356 761 τῶν
3392 708 3525 760 ὑδά-

1943 812 2071 848 των.
2110 796 2335 858 Πάντως
2373 799 2466 851 καὶ
2496 798 2588 852 τὸν
2617 799 2796 869 πάντη
2832 800 3065 871 ἀνόητον
3091 802 3251 855 τοῦτο
3282 802 3525 857 διδάσκει

1944 887 2027 941 ὅτι
2060 889 2196 954 μίαν
2226 888 2321 941 καὶ
2362 889 2533 958 μόνην
2563 892 2805 958 γυναῖκά
2836 894 2986 944 ἐστιν
3034 894 3143 945 ἀπὸ
3173 894 3266 946 τοῦ
3310 893 3523 947 δικαίου

1943 980 2091 1051 ἔχειν
2138 982 2232 1033 τὸν
2267 983 2559 1053 ἄνθρωπον
2590 985 2684 1037 καὶ
2730 985 2826 1037 ἕνα
2879 986 3042 1055 μόνον
3074 986 3246 1057 ἄνδρα
3277 987 3377 1056 τὴν
3425 1004 3525 1057 γυ-

1945 1077 2130 1127 ναῖκα.
2171 1076 2334 1130 Ἀλλὰ
2366 1077 2649 1130 καὶτοῦτο
2682 1079 2825 1147 μετὰ
2854 1078 2953 1148 τὴν
2993 1079 3242 1146 κατάραν
3277 1079 3522 1145 ἐγένετο,

1942 1166 2034 1219 διὰ
2076 1167 2176 1238 τὴν
2230 1172 2603 1236 τεκνογονίαν,
2637 1170 2712 1233 ὡς
2763 1171 3003 1240 εἴρηται.
3054 1170 3113 1222 ’0
3169 1169 3227 1222 δὲ
3274 1170 3522 1239 Μωάμεθ

1943 1261 2184 1315 διδάσκει
2237 1263 2545 1331 ἀναφανδὸν
2599 1265 2679 1318 ὅτι
2726 1265 2758 1334 ἡ
2809 1266 2960 1336 παρὰ
2991 1264 3086 1318 τοῦ
3115 1264 3253 1318 Θεοῦ
3290 1265 3404 1325 τοῖς
3442 1263 3525 1317 δι-

1943 1354 2123 1416 καίοις
2156 1354 2517 1419 άνταπόδοσις
2547 1356 2754 1427 λουτρὰ
2787 1358 2881 1410 καὶ
2914 1360 3178 1425 γυναῖκες
3214 1356 3410 1409 πολλαὶ
3439 1357 3522 1410 ἑνὶ

1945 1445 2160 1515 ἑκάστῳ
2190 1445 2286 1498 καὶ
2310 1440 2449 1499 οἶκοι
2489 1450 2858 1516 περικαλλεῖς.
2900 1450 2959 1502 '0
2989 1448 3123 1518 γοῦν
3149 1448 3323 1503 ταῦτα
3356 1467 3521 1518 νομο-

1945 1537 2120 1590 θετῶν
2158 1537 2281 1598 πῶς
2313 1537 2420 1589 άπὸ
2457 1538 2638 1604 Θεοῦ;
2676 1542 2922 1603 Μάταιος
2953 1541 3009 1594 δὲ
3057 1543 3084 1592 6
3122 1541 3294 1593 ταῦτα
3342 1558 3521 1608 παρα-

1944 1629 2239 1699 δεχόμενος
2278 1631 2374 1683 καὶ
2423 1631 2701 1683 πιστεύων
2755 1631 2837 1683 6::
2882 1631 2942 1684 :6
2978 1631 3205 1698 γεγονὸς
3247 1631 3314 1683 δι’
3349 1631 3520 1700 ὀργὴν

1943 1721 2021 1791 τῷ
2050 1721 2436 1791 ἀμαρτήσαντι
2468 1722 2970 1786 πολοπλασιάτεται
3009 1724 3067 1775 ὲν
3102 1722 3179 1791 τῷ
3211 1722 3390 1792 καιρῷ
3421 1723 3521 1790 τῆς

1948 1813 2375 1882 μισθαποδοσίας
2428 1814 2523 1867 τοῦ
2577 1812 2748 1867 καλοῦ
2804 1815 2901 1867 καὶ
2943 1812 3153 1881 ἀγαθοῦ
3185 1814 3303 1877 τοῖς
3341 1813 3522 1881 ἁγίοις

1944 1901 2041 1953 καὶ
2079 1899 2332 1964 δικαίοις.
2366 1902 2478 1954 Καὶ
2529 1903 2793 1972 πρόσεξον
2847 1902 2912 1956 τὰ
2963 1902 3246 1971 γεγονότα.
3285 1903 3448 1969 Λέγει
3491 1903 3521 1955 6

1942 1994 2187 2063 Μωῦσῆς
2213 2010 2224 2024 ·
2268 2013 2287 2045 ι
2330 1995 2440 2047 Καὶ
2471 1996 2691 2065 είσῆλθε
2727 1996 2851 2048 Νῶε
2906 1997 2988 2060 είς
3026 1995 3126 2065 τὴν
3160 1995 3394 2048 κιϐωτὸν
3422 1994 3517 2046 καὶ

1942 2085 1991 2138 οί
2051 2084 2160 2138 elo:
2220 2084 2386 2138 06:06
2440 2087 2535 2139 καὶ
2591 2087 2624 2154 ἠ
2669 2087 2806 2153 γυνὴ
2837 2082 3004 2138 αὐτοῦ
3045 2085 3137 2139 καὶ
3174 2086 3231 2140 αί
3258 2087 3521 2153 γυναῖκες

1941 2174 2051 2227 τῶν
2090 2174 2222 2228 υἱῶν
2251 2173 2443 2230 06:06.
2493 2195 2511 2227 ι
2747 2176 2857 2229 Καὶ
2881 2178 2962 2238 εἰς
3003 2176 3102 2245 μὲν
3139 2166 3238 2246 τὴν
3270 2176 3517 2228 είσέ).ε-υ-

1945 2283 2032 2320 σιν
2064 2266 2211 2335 λέγει
2236 2283 2251 2299 ο
2290 2287 2308 2320 ι
2350 2270 2581 2341 Είσῇλθε
2611 2270 2734 2322 Νῶε
2773 2270 2867 2323 καὶ
2905 2271 2955 2323 οί
2990 2270 3097 2322 υίοὶ
3143 2270 3308 2322 06:06
3341 2270 3439 2323 καὶ
3479 2273 3513 2341 ή

1941 2358 2079 2429 γυνὴ
2104 2359 2272 2413 06:06
2318 2360 2410 2414 καὶ
2440 2363 2495 2414 αἱ
2531 2364 2790 2430 γυναῖκες
2818 2362 2929 2417 τῶν
2969 2361 3099 2416 υίῶν
3129 2362 3294 2415 αὐτοῦ
3333 2377 3348 2393 ο
3384 2382 3404 2413 ο
3438 2363 3521 2425 είς

1941 2450 1997 2504 δὲ
2043 2452 2145 2520 τὴν
2186 2451 2468 2518 ὲξέλευσιν
2511 2452 2611 2521 οὐχ
2651 2452 2824 2516 οὕτως
2875 2449 2993 2506 ἀλλ’
3019 2469 3034 2484 ο
3080 2471 3098 2504 ι
3138 2451 3365 2521 Ἐξῆλθε
3395 2452 3519 2505 Νῶε

1943 2544 2037 2597 καὶ
2065 2544 2098 2614 ὴ
2128 2544 2267 2615 γυνὴ
2296 2544 2463 2597 αὑτοῦ
2496 2544 2592 2599 καὶ
2620 2547 2669 2598 οί
2703 2546 2810 2598 υἱοὶ
2843 2544 3012 2599 06:06
3046 2546 3138 2598 καὶ
3168 2548 3224 2599 αἱ
3257 2549 3519 2615 γυναῖκες

1940 2636 2049 2687 τῶν
2086 2635 2222 2690 υἱῶν
2255 2635 2426 2690 06:06
2462 2638 2583 2706 μετ’
2614 2636 2804 2703 αὐτοῦ,
2843 2655 2862 2690 ι
2890 2640 3107 2701 πάντως
3138 2639 3289 2692 οὐδὲν
3328 2640 3519 2707 ἕτερον

1939 2724 2236 2795 δηλοῦντος
2279 2725 2373 2780 τοῦ
2429 2726 2592 2792 λόγου
2635 2727 2668 2798 ἢ
2724 2728 2807 2780 6::
2860 2727 2967 2780 κᾶν
3015 2729 3109 2781 καὶ
3167 2728 3296 2797 μίαν
3348 2730 3519 2798 μόνην

1940 2818 2173 2886 γυναῖκά
2224 2819 2377 2871 ἐστιν
2439 2818 2546 2872 ἀπὸ
2602 2819 2816 2874 δικαίου
2867 2821 3018 2891 ἔχειν
3070 2821 3161 2874 τὸν
3207 2822 3518 2893 ἄνθρωπον.

1941 2907 2057 2960 ἀλλ’
2091 2907 2241 2960 ἐστιν
2266 2910 2353 2961 ὅτε
2393 2910 2484 2962 καὶ
2518 2910 2690 2980 αὐτῆς
2725 2910 3029 2980 ἀπέχεσθαι
3070 2912 3285 2982 πρέπον
3327 2914 3476 2967 ἐστίν
3502 2928 3517 2945 ⁸

1939 3000 1999 3052 ἑν
2030 2999 2138 3068 γὰρ
2166 2999 2243 3068 τῷ
2277 3000 2458 3052 είπεῖν
2490 3000 2576 3053 ὃτι
2620 3001 2853 3071 Εἰσῆλθε
2883 3002 3007 3055 Νῶε
3044 3004 3125 3066 είς
3156 3004 3252 3073 τὴν
3283 3005 3520 3058 κιϐωτὸν

1943 3093 2036 3145 καὶ
2067 3094 2116 3144 οἰ
2154 3092 2265 3144 υἱοὶ
2299 3092 2487 3157 αὑτοῦ,
2521 3093 2724 3159 ἔδειξεν
2753 3095 2882 3159 τοὺς
2916 3096 3068 3159 υίοὺς
3101 3097 3265 3150 αὐτοῦ
3311 3093 3421 3151 οἷόν
3467 3117 3520 3153 τι

259 3183 397 3254 μίαν
425 3192 680 3255 γυναῖκα.
722 3190 881 3245 Ἀλλὰ
907 3192 970 3264 δὴ
1009 3193 1102 3245 καὶ
1135 3194 1183 3246 οί
1211 3193 1318 3246 υίοὶ
1348 3193 1537 3260 06:06,
1565 3194 1671 3248 ἀνά
1705 3195 1835 3266 μίαν
1864 3188 1907 3246 C
1940 3183 2289 3255 διατείχισμα
2345 3184 2583 3255 χωρίξον
2638 3185 2732 3239 τδν
2763 3186 2886 3241 Νῶε
2942 3188 3051 3242 ἀπὸ
3106 3188 3209 3258 τῆς
3262 3180 3522 3258 γυναικὸς

258 3364 392 3420 lium
442 3383 563 3422 eum
599 3367 705 3423 Eva
745 3369 1065 3432 concubuit,
1096 3368 1191 3424 sed
1225 3367 1297 3424 ob
1335 3369 1630 3425 liberorum
1672 3386 1837 3441 gene-

257 3458 552 3522 rationem,
599 3468 763 3530 atque
802 3460 1087 3529 generavit
1132 3460 1358 3517 liberos.
1392 3463 1531 3517 Ante
1572 3463 1831 3518 delictum

257 3534 443 3609 autem
483 3556 537 3608 in
571 3557 890 3624 angelorum
929 3557 1151 3611 modum
1186 3558 1459 3612 vixerant.
1492 3560 1596 3613 Sed
1651 3569 1832 3615 tamen

255 3646 474 3699 etiamsi
507 3662 630 3700 cum
670 3645 780 3700 Eva
825 3645 1069 3701 Adamus
1104 3650 1421 3714 concubuit,
1459 3650 1618 3703 unica
1653 3660 1831 3705 tamen

254 3737 459 3791 femina
495 3747 632 3801 erat,
664 3754 771 3793 non
803 3738 1005 3792 multae.
1043 3739 1404 3820 EtenimOnec
1426 3758 1594 3795 unum
1625 3758 1832 3797 marem

254 3840 310 3883 et
342 3832 541 3885 multas
582 3831 835 3896 feminas,
874 3847 971 3887 nec
1015 3833 1219 3889 multos
1260 3848 1441 3889 mares
1476 3844 1529 3887 et
1568 3849 1731 3889 unam
1761 3834 1837 3889 fe-

252 3923 487 3985 minam,
521 3923 616 3977 sed
669 3939 835 3977 unum
870 3940 1072 3978 marem
1110 3926 1400 3990 Adamum,
1450 3935 1503 3980 et
1547 3941 1709 3979 unam
1759 3924 1836 3979 fe-

253 4013 461 4069 minam
496 4011 661 4067 Evam
719 4012 862 4067 Deus
908 4016 1137 4068 creavit.
1182 4015 1360 4069 Attcto
1406 4023 1586 4069 autem
1634 4030 1834 4085 genere

251 4101 497 4160 humano
535 4114 591 4159 et
636 4104 703 4159 ad
741 4103 979 4159 facinora
1026 4104 1318 4161 libidinosa
1359 4114 1415 4161 et
1440 4107 1641 4177 injusta
1662 4108 1832 4163 decli-

1945 3365 2236 3431 rationem,
2273 3376 2333 3421 ut
2355 3365 2621 3423 diximus.
2662 3368 2731 3422 At
2756 3367 3093 3425 Mobametes
3126 3380 3312 3440 aperte
3339 3371 3517 3439 docet,

1948 3471 1979 3511 a
2017 3456 2126 3512 Deo
2147 3457 2310 3526 jnstis
2336 3473 2435 3528 pro
2466 3460 2690 3529 praemio
2718 3460 2903 3517 datum
2934 3461 3000 3514 iri
3028 3461 3263 3528 lavacra,
3291 3474 3341 3518 et
3369 3463 3525 3518 fetuti-

1948 3562 2049 3602 nas
2081 3549 2310 3617 singulis
2341 3550 2525 3618 plures
2575 3557 2628 3603 et
2680 3551 2825 3605 aedes
2884 3551 3303 3620 pulcherrimas.
3368 3551 3519 3608 Talia

1948 3638 2117 3705 igitur
2156 3641 2251 3708 qui
2284 3640 2402 3709 lege
2448 3642 2627 3695 sancit
2654 3645 2936 3710 quomodo
2971 3658 3000 3696 a
3043 3643 3153 3696 Deo
3188 3643 3386 3698 missus
3427 3644 3526 3699 sit?

1943 3728 2060 3784 lmo
2083 3731 2283 3785 stultus
2306 3741 2410 3794 est,
2440 3733 2531 3799 qui
2559 3732 2661 3786 ista
2709 3732 2926 3799 probat.
2955 3741 3119 3802 atque
3157 3735 3349 3797 credit,
3378 3738 3520 3803 quod

1944 3819 2237 3873 libidinose
2265 3820 2342 3886 iit,
2375 3821 2427 3874 id
2463 3814 2749 3887 tum,%um
2781 3822 3001 3891 praemia
3037 3823 3175 3878 bona
3211 3835 3265 3879 et
3290 3826 3518 3890 pulchra

1944 3912 2152 3966 sanctis
2173 3912 2450 3981 inustisque
2473 3913 2774 3979 dabuntur,
2805 3919 3053 3983 peccanti
3092 3918 3514 3987 multiplicatum

1943 4001 2036 4056 iri.
2068 4002 2303 4056 Attende
2335 4018 2486 4071 vero,
2513 4019 2633 4074 qua:
2663 4020 2830 4074 porro
2859 4006 3003 4062 iacta
3044 4007 3172 4065 sint.
3203 4007 3343 4064 Dicit
3370 4010 3522 4082 Moy.

1942 4108 2031 4149 ses
2068 4110 2082 4148 :
2120 4112 2140 4145 ε
2176 4094 2354 4163 Atque
2378 4096 2660 4165 ingressus
2687 4107 2769 4152 est
2809 4105 2993 4153 arcum
3028 4097 3143 4155 Noe
3192 4110 3246 4156 et
3275 4102 3368 4157 lilii
3395 4104 3521 4175 ejus

249 4207 441 4261 nante,
476 4195 860 4266 indignabatur
905 4196 1084 4265 iisque
1116 4197 1460 4253 irascebatur
1485 4198 1647 4264 Deus,
1688 4198 1832 4256 sicu't

1940 4195 1993 4240 et
2030 4199 2172 4239 uxor
2196 4184 2316 4253 ejus
2354 4198 2408 4240 et
2440 4202 2642 4243 uxores
2675 4188 2910 4243 iiiiorum
2941 4192 3083 4260 ejus.
3126 4210 3145 4244 ι
3190 4192 3265 4248 De
3308 4195 3521 4266 ingrcs-

248 4285 477 4343 σίνίηυε
532 4287 745 4359 Moyses
807 4287 863 4342 ίη
906 4287 1050 4343 libro
1114 4288 1342 4363 cenes],
1394 4293 1605 4357 scribit,
1655 4292 1837 4348 οειηηο
1941 4278 2096 4332 sione
2137 4277 2298 4347 igitur
2328 4277 2488 4332 dicit:
2536 4278 2876 4349 «Ingressus
2906 4292 2990 4336 est
3021 4282 3132 4339 Noe
3165 4295 3216 4340 et
3269 4288 3364 4342 lilii
3399 4290 3520 4358 ejus

246 4377 528 4434 dixisseu
560 4377 639 4432 Ne
665 4388 879 4432 maneto
907 4393 1068 4448 super
1088 4394 1185 4434 eos
1204 4379 1649 4449 Spiritusmeus,
1694 4399 1832 4454 quo-
1941 4381 2210 4426 etuxores
2240 4370 2474 4425 ﬁliorum
2515 4371 2636 4440 ejus
2683 4389 2697 4437 ;
2744 4393 2761 4425 ι
2784 4375 2850 4428 de
2877 4376 3028 4431 exitu
3061 4391 3243 4434 autem
3279 4398 3385 4438 non
3424 4385 3519 4449 ita,

246 4466 395 4522 niam
425 4483 557 4522 caro
578 4476 726 4534 sunt,
742 4467 877 4524 )llOC
900 4471 1155 4535 estplane
1178 4471 1452 4526 libidinosi
1474 4482 1525 4526 et
1547 4484 1830 4529 terrestres

1941 4467 2071 4519 sed:
2116 4484 2133 4516 ι
2177 4465 2441 4534 Egressus
2465 4478 2546 4521 est
2578 4465 2695 4523 Noe
2725 4479 2779 4521 et
2809 4484 2949 4524 uxor
2979 4473 3098 4541 ejus
3119 4486 3172 4527 et
3197 4476 3289 4529 lilii
3317 4477 3433 4545 ejus
3466 4496 3521 4531 et

246 4555 728 4629 iactisunt,atque
764 4562 876 4614 \eri
911 4564 1149 4632 bonique
1192 4563 1569 4631 immemores,
1605 4567 1834 4623 lasciviae

1947 4572 2144 4612 uxores
2173 4559 2410 4612 ﬁliorum
2454 4560 2574 4629 ejus
2601 4577 2724 4614 cmn
2758 4578 2842 4617 eo.
2874 4583 2891 4615 ι
2934 4564 3141 4629 Quibus
3172 4569 3350 4635 verbis
3386 4573 3520 4625 nihil

244 4659 303 4700 se
320 4651 615 4726 dederutit.
640 4650 778 4705 Tum
802 4651 944 4706 Deus
966 4651 1084 4708 Noe
1112 4654 1243 4709 dicit
1269 4672 1283 4708 :
1310 4673 1329 4706 ί
1355 4654 1626 4721 Quoniam
1664 4668 1716 4711 te
1741 4657 1833 4726 ju-
1938 4651 2082 4705 aliud
2118 4651 2478 4722 signiﬁcatur,
2513 4652 2616 4706 nisi
2654 4654 2779 4719 hoc,
2818 4656 3031 4710 etiamsi
3074 4674 3240 4713 unam
3288 4678 3517 4718 uxorem

245 4750 391 4799 stum
420 4724 701 4801 homiiietn
740 4745 920 4799 inveni
951 4746 1006 4800 in
1037 4745 1139 4802 hoc
1164 4762 1380 4818 genere,
1406 4765 1526 4819 age,
1552 4765 1734 4805 arcam
1767 4751 1832 4804 li-

243 4846 440 4902 gneam
467 4845 709 4891 exstrue.
741 4853 760 4887 ›
784 4835 1069 4890 Exstruxit
1095 4836 1259 4903 igitur
1300 4838 1415 4893 Noe
1441 4854 1624 4893 arcam
1647 4857 1676 4893 e
1704 4855 1812 4909 prae

245 4936 405 4994 cepto
435 4927 741 4988 Domini,et
767 4927 989 4980 intravit
1016 4942 1134 4981 eam
1160 4943 1285 4981 cum
1311 4929 1485 4982 tribus
1514 4930 1659 4994 liliis,
1680 4932 1828 4994 Sem,

245 5014 438 5087 Cham,
465 5021 696 5092 Japheth
720 5040 732 5076 :
762 5020 1094 5089 intravitque
1118 5020 1366 5074 eamdem
1395 5036 1533 5075 uxor
1556 5021 1687 5075 Noae
1704 5037 1829 5076 cum

252 5110 426 5167 tribus
464 5114 731 5168 uxoribus
767 5112 1001 5165 ﬁliorum
1042 5109 1193 5165 Noae.
1247 5106 1431 5181 Vides,
1484 5112 1653 5168 Deum
1697 5110 1829 5167 Noae

184 5268 197 5279 .
252 5209 309 5252 ut
345 5201 500 5268 justo
549 5204 757 5258 homini
806 5212 1064 5257 testatqu
1094 5198 1237 5265 esse,
1296 5203 1498 5272 quippe
1521 5205 1614 5272 qui
1662 5219 1826 5258 unam

251 5307 478 5352 uxorem
517 5297 759 5352 haberet.
791 5294 901 5350 Nec
933 5309 1058 5349 vero
1088 5294 1332 5363 ejusdem
1365 5295 1480 5358 lilii,
1508 5297 1601 5365 qtti
1636 5305 1690 5350 et
1723 5295 1826 5365 ipsi

251 5381 452 5454 singuli
491 5389 735 5457 singulas
783 5402 981 5442 uxores
1020 5386 1307 5450 baberent,
1348 5387 1417 5442 ab
1453 5387 1532 5442 ira
1584 5387 1675 5442 Dei
1718 5404 1824 5442 non

248 5482 449 5532 servati
482 5490 646 5535 sunt:
683 5494 804 5534 cum
833 5496 995 5534 omne
1024 5495 1197 5547 genus
1224 5479 1527 5533 humanum
1554 5495 1821 5550 aquarum

250 5564 495 5627 proluvie
528 5554 752 5641 periret.
782 5569 912 5635 Quae
950 5584 1034 5626 res
1078 5569 1242 5623 etiam
1296 5570 1682 5625 stultissimum
1724 5571 1826 5626 h0-

227 5651 450 5713 .minetn
508 5663 688 5726 docet,
735 5662 977 5732 legitime
1031 5677 1195 5715 uuam
1244 5676 1470 5715 uxorem
1520 5660 1716 5727 \‘irum,
1772 5673 1827 5717 et

247 5751 411 5800 unum
447 5754 704 5807 maritum
740 5755 997 5808 feminam
1046 5753 1265 5809 habere.
1303 5754 1408 5809 Sed
1465 5754 1571 5808 hoc
1604 5770 1827 5823 qucque

220 5842 357 5892 ‘Dost
380 5855 444 5893 ex
464 5845 821 5899 secrutinncm
862 5844 1060 5899 factum
1090 5856 1191 5909 est,
1225 5846 1295 5899 ob
1334 5844 1630 5901 liberorum
1663 5862 1827 5917 gene-

1936 4743 2180 4812 la-gitime
2209 4744 2289 4798 vir
2319 4743 2536 4802 habeat.
2590 4750 2995 4813 nonnunquam
3023 4758 3203 4803 tamen
3243 4765 3306 4805 ea
3348 4753 3522 4809 alrsti-

1938 4841 2177 4890 nendum
2217 4835 2267 4890 ei
2296 4851 2436 4892 esse.
2492 4834 2642 4891 Natn'
2687 4854 2811 4894 cum
2863 4840 3023 4895 dicit:
3066 4862 3082 4893 ι
3120 4842 3409 4912 ingressus
3440 4859 3523 4901 est

1935 4925 2053 4981 Noe
2104 4928 2159 4981 in
2209 4943 2391 4982 arcam
2432 4937 2487 4983 et
2518 4927 2614 4981 ﬁlii
2650 4928 2794 4997 ejus,
2833 4946 2853 4981 ι
2898 4930 3038 4985 liiios
3082 4929 3200 5000 ejus
3257 4942 3516 5002 tanquam

1935 5019 2196 5088 parietem
2221 5016 2391 5072 Noam
2421 5018 2489 5073 ab
2532 5032 2704 5073 uxore
2757 5018 2879 5088 ejus
2906 5017 3255 5088 separantem
3294 5025 3518 5091 posuit:

1934 5127 2057 5167 cum
2076 5120 2258 5166 autem
2279 5112 2446 5168 dicit:
2478 5130 2496 5162 :
2528 5112 2796 5181 Egressus
2819 5122 2903 5167 est
2931 5112 3045 5168 Noe
3068 5122 3122 5169 et
3156 5129 3294 5169 uxor
3321 5116 3462 5185 ejus,
3495 5136 3513 5170 ι

1933 5204 2191 5269 ostendit,
2221 5204 2417 5259 dehinc
2450 5205 2582 5259 nihil
2611 5205 2723 5274 jam
2758 5203 3000 5271 obstare,
3053 5205 3352 5275 quominus
3388 5223 3520 5264 uxo-

1937 5299 1980 5351 ri
2009 5297 2293 5368 jungatur.
2334 5300 2479 5353 idem
2537 5298 2824 5354 dicendum
2863 5308 2949 5354 est
2987 5299 3055 5354 de
3109 5299 3237 5357 [iliis
3271 5304 3394 5373 ejus
3424 5318 3522 5359 eo-

1934 5405 2167 5459 rumque
2200 5390 2487 5444 uxoribus.
2537 5392 2829 5469 Enimvero
2872 5392 2987 5461 ipse
3020 5391 3233 5465 Moyses
3267 5394 3321 5449 in
3359 5412 3519 5450 mon-

1936 5489 2044 5535 tem
2080 5479 2207 5534 Sina
2240 5483 2544 5537 ascendens
2594 5483 2767 5537 edixit
2807 5481 3036 5549 ludatis,
3100 5494 3159 5539 ut
3203 5485 3521 5541 sanctiﬁca-

1932 5583 2056 5626 rent
2088 5588 2145 5627 se
2168 5573 2232 5628 ad
2267 5573 2489 5627 tertium
2526 5574 2668 5629 diem
2717 5570 2890 5647 usque
2930 5587 2985 5633 et
3007 5586 3190 5633 vestes
3246 5578 3518 5641 lavarent,

1931 5680 2068 5719 neve
2097 5665 2390 5736 attingeret
2418 5666 2709 5734 quisquam
2741 5683 2995 5722 uxorem.
3022 5669 3165 5735 Quin
3205 5670 3371 5722 etiam
3404 5669 3523 5737 ipse

1930 5756 2177 5813 Adamus
2206 5758 2367 5811 Evam
2414 5759 2766 5827 cmispicatus
2815 5759 2995 5813 dixit:
3032 5778 3050 5811 ι
3094 5757 3220 5814 llaec
3266 5767 3349 5814 est
3382 5774 3446 5815 os
3490 5776 3521 5814 e

1930 5851 2069 5905 meis
2100 5849 2339 5916 ossibus,
2379 5859 2432 5905 et
2476 5866 2602 5908 caro
2631 5866 2661 5906 e
2702 5866 2823 5907 mea
2863 5865 3069 5907 carne:
3121 5866 3295 5922 quare
3355 5851 3522 5910 homo
3602 5894 3609 5897 «
