3986 6508
249 379 356 446 937

1285 364 1732 443 CIIRONICON
1775 361 2045 424 MAJUS.
2092 387 2158 397 -
2200 360 2345 423 LIB.
2382 359 2479 423 ιν.

3406 356 3514 417 9:18

251 480 437 571 ,ιμὲν
476 497 553 560 ὡς
599 493 777 556 καλῶς
839 490 1039 550 αὐτοὺς
1090 485 1607 559 πολιτευσαμένους,
1639 486 1727 565 διὰ
1777 482 1830 535 τί
1866 487 1904 538 Α
2007 477 2169 550 355
2204 480 2316 550 Οὐχ
2347 478 2422 540 ὡς
2450 476 2845 547 ἐπιλαθόμενος
2896 475 2988 530 τοῦ
3036 476 3305 545 ᾗμετέρου
3354 473 3515 543 λόγου

250 580 350 647 ὄῦκ
385 588 650 659 ἐδόθησαν
704 585 888 647 αὐτοῖς
943 584 1020 636 ἑνὶ
1074 581 1293 650 ἑκᾶστῳ
1342 579 1535 633 πολλαὶ
1564 578 1828 647 γυναῖκες

252 682 572 755 εὐεργεσίας
606 679 768 751 χάριν
813 677 910 730 καὶ
949 672 1320 744 ἀντιμισθίας,
1349 670 1424 736 ὥς
1452 670 1668 739 λέγετε,
1696 666 1833 720 ἀλλὰ

256 775 461 848 μᾶλλον
511 760 635 836 τοῖς
677 769 893 832 πολλοῖς
946 766 1171 838 ἀνδράσι
1216 767 1356 834 γυνὴ
1410 763 1542 833 μίας
1587 761 1648 815 El
1680 760 1724 814 δ’
1753 760 1832 821 ῶς

253 868 636 937 κατακρίτοις,
666 864 764 917 καὶ
808 862 914 933 μὴν
958 863 1016 913 αἱ
1067 859 1318 912 τοιαῦται
1350 853 1668 926 εὐεργεσίαι
1699 854 1835 907 ἀπο-

253 962 414 1034 δοχῆς
445 957 610 1030 355I
638 958 734 1011 καὶ
763 955 977 1026 ἀγαθῆς
1014 952 1363 1022 ἅντιμισθίας
1407 946 1621 1018 δόματα
1664 945 1831 1009 εἰσιν,

255 1056 328 1115 ὡς
358 1056 387 1107 ό
414 1051 659 1121 Μωὰμεθ
705 1047 1039 1117 διαγορεύει.
1077 1047 1150 1100 Τὸ
1192 1044 1240 1097 δ’
1271 1043 1408 1098 αὒτδ
1455 1040 1549 1096 καὶ
1582 1038 1677 1092 ἐπὶ
1719 1035 1834 1091 τῶν

256 1146 472 1200 πολλῶν
512 1141 796 1212 γυναικῶν
839 1142 949 1197 τῶν
999 1138 1386 1208 δοθησομένων
1425 1136 1508 1189 ἑιὶ
1553 1133 1708 1204 ἀνδρί
1733 1145 1752 1163 ⁹
1780 1133 1857 1185 είς

260 1236 359 1305 μὲν
404 1235 480 1298 ῶς
515 1233 820 1300 καταδίκης
850 1231 1019 1296 ἄξαι,
1059 1229 1176 1290 πῶς
1218 1229 1452 1282 δίδονται
1487 1225 1626 1297 πρὸς
1660 1224 1836 1284 αὐτὰς

256 1326 610 1397 εὐεργεσίαις
640 1326 702 1379 Ei
730 1324 775 1378 δ’
804 1322 1074 1391 ἀποδοχῆς
1104 1321 1275 1387 ἄξιαι,
1307 1320 1393 1374 διὰ
1426 1320 1480 1372 τί
1512 1319 1744 1373 δίδονται
1777 1317 1835 1371 al

258 1417 454 1471 πολλαὶ
498 1417 579 1470 ἑνὶ
627 1416 812 1486 ἀνδρίς
848 1416 956 1468 Kal
987 1414 1035 1468 τί
1078 1414 1180 1484 τῆς
1223 1413 1484 1482 τοιαύτης
1516 1410 1836 1484 συγχύσεως

158 1570 161 1573 λ
238 1494 608 1579 ’ἀτοπώτερόν
641 1524 701 1561 τε
732 1507 827 1562 καὶ
851 1506 1220 1578 ἁηδέστερον;

329 1601 559 1662 Βλέπεις
584 1600 700 1664 πῶς
727 1603 755 1654 ό
782 1607 1170 1671 παρατραπεὶς
1212 1599 1314 1670 τῆς
1342 1597 1556 1661 εὐθείας
1590 1597 1714 1651 ὁδοῦ
1754 1598 1837 1661 εἰς

260 1692 404 1745 πόσα
448 1690 630 1743 ἄτοπα
663 1691 1049 1760 παρεμπίπτει
1077 1691 1172 1745 καὶ
1199 1691 1371 1747 ἄκων.
1414 1688 1557 1743 Ἀλλ’
1587 1689 1690 1744 οὐκ
1717 1688 1835 1742 ἔστι

1940 571 2159 642 ἔγραψα
2187 573 2318 640 περὶ
2344 571 2439 626 τοῦ
2468 570 2716 640 Μωάμεθ
2752 571 2875 625 ὅσον
2916 570 3134 639 ἔγραψα
3161 585 3175 600 ⁸
3208 567 3360 622 εἷπον
3407 570 3519 637 γαρ

1938 666 2024 719 ὅτι
2069 664 2170 719 οὒκ
2219 663 2370 719 ἔστιν
2412 666 2439 718 ὁ
2471 664 2837 735 προκείμενος
2870 664 3077 727 ’σκοπὸς
3111 663 3211 731 τῆς
3254 663 3350 715 νῦν
3387 663 3519 731 πρὸς

1942 757 2002 810 σέ
2053 774 2152 826 μου
2190 756 2528 820 ἀπολογίας,
2579 756 2666 809 ἵνα
2715 757 2926 823 ποιήσω
2966 754 3319 825 καταδρομὴν
3380 755 3522 808 κατὰ

1939 849 2050 904 τῶν
2098 849 2543 920 Μουσουλμάνων
2610 852 2709 911 καὶ,
2768 848 2909 902 εἴπω
2968 847 3115 918 ἅπερ
3163 847 3383 917 λέγουσι
3427 854 3523 900 καὶ

1942 922 2279 1010 πράττουσιν
2305 943 2509 1007 ἄτοπα,
2559 942 2783 1012 ὀλέθρια
2831 960 2894 997 τε
2946 944 3039 1023 καὶ
3089 940 3522 1005 κακὲ,ἁλλ’ἵνα

1940 1035 2100 1100 δείξω
2143 1037 2303 1107 μόνον
2345 1037 2427 1090 ὅτι
2491 1038 2820 1106 παραλόγως
2875 1037 2971 1089 καὶ
3024 1035 3227 1098 ἀδίκως
3280 1051 3524 1103 κατηγο-

1943 1126 2168 1197 ροῦνται
2201 1127 2352 1198 παρὰ
2394 1127 2506 1180 τῶν
2534 1125 2983 1196 Μουσουλμςίνων
3030 1126 3076 1178 ei
3120 1126 3463 1194 Χριστιανοὶ,
3494 1121 3525 1174 ὃ

1942 1219 2037 1271 καὶ
2084 1218 2384 1289 πεποίηκα.
2417 1220 2477 1271 Εἰ
2525 1218 2583 1272 δὲ
2643 1220 2739 1273 καί
2787 1236 2909 1272 τινα
2966 1219 3196 1286 εἴπομεν
3248 1216 3378 1284 περὶ
3430 1214 3522 1266 τοῦ

1943 1311 2213 1380 Μωὰμεθ.
2262 1312 2295 1381 ἡ
2351 1311 2448 1365 τοῦ
2508 1312 2837 1382 πράγματος
2891 1312 3153 1377 ὑπόθεσις
3209 1314 3525 1383 ἠνάγκασεν

1942 1406 2090 1475 ἡμᾶς
2122 1405 2202 1469 είς
2229 1406 2409 1467 τοῦτο,
2433 1406 2559 1459 ἐπεὶ
2582 1405 2744 1476 εἴπερ
2772 1407 2993 1477 εἴχομεν
3025 1407 3167 1460 κατὰ
3201 1406 3404 1459 σκοπὸν
3427 1406 3523 1459 τοῦ

1943 1497 2156 1569 γράψαι
2197 1499 2326 1568 περὶ
2357 1497 2469 1552 τῶν
2512 1499 2888 1569 ἁτοπημᾲτων
2932 1500 3031 1571 τῆς
3064 1500 3291 1571 διδαχῆς
3329 1499 3524 1564 αὑτοῦ,

1946 1589 2117 1645 πολλᾶ
2146 1589 2368 1660 εἴχομεν
2390 1592 2584 1645 εἰπεῖν.

2017 1685 2142 1749 Ὀτι
2181 1683 2239 1737 δὲ
2277 1684 2378 1737 οὐκ
2413 1680 2567 1737 εἶπεν
2608 1684 2637 1737 ὁ
2681 1683 2916 1757 Χριστὸς
2964 1687 3094 1756 περὶ
3132 1686 3229 1740 τοῦ
3277 1674 3526 1759 Μωάμεθ

258 1781 440 1847 τοῦτο,
474 1781 573 1834 οὐκ
617 1780 805 1835 ἔστιν’
851 1783 914 1835 οὐ
968 1782 1077 1853 γάρ
1115 1785 1268 1845 ἐστιν
1311 1782 1346 1853 ή
1390 1779 1486 1835 τοῦ
1521 1780 1658 1834 Θεοῦ
1699 1781 1837 1851 πρδς
1886 1825 1927 1854 η
1951 1777 2110 1846 λόγον
2146 1763 2267 1830 τὸν
2296 1778 2556 1848 τυχόντα,
2601 1777 2720 1832 οὐδὲ
2768 1779 2827 1830 ὲν
2877 1778 2954 1847 τῷ
2985 1780 3304 1852 Εὑαγγελίῳ
3328 1776 3397 1854 ἦν
3439 1797 3532 1850 γε-

261 1875 393 1937 τοὺς
436 1873 626 1942 ἁγίους
682 1874 1079 1946 μισθαποδοσία
1125 1875 1328 1945 τροφαὶ
1373 1874 1469 1927 καὶ
1520 1873 1710 1937 πόσεις
1742 1874 1840 1927 καὶ

261 1966 466 2038 λουτρὰ
509 1970 605 2023 καὶ
654 1971 939 2036 γυναῖκες,
970 1969 1005 2022 ἃ
1050 1968 1174 2022 τινα
1218 1969 1363 2022 είσιν
1417 1966 1700 2036 ἁμαρτίας
1746 1967 1843 2020 καὶ

263 2060 434 2131 ὁρτῆς
486 2061 930 2130 ἀποτελέσματα,
957 2061 1034 2126 ῶς
1087 2060 1331 2131 εἴρηται,
1371 2059 1509 2115 ἀλλὰ
1553 2058 1842 2130 ἁγιωσύνη

264 2152 360 2204 καὶ
406 2150 719 2222 καθαρότης
750 2152 844 2205 καὶ
870 2151 1137 2222 ἀγγελικὴ
1160 2142 1430 2217 πολιτεία,
1461 2151 1610 2223 χαρά
1642 2168 1702 2206 τε
1746 2155 1846 2207 καὶ

264 2243 579 2316 εὖῳροσύνη
624 2245 721 2299 καὶ
766 2244 1120 2312 ἀγαλλίασις,
1148 2243 1219 2316 ἥν
1268 2243 1551 2314 ὀφθαλμὸς
1585 2247 1686 2300 οὐκ
1733 2242 1844 2301 εἶδε

264 2339 361 2391 καὶ
389 2331 483 2400 οὖς
511 2336 613 2391 οὐκ
645 2337 847 2409 ἤκουσε
875 2335 973 2390 nul
1000 2336 1092 2390 ἐπὶ
1140 2335 1374 2408 καρδίαν
1404 2336 1698 2408 ἀνθρώπου
1745 2339 1848 2394 οὐκ

265 2430 436 2501 ἁνέδη
473 2434 629 2485 ποτὲ.

337 2519 493 2586 Εἶδες
518 2521 611 2576 τὸν
654 2522 871 2593 καρπδν
900 2522 1005 2593 τῆς
1031 2520 1362 2593 νομοθεσίας
1394 2519 1492 2574 τοῦ
1523 2520 1844 2596 νομοθέτρυ.

265 2612 604 2667 Γινώσκεται
629 2612 738 2666 ἀπὸ
764 2611 860 2666 τοῦ
896 2611 1111 2685 καρποῦ
1139 2611 1247 2665 τῶν
1282 2611 1535 2682 πράξεων
1574 2613 1602 2664 ό
1646 2614 1851 2681 τρόπος

1956 1872 2279 1941 γραμμένον
2315 1871 2375 1924 τὸ
2398 1870 2571 1941 δνομα
2613 1871 2806 1936 αὐτοῦ,
2834 1872 3066 1943 εἴπομεν
3095 1875 3153 1928 ὲν
3179 1876 3293 1939 τοῖς
3324 1874 3532 1944 ἔμπρο·

1947 1963 2076 2015 σθεν
2119 1963 2245 2015 ὅσον
2297 1962 2438 2033 δῆτα
2485 1963 2579 2016 καὶ
2609 1961 2843 2035 εἴπομεν
2870 1983 2883 1998 ·
2925 1969 2953 2020 ό
3000 1967 3058 2020 δὲ
3108 1965 3264 2035 λόγος
3292 1966 3532 2037 δηλώσει

1944 2056 2107 2110 τοῦτο
2143 2057 2237 2108 καὶ
2268 2054 2735 2129 ἔτικσαφέστερον.
2770 2057 2950 2128 Ἀπερ
2985 2055 3127 2112 εἶδον
3157 2060 3206 2112 οί
3237 2059 3532 2114 ἀπόστολοι

1948 2148 2045 2203 καὶ
2089 2149 2336 2219 μαθηταὶ
2387 2147 2481 2214 τοῦ
2533 2148 2779 2220 Χριστοῦ
2817 2149 2912 2203 καὶ
2954 2149 3098 2221 ἅπερ
3137 2150 3444 2220 ἀκηκόασιν
3470 2150 3533 2219 ἒξ

1947 2238 2115 2293 αὐτοῦ
2146 2236 2244 2293 τοῦ
2298 2237 2571 2308 στόματος
2625 2239 2721 2294 τοῦ
2764 2240 3032 2312 Χριστοῦ,
3059 2239 3235 2295 ταῦτα
3282 2241 3534 2314 ἔγραψαν

1949 2333 2045 2387 καὶ
2087 2329 2360 2397 ἱδίδαεαν.
2400 2330 2495 2397 Ἐξ
2544 2330 2729 2385 αὐτῶν
2783 2331 2917 2401 γοῦν
2948 2323 3076 2386 τῶν
3131 2332 3392 2405 μαθητῶν
3438 2334 3534 2388 τοῦ

1950 2423 2195 2495 Χριστοῦ
2222 2423 2492 2495 τέσσαρες
2524 2424 2944 2493 συνεγράψαντο
2986 2425 3044 2479 τὸ
3071 2425 3429 2495 Εὐαγγέλιον.
3472 2427 3535 2481 ’0

1954 2515 2057 2588 μὲν
2084 2510 2166 2580 εἷς
2205 2515 2612 2588 ὀνομαζόμενος
2639 2517 2927 2580 Ματθαίος
2966 2517 3270 2586 Ἐὄραῖκῶς
3300 2520 3535 2587 ἐξέδωκε

1951 2608 2109 2664 τοῦτο
2159 2609 2243 2675 είς
2296 2609 2396 2680 τὴν
2455 2609 2827 2679 Παλαιστίνην
2877 2609 2996 2680 ἦτοι
3054 2611 3124 2665 τὰ
3184 2611 3538 2683 Ἱεροσόλυμα

268 2704 436 2759 αἰτοῦ
467 2705 500 2776 ἢ
528 2703 628 2769 οὓς
668 2704 777 2758 Καὶ
822 2704 910 2768 τίς
935 2702 1079 2758 οὕτω
1120 2704 1323 2775 τυφλδς
1365 2708 1462 2758 καὶ
1501 2703 1728 2773 ἀνόητος
1756 2705 1854 2758 καὶ
1954 2704 2048 2756 καὶ
2075 2701 2147 2757 τὰ
2173 2703 2321 2774 μέρη
2351 2701 2449 2774 τῆς
2471 2701 2682 2773 Λιϐύης
2701 2717 2716 2734 ·
2749 2701 2856 2756 όκδὲ
2885 2702 3073 2773 ἕτερος
3101 2702 3333 2775 Μάρκος
3366 2704 3537 2759 Λατι-

269 2796 655 2866 ὲσκοτισμένος
677 2798 705 2850 ό
734 2798 809 2867 μὴ
834 2797 1040 2861 συνιεὶς
1069 2797 1138 2850 τὰ
1168 2794 1475 2866 λεγόμενα;
1511 2795 1574 2849 ’0
1592 2795 1649 2850 δὲ
1679 2796 1853 2850 ταῦτα
1954 2794 2119 2855 νικῶς
2150 2794 2230 2857 είς
2258 2793 2358 2866 τὴν
2380 2793 2629 2865 ’Ᾱχαίαν,
2667 2794 2762 2848 καὶ
2793 2794 2951 2867 ἐδόθη
2978 2795 3058 2859 εἷς
3079 2812 3139 2848 τε
3168 2798 3268 2867 τὴν
3300 2797 3540 2851 Ἰταλίαν

269 2887 583 2957 νομοθετῶν
598 2887 733 2955 πῶς
768 2887 875 2941 ἀπο
899 2887 1070 2954 Θεοῦ;
1956 2885 2052 2937 καὶ
2086 2883 2182 2954 τὴν
2233 2884 2485 2955 Ῥώμην,
2528 2885 2666 2940 ἀλλὰ
2708 2887 2775 2957 δὴ
2835 2887 2929 2941 καὶ
2984 2885 3127 2941 κατὰ
3175 2887 3244 2941 τὰ
3302 2887 3540 2959 ἑσπέρια

343 2980 617 3049 Καὶπερὶ
651 2979 750 3050 μὲν
788 2977 982 3033 τούτου
1027 2979 1113 3042 τίς
1153 2978 1312 3050 χρεία
1337 2979 1517 3049 λόγων
1553 2980 1852 3046 πλειόνωνς
1957 2977 2175 3030 ἅπαντα
2223 2976 2377 3046 ἔθνη.
2434 2978 2495 3031 Ὀ
2543 2979 2600 3031 δέ
2665 2979 2857 3049 ἔτερος
2905 2979 3148 3044 Λουκᾶς.
3206 2979 3538 3052 Ἑλληνικῶς

274 3069 412 3139 Περὶ
440 3071 498 3123 δὲ
528 3071 624 3125 τοῦ
669 3070 1133 3142 ἐγγεγραμμένου
1175 3070 1442 3141 ὀνόματος
1479 3071 1575 3125 τοῦ
1606 3071 1853 3142 Μωάμεθ
1886 3099 1930 3157 c
1960 3069 2015 3123 δέ
2042 3083 2057 3099 ⁶
2100 3068 2193 3122 καὶ
2227 3069 2384 3139 ἐδόθη
2411 3071 2490 3133 είς
2510 3070 2612 3141 τὴν
2657 3069 2822 3142 356
2865 3071 3054 3125 Ἀσίαν
3084 3071 3179 3125 καὶ
3220 3070 3535 3136 Αἰθιοπίαν.

277 3160 337 3211 ὲν
385 3161 502 3223 τοῖς
553 3161 748 3227 δεξιοῖς
810 3163 1005 3232 μέρεσι
1049 3158 1146 3214 τοῦ
1203 3159 1399 3231 θρόνου
1450 3161 1545 3214 τοῦ
1586 3158 1726 3214 Θεοῦ
1773 3159 1858 3224 τίς

273 3250 433 3322 χρεία
482 3252 781 3320 ἀπολογίας
825 3253 1040 3321 λόγων;
1084 3253 1148 3307 0i
1201 3252 1302 3324 μὲν
1356 3251 1616 3323 φρόνιμοι
1669 3253 1861 3323 κρινέ-

274 3361 459 3399 τωσαν
511 3347 821 3418 φρονίμως,
849 3347 901 3401 οί
948 3347 1005 3403 δέ
1053 3364 1116 3413 γε
1163 3346 1385 3419 ἀνόητοι
1424 3345 1523 3403 καὶ
1574 3349 1755 3420 μωροὶ
1787 3348 1864 3417 ὡς

278 3433 594 3507 βούλονται.

277 3616 441 3672 minae
481 3618 667 3674 multa:
707 3621 908 3674 dantur
931 3635 1030 3690 pro
1053 3620 1276 3689 praemio
1306 3631 1360 3678 et
1388 3623 1860 3692 remuneratione,

278 3718 339 3765 ut
375 3711 581 3776 dicitis,
605 3711 699 3767 sed
732 3713 916 3782 potius
959 3713 1145 3770 multis
1186 3716 1323 3771 .viris
1358 3715 1560 3773 femina
1593 3718 1743 3773 una?
1764 3717 1861 3773 Sin

278 3819 409 3858 vero
450 3812 510 3860 ut
536 3805 629 3875 qui
673 3805 911 3860 damnati
947 3805 1079 3868 sint,
1123 3808 1211 3862 illa
1267 3809 1485 3879 quidem
1516 3809 1779 3866 benelicia
1807 3820 1862 3867 et

277 3897 469 3965 gratia:
500 3913 726 3953 munera
746 3907 892 3964 sunt,
916 3908 974 3954 ut
1027 3898 1363 3957 Mohametes
1408 3901 1631 3972 quidem
1674 3903 1859 3958 docet.

276 3990 476 4044 Eadem
517 4005 607 4045 res
640 3990 693 4044 in
730 3991 973 4061 pluribus
1009 3982 1227 4047 feminis
1266 3992 1360 4048 nni
1396 3994 1594 4055 dandis
1626 3994 1766 4050 viro.
1803 3995 1860 4052 Si

277 4082 421 4134 enim
439 4081 790 4154 poenadignae
826 4093 976 4147 sunt,
1016 4099 1186 4156 quare
1233 4084 1494 4141 benelicia
1540 4086 1608 4143 iis
1646 4086 1864 4143 contin-

278 4172 450 4242 gnat?
480 4174 576 4228 Sin
613 4175 1056 4233 remuneratione
1092 4176 1289 4247 dignae,
1333 4194 1505 4248 quare
1543 4180 1725 4235 multa:
1766 4180 1861 4234 uni

277 4264 397 4319 viro
418 4264 656 4320 dantur?
694 4265 810 4320 Tali
853 4267 1074 4335 quidem
1121 4267 1450 4325 confusione
1491 4269 1621 4338 quid
1670 4269 1862 4325 incon-

279 4353 499 4410 cinuius
528 4364 582 4408 et
608 4356 947 4413 fastidiosius
970 4367 1055 4413 est
1080 4359 1104 4413 ?

1963 3159 2203 3230 Περσίαν
2230 3177 2291 3215 τε
2325 3159 2423 3215 καὶ
2453 3161 2650 3214 Ἰνδίαν
2695 3162 2790 3216 καὶ
2833 3161 3120 3233 Ἀραϐίαν.
3161 3160 3222 3216 Ὀ
3261 3163 3318 3217 δὲ
3349 3163 3542 3234 ἔτερος

1976 3253 2231 3321 Ἰωάννης
2262 3254 2359 3308 καὶ
2407 3254 2571 3319 αὐτὸς
2615 3253 2966 3327 Ἑλληνικῶς,
2999 3257 3094 3311 καὶ
3148 3255 3307 3328 ἐδόθη
3346 3258 3427 3320 είς
3472 3258 3545 3312 τὰ

1968 3344 2108 3417 μέρη
2135 3346 2236 3417 τῆς
2291 3345 2564 3417 Εὐρώπης
2599 3346 2698 3400 καὶ
2738 3349 2836 3410 τὰς
2871 3348 3073 3420 νήσους
3112 3348 3209 3403 καὶ
3236 3349 3367 3403 ἔνθα
3393 3349 3549 3420 εὗρίο

1966 3450 2186 3492 σκονται
2217 3438 2268 3492 al
2301 3438 2585 3511 Ἕλληνες.
2610 3437 2725 3494 Καὶ
2759 3437 2934 3504 οὕτως
2967 3439 3185 3513 διεδόθη
3210 3429 3271 3496 τὸ
3292 3440 3545 3512 Εὑαγγέσ⁸

1964 3619 2207 3686 dicanto,
2230 3619 2388 3676 inscii
2407 3629 2464 3676 et
2479 3622 2633 3678 stulti
2655 3633 2835 3680 autem
2857 3625 3313 3695 quemadmodum
3338 3626 3542 3683 volent.

2034 3712 2306 3768 Caeterum
2342 3713 2488 3769 haud
2524 3715 2731 3773 oblitus
2765 3717 3036 3788 propositi
3072 3717 3177 3773 mei
3231 3720 3301 3776 de
3349 3719 3547 3776 Moha,

1967 3815 2108 3860 mete
2139 3805 2361 3872 scripsi,
2393 3805 2661 3878 quidquid
2690 3808 2913 3878 scripsi.
2933 3809 3047 3865 Dixi
3083 3812 3253 3878 enim,
3282 3827 3390 3867 non
3425 3829 3547 3870 esse

1969 3896 2137 3966 hujus
2162 3897 2549 3968 disputationis
2580 3899 2894 3967 consilium,
2933 3908 2995 3956 ut
3056 3902 3111 3957 in
3166 3900 3547 3962 Musnlmanos

1966 3986 2188 4040 invehar
2205 3996 2259 4042 et
2286 3987 2416 4058 quid
2446 3989 2649 4059 inepte,
2684 3989 2996 4059 perniciose
3034 4000 3088 4048 et
3155 3995 3298 4049 male
3351 3995 3546 4053 dicant

1965 4089 2217 4146 agamve,
2251 4078 2500 4143 doceam,
2538 4080 2631 4135 sed
2664 4087 2722 4134 ut
2743 4083 3055 4146 ostendam,
3085 4084 3223 4140 male
3250 4095 3309 4141 et
3352 4087 3553 4143 imme-

1968 4169 2438 4227 ritn'Christianos
2463 4187 2497 4227 ο
2528 4171 2890 4230 ιΙιιειιιιιιιιιιίε
2941 4178 3193 4232 accusari
3229 4197 3244 4233 :
3284 4178 3338 4233 id
3394 4184 3542 4250 quod

1968 4262 2091 4317 feci.
2126 4261 2185 4317 Si
2211 4263 2277 4318 de
2306 4256 2616 4320 Mobamete
2644 4271 2827 4321 autem
2845 4267 3104 4322 nonnulla
3133 4269 3392 4336 diximus,
3418 4284 3549 4327 coe‘

1968 4352 2045 4424 git
2076 4368 2195 4420 nos,
2229 4353 2303 4409 ita
2339 4362 2400 4408 ut
2435 4353 2769 4421 faceremus,
2808 4359 2886 4414 rei
2913 4368 3135 4422 natura,
3183 4376 3335 4428 cum,
3389 4363 3437 4418 si
3494 4363 3553 4420 in

354 4444 538 4508 Vides,
571 4446 664 4515 qui
699 4462 730 4501 a
765 4457 910 4501 recta
946 4448 1031 4502 via
1067 4448 1287 4505 deﬂexit
1329 4449 1381 4504 in
1433 4458 1568 4520 quot
1622 4450 1856 4519 ineptias
1889 4446 1936 4503 D
1968 4443 2151 4500 animo
2186 4443 2403 4509 fuisset,
2437 4446 2505 4502 de
2531 4447 2751 4518 ineptiis
2795 4449 3068 4508 doctrina:
3108 4453 3230 4524 ejus
3286 4456 3554 4521 scribere,

276 4537 443 4592 etiam
473 4537 679 4593 invitus
701 4539 947 4594 incidat?
970 4540 1039 4594 At
1065 4557 1172 4594 non
1191 4550 1273 4596 est
1291 4541 1390 4605 ita,
1421 4556 1525 4595 non
1551 4549 1654 4596 est.
1674 4538 1864 4613 Neque

274 4629 424 4682 enim
459 4637 684 4684 sanctos
711 4627 852 4681 Deus
876 4628 1038 4692 cibis,
1060 4629 1401 4698 potionibus,
1433 4630 1691 4698 lavacris,
1710 4632 1866 4688 femi—
1918 4693 1939 4699 _

276 4724 366 4777 nis
392 4729 798 4784 remuneratur,
817 4735 939 4787 qua:
961 4735 1027 4775 ex
1049 4737 1243 4777 errore
1272 4733 1325 4777 et
1346 4722 1427 4776 ira
1456 4731 1575 4779 orta
1599 4731 1748 4790 sunt,
1766 4725 1862 4782 sed

274 4816 595 4879 sanctitate,
617 4813 932 4883 integritate
954 4822 1009 4869 et
1029 4814 1142 4868 vita
1163 4814 1433 4885 angelica,
1452 4816 1655 4886 gaudio
1673 4832 1860 4887 porro,

280 4906 560 4961 hilaritate
575 4913 628 4960 et
650 4903 864 4962 laetitia.
884 4904 1097 4972 qualem
1126 4918 1227 4958 nec
1248 4904 1445 4959 oculus
1471 4906 1629 4969 vidit,
1651 4921 1864 4961 necau-

280 4997 362 5052 ris
387 4996 616 5062 audivit,
637 4992 910 5065 cujusque
933 4995 989 5049 in
1008 4993 1212 5050 nullius
1237 4994 1480 5051 hominis
1496 5010 1593 5051 cor
1610 5006 1868 5068 penetra-

280 5090 361 5144 vit
383 5104 602 5145 sensus.

352 5178 548 5235 Vidisti
577 5178 688 5250 jam
718 5177 952 5236 fructum
980 5176 1470 5249 legislegislatoris
1529 5177 1711 5233 istius.
1765 5177 1869 5234 Co-

281 5274 639 5344 gnosciturne
660 5287 693 5328 e
715 5271 897 5327 fructu
917 5272 1185 5327 factorum
1213 5285 1334 5327 mos
1358 5271 1503 5342 ejus,
1537 5271 1748 5327 necne?
1772 5281 1868 5327 aut

261 5362 410 5435 'qnis
434 5365 506 5419 ita
537 5377 718 5420 caecus
739 5371 795 5418 et
821 5362 1112 5432 imperitus
1136 5369 1191 5419 et
1216 5360 1527 5424 hebetatus,
1545 5361 1638 5431 qui
1664 5377 1769 5416 non
1785 5362 1871 5417 in-

282 5457 493 5526 telligat
521 5470 644 5525 quae
669 5454 1072 5522 disputavimus
1103 5452 1198 5508 ?at
1223 5454 1352 5508 talia
1383 5455 1477 5524 qni
1511 5455 1691 5509 sancit
1720 5466 1871 5526 quo-

285 5548 451 5602 modo
473 5564 502 5601 a
541 5547 652 5601 Deo
683 5546 882 5601 missus
903 5550 977 5600 sit
1003 5546 1030 5599 1
1100 5604 1115 5617 κ

357 5639 433 5693 Ac
461 5638 529 5693 de
560 5639 663 5693 hac
685 5638 908 5708 quidem
948 5652 1009 5692 re
1040 5636 1390 5692 nihilattinet
1411 5636 1630 5706 longius
1660 5636 1869 5693 dicere.

283 5728 419 5785 Nc-ct
436 5730 606 5785 atinet
621 5728 690 5784 de
704 5731 923 5785 nomine
939 5727 1330 5793 Moliametisin
1347 5729 1538 5784 dextra
1558 5738 1709 5798 parte
1721 5730 1878 5785 thro.

285 5821 343 5876 ni
366 5819 458 5878 Dei
475 5820 902 5894 scriptodicere;
936 5821 1233 5891 prudentes
1265 5820 1411 5876 enim
1458 5820 1754 5892 prudenter
1781 5820 1874 5892 ju-

679 5911 954 5976 ΡΑτιιυι..
983 5914 1100 5975 Gn.
1144 5910 1323 5973 CLV!

1750 5996 1829 6003 .._.
1846 5996 1890 6008 ...ς

1974 4539 2142 4591 multa
2178 4539 2335 4595 nobis
2360 4539 2589 4595 dicenda
2610 4540 2865 4600 fuissent.

2044 4625 2164 4681 Non
2197 4628 2404 4685 dixisse
2436 4638 2617 4684 autem
2650 4631 2930 4686 Christum
2960 4633 3027 4689 de
3057 4632 3365 4691 Moliamete
3382 4635 3552 4692 verba

1969 4719 2095 4783 ista,
2128 4734 2230 4775 nec
2268 4720 2322 4775 in
2356 4719 2650 4792 Evangelio
2682 4721 2949 4791 scriptum
2979 4738 3104 4779 esse
3164 4740 3366 4781 nomen
3404 4726 3549 4797 ejus,

1970 4810 2037 4866 de
2071 4812 2172 4866 hac
2205 4827 2262 4866 re
2295 4821 2408 4867 tum
2443 4823 2570 4868 ante
2621 4813 2886 4879 diximus,
2912 4830 3036 4886 quae
3063 4816 3325 4882 diximus,
3357 4827 3472 4873 tum
3497 4819 3553 4874 in

1970 4903 2223 4974 sequenti
2275 4904 2648 4974 disputatione
2698 4905 2915 4961 dicetur
2973 4906 3326 4964 luculentius.
3416 4908 3567 4978 Quae-

1971 4997 2227 5051 viderunt
2265 4997 2493 5066 apostoli
2515 5008 2568 5053 et
2596 4997 2853 5069 discipuli
2877 4999 3105 5066 Christi,
3140 5010 3194 5056 et
3220 5016 3344 5073 quae
3390 5003 3552 5057 audi-

1970 5098 2253 5143 veruntex
2285 5102 2381 5145 ore
2414 5089 2559 5159 ejus,
2597 5090 2802 5146 litteris
2831 5091 3175 5147 mandarunt
3225 5102 3281 5148 et
3341 5093 3551 5148 docue-

1971 5188 2120 5235 runt.
2140 5178 2219 5234 Ex
2244 5179 2377 5250 ipsis
2406 5180 2555 5236 enim
2570 5181 2856 5252 discipulis
2871 5181 3074 5238 Christi
3122 5192 3356 5252 quatuor
3375 5181 3556 5238 Evan-

1973 5272 2173 5339 gelium
2205 5271 2657 5342 conscripserunt
2688 5288 2703 5328 :
2733 5272 2879 5335 quod
2914 5288 3081 5334 unns,
3122 5272 3409 5330 Matthxns
3456 5291 3555 5329 n0-

1974 5365 2143 5424 mine,
2175 5359 2440 5417 Hebraice
2466 5355 2540 5416 in
2564 5362 2876 5429 Palaestina,
2923 5363 3005 5419 vel
3043 5362 3440 5436 Hierosolymis
3500 5377 3555 5422 et

1972 5455 2118 5508 circa
2147 5450 2369 5524 Libyam
2382 5452 2579 5519 edidit;
2601 5453 3010 5520 alter,Marcus,
3028 5453 3220 5512 Latine
3236 5458 3290 5512 in
3328 5456 3556 5518 Achaia,

1973 5544 2193 5614 quodin
2222 5544 2430 5600 Italiam
2454 5554 2509 5599 et
2539 5543 2769 5600 Romam
2802 5555 2858 5602 et
2888 5548 2954 5602 ad
2977 5562 3167 5602 omnes
3185 5547 3559 5603 occidenlales

1975 5646 2165 5709 gentes
2193 5636 2456 5706 perlatum
2480 5645 2563 5692 est
2595 5655 2611 5703 ;
2638 5639 2859 5701 tertius,
2896 5637 3098 5703 Lucas,
3154 5638 3362 5698 Graece.
3407 5641 3555 5708 quod

1975 5728 2315 5797 divulgatum
2343 5736 2430 5784 est
2459 5727 2511 5783 in
2546 5728 2697 5791 Asia,
2729 5726 3035 5800 Etliiopia,
3070 5729 3274 5795 Persis,
3309 5727 3458 5784 Indis
3501 5734 3558 5782 et

1980 5820 2179 5876 Arabia
2217 5832 2515 5892 ;quartus,
2551 5819 2813 5889 Ioannes,
2856 5820 2987 5878 item
3036 5821 3245 5886 Graece,
3292 5817 3442 5891 quod
3497 5817 3559 5876 in

3123 5912 3200 5976 30
