3986 6446
187 411 298 476 945
1207 416 1301 476 Cll
1319 416 1656 480 RONICON
1693 421 1806 481 MA,

1911 425 1962 487 S.
2004 452 2074 462 --
2119 426 2268 488 LIB.
2317 425 2414 488 IV.
3354 421 3462 484 θίϐ

189 527 286 578 καὶ
339 523 438 588 τὰς
499 525 787 595 διαφόρους
836 527 1143 595 Evandri;
1193 530 1290 582 καὶ
1355 530 1624 601 ἰδιότητας
1658 532 1771 584 τῶν
1801 535 1848 596 Α
1875 530 1970 589 οὖν
1989 535 2185 607 ψεῦδος
2205 539 2388 608 πάσης
2415 535 2690 605 ἀγνωσίας
2728 536 3179 608 μεμεστωμένον.
3201 533 3306 588 Τὸν
3331 532 3466 585 Θεὸν

193 617 380 684 ὓμνων
405 619 498 671 τοῦ
518 619 676 684 Θεοῦς
715 621 789 690 μὴ
825 621 982 686 μόνον
1010 623 1119 690 γὰρ
1151 623 1243 675 τοῦ
1269 622 1513 694 Γαϐριὴλ
1541 624 1768 692 μείζονα
1873 627 2058 682 ὅντινα
2105 629 2362 699 ὁμολογεῖ
2397 631 2562 694 αὐτὸς
2609 634 2637 683 6
2666 630 2912 700 Μωάμεθ
2963 628 3196 699 ποιητὴν
3224 623 3460 696 οὐρανοῦ

192 705 331 762 εἷναι
360 710 510 776 λέγει
541 711 752 777 ἐαυτδν,
785 711 918 765 ἀλλὰ
951 715 1044 766 καὶ
1064 715 1283 766 πάντων
1316 716 1538 768 ἐκείνων
1569 715 1648 777 εἷς
1675 714 1769 779 οὓς
1875 736 1935 773 τε
1963 719 2060 773 καὶ
2091 721 2218 790 γῆς,
2267 722 2585 792 ἐνσώματον
2615 720 2858 775 δεικνύει
2885 719 3107 775 καὶούκ
3148 715 3470 786 ἀσώματον⁵

191 803 221 853 6
251 803 490 871 Γαϐριὴλ
519 803 619 856 οὐκ
647 798 761 872 εἶχε
811 805 1190 874 παρείσδυσιν,
1237 806 1374 860 ἀλλὰ
1417 807 1676 862 τοσοῦτον
1700 803 1773 878 ἦν
1875 812 1938 866 τὸ
1963 812 2074 884 γάρ
2095 814 2252 867 Θεῖον
2272 814 2590 885 ἀσώματον,
2611 815 2817 869 άποσόν
2846 829 2904 866 τε
2931 812 3026 866 καὶ
3051 811 3127 882 μὴ
3152 810 3274 881 ἕχον
3305 809 3475 878 μέγεο

195 894 444 947 ἀποδέων
491 896 716 948 ἐκείνων
771 897 912 950 ὥστε
944 899 1037 950 τὸν
1088 899 1336 969 Μωάμεθ
1389 897 1553 952 αὐτὸν
1600 900 1774 971 ἑτέρῳ

195 987 416 1056 ἀγγέλῳ
445 987 810 1056 παραδοῦναι,
833 990 860 1042 ὁ
886 989 931 1042 δ’
955 986 1020 1043 αὗ
1053 991 1226 1060 ὲτὲριρ
1261 993 1357 1044 καὶ
1377 991 1580 1062 ἐφεξῆς
1605 991 1772 1062 ἄλλῳ,

197 1078 292 1131 καὶ
321 1079 497 1143 οὕτως
533 1080 798 1136 εἰσελθεῖν
825 1083 906 1144 εἰς
941 1083 1035 1136 τὸν
1067 1083 1204 1137 Θεὸν
1237 1085 1330 1138 καὶ
1367 1088 1650 1154 συντυχεῖν
1680 1086 1777 1139 ἀλ-

197 1168 405 1240 λήλοις,
435 1171 516 1225 ἔτι
548 1172 626 1243 μὴ
667 1174 828 1243 μόνον
863 1174 1090 1243 μείζονα
1138 1177 1366 1232 πάντων
1398 1179 1626 1232 ἐκείνων
1669 1179 1781 1234 δει-

201 1263 388 1316 κνύειν
421 1265 638 1329 ἑαυτὸν,
689 1267 825 1320 ἀλλὰ
863 1267 959 1320 καὶ
1011 1269 1152 1339 ὑπὲρ
1183 1272 1406 1325 ἐκείνων
1459 1273 1781 1344 εὐχόμενον.

213 1355 320 1408 Ἐὦ
351 1357 532 1424 λέγειν
559 1360 688 1429 περὶ
719 1358 815 1412 τοῦ
846 1361 1088 1430 μεγάλου
1135 1365 1346 1418 ἐκείνου
1399 1365 1491 1419 καὶ
1549 1365 1782 1421 θεόπτου

201 1450 506 1513 Μωῦσέως,
534 1451 613 1517 ὃν,
664 1451 740 1514 ὥς
791 1470 976 1524 φησιν,
1011 1451 1155 1508 εἶδεν
1197 1459 1253 1511 ἐν
1283 1458 1363 1526 τῷ
1416 1458 1664 1532 τετάρτῳ
1694 1459 1788 1514 οὐ·

205 1543 374 1616 ρανῷ.
403 1545 580 1599 Αὐτὸν
608 1545 665 1598 δέ
698 1547 800 1600 ὑπε
812 1548 1114 1618 ραναϐῆναι
1144 1548 1240 1602 καὶ
1281 1547 1378 1602 τοῦ
1410 1549 1669 1618 ἑϐδόμου,
1695 1549 1790 1604 καὶ

205 1635 466 1690 ἀπελθεῖν
525 1636 688 1707 μέχρι
742 1639 838 1690 καὶ
885 1638 976 1692 τοῦ
1010 1639 1169 1703 Θεοῦ,
1217 1639 1476 1710 ὁμιλῆσαι
1523 1657 1582 1694 τε
1619 1640 1788 1712 αὐτῷ.

205 1727 359 1781 Μετὰ
389 1728 446 1781 δὲ
466 1727 640 1784 ταῦτα
658 1729 897 1795 ἐξελθεῖν
921 1733 1016 1784 καὶ
1040 1731 1325 1785 κατελθεῖν
1357 1734 1415 1788 ἐν
1436 1731 1515 1802 τῷ
1544 1732 1794 1803 τετάρτῳ

204 1817 444 1888 οὐρανῷ,
501 1820 577 1882 ὡς
625 1820 867 1892 εἴρηται,
915 1823 1011 1877 καὶ
1074 1826 1359 1896 συντυχεῖν
1407 1823 1485 1895 τῷ
1544 1825 1792 1886 Μωῦσεῖ,

1881 901 1996 972 θος,
2029 905 2154 959 οὐδὲ
2187 907 2246 960 ἐν
2275 906 2407 960 εῖδει
2432 905 2837 978 περιγραπτόψ
2869 903 2931 957 τὸ
2958 903 3016 957 δὲ
3046 902 3218 964 οὕτως
3249 900 3372 970 ἕχον
3401 899 3472 952 τὰ

1879 998 1939 1051 ἐν
1967 999 2036 1068 τῇ
2068 997 2176 1068 ἰδίᾳ
2228 998 2400 1052 αὐτοῦ
2433 998 2595 1066 φύσει
2653 998 2774 1060 πῶς
2803 996 2870 1050 ἂν
2902 996 2968 1048 ἐκ
3013 993 3230 1063 μερῶνς
3262 993 3309 1044 εἰ
3361 992 3469 1058 γάρ

1882 1103 1967 1148 τις
1997 1085 2115 1153 δοίη
2139 1085 2301 1139 τοῦτο
2326 1087 2618 1159 ὑπάρχειν,
2646 1087 2764 1150 πῶς
2790 1085 3120 1156 νοηθήσεται
3141 1081 3468 1151 ἁσὼματονς

1884 1177 1945 1230 τὸ
1973 1176 2084 1248 γὰρ
2108 1177 2168 1229 ἐν
2205 1179 2453 1248 σχήματι
2499 1178 2559 1233 ὂν
2594 1180 2815 1244 πάντως
2842 1179 2939 1232 καλ⁵
2967 1179 3026 1231 ἐν
3071 1173 3226 1244 ποσῷ
3270 1173 3365 1228 καὶ
3415 1174 3480 1225 ἐν

1885 1267 2059 1339 τόπῳ,
2093 1269 2188 1322 καὶ
2242 1272 2300 1337 ἐξ
2331 1271 2581 1343 ἀνάγκης
2631 1270 3028 1342 περιγραπτόν.
3063 1267 3250 1322 Ταῦτα
3282 1265 3338 1318 δέ
3367 1281 3477 1318 ato-—

1891 1361 2122 1432 ματικά.
2173 1363 2282 1416 Καὶ
2309 1363 2380 1417 τὰ
2410 1363 2506 1417 τοῦ
2556 1363 2811 1434 σώματος
2843 1363 2952 1416 ἴδια
3001 1360 3117 1423 πῶς
3149 1359 3215 1413 ἂν
3247 1358 3342 1411 ἐπὶ
3375 1357 3475 1426 τῆς

1892 1455 2176 1526 μακαρίας
2227 1455 2449 1526 ἐκείνης
2491 1453 2590 1509 καὶ
2620 1454 2914 1525 ἀσωμάτου
2945 1451 3161 1523 φύσεως
3191 1449 3287 1503 τοῦ
3339 1446 3476 1501 Θεοῦ

1890 1545 2184 1617 λογίσηταὶ
2209 1564 2295 1611 τις
2340 1547 2586 1612 διανοίας
2630 1547 2859 1617 μέτοχος
2888 1544 2998 1613 (Iw;
3048 1545 3144 1598 καὶ
3175 1546 3202 1596 6
3236 1543 3334 1612 μὲν
3369 1559 3476 1593 πα-

1892 1641 2166 1710 τριάρχης
2205 1639 2458 1709 ’Λϐραὰμ
2489 1640 2548 1693 ἐν
2592 1641 2658 1710 τῇ
2694 1639 2864 1694 πάλαι
2909 1637 3203 1707 θεοτανείᾳ
3248 1635 3352 1703 γῆν
3383 1632 3482 1686 καὶ

1899 1731 2092 1786 σποδὸν
2116 1731 2311 1785 ἐαυτὸν
2336 1731 2627 1800 ἐλογίσατο
2648 1731 2743 1785 καὶ
2771 1730 3022 1784 ἐκάλεσεο
3053 1728 3148 1782 τοῦ
3193 1728 3251 1780 δέ
3279 1725 3482 1796 Δανιὴλ

1895 1823 1994 1878 τοῦ
2014 1821 2260 1878 τοιούτου
2286 1823 2383 1876 καὶ
2407 1821 2688 1891 τοσούτου,
2721 1821 2954 1891 ἄγγελον
2978 1820 3201 1884 ίδὸντος,
3230 1819 3480 1887 ἐστράφη

210 1882 622 1980 συμϐουλεῦσαί
657 1882 715 1967 τέ
737 1882 914 1970 ἀὐτὸν
948 1916 1126 1988 τούτῳ
1158 1882 1653 1988 ἐπάναστραφέντα
1687 1882 1793 1970 ira;
1823 1882 1870 1941 Β
1901 1918 1936 1988 ἡ
1961 1916 2090 1982 δόξα
2113 1914 2282 1970 αὐτοῦ
2313 1917 2395 1980 είς
2413 1882 2738 1987 διαφθοράν,
2760 1882 2934 1969 ἐ’τοῦτ’
2960 1915 3100 1982 ἔστι,
3127 1882 3276 1982 παρὰ
3307 1882 3480 1983 β’ραγῦ

211 2004 516 2074 ρακαλέσαι
565 2006 659 2058 τὸν
706 2007 844 2059 Θεὸν
892 2008 1033 2078 ὑπὲρ
1082 2008 1178 2062 τοῦ
1213 2009 1346 2062 λαοῦ
1403 2010 1497 2062 και
1537 2009 1798 2078 γενέσθαι

209 2098 546 2166 κουφοτέραν
594 2098 695 2168 τὴν
728 2099 894 2170 εὐχὴν
949 2100 1026 2162 ὡς
1057 2100 1340 2164 ἀδυνάτως
1387 2101 1605 2172 ἔχοντος
1660 2102 1800 2172 πρὸς

212 2191 403 2261 αὐτήν·
433 2192 528 2246 καὶ
555 2192 856 2261 δεξαμένου
879 2194 1070 2248 τούτου
1097 2196 1198 2265 τὴν
1223 2194 1421 2267 βουλὴν
1448 2195 1801 2266 ἐπαναστρα-

212 2286 381 2353 φῆναι
423 2285 561 2356 πρὸς
603 2285 696 2337 τὸν
727 2285 861 2338 Θεὸν
889 2287 984 2338 καὶ
1032 2285 1268 2356 ζητῆσαι
1310 2288 1372 2341 τὸ
1405 2288 1537 2358 περὶ
1564 2287 1757 2342 τούτου
1781 2329 1798 2354 ,

213 2374 311 2426 καὶ
340 2371 741 2444 προσδεχθῆναι
774 2373 874 2442 τὴν
921 2374 1154 2444 ζήτησιν
1197 2375 1361 2429 αὐτοῦ
1388 2377 1486 2429 καὶ
1541 2376 1801 2444 γενέσθαι

213 2466 588 2537 ἐλαφροτέραν
621 2467 721 2534 τὴν
755 2465 948 2536 εὐχήν.
975 2468 1082 2520 Καὶ
1100 2463 1165 2521 αὖ
1198 2467 1292 2521 τοῦ
1318 2469 1599 2530 Μωῦσέως
1631 2469 1806 2536 ἀναγ-

214 2559 489 2620 κάσαντος
522 2557 690 2610 αὐτὸν
739 2553 899 2620 αὖθις
936 2559 1431 2630 ἐπαναστραφῆναι.
1465 2559 1569 2622 ἐως
1604 2559 1805 2612 πεντά-

215 2667 304 2714 κις
329 2651 466 2720 πρὸς
693 2649 784 2702 τὸν
814 2648 972 2714 Θεὸν,
1003 2649 1100 2703 καὶ
1144 2649 1309 2703 πάλιν
1335 2649 1591 2719 γενέσθαι
1625 2648 1805 2719 πολλῷ

216 2743 430 2796 ἐλάττω
451 2741 551 2812 τὴν
578 2742 770 2810 εὐχήν.
799 2744 909 2797 Καὶ
938 2742 1013 2813 μὴ
1054 2739 1398 2814 ἀρκεσθέντα
1425 2740 1520 2794 τὸν
1559 2739 1805 2803 Μωῦσῆν

216 2837 399 2888 εἰπεῖν
453 2834 552 2888 καὶ
583 2833 740 2896 αὖθις
774 2833 863 2888 ἵνα
917 2835 1322 2905 ἐπαναστραφῇ
1359 2834 1500 2904 πρὸς
1548 2833 1638 2886 τὸν
1670 2831 1805 2885 Θεὸν

219 2927 319 2980 καὶ
346 2928 550 2998 αἰτήσῃ
595 2925 1157 2996 συγγνωμονεστέραν
1186 2924 1440 2992 γενέσθαι
1483 2924 1583 2995 τὴν
1611 2924 1802 2997 εὐχήν.

221 3016 298 3068 Οὐ
329 3019 674 3083 κατένευσεν,
704 3017 845 3072 ἀλλὰ
880 3018 975 3070 καλ⁸
1028 3015 1315 3070 κατελθεῖν
1346 3017 1426 3080 είς
1447 3015 1509 3069 τὸ
1555 3015 1806 3086 Μπαρὰκ

224 3107 318 3159 καὶ
343 3109 610 3174 ἐλαύνειν,
640 3111 746 3174 ἓως
778 3109 845 3165 ἂν
874 3109 1004 3181 ἔλθη
1033 3108 1162 3164 ἔνθα
1188 3103 1256 3178 ἦν
1282 3108 1570 3180 πρότερον.
1605 3109 1805 3164 Σκόπει

1900 2007 2243 2063 ἀπεϐάλλετο
2266 2010 2365 2081 τὴν
2413 1995 2620 2066 ἐαυτοῦ
2662 2011 2832 2082 ζωήν*
2885 2013 2914 2065 6
2947 2011 3049 2080 μὲν
3105 2009 3269 2062 Δαϐίδ
3319 2025 3486 2077 φησιν

1908 2117 1927 2151 ι
1947 2095 2014 2153 '0
2031 2097 2346 2154 ἐπιϐλέπων
2367 2102 2458 2154 ἐπὶ
2475 2101 2577 2171 τὴν
2595 2100 2700 2170 γῆν
2718 2102 2811 2155 καὶ
2831 2101 3001 2155 ποιῶν
3019 2099 3189 2170 αὐτὴν
3206 2099 3444 2168 τρέμειν.
3459 2116 3478 2148 ι

1885 2189 1974 2275 ⁸Ὀ
1991 2190 2048 2244 δέ
2069 2191 2340 2262 Μωάμεθ,
2364 2193 2463 2256 τὰς
2493 2193 2796 2262 ἀγγελικὰς
2820 2193 3002 2256 πάσας
3021 2190 3368 2262 ὐπεραναϐάς
3398 2190 3490 2243 δυ-

1902 2284 2122 2354 νάμεις,
2143 2286 2366 2355 άμὲσως
2391 2287 2469 2358 τῷ
2495 2286 2616 2357 Θεῷ
2637 2286 3026 2356 προσωμίλησε
3049 2284 3209 2355 365
3233 2287 3326 2338 καὶ
3349 2282 3495 2353 ὑπὲρ

1903 2375 2154 2444 ἀγγέλων
2207 2378 2302 2429 καὶ
2351 2377 2556 2441 παντὸς
2584 2375 2682 2430 τοῦ
2731 2375 2944 2445 κόσμου
2991 2375 3208 2444 δεήσεις
3261 2372 3490 2436 ἐποίησε

1905 2468 2002 2522 καὶ
2033 2469 2136 2540 τῆς
2163 2469 2332 2540 εὐχῆς
2372 2471 2473 2523 οὐκ
2503 2469 2798 2540 ἀπέτυχεν.
2846 2468 2989 2537 Ἐγὼ
3034 2467 3092 2521 δέ
3127 2465 3323 2536 ἁπορῶ
3372 2464 3493 2526 πῶς

1904 2559 2005 2614 οὐκ
2034 2560 2140 2630 ἐφη
2170 2560 2452 2631 τολμήσας
2484 2563 2513 2615 6
2558 2560 2801 2630 αὐθάδης
2840 2552 2997 2622 οὗτος
3025 2559 3118 2612 καὶ
3157 2555 3376 2622 ἀλαζὼν
3410 2555 3491 2608 ὅτι
3565 2543 3578 2556 ’

1906 2651 2174 2706 κατέλαϐε
2209 2653 2310 2723 τὴν
2337 2652 2432 2707 τοῦ
2477 2651 2616 2707 Θεοῦ
2667 2652 2833 2723 φύσιν
2863 2650 3056 2724 ὥσπερ
3110 2649 3272 2714 αὐτὸς
3302 2650 3330 2702 6
3357 2647 3493 2709 Θεὸς

1906 2741 2048 2798 οίδεν
2077 2747 2271 2816 αὐτήν.
2317 2746 2463 2800 Ἀλλ’
2491 2749 2520 2800 6
2568 2745 2844 2800 κατοικῶν
2879 2747 2937 2797 ἐν
2963 2743 3216 2812 οὐρανοῖς
3260 2738 3494 2808 ἐκγελάο

1909 2855 2064 2893 σεται
2093 2839 2258 2892 αὐτὸν
2281 2840 2377 2892 καὶ
2403 2839 2528 2902 τοὺς
2557 2838 2677 2909 μετ’
2703 2835 2894 2904 αὐτοῦ,
2923 2835 3018 2891 καὶ
3037 2836 3066 2890 6
3097 2834 3301 2905 Κύριος
3324 2835 3496 2902 ἐκμυ-

1909 2931 2132 3000 κτηριεῖ
2168 2931 2395 2996 αὐτούς.

1937 3039 1941 3042 ’
1983 3022 2108 3075 Ἐτι
2141 3020 2245 3076 οὐκ
2273 3021 2512 3092 ἠδύνατο
2546 3024 2576 3076 6
2620 3021 2760 3086 Θεὸς
2798 3021 3094 3090 γινώσκειν
3127 3019 3230 3087 τὴν
3257 3017 3492 3082 δύναμιν

1907 3111 2008 3166 τοῦ
2045 3111 2202 3179 λαοῦ,
2234 3112 2354 3167 ἀλλ’
2401 3112 2676 3182 ἐπέθηκεν
2721 3114 2822 3166 ἐπὶ
2865 3112 2960 3166 τὸν
2988 3110 3264 3183 τράχηλον
3312 3107 3493 3160 αὐτῶν

223 3224 329 3290 Qui
373 3223 541 3294 igitur
576 3225 739 3280 unius
761 3225 935 3294 angeli
964 3236 1326 3295 conspectum
1348 3240 1455 3280 non
1485 3223 1631 3287 tulit,
1663 3238 1800 3293 quo-
1831 3230 1874 3288 ο
1907 3222 2080 3281 disset
2109 3224 2162 3279 in
2191 3240 2316 3281 eum
2355 3227 2558 3291 locum,
2594 3226 2649 3280 in
2709 3239 2825 3294 quo
2858 3235 2983 3279 ante
3029 3224 3242 3280 fuisset.
3274 3221 3348 3276 En
3379 3223 3492 3292 jam

227 3315 395 3370 modo
426 3324 506 3369 tot
538 3317 859 3386 angelorum
892 3317 1241 3385 splendorem
1265 3325 1515 3387 spectare
1541 3316 1800 3386 potuerit,

221 3416 322 3462 aut
361 3407 682 3462 examinare
727 3420 783 3462 et
821 3408 1000 3464 metiri
1034 3415 1116 3463 tot
1147 3423 1340 3464 eorum
1373 3407 1555 3479 capita
1590 3417 1645 3462 et
1685 3423 1807 3478 quae

221 3502 282 3556 in
333 3499 528 3556 oribus
591 3514 783 3556 eorum
831 3502 1052 3557 inerant
1109 3501 1346 3572 linguas,
1385 3510 1442 3556 et
1467 3517 1596 3557 vero
1623 3501 1808 3558 varias

222 3593 636 3648 vicissitudines
670 3595 1144 3663 proprietatesque
1194 3594 1519 3665 hymnorum
1549 3594 1684 3648 Dci'?
1716 3593 1808 3646 At-

222 3688 373 3740 enini
432 3703 538 3740 non
577 3686 756 3740 solum
800 3686 1056 3741 Gabriele
1095 3686 1358 3755 majorem
1391 3701 1449 3741 se
1479 3702 1604 3740 esse
1653 3686 1808 3745 dic-it.

223 3783 320 3838 sed
377 3781 540 3834 etiam
602 3778 862 3833 omnibus
921 3779 1048 3841 illis,
1105 3778 1170 3830 ad
1225 3793 1366 3846 qttos
1415 3775 1662 3831 Gabricli
1697 3791 1804 3828 non

225 3873 446 3941 lmtebat
477 3871 682 3936 aditus,
725 3887 849 3926 cum
887 3869 935 3926 is
963 3878 1118 3924 tanto
1149 3869 1256 3924 illis
1289 3868 1521 3924 inferior
1553 3877 1723 3931 esset,
1753 3873 1814 3920 ιιι

224 3964 568 4020 Mobametes
619 3964 689 4018 ab
718 3979 785 4018 eo
821 3963 935 4028 alii,
965 3973 1021 4018 et
1049 3963 1117 4018 ab
1163 3963 1267 4018 hoc
1298 3977 1492 4017 rursus
1527 3960 1716 4025 tertio,
1756 3966 1814 4012 et

225 4059 312 4114 sic
355 4060 614 4127 deinceps
672 4057 902 4127 reliquis
952 4056 1282 4123 traderetur,
1327 4064 1383 4110 et
1423 4054 1498 4108 ita
1544 4053 1609 4108 ad
1643 4053 1810 4106 Deum

227 4153 462 4205 intraret
493 4160 546 4203 et
575 4164 697 4202 cum
731 4165 798 4204 eo
821 4144 1262 4218 colloqueretur:
1297 4147 1431 4217 quin
1466 4146 1579 4199 imo
1613 4161 1670 4197 se
1703 4160 1810 4197 non

224 4241 409 4295 solum
467 4239 728 4309 majorem
756 4253 876 4292 esse
907 4237 1138 4308 angelis,
1171 4237 1264 4291 sed
1295 4237 1460 4290 etiam
1490 4251 1587 4304 pro
1613 4233 1811 4288 iisdem

229 4341 517 4402 precatum
564 4346 688 4385 esse
710 4331 964 4384 aﬂirmat.
1017 4327 1226 4384 Omitto
1275 4327 1460 4381 dicere
1491 4326 1557 4380 dc
1614 4341 1815 4393 magno

229 4425 347 4485 illo,
378 4423 468 4494 qui
527 4421 696 4476 Deum
749 4422 909 4484 vidit,
949 4419 1155 4492 Moyse,
1215 4434 1382 4490 quem
1419 4434 1480 4473 se
1513 4418 1566 4472 in
1615 4428 1816 4486 quarto

228 4522 374 4575 coelo
421 4518 698 4574 invrnissc
739 4527 968 4584 narrat;
1026 4517 1205 4586 ipsum
1260 4524 1442 4570 autem
1478 4514 1643 4569 etiam
1674 4514 1814 4568 ultra

1914 3316 2258 3372 mendacium
2320 3317 2469 3372 omni
2529 3316 2749 3372 inscitia
2797 3316 3094 3387 repletum.
3150 3315 3321 3381 Quem
3377 3314 3495 3389 ipse

1913 3407 2246 3465 Mobametes
2290 3409 2672 3466 fabricatorem
2719 3408 2846 3464 cmli
2905 3419 2958 3464 et
2988 3418 3146 3464 terrae
3209 3423 3330 3462 esse
3361 3405 3496 3461 dicit

1917 3498 2114 3566 Deum,
2143 3516 2269 3557 eum
2291 3492 2621 3571 corporeum
2647 3518 2768 3558 esse
2799 3501 2896 3568 ait,
2916 3517 3023 3555 non
3060 3502 3444 3569 incorporeum
3477 3518 3492 3552 :

1917 3609 2042 3648 cum
2071 3602 2254 3648 tamen
2282 3609 2484 3649 numen
2515 3593 2758 3648 divinum
2789 3611 2896 3648 non
2934 3594 3133 3647 habeat
3162 3609 3364 3661 corpus
3395 3606 3498 3644 nec

1921 3683 2376 3753 magnitudinem,
2399 3699 2498 3739 nec
2521 3684 2690 3753 Iigura
2711 3684 2950 3738 describi
2974 3684 3164 3754 possit.
3201 3683 3278 3736 Ita
3302 3693 3484 3736 autem

1921 3783 2116 3828 natura
2148 3789 2246 3827 sua
2281 3784 2660 3843 comparatum
2699 3774 2912 3828 Numen
2942 3755 3218 3844 quomodo
3252 3773 3500 3840 partibus

1921 3865 2171 3920 constet?
2207 3864 2318 3919 Hoc
2341 3865 2485 3918 enim
2520 3867 2614 3934 qui
2646 3874 2874 3927 statuat,
2903 3865 3180 3934 quomodo
3212 3864 3352 3918 idem
3378 3880 3502 3917 esse

1922 3960 2303 4029 incorporeum
2329 3957 2508 4012 dicat?
2528 3959 2664 4012 Nam
2687 3959 3042 4028 quidcunque
3063 3959 3292 4028 liguram
3317 3958 3500 4021 habet,

1923 4047 2356 4118 magnitudinem
2415 4060 2470 4103 el
2527 4050 2792 4102 ambitum
2863 4051 3026 4104 habet
3082 4058 3136 4104 et
3195 4049 3502 4103 ιιεοιιεειιιὶυ

1923 4142 2160 4197 describi
2192 4149 2391 4210 potest.
2435 4141 2560 4195 "ch
2594 4153 2776 4196 autent
2809 4157 3074 4212 corporea
3112 4149 3262 4195 sunt.
3281 4139 3499 4208 Corpo-

1925 4237 2001 4290 ris
2049 4235 2413 4305 proprietates
2445 4244 2628 4288 autem
2685 4235 2962 4304 quomodo
2994 4233 3085 4303 qui
3123 4233 3358 4288 rationis
3394 4249 3502 4285 non

1924 4343 2124 4395 expers
2159 4337 2244 4382 cst
2275 4327 2328 4382 in
2377 4327 2617 4382 divinam
2656 4329 2806 4382 illam
2843 4337 2896 4382 et
2929 4328 3315 4396 inrorpoream
3350 4335 3508 4378 natu-

1925 4436 2042 4474 ram
2079 4421 2172 4476 Dei
2206 4421 2544 4476 transferat?
2574 4421 2922 4475 Abrahamus
2941 4419 3166 4490 quidem
3195 4418 3508 4488 patriarcha

1928 4513 1981 4568 in
2013 4525 2229 4567 vetusto
2273 4514 2367 4568 illo
2405 4515 2644 4568 adventu
2701 4513 2793 4569 Dei
2843 4523 3043 4568 terram
3099 4522 3154 4567 et
3182 4513 3419 4566 cinerem
3450 4529 3512 4567 se

205 4617 525 4686 °septimum
546 4613 868 4670 ascendisse
889 4623 940 4667 et
971 4611 1310 4682 processisse
1340 4626 1514 4679 usque
1541 4609 1606 4662 ad
1637 4609 1805 4663 Demn
1847 4607 1890 4664 ι)
1923 4605 2264 4660 existimarit
2323 4604 2760 4673 appellavitque,
2798 4613 2852 4657 et
2881 4619 3007 4656 cum
3041 4601 3249 4668 Daniel,
3285 4603 3408 4656 talis
3445 4617 3512 4655 ac

228 4722 469 4776 cumque
502 4721 570 4760 eo
599 4689 933 4759 collocutum
974 4717 1128 4765 esse;
1161 4701 1360 4756 deinde
1390 4701 1594 4754 exiisse
1630 4709 1682 4752 et
1713 4699 1800 4752 dc-

227 4798 512 4855 sceudisse
538 4795 602 4850 ad
623 4804 878 4864 quartum
907 4793 1132 4858 cadum,
1157 4803 1213 4846 ut
1236 4791 1818 4856 commemoravimus,

227 4900 286 4946 et
311 4889 636 4945 convenisse
685 4887 759 4941 ibi
830 4886 1091 4958 Mnysein,
1143 4885 1236 4953 qui
1300 4886 1403 4938 sibi
1458 4884 1728 4951 suaslrr'rt,
1764 4897 1824 4936 ut

231 4997 496 5039 reversus
528 4980 696 5035 Deum
723 4994 890 5050 super
931 4977 1133 5048 populo
1165 4985 1502 5046 precaretur,
1538 4978 1602 5028 ad
1636 4976 1824 5030 leran-

231 5077 364 5131 tlnm
400 5090 526 5130 eum
577 5074 859 5144 precibus,
890 5071 1092 5141 quippe
1128 5071 1194 5124 ad
1222 5083 1359 5140 quas
1391 5068 1677 5125 faciendas
1712 5084 1820 5123 non

230 5168 442 5223 valeret
491 5166 765 5238 populus;
825 5165 1034 5234 itaque,
1079 5163 1314 5233 probato
1348 5177 1414 5214 eo
1446 5161 1704 5225 consilio,
1755 5159 1823 5214 ad

235 5262 406 5316 Deum
429 5261 636 5317 redisse
656 5269 732 5321 et,
768 5259 836 5313 de
868 5274 930 5310 ea
964 5273 1021 5310 re
1047 5263 1354 5324 precatum,
1375 5253 1487 5307 voti
1510 5261 1821 5320 compotem

235 5352 442 5408 factum
458 5367 605 5414 esse,
633 5365 936 5421 precesque
968 5347 1290 5401 imminutus
1333 5361 1456 5400 esse
1492 5364 1505 5410 ;
1538 5361 1602 5398 ac
1637 5343 1825 5415 Moyse
1854 5391 1858 5394 ,

233 5445 418 5499 denuo
451 5451 702 5514 cogente,
741 5442 946 5494 redisse
991 5440 1057 5492 ad
1099 5433 1270 5490 Deum
1307 5444 1503 5504 quater
1531 5434 1818 5501 deinceps,

234 5551 568 5606 semperque
605 5533 775 5588 multo
810 5531 1088 5587 faciliores
1119 5529 1297 5583 factas
1355 5543 1479 5582 esse
1510 5540 1724 5596 preces.
1757 5531 1827 5578 At

235 5645 310 5686 ne
343 5630 423 5685 sic
457 5627 679 5698 quidem
731 5627 866 5681 satis
901 5623 1158 5680 habuisse
1191 5621 1430 5694 Moyscm
1461 5659 1475 5684 ,
1509 5621 1603 5674 sed
1635 5633 1828 5673 rursus

235 5723 508 5786 suasisse,
535 5731 597 5776 ut
622 5721 688 5776 ad
722 5719 888 5774 Deum
929 5718 1154 5783 rediret,
1195 5716 1260 5770 ad
1284 5713 1667 5769 remissionem
1697 5726 1828 5782 pre-

234 5834 366 5875 cum
392 5815 690 5888 rogandam
717 5813 928 5884 ;ipsutn
961 5822 1141 5866 autem
1176 5817 1283 5864 non
1307 5805 1685 5870 consensisse,
1731 5800 1827 5857 sed

239 5911 314 5968 ad
352 5910 524 5968 Barac
577 5908 928 5965 descendisse
959 5915 1013 5962 ct
1041 5914 1292 5962 avectam
1346 5916 1492 5970 esse,
1521 5899 1830 5955 doneerc-

1885 4708 1900 4728 ’
1929 4706 2115 4753 tantus
2139 4697 2242 4758 vir,
2265 4696 2519 4767 angelum
2548 4694 2779 4759 videret,
2803 4708 2956 4747 mens
2971 4692 3090 4761 cjns
3114 4694 3168 4746 in
3205 4691 3508 4761 perniciem

1923 4806 2080 4846 versa
2111 4799 2216 4857 est,
2241 4789 2347 4843 hoc
2386 4797 2472 4842 est
2519 4802 2626 4840 non
2663 4779 2895 4839 inultum
2925 4785 3136 4848 aberat,
3167 4783 3298 4853 quin
3335 4783 3504 4836 vitam

1925 4881 2217 4943 amitteret;
2241 4887 2407 4952 atque
2422 4875 2588 4930 David
2607 4874 2740 4929 dicit
2768 4891 2786 4925 ι
2823 4872 2915 4942 qui
2933 4879 3136 4926 terram
3161 4871 3429 4940 prospicit
3455 4878 3511 4923 et

1927 4971 2257 5028 trcmeiacit.
2293 4990 2310 5022 ι
2333 4969 2439 5024 Sed
2467 4967 2827 5031 Mohamctcs,
2853 4979 3047 5020 omnes
3071 4963 3343 5034 angelicas
3364 4963 3509 5015 vires

1927 5080 2218 5135 superans,
2264 5062 2485 5116 nemine
2511 5058 2908 5122 intercedente,
2939 5057 3110 5110 Deum
3151 5053 3428 5118 convenit,
3456 5062 3511 5108 ct

1928 5171 2095 5225 super
2125 5153 2333 5224 angelis
2364 5163 2420 5207 et
2445 5151 2711 5205 universo
2754 5147 2962 5203 mundo
2992 5160 3182 5217 preces
3207 5143 3360 5210 fecit,
3406 5159 3507 5197 nec

1927 5265 2036 5304 non
2067 5262 2294 5316 compos
2341 5244 2520 5299 factus
2551 5251 2635 5298 est
2668 5242 2803 5298 voti.
2837 5239 3102 5310 Equidem
3131 5237 3321 5301 miror,
3362 5237 3512 5306 quod

1928 5341 2178 5412 petulans
2209 5339 2313 5393 iste
2343 5335 2544 5392 nebulo
2576 5349 2684 5388 non
2715 5348 2884 5388 ausus
2921 5341 3008 5387 est
3051 5329 3349 5392 aﬂirmare,
3377 5341 3507 5398 per-

1929 5435 2178 5504 spexisse
2211 5448 2270 5488 se
2309 5431 2403 5485 Dei
2432 5437 2709 5493 naturam,
2748 5423 3212 5496 quemadmodum
3245 5436 3362 5474 eam
3397 5420 3514 5486 ipse

1931 5525 2077 5579 Deus
2106 5522 2344 5577 noverit.
2395 5517 2593 5574 Verum
2625 5517 2718 5587 qui
2754 5517 2807 5570 in
2835 5513 2996 5570 caelis
3027 5511 3263 5573 habitat,
3313 5507 3514 5562 irride-

1930 5620 2008 5674 hit
2038 5620 2220 5688 ipsum
2283 5626 2340 5670 et
2387 5611 2627 5667 asscclas
2675 5609 2795 5680 eius
2824 5646 2840 5674 ,
2907 5617 3072 5677 atque
3115 5603 3354 5659 ludibrio
3407 5613 3505 5658 eos

1933 5712 2152 5767 habebit
2183 5709 2467 5762 Dominus.
3153 5725 3162 5734 ς
3311 5701 3316 5707 ’

1933 5805 1944 5814 ’
2008 5803 2212 5857 Deinde
2257 5801 2400 5855 Deus
2443 5797 2726 5866 ignorabat
2795 5795 2936 5849 vires
2986 5790 3187 5862 populi,
3230 5788 3514 5855 legemque

1932 5891 2195 5964 imposuit
2242 5888 2439 5946 cervici
2486 5887 2626 5960 ejus,
2656 5885 2984 5959 quamierrc
3027 5899 3132 5938 non
3171 5885 3411 5953 possent.
3446 5875 3516 5930 At
