3986 6460
318 449 425 515 €53

1327 429 1800 511 'cttaoxtcou
1847 451 2109 514 unus.
2159 479 2222 487 -—
2275 452 2424 513 LIB.
2461 454 2560 514 tv.

3489 453 3600 520 ειςι

395 566 520 618 Ἔτι
553 563 581 616 6
629 561 790 625 αὐτὸς
823 561 1070 632 Μωάμεθ
1107 563 1242 631 φησὶ
1299 563 1429 632 περὶ
1471 560 1566 616 τοῦ
1619 564 1789 632 κορᾶν
1828 564 1910 616 ὅτι
1939 572 1988 623 Α
2014 583 2123 620 των
2146 567 2255 620 τῶν
2281 567 2472 620 κακῶν
2504 567 2735 636 ἔσχατον
2767 564 2862 621 καὶ
2913 568 3153 636 πρῶτον,
3188 567 3270 622 ὅτι
3304 569 3457 637 παρᾶ
3484 569 3602 620 ὃσξ-

320 658 500 722 οὓδεὶς
544 663 657 710 τῶν
705 655 1010 726 ἀνθρώπων
1037 655 1146 709 οὐδ’
1182 657 1348 718 αὐτὸς
1387 657 1416 708 6
1455 655 1705 725 Μωάμεο
1738 655 1902 723 γινώ-

322 767 445 804 σκει
479 751 581 820 τὴν
609 748 804 803 τούτου
841 750 1128 819 ἐξήγησιν,
1159 750 1328 820 ἀλλ’ἢ
1369 753 1531 819 μόνος
1560 753 1588 803 6
1613 751 1769 810 Θεός.
1794 753 1903 806 Καὶ

320 845 371 895 εξ
417 842 578 898 τοᾶό
641 843 793 895 ἐστιν
823 843 1071 912 ἀλήθεια,
1127 845 1259 896 ποία
1291 843 1444 896 ἐστὶν
1492 846 1523 913 ἡ
1579 845 1674 898 τοῦ
1732 845 1903 914 κορᾶν

317 931 601 1002 dieshic;
631 932 796 996 Ἴσως
841 934 950 1002 γὰρ
981 933 1154 996 οῦτως
1203 935 1439 1003 ἠδύνατο
1471 933 1778 1003 ὠφελῆσαι,
1828 932 1906 985 εἴ·

320 1042 432 1096 περ
488 1026 794 1094 ὲγίνωσκον
840 1028 908 1078 τὰ
950 1027 1100 1094 παρὰ
1148 1025 1284 1079 Θεοῦ
1334 1027 1641 1094 λεγόμεναι
1680 1025 1806 1077 ἐπεὶ
1858 1025 1904 1078 δ’

320 1117 490 1179 αὐτὸς
536 1121 564 1170 ὁ
598 1117 846 1187 Μωάμεθ
906 1118 1225 1188 εὑρίσκεται
1265 1120 1563 1190 μαρτυρῶν
1593 1121 1676 1174 ὅτι
1727 1118 1906 1181 οὐδεὶς

320 1208 436 1261 τῶν
464 1208 776 1278 ἀνθρώπων
815 1212 1083 1276 γινώσκει
1111 1212 1179 1266 τὰ
1211 1215 1268 1266 ὲν
1299 1213 1378 1282 τῷ
1410 1212 1578 1282 κορᾶν
1611 1211 1904 1280 λεγόμενα,

317 1299 408 1361 τίς
455 1302 489 1370 ἡ
521 1300 714 1354 τούτου
749 1302 1031 1371 ὠφέλειας
1082 1304 1312 1366 Πάντως
1364 1303 1613 1372 οὐδεμία.
1667 1304 1776 1355 Καὶ
1824 1301 1906 1364 τίς

322 1393 536 1462 μείζων
589 1393 726 1464 άλλη
775 1397 1052 1460 ἀπόδειξις
1101 1397 1184 1450 ὅτι
1233 1397 1334 1448 οὐκ
1365 1395 1514 1448 ἔστιν
1548 1395 1657 1450 ἀπὸ
1705 1393 1843 1447 Θεοῦ
1883 1395 1910 1447 ὁ

318 1486 482 1556 παρὰ
535 1487 629 1540 τοῦ
659 1488 908 1557 Μωάμεθ
960 1489 1141 1552 δοθεὶς
1184 1490 1386 1556 νόμος;
1442 1489 1516 1542 0.3
1549 1489 1658 1558 γὰρ
1689 1488 1754 1557 δὴ
1804 1505 1910 1557 μα·-

315 1581 496 1641 ταίως
533 1581 816 1650 νομοθετεί
839 1581 1035 1647 ὁΘεός.
1074 1581 1206 1635 ’ἰδοὺ
1239 1582 1422 1636 τοίνυν
1452 1581 1768 1650 καταφανές
1793 1582 1912 1633 ἐστι

314 1672 389 1724 τὸ
423 1673 616 1743 κορὰν,
651 1674 734 1727 ὅτι
765 1674 866 1727 οὐκ
897 1673 1046 1728 ἔστιν
1093 1676 1248 1744 παρὰ
1285 1675 1444 1740 Θεοῦ,
1481 1674 1622 1729 ἀλλὰ
1648 1675 1741 1727 καὶ
1775 1672 1911 1727 ἀνά-

314 1765 557 1835 πλασμά
585 1768 701 1820 ἐστι
725 1767 967 1830 διανοίας
1015 1769 1184 1821 αὑτοῦ
1219 1769 1314 1823 τοῦ
1348 1769 1766 1838 κακοδαίμονος.
1802 1768 1914 1821 Καὶ

311 1859 598 1929 πρόδηλον
625 1861 685 1929 ἐξ
737 1862 906 1914 αὐτοῦ
939 1865 1036 1916 τοῦ
1092 1865 1286 1933 κορὰν,
1319 1864 1402 1916 ὅτι
1447 1861 1572 1916 ιῦτε
1605 1866 1671 1932 τῇ
1702 1861 1915 1932 παλαιᾷ

2015 676 2176 728 μονος
2211 659 2430 727 ἐξεδόοη
2475 660 2537 712 τὸ
2561 659 2810 714 τοιοῦτον
2849 661 3040 730 κορὰν,
3090 659 3196 724 κᾶν
3227 661 3321 714 καὶ
3347 661 3439 714 τὸν
3469 661 3602 714 Θεέιν

2012 754 2393 819 διαϐάλλοντες
2425 755 2662 822 λέγωσιν
2693 757 2776 808 ὅτι
2809 756 2918 808 ἀπὸ
2952 756 3086 810 Θεοῦ
3121 755 3300 827 ἐδόθη.

2085 848 2369 915 Θαυμάζω
2403 849 2511 920 γάρ
2544 849 2720 916 ἔγωγε
2771 851 2864 902 καὶ
2905 850 3024 902 λίαν
3070 849 3448 917 ἐκπλήττομαι
3484 849 3602 909 πῶς

2015 939 2106 992 τὸν
2159 941 2400 1010 Χριστὸν
2432 941 2666 1008 ἀφέντες
2722 943 2771 994 oi
2821 941 3050 1003 τάλανες
3094 941 3472 1011 ἠκολούθησαν
3525 940 3604 1008 τῷ

2018 1033 2291 1100 Μωάμεθ.
2321 1034 2493 1099 Αὐτὸς
2520 1035 2617 1086 καὶ
2642 1035 2752 1101 γὰρ
2781 1037 2806 1087 ὁ
2837 1035 2931 1086 τοῦ
2960 1033 3211 1100 Μωάμεθ
3238 1035 3427 1101 νόμος,
3455 1032 3605 1084 τοῦτ’

2019 1121 2234 1175 ἔστιτὸ
2287 1126 2476 1192 κορᾶν.
2535 1125 2668 1177 αὐτὸ
2698 1124 2857 1178 τοῦτὸ
2888 1142 3057 1191 φησιν
3105 1124 3188 1176 ὅτι
3237 1124 3306 1176 δι’
3361 1122 3602 1192 ἀγγέλου

2020 1218 2389 1287 εὐηγγελίσθη
2419 1221 2486 1289 τῇ
2523 1221 2692 1289 μητρὶ
2742 1218 2839 1272 τοῦ
2870 1218 3050 1286 Ἰησοῦ
3099 1217 3194 1270 καὶ
3227 1218 3314 1271 διὰ
3351 1217 3607 1284 Πνεῦμα-

2020 1328 2111 1373 τος
2143 1312 2300 1379 ἁγίου
2330 1310 2571 1382 ἡγιάσθη
2625 1313 2720 1366 καὶ
2754 1316 2824 1384 τῇ
2869 1313 3104 1379 δυνάμει
3135 1311 3228 1365 τοῦ
3279 1311 3416 1364 Θεοῦ
3451 1328 3607 1362 συνεο-

2019 1405 2225 1472 λήφθη,
2259 1404 2374 1458 ἀλλ’
2403 1406 2466 1457 οὐ
2517 1404 2734 1472 φύσεως
2778 1408 3052 1478 ἐνεργείᾳ,
3089 1408 3185 1458 καὶ
3217 1407 3277 1458 ἐκ
3324 1404 3606 1474 παρθένου

2023 1495 2339 1566 ἁγιωτάτης
2374 1497 2470 1549 καὶ
2501 1495 2644 1566 ὑπὲρ
2667 1496 2848 1558 πάσας
2879 1498 2977 1560 τὰς
3005 1496 3174 1560 ἄλλας
3212 1497 3474 1562 γυναῖκας
3511 1513 3609 1545 κα-

2022 1591 2198 1659 θαρᾶς
2228 1588 2562 1658 γεννηθῆναι
2583 1605 2596 1619 °
2626 1590 2681 1641 ὲν
2707 1588 2817 1657 γὰρ
2846 1590 2923 1658 τῷ
2955 1589 3238 1658 κεφαλαίῳ
3262 1589 3339 1657 τῷ
3377 1586 3610 1640 Δίνεσάν

2025 1701 2194 1754 φησιν
2223 1699 2237 1713 ⁸
2316 1702 2334 1734 ι
2371 1677 2440 1735 Ὦ
2486 1683 2695 1752 ἑταῖροι
2741 1684 2840 1751 τῆς
2891 1682 3080 1751 βίϐλου
3144 1681 3312 1751 (τοῦτ’
3357 1680 3504 1732 ἔστιν
3559 1679 3610 1730 οἱ

2025 1772 2261 1842 πιστοὶ),
2325 1772 2402 1842 μὴ
2437 1773 2632 1841 λέγετε
2691 1773 2822 1841 περὶ
2865 1771 2961 1824 τοῦ
2999 1769 3138 1824 Θεοῦ
3180 1770 3318 1834 πλὴν
3356 1768 3453 1836 τῆς
3480 1767 3613 1836 ἁλη-

2026 1865 2199 1930 θείας,
2231 1865 2317 1918 ὅτι
2353 1866 2382 1918 6
2416 1864 2655 1934 Χριστὸς
2691 1862 2906 1932 Ἰησοῦς
2953 1863 3069 1926 υίός
3114 1865 3230 1915 ἐστι
3259 1860 3358 1930 τῆς
3389 1859 3611 1929 Μαρίας

309 1953 520 2025 Γραφῇ
558 1959 844 2025 συμφωνεί
903 1955 1029 2008 οὕτε
1058 1959 1124 2027 τῇ
1158 1958 1256 2027 νέᾳ
1290 1957 1560 2028 Διαθὴκῃ,
1612 1955 1792 2009 καίτοι
1839 1972 1903 2024 γε
1943 1956 1985 2011 Β
2021 1959 2116 2012 καὶ
2161 1957 2463 2020 ἀπόστολος
2509 1955 2648 2008 Θεοῦ
2697 1957 2794 2008 καὶ
2827 1955 2998 2023 Λόγος
3038 1953 3198 2014 Θεοῦ,
3238 1951 3297 2005 ὃν
3349 1952 3406 2002 ὲν
3466 1949 3606 2018 αὑτῇ

307 2045 724 2116 ὁμολογοῦντος
751 2048 845 2100 τοῦ
882 2049 1130 2117 Μωάμεο
1156 2049 1241 2102 ὅτι
1269 2049 1424 2116 ἆγιαι
1456 2048 1551 2100 καὶ
1585 2047 1752 2100 καλαί
1777 2047 1914 2099 είσιν

315 2141 385 2193 αε
417 2139 661 2210 Γραφαὶ,
697 2143 791 2193 καὶ
823 2142 902 2194 ὃτι
935 2140 1090 2194 οὐδέν
1120 2141 1262 2194 εἰσιν
1301 2142 1350 2194 oi
1375 2142 1588 2194 ἐκείνου
1622 2138 1916 2192 ἀκόλουθοι

320 2233 372 2283 εἰ
408 2231 485 2300 μὴ
514 2229 622 2298 πλη
635 2229 870 2302 ρὼσαιεν
904 2232 996 2285 τόν
1023 2249 1081 2284 τε
1127 2232 1293 2302 νόμον
1326 2231 1422 2286 καὶ
1446 2231 1507 2284 τὸ
1551 2231 1913 2299 Εὐαγγέλιον.

329 2325 457 2377 Ἔτι
489 2323 676 2393 σχεδὸν
704 2325 772 2378 δι’
809 2326 932 2378 ὅλου
969 2326 1136 2388 αὐτὸς
1180 2325 1366 2392 ἑαυτῷ
1395 2327 1542 2380 ἐστιν
1583 2325 1913 2392 ἀντιλέγων.

329 2418 456 2470 Ἔτι
488 2417 641 2471 οὐδὲν
678 2415 864 2488 θαῦμα
891 2419 1154 2489 ἐποίησεν
1187 2422 1266 2482 είς
1311 2419 1582 2472 πίστωσιν
1612 2417 1725 2470 τῶν
1756 2417 1916 2484 λεγο-

329 2509 532 2578 μένων.
583 2509 703 2564 Ἔτι
755 2511 1172 2580 ὁμολογούμενα
1215 2511 1388 2584 ψεύδη
1446 2511 1716 2582 περιέχει,
1775 2510 1915 2581 ὅπερ

326 2602 449 2655 ἐστὶ
473 2601 570 2656 τοῦ
618 2602 754 2656 Θεοῦ
789 2603 1092 2673 ιάλλότριον
1145 2603 1351 2674 πάντη.
1390 2604 1513 2658 Ἔτι
1569 2603 1746 2676 βίαιόν
1798 2605 1918 2657 ἐστι

326 2693 428 2746 καὶ
457 2694 720 2750 καταλύει
756 2697 820 2748 τὸ
843 2696 1217 2764 αὐτεξούσιον,
1249 2699 1388 2768 ὅπερ
1413 2698 1536 2752 οὐδέ
1570 2714 1704 2752 ποτε
1733 2699 1760 2751 6
1782 2696 1918 2762 Θεὸς

325 2787 651 2859 ἀνέτρεψεν.
693 2791 816 2844 Ἔτι
868 2791 1152 2854 παντελῶς
1203 2793 1354 2845 ἐστιν
1409 2790 1672 2855 ἄτακτον,
1723 2793 1820 2846 καὶ
1855 2790 1920 2844 τὸ

323 2881 570 2936 ἄτακτον
605 2882 823 2952 μακράν
853 2884 966 2936 ἔστι
999 2883 1094 2938 τοῦ
1127 2884 1262 2937 Θεοῦ
1283 2905 1297 2914 ·
1331 2885 1390 2937 οὐ
1418 2885 1526 2956 γάρ
1553 2886 1700 2938 ἐστιν
1730 2887 1758 2937 6
1785 2883 1919 2948 Θεὸς

323 2974 561 3038 ἀταξίας
618 2974 773 3038 Θεός.
827 2977 949 3029 Ἔτι
1009 2976 1248 3044 πονηρὸν
1281 2977 1444 3047 373
1503 2977 1868 3045 ἀναφαίνεται
1894 2977 1917 3010 ὀ

325 3065 430 3118 καὶ
466 3068 584 3131 πῶς
618 3068 726 3121 ἀπὸ
765 3067 860 3122 τοῦ
891 3067 1030 3122 Θεοῦ
1079 3067 1178 3121 τοῦ
1211 3068 1394 3137 πάσης
1440 3067 1703 3121 ἐπέκεινα
1753 3067 1921 3120 εὐθύ·

321 3175 498 3226 τητος
538 3160 629 3212 καὶ
663 3148 1007 3228 άπλότητοςς
1045 3160 1167 3212 Ἔτι
1191 3143 1593 3230 πεπλασμένας
1621 3159 1720 3212 καὶ
1758 3175 1923 3228 τερα-

321 3250 524 3315 τώδεις
559 3251 793 3322 θεωρίας
833 3253 1082 3324 περιέχει
1106 3268 1121 3284 ⁸
1155 3253 1248 3306 καὶ
1297 3254 1418 3315 πῶς
1449 3251 1609 3305 τοῦτο
1641 3253 1751 3323 ἀπὸ
1779 3250 1918 3304 Θεοῦ
1949 3300 1991 3324 η

324 3342 424 3398 τοῦ
459 3343 689 3414 ποιητοῦ
728 3343 826 3398 καὶ
856 3345 1085 3416 δοτῆρος
1119 3345 1221 3414 τῆς
1251 3343 1546 3415 άληθείαςς
1579 3343 1664 3398 Τὸ.
1691 3344 1750 3397 δὲ
1782 3344 1923 3398 πάν-

401 3531 553 3586 idetn
590 3528 932 3584 Mohametes
968 3528 1226 3594 aﬂirmat,
1259 3527 1536 3584 Coraneut
1570 3526 1783 3582 nullutu
1819 3529 1922 3582 ho-

327 3623 539 3680 minem
575 3621 937 3690 interpretari
983 3635 1168 3689 posse,
1205 3635 1275 3673 ne
1328 3620 1510 3689 ipsum
1551 3617 1920 3672 Mohametent

267 3782 270 3784 γ
323 3715 581 3788 quidem.
620 3714 713 3768 sed
744 3712 921 3767 solum
954 3713 1146 3766 Deum.
1175 3711 1330 3778 Quod
1363 3713 1407 3766 si
1436 3727 1626 3764 verum
1658 3720 1762 3774 est,
1799 3723 1924 3778 qua:

324 3811 554 3866 tandem
602 3795 946 3860 est'utilitas
974 3802 1252 3858 Coranis?
1285 3801 1544 3857 FortaSse
1595 3800 1747 3854 utilis
1799 3812 1923 3854 esse

319 3906 544 3972 posset,
577 3897 622 3950 si
653 3895 1027 3966 intelligerent
1055 3893 1312 3950 hemiues
1349 3909 1378 3946 a
1414 3893 1523 3946 Deo
1557 3891 1796 3955 tradita;
1824 3889 1919 3946 sed

314 4011 461 4050 eum
489 3989 830 4045 Multametes
860 3989 1260 4058 ipse_testetur,
1290 3987 1500 4041 nullum
1527 3985 1807 4044 hominem
1839 3985 1923 4038 in-

323 4088 614 4155 telligere,
637 4101 762 4153 qua:
787 4086 840 4136 in
869 4083 1083 4137 Corane
1117 4082 1441 4144 doceantur,
1465 4093 1718 4151 quienant
1749 4079 1921 4148 possit

323 4182 493 4249 istius
546 4178 754 4231 utilitas
778 4174 943 4230 esse?
981 4172 1234 4227 Profecto
1261 4171 1435 4226 .nulla
1475 4169 1729 4226 omnino.
1764 4169 1920 4236 Quod

320 4282 517 4328 autem
561 4269 782 4339 gravius
837 4267 1234 4321 documentum
1293 4272 1399 4328 est,
1456 4277 1568 4332 quo
1629 4261 1918 4328 probetur,

321 4363 502 4419 Deum
542 4375 647 4414 non
690 4375 812 4414 esse
845 4359 978 4427 legis
999 4372 1028 4410 a
1055 4355 1359 4410 Multamete
1388 4353 1703 4408 constitqu
1732 4361 1922 4406 aucto-

316 4473 441 4513 rem
464 4455 490 4507 ?
531 4450 718 4522 Neque
743 4452 890 4506 enim
941 4448 1318 4520 nequidquam
1357 4446 1503 4500 Deus
1539 4445 1685 4515 leges
1716 4444 1916 4500 sancit.

317 4547 685 4606 Manifestum
732 4555 820 4601 est
852 4546 1040 4614 igitur,
1070 4542 1350 4598 Gut-auem
1398 4557 1508 4597 non
1557 4557 1683 4598 esse
1731 4559 1763 4598 a
1806 4541 1918 4596 Deo

2019 2053 2184 2122 ἔθηκε
2228 2051 2317 2104 διὰ
2349 2051 2672 2118 Πνεῦματος
2703 2050 2800 2103 τοῦ
2843 2049 3021 2116 ἁγίου.
3065 2067 3084 2099 ι
3122 2048 3255 2100 Ἰδοὺ
3296 2045 3429 2113 γοῦν
3477 2042 3612 2094 θεὸν

2019 2144 2298 2213 ὀνομάσας
2349 2142 2445 2198 καὶ
2499 2142 2675 2210 Λόγον
2714 2141 2850 2194 Θεοῦ
2903 2141 2997 2194 καὶ
3032 2139 3257 2206 Πνεῦμα
3306 2122 3464 2202 ἄτιον
3512 2135 3613 2204 τὴν

2019 2237 2470 2310 τρισυπόστατον
2510 2233 2719 2306 Τριάδα
2745 2237 2772 2288 6
2806 2233 2990 2298 ἄθλιος
3021 2233 3120 2285 οὐκ
3146 2232 3326 2302 ἤνοιξε
3357 2231 3482 2290 τοὺς
3515 2232 3612 2296 τῆς

2018 2330 2200 2400 ψυχῆς
2223 2327 2544 2398 ὀφθαλμοὺς
2575 2328 2704 2380 ἰδεῖν
2729 2327 2790 2380 τὸ
2822 2326 2939 2394 φῶς
2977 2325 3077 2394 τῆς
3113 2325 3363 2395 Τριάδος.
3404 2323 3509 2373 Καὶ
3540 2323 3616 2372 εἰ·

2021 2424 2194 2486 κὸτως
2221 2441 2235 2456 ο
2279 2423 2471 2488 ὥσπερ
2502 2421 2612 2490 γὰρ
2644 2424 2713 2475 τὰ
2737 2422 2795 2473 ἐν
2822 2423 2887 2490 τῇ
2939 2419 3122 2490 κοιλίᾳ
3149 2418 3248 2484 τῆς
3282 2415 3492 2486 μητρὸς
3525 2414 3616 2464 εὐ-

2024 2515 2324 2586 ρισκόμενα
2353 2512 2519 2586 374
2542 2512 2761 2582 ἔμϐρυα
2787 2511 2894 2581 πρὸ
2937 2512 3036 2581 τῆς
3068 2509 3378 2578 γεννήσεως
3428 2505 3614 2558 αὐτῶν

2023 2608 2174 2679 ζωὴν
2207 2608 2307 2678 μὲν
2336 2609 2575 2678 ἔχουσιν,
2603 2604 2864 2674 ἀνωφελῆ
2889 2605 2946 2657 δὲ
2975 2605 3071 2657 καὶ
3097 2602 3352 2670 ἀνόητον,
3387 2603 3479 2653 καὶ
3506 2601 3614 2667 eu-

2023 2704 2126 2776 χὴν
2160 2703 2238 2774 μὴ
2268 2703 2580 2772 δυναμένην
2607 2700 2887 2769 διακρῖναι
2912 2699 2973 2752 τὸ
3009 2700 3260 2768 κρεῖττον
3283 2693 3378 2748 τοῦ
3426 2693 3614 2763 χείρο·

2025 2816 2136 2862 νος,
2170 2798 2204 2868 ἦ
2242 2797 2398 2868 παρὰ
2426 2796 2620 2867 καιρὸν
2649 2793 2982 2863 γεννηθέντα
3000 2789 3102 2844 οῦκ
3129 2794 3268 2843 εἰσιν
3304 2788 3611 2855 ἄνθρωποι,

2024 2891 2144 2947 ἀλλ’
2201 2890 2535 2963 ὲκτρὼματα
2589 2889 2688 2942 καὶ
2743 2886 3112 2955 ἁμὸλώματα,
3171 2881 3314 2936 οὕτω
3372 2881 3468 2932 καὶ
3505 2879 3610 2938 πᾶς

2025 2979 2231 3052 ἀσεϐὴς
2266 2982 2295 3033 6
2341 2980 2418 3050 μὴ
2456 2978 2853 3047 άναγεννηθεὶς
2901 2975 2970 3030 δι’
3001 2972 3195 3036 ὕδατος
3225 2973 3321 3025 καὶ
3371 2969 3614 3035 πνεῦμα·
3667 3017 3671 3022 .

2025 3090 2138 3140 τος,
2181 3070 2329 3126 τοῦτ’
2357 3063 2481 3125 ἔστι
2511 3070 2599 3123 διὰ
2637 3068 2732 3123 τοῦ
2775 3068 2934 3137 ἁγίου
2970 3066 3374 3138 βαπτίσματος.
3412 3062 3474 3113 οὐ
3524 3059 3617 3111 δύ-

2023 3185 2190 3222 ναται
2225 3166 2357 3220 ίδεῖν
2389 3165 2452 3218 τὸ
2493 3165 2750 3232 οὐράνιον
2793 3162 2907 3232 φῶς
2943 3161 3040 3216 καὶ
3069 3157 3173 3230 τὴν
3215 3158 3314 3228 τῆς
3349 3154 3614 3224 ἀληθείαις

2027 3257 2351 3325 ἒπίγνωσιν,
2409 3257 2501 3308 καὶ
2549 3254 2639 3308 διὰ
2675 3253 2837 3306 τοῦτο
2892 3251 3072 3322 μύσας
3117 3249 3248 3312 τοὺς
3283 3248 3385 3312 τῆς
3433 3244 3614 3315 ψυχῆς

2028 3345 2198 3402 αὑτοῦ
2230 3344 2546 3416 ὀφθαλμοὺς
2577 3347 2605 3398 6
2645 3344 2880 3414 μάταιος
2923 3339 3199 3402 σκοτεινὸς
3242 3331 3612 3401 ἐναπελείφθη

2026 3528 2329 3584 contineat.
2351 3541 2474 3580 cum
2502 3526 2644 3580 Deus
2668 3525 2740 3578 sit
2763 3522 2942 3580 omnis
2965 3519 3212 3575 veritatis
3237 3527 3450 3572 auctor.
3469 3512 3618 3579 Quo-

2027 3637 2148 3676 ruut
2185 3621 2448 3673 malorum
2482 3620 2728 3672 omnium
2767 3617 3002 3686 primum
3048 3623 3100 3666 et
3133 3620 3471 3681 postiemum
3506 3613 3612 3666 est.

2025 3713 2170 3782 quod
2201 3727 2231 3765 a
2257 3713 2508 3765 daemone
2551 3710 2732 3763 editus
2751 3718 2835 3762 est
2854 3723 3020 3762 eoran
3049 3705 3174 3763 iste.
3209 3698 3463 3770 quarm-is
3486 3713 3616 3751 eum

2024 3820 2054 3859 a
2091 3805 2201 3859 Deo
2227 3803 2432 3858 editum
2458 3817 2580 3857 esse
2615 3802 2794 3856 dicant
2825 3801 2992 3853 Deum
3032 3797 3460 3852 calumniantes.

2095 3895 2266 3949 Miror
2288 3895 2540 3962 equidem
2562 3903 2616 3948 et
2639 3893 2930 3947 admodum
2957 3902 3172 3960 stupeo,
3198 3887 3367 3958 quo-l,
3390 3872 3638 3940 Christo'

2025 3989 2238 4052 relicto,
2273 3987 2460 4042 miseri
2515 3986 2605 4041 isti
2635 3985 2994 4039 Mohametetn
3029 3984 3201 4039 secuti
3236 3983 3369 4038 sint.
3406 3980 3460 4034 In
3497 3981 3613 4046 ipsa

2022 4082 2169 4136 enim
2193 4081 2517 4136 Moltatnetis
2540 4079 2680 4149 lege,
2705 4078 2812 4134 hoc
2836 4090 2918 4133 est
2942 4078 3163 4133 Corane
3179 4077 3424 4138 docetur,
3450 4073 3613 4127 Chri—

2023 4180 2171 4227 stunt
2218 4189 2311 4242 per
2341 4170 2594 4240 angelum
2637 4171 2790 4224 Matri
2835 4168 2962 4224 Jrsu
3006 4165 3458 4236 praznuutiatum,
3513 4178 3612 4232 per

2022 4262 2284 4334 Spiritum
2321 4277 2570 4318 sanetum
2603 4262 3029 4326 sanctiﬁcatum,
3060 4259 3110 4312 vi
3136 4258 3344 4318 divina,
3382 4272 3490 4309 non
3515 4273 3615 4310 ua-

2025 4358 2207 4419 turali,
2243 4363 2589 4424 coneeptum,
2623 4362 2678 4407 et
2705 4369 2734 4407 e
2767 4353 2975 4418 virgine
3009 4349 3361 4404 sanctissima
3400 4358 3452 4402 et
3498 4364 3609 4419 pt'tc

2020 4449 2278 4503 omnibus
2310 4447 2530 4502 l‘etninis
2569 4461 2700 4516 pura
2734 4453 2921 4500 natum
2962 4459 3105 4498 esse.
3140 4443 3332 4512 Capite
3368 4440 3612 4517 {Enesan
3654 4453 3656 4456 '

2021 4543 2166 4598 enim
2224 4543 2395 4596 dicit:
2437 4559 2456 4592 t
2487 4540 2634 4597 Socii
2680 4537 2980 4608 Scriptum
3033 4539 3181 4606 (hoc
3219 4546 3325 4600 est,
3362 4535 3613 4594 ﬁdeles).

314 4638 841 4713 repetendum,'sed
875 4637 1062 4706 potius
1107 4651 1247 4705 opus
1282 4633 1569 4705 sapientia:
1605 4635 1781 4704 ipsius
1817 4633 1919 4690 Sa-
1953 4649 1995 4704 ι)
2026 4651 2094 4690 ne
2127 4635 2323 4690 dicatis
2355 4634 2457 4688 nisi
2493 4648 2680 4687 verum
2712 4634 2779 4686 de
2815 4618 2945 4694 Deo,
2994 4629 3182 4686 Jesum
3219 4629 3496 4683 Christum
3526 4627 3613 4680 Fi-

313 4747 466 4793 tame
503 4746 671 4795 esse;
703 4740 869 4798 atque
912 4745 976 4784 ex
1025 4729 1143 4799 ipso
1186 4743 1391 4784 corane
1423 4729 1769 4797 perspicuum
1807 4739 1913 4790 est.

311 4844 444 4884 cum
479 4838 583 4879 nec
616 4839 740 4878 cum
786 4831 973 4876 vetere
1004 4819 1313 4890 Scriptura,
1353 4836 1456 4876 nec
1476 4837 1603 4876 cum
1636 4820 1791 4876 Novo
1811 4819 1920 4877 'l‘e-

310 4924 600 4976 stamento
631 4929 959 4979 congruere,
999 4927 1123 4967 cum
1162 4921 1345 4966 tamen
1378 4914 1694 4969 consentiat.
1727 4915 1918 4971 [dolia-

309 5017 522 5071 metes,
562 5019 656 5060 eas
687 5002 925 5057 Litteras
961 5016 1149 5056 sacras
1197 5009 1253 5055 et
1297 5001 1557 5079 pulchras
1610 5020 1757 5067 esse,
1814 5017 1916 5057 nec

309 5101 620 5172 quid-tuam
649 5111 811 5165 agere
832 5094 1070 5149 asseclas
1100 5109 1251 5159 suos,
1277 5093 1383 5149 nisi
1410 5095 1510 5163 legi
1536 5104 1590 5149 et
1615 5093 1915 5164 Evangelio

309 5190 688 5248 satisfaciant.
723 5174 966 5252 Accedit,
1002 5195 1061 5239 ut
1093 5201 1231 5255 pene
1271 5186 1448 5242 ubivis
1479 5186 1582 5241 sibi
1611 5194 1916 5256 repugnet;

309 5297 373 5340 ut
422 5283 639 5338 nullout
682 5281 1008 5342 miraculum
1050 5282 1282 5335 ediderit
1327 5283 1393 5336 ad
1430 5280 1592 5334 ﬁdem
1630 5281 1792 5336 dictis
1821 5296 1916 5351 pa-

309 5375 550 5430 randam
579 5388 594 5438 ;
623 5381 683 5426 ut
709 5371 844 5427 liber
867 5373 972 5426 iste
993 5371 1282 5426 manifesta
1309 5370 1593 5426 mendacia
1618 5373 1914 5437 contineat,

308 5469 364 5522 id
403 5465 558 5535 quod
600 5480 630 5518 a
666 5464 773 5520 Deo
805 5481 1032 5536 prorsus
1087 5465 1328 5520 alienum
1378 5473 1504 5530 est;
1548 5478 1606 5521 ut
1635 5467 1913 5522 violentus

310 5561 388 5616 sit
417 5567 475 5612 et
504 5558 807 5623 libertatem
857 5559 1031 5624 tollat,
1065 5575 1225 5628 quant
1265 5559 1408 5615 Deus
1441 5575 1726 5630 nunquam
1757 5574 1912 5614 ever-

313 5655 425 5718 tit;
459 5657 523 5705 ut
573 5651 1003 5720 perturbationis
1039 5652 1233 5721 plenus
1255 5652 1344 5717 sit,
1381 5668 1506 5720 quae
1545 5667 1575 5706 a
1613 5652 1722 5707 Deo
1755 5653 1914 5721 longe

307 5748 493 5808 abest,
533 5745 976 5815 quandoquidem
1015 5745 1161 5800 Deus
1199 5762 1306 5798 non
1346 5759 1425 5800 est
1476 5747 1913 5817 perturbationis

297 5837 496 5892 Deus:
543 5848 602 5891 ut
641 5852 838 5907 pravus
873 5841 966 5903 sit,
1011 5853 1135 5892 cum
1163 5839 1308 5893 Deus
1347 5840 1499 5894 omni
1537 5842 1609 5896 sit
1650 5843 1911 5912 aequitate

303 5941 359 5987 et
392 5928 523 5995 iusti
545 5931 616 5986 tia
651 5931 942 5997 superior;
975 5941 1029 5986 ut
1063 5932 1256 5988 itinera
1287 5932 1479 5989 ﬁctilia
1507 5944 1560 5990 ct
1594 5936 1910 6001 prodigiosa

2023 4729 2153 4783 lium
2186 4727 2369 4782 Maria:
2401 4735 2453 4781 et
2484 4725 2722 4792 legatum
2773 4732 2825 4777 et
2859 4722 3097 4778 Verbum
3134 4721 3228 4776 Dei
3261 4736 3403 4781 esse.
3439 4737 3602 4790 quem

2022 4823 2075 4877 in
2109 4839 2171 4879 ea
2203 4818 2620 4886 collocavit-per
2651 4814 2916 4882 Spiritum
2942 4825 3216 4869 sanctum.
3243 4833 3262 4866 ›
3299 4815 3488 4882 Itaque
3510 4814 3614 4866 tui-

2023 4933 2111 4972 ser
2141 4916 2268 4978 iste,
2320 4927 2444 4967 cum
2485 4912 2652 4965 Dettm
2694 4907 2993 4978 appellaret
3047 4917 3100 4962 et
3130 4904 3371 4960 Verbum
3430 4905 3522 4961 Dei
3557 4919 3612 4962 et

2023 5009 2287 5080 Spiritum
2341 5013 2617 5066 sanctum,
2669 5003 2772 5057 hoc
2807 5011 2893 5056 est
2939 5010 3185 5055 sanctam
3259 4999 3610 5064 Trinitatem,

2023 5116 2129 5153 non
2161 5095 2377 5166 aperuit
2408 5103 2589 5147 tamen
2627 5092 2822 5146 oculos
2857 5091 3054 5144 mentis
3091 5091 3155 5144 ad
3191 5089 3490 5144 videndum
3521 5091 3610 5144 lu-

2025 5209 2146 5245 men
2179 5187 2491 5243 Trinitatis.
2517 5184 2786 5240 Nimirum
2821 5184 2968 5240 sicut
3006 5185 3058 5239 itt
3087 5193 3275 5239 ventre
3309 5183 3500 5238 matris
3533 5183 3612 5237 fe-

2024 5295 2110 5339 tus
2160 5279 2437 5334 immaturi
2489 5277 2654 5331 vitam
2697 5277 2940 5348 quidem,
2985 5277 3079 5331 sed
3127 5275 3375 5330 inutilem
3429 5286 3482 5330 et
3521 5276 3608 5330 sui

2021 5374 2288 5433 nesciam,
2317 5382 2480 5440 atque
2511 5384 2772 5436 mentem,
2811 5380 2995 5425 utrum
3036 5368 3253 5435 tttelitts,
3297 5377 3478 5422 utrum
3512 5382 3607 5431 pe-

2015 5468 2109 5539 jus
2138 5470 2231 5531 sit,
2265 5482 2370 5519 non
2401 5466 2804 5520 discernentem
2837 5465 3058 5531 habent,
3093 5472 3209 5529 aut,
3238 5471 3366 5516 ante
3389 5474 3607 5536 tempus

2021 5562 2178 5625 editi,
2207 5575 2314 5613 nou
2341 5558 2612 5621 homines,
2641 5557 2734 5628 sed
2762 5570 2951 5627 partus
2973 5556 3321 5627 pra-sposteri
3345 5554 3426 5608 vel
3447 5554 3610 5606 abor-

2020 5665 2108 5708 tus
2144 5662 2297 5714 sunt,
2331 5652 2406 5705 ita
2457 5651 2706 5720 quisquis
2743 5651 2948 5719 impius
2987 5667 3082 5720 per
3112 5665 3310 5718 aquam
3355 5657 3410 5701 et
3437 5646 3607 5714 spiri-

2020 5755 2160 5808 tum,
2207 5746 2310 5797 ltoe
2349 5752 2435 5797 est
2474 5757 2724 5798 sanctum
2759 5743 3054 5812 baptisma,
3084 5757 3191 5795 non
3229 5748 3601 5809 regeneratus,

2020 5841 2248 5894 etelcste
2302 5839 2490 5894 lumen
2529 5849 2583 5892 et
2637 5837 2923 5891 veritatem
2975 5835 3221 5904 aspicere
3277 5834 3511 5904 nequit;
3547 5842 3603 5889 et

2017 5935 2322 6002 propterea,
2359 5934 2564 5991 clausis
2591 5931 2768 5990 oculis
2803 5929 3028 5996 mentis,
3065 5929 3264 5985 nebulo
3295 5929 3400 5986 Este
3433 5941 3606 5985 occa-
