3986 6442
253 354 411 433 ῙὋΞλ,

1275 370 1731 435 CHRONICON
1761 371 2030 436 MAJUS.
2064 397 2138 414 -
2191 380 2340 445 LIB.
2391 384 2491 443 IV.

3361 376 3420 441 te
3441 356 3499 440 ut

250 472 570 566 δσταυρὼθη
594 476 690 531 καὶ
715 478 794 533 ὅτι
821 480 994 566 ἐτάφη
1024 485 1119 538 καὶ
1135 485 1217 540 ὅτι
1248 461 1545 557 ἐγήγερται
1571 488 1637 557 τῇ
1668 487 1824 558 τρίτῃ
1856 495 1903 551 Α
1934 489 2032 558 μὲν
2059 487 2153 546 οὖν
2189 494 2394 564 Κύριος
2428 495 2568 565 μετὰ
2612 495 2672 549 τὸ
2723 496 2952 566 λαλῆσαι
3004 498 3185 559 αὐτοῖς
3219 495 3496 566 ἀνελήφθη

250 563 433 636 ἡμέρᾳ
462 570 599 623 κατὰ
624 572 722 635 τὰς
751 563 991 644 Γραφᾶς,
1030 597 1049 629 »

323 660 435 714 Καὶ
489 666 760 721 παθόντα
812 672 911 723 καὶ
971 675 1256 743 ταφέντα.
1302 673 1604 739 Μωῦσέως,
1645 691 1664 725 ι
1720 674 1830 726 Καὶ

249 749 400 802 ἔσται
439 753 470 822 ή
504 753 615 822 ζωή
670 774 766 812 σου
814 765 1140 834 κρεμαμένη
1188 765 1449 818 ἀπέναντι
1483 764 1593 816 τῶν
1630 762 1829 832 ὀφθαλ-

226 840 372 909 ’μῶν
401 860 516 897 σου.
567 865 585 895 »
648 847 899 915 Ἡσαΐου,
951 873 969 904 «
1016 854 1103 918 Ὠς
1144 855 1417 924 πρόϐατον
1464 855 1557 908 ἐπὶ
1613 853 1830 924 σφαγὴν

248 931 413 1002 ἤχθη.
451 952 470 985 ³
512 937 627 1002 Kal;
657 955 678 990 ο
710 938 813 995 Τὸν
833 944 1001 998 νῶτόν
1036 964 1139 1015 μου
1162 947 1342 1000 ἔδωκα
1368 949 1448 1009 εὶς
1482 946 1774 1017 μάστιγας.
1804 964 1823 996 »

248 1026 488 1103 Aa616,_t
529 1031 652 1085 ’Ότι
700 1033 812 1101 ἐγὼ
864 1038 945 1100 είς
990 1038 1265 1106 μάστιγας
1316 1040 1556 1110 ἕτοιμος.
1600 1039 1828 1109 ρΖαχα·

250 1120 394 1195 ρίου,
435 1141 453 1174 «
489 1122 555 1177 Τί
600 1125 655 1178 αἱ
700 1127 911 1196 πληγαὶ
956 1125 1115 1185 αὗται
1170 1133 1443 1202 ἀναμέσον
1482 1134 1595 1186 τῶν
1625 1132 1830 1204 χειρῶν

252 1229 382 1279 σονς
424 1215 517 1267 καὶ
550 1218 668 1287 ἐρεῖ
698 1218 762 1283 ἃς
814 1222 1061 1293 ἐπλήγην
1091 1224 1149 1276 ἐν
1178 1224 1255 1294 τῷ
1286 1224 1421 1295 οἴκῳ
1454 1224 1532 1295 τῷ
1560 1217 1831 1292 ἀγαπητῷ

254 1319 377 1372 μου.
422 1323 441 1356 »
484 1305 839 1378 Εὐαγγελίου,
875 1331 893 1363 «
952 1313 1076 1367 Ὅτι
1120 1315 1228 1368 ἔδει
1274 1315 1447 1379 οὓτως
1498 1317 1691 1370 παθεῖν
1739 1316 1830 1367 τὸν

248 1393 490 1465 Χριστὸν
520 1399 615 1452 καὶ
650 1402 916 1457 εἰσελθεῖν
943 1406 1022 1467 είς
1063 1409 1159 1476 τὴν
1181 1406 1341 1472 δόξαν
1372 1406 1564 1462 αὐτοῦ.
1602 1427 1621 1460 »
1656 1407 1833 1475 Εὐαγ-

250 1489 461 1558 γελίου,
501 1508 521 1541 «
568 1491 678 1545 Καὶ
728 1493 908 1549 λαϐὼν
947 1498 1008 1550 τὸ
1067 1499 1228 1567 σῶμα
1285 1501 1312 1552 6
1346 1499 1543 1569 Ἰωσὴφ
1593 1499 1832 1565 ὲτύλιξεν

251 1579 386 1633 αὐτὸ
425 1581 625 1635 σινδόνι
669 1583 913 1656 καθαρᾷ,
948 1588 1043 1640 καὶ
1075 1589 1271 1657 ἔθηκεν
1306 1577 1439 1643 αὐτὸ
1481 1590 1540 1641 ἐν
1573 1588 1830 1660 μνημείῳ

253 1672 426 1742 καινῷ
446 1673 474 1727 6
501 1669 569 1745 ἦν
599 1670 1043 1746 λελατομημένον
1065 1682 1129 1733 ἐκ
1155 1682 1384 1750 πέτρας.
1413 1700 1432 1733 »
1464 1683 1597 1745 Καὶ,
1628 1699 1647 1733 «
1677 1681 1834 1735 Ἔλα-

252 1766 347 1818 δον
377 1763 473 1819 οὖν
500 1756 577 1820 τᾶ
593 1769 753 1839 σῶμα
777 1770 871 1825 τοῦ
895 1772 1072 1843 Ἰησσῦ
1097 1776 1193 1828 καὶ
1217 1773 1415 1845 ἔδησαν
1440 1773 1570 1827 αὐτὸ
1599 1773 1833 1838 ὀθονίοις

1932 584 2011 643 εἰς
2036 583 2162 647 τοὺς
2187 586 2449 652 οὐρανοὺς
2475 588 2570 640 κα)⁵
2594 588 2844 641 ἐκάθισεν
2875 590 2939 641 ὲκ
2965 587 3153 652 δεξιῶν
3184 587 3276 640 rei:
3306 587 3494 639 Θεοῦ.»

1933 674 2066 739 Καὶ,
2097 692 2116 725 ι
2159 675 2408 743 Ἐγένετο
2437 681 2494 731 ὲν
2519 678 2599 747 τῷ
2619 679 2859 746 εὐλογεῖν
2882 678 3042 733 αὐτὸν
3075 678 3296 743 αὖτοὺς,
3319 677 3499 736 διέστη
3557 734 3566 741 ,

1931 765 2027 819 ἀπ’
2056 766 2236 820 αὐτῶν
2268 769 2362 822 καὶ
2399 769 2692 838 ἀνεφέρετο
2718 771 2796 832 εἰς
2822 770 2912 822 τὸν
2943 771 3190 838 ούρανόν.
3231 787 3248 820 »

2002 859 2110 914 Καὶ
2140 860 2331 915 πάλιν
2367 863 2695 931 ἐρχόμενον
2733 862 2887 933 μετὰ
2913 862 3100 928 δόξης
3143 862 3340 931 κρῖναι
3368 861 3505 922 ζῶν-

1930 968 2041 1019 τας
2077 952 2175 1005 καὶ
2220 955 2496 1021 νεκρούς.
2548 955 2828 1024 Πρὰξεων,
2871 974 2890 1006 «
2930 954 3158 1022 Ἀνδρες
3206 954 3503 1016 Γαλιλαῖοι,

1934 1043 1986 1096 τί
2045 1044 2311 1113 ἑστήκατε
2364 1043 2654 1113 βλέποντες
2694 1047 2776 1109 είς
2836 1046 2934 1119 ⁷τδν
2987 1043 3249 1114 οὐρανόνς
3280 1042 3449 1105 Οὗτος
3478 1044 3507 1094 6

1950 1135 2153 1205 Ἰησοῦς
2179 1140 2205 1190 6
2232 1124 2567 1208 ἀναληφθεὶς
2598 1128 2703 1206 de“
2726 1137 2880 1207 ὑμῶν
2902 1138 2981 1201 εἰς
3011 1136 3101 1191 τὸν
3133 1135 3385 1206 οὐρανὸν,
3416 1128 3508 1187 οὗ·

1935 1247 2027 1294 τος
2078 1230 2361 1283 ἐλεύσεται
2403 1230 2585 1294 πάλιν,
2633 1230 2693 1283 δν
2742 1230 2945 1299 τρόπον
2988 1218 3291 1282 ἐθεάσασθε
3345 1226 3509 1280 αὑτὸν

1934 1320 2298 1390 ἀνερχόμενον
2332 1320 2414 1383 είς
2455 1319 2547 1372 τὸν
2579 1320 2828 1386 οὐρανόν.
2880 1337 2899 1371 »
2932 1318 3292 1387 Εὐαγγελίου,
3340 1334 3359 1367 «
3396 1316 3509 1369 Καὶ

1934 1410 2054 1463 τότε
2075 1409 2273 1478 ὄψεσθε
2305 1410 2396 1463 τὸν
2428 1410 2554 1463 Υῑδν
2582 1411 2675 1464 τοῦ
2714 1411 3004 1481 ἀνθρώπου
3037 1410 3333 1480 ἐρχόμενον
3370 1407 3509 1477 μετὰ

1935 1500 2095 1571 δόξης
2125 1501 2220 1554 ἐπὶ
2250 1501 2360 1555 τῶν
2383 1486 2663 1571 νεφελῶνέ
2690 1502 2785 1555 καὶ
2807 1503 2930 1555 τότε
2961 1501 3177 1555 καθίσει
3208 1504 3235 1555 6
3264 1498 3391 1562 Υίδς
3414 1501 3511 1552 ἀν-

1936 1592 2159 1663 θρώπου
2188 1592 2283 1646 ἐπὶ
2309 1593 2500 1663 θρόνου
2530 1593 2689 1658 δόξης
2727 1592 2914 1658 αὐτοῦ,
2947 1578 3039 1648 καὶ
3078 1592 3507 1664 συναχθήσονται

1936 1685 2246 1756 ἔμπροσθεν
2276 1686 2445 1740 αὑτοῦ
2475 1687 2654 1739 πάντα
2686 1687 2751 1739 τὰ
2787 1686 2938 1756 ἔθνη.
2983 1705 3002 1738 »
3038 1685 3321 1755 Πράξεων,
3363 1701 3381 1735 «
3418 1684 3510 1736 Οἴ-

1935 1792 2083 1839 τινες
2118 1778 2498 1846 συνεφάγομεν
2542 1777 2634 1830 καὶ
2685 1774 3016 1845 συνεπίομεν
3063 1774 3211 1844 αὐτῷ
3248 1774 3387 1843 μετὰ
3447 1772 3519 1829 τδ.

255 1857 395 1927 μετά
422 1859 531 1913 τῶν
553 1860 885 1932 ἀρωμάτων,
915 1863 1099 1927 καθὼς
1124 1865 1244 1929 ἔθος
1274 1844 1394 1919 ἐστὶ
1415 1867 1527 1927 τοῖς
1551 1866 1828 1930 Ἰουδαίοις
1864 1844 1906 1899 Β
1935 1868 2232 1932 ἀναστῆναι
2263 1844 2428 1921 αὑτὸν
2456 1870 2518 1921 ἐκ
2544 1868 2775 1937 νεκρῶν,
2809 1867 3109 1943 καὶπάλιν,
3134 1865 3513 1936 παρήγγειλεν

251 1950 616 2019 ἐνταφιάζειν.
649 1948 759 2008 Ἦν
814 1955 872 2008 δὲ
911 1957 969 2008 ὲν
1012 1956 1093 2026 τῷ
1134 1958 1285 2027 τόπῳ
1315 1959 1451 2013 ὅπου
1505 1957 1824 2029 ἐσταυρώθη

250 2045 448 2112 κῆπος,
479 2047 576 2099 καὶ
604 2046 663 2099 ὲν
700 2048 779 2116 τῷ
820 2050 985 2120 κήπῳ
1010 2051 1279 2122 μνημεῖον
1317 2050 1524 2116 καινὸν,
1572 2053 1632 2104 ἐν
1659 2042 1703 2119 ᾧ
1732 2050 1826 2102 ού·

249 2133 396 2188 δὲπω
429 2136 600 2199 οὐδεὶς
630 2139 811 2209 ὲτέθη.
855 2157 873 2191 »
1802 2174 1809 2180 ·

203 2305 215 2312 ι
319 2228 427 2283 Καὶ
458 2230 811 2286 ἀναστάντα
838 2233 913 2301 τῇ
944 2235 1112 2303 τρίτῃ
1141 2236 1335 2305 ἡμέρᾳ
1358 2233 1509 2289 κατὰ
1543 2235 1650 2301 τὰς
1677 2236 1829 2304 Γρα-

247 2318 388 2389 φὰς.
441 2323 802 2391 Εύαγγελίου,
864 2344 883 2377 «
913 2326 1209 2390 Ἀναστὰς.
1236 2328 1264 2379 6
1323 2328 1553 2396 ἸησοῦςΔ
1589 2328 1827 2399 Χριστδς

249 2411 397 2483 πρωῒ
426 2416 492 2484 τῇ
548 2414 740 2488 πρώτῃ
776 2416 1093 2472 Σαὸδάτων.
1136 2437 1155 2470 »
1194 2418 1328 2482 Καὶ,
1373 2437 1392 2470 ι
1443 2418 1650 2491 Τρίτην
1686 2418 1826 2491 ὴμέ-

251 2521 351 2573 ραν
392 2504 520 2573 ἄγει
578 2509 817 2576 σήμερον
850 2507 945 2576 ἀφ’
1007 2508 1067 2562 οὗ
1115 2508 1289 2563 ταῦτα
1350 2509 1589 2578 ἐγένετο.
1632 2528 1651 2562 »
1694 2510 1825 2577 Kal,

255 2613 276 2647 «
311 2595 580 2658 ’Δναστὰς
611 2598 639 2650 6
665 2596 877 2668 Ἰησοῦς
906 2599 970 2651 ἐκ
996 2600 1207 2670 νεκρῶν
1232 2598 1362 2670 ἔστη
1397 2603 1455 2653 ἐν
1481 2601 1647 2673 438
1672 2603 1828 2671 μέσῳ

249 2690 362 2742 τῶν
415 2691 699 2760 μαθητῶν,
751 2693 845 2746 καὶ
894 2682 1045 2760 λέγει
1095 2694 1303 2756 αὐτοῖς,
1350 2695 1557 2764 Εἰρήνη
1611 2696 1762 2764 ὑμῖν.
1802 2712 1820 2746 »

249 2784 383 2843 Καὶ,
429 2801 449 2835 «
485 2784 794 2853 Μνήσθητι,
841 2785 1037 2853 Κύριε,
1070 2786 1146 2848 ti»;
1198 2767 1460 2853 ἐλάλησεν
1495 2786 1626 2856 ἡμῖν
1662 2786 1719 2837 ὲν
1758 2788 1825 2857 τῇ

249 2875 532 2946 Γαλιλαίᾳ,
563 2876 738 2944 λέγων
769 2877 850 2930 δτι
882 2880 973 2930 Δεῖ
998 2878 1092 2931 τὸν
1125 2878 1255 2931 Υξὸν
1285 2878 1379 2945 τοῦ
1406 2877 1698 2949 ἀνθρώπου
1727 2893 1831 2931 πα-

253 2967 546 3037 ραδοθῆναι
584 2951 677 3031 ἐἰς
734 2972 925 3039 χεῖρας
972 2969 1278 3041 ἀνθρώπων
1324 2958 1688 3042 ἁμαρτωλῶν,
1735 2971 1831 3025 καὶ

251 3059 653 3129 σταυρωθῆναι,
678 3061 771 3113 καὶ
798 3064 866 3131 τῇ
900 3063 1062 3133 τρίτῃ
1095 3065 1280 3135 ήμέρᾳ
1303 3064 1631 3133 ἀναστῆναι.
1665 3083 1681 3116 ι

321 3153 435 3208 Kal
457 3155 801 3209 ἀνελθόντα
837 3158 926 3221 εἰς
952 3155 1421 3223 τοὺς,οὑρανοὺς
1460 3157 1561 3211 καὶ
1596 3155 1829 3218 καθεω-

247 3258 436 3311 μενον
489 3243 557 3296 ἐκ
586 3242 807 3308 δεξιῶν
834 3245 941 3298 τοῦ
988 3247 1239 3314 Πατρός.
1295 3247 1655 3315 Εὑαγγελίου,
1700 3266 1719 3299 «
1761 3248 1826 3300 Ὀ

247 3356 446 3410 cilixus
486 3365 622 3411 est.»
692 3357 892 3414 Paulus
928 3375 942 3411 :
980 3358 1321 3414 «Crucit‘ixus
1376 3368 1457 3416 est
1485 3370 1537 3416 et
1580 3362 1829 3430 sepultus

249 3455 301 3500 et
335 3446 636 3502 suscitatus
660 3448 746 3502 die
780 3450 942 3504 tertio
977 3451 1280 3505 secundum
1315 3449 1692 3521 Seripturas.»

323 3537 524 3593 Passus
543 3550 590 3594 et
625 3542 861 3609 sepultus
889 3551 986 3597 est.
1020 3542 1234 3613 Moyses
1261 3560 1276 3599 :
1308 3544 1561 3615 «Eritque
1588 3546 1697 3599 vita
1738 3555 1828 3600 tua

248 3644 512 3699 suspensa
570 3647 757 3687 coram
815 3635 991 3689 oculis
1055 3634 1217 3690 tuis.»
1255 3634 1458 3689 lsaias:
1514 3634 1826 3704 «Tanquam

248 3734 422 3789 agnus
455 3721 523 3776 ad
572 3727 960 3779 mactationem
1011 3725 1210 3780 ductus
1233 3733 1371 3788 est,»
1425 3732 1522 3779 et:
1563 3725 1825 3792 «Tergum

220 3825 433 3865 -meum
463 3816 835 3883 castigandum
868 3815 1126 3886 praebui.»
1191 3814 1355 3870 David
1386 3833 1398 3867 :
1436 3833 1454 3865 «
1501 3813 1566 3868 Ut
1596 3816 1830 3883 castiget

247 3914 526 3972 paratus.)
564 3905 862 3963 Zacharias
883 3906 1050 3972 «Quid
1089 3908 1191 3962 sibi
1220 3907 1661 3962 voluntvulnera
1710 3907 1827 3962 hrrc

248 3994 305 4049 in
370 3997 627 4053 manibus
670 3999 820 4054 tuis?
863 4005 917 4054 et
967 3999 1344 4068 respondebit,
1383 4000 1707 4054 vulneratus
1736 3998 1830 4068 Sii's

246 4102 369 4140 sum
446 4086 501 4140 in
572 4088 851 4145 domicilio
919 4105 1043 4145 meo
1099 4091 1324 4145 dilecto.
1362 4110 1381 4143 »
1435 4090 1826 4160 Evangelium:

251 4174 537 4249 «'Oportuit
576 4181 652 4235 ita
684 4185 793 4250 pati
825 4182 1107 4238 Christum
1142 4194 1197 4238 et
1233 4183 1460 4237 introire
1496 4183 1550 4237 in
1595 4183 1824 4253 gloriam

246 4288 461 4328 suam.»
508 4258 868 4345 Evangelium
901 4293 915 4330 :
957 4276 1053 4329 «Et
1073 4276 1346 4346 Josephus
1374 4292 1498 4331 cun»
1525 4277 1830 4346 accepisset

245 4381 468 4435 corpus,
532 4367 761 4424 involvit
813 4368 863 4421 id
904 4368 1138 4425 sindone
1190 4385 1328 4439 pura
1358 4379 1415 4422 et
1449 4369 1739 4424 collocavit
1770 4370 1828 4431 in

246 4465 601 4513 monumento
664 4473 829 4526 novo,
861 4462 1007 4531 quod
1065 4461 1118 4516 in
1158 4477 1292 4517 saxo
1325 4462 1574 4516 excisum
1638 4469 1818 4516 erat.»

1934 1960 2069 2029 ἡμῖν
2093 1958 2329 2029 κηρύξαι
2358 1960 2436 2030 τῷ
2463 1960 2579 2030 λαῷ
2609 1961 2701 2015 καὶ
2728 1958 3211 2030 διαμαρτύρασθαι
3235 1958 3317 2010 ὅτι
3347 1957 3511 2016 αὑτός

1935 2052 2083 2104 ἐστιν
2111 2053 2139 2104 6
2167 2051 2470 2121 ὡρισμένος
2495 2052 2600 2106 ὑπὸ
2629 2051 2722 2105 τοῦ
2751 2051 2889 2105 Θεοῦ
2916 2036 3123 2120 ’κριτὴς
3156 2047 3378 2112 ζώντων
3411 2046 3511 2099 καὶ

1933 2142 2099 2214 439
2134 2145 2364 2215 νεκρῶν.
2407 2164 2426 2197 »
2462 2145 2680 2213 Δανιὴλ,
2716 2162 2734 2195 «
2779 2142 3078 2212 Ἐθεώρουν
3107 2142 3213 2203 ἕως
3239 2132 3300 2192 οὗ
3328 2138 3508 2208 θρόνοι

1935 2235 2203 2306 ἐτέθησαν
2231 2238 2326 2292 καὶ
2352 2239 2379 2291 6
2410 2237 2650 2299 Παλαιὸς
2682 2237 2792 2290 τῶν
2823 2235 3045 2307 ἡμερῶν
3070 2233 3311 2295 ἐκάθισε,
3343 2250 3360 2281 »
3391 2231 3507 2293 καὶ,

1942 2346 1961 2380 «
2007 2327 2135 2382 Ἰδοὺ
2186 2330 2214 2382 6
2242 2328 2371 2391 Υἱὸς
2401 2328 2497 2381 τοῦ
2545 2327 2837 2397 ἀνθρώπου
2878 2328 2970 2380 ἐπὶ
2996 2324 3235 2395 νεφελῶν
3277 2322 3511 2392 ἐρχόμε-

1937 2435 2048 2485 νος,
2079 2438 2098 2471 »
2133 2420 2229 2473 καὶ
2265 2439 2282 2470 ι
2318 2420 2462 2483 Ἕως
2489 2418 2584 2472 τοῦ
2621 2419 2860 2492 Παλαιοῦ
2883 2419 2991 2470 τῶν
3022 2416 3251 2486 ἡμερῶν
3280 2414 3507 2483 ἔφθασε,

1938 2513 2033 2567 καὶ
2072 2510 2223 2579 αύτῷ
2259 2511 2413 2582 ἐδόθη
2442 2513 2476 2582 ἡ
2510 2512 2645 2581 τιμὴ
2677 2512 2773 2564 καὶ
2804 2512 2834 2581 ή
2863 2498 3102 2573 ἐξουσία.
3140 2526 3158 2557 »
3478 2567 3485 2573 _

2004 2602 2088 2661 Οὗ
2130 2605 2241 2673 τῆς
2287 2605 2614 2668 ,βασιλείας
2647 2605 2758 2657 οὐκ
2807 2604 2978 2658 ἔσται
3039 2601 3238 2665 τέλος.
3290 2597 3512 2662 Δανιὴλ,

1945 2712 1967 2747 ι
2002 2694 2169 2764 KGH)
2208 2692 2457 2763 βασιλεία
2489 2692 2655 2746 αὐτοῦ
2682 2678 2921 2758 αἰώνιος,
2956 2690 3049 2744 καὶ
3077 2693 3111 2761 ἡ
3145 2688 3388 2760 βασιλεία
3418 2687 3537 2742 aia--

1937 2784 2031 2838 τοῦ
2064 2783 2179 2853 λαῷ
2223 2784 2397 2855 ἑτέρῳ
2437 2783 2535 2854 οὐχ
2565 2782 3032 2853 ὑποληφθήσεται.
3076 2800 3093 2832 ι
3154 2777 3510 2846 Εὑαγγελίου,

1947 2895 1965 2928 ι
1996 2876 2107 2929 Καὶ
2143 2875 2452 2945 βασιλεύσει
2479 2875 2570 2927 ἐπὶ
2598 2874 2692 2927 τὸν
2725 2869 2873 2927 οἷκον
2903 2871 3101 2927 Ἰακὼὸ
3129 2874 3210 2934 εἰς
3236 2870 3361 2932 τοὺς
3383 2868 3514 2921 αἰῶ-

1939 2982 2057 3028 νας,
2084 2967 2181 3019 καὶ
2208 2965 2309 3035 τῆς
2335 2964 2621 3034 βασιλείας
2653 2962 2817 3018 αὐτοῦ
2848 2964 2951 3017 οὐκ
2973 2962 3128 3016 ἔσται
3162 2962 3333 3024 τέλος.
3385 2979 3433 3010 »ι

2011 3056 2084 3109 Τὸ
2116 3040 2596 3126 ἐφεξῆς’ὲντεῦθεν
2622 3056 2716 3109 τοῦ
2746 3055 2892 3124 ίεροῦ
2920 3054 3188 3125 συμϐόλου
3225 3054 3256 3122 ή
3287 3051 3515 3121 δευτέρα

1940 3148 2072 3219 ἁγία
2103 3149 2196 3203 καὶ
2234 3150 2592 3220 οἰκουμενικὴ
2624 3148 2843 3212 σύνοδος
2872 3149 3197 3219 ἀπήρτισεν.
3302 3217 3308 3223 ο

2002 3242 2114 3295 Καὶ
2137 3243 2226 3306 είς
2254 3241 2317 3295 τὸ
2356 3240 2600 3309 Πνεῦμα
2630 3242 2696 3295 τὸ
2729 3240 2925 3307 ἅγιον.
2962 3239 3320 3309 Εὑαγγελίου,
3352 3257 3371 3290 «
3410 3239 3517 3291 Πα-

1934 3354 2319 3426 Evangelium:
2346 3374 2365 3406 «
2402 3354 2665 3409 Dominus
2694 3354 2881 3425 igitur,
2906 3352 3519 3424 postquamlocutusest

1932 3462 2055 3501 eum
2114 3446 2201 3513 iis,
2255 3456 2544 3515 susceptus
2599 3455 2682 3502 est
2737 3450 2789 3501 in
2851 3448 3022 3502 caelos
3049 3456 3103 3500 et
3129 3447 3384 3501 consedit
3449 3446 3517 3499 ad

1933 3539 2177 3593 dextram
2211 3538 2357 3592 Dei.»
2395 3537 2497 3591 Et:
2532 3556 2552 3589 «
2591 3538 2828 3603 Accidit,
2873 3548 2953 3605 ut,
3010 3539 3139 3591 dum
3170 3538 3520 3593 benediceret

1934 3624 2000 3681 iis
2023 3669 2036 3691 ,
2069 3628 2382 3695 disjunctus
2421 3627 2490 3679 ab
2525 3626 2614 3692 iis,
2655 3636 2885 3681 sursum‘
2917 3627 3151 3680 ferretur
3176 3626 3227 3679 itt
3259 3627 3511 3681 coelum.»

2006 3718 2075 3771 Et
2102 3719 2295 3771 iterum
2338 3712 2588 3771 venturus
2612 3726 2687 3771 est
2710 3733 2828 3771 cum
2860 3717 3053 3785 gloria,
3080 3718 3328 3787 judicare
3370 3720 3510 3773 vivos

1936 3820 1983 3866 et
2010 3816 2259 3862 mortuos.
2291 3809 2462 3863 Acta:
2507 3807 2653 3863 «Viri
2686 3808 2921 3873 Galiltei,
2951 3809 3079 3879 quid
3107 3809 3265 3864 statis
3299 3811 3516 3864 intuen-

1937 3908 2018 3953 tes
2057 3898 2108 3951 in
2139 3899 2335 3952 emtum
2363 3898 2384 3952 ?
2410 3896 2571 3953 Jesus
2604 3899 2712 3966 hic,
2741 3901 2834 3969 qui
2871 3900 3182 3969 disiunctus
3213 3916 3241 3955 a
3278 3902 3435 3955 vobis
3462 3911 3519 3955 et

1934 4003 2152 4043 sursum
2214 3997 2458 4057 receptus
2506 3999 2590 4043 est
2645 3990 2699 4044 in
2759 3991 2978 4055 coelum,
3040 3991 3238 4046 iterum
3313 3994 3513 4053 veniet.

1934 4078 2398 4148 quemadmodum
2445 4080 2660 4135 vidistis
2703 4096 2828 4134 eum
2877 4097 3038 4136 ascen
3065 4085 3261 4137 lentem
3310 4082 3362 4136 in
3399 4098 3515 4139 c0)-

1934 4171 2097 4226 lunt.»
2136 4170 2521 4242 Evangeliunt':
2559 4176 2725 4229 «Tum
2748 4175 3002 4249 videbitis
3033 4175 3238 4229 Filium
3274 4176 3515 4230 hominis

1934 4266 2246 4319 venientem
2288 4282 2412 4319 cun»
2453 4268 2624 4336 gloria
2661 4268 2716 4321 in
2748 4268 3025 4333 nubibus;
3062 4273 3117 4322 et
3152 4279 3266 4323 tum
3301 4268 3517 4325 sedebit
3557 4284 3567 4293 δ

1934 4353 2105 4409 Filius
2165 4357 2407 4412 hominis
2458 4359 2511 4411 in
2577 4359 2773 4413 throno
2838 4360 3021 4430 gloria:
3072 4370 3290 4422 suamet
3317 4376 3517 4431 cogen-

1935 4459 2023 4503 tur
2089 4464 2274 4504 coram
2333 4465 2397 4504 eo
2449 4466 2641 4507 omnes
2693 4461 2904 4519 gentes.
2944 4472 2962 4504 »
3006 4456 3139 4509 Acta
3177 4469 3189 4506 :
3232 4452 3363 4518 «Qui
3395 4455 3514 4508 edi-

244 4550 312 4603 Et
346 4567 358 4602 :
395 4551 769 4619 (Acceperunt
793 4552 960 4621 igitur
985 4568 1185 4623 corpus
1215 4552 1345 4609 Iesu
1376 4562 1430 4608 et
1457 4553 1825 4609 obvinxerunl
1859 4539 1906 4598 D
1934 4557 2056 4597 mus
2085 4552 2139 4596 et
2165 4542 2407 4597 bibimus
2456 4558 2577 4598 cum
2608 4558 2674 4597 ρο
2704 4560 2734 4598 e
2770 4544 3011 4599 lliOl‘ltliS
3042 4544 3334 4611 suscitato,
3377 4562 3507 4598 rur-

234 4641 298 4718 id
325 4642 505 4696 linteis
536 4657 660 4697 eum
687 4644 1049 4711 aromatibus,
1084 4646 1227 4700 sicut
1252 4661 1369 4700 mos
1399 4654 1485 4701 est
1506 4643 1709 4700 Iudaeis
1743 4644 1826 4698 fu-
1880 4684 1883 4691 ς

240 4747 459 4787 nerare.
486 4732 615 4787 Erat
635 4742 815 4788 autem
840 4733 1034 4790 hortus
1058 4735 1113 4789 in
1145 4750 1211 4789 eo
1233 4736 1376 4801 loco,
1404 4735 1495 4790 ubi
1521 4734 1827 4791 cruxiﬁxus

243 4824 442 4889 fuerat,
495 4827 628 4880 etin
666 4826 825 4881 horto
867 4834 1283 4882 monumentum
1348 4843 1579 4894 novum,
1617 4830 1671 4882 in
1710 4844 1825 4898 quo

242 4928 404 4967 nemo
434 4915 563 4968 dum
599 4918 808 4984 positus
840 4924 975 4989 erat.
995 4934 1014 4966 »

216 4984 235 5013 ’
317 5007 384 5060 Et
404 5010 687 5062 resurrexit
715 5011 868 5063 tertio
890 4985 973 5064 die
986 5011 1273 5063 secundum
1298 5009 1629 5078 Scripturas.
1654 5008 1830 5064 Evan-

242 5099 445 5167 gelium
478 5117 494 5157 :
535 5120 553 5153 ι
584 5101 908 5157 Resurrexit
953 5102 1114 5157 Iesus
1149 5100 1408 5158 Christus
1450 5117 1612 5156 mane
1646 5102 1826 5171 primo

224 5189 334 5244 -die
383 5191 792 5245 hebdomadis.»
832 5190 928 5245 Et:
965 5192 1121 5246 «Dies
1178 5193 1377 5246 tertius
1410 5192 1569 5246 hodie
1604 5201 1708 5254 est,
1748 5206 1820 5246 ex

240 5294 353 5348 quo
385 5280 500 5334 haec
536 5280 678 5334 facta
700 5289 881 5334 sunt.»
907 5291 963 5336 et
991 5301 1003 5335 :
1039 5301 1056 5335 «
1096 5281 1255 5337 Jesus
1282 5299 1406 5336 eum
1428 5281 1826 5337 resurrexisset

240 5374 557 5437 emortuis,
610 5374 752 5426 inter
816 5375 1025 5428 medios
1088 5374 1391 5443 discipulos
1433 5389 1562 5428 suos
1626 5373 1822 5439 adfuit,

241 5463 494 5531 dixitque
546 5463 638 5530 iis,
674 5464 784 5518 Pax
822 5472 942 5519 esto
997 5464 1341 5519 vobiscum.»
1369 5472 1460 5518 et:
1497 5461 1821 5526 «Memento,

247 5551 502 5618 Domine,
527 5553 733 5609 dixisse
762 5568 887 5607 eum
920 5554 1081 5609 nobis
1116 5555 1169 5608 in
1221 5554 1464 5618 Galilzea,
1492 5552 1688 5608 Filium
1725 5554 1827 5607 ho-

246 5641 415 5696 minis
433 5634 688 5712 oportere
708 5644 848 5698 tradi
882 5646 934 5699 in
961 5661 1154 5700 manus
1174 5647 1457 5700 hominum
1480 5645 1825 5715 peccantium

248 5744 303 5787 et
328 5734 568 5805 crueitigi
589 5745 642 5790 et
672 5737 761 5791 die
791 5737 952 5793 tertio
991 5754 1328 5808 resurgere,»

322 5826 391 5879 Et
423 5830 659 5883 ascendit
690 5830 758 5884 ad
786 5831 963 5899 caelos,
1000 5839 1057 5905 et.
1080 5833 1219 5887 sedet
1246 5830 1315 5885 ad
1348 5831 1593 5885 dextram
1624 5808 1825 5902 Patris,

1934 4650 2168 4704 sumque
2232 4634 2389 4689 nobis
2434 4633 2732 4696 mandavit,
2770 4647 2829 4687 ut
2889 4635 3274 4690 nuntiaremus
3316 4638 3515 4706 populo

1931 4734 1985 4780 et
2015 4734 2362 4801 testaremur,
2393 4739 2514 4780 sese
2537 4740 2655 4781 esse
2689 4742 2717 4779 a
2742 4725 2853 4779 Deo
2878 4727 3241 4780 constitutum
3267 4727 3512 4795 judicent

1935 4818 2230 4873 viventium
2262 4829 2315 4871 et
2349 4829 2714 4873 mortuorum.
2754 4836 2771 4867 »
2813 4817 2997 4871 Daniel
3031 4835 3044 4870 :
3085 4807 3110 4869 ἱ
3155 4817 3415 4872 Videbam
3448 4835 3513 4873 eo

1931 4926 2126 4980 usque,
2154 4910 2246 4965 tibi
2281 4911 2462 4963 throni
2488 4911 2773 4965 constituti
2803 4918 2963 4964 erant
2998 4920 3051 4962 et
3094 4909 3369 4979 Antiqnus
3402 4912 3517 4964 die-

1930 5018 2050 5057 rum
2084 5002 2383 5063 consedit,»
2416 5009 2507 5055 et:
2551 5021 2568 5052 ι
2604 5001 2742 5056 Ecce
2777 5000 2973 5055 Filium
3011 5001 3253 5055 hominis
3286 5002 3515 5057 veniens

1929 5104 2095 5159 tem,»
2126 5104 2218 5149 ct:
2261 5094 2479 5165 «Usque
2513 5095 2643 5148 dum
2675 5095 2953 5163 Antiquus
2985 5092 3195 5147 dierum
3230 5093 3518 5149 veniretet

1930 5188 2105 5242 honor
2139 5189 2187 5241 ei
2219 5203 2282 5242 ac
2311 5196 2555 5256 potestas
2588 5188 2867 5240 daretur.»

2000 5279 2165 5347 Cujus
2206 5283 2363 5350 regni‘
2390 5297 2493 5333 non
2544 5282 2643 5333 erit
2693 5278 2837 5344 ﬁnis.
2870 5280 3054 5334 Daniel
3082 5299 3094 5333 :
3134 5298 3153 5330 «
3185 5278 3252 5334 Et
3278 5294 3511 5349 regnum

1929 5373 2045 5442 ejus
2079 5383 2343 5427 atternum
2378 5374 2505 5437 erit,
2563 5387 2662 5425 nec
2707 5373 2901 5443 alieuze
2939 5373 3088 5442 genti
3122 5361 3537 5441 subjicietur.»'

1928 5467 2320 5535 Evangelium:
2363 5484 2379 5517 ε
2423 5466 2487 5519 Ει
2543 5464 2791 5532 regnabit
2851 5466 2902 5517 in
2964 5464 3127 5519 domo
3178 5464 3368 5521 Jacobi
3417 5480 3513 5534 per

1928 5558 2109 5613 omnia
2132 5557 2349 5619 secula.
2385 5572 2484 5611 nec
2516 5558 2622 5611 erit
2651 5558 2774 5610 linis
2800 5557 2949 5627 regni
2979 5557 3153 5627 ejus.»

1999 5645 2129 5711 Qum
2154 5649 2279 5700 hinc
2298 5648 2544 5714 sequitur
2572 5655 2744 5701 sancti
2767 5646 3011 5716 Symboli
3037 5663 3183 5715 pars.
3208 5662 3236 5701 a
3262 5646 3501 5702 secunda

1930 5745 2116 5791 sancta
2157 5746 2208 5791 et
2247 5738 2585 5793 meumenica
2626 5738 2835 5808 synodo
2863 5738 3047 5792 addita
3083 5747 3185 5791 est.

2007 5828 2076 5884 Et
2132 5831 2183 5884 in
2211 5830 2476 5902 Spiritum
2529 5844 2801 5887 sanctum.
2842 5829 3228 5902 Evangeliutn:
3272 5825 3507 5904 (θερεί-
