3986 6452
130 5258 189 5285 ο

274 391 411 459 1013

1266 384 1719 448 CHRONICON
1787 388 2063 448 MAJUS.
2102 370 2170 421 ἐ-
2209 386 2351 446 us.
2391 384 2485 446 IV.

3386 375 3521 443 101i

340 504 446 567 Εἰς
471 501 616 569 μίαν
669 499 848 566 ἁγίαν
898 497 1235 563 καθολικὴν
1284 500 1384 551 καὶ
1429 498 1851 564 ἀποστολικὴν
1880 500 1925 557 Α
1956 496 2085 550 υἱῶν
2118 496 2211 549 τοῦ
2254 495 2388 547 Θεοῦ
2439 493 2740 561 ἐκδέχεται.
2785 508 2802 540 »
2850 488 3206 555 Ιίὖαγγελίου,
3256 507 3272 539 ι
3312 488 3441 542 Ὅτε
3483 492 3532 542 οι

283 593 676 659 Ἐκκλησίαν.
720 593 929 659 Ὥσπερ
953 592 1239 644 καθολικαὶ
1285 592 1568 645 ἐπιστολαὶ
1608 595 1665 644 αἱ
1705 592 1843 645 ἑπτὰ

269 686 344 747 ὡς
375 686 454 747 είς
483 686 695 745 πάντας
725 687 945 748 πιστοὺς
986 686 1282 754 γραφεῖσαι
1326 685 1543 746 κοινῶς,
1581 682 1723 737 οὕτω
1754 684 1845 737 καὶ

270 774 537 845 καθολικὴ
573 772 871 840 Ἐκκλησία
1089 773 1120 840 ἡ
1169 773 1384 824 πάντων
1425 770 1724 840 ὀρθοδόξων
1755 769 1848 836 γέ-

270 878 537 930 γραπται.
575 860 813 924 Παύλου,
849 879 866 912 ι
927 861 986 914 Ὀ
1038 863 1270 931 ποιήσας
1315 862 1717 932 τὰάμφότερα
1767 860 1844 923 ἓν,

270 956 366 1007 καὶ
423 952 503 1016 εἷς
535 952 757 1022 Κύριος,
817 952 913 1021 μία
962 952 1167 1014 πίστις,
1214 951 1272 1005 ἓν
1319 954 1620 1022 βάπτισμα.
1664 973 1681 1006 »
1716 955 1846 1017 Kal,

278 1067 296 1097 «
344 1047 588 1113 ’Λδελφοὶ
615 1046 761 1113 ἅγιοι
790 1046 885 1098 καὶ
921 1046 1438 1115 ἐποικοδομηθέντες
1467 1046 1559 1100 ἐπὶ
1589 1048 1667 1117 τῷ
1692 1047 1850 1117 θεμε-

271 1137 369 1207 λίῳ
399 1139 506 1189 τῶν
556 1138 870 1191 ἀποστόλων
902 1138 994 1189 καὶ
1052 1119 1369 1207 προφητῶν,
1402 1138 1552 1201 ὄντος
1595 1140 1849 1210 ἀκρογω-

272 1231 447 1282 νιαίου
487 1230 654 1282 αὑτοῦ
692 1230 872 1301 Ἰησοῦ
912 1232 1169 1300 Χριστοῦ.
1213 1252 1230 1284 »
1259 1231 1383 1295 Καὶ,
1420 1252 1438 1283 ι
1488 1232 1676 1300 Ὑμεῖς
1724 1233 1848 1285 ἐστὲ

273 1327 433 1397 σῶμα
464 1325 723 1397 Χριστοῦ,
768 1326 861 1379 καὶ¹
898 1327 1030 1396 μέλη
1081 1327 1142 1377 ἐκ
1187 1326 1408 1396 μέρους.
1461 1346 1477 1377 »
1520 1329 1648 1392 Kal,
1685 1345 1701 1378 ι
1741 1326 1847 1391 Οὓς

276 1422 373 1489 μὲν
408 1418 558 1472 ἔθετο
601 1420 628 1471 ὁ
676 1418 805 1481 Θεὸς
832 1421 889 1471 ἐν
932 1421 994 1487 τῇ
1024 1417 1319 1490 Ἐκκλησία
1350 1419 1568 1490 πρῶτον
1611 1420 1845 1473 ἀποστό-

272 1513 418 1572 λους,
438 1510 689 1578 δεύτερον
722 1510 1027 1580 προφήτας,
1051 1510 1234 1579 τρίτον
1258 1511 1632 1573 διδασκάλους.
1666 1531 1683 1560 »
1714 1513 1846 1575 Καὶ,

279 1623 296 1653 «
337 1604 454 1656 Ἵνα
511 1603 863 1671 οἱκοδομῆται
918 1603 1299 1672 ήἘκκλησία.
1354 1621 1372 1654 »
1418 1604 1545 1664 Καὶ,
1590 1622 1607 1654 «
1660 1603 1850 1671 Ὑμεῖς

275 1695 398 1747 ἐστὲ
438 1695 561 1757 ναὸς
607 1693 738 1747 Θεοῦ
792 1693 1015 1757 ζῶντος.
1050 1714 1068 1746 »
1109 1695 1239 1757 Kal,
1283 1714 1299 1745 «
1340 1695 1433 1756 Εἰς
1483 1696 1849 1765 καταρτισμὸν

272 1786 374 1855 τῆς
410 1786 764 1856 Ἐκκλησίας.
807 1805 825 1837 »
867 1787 997 1852 Kal,
1039 1804 1057 1837 ι
1099 1786 1290 1851 Ὀντος
1322 1786 1715 1857 ἀκρογωνιαίου
1742 1788 1850 1849 ,αὑ-

1952 592 2135 660 νεκροῖ
2166 589 2486 641 ἀκούσονται
2517 586 2615 651 τῆς
2639 583 2821 654 φωνῆς
2846 581 2938 635 τοῦ
2962 581 3092 634 Υίοῦ
3121 580 3215 635 τοῦ
3248 581 3407 647 Θεοῦ,
3439 583 3532 636 καὶ

1954 685 2003 735 oi
2029 680 2362 738 ἀκούσαντες
2395 680 2675 745 ζήσονται.
2718 694 2737 724 »

2024 771 2131 825 Kal
2160 770 2314 835 ζωὴν
2367 768 2473 821 τοῦ
2500 767 2837 835 μέλλοντος
2893 766 3130 829 αἰῶνος.
3167 765 3532 833 Εὐαγγελῖου,

1962 885 1979 917 «
2033 865 2090 915 Ὀ
2131 863 2307 933 μισῶν
2337 862 2436 931 τὴν
2460 859 2643 929 ψυχὴν
2674 858 2840 911 αὐτοῦ
2902 860 2959 909 ἐν
2989 858 3067 925 τῷ
3116 857 3311 929 κόσμῳ
3357 858 3536 926 τούτῳ

1956 953 2209 1023 εἰςιξωὴν
2239 952 2457 1005 αἰώνιον
2478 948 2704 1016 φυλᾶξει
2734 949 2928 1017 αὐτήν.
2969 967 2986 999 2
3015 950 3275 1015 Πρὰξεων
3299 987 3313 1010 ,
3351 969 3367 1000 «
3403 952 3535 1001 Δια-

1955 1047 2255 1116 λεγομένου
2285 1046 2341 1097 δὲ
2377 1042 2545 1096 αὑτοῦ
2584 1043 2715 1111 περὶ
2773 1042 3127 1111 δικαιοσύνης
3189 1045 3285 1094 καὶ
3328 1044 3539 1113 ἐγκρα-

1955 1140 2107 1199 τείας
2148 1139 2244 1191 καὶ
2282 1137 2375 1190 τοῦ
2430 1136 2703 1205 κρίματος
2755 1134 2845 1187 τοῦ
2892 1134 3184 1204 μέλλοντος
3227 1136 3473 1188 ἔσεσθαι.
3511 1156 3528 1186 »

1967 1233 2218 1296 Ἡσαΐου,
2275 1250 2291 1281 ι
2337 1230 2526 1299 Πατὴρ
2573 1228 2669 1281 τοῦ
2710 1228 2991 1298 μέλλοντος
3039 1228 3255 1291 αἰῶνος.
3301 1248 3318 1280 »
3359 1231 3537 1297 Εὐαγ-

1957 1324 2175 1394 γελίου,
2239 1344 2257 1376 ι
2326 1323 2469 1391 Ἐγὼ
2530 1321 2586 1376 δὲ
2644 1321 2722 1383 ζῶ
2779 1323 2867 1376 διὰ
2920 1322 3011 1375 τὸν
3067 1323 3307 1391 Πατέρα,
3354 1323 3450 1377 καὶ
3508 1326 3579 1376 ὁ-

1957 1417 2187 1488 τρώγων
2234 1435 2300 1484 με
2339 1415 2568 1483 ζήσεται
2594 1414 2662 1466 δι’
2696 1415 2816 1483 ἐμέ.
2864 1433 2882 1465 »
2919 1415 3028 1467 Καὶ
3057 1453 3071 1478 ,
3112 1432 3129 1463 ι
3161 1413 3303 1482 Ἑγὼ
3329 1410 3445 1483 είμί
3500 1419 3534 1485 ἡ

1956 1512 2256 1572 ἀνάστασις
2290 1510 2382 1562 καὶ
2414 1511 2446 1578 ἡ
2480 1508 2614 1579 ζωή.
2661 1528 2679 1560 »
2716 1509 2827 1562 Kal
2852 1551 2865 1573 ,
2899 1506 3350 1562 ιἈπελεύσονται
3387 1502 3557 1560 οὗτοί

1958 1607 2040 1665 εἰς
2060 1603 2284 1656 κόλασιν
2302 1602 2546 1666 αἰώνιον,
2578 1602 2628 1653 οἱ
2651 1601 2708 1654 δὲ
2737 1600 2939 1654 δίκαιοι
2965 1602 3043 1663 είς
3070 1600 3214 1669 ζωὴν
3237 1599 3474 1654 αἰώνιον.
3510 1618 3529 1651 »

2031 1695 2244 1763 Ἀμήν.
2276 1695 2349 1747 Τὸ
2385 1693 2442 1746 δὲ
2472 1695 2621 1762 ἀμὴν
2654 1693 2858 1755 παντὸς
2914 1692 3011 1746 τοῦ
3050 1692 3198 1761 ἱεροῦ
3257 1694 3534 1761 συμϐόλου

1960 1789 2083 1842 ἐστὶ
2118 1788 2478 1858 βεϐαιωτικὸν
2524 1787 2619 1840 καλ⁸
2652 1789 2893 1856 σφραγὶς
2952 1785 3045 1837 καὶ
3082 1779 3192 1839 οἷόν
3251 1803 3334 1850 τις
3386 1787 3537 1849 κλεῖς

275 1877 369 1930 τοῦ
422 1876 598 1946 Ἰησοῦ
636 1877 872 1947 Χριστοῦ
898 1894 912 1909 ο
956 1879 1011 1930 ὲν
1041 1870 1083 1945 ᾦ
1112 1879 1205 1931 καὶ
1257 1879 1413 1948 ὑμεῖς
1458 1880 1853 1949 συνοικοδομεῖ-
1886 1910 1930 1964 Β
1967 1882 2333 1939 ἁποκλείουσα
2348 1882 2474 1944 τοὺς
2496 1881 2719 1947 ἔξωθεν,
2740 1881 2836 1933 καὶ
2864 1879 3217 1948 φυλάττουσα
3234 1881 3309 1941 ὡς
3324 1881 3538 1950 ταμείῳ

277 1967 411 2020 σθε·
455 1968 552 2022 καὶ
594 1968 755 2030 αὑτός
806 1967 1016 2036 ὲστινή
1066 1966 1275 2038 κεφαλὴ
1322 1966 1415 2021 τοῦ
1466 1967 1718 2038 σώματος
1754 1967 1852 2037 τῆς

286 2060 488 2131 Ἐκκλη
498 2062 640 2124 σίας.
678 2079 698 2113 ι
1430 2046 1441 2054 ’

357 2153 662 2223 Ὀμολογώ
688 2152 759 2207 ἐν
793 2153 1115 2223 βάπτισμα
1142 2155 1231 2218 εὶς
1261 2153 1485 2223 ἄφεσιν
1527 2153 1851 2224 ἁμαρτιῶν.

276 2248 517 2326 ηαύλου,
555 2265 574 2299 ι
616 2247 984 2318 ὐμολόγησον
1009 2248 1107 2319 τὴν
1127 2248 1300 2318 καλὴν
1333 2250 1642 2319 ὁμολογίαν.
1671 2268 1690 2301 »
1718 2250 1853 2314 Kal,

282 2358 301 2391 «
345 2339 557 2411 Καρδίᾳ
589 2339 687 2409 μὲν
718 2338 1037 2392 πιστεύεται
1086 2342 1168 2403 εἰς
1209 2339 1583 2410 δικαιοσύνην,
1622 2341 1855 2410 στόματι

275 2431 333 2482 δὲ
371 2430 716 2499 ὁμολογεῖται
758 2433 839 2496 εἰς
891 2434 1191 2503 σωτηρίαν.
1235 2452 1252 2484 »
1298 2451 1315 2484 «
1356 2429 1453 2495 Εἷς
1492 2433 1702 2503 κύριος,
1759 2435 1857 2503 μία

279 2522 480 2588 πίστις,
531 2521 588 2576 ἓν
640 2524 950 2595 βάπτισμα.
1006 2524 1367 2593 Εὑαγγελίου,
1423 2542 1441 2577 ι
1493 2524 1857 2590 Βαπτὶζοντες

274 2616 475 2677 αὐτοὺς
526 2618 606 2679 εἰς
636 2617 829 2685 ἄφεσιν
877 2617 1184 2686 ἁμαρτιῶν.
1227 2635 1245 2668 »
1287 2636 1304 2668 «
1344 2615 1706 2679 Βαπτίζοντες
1755 2616 1855 2668 αὑ-

275 2709 405 2769 τοὺς
435 2709 512 2769 εἰς
544 2709 605 2760 τδ
636 2708 807 2777 ὄνομα
838 2708 932 2761 τοῦ
969 2710 1184 2778 Πατρδς
1227 2711 1323 2763 καὶ
1354 2707 1449 2762 τοῦ
1486 2707 1617 2761 Υἱοῦ
1648 2709 1741 2761 καὶ
1762 2706 1854 2760 τοῦ

278 2800 435 2867 ἁγίου
465 2797 801 2868 Πνεῦματος.
846 2817 864 2851 »
1290 2794 1295 2797 ’

354 2891 681 2961 Προσδοκῶ
704 2893 1054 2948 ἀνάστασιν
1076 2893 1328 2962 νεκρῶν.
1359 2893 1640 2963 Πράξεων,
1672 2911 1690 2944 «
1721 2892 1856 2961 Περὶ

277 2987 494 3049 ἐλπίδος
549 2987 642 3039 καὶ
685 2988 1038 3048 ἀναστάσεως
1100 2985 1311 3053 νεκρῶν
1359 2984 1470 3053 ἐγὼ
1509 2985 1788 3055 κρίνομαι.
1831 3001 1850 3034 »

288 3080 538 3141 Ἡσαΐου,
577 3098 595 3131 ι
630 3080 1058 3149 Ἀναστήσονται
1095 3079 1142 3130 οἱ
1173 3077 1362 3148 νεκροὶ
1404 3078 1499 3129 καὶ
1531 3075 1858 3147 ἐγερθήσον-

274 3188 370 3223 ται
403 3173 448 3223 0!
481 3172 536 3221 ὲν
568 3171 678 3232 τοῖς
708 3170 1018 3240 μνημείοις.
1053 3188 1071 3219 »
1104 3169 1387 3239 Πράξεων,
1431 3186 1450 3219 ‹
1495 3167 1558 3220 Ἦ
1586 3167 1694 3235 γὰρ
1719 3168 1852 3218 ἀπο-

1959 1975 2067 2028 τινὶ
2100 1974 2372 2043 καλλίστῳ
2395 1974 2495 2041 τῆς
2536 1970 2868 2039 Ἐκκλησίας
2896 1970 2984 2024 τὸν
3018 1972 3118 2041 τῆς
3156 1970 3395 2039 πίστεως
3436 1974 3536 2043 οη-

1961 2068 2184 2137 σαυρὸν,
2219 2068 2307 2118 ἴνα
2333 2065 2406 2136 μή
2438 2065 2689 2143 τίςτιμὲκ
2713 2063 2904 2117 τούτου
2929 2064 3202 2136 ἀφέληται
3235 2066 3267 2137 ἢ
3295 2067 3451 2124 νόθον
3481 2086 3536 2123 τι

1960 2160 2332 2231 ἐπεισαγάγῃ.
2426 2200 2435 2207 .

2033 2251 2177 2304 Αὐτὸ
2196 2252 2255 2304 τὸ
2281 2251 2423 2303 Θεῖον
2454 2252 2544 2305 κατ
2587 2251 2892 2319 ἱερώτατον
2939 2255 3035 2306 καὶ
3088 2251 3303 2307 τέλειον
3343 2253 3540 2308 πάντο-

1961 2345 2051 2398 θεν
2082 2345 2180 2411 τῆς
2212 2342 2499 2407 εὐσεϐείας
2559 2344 2715 2412 ήμῶν
2778 2347 3028 2412 σημεῖον,
3080 2345 3178 2415 τὴν
3241 2327 3541 2415 ὁμολογίαν

1959 2436 2067 2490 τῶν
2102 2436 2379 2504 πατέρων,
2406 2437 2495 2488 τὸν
2519 2437 2644 2504 ὅρον
2672 2436 2771 2500 τῆς
2806 2435 3041 2507 ἀληθοῦς
3071 2437 3231 2506 ἡμῶν
3276 2439 3541 2501 πίστεως,

1962 2528 2437 2598 ὲνστερνιζὸμενοι
2482 2530 2603 2590 ταῖς
2659 2527 2863 2596 ψυχαῖς
2925 2528 3018 2581 καὶ
3066 2530 3132 2599 τῇ
3187 2527 3402 2600 γλώττῃ
3445 2531 3540 2582 καὶ

1961 2622 2170 2693 χείλεσι
2207 2622 2348 2693 μετὰ
2380 2621 2696 2693 παρρησίας
2750 2620 3169 2690 ὁμολογοῦντες,
3231 2623 3328 2692 τὴν
3375 2622 3537 2693 ἀσινῆ

1962 2716 2020 2767 ἐν
2050 2716 2245 2779 αὑταῖς
2272 2716 2365 2768 καὶ
2398 2714 2689 2783 ἀκίϐδηλον
2723 2716 2815 2768 καὶ
2860 2715 3330 2783 ἀπαράϐραυστον
3362 2716 3541 2786 πάντη

1960 2807 2036 2869 ὡς
2068 2806 2421 2875 θεοφορήτων
2480 2806 2574 2858 καὶ
2634 2804 3002 2871 υεοδοξὰστων
3060 2805 3155 2859 καὶ
3209 2805 3545 2875 θεοκινήτιυν

1962 2899 2223 2969 Πατέριον
2257 2898 2416 2969 ἱερὰν
2441 2896 2607 2971 444
2638 2884 2967 2969 παραθήκην
3019 2900 3184 2969 μέχρι
3214 2898 3405 2962 τέλους
3446 2914 3547 2966 φυ-

1960 2988 2236 3059 λάξωμεν,
2270 2987 2355 3043 ἵνα
2381 2991 2505 3051 ταῖς
2533 2989 2864 3058 πρεσϐείαις
2891 2987 3004 3040 τῶν
3048 2986 3367 3056 ὲκθεμένων
3414 2987 3545 3039 αὐτὸ

1961 3081 2058 3136 καὶ
2092 3080 2447 3150 φυλαξάντων
2471 3080 2644 3148 ἁγίων
2676 3080 2768 3133 καὶ
2820 3079 2929 3132 τῶν
2958 3079 3083 3150 ,πρὸ
3133 3080 3337 3144 αὐτῶν,
3374 3079 3435 3145 ἐξ
3466 3073 3543 3131 ὦν

1960 3174 2059 3245 τὴν
2100 3175 2303 3243 γνῶσιν
2361 3191 2509 3228 ουτοι
2564 3171 2658 3226 τοῦ
2716 3171 2989 3241 συμϐόλου
3050 3170 3403 3241 παρέλαϐον,
3449 3172 3545 3224 καὶ

275 3261 585 3333 καραδοκια
623 3260 724 3331 τῆς
787 3262 1019 3322 κτίσεως
1058 3259 1155 3330 τὴν
1183 3258 1525 3327 ἀποκάλυψιν
1568 3257 1729 3331 443
1751 3256 1857 3310 τῶν
1885 3275 1928 3335 c
1965 3270 2187 3321 πάντων
2220 3266 2353 3337 ὁμοῦ
2419 3265 2529 3318 τῶν
2564 3264 2761 3334 ἁγίων,
2798 3265 2905 3316 τῶν
2961 3263 3120 3334 ιερῶν
3160 3264 3412 3331 ἀγγέλων
3455 3263 3538 3316 )t—

356 3437 422 3493 Et
452 3455 615 3493 unam
637 3446 881 3493 sanctam
899 3438 1211 3493 catholicam
1234 3446 1284 3491 et
1307 3437 1653 3508 apostolicam
1678 3437 1857 3491 Eccle-

276 3535 443 3587 siam.
472 3531 628 3585 Sicut
651 3532 940 3587 catholicae
967 3542 1096 3587 sunt
1120 3539 1327 3601 septem
1364 3532 1611 3600 epistola:
1637 3531 1702 3584 ad
1738 3546 1858 3586 om-

281 3616 382 3679 nes
406 3624 591 3679 ﬁdeles
623 3623 838 3692 scriptae
878 3622 1267 3687 communiter,
1307 3623 1381 3676 ita
1407 3622 1570 3675 etiam
1610 3622 1855 3675 omnium

281 3715 721 3769 orthodoxorum
752 3713 995 3769 Ecclesia
1028 3713 1300 3767 catholica
1355 3713 1581 3768 dicitur.
1615 3713 1852 3782 Paplus:

287 3808 396 3867 «Is,
431 3805 523 3874 qui
558 3804 771 3858 diversa
807 3803 1144 3867 conciliavit,
1166 3814 1219 3858 et
1248 3820 1390 3859 unus
1417 3804 1707 3871 Dominus,
1749 3819 1857 3859 una

288 3899 446 3959 ﬁdes,
506 3912 673 3950 unum
711 3897 1039 3966 baptisma.»
1072 3895 1173 3949 Et:
1208 3893 1462 3948 «Fratres
1496 3895 1671 3949 sancti
1696 3902 1749 3949 et
1767 3911 1859 3949 su-

285 3988 584 4055 pet'stt'ut'li
610 4004 774 4056 super
795 3986 1211 4041 fundamentum
1239 3986 1614 4055 apostolorum
1647 3996 1698 4039 et
1733 4000 1855 4054 pro-

282 4081 574 4150 phetarum
600 4078 905 4133 cxsistente
951 4079 1061 4131 imo
1100 4077 1277 4145 lapide
1303 4076 1550 4146 angulari
1584 4077 1702 4147 ipso
1729 4074 1854 4131 Jesu

284 4175 561 4230 Christo.»
592 4170 692 4226 Et:
723 4169 863 4226 «Vos
903 4171 1035 4225 estis
1068 4185 1265 4239 corpus
1296 4169 1500 4225 Christi
1540 4170 1859 4237 etsingula-

284 4266 385 4321 tim
413 4266 715 4320 membra.»
753 4264 816 4319 Et
845 4281 858 4317 :
900 4264 1078 4331 «Quos
1102 4261 1246 4316 Deus
1272 4262 1555 4317 constituit
1590 4262 1643 4315 in
1676 4261 1861 4316 Eccle-

284 4360 369 4414 sia
422 4358 654 4427 primunt
715 4357 1017 4426 apostolos,
1067 4355 1264 4409 deinde
1316 4354 1635 4423 prophetas,
1688 4353 1851 4407 tertio

283 4454 641 4522 discipulos.»
670 4450 764 4504 Et:
798 4448 899 4505 «Ut
928 4449 1228 4503 aediﬁcetur
1255 4447 1554 4503 Ecclesia.»
1582 4446 1645 4500 Et
1673 4464 1688 4500 :
1715 4444 1858 4501 «Vos

284 4545 426 4600 estis
454 4545 714 4613 templum
740 4543 832 4597 Dei
866 4543 1027 4598 vivi.»
1066 4541 1133 4596 Et
1172 4560 1185 4595 :
1224 4540 1337 4594 «Ad
1362 4539 1747 4610 perfectionem
1771 4552 1863 4595 ec-

283 4730 417 4785 Jesu
441 4728 685 4792 Christo,
711 4728 765 4781 in
798 4742 909 4795 quo
938 4743 1033 4781 vos
1057 4725 1425 4781 tediﬁcamini.
1446 4726 1624 4795 Atque
1649 4725 1762 4794 ipse
1780 4734 1862 4779 est

283 4831 455 4889 caput
477 4819 722 4889 corporis
748 4817 1026 4872 Ecclesite.
1063 4835 1081 4867 »

363 4910 630 4980 Conﬁteor
647 4927 810 4964 unum
843 4909 1105 4977 baptisma
1147 4909 1202 4961 in
1234 4908 1594 4989 remissionem
1620 4917 1861 4975 peccato-

286 5021 431 5060 rum.
469 5002 702 5058 Paulus:
742 5000 1048 5056 «Conﬁtere
1087 5001 1370 5069 pulchram
1394 4999 1855 5053 confessionem.»

289 5098 359 5153 Et
386 5114 402 5151 :
447 5096 674 5151 «Animo
700 5095 976 5150 credimus
1007 5094 1074 5147 ad
1105 5093 1393 5162 justitiam,
1416 5107 1510 5147 ore
1535 5091 1861 5147 conﬁtemur

289 5190 358 5244 ad
394 5188 806 5244 salvationem.»
849 5184 1034 5241 «Unus
1063 5185 1347 5249 Dominus,
1376 5201 1481 5239 una
1510 5185 1662 5251 ﬁdes,
1696 5200 1860 5238 unum

294 5284 619 5350 baptisma.»
677 5281 1024 5351 Evangelinm
1060 5299 1075 5335 :
1126 5278 1502 5349 «Baptizantes
1545 5293 1639 5332 eos
1686 5280 1751 5331 ad
1787 5294 1867 5332 re-

294 5375 614 5428 missionem
676 5381 1084 5442 peccatorum.»
1146 5371 1524 5440 «Baptizanles
1568 5383 1660 5424 eos
1686 5369 1739 5422 in
1768 5384 1867 5422 uo-

294 5466 441 5519 mine
474 5463 648 5517 Patris
674 5471 727 5517 et
759 5462 877 5516 Filii
903 5472 954 5515 et
977 5460 1221 5530 Spiritus
1255 5460 1450 5513 sancti.
1487 5478 1504 5508 »

364 5554 623 5624 Exspecto
664 5554 1091 5607 resurrectionem
1151 5560 1500 5603 mortuorum.
1545 5550 1678 5604 Acta
1704 5589 1715 5602 .
1758 5549 1864 5603 «De

300 5666 397 5718 spe
447 5659 498 5701 et
546 5646 954 5700 resurrectione
1019 5652 1359 5697 mortuorum
1418 5658 1519 5711 ego
1573 5642 1810 5711 judicor.
1842 5662 1859 5693 »

299 5740 503 5795 Isaias:
540 5736 872 5808 «ReSurgcut
893 5737 1090 5790 mortui
1110 5746 1164 5791 et
1189 5734 1603 5801 suscitabuntur
1625 5736 1716 5806 qui
1742 5744 1870 5790 sunt

299 5836 355 5890 in
388 5831 701 5903 sepulcris.»
728 5831 895 5885 Acta:
927 5829 1170 5885 «Etenim
1228 5818 1465 5885 mundus
1494 5829 1583 5885 hic
1618 5828 1870 5887 conditus

1958 3445 2192 3499 sollicite
2278 3452 2560 3510 exspectat
2616 3441 3004 3497 revelationem
3090 3441 3327 3495 filiorum
3390 3442 3537 3495 Dei.»

1958 3536 2349 3607 Evangelium:
2388 3535 2552 3589 «Cum
2579 3535 2779 3588 mortui
2804 3534 3032 3588 audient
3061 3547 3246 3587 vocem
3278 3532 3402 3587 Filii
3429 3532 3543 3599 Dei,

1958 3638 2012 3682 et
2041 3631 2243 3689 vivent,
2264 3627 2356 3696 qui
2392 3626 2705 3679 audiverint
2747 3640 2922 3679 eam.»

2032 3718 2099 3772 Et
2127 3719 2293 3773 vitam
2323 3718 2526 3769 venturi
2545 3717 2746 3770 sa-culi.
2784 3715 3135 3785 Evangelium
3172 3732 3185 3769 :
3222 3735 3239 3768 «
3290 3716 3391 3784 Qui
3434 3720 3548 3774 odit

1961 3813 2198 3865 animam
2231 3826 2385 3864 suam
2413 3809 2466 3863 in
2487 3810 2589 3862 hoc
2614 3814 2834 3871 mundo,
2864 3810 2926 3863 ad
2955 3809 3116 3864 vitam
3144 3819 3401 3864 attentam
3424 3826 3545 3867 eam

1961 3902 2220 3957 servabit.
2260 3919 2278 3952 »
2313 3901 2484 3953 Acta:
2518 3917 2535 3948 «
2574 3899 2893 3966 Disputante
2915 3906 3096 3952 autem
3129 3899 3220 3952 illo
3246 3900 3313 3953 «le
3341 3894 3546 3965 iu‘Stitia

1958 3986 2012 4047 et
2039 3989 2395 4058 temperantia
2420 3998 2473 4040 et
2517 3987 2719 4057 judicio
2751 3988 2953 4040 futuro.
3012 4005 3028 4035 ι
3058 3986 3227 4041 Isaias
3256 4005 3269 4041 :
3306 4005 3324 4038 «
3387 3986 3549 4043 Pater

1960 4086 2144 4143 smeuli
2180 4084 2371 4165 futuri.
2414 4102 2430 4135 »
2462 4082 2813 4151 Evangeliqu
2840 4101 2854 4137 :
2890 4102 2907 4133 «
2942 4084 3055 4151 Ego
3078 4082 3223 4149 vivo,
3255 4091 3310 4137 et
3342 4072 3437 4153 qui
3459 4099 3549 4139 me

1962 4180 2161 4241 ederit,
2192 4177 2331 4231 vivet
2358 4190 2451 4246 per
2485 4191 2590 4229 me.
2625 4194 2643 4228 »
2686 4174 2752 4228 Et
2785 4194 2797 4229 :
2842 4195 2858 4228 «
2894 4174 3006 4243 Ego
3037 4189 3157 4229 sum
3212 4178 3548 4231 resurrectio

1961 4281 2015 4325 et
2047 4272 2175 4326 vita.
2213 4288 2231 4320 »
2264 4268 2365 4322 Et:
2394 4286 2409 4318 «
2438 4266 2679 4321 Abibunt
2700 4265 2751 4319 hi
2775 4264 2840 4319 ad
2866 4280 3083 4335 pmnam
3109 4268 3547 4337 aeternam,justi

1963 4370 2144 4416 autem
2165 4358 2231 4414 ad
2263 4359 2427 4411 vitam
2456 4367 2740 4412 aeternam.
2784 4376 2802 4409 »

2035 4455 2221 4507 Amen.
2256 4452 2589 4506 Vocabulum
2639 4450 2810 4504 Amen
2833 4448 3022 4515 _totius
3068 4452 3245 4505 sancti
3301 4448 3549 4521 Symboli

1963 4536 2312 4600 conﬁrmatio
2342 4551 2396 4596 et
2426 4541 2663 4612 sigillum
2691 4549 2754 4595 et
2786 4542 2941 4610 quasi
2971 4541 3147 4596 clavis
3169 4541 3419 4610 quazdam
3440 4552 3545 4607 est,

210 4664 229 4669 —
285 4637 526 4700 «desim,»
566 4644 655 4691 et:
701 4653 719 4686 ι
755 4633 1066 4688 Exsistente
1107 4634 1217 4686 imo
1248 4633 1426 4703 lapide
1461 4630 1706 4701 angulari
1740 4630 1860 4700 ipso
1892 4617 1941 4677 D
1966 4652 2073 4707 qua
2103 4635 2314 4690 externi
2343 4634 2702 4689 sccluduntur
2722 4642 2774 4687 et
2800 4642 3060 4702 tanquam
3111 4634 3365 4688 conclavi
3425 4634 3548 4703 pul-

1966 4728 2239 4785 cherrimo
2269 4726 2527 4781 Ecclesiae
2552 4719 2805 4781 servatur
2830 4727 3125 4780 thesaurus
3159 4725 3305 4787 ﬁdei,
3332 4741 3401 4780 ue
3423 4727 3547 4796 quis

1965 4820 2091 4874 inde
2111 4819 2239 4888 quid
2266 4817 2501 4882 auferat,
2528 4827 2621 4870 aut
2648 4817 2885 4871 alienum
2915 4816 3044 4886 quid
3077 4816 3299 4872 inferat.

2038 4911 2291 4965 Divinum
2329 4910 2435 4964 hoc
2466 4909 2873 4965 sanctissimum
2910 4918 2962 4963 ct
2988 4910 3221 4965 omniex
3254 4919 3406 4980 parte
3430 4927 3552 4979 per-

1966 5005 2168 5060 fectum
2198 5003 2420 5072 pietatis
2453 5012 2657 5057 nostra:
2711 5001 2949 5071 signum,
2996 5000 3405 5057 confessionem
3452 5018 3549 5071 pa-

1966 5105 2133 5160 trum,
2171 5094 2540 5149 deﬁnitionem
2573 5106 2715 5147 verae
2744 5102 2951 5147 nostrae
2984 5092 3133 5155 ﬁdei,
3189 5101 3374 5147 mente
3419 5109 3553 5147 con-

1967 5186 2274 5241 siderantes
2306 5201 2366 5238 ac
2400 5184 2584 5254 lingua
2619 5192 2673 5239 et
2694 5182 2856 5238 labiis
2884 5182 3053 5237 libere
3082 5185 3428 5252 proﬁtentes,
3464 5185 3550 5237 in-

1966 5279 2233 5333 violatum
2270 5279 2321 5331 in
2352 5278 2535 5332 animo
2565 5286 2620 5331 et
2645 5276 2919 5332 sincerum
2953 5284 3006 5329 et
3030 5274 3403 5344 incorruptum
3431 5291 3554 5330 om-

1968 5369 2101 5424 nino
2132 5383 2348 5437 semper
2373 5367 2713 5423 servabimus
2736 5383 2764 5422 a
2803 5366 2987 5422 Patrib
3002 5382 3066 5421 us
3121 5368 3308 5423 divino
3336 5367 3547 5437 Spiritu
3634 5444 3639 5447 _

1968 5461 2190 5526 atllatis,
2231 5461 2473 5516 incitatis
2520 5470 2574 5514 et
2636 5461 2892 5530 gloriosis
2947 5470 3233 5530 acceptum
3298 5469 3548 5516 sanctmn

1973 5555 2193 5623 pignus,
2228 5562 2306 5615 ut,
2339 5553 2572 5617 sanctis,
2604 5553 2696 5621 qui
2730 5553 2782 5606 id
2833 5563 3237 5623 proposuerunt
3274 5560 3328 5606 et
3365 5566 3551 5607 serva-
3582 5572 3587 5575 Α

1972 5653 2118 5710 runt,
2146 5654 2199 5699 et
2230 5644 2317 5706 iis,
2337 5659 2363 5695 a
2391 5644 2669 5714 quibus-hi
2700 5644 3195 5716 notitiamsymboli
3218 5643 3550 5707 habuerunt,

1976 5737 2188 5791 sanctis
2215 5736 2452 5807 denique
2479 5738 2733 5793 omnibus
2756 5737 3204 5807 deprecantibus,
3237 5745 3291 5791 ct
3316 5736 3552 5790 interce-

1977 5828 2231 5887 dentibus
2262 5830 2468 5898 ang-rlis
2500 5840 2550 5888 et
2574 5814 3075 5887 Matrc'Salvatoxis
3107 5829 3283 5888 nostri
3347 5839 3403 5886 et
3454 5827 3552 5886 Dei
