3986 6438
498 394 646 459 ’1039

497 605 530 673 ἡ
561 601 751 672 μνήμη
784 598 878 653 τοῦ
904 596 1413 680 ἐλευθερωτοῦστῶν
1445 599 1834 671 αἰχμαλώτων,
1863 602 1959 656 τοῦ
1990 621 2089 672 με-

497 694 920 765 γαλομάρτυρος
967 693 1209 764 δηλονότι
1257 693 1560 766 Γεωργίου.
1608 694 1840 767 ἐδεήθην
1893 698 2083 764 αὐτοῦ,

493 789 570 849 ὡς
606 786 763 857 κάγὼ
792 786 1088 857 Γεώργιος,
1126 788 1220 842 καὶ
1248 788 1525 842 παιδιόθεν
1559 788 1747 853 δοῦλος
1774 790 1964 857 αὐτοῦ,
1998 793 2086 847 ίνα

493 881 749 954 λυτρώσῃ
780 899 845 951 με
871 881 980 937 τῶν
1013 882 1228 951 δεσμῶν
1258 899 1272 914 ·
1302 882 1397 937 καὶ
1420 883 1788 952 ἀφυπνισθεὶς
1815 885 1965 951 ἔδοξέ
1995 904 2086 956 μοι

494 975 577 1030 δτι
607 976 839 1048 εὑρέθην
868 977 950 1038 εἰς
980 974 1071 1029 τὸν
1103 975 1409 1047 περικαλλῆ
1437 976 1565 1031 ναὸν
1589 976 1683 1031 τὸν
1715 981 1797 1043 εἰς
1824 981 1886 1034 τὸ
1911 980 2086 1051 ὄνομα

494 1068 661 1121 αὐτοῦ
690 1068 799 1122 τῶν
827 1068 1146 1138 Μαγγάνων
1176 1067 1330 1141 [145]
1359 1069 1855 1142 ἐπονομαζόμενον,
1883 1074 1965 1137 είς
1986 1073 2085 1146 τὴν

494 1148 697 1231 φιάλην
732 1163 1023 1232 ἱστάμενος
1056 1163 1153 1216 καὶ
1190 1162 1377 1233 φορῶν
1415 1161 1512 1216 κοιλ⁸
1542 1162 1614 1218 τὰ
1664 1164 1893 1235 σιδηρᾶ·
1934 1166 2083 1237 διερ-

490 1252 723 1322 χομένου
743 1252 798 1306 δὲ
826 1252 919 1306 τοῦ
946 1251 1213 1322 βασιλέως
1233 1252 1375 1321 τάχα
1409 1251 1495 1305 ἵνα
1523 1254 1606 1316 είς
1626 1253 1726 1324 τὴν
1752 1253 2083 1308 ἀκολουθίαν

490 1342 590 1412 τῆς
622 1341 920 1413 ἐκκλησίας
950 1341 1187 1413 ἀπέλθῃ,
1220 1342 1450 1415 ἐδεήθην
1476 1344 1672 1409 αὐτοῦ,
1704 1343 1792 1399 ἴνα
1830 1360 1899 1416 με
1931 1346 2085 1401 ἐλευ-

450 1452 457 1457 ‘
491 1432 772 1506 θερώσουν
805 1435 912 1488 ἀπὸ
940 1433 1011 1489 τὰ
1044 1435 1242 1506 σιδηρᾶ
1269 1452 1281 1465 ·
1311 1438 1408 1491 καὶ
1435 1437 1464 1488 6
1491 1437 1589 1507 μὲν
1626 1436 1888 1508 βασιλεὺς
1924 1438 2082 1512 διέϐη

490 1527 644 1591 ἐντὸς
674 1528 770 1598 τῆς
795 1528 1123 1600 ἐκκλησίας,
1155 1529 1341 1600 ἄρχων
1366 1530 1425 1584 δέ
1468 1547 1556 1594 τις
1587 1530 1708 1596 νέος
1744 1532 2085 1604 ἐπιστρέψας

490 1620 625 1690 πρὸς
655 1620 755 1690 ἐμὲ
785 1620 939 1688 λέγει
971 1637 1096 1689 μοι·
1132 1611 1363 1692 Ὦρισεν
1387 1623 1416 1677 6
1452 1622 1721 1695 αὐθέντης
1751 1624 1908 1696 ήμῶν
1930 1628 1958 1680 6
1987 1625 2085 1697 βα-

492 1712 698 1790 σιλεύς,
725 1713 813 1765 ἵνα
842 1730 902 1766 σε
928 1712 1196 1767 ἐκϐάλουν
1230 1713 1336 1767 ἀπὸ
1360 1714 1428 1769 τὰ
1460 1716 1659 1787 σιδηρᾶ
1677 1734 1692 1750 ·
1727 1716 1997 1790 ἐζήτησέν
2021 1736 2084 1773 το

489 1805 597 1876 γὰρ
618 1784 729 1858 ’καὶ
756 1807 788 1876 ή
823 1806 990 1877 κυρία
1020 1807 1052 1876 ή
1063 1806 1181 1879 μῶν
1220 1807 1505 1864 δέσποινα.
1538 1784 1653 1864 καὶ
1691 1784 1824 1883 περί
1845 1784 1946 1884 τήν
1975 1812 2076 1866 αὐ-

488 1902 596 1969 γὴν
625 1898 799 1968 αὐτὴν
825 1900 923 1968 τῆς
953 1899 1152 1965 νυκτὸς
1183 1902 1241 1954 ἐν
1287 1901 1410 1973 ὥρα
1449 1903 1738 1973 ἀσυνήθει,
1774 1905 1883 1959 ίδοὺ
1912 1904 1966 1959 οί
1989 1904 2087 1960 τοῦ
2116 1889 2163 1961 Β

488 1992 662 2046 κουλᾶ
717 1992 1003 2064 ἄρχοντες,
1054 1993 1149 2047 καὶ
1194 1993 1374 2065 ἐτεροι
1428 1996 1568 2067 μετὰ
1620 1996 1946 2067 σιδηρικῶν,
1984 1998 2085 2053 καὶ

489 2085 818 2141 ἐκϐάλλουσί
853 2104 921 2159 με
948 2086 1167 2142 ἅπαντα
1198 2088 1267 2142 τὰ
1321 2077 1556 2160 σιδηρᾶ·
1595 2091 1689 2144 καὶ
1732 2091 2088 2158 ἐξαιτιῶνται

487 2181 588 2234 καὶ
626 2179 906 2250 λέγουσιν,
937 2180 1036 2251 οὐχ
1068 2182 1150 2235 ὅτι
1175 2181 1464 2252 ἐχθρωδῶς
1493 2182 1695 2254 ἔχουσι,
1721 2185 1905 2248 καλῶς
1931 2186 2088 2241 οὐδέν

489 2291 557 2342 με
590 2273 908 2345 τρέφουσιν,
961 2273 1079 2327 ἀλλ’
1118 2274 1202 2328 ὅτι
1236 2274 1339 2327 οὐκ
1389 2272 1579 2344 ἔχουσι
1605 2293 1619 2307 ι
1653 2275 1749 2329 καὶ
1806 2275 1948 2346 μετὰ
1990 2276 2087 2330 δύο

487 2370 704 2441 ἡμέρας
736 2371 985 2434 ἐλθόντες
1019 2369 1186 2424 πάλιν
1225 2368 1451 2439 ζητοῦσί
1502 2388 1594 2441 με,
1632 2371 1726 2426 καὶ
1760 2372 1954 2439 δέομαι
1988 2372 2084 2427 τοῦ

486 2462 749 2527 αὐθεντός
788 2481 892 2532 μου
935 2462 1023 2516 διὰ
1062 2464 1306 2531 γραφῆς,
1346 2463 1431 2515 ὃτι
1476 2463 1542 2514 νά
1581 2461 1787 2534 ἐνδώσῃ
1822 2462 1887 2517 νὰ
1933 2463 2087 2531 ἐξέλ-

486 2562 620 2616 θουν
650 2562 915 2632 ἄρχοντες
943 2559 1010 2612 νὰ
1044 2561 1346 2630 συντύχουν
1378 2554 1519 2629 πρδς
1553 2559 1913 2629 συμϐίϐασιν,
1945 2560 2084 2630 ὅπερ

476 2644 583 2710 καὶ
613 2656 809 2726 γέγονε
835 2671 848 2686 ·
878 2654 974 2709 καὶ
1005 2653 1476 2724 συμϐιϐασθέντες
1504 2652 1807 2727 δεδώκασιν
1846 2652 1995 2723 αὐτῷ
2022 2652 2083 2706 τδ

488 2749 804 2821 Σαραϐἀλε,
831 2749 1002 2812 οὕτως
1036 2749 1118 2804 ὅτι
1145 2748 1214 2803 νὰ
1249 2749 1477 2820 σηκωθῇ
1511 2749 1588 2812 είς
1615 2748 1676 2802 τὸ
1702 2748 1966 2818 ὁσπήτιον
1988 2747 2085 2801 αὐ-

485 2843 584 2895 τοῦ
616 2842 715 2914 τὴν
743 2843 1092 2914 Γλαρέντζαν
1114 2858 1129 2876 ·
1165 2843 1262 2898 καὶ
1295 2842 1489 2913 μέχρις
1523 2842 1647 2896 ὅλου
1681 2843 1862 2896 Μαΐου
1899 2843 1947 2895 εί
1982 2841 2083 2912 μὲν

488 2936 624 3010 ἔλθῃ
653 2938 680 2991 6
735 2936 1148 3009 μητροπολίτης
1192 2938 1290 2991 καὶ
1323 2935 1592 3007 αὐθέντης
1621 2936 1827 3001 αὐτῶν,
1875 2936 2083 3008 ποιήσῃ

488 3032 701 3096 ἐκεῖνος
729 3030 805 3094 ὡς
832 3029 1082 3094 θέλει·,εί
1106 3031 1154 3085 δ’
1182 3029 1297 3095 οὖν,
1341 3029 1410 3084 νὰ
1440 3028 1690 3084 δώσωσιν
1722 3028 1874 3099 αὐτῷ
1898 3028 1961 3082 1:6
1985 3029 2085 3082 κά-

490 3143 657 3195 στρον
680 3141 696 3157 ·
730 3126 826 3180 καὶ
860 3125 1169 3196 γεγονότων
1201 3124 1386 3196 ὅρκων
1419 3122 1516 3179 καλ⁵
1550 3121 1964 3194 παραλαϐόντος
1986 3121 2083 3189 καὶ

1744 395 2070 459 GEORGII
2107 400 2537 465 PHRANTZE
2826 418 2839 423 ‘
3280 460 3283 465 .

580 506 745 604 Ἐμοῦ
772 504 829 561 δὲ
850 503 1107 604 κει-μένρυ
1133 505 1191 558 ἐν
1214 504 1432 604 φυλα-κῇ
1461 506 1778 604 ἠμέρας-με,
1809 508 1886 575 ὡς
1916 505 2091 604 ἦλθεν
2120 536 2165 595 Α
2196 517 2290 572 καὶ
2332 520 2442 573 ίδού
2487 521 2563 584 ὡς
2592 522 2834 594 βλέπεις,
2876 526 3241 600 ἐσηκώθημεν
3282 529 3376 585 καὶ
3415 531 3627 604 ήλθομεν
3654 540 3715 602 είς

3604 414 3710 484 Ῑθίθ

2191 611 2254 664 τδ
2280 614 2546 683 ὁσπήτιον
2572 616 2606 684 ή
2617 615 2737 685 μῶν
2757 633 2773 648 ·
2811 619 2892 682 είς
2934 619 3123 687 ὀλίγας
3152 621 3245 675 οὖν
3278 621 3483 693 ἡμέρας
3502 626 3597 695 ἔχω
3621 646 3720 681 σκο-

2192 703 2296 758 πὸν
2329 706 2397 761 vd:
2431 707 2636 763 στέλλω
2657 711 2857 773 τοῦτον
2876 714 2941 786 δή
2974 714 3066 769 τὸν
3090 714 3358 787 ἄρχονταν
3382 717 3460 781 είς
3497 718 3578 772 τὸν
3600 722 3721 775 ἀδελ-

2193 798 2293 865 φόν
2323 817 2424 869 μου
2447 801 2547 859 ,τὸν
2597 804 2776 875 μέγαν
2823 808 3049 879 ἀμηρᾶν
3073 809 3306 880 (δεικνὺς
3336 810 3473 881 ἐμὲ),
3498 814 3582 867 καὶ
3605 814 3723 871 θέλει

2189 889 2459 959 δηλώσειν
2479 896 2574 949 καὶ
2600 898 2730 962 τούς
2755 899 3012 966 πλείονας
3033 901 3189 973 ήμῶν
3217 902 3407 971 λόγους
3432 920 3445 935 ⁸
3470 907 3498 959 ὃ
3514 905 3565 959 δὲ
3588 909 3725 977 Τοῠρ·

2192 1001 2288 1049 κος
2322 987 2565 1054 ἀκούσας
2599 994 2829 1058 τούτους
2884 999 3014 1061 τοὺς
3043 997 3261 1065 λόγους,
3294 997 3374 1053 ἐτι
3401 998 3456 1053 δέ
3485 1000 3569 1054 καὶ
3605 1002 3726 1070 φιλο-

2192 1079 2488 1148 φρονηθεὶς
2528 1082 2712 1146 καλῶς
2742 1086 2953 1156 ἀπῆλθε
2983 1088 3193 1159 χαίρων
3218 1105 3233 1123 ·
3274 1089 3480 1145 ἐκείνου
3511 1090 3561 1144 δέ
3588 1091 3727 1145 ἀπελ-

2192 1171 2400 1239 θόντος,
2422 1175 2628 1246 ὥρισεν
2651 1178 2778 1248 ἐμὲ,
2807 1180 2918 1235 ίδού
2947 1184 3313 1254 προετοίμαζε
3336 1185 3403 1239 τὰ
3421 1185 3548 1255 πρὸς
3569 1185 3725 1257 χρείαν

2190 1266 2292 1336 τῆς
2321 1267 2464 1335 ὁδοῦ,
2513 1269 2589 1340 μὴ
2623 1271 2833 1334 είδότος
2883 1290 2988 1343 μου
3022 1276 3289 1345 πρότερον
3330 1277 3392 1331 τὸ
3424 1279 3575 1349 τυχόν
3598 1296 3612 1311 ·
3639 1280 3728 1349 ἐγὼ

2188 1359 2238 1412 δ’
2260 1360 2532 1432 ἀνέφερον
2563 1364 2735 1436 αὐτῷ,
2762 1365 2845 1421 ὅτι
2883 1366 3046 1437 μόνον
3074 1370 3141 1425 νὰ
3174 1369 3321 1444 δώσῃ
3352 1373 3379 1426 6
3406 1373 3532 1438 Θεὸς
3557 1373 3617 1428 νὰ
3641 1392 3727 1445 μησ

2188 1452 2278 1506 δὲν
2323 1453 2455 1528 ἐλθῃ
2484 1458 2513 1510 6
2562 1459 2997 1532 μητροπολίτης,
3048 1463 3146 1518 καὶ
3173 1463 3240 1518 νὰ
3291 1464 3494 1519 δὼσουν
3534 1467 3730 1537 ήμᾶςτδ

2188 1544 2451 1617 κάστρον,
2486 1550 2582 1604 καὶ
2638 1552 2750 1621 ἐγὼ
2781 1554 2849 1609 νὰ
2892 1556 3236 1628 ἀναῤῥωσθῶ
3281 1558 3338 1613 τί
3387 1575 3512 1614 ποτε
3559 1561 3727 1615 πλέον·

2187 1639 2305 1715 ἀμὴ
2339 1642 2521 1698 πάντα
2569 1644 2712 1700 θέλω
2745 1649 2816 1700 τὰ
2869 1648 3015 1714 ἐξειν
3064 1651 3260 1721 ἕτοιμα
3308 1653 3391 1716 είς
3429 1653 3730 1725 ἐκπλήρωσιν

2186 1732 2288 1804 τῆς
2302 1734 2578 1807 ἀποδοχῆς
2596 1755 2714 1794 σου.
2727 1740 2845 1810 Τῆς
2856 1740 2911 1796 δέ
2926 1741 3270 1814 προθεσμίας
3289 1743 3548 1815 ἐλθούσης
3560 1748 3643 1800 καὶ
3655 1746 3730 1800 τοῦ

2195 1830 2601 1899 μητροπολίτου
2634 1833 2737 1888 οὐκ
2767 1834 3039 1902 ἐλθόντος,
3076 1840 3140 1908 τῇ
3172 1838 3342 1892 αὐτοῦ
3372 1837 3581 1894 Ἰουνίου
3598 1840 3733 1908 μηνὸς

2192 1922 2289 1976 τοῦ
2321 1922 2490 1978 αὐτοῦ
2537 1924 2716 1991 ἔτους,
2762 1928 3269 1996 καϐαλικεύσαντες
3308 1932 3645 2006 ἀπερχόμεθα
3670 1935 3733 1997 είς

2194 2016 2294 2086 τὴν
2344 2017 2589 2089 Πάτραν.
2628 2019 2783 2093 [148]
2821 2021 2911 2076 Ἐν
2965 2022 3194 2088 ταύταις
3236 2019 3335 2080 οὖν
3376 2029 3493 2090 ταῖς
3537 2027 3733 2097 ἡμέραις

2195 2106 2291 2160 καὶ
2320 2109 2349 2160 6
2377 2109 2814 2178 αὐθεντόπουλος
2843 2114 2952 2185 κύρ
2997 2116 3202 2185 Θωμᾶς
3230 2116 3295 2171 τὸ
3338 2118 3434 2173 τοῦ
3469 2120 3731 2189 πριγκίπον

2193 2198 2559 2273 Τζεντουρίου
2590 2205 2832 2276 κάστρον
2851 2206 2951 2278 τήν
2976 2206 3394 2281 Χαλαντρίτξαν
3417 2211 3507 2266 τοῦ
3531 2213 3615 2266 καὶ
3633 2230 3735 2282 μετα

2191 2294 2388 2349 έπειτα
2432 2299 3046 2373 γεγονότος’πενθεροῦ
3096 2303 3262 2358 αὐτοῦ
3319 2304 3647 2375 ἐπολιόρκει·
3675 2308 3734 2369 ὥς

2188 2386 2248 2441 δέ
2294 2389 2554 2462 διήρχετο
2599 2394 2629 2447 6
2663 2392 2932 2464 αὐθέντης
2984 2412 3088 2459 μου
3124 2396 3220 2451 καὶ
3268 2396 3319 2450 οἱ
3350 2397 3561 2467 ἀδελφοὶ
3602 2397 3733 2452 αὐτοῦ

2188 2480 2289 2552 τήν
2317 2482 2436 2537 666v
2488 2482 2589 2556 τὴν
2623 2484 2900 2555 φέρουσαν
2948 2489 3030 2552 εἰς
3058 2489 3160 2559 τὴν
3208 2489 3453 2563 Πάτραν,
3500 2487 3735 2546 κατελθὼν

2189 2572 2287 2626 καὶ
2318 2571 2477 2647 οὗτος
2505 2574 2569 2647 δή
2601 2579 2630 2629 6
2656 2577 2891 2647 ἁδελφὸς
2921 2578 3113 2645 αὐτοῦ,
3147 2580 3375 2652 ἔμειναν
3402 2581 3536 2652 ὁμοῦ
3560 2583 3634 2645 είς
3654 2580 3734 2652 τὴν

2194 2667 2545 2735 Καμενίτζαν
2570 2686 2588 2705 ο
2627 2669 2705 2734 ὡς
2736 2671 2794 2724 δέ
2825 2671 2997 2742 ἔμαθε
3036 2675 3198 2729 τοῦτο
3234 2676 3334 2730 καὶ
3363 2676 3393 2731 6
3433 2678 3511 2741 είς
3530 2676 3620 2747 τὴν
3644 2675 3733 2730 Χα-

2188 2759 2522 2828 λαντρίτζαν
2561 2763 2656 2817 τοῦ
2713 2766 3022 2834 πριγκίπου
3080 2769 3473 2841 εὑρισκόμενος
3515 2770 3733 2843 ἅρχων,ὁ

2199 2852 2580 2921 Ἰωαννοΰτζις
2616 2857 2890 2924 Παλότας,
2918 2861 3152 2935 αἰτήσας
3180 2861 3502 2934 ἀφιέρωσιν,
3531 2862 3609 2919 ἴνα
3628 2860 3729 2932 ἔλθῃ

2189 2948 2288 3002 καὶ
2322 2951 2684 3026 προσκυνήσῃ
2718 2952 3071 3025 ἀμφοτέρους
3118 2956 3243 3020 τοὺς
3295 2955 3580 3020 αὐθέντας,
3609 2951 3732 3027 ἦλθεν

2188 3048 2286 3102 καὶ
2309 3045 2626 3114 ἐξελθόντος
2654 3049 3089 3113 εὐθύςιέκϐαλὼν
3109 3052 3210 3115 τὰς
3236 3051 3336 3106 τοῦ
3360 3053 3590 3124 κάστρου
3615 3050 3735 3113 κλεῖς

2185 3135 2386 3191 δέδωκε
2423 3140 2629 3203 ταύτας
2658 3140 2735 3210 τῷ
2767 3140 3005 3214 αὐθέντῃ
3038 3159 3142 3211 μου
3178 3142 3255 3213 τῷ
3281 3142 3536 3216 δεσπότῃ,
3563 3140 3733 3196 εἰπών·

486 3223 552 3276 τὸ
585 3220 874 3294 Σαραϐάλε
895 3221 963 3291 τῇ
992 3225 1034 3272 ε’
1063 3220 1242 3274 Μαΐου
1280 3218 1711 3274 ἐκαϐαλίκευσεν
1744 3219 1836 3272 καὶ
1862 3215 2080 3310 ἀπῆλθε
2105 3245 2156 3310 c
2189 3229 2364 3284 Τοῦτο
2393 3230 2470 3284 ενι
2498 3232 2740 3302 κάπρον
2780 3233 2926 3297 ιδίως
2961 3233 3058 3288 τοῦ
3092 3234 3329 3305 αὐθέντη
3366 3242 3487 3307 μουι
3508 3215 3600 3289 καὶ
3626 3249 3734 3302 συγ.

492 3316 660 3386 μέχρι
708 3311 864 3385 [146]
919 3311 1021 3381 τῆς
1070 3311 1422 3377 Σκλαϐίτζας
1483 3312 1580 3365 καὶ
1619 3310 1714 3365 τοῦ
1758 3310 1965 3365 Ῥιόλου
2014 3309 2084 3364 τὰ

488 3408 615 3474 ὅρια
640 3423 655 3437 ·
683 3403 753 3457 δι’
777 3403 882 3472 ἐμὲ
929 3401 985 3456 δέ
1023 3402 1311 3472 ἐπαφῆκεν
1354 3401 1611 3473 Ἰωάννην
1661 3402 1754 3455 τὸν
1800 3400 2084 3455 Ῥωσατᾶν

489 3502 582 3552 ἵνα.
614 3514 682 3569 με
724 3496 905 3568 ἐπάρῃ
930 3511 945 3526 ·
990 3493 1304 3565 σωζομένου
1333 3493 1446 3565 γὰρ
1477 3493 1572 3547 τοῦ
1606 3492 1986 3566 ἐλευρωθῆναί
2016 3510 2084 3563 με

489 3594 680 3660 ἕξουσι
713 3589 769 3645 τὺ
801 3589 1023 3661 βέϐαιον
1053 3588 1122 3643 τὰ
1154 3588 1476 3661 πραχθέντα
1498 3604 1513 3620 ·
1546 3589 1644 3640 καὶ
1684 3585 2098 3658 ἐλευθερωθεὶς

491 3685 728 3757 ἡμιθνὴς
778 3683 844 3754 δὴ
890 3683 1046 3754 μόλις
1099 3682 1386 3747 ἀπέσωσα,
1439 3679 1569 3734 ἔνθα
1607 3682 1702 3735 καὶ
1736 3680 1764 3734 6
1814 3678 2084 3750 αὐθέντης

494 3799 623 3852 μου,
649 3780 708 3842 δς
743 3779 869 3834 ίδών
901 3794 971 3849 με
1003 3777 1144 3849 μετὰ
1173 3777 1352 3847 χαρᾶς
1379 3775 1461 3829 ὅτι
1500 3774 1709 3844 πολλῆς
1749 3775 1848 3829 καὶ
1877 3773 2080 3842 λύπης,

488 3878 556 3929 τὸ
598 3874 698 3946 μὲν
730 3874 814 3928 ὅτι
849 3872 1001 3942 ήμην
1029 3868 1207 3933 οὕτως
1248 3866 1509 3939 ἡμιθνὴς.
1542 3868 1606 3921 τὸ
1632 3867 1690 3923 δὲ
1738 3868 1823 3921 ὅτι
1856 3866 2088 3937 ἠλευθε-

496 3968 706 4043 ρὼθην,
736 3968 833 4022 καὶ
862 3965 1055 4037 ὁρίσας
1089 3961 1321 4025 πολλοὺς
1349 3961 1543 4030 λόγους
1571 3959 1707 4032 πρὸς
1738 3961 1962 4015 ἔπαινον
1991 3960 2087 4015 καὶ

495 4059 856 4130 παραμυθίαν
889 4075 1017 4129 μου,
1046 4057 1125 4122 ὡς
1156 4054 1401 4125 ἀπῆλθον
1433 4055 1513 4119 είς
1533 4053 1632 4125 τὴν
1656 4053 1930 4109 κατούναν
1956 4070 2085 4124 μου,

495 4152 695 4224 ἔφερόν
716 4169 786 4222 με
817 4149 1137 4222 εὐεργεσίαν
1169 4146 1363 4214 αὐτοῦ,
1411 4147 1705 4218 ταμπάρον
1744 4144 1967 4201 διπλοῦν
1990 4163 2089 4219 χα-

501 4246 713 4319 μουχᾶν
746 4244 1014 4313 πράσινον
1045 4243 1153 4300 ἀπὸ
1181 4244 1282 4315 τὴν
1329 4243 1550 4300 Λοῦκαν
1583 4239 1892 4311 ἀξιόλογον,
1945 4240 2089 4313 μετὰ

418 4331 429 4338 ’
499 4338 594 4392 καὶ
629 4336 903 4407 πρασίνης
942 4335 1141 4405 τζόχας
1175 4335 1269 4389 καὶ
1297 4333 1474 4405 καλῆς
1511 4332 1892 4402 ἐνδεδυμένον,
1925 4332 2089 4387 σκού-

500 4448 635 4500 φιαν
662 4426 1136 4481 Θεσσαλονικαίαν
1192 4426 1332 4497 μετὰ
1366 4423 1814 4496 χρυσοκοκκίνου
1864 4424 2086 4495 χασδίου

501 4518 1534 4594 ἐνδεδυμένην,καϐϐάδιονιχρεμεξῆν
1596 4518 1888 4589 χαμουχᾶν
1945 4517 2089 4588 μετὰ

2193 3323 2450 3395 γάμϐρου
2499 3325 2598 3395 τῆς
2649 3326 2933 3397 βασιλείας
2983 3345 3079 3381 σου
3099 3343 3114 3360 ·
3146 3330 3243 3384 καὶ
3282 3330 3392 3400 γὰρ
3425 3330 3452 3384 ό
3484 3328 3572 3382 τοῦ
3599 3341 3735 3397 πριγ.

2194 3419 2359 3472 κίπου
2407 3420 2524 3484 υίὸς
2592 3422 2924 3491 προαπῆρεν
2970 3423 3054 3485 είς
3100 3424 3341 3494 νόμιμον
3406 3423 3624 3493 γυναῖκα
3657 3416 3734 3489 τὴν

2192 3514 2435 3585 ἀδελφὴν
2457 3515 2556 3586 τῆς
2589 3514 2912 3589 βασιλίσσης
2935 3517 3113 3588 κυρᾶς
3139 3517 3430 3589 Θεοδώρας
3450 3533 3466 3550 ·
3487 3515 3576 3571 καὶ
3597 3511 3734 3583 ὥρισέ

2196 3624 2316 3678 μοι,
2375 3609 2464 3663 ἵνα
2512 3608 2825 3681 παραδώσω
2871 3609 3033 3663 τοῦτο
3089 3610 3262 3676 αὐτῷ.
3308 3610 3370 3665 '0
3398 3610 3455 3665 δὲ
3496 3604 3731 3679 ἀπεκρίθη

2196 3699 2348 3771 αὐτῷ
2367 3717 2381 3730 ·
2412 3698 2602 3765 Οὕτως
2625 3700 2763 3772 ἔχει,
2798 3700 2883 3755 ὅτι
2907 3700 3209 3770 συγγενοῦς
3239 3702 3345 3774 μού
3367 3691 3515 3756 ἐστιν
3532 3702 3558 3755 6
3581 3698 3733 3759 τόπος,

2196 3792 2316 3848 ἀλλ’
2349 3794 2409 3846 οὐ
2434 3795 2730 3864 γνησιεστέ
2740 3811 2836 3864 pou
2865 3794 2960 3848 τοῦ
2983 3793 3215 3871 αδελφοῦ
3249 3812 3355 3865 μου
3379 3810 3395 3827 ·
3429 3792 3604 3849 λοιπὸν
3628 3804 3733 3860 προ·

2196 3884 2523 3957 γενέστερον
2568 3885 2635 3940 ἂν
2671 3880 2785 3958 εἷχε
2821 3887 3072 3957 ποιήσειν
3122 3885 3303 3952 τοῦτο,
3353 3888 3447 3942 καὶ
3479 3888 3506 3940 6
3547 3879 3735 3949 ἀδελφός

2199 3995 2304 4048 μου
2333 3980 2411 4043 ὡς
2442 3979 2525 4043 εἰς
2568 3980 2704 4051 ἐμδν
2745 3980 2904 4034 οὐδὲν
2934 3980 3130 4051 ήθελεν
3178 3980 3555 4052 ἐπιχειρήσειν
3589 3993 3633 4030 τι
3660 3972 3734 4027 καὶ

2197 4072 2309 4142 ἐγὼ
2343 4074 2641 4144 είρηνικῶς
2679 4074 2850 4145 ήθελα
2878 4075 3025 4146 ἔχειν
3054 4073 3191 4128 αὐτὸ
3219 4075 3314 4128 καὶ
3335 4078 3365 4130 6
3387 4073 3635 4141 αὐθέντης
3661 4082 3734 4120 σου

2198 4164 2554 4237 ἀλλοτρόπως
2576 4179 2592 4197 ·
2625 4167 2743 4236 ἀμὴ
2778 4165 2876 4218 νῦν
2921 4165 3017 4236 (εί)
3050 4164 3182 4219 αὐτὸ
3225 4166 3438 4237 ἐπάρω,
3480 4160 3736 4231 ἀναγκαῖον

2200 4257 2270 4313 νὰ
2298 4257 2699 4330 διαφερώμεθα
2747 4259 2888 4330 μετὰ
2919 4258 3016 4312 τοῦ
3055 4257 3290 4327 ἀδελφοῦ
3335 4275 3459 4329 μου,
3488 4256 3577 4312 καὶ
3613 4249 3735 4305 οὐδὲν

2196 4354 2414 4427 τυχένει
2464 4352 2555 4407 διὰ
2584 4351 2721 4406 πολύ
2761 4369 2838 4418 τι,
2874 4349 3056 4424 πολλῷ
3116 4350 3323 4424 μᾶλλον
3362 4350 3450 4404 διὰ
3488 4344 3734 4404 τοσοῦτον·

2198 4447 2317 4501 ἀλλ’
2346 4445 2553 4502 ἄπελθε
2582 4446 2642 4499 ἐν
2687 4443 2838 4514 αὐτῷ
2871 4445 2969 4499 καὶ
3000 4442 3077 4505 ὡς
3114 4444 3343 4499 δύνασαι
3377 4443 3538 4497 ποίει.
3592 4437 3668 4498 Ὧς
3690 4433 3733 4487 δὲ

2199 4539 2376 4592 ταῦτα
2433 4536 2692 4608 ήκουσεν,
2745 4536 3028 4609 ἐζήτησεν,
3082 4536 3173 4590 ἵνα
3204 4535 3390 4600 καλῶς
3438 4533 3563 4605 ἐκϐῇ
3595 4530 3662 4592 είς
3688 4524 3733 4579 τὸ

503 4618 703 4688 βαρέου
735 4602 1052 4687 καταράχου
1086 4612 1458 4684 ἐνδεδυμένον,
1486 4611 1961 4683 κουρτζουϐράκιν
1995 4630 2091 4684 χα-
2124 4598 2469 4701 Βάάστρον.
2497 4598 2688 4682 αὐτοῦ,
2725 4598 2988 4699 Ὠρξσθην
3015 4598 3079 4681 ’δ’
3110 4627 3222 4697 ἐγὼ
3260 4598 3568 4697 καὶ-ἀπῆρα
3602 4619 3733 4677 αὐτὸν

507 4710 715 4780 μουχᾶν
762 4706 969 4779 χρυσὸν
1003 4706 1293 4777 πράσινον,
1332 4706 1428 4758 καὶ
1472 4705 1661 4775 φωτὰν
1704 4704 1972 4777 πράσινον
1998 4706 2095 4760 καὶ

506 4802 711 4854 σπαθὶν
738 4800 1249 4871 ἐγκεκοσμημένον.
1299 4799 1426 4853 Ἐπὶ
1455 4800 1554 4870 τὴν
1577 4797 1772 4870 αὔριον
1810 4797 1904 4854 οὖν
1931 4799 2098 4853 ἀπελ-

490 4898 691 4971 θόντες
708 4896 790 4960 είς
812 4895 911 4967 τὴν
926 4893 1270 4969 Γλαρέντζαν
1294 4893 1404 4949 ἰδοὺ
1430 4895 1526 4948 καὶ
1548 4894 1736 4965 ἄρχων
1781 4892 1876 4949 τοῦ
1903 4895 2097 4965 ἀμηρᾶ

511 4993 650 5064 μετά
684 5007 839 5053 τινας
877 4988 1065 5057 ὀλίγας
1094 4987 1312 5059 ἡμέρας
1343 4987 1539 5057 λέγων,
1569 4987 1653 5042 ὅτι
1682 4988 1715 5058 ή
1744 4986 1936 5059 Πάτρα
1962 4987 2098 5042 δίδει

508 5103 575 5157 με
613 5082 850 5155 χαρὰτζι
882 5084 979 5137 καὶ
1010 5081 1280 5135 διαϐαίνει
1315 5081 1458 5150 ίδική
1497 5097 1603 5150 μου
1629 5097 1645 5113 ·
1683 5080 1967 5152 σηκὼθητι
2001 5079 2097 5135 οὖν

505 5178 600 5231 ἀπ’
627 5177 802 5246 αὐτῆς
853 5174 951 5228 καὶ
989 5173 1155 5245 μηδὲν
1211 5168 1500 5243 πολιόρκέι
1531 5172 1703 5242 αὐτήν
1731 5188 1746 5205 ·
1775 5173 1826 5225 εί
1872 5173 1923 5226 6'
1980 5173 2096 5241 οὐν,

416 5304 424 5311 -
507 5270 738 5340 θέλομεν
773 5252 1013 5338 πέμψειν
1039 5264 1297 5334 φωσάτον
1321 5264 1467 5318 κατὰ
1500 5264 1620 5318 σοῦ.
1661 5267 1718 5318 ’0
1749 5263 1796 5317 δ’
1829 5264 2099 5337 αὐθέντης

510 5381 611 5430 μου
641 5361 803 5415 πάλιν
834 5355 990 5413 εἶπεν
1020 5359 1155 5426 προς
1186 5357 1372 5424 αὐτὸν,
1404 5354 1558 5429 [M7]
1606 5356 1800 5427 Ἡμεῖς
1851 5359 2098 5430 ήκοῇσα-

509 5470 607 5520 μεν
637 5454 717 5505 ὅτι
770 5449 915 5504 θέλει
947 5449 1016 5502 νὰ
1065 5450 1276 5502 δώσουν
1308 5449 1483 5521 αὐτήν
1526 5450 1652 5513 τούς
1701 5451 2096 5516 Καταλόινους·

506 5549 660 5601 οὐδὲν
692 5541 788 5599 οὖν
837 5545 1014 5614 ἐφάνη
1046 5542 1260 5614 πρέπον
1312 5541 1546 5614 ἐχθροὺς
1579 5543 1674 5598 καὶ
1716 5544 1811 5599 τοῦ
1860 5544 2098 5616 ἀδελφοῦ

511 5657 612 5709 μου
640 5638 735 5693 τοῦ
772 5637 1010 5708 μεγάλου
1040 5637 1233 5707 ἀμηρᾶ
1263 5637 1358 5691 καὶ
1388 5638 1547 5709 ήμῶν
1581 5638 1649 5694 νὰ
1689 5640 1818 5703 τοὺς
1874 5641 2103 5711 ἀφήσω-

512 5749 614 5800 μεν
654 5734 720 5784 vi:
772 5731 1022 5803 ἐπάρωσι
1072 5730 1317 5786 τοιοῦτον
1366 5731 1607 5806 κάστρον
1639 5735 1721 5798 είς
1770 5733 1871 5806 τὴν
1920 5735 2100 5805 μέσην

508 5823 604 5875 τοῦ
626 5823 795 5877 τόπου
828 5842 929 5895 μας
959 5840 975 5855 ·
1006 5824 1094 5877 διὰ
1123 5825 1281 5880 τοῦτο
1304 5827 1627 5899 ἀπήλθομεν
1655 5829 1775 5882 ἐκεῖ
1800 5843 1814 5859 ·
1851 5829 1947 5882 καὶ
1977 5828 2097 5894 ἐξε-

517 5917 783 5983 τάσαντες
817 5918 877 5975 τὸ
909 5921 1141 5993 πρᾶγμα
1184 5922 1493 5993 ἐστήσαμεν
1522 5922 1590 5977 νᾶ
1623 5920 1796 5993 μηδὲν
1829 5902 2096 5992 γένηται·

2201 4723 2347 4794 μετὰ
2387 4720 2747 4793 στρατιωτῶν
2783 4722 2881 4776 καὶ
2906 4721 3244 4793 ἀπηρχόμην
3266 4738 3282 4753 ·
3309 4722 3403 4776 καὶ
3434 4718 3556 4790 περὶ
3580 4714 3631 4770 τὸ
3660 4711 3736 4765 κά-

2200 4829 2365 4882 στρον
2397 4810 2646 4881 εὑρεθεὶς
2674 4808 2827 4884 [149]
2872 4810 3068 4865 Ῥαοὺλ
3101 4813 3129 4865 6
3161 4810 3367 4881 Θωμᾶς
3408 4809 3641 4880 ἐνόμισεν
3663 4797 3733 4854 εὖ·

2199 4907 2361 4961 κολον
2391 4899 2536 4960 εἶναι
2584 4905 2671 4959 ἵνα
2701 4904 2886 4978 ἐπάρῃ
2924 4903 3095 4961 αὐτὸν
3120 4903 3217 4959 ἀπ’
3245 4902 3380 4975 ἐμοῦ
3426 4902 3518 4957 καὶ
3552 4899 3625 4960 είς
3648 4892 3735 4947 κίν-

2196 4997 2358 5051 δυνον
2390 4990 2525 5066 ἦλθε
2566 4994 2661 5049 τοῦ
2695 4993 2955 5058 γενέσθαι
2997 4994 3163 5065 μέσον
3201 4994 3312 5049 τῶν
3350 4990 3585 5062 ἀδελφῶν
3620 4983 3733 5055 μέγ1

2199 5107 2251 5143 τι
2284 5090 2532 5160 μάχιμον
2570 5089 2667 5142 καὶ
2710 5087 2962 5159 λυπηρόν
2986 5104 3000 5119 ·
3038 5087 3189 5157 ὅμως
3234 5085 3327 5142 οὖν
3374 5084 3504 5140 Θεοῦ
3543 5076 3731 5143 εὐδοκή-

2202 5199 2420 5246 σαντος,
2472 5182 2683 5234 ἐκεῖνον
2746 5180 2847 5251 μὲν
2905 5179 3089 5244 καλῶς
3124 5179 3542 5248 ἀπεκατέστησα
3585 5173 3655 5229 είς
3685 5163 3732 5217 τδ

2200 5276 2443 5347 κάστρον
2472 5273 2664 5340 αὐτοῦ,
2695 5274 2788 5329 καὶ
2821 5271 2933 5343 ἐγὼ
2964 5272 3019 5327 δὲ
3050 5271 3234 5333 καλῶς
3265 5267 3579 5342 ἐπιστρέψας
3605 5254 3732 5328 εὖρον

2201 5368 2300 5422 τὸν
2343 5367 2614 5437 αὐθέντην
2667 5383 2772 5438 μου
2821 5368 2879 5421 ἐν
2930 5366 3009 5437 τῷ
3049 5365 3144 5420 τοῦ
3185 5365 3342 5436 ἁγίου
3381 5360 3610 5432 ’Δνδρέου
3657 5348 3729 5404 τοῦ

2203 5458 2597 5530 πρωτοκλήτου
2637 5458 2751 5529 ναῷ
2784 5461 2881 5515 καὶ
2910 5456 3066 5528 τάφῳ
3108 5454 3461 5513 ἀποσωθέντα
3501 5453 3561 5522 τῇ
3590 5447 3629 5503 δ’
3653 5438 3725 5496 τοῦ

2216 5550 2583 5622 Ἰαννουαρίου
2613 5550 2762 5623 ᾀργά
2784 5567 2798 5583 ·
2827 5553 2894 5622 τῇ
2926 5549 2983 5604 δὲ
3011 5548 3051 5604 ε’
3084 5550 3231 5622 πρωῒ
3257 5548 3353 5603 τοῦ
3382 5542 3558 5607 αὐτοῦ,
3582 5535 3728 5610 ἡμέρέ

2202 5643 2303 5714 τῆς
2337 5643 2636 5715 ἕδδομάδος
2662 5640 2734 5707 α’,
2769 5641 3086 5709 ἐξελθόντες
3121 5644 3170 5696 οί
3202 5642 3296 5697 τοῦ
3329 5641 3549 5706 κάστρου
3577 5633 3729 5698 ἐγκρι-

2204 5754 2288 5791 τοι
2318 5738 2415 5791 καὶ
2446 5738 2557 5800 πᾶς
2582 5739 2611 5790 6
2657 5735 2787 5801 λαδς
2821 5737 2919 5790 καὶ
2947 5733 3198 5798 ἐλθόντες
3236 5734 3395 5805 μέχρι
3424 5729 3510 5783 καὶ
3537 5721 3618 5777 τοῦ
3651 5720 3727 5787 ρη·

2208 5827 2395 5893 θέντος
2430 5828 2559 5882 ναοῦ
2588 5830 2683 5884 τοῦ
2716 5828 2895 5898 ἁγίου,
2928 5827 3005 5898 τῷ
3036 5827 3274 5897 δεσπότῃ
3303 5824 3393 5879 καὶ
3419 5820 3623 5884 αὐθέντῃ
3648 5822 3724 5880 μου

2218 5921 2640 5994 προσεκύνησαν
2671 5922 2767 5979 καὶ
2796 5922 2894 5988 τὰς
2924 5921 3076 5984 κλεῖς
3106 5918 3200 5975 τοῦ
3248 5907 3723 5997 κᾴστρουθδεδώκασι
