3986 6486
365 400 497 468 1041

1631 422 2075 493 CHRONICON
2114 404 2385 496 MI'NUS.

3486 426 3637 494 1οίὲῖ

359 518 455 573 καὶ
505 521 1011 592 καδαλοιεσύσαντες
1038 528 1186 598 μετὰ
1211 529 1474 604 πλείστης
1513 535 1596 589 ὅτι
1636 539 1813 609 χαρᾶς
1853 540 1949 596 καὶ
1974 536 2022 597 Α
2051 545 2251 613 γισμὸς
2282 542 2390 606 ἐως
2417 531 2482 597 οὗ
2532 541 2707 597 πολλὰ
2742 540 3015 604 κοπιάσας
3059 541 3154 594 καὶ
3204 539 3444 610 μεθύσας
3477 540 3631 612 (πολ-

355 611 451 665 τοῦ
488 612 607 677 ἐνδς
643 616 847 686 μέρους
869 620 963 672 καὶ
992 619 1090 674 τοῦ
1134 621 1297 677 ἄλλου
1327 625 1601 698 ἐσέϐημεν
1631 631 1714 694 είς
1743 631 1804 685 τὸ
1837 633 1939 686 κά-

358 718 519 773 στρον
547 707 644 761 καὶ
677 708 843 781 μέχρι
890 711 1002 765 τῶν
1046 715 1127 778 εἰς
1155 715 1247 769 τὸν
1282 718 1413 772 ναὸν
1455 720 1551 774 τοῦ
1587 722 1745 791 ἁγίου
1774 726 1942 780 Νικο-

357 795 488 851 λάου
548 801 831 871 όσπητίων
881 805 1221 877 ἀπήλθομεν,
1271 811 1373 880 τῆς
1436 813 1537 881 μὲν
1582 814 1703 868 ὁδοῦ
1755 819 1938 887 πάσης

356 894 822 963 κατεστρωμένης
851 897 1074 954 πάντων
1118 902 1330 957 ἀνθέων
1362 906 1459 959 καὶ
1503 907 1805 979 εὐκοσμίας
1846 915 1940 967 καὶ

355 981 470 1035 ἀπδ
510 986 579 1037 τὰ
616 988 680 1039 ἐκ
713 987 906 1056 δεξιῶν
957 994 1057 1047 καὶ
1091 994 1401 1067 ἀριστερῶν
1432 1000 1670 1071 όσπήτια
1717 1004 1942 1061 πάντων

356 1073 638 1169 ῥεομένων
668 1077 758 1132 διὰ
793 1081 1267 1155 ροδοσταμμάτων
1296 1089 1393 1143 καὶ
1444 1091 1615 1160 ῥόδων
1649 1095 1743 1148 καὶ
1780 1113 1941 1169 τριαο

357 1167 777 1236 κονταφύλλων·
810 1171 963 1246 [150]
996 1177 1107 1231 ἀπὸ
1151 1179 1200 1233 δ’
1226 1180 1438 1237 ἀνωθεν
1480 1185 1576 1238 τοῦ
1607 1167 1939 1245 Κὸυλᾶῖδιά

359 1256 572 1352 σκευῶν
606 1262 700 1314 καὶ
727 1262 1025 1337 τζαγγρῶν
1056 1271 1246 1336 κακῶς
1286 1273 1650 1347 δεξιουμένων
1680 1282 1850 1352 ἡμᾶς,
1889 1287 1940 1340 εί

356 1349 450 1403 καὶ
471 1351 625 1408 οὐδέν
650 1373 704 1410 τι
730 1357 974 1431 ἔϐλαψαν
990 1380 1011 1411 ,ο
1038 1366 1089 1417 οί
1116 1366 1224 1438 γὰρ
1253 1369 1348 1422 τοῦ
1376 1349 1777 1442 μητροπολίτου
1800 1366 1941 1449 κραο

354 1446 619 1513 στήσαντες
635 1450 727 1503 τὸν
747 1453 984 1521 Κουλᾶν,
1009 1456 1088 1511 ἔτι
1109 1460 1274 1518 δὲκαὶ
1294 1466 1362 1517 τὰ
1383 1466 1682 1524 αύθεντικά
1705 1446 1942 1543 πλησίον

354 1538 522 1592 αὑτοῦ
546 1542 783 1613 όσπήτια
804 1546 901 1601 καὶ
935 1555 1373 1624 σιταρχήσαντες
1405 1560 1501 1612 καὶ
1522 1538 1941 1633 ἀφιερώσαντες

355 1633 642 1703 κατέσχον,
684 1638 998 1706 ἐλπίζοντες
1036 1645 1121 1698 ὅτι
1167 1646 1417 1713 ἐλθόντος
1452 1652 1547 1706 τοῦ
1600 1660 1940 1728 μητροπολί-

353 1741 471 1787 του,
510 1727 599 1782 διὰ
624 1729 816 1785 τούτου
861 1733 1009 1800 ἕξειν
1035 1738 1202 1793 πάλιν
1234 1741 1379 1813 άπερ
1419 1745 1513 1799 καὶ
1546 1749 1817 1819 πρότερον
1857 1748 1940 1807 εῖ-

353 1835 448 1887 χον
465 1835 482 1851 ⁸
509 1820 667 1891 ἡμῶν
695 1822 753 1878 δέ
781 1826 874 1879 ἐπὶ
895 1826 997 1898 τὴν
1022 1829 1216 1901 αὔριον
1244 1835 1624 1906 συναχθέντων
1654 1842 1712 1894 ὲν
1743 1842 1821 1913 τῷ
1841 1845 1938 1898 τοῦ

2044 636 2204 701 λάκις
2239 637 2334 690 καὶ
2384 636 2659 700 ἀκουσίως
2712 635 3000 705 ἐμέθυσα),
3032 633 3323 696 κάκείνους
3371 633 3630 686 τοσοῦτον

2044 730 2127 782 ὅτι
2158 728 2354 800 ἀπῆρά
2391 715 2516 792 τούς
2546 730 2617 783 τὰ
2670 727 2898 798 χαρτία,
2942 727 3038 780 καὶ
3067 724 3355 794 ἁνέγνωσα
3398 727 3491 779 καὶ
3540 742 3635 794 με·

2044 822 2323 891 τέγραψα,
2358 824 2592 877 κάκεῖνα
2640 821 2805 876 πάλιν
2838 821 3121 874 ἐδούλωσα
3152 820 3241 873 καὶ
3284 819 3481 890 ἀφῆκα
3509 834 3523 850 ’
3554 819 3632 881 ὡς

2042 912 2099 966 δέ
2131 913 2346 982 ἔφθασα
2387 916 2468 976 είς
2498 914 2599 984 τὴν
2633 914 2810 981 πόλιν,
2865 912 3023 984 ἐδόθη
3062 912 3633 981 μοι,συναποκρισιά-

2049 1023 2168 1075 ρης,
2204 1005 2354 1078 [155]
2386 1007 2617 1074 Μάρκος
2648 1005 3036 1073 Παλαιολόγος,
3064 1007 3092 1058 ό
3124 1005 3367 1073 Ἷαγρος,
3415 1005 3444 1055 ὁ
3473 1004 3630 1056 ὕστε..
3668 1030 3673 1037 .

2047 1115 2140 1168 ρον
2169 1115 2418 1166 πρωτοστ
2428 1099 2629 1169 ράτωρ,
2653 1098 2777 1150 τότε
2798 1098 2862 1151 δέ
2879 1096 3444 1167 πρωτοϐεστιαρίτης,
3464 1094 3630 1147 πλέον

2044 1190 2330 1251 ἀνατεθεὶς
2381 1185 2523 1244 εἶναι
2581 1192 2720 1244 κατὰ
2758 1193 2857 1260 τῆς
2913 1187 3164 1251 δουλείας
3215 1205 3339 1256 μου,
3398 1187 3430 1258 ἢ
3482 1187 3625 1254 ὑπὲρ

2044 1280 2217 1348 αὐτῆς
2240 1297 2256 1312 ο
2289 1281 2388 1334 οὐκ
2415 1276 2535 1335 οἶδα
2557 1282 2613 1335 δέ
2640 1282 2771 1336 ἄλλο
2794 1299 2849 1335 τι
2885 1283 3083 1346 αἴτιον,
3131 1278 3253 1332 ἀλλ’
3280 1278 3313 1348 ἤ
3341 1277 3404 1331 τὺ
3431 1277 3627 1346 φθόνος

2044 1372 2143 1425 οὐκ
2161 1368 2269 1425 οἵδε
2295 1375 2573 1445 προτιμᾷν
2594 1374 2657 1426 τὸ
2685 1373 2970 1444 συμφέρον
2996 1389 3011 1404 ·
3046 1370 3379 1433 ἀπελθόντες
3411 1369 3457 1422 δ’
3483 1368 3622 1438 όμοῦ

2044 1466 2125 1527 είς
2171 1464 2263 1517 τὸν
2293 1465 2540 1535 ἀμηρᾶν,
2592 1466 2892 1535 ἀπήραμεν
2934 1464 3258 1529 ἀπολογίαν,
3308 1463 3396 1516 ἴνα
3437 1462 3627 1517 δώσωο

2048 1572 2147 1627 μεν
2192 1556 2362 1625 αὐτὴν
2397 1551 2480 1620 οἷς
2518 1553 2701 1627 εἴχονο
2757 1558 3194 1629 ἀπελογησάμην
3241 1551 3336 1610 οὗν
3377 1555 3457 1627 τῷ
3502 1555 3627 1609 τότε

2045 1647 2249 1719 πρώτῳ
2285 1647 2472 1722 βιζίρῃ
2512 1651 2606 1705 καὶ⁸
2640 1649 2888 1723 ἄρχοντι.
2930 1651 3008 1722 τῷ
3039 1651 3280 1723 Μπρατμ
3311 1653 3513 1723 Πασίᾳ,
3542 1652 3626 1706 ὅτι

2043 1741 2204 1794 τοῦτο
2240 1740 2351 1808 ἐγὼ
2375 1743 2466 1795 τὸν
2511 1742 2778 1813 αὐθέντην
2808 1762 2911 1814 μου
2942 1745 3097 1799 οὐδὲν
3125 1745 3311 1813 τολμῶ
3343 1746 3432 1798 ἵνα
3461 1745 3624 1808 εἴπω,

2044 1831 2163 1885 ἀλλ’
2198 1834 2325 1887 ἐπεὶ
2348 1834 2558 1899 ἐκεῖνος
2584 1836 2943 1905 ὁπωσδήποτε
2990 1836 3262 1909 ἀρχονταν
3291 1836 3460 1892 αὑτοῦ
3488 1838 3627 1889 ἀπέο

352 1912 512 1981 ἀγίου
544 1913 822 1973 Νικολάου
854 1921 968 1992 ναῷ
1002 1924 1094 1977 καὶ
1127 1927 1331 1989 παντὸς
1350 1901 1448 1982 τοῦ
1473 1931 1572 2001 τῆς
1596 1901 1936 2004 χώρας).αοῦ
1969 1901 2012 1956 Β
2043 1926 2222 1979 στειλε
2256 1927 2396 1996 πρὸς
2434 1927 2529 1983 τδν
2559 1929 2739 1998 μέγαν
2770 1901 3215 2002 άΰθέντηνοηῑδοὺ
3248 1930 3316 1994 ἃς
3346 1930 3509 2004 ὁρίσῃ
3532 1932 3627 1984 καὶ

351 2003 649 2063 δεδώκασιν
676 2011 843 2082 ὅρκον
870 2014 954 2067 ὅτι
983 2016 1050 2069 νά
1077 2010 1188 2074 ὦσι
1210 2021 1393 2075 πιστοὶ
1420 2022 1598 2079 δοῦλοι
1626 2003 1722 2080 τοῦ
1746 2029 1940 2084 αὐθεν-

351 2097 448 2191 τδς
473 2100 634 2171 ἡμῶν
660 2103 756 2157 τοῦ
778 2106 1041 2164 δεσπότου
1064 2128 1078 2141 ο
1110 2114 1210 2165 καὶ
1241 2113 1343 2181 ἐμὲ
1378 2117 1460 2180 είς
1484 2119 1732 2191 κεφαλὴν
1755 2122 1935 2179 αὐτῶν

352 2190 628 2262 ἐζήτησαν
651 2211 667 2228 ·
710 2197 956 2268 ἥκουσαν
982 2201 1065 2269 δὲ,
1089 2205 1191 2257 ὅτι⁹
1211 2206 1308 2259 καὶ
1342 2206 1439 2262 δύο
1481 2211 1579 2264 καὶ
1613 2190 1776 2267 πλέον
1803 2216 1934 2268 τού-

350 2300 463 2337 των
512 2288 605 2379 ⁸τὸν
650 2293 1062 2363 χρεωστοῦμεν,
1099 2298 1196 2350 καὶ
1236 2297 1326 2353 διά
1367 2300 1467 2372 τὴν
1512 2303 1671 2373 ὑμῶν
1717 2308 1935 2379 αἴτησιν

351 2375 493 2429 θέλω
521 2372 690 2447 ἦσθεν
719 2381 884 2447 αὐτὸς
913 2386 994 2450 είς
1028 2387 1275 2459 κεφαλὴν
1311 2390 1486 2462 ὑμῶν.
1520 2372 1631 2450 Καὶ
1657 2400 1723 2468 τῇ
1766 2396 1816 2469 η’
1829 2372 1930 2454 ⁷τοῦ

363 2464 587 2520 Ἰουνίου
630 2472 800 2542 μηνὸς
834 2475 1180 2545 περάσαντός
1211 2496 1314 2549 μου
1346 2482 1430 2545 είς
1456 2482 1551 2537 τὸν
1574 2464 1928 2552 Ναύπακτον,

351 2559 442 2614 ἵνα
481 2565 562 2628 εἰς
604 2565 692 2619 τὸν
740 2567 967 2638 βασιλέα
1002 2573 1224 2643 πρῶτον
1262 2577 1508 2643 ἀπέλθω,
1559 2579 1645 2633 ἵνα
1680 2583 1934 2647 κάκεῖνος

349 2655 421 2708 τὰ
453 2659 538 2721 είς
593 2660 693 2731 τὴν
734 2661 957 2737 Πάτραν
995 2668 1561 2742 παρακολουθήσαντα
1603 2675 1749 2748 μάθῃ
1777 2693 1791 2706 ·
1833 2672 1933 2730 εἶτ’

348 2750 448 2803 ἀπ’
473 2752 656 2808 ἐκεῖσε
695 2759 835 2826 μετά
875 2760 969 2816 καὶ
1001 2764 1264 2835 ἄρχοντος
1315 2766 1485 2822 αὐτοῦ
1521 2769 1604 2831 είς
1644 2770 1736 2823 τὸν
1783 2771 1933 2840 ἀμη-

481 2859 495 2875 ο
529 2846 627 2899 καὶ
677 2850 784 2919 γὰρ
823 2853 966 2907 κατά
1015 2859 1119 2928 την
1146 2857 1189 2912 δ’
1222 2854 1318 2912 τοῦ
1366 2860 1532 2914 αὐτοῦ
1581 2863 1771 2932 μηνὸς,
1807 2868 1864 2919 ἐν
1895 2860 1930 2940 ᾖ

349 2933 660 3027 φθάσαντες
714 2941 1015 3014 ἐμείναμεν
1069 2947 1128 3001 ἐν
1180 2948 1259 3019 τῷ
1303 2948 1401 3004 τοῦ
1458 2951 1616 3019 ἁγίου
1677 2933 1929 3027 Ἀνδρέου

348 3026 487 3097 ναῷ,
525 3030 633 3084 ίδοὺ
685 3034 783 3088 καὶ
823 3035 932 3090 ἀπὸ
975 3038 1069 3117 τὸν
1112 3041 1452 3096 Ναύπακτον
1502 3026 1930 3114 ἐπέρασανίδύο

349 3120 613 3191 Τοῦρκοι,
649 3127 679 3180 6
724 3128 826 3198 μέν
867 3130 963 3183 τοῦ
997 3135 1215 3204 ἀμηρᾶ,
1274 3137 1303 3188 ό
1331 3135 1389 3189 δὲ
1437 3135 1532 3189 τοῦ
1578 3136 1925 3211 Τουραχάνη,

2036 2014 2067 2068 6
2103 2015 2371 2089 αὐθέντης
2404 2018 2641 2074 σκλάσον
2667 2037 2758 2072 του
2792 2021 2888 2074 καὶ
2924 2019 2992 2083 ἃς
3023 2019 3155 2091 ἔλθῃ
3192 2019 3316 2089 μετ’
3337 2019 3499 2090 ἐμοῦ,
3531 2023 3626 2073 καὶ

2038 2105 2104 2170 ἂς
2137 2108 2265 2180 είπῃ
2297 2109 2426 2173 τοὺς
2460 2110 2725 2181 ὁρισμοὺς
2760 2110 2854 2165 τοῦ
2897 2108 3136 2182 μεγάλου
3182 2110 3483 2174 αὐθεντόςο
3526 2111 3626 2163 καὶ

2036 2198 2260 2271 ἔστερξε
2296 2201 2456 2255 τοῦτο
2487 2204 2583 2256 καὶ
2613 2197 2769 2257 εἷπε·
2800 2204 3048 2275 Φρόνιμα
3083 2204 3178 2256 καὶ
3208 2202 3356 2257 καλὰ
3388 2201 3581 2270 λέγετε
3605 2219 3619 2233 ·

2034 2292 2128 2346 τοῦ
2190 2295 2411 2366 Ἰάγρου
2456 2295 2601 2359 ίδίως
2659 2296 3006 2360 σκώπτοντος
3053 2296 3214 2351 τοῦτο
3266 2298 3346 2362 είς
3391 2296 3493 2369 ἐμέ
3545 2296 3622 2359 ὡς

2035 2390 2318 2461 ἄπρακτον
2371 2390 2464 2444 καὶ
2527 2390 2690 2461 μόνον
2748 2390 3081 2460 ἐπιζήμιονο
3117 2389 3231 2460 ἐγὼ
3281 2389 3421 2445 Θεοῦ
3470 2389 3627 2444 εὐδο-

2036 2484 2283 2550 κοῦντος,
2318 2483 2529 2555 ἔπραξα
2563 2482 2723 2537 τοῦτο
2746 2485 2838 2536 καὶ
2861 2481 3058 2554 ἀπῆρα
3094 2483 3619 2555 Ἀρχοντόσκλαδον.

2037 2576 2133 2631 καὶ
2161 2572 2232 2647 ἦν
2274 2576 2431 2631 τοῦτο
2457 2576 2672 2646 πρῶτον
2701 2575 2878 2630 αἴτιον
2913 2573 3008 2629 τοῦ
3038 2575 3227 2630 λαϐεῖν
3256 2575 3357 2647 τὴν
3399 2575 3625 2646 διόρθω-

2037 2687 2123 2725 σιν
2157 2671 2216 2725 τὸ
2243 2673 2371 2743 περὶ
2404 2673 2502 2743 τῆς
2531 2673 2774 2744 Πάτρας.

2772 2769 2871 2822 υλ’.

2106 2855 2256 2929 [154]
2288 2858 2398 2912 Καὶ
2452 2858 2530 2930 τῷ
2573 2859 2659 2932 λη’
2703 2860 2814 2915 ἔτει
2865 2863 2924 2914 ἐν
2975 2860 3110 2932 μηνὶ
3159 2855 3487 2929 Σεπεὸρίῳ
3538 2857 3627 2920 είς

2032 2950 2160 3014 τοὺς
2189 2952 2510 3022 κρατικοὺς,
2550 2951 2798 3022 ἔπραξαν
2822 2953 2884 3007 τδ
2917 2951 3259 3008 συνοικέσιον
3294 2949 3392 3003 τοῦ
3423 2947 3622 3002 αὐθεν-

2031 3043 2300 3097 τοπούλου
2334 3045 2527 3114 Θωμᾶ,
2574 3046 2626 3099 οἱ
2659 3045 2988 3114 αὑτάδελφοι
3039 3043 3204 3098 αὑτοῦ
3235 3044 3286 3097 οἱ
3332 3043 3618 3108 δεσπόται,

2036 3133 2178 3204 μετὰ
2205 3132 2304 3202 τῆς
2338 3133 2612 3203 θυγατρὸς
2639 3134 2735 3188 τοῦ
2780 3137 3084 3206 πρίγκιπος
3125 3133 3328 3204 Ἀσάνη
3373 3132 3621 3202 Ζαχαρία

348 3213 607 3283 λέγοντες
635 3220 866 3290 όρισμὺν
897 3223 978 3277 ὅτι
1019 3225 1120 3296 τὴν
1162 3226 1387 3300 Πάτραν
1413 3229 1500 3283 ἵνα
1532 3231 1607 3302 μὴ
1635 3232 1933 3304 ἐπάρωμεν
1957 3254 2003 3316 C
2034 3225 2131 3279 τοῦ
2192 3225 2578 3296 Κεντηρίωνος
2603 3244 2617 3257 ·
2727 3225 2792 3297 δὴ
2837 3227 2969 3298 μηνὶ
3014 3225 3170 3293 κάγὼ
3210 3223 3377 3316 πάλιν
3420 3221 3622 3316 ἐπανᾶξ

352 3307 527 3380 αὑτήν
552 3325 568 3341 ⁰
613 3311 662 3365 οἶ
688 3313 753 3384 δὴ
785 3315 948 3371 πάλιν
993 3316 1346 3391 ὑπέστρεψαν
1397 3322 1519 3392 μετ’
1559 3322 1697 3394 ἐμοῦ
1735 3325 1933 3378 ἀπολο-

345 3402 476 3471 γίαν
509 3402 789 3473 λαϐόντες,
819 3409 925 3476 δτι,
960 3412 1081 3465 ἐπεὶ
1107 3415 1146 3467 ό·
1174 3413 1366 3484 παρὼν
1397 3416 1582 3487 ἄρχων
1619 3418 1762 3488 ἐμοῦ
1794 3418 1934 3472 ὑπάο

344 3511 436 3561 γει
468 3500 551 3563 είς
577 3499 669 3553 τόν
716 3501 945 3571 ἀδελφόν
1008 3516 1113 3576 μου
1144 3507 1239 3561 τὸν
1276 3508 1452 3578 μέγαν
1486 3511 1734 3582 ἀμηρᾶν,
1773 3509 1929 3584 [151]

345 3591 425 3654 ὡς
457 3590 525 3646 ἂν
568 3593 752 3666 ὁρίσῃ,
804 3595 1035 3668 θέλομεν
1071 3601 1341 3672 ποιήσειν.
1388 3602 1478 3667 Ὠς
1516 3599 1612 3658 οῦν
1657 3604 1935 3676 περάσαν-

344 3699 439 3748 τες
471 3685 532 3739 ἐν
561 3684 641 3756 τῷ
672 3687 993 3761 Ναυπάκτῳ
1043 3691 1364 3763 ἐμείναμεν,
1396 3692 1543 3764 πρωῒ
1594 3678 1813 3759 σκοτίας
1841 3694 1934 3750 ού-

347 3792 469 3846 σης,
506 3779 615 3832 ἰδοὺ
665 3781 845 3834 ἐκεῖσε
878 3782 975 3835 καὶ
1009 3783 1037 3836 ό
1079 3783 1328 3838 παλαιῶν
1365 3785 1598 3856 Πατρῶν
1651 3805 1932 3859 μητροπο-

342 3868 536 3942 λίτης,
599 3873 946 3946 Παντοῦλφος
998 3876 1396 3943 Μαλατέστας.
1456 3880 1596 3949 μετὰ
1657 3880 1930 3952 κατέργου

343 3962 731 4018 Καταλανικοῦ
759 3961 925 4037 ἦλθεν
949 3981 965 3998 ·
994 3966 1344 4038 διερχόμενος
1364 3968 1475 4040 γὰρ
1499 3968 1579 4033 ὡς
1602 3970 1773 4040 ἔμαθε
1801 3987 1867 4025 πε
1875 3970 1931 4042 pi

339 4056 411 4109 τὰ
437 4057 705 4128 νησύδρια
746 4058 816 4112 τά
852 4061 1020 4129 μέσον
1059 4060 1163 4130 τῆς
1204 4059 1349 4128 ὁδοῦ,
1400 4063 1484 4115 ὅτι
1529 4062 1688 4134 ἐδόθη
1721 4062 1783 4117 τὸ
1833 4062 1932 4117 κά-

347 4166 510 4221 στρον
544 4152 682 4223 πρὸς
712 4152 804 4206 τὸν
850 4153 1141 4224 δεσπότην,
1192 4154 1393 4209 ἐπίασε
1442 4156 1543 4229 τὴν
1574 4156 1800 4228 λιόέραν
1833 4157 1941 4212 τοῦ

348 4246 553 4316 μέρους
603 4247 699 4300 τοῦ
749 4247 1111 4313 Ναυπάκτου,
1160 4248 1246 4303 ῖνα
1276 4251 1497 4321 πρῶτον
1542 4250 1702 4307 τοῦτο
1747 4252 1930 4316 καλῶς

347 4337 498 4410 μάθῃ
518 4339 593 4402 ὠς
622 4338 844 4409 ἐγένετο
861 4341 1120 4415 ’ἐδέησεν
1138 4338 1232 4398 οὖν
1254 4346 1535 4414 ἐπιμεῖναι
1552 4346 1722 4417 κάμοὶ
1748 4350 1926 4403 ἐκεῖσε

339 4428 437 4482 καὶ
464 4429 565 4500 τὴν
610 4430 822 4502 αὔριον,
857 4432 945 4487 ίνα
985 4434 1210 4506 πρῶτον
1260 4437 1489 4508 μηνύσω
1515 4436 1678 4492 τοῦτο
1722 4439 1801 4510 τῷ
1827 4441 1928 4494 αύ-

341 4522 505 4595 θέντῃ
539 4541 671 4595 μου,
712 4527 854 4599 ὅπερ
904 4520 1001 4584 κάι
1041 4529 1234 4599 γέγονε
1255 4546 1271 4564 ο
1302 4532 1400 4586 καὶ
1443 4531 1577 4604 παρ’
1607 4525 1743 4604 ἐμοῦ
1767 4533 1928 4589 τοῦτο

2040 3316 2249 3386 στρεψα
2294 3319 2376 3380 είς
2401 3319 2471 3371 τὰ
2496 3317 2779 3387 Τρίκκαλα
2808 3320 2950 3388 πρὸς
3001 3318 3091 3371 τὸν
3123 3314 3481 3388 Τουραχάνην
3523 3314 3624 3369 καὶ

2036 3407 2136 3477 τὴν
2166 3407 2425 3478 περὶτῆς
2475 3408 2700 3480 Πάτρας
2735 3408 2986 3464 δουλείαν
3014 3407 3242 3471 τελείως
3278 3406 3577 3475 διώρθωσα
3602 3419 3619 3437 ο

2036 3502 2134 3555 καὶ
2165 3501 2245 3571 τῷ
2276 3501 2425 3573 αὑτῷ
2474 3502 2587 3555 ἔτει
2641 3504 2700 3556 ἐν
2734 3503 2869 3570 μηνὶ
2906 3500 3205 3573 Νοεμϐρίῳ
3234 3501 3269 3573 ή
3326 3498 3621 3570 βασίλισσα

2036 3593 2180 3663 κυρὰ
2223 3593 2479 3664 Θεοδώρα
2509 3596 2590 3657 εἰς
2630 3593 2692 3648 τδ
2724 3595 3032 3664 Στάμοιρον
3068 3593 3439 3662 εὑρισκομένη
3472 3591 3633 3673 ’ἀπέτ

2037 3686 2190 3752 θανε,
2216 3687 2598 3758 καταλείψασα
2628 3686 2810 3757 λύπην
2840 3687 3045 3756 πολλὴν
3082 3687 3178 3740 καὶ
3208 3686 3287 3748 είς
3328 3684 3419 3738 τὸν
3450 3684 3623 3754 ἄνδρα

2034 3781 2207 3852 αὐτῆς
2237 3782 2334 3835 καὶ
2361 3781 2442 3845 είς
2472 3780 2624 3852 ἡμᾶς
2653 3779 2783 3843 τοὺς
2813 3780 3048 3843 οἰκείους
3081 3776 3249 3831 αὑτοῦ
3280 3775 3368 3829 διὰ
3382 3774 3456 3828 ,τὸ
3477 3770 3619 3827 εἶναι

2035 3872 2206 3944 αὐτὴν
2251 3872 2570 3944 καλλίστην.
2618 3873 2826 3941 Ἐτάφη
2854 3871 2911 3925 δέ
2948 3872 3115 3942 μέχρι
3165 3868 3312 3933 τινὸς
3354 3869 3438 3932 είς
3489 3868 3618 3938 μίαν
3643 3913 3663 3931 ,

2032 3965 2144 4033 τῶν
2188 3964 2498 4036 ἐκκλησιῶν
2546 3966 2645 4038 τῆς
2688 3963 3035 4037 Γλαρέντζας
3061 3979 3075 3995 ο
3102 3962 3200 4017 καὶ
3252 3959 3393 4032 μετά
3443 3959 3620 4014 ταῦτα

2032 4060 2258 4130 ἀπῆγαν
2291 4059 2462 4131 αὐτὴν
2497 4060 2578 4123 είς
2604 4060 2705 4129 τὴν
2732 4061 2792 4112 ἐν
2822 4057 2902 4130 τῷ
2921 4055 3195 4129 Μυζηθρᾷ
3218 4053 3313 4110 τοῦ
3341 4052 3624 4128 Ζωοδότου

2036 4153 2228 4224 μονήν.
2277 4152 2391 4206 Καὶ
2417 4152 2497 4223 τῷ
2546 4151 2904 4223 Ἰαννουαρίφ
2936 4151 3073 4223 μηνὶ
3114 4149 3212 4206 τοῦ
3249 4148 3419 4204 αὑτοῦ
3460 4145 3619 4208 ἔτους

2032 4247 2305 4319 εὐλογήθη
2331 4247 2429 4301 καὶ⁵
2468 4248 2497 4301 6
2545 4245 2980 4310 αύθεντόπουλος
3009 4246 3119 4317 κὺρ
3155 4244 3361 4314 Θωμᾶς
3410 4243 3493 4306 είς
3525 4240 3620 4295 τὸν

2030 4339 2335 4412 Μυζηθρᾶν
2378 4340 2551 4412 κυρὰν
2604 4340 2992 4411 Αίκατερήναν
3038 4339 3140 4410 τὴν
3186 4336 3467 4407 θυγατέρα
3517 4336 3616 4390 τοῦ

2033 4433 2294 4506 ῥηθέντος
2329 4434 2653 4507 πρίγκιπος.
2693 4434 2772 4504 Τῇ
2815 4433 2871 4487 δέ
2901 4438 2994 4498 κς¹
3026 4432 3286 4502 Μαρτίου
3316 4428 3414 4485 τοῦ
3446 4431 3619 4486 αὐτοῦ

2032 4524 2189 4588 ἔτους
2217 4527 2405 4598 ἡμέρᾳ
2436 4528 2531 4581 καὶ
2556 4525 2679 4597 ῶρᾳ
2707 4524 2842 4579 ὀποῦ
2888 4524 2956 4595 μὲ
2994 4523 3231 4580 ἐπίασαν
3256 4526 3315 4578 οί.
3338 4523 3623 4594 Πατρηνοὶ

337 4614 564 4684 πρῶτον
610 4615 816 4685 ἔμαθεν
839 4630 856 4647 ο
889 4620 987 4673 καὶ
1027 4619 1288 4691 δεύτερον
1333 4623 1421 4676 ἵνα
1467 4623 1583 4691 καὶ,
1616 4624 1701 4686 τίς
1732 4627 1760 4679 ό
1799 4625 1921 4679 ἐπί·
1954 4626 2002 4685 ι)
2031 4617 2412 4689 ἀπερχομένου
2449 4635 2556 4688 μου
2590 4620 2673 4682 εἰς
2710 4616 2771 4670 τὸ
2807 4617 3143 4673 δεσποτάτον
3182 4618 3259 4681 ὡς
3285 4616 3619 4688 ἀποκρισια-

340 4724 549 4771 σκοπος
605 4709 771 4762 αὐτοῦ
816 4709 881 4782 δὴ
933 4710 1028 4765 τοῦ
1083 4716 1491 4785 μητροπολίτου
1515 4755 1530 4781 ,
1579 4718 1641 4771 τὺ
1692 4717 1920 4771 δυνατὸν

339 4797 501 4868 μάθω
525 4815 542 4831 ο
597 4800 766 4870 μέσον
803 4801 863 4856 δέ
913 4807 1215 4873 γενομένου
1260 4808 1359 4860 καὶ
1403 4808 1500 4862 τοῦ
1556 4808 1923 4882 Μπερνάρδου

335 4889 693 4964 Μαρτζέλλου
724 4895 942 4948 ἐκείνου
972 4895 1286 4952 καπετάνου
1314 4899 1674 4969 Ναυπάκτου,
1703 4902 1923 4971 είδομεν

337 4989 438 5038 καὶ
467 4985 732 5057 ἀλλήλους
754 5003 768 5020 ο
799 4986 862 5043 ἃν
899 4987 1026 5042 ίδὼν
1070 4986 1363 5060 ἐθαύμασα
1394 4992 1477 5046 ὃτι
1520 4992 1740 5065 διέφερε
1785 4997 1923 5051 πάν-

334 5097 448 5135 των
483 5080 791 5151 ἀνθρώπων
815 5083 895 5146 είς
920 5081 982 5137 τὸ
1012 5082 1260 5156 δυσειδὴς
1304 5081 1447 5140 εἶναι
1469 5099 1489 5118 ο
1525 5086 1798 5152 ἐξετάζων
1828 5084 1924 5143 οὖν

338 5175 548 5238 ἐκεῖνος
576 5176 636 5228 Δτί
668 5174 934 5247 βούλομαι
973 5178 1204 5248 ποιῆσαι
1235 5180 1316 5243 εἰς
1345 5179 1438 5233 τὸν
1479 5179 1727 5251 ἀμηρᾶν,
1760 5180 1923 5250 κάγὼ

341 5267 573 5332 ἐκεῖνον,
609 5267 665 5321 τί
696 5270 840 5324 κατά
863 5272 963 5341 τῆς
992 5271 1235 5343 Πάτρας,
1259 5272 1450 5345 ἀπῆρα
1477 5275 1591 5343 ἐγὼ
1622 5275 1755 5346 παρ’
1782 5277 1925 5330 ἐκεί-

342 5373 463 5422 νου,
496 5357 560 5410 τὸ
591 5358 657 5429 δὴ
682 5356 1008 5430 λεγόμενον,
1044 5363 1407 5433 κουκουζέλα,
1443 5366 1656 5441 ἐκεῖνος
1698 5368 1757 5422 δέ
1788 5370 1923 5441 παρ’

341 5449 481 5520 ἐμοῦ
544 5450 705 5523 βρύα.
741 5454 930 5524 Ὅμως
961 5454 1215 5521 δεδωκὼς
1260 5456 1290 5510 6
1351 5460 1764 5531 μητροπολίτης
1806 5462 1924 5526 τοῖς

346 5539 607 5604 σκλάεοις
630 5545 830 5614 χαρτία
860 5546 1000 5615 πρός
1039 5563 1099 5599 τε
1129 5546 1223 5601 τὸν
1262 5547 1489 5621 ἀμηρᾶν
1525 5548 1622 5603 καὶ
1666 5549 1760 5604 τὸν
1790 5551 1926 5605 Του-

348 5633 595 5704 ραχάνην
625 5633 794 5689 πολὺν
820 5635 1085 5708 λογισμὸν
1117 5638 1376 5694 ἐνέϐαλεν
1418 5641 1499 5705 είς
1528 5642 1646 5711 ἐμὲ,
1680 5642 1756 5716 μή
1790 5658 1924 5697 ποτε

346 5726 713 5796 ὑπισχνεῖται.
749 5727 934 5783 δοῦναι
990 5729 1288 5787 καστέλλιά
1337 5750 1464 5787 τινα
1513 5736 1615 5804 τῆς
1664 5734 1925 5806 Πάτρας,

346 5814 501 5889 [152]
556 5820 717 5890 ειπερ
762 5820 927 5875 αὐτὸν
973 5820 1240 5898 βοηθήσῃ,
1289 5824 1377 5879 ἵνα
1430 5826 1612 5899 ἐπάρῃ
1661 5827 1857 5899 αὐτὴν,
1888 5828 1924 5900 ἢ

346 5910 521 5974 πολλά
546 5928 673 5981 τινα
716 5914 981 5984 χρήματα
1005 5930 1027 5981 ο,
1056 5918 1149 5973 καὶ
1184 5917 1285 5973 οὐκ
1320 5917 1560 5976 ἔπαυσεν
1593 5920 1790 5988 δ’ἐμδς
1837 5919 1927 5975 λο-

2028 4712 2147 4784 ρίου
2181 4712 2413 4783 ζητήσει
2466 4712 2650 4766 αὐτῶν
2691 4711 2857 4766 ἕνεκα
2882 4711 3111 4784 είρήνης
3156 4710 3323 4780 μέσον
3370 4709 3464 4763 τοῦ
3492 4710 3619 4764 ἀνει-

2023 4804 2445 4876 ψιοῦ-δεσπότου
2471 4806 2566 4859 τοῦ
2602 4804 2883 4876 Καρόλλου
2917 4806 3014 4858 καὶ
3038 4800 3478 4873 γυναικαδέλφου
3516 4799 3615 4854 τοῦ

2024 4899 2289 4965 αὑθεντός
2317 4917 2442 4971 μου,
2479 4899 2575 4954 καὶ
2606 4900 2716 4952 τῶν
2749 4897 3003 4969 φυσικῶν
3042 4896 3178 4951 υἱῶν
3209 4894 3378 4949 αὐτοῦ
3413 4895 3480 4967 δὴ
3515 4894 3620 4948 τοῦ»

2025 4991 2333 5064 Καρόλλου,
2363 4986 2528 5065 :[155]
2550 5006 2551 5009 ‘
2571 4991 2843 5064 Ἐρκούλα
2871 4990 2966 5045 καὶ
3007 4986 3267 5044 Μενὼνου
3290 5001 3308 5020 ο
3346 4987 3616 5058 ἐποίησαν

2025 5084 2135 5154 γὰρ
2164 5085 2423 5155 ἐνόρκους
2456 5085 2806 5153 συμφωνίας,
2836 5082 2941 5144 ὅτι,
2969 5082 3024 5136 εῑ
3045 5097 3101 5135 τι
3131 5081 3241 5151 ἄρα
3276 5080 3369 5135 καὶ
3403 5078 3615 5150 διακρί-

2025 5191 2108 5228 νει
2133 5179 2161 5229 ό
2189 5176 2420 5247 ζητήσει
2445 5176 2607 5245 ὴμῶν
2638 5175 2856 5238 σταλεὶς
2878 5176 3062 5246 ἄρχων
3086 5172 3185 5227 τοῦ
3217 5171 3480 5225 δεσπότου
3505 5170 3612 5239 κὺρ

2025 5264 2443 5322 Κωνσταντίνου
2499 5266 2582 5330 είς
2640 5265 2710 5319 τὰ
2765 5267 2931 5337 μέσον
2992 5264 3153 5336 ἡμῶν
3196 5262 3610 5332 διαφερόμενα,

2026 5340 2326 5438 στέρξομεν
2353 5362 2449 5414 καὶ
2495 5359 2784 5432 ἀμφότερα
2819 5358 2890 5413 τά
2934 5359 3077 5431 μέρη
3112 5358 3257 5413 κατά
3284 5356 3353 5410 τὰ
3382 5355 3614 5428 πλησίον

2027 5453 2298 5523 νησύδρια
2326 5454 2430 5524 τῆς
2460 5453 2626 5521 ἁγίας
2656 5453 2925 5524 Μαύραςο
2952 5454 3066 5522 ἀπή
3079 5451 3206 5523 ρασί
3251 5469 3321 5522 με
3346 5451 3396 5503 οί
3428 5452 3615 5504 Κατα-

2025 5544 2178 5599 λάνοι
2212 5545 2351 5616 μετά
2385 5546 2598 5599 πολλῶν
2624 5544 2721 5599 καὶ
2744 5545 3051 5617 ἀνθρώπων
3086 5546 3183 5600 καὶ
3210 5542 3422 5598 σκευῶν
3447 5542 3612 5596 πολυ-

2025 5641 2212 5709 τίμιον
2241 5638 2372 5693 ὄντα
2426 5656 2519 5712 με,
2557 5641 2655 5695 καὶ
2698 5642 3081 5711 κρατήσαντες
3128 5638 3296 5709 μέχρι
3341 5634 3489 5697 τινὸς
3518 5636 3616 5689 καὶ

2026 5729 2413 5799 ἀπαγαγόντες
2471 5729 2638 5803 μέχρι
2671 5730 2767 5784 καὶ
2795 5730 2895 5800 τῆς
2942 5727 3309 5796 Κεφαλωνίας
3333 5725 3412 5789 ὡς
3450 5723 3615 5795 δῆθεν

2030 5824 2370 5892 περάσοντες
2400 5825 2481 5888 είς
2510 5824 2581 5878 τὰ
2610 5824 2742 5895 περὶ
2773 5822 2874 5894 τὴν
2907 5823 3054 5877 Νέαν
3085 5820 3266 5884 πόλιν,
3293 5817 3447 5882 τέλος
3480 5818 3614 5890 ἐγυ-

2035 5922 2267 5991 ρίςαμεν
2311 5923 2391 5986 είς
2438 5919 2543 5991 τὴν
2586 5922 2929 5992 Γλαρέντζαν
2957 5936 2970 5952 °
3008 5919 3105 5974 καὶ
3156 5914 3471 5991 ἐπούλησαν
3519 5912 3631 5970 καὶ
