3986 6452
228 388 239 401 ’
324 397 459 469 1049
818 430 851 449 ~

1546 378 1991 481 CHRONICON
2032 418 2301 483 MINUS.

3440 419 3577 487 1010

324 526 417 597 ἔχῃ
442 529 543 598 τὴν
570 527 920 600 Σηλυμϐρίαν
943 532 1038 588 zeal
1066 533 1159 589 τὸν
1193 534 1385 607 πρώην
1414 536 1578 591 τόπον
1603 537 1767 591 αὐτοῦ
1798 540 1896 607 τὴν
1927 563 1969 620 Α
2000 538 2116 593 λιον
2148 536 2367 592 κτισθὲν
2386 528 2562 608 ’παρὰ
2589 534 2682 591 τοῦ
2738 534 2992 600 ὰύθεντός
3036 552 3138 605 μου
3182 534 3278 591 zeal
3307 533 3573 603 δεσπότου

319 621 682 693 Μεσημϐρίαν
709 625 805 679 καὶ
828 627 899 680 ta
922 628 1058 682 ἀλλα
1081 628 1188 694 ἔως
1203 632 1311 684 τῶν
1330 632 1551 702 Δέρκων
1569 633 1677 702 (διὰ
1702 622 1785 701 τί»)
1802 634 1900 688 καὶ

318 714 400 777 είς
426 714 648 769 ἐλπίδαν
667 714 809 772 εἶναι
830 723 928 790 τῆς
950 720 1248 790 βασιλείας,
1264 723 1339 786 ὡς
1365 726 1557 795 ἠγάπα
1576 730 1603 779 6
1622 726 1893 796 βασιλεὺς,

316 804 498 857 ἐκεῖσε
544 807 961 880 εὑρισκόμενον·
1002 815 1031 868 ὃ
1075 815 1141 887 δὴ
1188 819 1370 882 καλῶς
1419 822 1827 891 ἀποδεξάμενος
1867 826 1896 878 6

322 893 597 965 βασιλεὺς,
626 904 720 955 τὸν
748 906 1112 980 Ἰαννουάριον
1144 912 1284 980 μῆνα
1305 915 1385 977 είς
1406 917 1505 985 τὴν
1531 917 1897 988 Μεσημϐρίαν

319 989 458 1079 πρὸς
477 993 569 1044 τὸν
601 994 869 1069 δεσπότην
901 1001 1009 1073 κὺρ
1040 1005 1357 1076 Δημήτριον
1383 1009 1622 1076 ἀπῆλθον
1641 1027 1656 1041 ⁸
1685 1013 1894 1075 ἐκεῖνος

322 1084 379 1137 δὲ
408 1086 648 1157 ἐνεργῶν
676 1093 744 1147 τὰ
776 1095 919 1150 κατά
974 1098 1075 1167 τῆς
1134 1103 1344 1167 πόλεως
1402 1104 1603 1172 μᾶλλον
1665 1106 1737 1162 τά
1771 1106 1893 1161 κατ’

316 1176 531 1234 ἐκείνου
574 1184 874 1258 ἀπέπεμψέ
914 1209 982 1261 με
1031 1194 1313 1263 ἄπρακτον
1334 1211 1348 1227 ⁸
1383 1199 1441 1250 ἐν
1468 1190 1514 1265 ᾧ
1544 1200 1676 1267 μηνὶ
1708 1199 1802 1252 καὶ
1834 1203 1893 1255 ἐν

318 1269 638 1347 ἀποπληξίᾳ
665 1279 814 1350 δεινῇ
847 1287 1165 1353 περιπεσὼν
1198 1288 1408 1349 Παῦλος
1444 1292 1471 1342 ὁ
1506 1292 1741 1359 Ἀσάνης
1762 1294 1889 1346 ἐνα-

323 1363 563 1435 πέψυξεν
583 1383 597 1398 ⁸
623 1370 758 1441 ἐμοῦ
782 1374 837 1428 δέ
867 1377 1293 1449 ἐπιστρέψαντος
1322 1384 1401 1445 είς
1440 1368 1541 1452 τὴν
1581 1384 1759 1449 πόλιν,
1796 1386 1892 1439 zeal

319 1462 726 1529 προσμένοντος
778 1468 996 1538 ὁρισμῷ
1025 1469 1120 1523 τοῦ
1162 1456 1427 1541 βασιλέως
1472 1474 1610 1544 πρὸς
1640 1477 1702 1528 τὸ
1766 1477 1890 1529 ἐπι-

313 1550 549 1621 στρέψαι
584 1557 667 1618 είς
695 1557 789 1612 τὸν
806 1560 1073 1635 αὐθςιτην
1106 1580 1231 1625 μου,
1260 1567 1328 1633 τῇ
1342 1563 1427 1633 κγ’
1450 1546 1889 1632 τοῦ”Δπριλλίου

315 1645 486 1711 μηνὸς
516 1647 612 1701 τοῦ
668 1650 834 1705 αὐτοῦ
866 1653 1048 1723 ἔτους,
1106 1657 1423 1727 ἐπηλάλησε
1454 1660 1592 1728 μετά
1628 1660 1890 1728 Τούρκων

313 1737 409 1789 zeal
434 1738 732 1795 ἀπέκλεισε
754 1746 851 1797 καὶ
874 1746 1096 1817 ἔφθειρε
1127 1749 1195 1802 τά
1214 1749 1314 1818 τῆς
1344 1749 1555 1814 πόλεως
1580 1752 1606 1803 6
1623 1751 1890 1823 δεσπότης

313 1829 420 1900 κὺρ
444 1831 780 1902 Δημήτριος,
812 1836 871 1890 ἐν
905 1829 948 1904 ᾧ
972 1837 1036 1908 δὴ
1068 1840 1201 1909 μηνὶ
1239 1838 1335 1894 zeal
1383 1842 1567 1912 ἡμέρᾳ
1617 1836 1887 1911 ἐγεννήθη

310 1922 460 1993 αὐτῷ
492 1926 589 1979 zeal
615 1928 649 1996 ή
684 1927 931 2000 θυγάτηρ
972 1931 1141 1986 αὐτοῦ
1169 1948 1184 1964 ⁸
1215 1936 1308 1988 zeal
1357 1933 1448 1987 τὸν
1479 1933 1704 1988 Ἰούλιον
1740 1935 1886 2004 μῆνα

307 2018 404 2069 τοῦ
432 2017 599 2072 αὐτοῦ
630 2019 789 2085 ἔτους
819 2020 998 2096 [I95],
1034 2012 1336 2096 ἐρχομένου
1373 2026 1466 2081 τοῦ
1485 2028 1746 2091 αὐθεντός
1783 2046 1886 2099 μου

311 2102 408 2163 καὶ
430 2110 703 2167 δεσπότου
737 2117 844 2186 κύρ
892 2118 1315 2173 Κωνσταντίνου
1355 2120 1438 2184 είς
1499 2120 1754 2192 βοήθειαν
1782 2119 1887 2190 τῆς

308 2203 542 2270 πόλεως,
577 2209 685 2261 zeal
714 2208 803 2263 διὰ
828 2209 929 2278 τῆς
972 2211 1291 2282 Μιτυλήνης
1319 2211 1622 2276 διελθόντος
1652 2213 1750 2267 zeal
1790 2213 1888 2266 λα-

303 2294 494 2360 ϐόντος
524 2298 621 2352 zeal
641 2298 742 2371 τήν
778 2301 943 2356 αὐτοῦ
982 2305 1220 2371 γυναῖκα
1248 2304 1350 2375 τὴν
1412 2304 1755 2376 βασίλισσαν,
1803 2307 1884 2369 είς

300 2388 404 2458 τὴν
425 2390 647 2461 Λῆμνον
686 2389 822 2465 ἦλθε
840 2411 855 2424 ⁸
877 2395 973 2450 zeal
998 2395 1318 2468 εὑρεθέντος
1349 2398 1530 2452 ἐκεῖσε
1565 2397 1883 2469 ἐπολεμήθη
1910 2402 1919 2411 ‘

301 2482 511 2544 είςτδν
546 2484 824 2556 Κότζηνον
870 2488 1084 2558 ἡμέρας
1147 2489 1350 2552 πολλὰς
1394 2490 1500 2542 ὑπὸ
1553 2488 1649 2543 τοῦ
1690 2490 1882 2543 στόλου

300 2576 503 2641 παντὸς
533 2577 642 2630 τῶν
672 2577 934 2649 Τούρκων
953 2595 967 2611 ⁸
998 2580 1353 2647 ἀπελθόντος
1376 2581 1422 2635 δ’
1442 2584 1741 2652 ἀπράκτου
1786 2582 1882 2637 τοῦ

303 2666 496 2721 στόλου
531 2664 759 2741 βοηθείᾳ
787 2670 923 2724 Θεοῦ
950 2672 981 2742 ἡ
1017 2671 1310 2742 βασίλισσα
1338 2672 1447 2726 άπδ
1484 2674 1585 2742 τῆς
1613 2674 1883 2742 περιστά-

303 2774 441 2820 σεως
518 2758 873 2831 ἀσθενήσασα
931 2761 1025 2815 zeal
1080 2762 1445 2834 ἐκτρωθείσα,
1511 2762 1605 2815 τὸν
1663 2762 1879 2832 Αὐγου-

302 2868 429 2907 στον
479 2851 575 2906 τοῦ
636 2854 802 2909 αὐτοῦ
857 2854 1013 2919 ἔτους
1079 2857 1160 2919 είς
1206 2857 1268 2910 τὸ
1302 2856 1751 2926 Παλαιόκαστρον
1784 2855 1881 2910 τοῦ

299 2944 469 3000 αὐτοῦ
520 2946 708 3015 νησίον
736 2947 838 3018 τῆς
860 2948 1085 3020 Λήμνου
1133 2950 1373 3005 ἀπέθανε
1405 2950 1503 3005 zeal
1536 2950 1734 3021 ἐτάφη.

1031 3049 1181 3101 υμγ’.

1031 3061 1061 3094 υ
1145 3059 1181 3101 '.
1456 3094 1477 3103 -

331 3108 343 3128 ’
372 3129 487 3184 Kal
519 3133 585 3203 τῇ
618 3127 683 3185 ιδ’
741 3131 837 3186 τοῦ
883 3059 1219 3205 Σεπτεέἔίου
1263 3136 1432 3205 μηνὸς
1462 3135 1555 3191 τοῦ
1612 3145 1693 3193 να¹
1723 3137 1880 3203 ἔτους

296 3223 567 3296 ἐγεννήθη
600 3242 691 3296 μοι
718 3227 747 3281 6
778 3226 967 3298 ἔτερος
994 3230 1109 3292 υίὸς
1136 3228 1380 3296 Ἀλέξιος
1406 3247 1420 3261 ⁸
1456 3233 1552 3286 zeal
1578 3234 1671 3287 τὸν
1694 3234 1879 3304 Νοέμ-

1997 631 2076 701 τῷ
2107 632 2436 703 παρελθόντι
2471 630 2652 702 καιρῷ
2686 631 2780 685 τοῦ
2803 631 2987 702 ἔαρος.
3013 630 3326 694 Φθάσαντός
3359 648 3460 701 μου
3478 626 3574 685 οὖν

1998 726 2079 788 είς
2101 726 2193 778 τὸν
2227 723 2554 795 Μυζηθρᾶν,
2587 724 2727 794 μετά
2757 740 2912 788 τινας
2944 724 3165 795 ἡμέρας
3226 724 3436 792 ὀλίγας,
3476 724 3572 777 τοῦ

1999 817 2365 887 καρδηναλίου
2398 818 2493 870 zeal
2523 816 3054 887 βιζεκαγκελλαρίου
3087 817 3182 871 zeal
3205 816 3441 884 λεγάτου
3468 835 3572 870 zea-

1999 911 2217 965 θολικοῦ
2245 911 2339 965 τοῦ
2369 912 2528 966 πάπα
2568 912 2955 981 ἀπερχομένου
3007 911 3147 979 μετὰ
3181 909 3390 963 πολλῶν
3445 927 3577 961 κατ-

1997 1006 2178 1074 έργων
2207 1007 2287 1068 είς
2320 1005 2422 1076 τὴν
2448 1006 2605 1060 πόλιν
2633 1006 2721 1059 διὰ
2746 1006 2846 1075 τὴν
2898 1008 3044 1059 κατὰ
3095 1007 3203 1057 τῶν
3233 1004 3448 1058 ἀσεϐῶν
3478 1006 3574 1058 τοῦ

1997 1098 2165 1168 ρηγδς
2196 1100 2297 1168 τῆς
2331 1101 2655 1171 Οὖγγαρίας
2680 1101 2981 1168 ὲξέλευσιν,
3020 1100 3176 1172 [197]
3212 1102 3447 1169 ἐστάλην
3478 1100 3575 1152 zeal.

1995 1191 2109 1260 ἐγὼ
2137 1193 2300 1247 πάλιν
2334 1194 2758 1263 ἀποκρισιάριος
2805 1195 2942 1265 πρός
2991 1176 3054 1248 τε
3083 1196 3176 1248 τὸν
3219 1194 3444 1265 βασιλέα
3479 1193 3573 1245 zeal

1995 1285 2134 1355 πρὸς
2160 1284 2254 1338 τὸν
2289 1287 2519 1355 ἀμηρᾶν
2557 1286 2655 1339 zeal
2704 1287 2870 1339 αὐτὸν
2926 1286 2991 1351 δὴ
3030 1285 3123 1337 τὸν
3183 1285 3381 1353 ρἣαν.
3435 1283 3571 1336 ἀλλὰ

1992 1376 2056 1448 δὴ
2085 1378 2181 1430 zeal
2210 1377 2347 1446 πρὸς
2376 1378 2468 1431 τὸν
2501 1378 2736 1444 λεγάτον
2792 1380 2890 1431 zeal
2918 1378 3056 1447 προς
3090 1380 3186 1429 τδν
3238 1374 3573 1430 καπετάνιον

2004 1469 2288 1525 Ἀλωϊσιον
2325 1469 2538 1539 Λορδᾶν
2576 1469 2667 1523 δι’
2704 1471 3010 1539 ἀναγκαίας
3041 1468 3292 1532 δουλείας
3323 1469 3460 1538 πρὸς
3507 1458 3570 1520 οὗ

1993 1561 2250 1631 προϐὤσι
2274 1560 2345 1615 τὰ
2380 1563 2719 1633 πράγματα⁸
2757 1565 2850 1616 zeal
2909 1563 3273 1634 διερχομένου
3329 1579 3430 1631 μου
3471 1561 3569 1630 τὴν

1992 1654 2263 1725 Κόρινθον
2283 1658 2349 1726 τῇ
2382 1654 2429 1707 λ’
2444 1655 2546 1716 ⁵τοῦ
2586 1655 2928 1723 Αὐγούστου,
2959 1657 3046 1710 ἵνα
3077 1658 3156 1719 είς
3184 1656 3276 1709 τὸν
3328 1654 3570 1723 Εὔριπον

1990 1748 2059 1802 τὰ
2083 1749 2328 1818 κάτεργα
2351 1748 2450 1817 τῆς
2480 1750 2735 1819 ἀρμάτας
2764 1749 2978 1817 φθάσω,
3036 1742 3197 1818 εὗρον
3227 1747 3570 1813 θαπτόμενον

1990 1840 2085 1894 τὸν
2115 1842 2282 1895 καλὸν
2312 1842 2559 1910 κάγαθὸν
2594 1841 2863 1909 Κορίνθου
2894 1841 3142 1911 Μάρκον,
3172 1839 3230 1901 ὃς
3269 1839 3364 1891 zeal
3397 1839 3454 1889 ἐν
3490 1840 3567 1906 “τῇ
3606 1881 3613 1888 .
3663 1836 3667 1843 ’

1989 1935 2126 2005 αὐλῇ
2158 1935 2315 2005 ἡμῶν
2350 1934 2618 2005 ἐγεννήθη
2663 1936 2759 1987 zeal
2791 1934 2912 2004 μεθ’
2947 1933 3108 2003 ἡμῶν
3163 1931 3442 2001 ἀνετράφη
3474 1928 3568 1983 zeal

1990 2027 2096 2081 ὐπὸ
2122 2026 2218 2081 τοῦ
2252 2026 2426 2080 κακοῦ
2459 2029 2560 2095 τῆς
2592 2027 2869 2096 μητρυιᾶς
2894 2026 3062 2079 αὐτοῦ
3088 2023 3261 2077 πολλά
3298 2022 3563 2091 πιεζόμε-

1988 2136 2077 2183 νος
2118 2120 2361 2190 μεγάλας
2391 2119 2698 2190 θεραπείας
2728 2121 2880 2187 παρὰ
2925 2120 3035 2172 τῶν
3073 2116 3423 2186 γεννητόρων
3456 2131 3562 2182 μου

1987 2211 2248 2282 εὕρισκεν
2270 2214 2439 2281 οὶέκεϊ
2478 2212 2849 2280 ἀναγκασθεὶς
2877 2211 2982 2264 ἀπὸ
3005 2209 3101 2264 τοῦ
3149 2208 3347 2263 πολλοῦ
3387 2206 3563 2261 κακοῦ

1986 2303 2190 2372 ἔφυγεν
2220 2304 2330 2357 ἀπὸ
2358 2304 2452 2357 τὸν
2489 2305 2710 2374 πατέρα
2732 2303 2900 2358 αὐτοῦ
2925 2303 3019 2358 zeal
3050 2305 3131 2366 είς
3157 2301 3258 2372 τὴν
3283 2299 3392 2353 τῶν
3426 2300 3565 2353 Ξαν-

1990 2397 2280 2452 θοποὺλων
2316 2398 2488 2468 μονὴν
2547 2395 2800 2467 ἀπῆλθε⁸
2832 2399 2928 2450 zeal
2986 2393 3234 2459 τοιοῦτος
3285 2393 3565 2471 χρήσιμος

1988 2490 2441 2562 ἀπεκατεστάθη.

2712 2588 2856 2650 υμε’.
3124 2606 3127 2607 ν

2054 2677 2275 2740 Φθάσας
2305 2675 2399 2730 οὖν
2421 2675 2534 2744 ἐγὼ
2567 2676 2648 2739 είς
2677 2676 2769 2729 τὸν
2811 2674 3074 2746 Εὐριπον,
3114 2674 3182 2728 τὰ
3211 2673 3265 2727 δὲ
3314 2669 3565 2742 κάτεργα

1980 2770 2044 2825 οὐ
2077 2771 2310 2839 φθάσας,
2341 2770 2412 2826 δι’
2457 2770 2621 2826 ἄλλου
2685 2769 2992 2837 πλευσίμου
3047 2769 3129 2830 είς
3188 2765 3291 2836 τὴν
3336 2764 3564 2833 Λῆμνον

1982 2863 2305 2934 ἀπεσώθην,
2355 2863 2437 2927 είς
2469 2863 2570 2926 τὰς
2620 2862 2799 2933 ἀρχάς
2849 2861 2944 2914 τοῦ
2995 2858 3309 2928 Νοεμϐρίου
3343 2856 3437 2909 τοῦ
3494 2853 3563 2923 ιγ’

1981 2956 2134 3019 ἔτους
2158 2972 2175 2990 ⁸
2201 2957 2282 3026 τῷ
2318 2955 2378 3010 δέ
2417 2954 2571 3026 αὐτῷ
2610 2955 2744 3024 μηνὶ
2779 2952 2847 3007 ια’
2878 2954 2908 3006 6
2959 2953 3063 3023 ρὴξ
3092 2951 3194 3018 τῆς
3246 2949 3565 3018 Οὐγγαρίας

1980 3051 2271 3121 ἐσκοτώθη,
2328 3053 2480 3122 παρά
2523 3050 2619 3104 τοῦ
2652 3044 2848 3119 ἀμηρᾶ
2878 3049 2962 3111 είς
3005 3049 3105 3110 τὴν
3140 3047 3356 3116 Βάρναν
3407 3040 3564 3115 [200]

1979 3147 2076 3200 zeal
2114 3148 2180 3215 τῇ
2208 3142 2274 3209 ιζ’
2292 3144 2383 3199 τοῦ
2417 3141 2638 3197 Ἰουλίου
2669 3143 2840 3213 μηνὸς
2874 3141 2968 3195 τοῦ
3022 3138 3192 3195 αὐτοῦ
3228 3138 3383 3200 ἔτους
3439 3140 3566 3205 ἐγεο

1979 3240 2130 3307 γόνει
2168 3236 2515 3307 παγκόσμιος
2544 3237 2764 3290 καύσων
2800 3235 2895 3288 zeal
2925 3234 3078 3300 ἄξιος
3142 3234 3388 3303 μνήμης,
3425 3231 3484 3281 ἐν
3518 3220 3565 3296 ᾧ

297 3315 456 3387 ϐριον
496 3318 590 3371 τοῦ
617 3317 784 3372 αὐτοῦ
816 3319 973 3383 ἔτους
1003 3316 1170 3393 ἦλθεν
1197 3322 1276 3388 είς
1305 3324 1406 3395 τὴν
1443 3325 1600 3379 πόλιν
1630 3329 1657 3380 6
1683 3327 1876 3380 δεσπόο
1901 3310 1946 3374 C
1979 3332 2045 3403 δὴ
2076 3331 2227 3400 θέρει
2256 3331 2791 3399 καὶδπνευματικὸς
2811 3327 2920 3398 κὺρ
2950 3327 3257 3398 Γρηγὸριος
3286 3324 3566 3394 πατριάΡ’

294 3426 397 3477 της
431 3408 528 3464 καὶ
559 3408 829 3480 αὐθέντης
864 3428 968 3482 μου
1020 3412 1128 3483 κὺρ
1175 3414 1589 3478 Κωνσταντῖνος
1611 3433 1626 3448 ⁸
1685 3421 1781 3470 zeal
1810 3421 1877 3490 τῇ

294 3500 343 3555 α’
383 3503 638 3572 Μαρτίου
659 3504 854 3558 ἔλαϐεν
885 3506 996 3560 άπὸ
1009 3507 1102 3560 τὸν
1121 3506 1346 3577 βασιλέα
1373 3509 1472 3580 τὴν
1498 3512 1874 3583 Σηλυμϐρίαν,

297 3593 399 3647 zeal
456 3594 780 3649 ἀπέστειλεν
817 3597 915 3665 ἐμὲ
953 3586 1169 3653 ἐκείσεν
1228 3602 1310 3664 είς
1350 3602 1615 3671 κεφαλὴν,
1656 3603 1744 3658 ἵνα
1783 3603 1880 3657 zeal

299 3687 412 3741 ἀπὸ
450 3686 542 3741 τὸν
571 3686 796 3759 ἀμηρᾶν
831 3688 927 3742 καὶ
975 3692 1066 3745 τον
1108 3692 1382 3763 δεσπότην
1426 3696 1533 3763 κύρ
1560 3696 1878 3763 Δημήτριον

298 3778 398 3834 zeal
422 3780 587 3834 αὐτὸν
616 3779 682 3851 δὴ
709 3780 803 3834 τὸν
832 3779 1104 3836 δεδωκότα
1128 3761 1385 3854 ’βασιλέα
1424 3761 1742 3855 προστάξας
1762 3761 1878 3854 ’φυ-

296 3873 499 3928 λάττω.
535 3874 644 3928 Καὶ
674 3875 767 3929 τὸν
800 3875 1023 3929 Ἰούλιον
1046 3877 1139 3929 τοῦ
1168 3877 1339 3931 αὑτοῦ
1392 3879 1547 3941 ἔτους
1600 3874 1766 3952 ἦλθεν
1796 3882 1878 3943 εἰς

294 3965 398 4037 τὴν
428 3966 588 4021 πόλιν
608 3968 1041 4038 Φραγκόπουλος
1069 3969 1560 4043 όπρωτοστράτωρ
1582 3987 1597 4001 ⁸
1626 3973 1723 4025 zeal
1760 3974 1879 4043 όρι-

295 4059 449 4125 σθεὶς
479 4058 640 4129 κάγὼ
673 4061 781 4115 ἀπὸ
816 4062 917 4134 τὴν
940 4061 1297 4134 Σηλυμϐρίαν
1327 4065 1407 4128 είς
1428 4064 1529 4135 τὴν
1570 4065 1731 4118 πόλιν
1780 4062 1878 4138 ἦλ-

290 4152 417 4207 θον⁸
449 4154 544 4207 καὶ
575 4155 892 4225 συμφωνίαι
920 4157 1238 4224 γεγόνασιν,
1285 4156 1368 4210 ὃτι
1422 4159 1451 4211 6
1476 4157 1578 4227 μὲν
1606 4158 1876 4229 δεσπότης

291 4245 393 4301 καὶ
415 4245 688 4316 αὐθέντης
733 4263 838 4317 μου
866 4249 949 4311 είς
1003 4248 1098 4301 τδν
1128 4248 1349 4320 Μορέαν
1387 4249 1606 4323 ἀπέλθῃ
1658 4254 1752 4304 zeal
1783 4253 1877 4305 τὸν

292 4338 461 4392 τόπον
495 4339 676 4392 πάντα
702 4337 798 4392 τοῦ
823 4338 1090 4394 δεσπότου
1120 4342 1227 4411 κύρ
1250 4323 1529 4413 Θεοδώρου
1554 4342 1716 4415 λάϐῃ,
1737 4346 1879 4397 ἐκεῖ·

291 4445 385 4493 νος
409 4427 469 4482 δέ
495 4429 576 4493 είς
608 4431 710 4497 τὴν
738 4430 895 4485 πόλιν
917 4431 1070 4504 ἔλθῃ,
1098 4433 1192 4487 καὶ
1213 4434 1312 4504 τὴν
1332 4434 1685 4507 Σηλυμϐρίαν
1709 4436 1875 4509 λάϐῃ,

288 4522 327 4578 ἃ
360 4522 426 4595 δὴ
452 4523 547 4577 zeal
565 4524 808 4593 ἐγένετο.

1011 4625 1154 4691 υμδ’.

1981 3442 2083 3496 χης
2110 3424 2357 3493 ἐγεγόνει
2376 3439 2391 3457 ⁸
2425 3425 2522 3477 zeal
2550 3425 2619 3492 τῇ
2654 3420 2717 3477 ιε’
2744 3421 2840 3477 τοῦ
2872 3419 3188 3489 Αὐγούστου
3258 3418 3428 3489 μηνὸς
3459 3414 3559 3470 τοῦ

1981 3517 2151 3572 αὐτοῦ
2185 3517 2340 3580 ἔτους
2377 3517 2645 3586 ἐγεννήθη
2673 3534 2766 3587 μοι
2797 3512 2914 3579 υίὸς
2945 3512 3391 3595 Ἀνδρόνικσςώς
3431 3510 3565 3582 ἔζη-

1922 3672 1935 3685 κ
1982 3629 2074 3667 σεν
2097 3610 2313 3693 ἡμέρας
2349 3610 2448 3663 zeal
2481 3608 2646 3679 μόνον
2691 3607 2862 3665 όκτώ.

2690 3703 2850 3766 υμς’.

2051 3790 2163 3844 Καὶ
2189 3789 2268 3860 τῷ
2297 3790 2370 3846 νδ’
2396 3790 2530 3855 ἔτει,
2574 3787 2904 3858 Δεκεμϐρίῳ
2941 3787 3074 3859 μηνὶ
3095 3786 3237 3858 πρὸς
3264 3785 3436 3852 τέλει,
3467 3784 3563 3838 ἐλ-

1979 3883 2165 3948 θόντος
2196 3902 2298 3953 μου
2327 3886 2411 3948 είς
2431 3884 2525 3937 τδν
2576 3881 2801 3952 Μορέαν
2833 3881 2975 3952 μετά
3023 3881 3125 3952 τῆς
3169 3877 3563 3952 πραγματείας

1978 3975 2289 4031 Βενετικῶν
2321 3968 2634 4047 κατέργων.

2714 4069 2862 4139 υμςυ·

2048 4159 2385 4231 Σεπτεϐρίου
2420 4162 2599 4231 αὐτοῦ,
2629 4166 2703 4213 νε¹
2749 4160 2904 4224 ἔτους
2936 4160 3316 4231 εὐεργετήθην
3369 4158 3432 4215 τδ
3466 4175 3563 4214 κσ-

1978 4252 2304 4323 φαλατίκιον
2338 4252 2434 4305 τοῦ
2491 4253 2796 4324 Μυζηθρᾶ,
2843 4255 2981 4322 μετὰ
3030 4257 3126 4307 zeal
3176 4242 3562 4308 πάντωνπῶν

1983 4347 2108 4416 περὶ
2140 4344 2294 4410 αὐτὸ,
2335 4345 2504 4415 ἤγουν
2531 4344 2741 4410 Κουλᾶ,
2791 4344 3094 4414 Ἐϐραῖκῆς
3138 4341 3394 4416 Τρύπης,
3429 4344 3566 4409 Τζε-

1981 4438 2211 4509 ραμίου,
2274 4438 2578 4508 Παγκότων
2629 4439 2724 4493 zeal
2789 4438 3238 4511 Σκλαϐοχωρίου,
3280 4438 3377 4491 zeal
3422 4441 3563 4506 μετὶι

1980 4530 2204 4585 πάντων
2229 4530 2340 4583 τῶν
2361 4529 2740 4600 είσοδημάτων
2757 4529 2962 4593 αὐτῶν,
2997 4529 3072 4591 ὡς
3094 4528 3197 4581 οὑκ
3223 4524 3374 4598 εἶχεν
3401 4520 3565 4588 ἀλλος

1906 4653 1951 4709 υ
1979 4642 2065 4688 τις
2087 4622 2264 4686 οὕτως
2290 4620 2518 4676 πώποτε
2539 4623 2601 4676 τὸ
2631 4621 2729 4677 τοῦ
2794 4622 3070 4693 Μυζηθρᾶ
3131 4620 3522 4690 κεφαλατίκιον
3546 4638 3562 4653 ·
3658 4676 3664 4680 .

365 4711 525 4786 [196]
570 4693 684 4768 Kal
732 4716 800 4787 τῇ
834 4721 867 4770 ι’
898 4714 1239 4796 Ὀκτωϐρίου
1273 4722 1367 4776 τοῦ
1407 4718 1487 4793 νβ’
1536 4721 1694 4784 ἔτους
1736 4719 1876 4790 μετά
1911 4693 1948 4709 ν
1985 4712 2158 4783 ὥρισέ
2194 4731 2281 4779 μοι
2307 4712 2365 4766 δὲ
2390 4713 2486 4767 καὶ
2515 4713 2698 4780 τοῦτο,
2740 4713 2827 4767 ὅτι
2877 4711 3023 4780 Ἐγὼ
3075 4712 3290 4766 δέδωκά.
3338 4728 3425 4783 σοι
3471 4713 3566 4764 τὸν

289 4809 562 4879 καραϐίου
590 4808 915 4881 ,ἐξελθόντος
946 4810 1055 4866 ἀπὸ
1081 4812 1186 4883 τῆς
1238 4814 1446 4879 πόλεως
1476 4815 1574 4868 τοῦ
1614 4816 1875 4876 αὐθεντός

291 4896 399 4972 μου
422 4903 519 4955 zeal
542 4901 831 4972 δεσπότου,
890 4903 987 4957 zeal
1019 4905 1351 4971 ἀπελθόντος
1388 4907 1467 4970 είς
1498 4908 1591 4960 τὸν
1626 4906 1872 4978 Μορέαν,

290 4996 394 5046 zeal
425 4992 590 5046 πάλιν
626 4993 769 5064 μετά
795 4993 964 5048 αὐτοῦ
996 4995 1179 5065 δὴτοῦ
1227 4996 1499 5067 καραϐίου
1530 4999 1558 5050 6
1603 4998 1873 5066 δεσπότης

289 5084 398 5152 κὺρ
420 5080 701 5152 Θεόδωρος
723 5086 819 5137 τὸν
846 5085 1188 5155 Δεκέμϐριον
1221 5087 1368 5155 μῆνα
1408 5085 1500 5139 τοῦ
1526 5086 1695 5140 αὐτοῦ
1716 5087 1873 5150 ἔτους

287 5176 371 5239 είς
405 5174 503 5246 τὴν
530 5176 687 5230 πόλιν
704 5176 988 5243 ἀπέσωσε.
1022 5181 1135 5234 Kal
1177 5179 1268 5234 τὸν
1295 5179 1543 5250 Μάρτιον
1570 5178 1872 5249 παρέδωκα

287 5270 404 5337 ἐγὼ
425 5271 566 5338 πρὸς
589 5272 754 5327 αὑτὸν
773 5273 875 5345 τὴν
902 5274 1283 5346 Σηλυμϐρίαν,
1328 5274 1425 5329 καὶ
1449 5276 1724 5345 ἐμϐάντος
1767 5293 1869 5346 μου

287 5365 370 5426 είς
409 5365 679 5434 καράϐιον
706 5365 803 5420 τοῦ
827 5367 937 5420 ἀπὸ
967 5369 1066 5438 τὴν
1111 5370 1343 5440 Κρήτην
1388 5368 1619 5424 ’Υαλινᾶ
1667 5370 1869 5424 ’Δντωα

284 5457 401 5510 νίου
438 5458 519 5520 είς
564 5459 683 5528 τὴνί
710 5459 807 5513 τοῦ
841 5460 1083 5531 Εὐρίπου
1126 5461 1422 5533 Κάρυστον
1461 5462 1723 5531 ἐπαφῆκε
1759 5479 1865 5533 με·

286 5548 384 5601 zeal
415 5551 483 5620 τῇ
509 5554 559 5616 γ’
581 5546 676 5604 τοῦ
716 5550 952 5606 Ἰουνίου
986 5554 1078 5607 διὰ
1113 5554 1213 5624 τῆς
1241 5557 1473 5623 στερεᾶς
1517 5554 1641 5610 ὀδοῦ
1672 5557 1752 5620 είς
1774 5557 1866 5611 τὸν

282 5640 594 5710 Μυζηθρᾶν
623 5642 861 5710 ἔφθασα,
901 5646 1075 5703 πολλά
1103 5646 1198 5702 τοῦ
1228 5648 1491 5703 δεσπότου
1527 5650 1698 5722 κυροῦ
1729 5651 1866 5705 Θεο-

1984 4807 2294 4878 Μυζηθρᾶν
2323 4809 2404 4870 είς
2436 4805 2832 4876 κεφαλατίκιον
2870 4806 2963 4861 καὶ
2993 4805 3084 4859 διά
3115 4803 3216 4875 τὴν
3262 4803 3362 4875 σὴν
3390 4803 3565 4871 καλὴν

1982 4898 2315 4970 δουλοσύνην
2342 4900 2439 4954 καὶ
2466 4899 2565 4969 τὴν
2588 4900 2732 4971 ἐμήν
2765 4899 2901 4970 πρὸς
2926 4900 2988 4953 σέ
3018 4896 3288 4969 ἀναδοχὴν
3313 4897 3410 4951 καὶ
3427 4897 3556 4963 ἀγά-

1982 5009 2118 5062 πην,
2152 4993 2247 5047 zeal
2277 4994 2359 5047 ὅτι
2386 4992 2528 5047 θέλω
2556 4994 2624 5047 νά
2650 4993 2731 5047 ἔνι
2759 4993 2859 5047 zeal
2890 4992 3052 5046 τοῦτο
3076 4990 3160 5056 ἓν,
3193 4991 3269 5054 ὡς
3293 4991 3328 5061 ή
3364 4990 3556 5060 Κόριν-

1987 5085 2078 5149 θος
2108 5070 2203 5139 zeal
2239 5087 2500 5159 ή.[ιάτρα
2526 5103 2541 5118 ⁸
2569 5082 2646 5161 ὧν
2675 5085 2773 5158 τὴν
2795 5084 2894 5157 μέν
2913 5085 3072 5155 ἔχειό
3107 5082 3564 5153 Καντακουζηνὸς

1992 5178 2274 5250 Ἰωάννης,
2307 5180 2408 5250 τὴν
2431 5180 2488 5233 δὲ
2522 5178 2771 5244 Ἀλέξιος
2792 5181 2820 5232 6
2858 5180 3171 5250 Λάσκαρις·
3204 5181 3302 5233 zeal
3323 5177 3562 5248 γίνωσκε

1979 5272 2066 5326 ὅτι
2094 5272 2284 5343 ἔτερον
2328 5271 2638 5342 μεσάζοντα
2699 5272 2854 5326 οὐδὲν
2882 5258 3043 5326 θέλω
3068 5273 3325 5341 ποιήσειν
3385 5271 3563 5342 πάρεξ

1979 5365 2146 5419 αὐτὸν
2170 5365 2235 5437 δὴ
2266 5365 2358 5419 τὸν
2420 5365 2967 5437 Εὐδαιμονοῖωάννην
2994 5366 3054 5419 ὃν
3087 5365 3218 5435 ἔχω’
3264 5364 3386 5418 ἀλλ’
3442 5363 3560 5417 οὐδέ

1976 5455 2219 5512 ἐνταῦθα
2252 5456 2396 5511 θέλω
2437 5446 2800 5528 εὑρίσκεσθεν
2854 5457 2989 5511 ἀεί’
3050 5455 3205 5529 [201]
3255 5456 3374 5527 ἀμὴ
3423 5456 3560 5509 θέλω

1975 5548 2293 5622 δίερχεσθεν
2320 5552 2414 5605 τὸν
2448 5554 2615 5606 τόπον
2657 5570 2763 5624 μου
2791 5551 2881 5606 διὰ
2915 5553 3091 5607 πολλά
3127 5550 3414 5620 ὠφέλιμα·
3467 5548 3560 5610 ml
3615 5541 3619 5545 ’

1974 5645 2105 5700 ὅταν
2126 5645 2477 5717 εὑρίσκωμαι
2512 5647 2594 5711 είς
2626 5646 2722 5713 τὴν
2774 5645 3065 5718 Κόρινθον,
3105 5644 3248 5698 θέλω
3296 5641 3560 5712 πράττειν

282 5732 462 5803 δώρου
483 5732 776 5813 ζητοῦντός
814 5755 884 5808 με
921 5740 1016 5793 zeal
1045 5741 1503 5814 παροτρύνοντος,
1536 5744 1624 5797 ἵνα
1647 5742 1742 5796 καὶ
1764 5745 1865 5816 τὴν
1972 5738 2073 5803 τὰς
2097 5740 2239 5810 ἐμάς
2261 5740 2512 5804 δουλείας
2535 5740 2754 5807 καὶτὰς
2806 5742 2900 5796 τοῦ
2926 5742 3096 5794 τόπου
3132 5737 3353 5792 ἐκείνου
3414 5736 3559 5806 μετά

282 5823 640 5896 Σηλυμϐρίαν
670 5825 781 5898 ἔχω
794 5829 891 5884 zeal
919 5829 1030 5884 τῶν
1062 5831 1297 5901 πρώτων
1329 5832 1498 5888 αὐτοῦ
1532 5833 1865 5904 ὑποχειρίων
1975 5831 2071 5887 τοῦ
2119 5833 2585 5907 Καντακουζηνοῦ
2663 5833 2762 5889 zeal
2811 5834 2906 5889 τοῦ
2961 5830 3506 5903 Εὐδαιμονοῖωάννου
3539 5844 3553 5859 ⁸

284 5918 660 5991 εὑρίσκωμαι.
694 5921 1058 5995 Διερχόμενος
1100 5925 1156 5980 δὲ
1186 5925 1345 5997 εὖρον
1398 5928 1491 5984 καὶ
1543 5927 1603 5983 τὸ
1633 5927 1859 6000 Ἐξαμί-
1972 5924 2101 5981 ὅταν
2131 5924 2187 5979 δὲ
2218 5923 2297 5989 είς
2330 5926 2428 5995 τὴν
2463 5925 2688 5996 Πάτραν
2727 5922 2958 5983 ἀπέλθω
2990 5924 3152 5982 πάλιν
3184 5923 3253 5996 μέ
3280 5919 3372 5978 τὸν
3402 5919 3550 5975 Λάσ-
