3986 6470
275 414 409 478 105⁵1

1509 414 1605 474 CII
1618 411 1954 477 RONICON
2002 412 2144 474 MIN
2154 412 2272 477 US.

3413 413 3551 476 1063

264 537 492 606 δέξηται.
518 533 701 600 τοῦτο,
747 534 839 589 καὶ
868 535 929 590 rb
968 532 1463 606 συμπεφωνημένα
1515 522 1738 606 στέρξῃ,
1766 535 1855 589 ἵνα
1886 542 1930 597 Α
1956 534 2049 587 rbv
2078 531 2282 597 τάξουν
2322 528 2525 585 κάνένα
2548 531 2751 602 χωρίον
2772 530 3198 604 άργυροϐούλλῳ
3232 532 3264 604 ἢ
3291 532 3374 586 ὅτι
3409 536 3553 591 θέλει

266 630 458 702 χρείας
506 627 778 698 τυχούσης
827 629 967 699 πρὸς
1012 629 1079 683 τά
1127 628 1314 683 ἴδωσιν
1352 630 1435 692 είς
1479 626 1576 682 τ’δν
1602 629 1854 699 ἀμηρᾶν,

268 718 348 787 εἷς
385 723 448 775 ἐκ
474 720 583 775 τῶν
612 720 707 774 δύο
751 719 962 791 ἀπέλθῃ
997 720 1078 785 είς
1108 722 1239 783 τοὺς
1280 722 1382 791 τῆς
1418 721 1636 784 Δύσεως
1664 720 1857 774 αὐθέν-

266 833 407 879 τας·
450 814 546 868 καὶ
600 814 793 867 τούτου
838 814 1150 878 σταθέντος,
1184 814 1357 883 ὁρίζει
1411 814 1549 895 πρός
1601 830 1670 883 με
1725 813 1856 885 μίαν

266 909 376 964 τῶν
426 907 685 978 ήμερῶνο
719 907 1260 980 Πρωτοϐεστιαρίτα,
1289 908 1371 971 είς
1419 907 1481 961 rb
1531 908 1859 963 ἐϐουλευσά-

272 1001 436 1073 μεθα,
474 1000 539 1053 σὺ
574 999 753 1068 λέγεις
784 1001 853 1053 νά
881 1000 1125 1072 ἀπέλθῃς
1148 1002 1230 1065 εἰς
1256 1001 1350 1054 τὸν
1378 1001 1619 1073 Μορέαν,
1657 1000 1753 1055 καὶ
1780 1001 1858 1064 ὡς

267 1095 337 1151 ἂν
362 1093 721 1166 κατορθώσῃς
754 1092 818 1148 rb
868 1095 1053 1148 ἐκεῖσε
1075 1110 1088 1126 ·
1122 1097 1329 1157 ἐκεῖνος
1362 1094 1465 1162 μὲν
1508 1095 1576 1149 νά
1625 1095 1859 1167 ἔρχηται

271 1186 529 1250 ἐνταῦθα,
556 1180 667 1250 οἷος
713 1182 842 1261 ἂνῇ
880 1187 991 1239 τῶν
1031 1186 1282 1257 ἀδελφῶν
1329 1205 1433 1257 μου
1485 1188 1620 1242 ὀποῦ
1652 1189 1855 1261 θελήσῃ

271 1282 454 1345 τοῦτο,
488 1280 553 1334 σὺ
586 1280 644 1334 δέ
683 1281 750 1334 νά
795 1280 1041 1353 ἀπέλθῃς
1091 1284 1173 1345 είς
1213 1281 1310 1352 τὴν
1355 1284 1605 1352 Κύπρον,
1650 1281 1730 1344 είς
1759 1285 1860 1353 τὴν

273 1373 507 1443 ἀνεψιάν
543 1389 648 1444 μου
700 1371 801 1442 τὴν
851 1373 1122 1443 ρηγίνανο
1163 1376 1257 1428 καὶ
1296 1374 1593 1445 ἡμεῖςέδῶ
1629 1373 1859 1443 θέλομεν

275 1464 593 1535 ἑτοιμάσειν
621 1463 691 1516 τά
736 1464 875 1517 είσὶν
928 1465 1139 1535 χρείας,
1185 1464 1336 1521 ώσάν
1386 1464 1550 1536 ἔλθῃς
1597 1466 1706 1520 ἀπὸ
1756 1466 1859 1537 τὴν

275 1557 528 1628 Κύπρον,
561 1555 629 1609 νά
671 1556 893 1628 ύπάγῃς
937 1557 1020 1619 είς
1066 1555 1167 1627 τὴν
1207 1555 1475 1626 Ἰϐηρίαν,
1510 1557 1597 1610 ἵνα
1645 1556 1860 1628 ἐπάρῃς

276 1650 375 1723 τὴν
410 1650 751 1720 μελλοκυράν
792 1667 908 1704 σου.
953 1649 1247 1720 ’Δνέφερον
1289 1648 1336 1702 δ’
1368 1648 1558 1719 αὐτῷ’
1596 1650 1631 1718 ή
1670 1649 1860 1720 ἀγάπη

277 1743 376 1797 καὶ
416 1743 476 1797 rb
502 1742 681 1814 ’χρέος
713 1740 815 1814 τῆς
862 1742 1194 1813 δουλοσύνης
1248 1760 1351 1813 μου
1401 1742 1650 1807 ἀπαιτεῖ,
1677 1742 1763 1796 ὅτι
1796 1742 1864 1795 νά

1959 625 2107 694 ἔχειν
2137 627 2351 689 ἐκεῖνος
2381 627 2478 680 καὶ
2511 625 2582 680 τά
2611 624 2804 679 παιδία
2839 623 3007 679 αὐτοῦ
3037 624 3208 684 οὕτως
3236 628 3331 680 καὶ
3356 627 3555 694 οὕτως,

1960 718 2127 779 εὐθὺς
2175 718 2324 772 θέλει
2372 718 2571 772 δώσειν
2617 718 2681 771 rb
2728 719 3004 788 πέμπτον,
3039 719 3178 789 ὅπερ
3219 716 3556 791 Θέλειῆσθεν
3673 746 3723 777 ..ιι

1960 811 2042 873 εἰς
2085 809 2187 880 ἐμὲ
2236 809 2400 881 βαρύ.
2433 811 2529 874 Εἰς
2570 810 2634 862 τὸ
2681 810 2783 880 τῆς
2826 811 3058 880 Κύπρου
3111 812 3208 865 καὶ
3256 813 3553 867 ἐπίστασαι

1958 900 2053 954 rbv
2081 901 2477 973 καλόγερον,ὅς
2514 918 2605 972 μοι
2634 901 2960 974 συνετύχενε
2992 902 3092 974 τὴν
3118 903 3269 957 δεῖνα
3295 906 3552 976 ήμέρανς

1961 991 2099 1048 Εῐπέ
2136 1011 2227 1063 μοι
2266 994 2376 1049 ἀπὸ
2402 994 2504 1065 τήν
2529 995 2761 1067 ἀνεψιάν
2793 1014 2917 1065 μου,
2944 998 3027 1050 ὅτι
3056 999 3099 1052 Τ
3124 997 3279 1052 ίποτε
3306 999 3419 1069 ἔχει
3444 1000 3556 1053 τῶν

1962 1088 2305 1155 ἀναγκαίων,
2344 1087 2482 1142 ὀποῦ
2534 1090 2748 1159 ἤθελεν,
2774 1092 2807 1162 ἢ
2861 1091 2927 1144 ἂν
2957 1087 3026 1162 ἦν
3055 1091 3165 1144 τῶν
3193 1092 3460 1153 δυνατῶν,
3490 1095 3557 1146 νά

1965 1178 2033 1249 μέ
2054 1179 2115 1232 rb
2137 1179 2326 1248 ἔλεγεν
2347 1180 2437 1234 διὰ
2460 1182 2733 1250 στόματος
2758 1185 2936 1252 αὐτῆς
2959 1184 3014 1254 ἢ,
3037 1183 3144 1238 κᾶν
3165 1184 3232 1238 νά
3256 1186 3318 1238 rb
3348 1187 3555 1257 ἐμήνυε

1961 1271 2048 1324 διά
2079 1271 2276 1326 πιστοῦ
2306 1273 2401 1326 καὶ
2434 1274 2707 1343 φρονίμου
2740 1275 3044 1345 ἀνθρώπου
3077 1277 3352 1348 αὐτῆ;,ἀν
3381 1274 3552 1348 εἶχεν·

1963 1365 2088 1418 ἐπεὶ
2112 1363 2170 1418 δέ
2198 1364 2261 1418 rb
2285 1366 2384 1436 μὲν
2408 1366 2511 1420 ούκ
2536 1366 2673 1437 ἔχει,
2689 1368 2750 1420 rb
2772 1369 2828 1421 δέ
2854 1368 2935 1422 ἔνι
2962 1370 3248 1436 ἀδύνατον,
3272 1372 3336 1425 νά
3363 1373 3556 1426 στείλω

1962 1455 2076 1524 ἐγὼ
2107 1456 2199 1509 rbv
2239 1457 2296 1511 ὃν
2339 1475 2409 1526 με
2440 1457 2583 1513 θέλει
2614 1461 2797 1530 φανῆν
2826 1463 3089 1532 ἁρμόδιον
3133 1463 3200 1518 νά
3230 1465 3291 1517 rb
3317 1465 3552 1538 ἀκούσῃ.
3654 1456 3675 1475 ’

1963 1550 2060 1612 Τίς
2091 1546 2185 1606 οῦν
2216 1551 2353 1621 πρὸς
2383 1549 2543 1607 τοῦτο
2572 1552 3004 1626 ἀρμοδιέὓτεροςο
3033 1560 3114 1620 είς
3143 1559 3203 1610 rb
3234 1560 3441 1627 τρίτον,
3461 1562 3557 1612 καὶ⁸

1964 1643 2123 1697 τοῦτο
2147 1644 2309 1713 λόγου
2339 1646 2402 1698 ού
2430 1647 2633 1700 δεῖται·
2654 1647 2720 1700 σὺ
2745 1648 2854 1718 γάρ
2884 1649 3020 1702 ὀποῦ
3053 1650 3144 1704 καὶ
3174 1651 3420 1721 ἔπραξας
3459 1655 3559 1706 καὶ

1966 1736 2209 1806 ἔστησας
2257 1738 2352 1791 καὶ
2406 1735 2546 1800 εἶδες
2573 1739 2635 1792 rb
2671 1742 2966 1812 πρόσωπον
2991 1742 3085 1795 καὶ
3130 1744 3424 1813 συνέτυχες
3454 1747 3560 1799 ’καὶ

277 1839 420 1892 εἴπω
443 1837 525 1900 είς
559 1836 651 1891 rbv
679 1836 909 1907 ὁρισμόν
937 1854 1033 1889 σου
1056 1853 1072 1869 ο
1111 1837 1229 1908 ἀμή
1274 1835 1439 1890 πάλιν
1466 1836 1741 1905 φοϐοῦμαι
1773 1834 1864 1889 διὰ
1911 1907 1914 1908 ν
1967 1828 2454 1900 ἐπληροφορήθης,
2484 1831 2604 1895 πῶς
2630 1833 2877 1902 rumpe?
2913 1833 2974 1887 τὸ
3001 1834 3158 1899 τέλος
3184 1835 3286 1905 τῆς
3314 1837 3562 1902 δουλείας

277 1918 380 2003 τήν
410 1930 607 2000 δούλην
659 1931 757 1985 καὶ
817 1907 1226 1984 συντέκνισσάν
1272 1947 1392 1993 σου,
1437 1930 1510 2001 μή
1568 1945 1702 1982 ποτε
1733 1931 1866 2001 ἀγα·
1904 1907 1948 1964 Β
1973 1923 2039 1973 νὰ
2062 1921 2286 1991 γένηται
2310 1921 2446 1991 παρ’
2462 1922 2664 1990 ἄλλους
2695 1923 2849 1996 [227]
2868 1926 3158 1998 Ἀνέςςερον
3187 1930 3359 1999 αὐτῷ·
3387 1931 3562 1985 Τοῦτο

281 2021 556 2093 νακτήσῃ,
589 2022 684 2075 καὶ
722 2021 756 2091 ἢ
806 2021 1021 2092 ἀπέλθῃ
1072 2023 1168 2076 καὶ
1215 2022 1445 2092 γένηται
1499 2018 1873 2091 καλογραίαή

280 2113 467 2183 ἀφήσῃ
501 2128 567 2182 με
596 2109 748 2183 [224]
777 2111 873 2166 καὶ
914 2111 1098 2184 ἐπάρῃ
1129 2111 1292 2165 ἄλλον
1314 2127 1329 2144 ο
1368 2110 1499 2182 χθὲς
1529 2110 1639 2181 γὰρ
1682 2106 1873 2181 ἦλθον,

280 2208 518 2279 ποιήσοις
548 2210 633 2269 εἰς
660 2209 759 2277 τὴν
801 2206 1045 2277 Ἰϐηρίαν
1075 2206 1271 2277 χρόνον
1293 2209 1392 2260 καὶ
1430 2206 1608 2278 μῆνας
1639 2212 1710 2260 ια’
1731 2221 1746 2238 ⁸
1780 2205 1877 2259 καὶ

281 2300 451 2356 πάλιν
479 2299 545 2353 νά
573 2299 798 2353 ἀπέλθω
827 2298 944 2366 νῦν,
977 2298 1187 2353 δίκαιον
1213 2298 1357 2353 θέλει
1382 2299 1529 2370 ἔχειν
1558 2299 1626 2353 νά
1662 2299 1874 2371 ποιήσῃ

280 2386 396 2446 οἷον
428 2395 492 2446 ἐκ
531 2391 640 2446 τῶν
666 2389 762 2445 δύο
791 2391 1019 2463 ποιήσῃ.
1047 2382 1170 2445 ’Καὶ
1212 2391 1455 2460 γελάσας
1493 2389 1669 2459 ὁρίζει
1693 2392 1877 2467 ’.ἀλλά

282 2486 409 2539 είπὶ
449 2484 610 2555 αὐτῇ,
637 2484 720 2538 δτι
775 2482 951 2537 ταῦτα
993 2483 1091 2537 καὶ
1147 2482 1313 2554 μόνον
1344 2482 1412 2536 τά
1438 2482 1683 2547 ταξείδια
1714 2481 1780 2536 νά
1815 2480 1876 2534 σέ

286 2575 626 2646 συγχωρήσῃ
660 2573 729 2628 νά
757 2574 1016 2646 ποιήσῃς,
1047 2573 1141 2626 καὶ
1173 2573 1239 2627 νά
1270 2572 1369 2645 τὴν
1405 2573 1620 2643 ποιήσω
1645 2571 1874 2639 ἔνορκον

286 2669 644 2740 πρόσταγμα,
679 2665 762 2718 δτι
820 2664 984 2718 πλέον
1040 2664 1108 2718 νά
1158 2662 1325 2735 μηδέν
1370 2680 1431 2716 σε
1472 2663 1750 2733 ἐνοχλήσω
1784 2662 1874 2715 διὰ

284 2760 530 2816 τοιοῦτόν
559 2774 647 2813 τι·
677 2759 775 2813 καὶ
822 2757 1026 2828 μᾶλλον
1053 2757 1151 2811 καὶ
1176 2756 1242 2809 σὺ
1275 2755 1595 2821 ἐπίστασαι,
1630 2755 1686 2809 τί
1717 2753 1874 2807 ἐνθυ-

289 2852 546 2926 μούμεθα
576 2851 675 2905 καὶ
721 2849 1031 2920 ἀμφότεροι
1066 2848 1466 2919 συντυχένομεν
1492 2850 1587 2902 καὶ
1616 2847 1876 2920 βουλευό-

289 2946 435 3019 μεθα
462 2945 722 3016 ποιῆσαι·
752 2944 845 2998 καὶ
875 2943 1039 2997 τοῦτο
1071 2942 1295 3013 βεϐαιοῦ
1321 2943 1417 2996 καὶ
1440 2941 1613 3012 χωρὶς
1641 2942 1871 3013 ἐνόρκου

287 3038 740 3112 προστάγματος,
774 3039 860 3093 ὅτι
907 3038 976 3092 τά
1023 3037 1112 3091 διά
1165 3035 1259 3089 σοῦ
1299 3034 1760 3108 ἀποκρισιαρίκια
1807 3036 1874 3091 νά

290 3136 557 3192 παύσουν.
594 3129 703 3187 Ἦν
736 3132 784 3186 δ’
826 3133 967 3201 ὅπερ
1011 3131 1438 3200 συνετυχένομεν
1469 3130 1564 3183 καὶ
1595 3130 1877 3185 ἐϐουλευό-

294 3230 453 3300 μεθα,
490 3229 572 3282 ὅτι
610 3226 679 3281 νά
721 3224 936 3297 μηνύσῃ
989 3223 1083 3278 τὸν
1119 3224 1294 3294 μέγαν
1323 3223 1526 3278 δοῦκαν
1570 3224 1872 3311 τὸχΝοτα-

293 3322 418 3391 ρᾶν,
444 3321 529 3373 ὅτι
558 3318 620 3371 rb
657 3316 1012 3387 μεσαστίκιον
1045 3316 1203 3369 οὐδὲν
1234 3317 1479 3387 ήμπορεῖ
1508 3317 1576 3369 νά
1609 3317 1711 3390 ἔχῃ
1732 3333 1748 3348 ·
1779 3316 1875 3370 καὶ

288 3412 445 3466 ούδέν
472 3410 687 3483 τυχένει
729 3410 793 3463 νά
834 3407 979 3482 [τῆς]
1012 3408 1078 3479 τὸ,
1104 3410 1407 3478 ἐπάρωμεν
1436 3409 1524 3464 διά
1570 3410 1673 3480 τὴν
1704 3410 1874 3481 τιμήν

287 3522 420 3559 τουο
455 3504 574 3575 ἀμὴ
623 3503 693 3557 νά
736 3501 798 3556 rb
836 3503 1027 3575 ἀφήσῃ
1072 3504 1304 3566 ἐκεῖνος,
1333 3502 1400 3556 νά
1453 3503 1554 3575 ἔχῃ
1596 3503 1651 3557 δὲ
1684 3504 1777 3556 καὶ
1816 3506 1877 3557 rb

289 3600 563 3668 πρωτεῖον
606 3597 708 3667 τῆς
759 3595 1010 3658 στάσεως
1061 3597 1156 3648 καὶ
1200 3597 1303 3666 τῆς
1351 3595 1571 3666 βουλῆς,
1607 3597 1706 3652 καὶ
1745 3600 1879 3669 πρό-

291 3690 449 3745 σοδόν
506 3706 628 3743 τινα
666 3688 732 3741 δι’
778 3686 943 3741 ἀλλου
974 3689 1183 3758 τρόπου
1206 3705 1220 3721 ο
1253 3688 1377 3741 ἐπεὶ
1412 3689 1520 3760 ἔχω
1570 3690 1762 3760 χρείαν
1807 3689 1876 3745 νά

288 3782 509 3850 ποιήσω
537 3781 805 3850 ἄρχοντας
830 3777 957 3843 δύο,
977 3776 1054 3841 ὡς
1079 3779 1108 3831 6
1140 3776 1400 3848 βασιλεὺς
1426 3780 1456 3832 6
1487 3779 1718 3849 ἀδελφός
1743 3796 1872 3850 μου,

286 3874 412 3944 οὐχὶ
456 3871 816 3943 μεσάζοντας,
847 3869 937 3923 ἴνα
986 3871 1092 3924 ἀπὸ
1138 3869 1238 3941 τήν
1291 3869 1470 3940 ἀρχὴν
1508 3870 1609 3940 τῆς
1659 3871 1877 3942 ἡμέρας

287 3964 398 4024 ὦσι
433 3969 551 4038 μετ’
584 3965 721 4036 ἐμοῦ
768 3966 936 4036 μέχρι
966 3964 1172 4035 πολλῆς
1216 3962 1366 4035 ὥρας
1413 3967 1515 4035 τῆς
1540 3965 1736 4029 νυκτὸς
1779 3965 1876 4018 καὶ

285 4061 389 4123 τὰς
409 4057 655 4121 δουλείας
688 4074 791 4126 μου
826 4056 1076 4126 πράττω,
1112 4057 1250 4126 ὅπερ
1283 4057 1376 4108 καὶ
1419 4053 1644 4124 ἐγένετο
1671 4072 1684 4086 ·
1716 4054 1874 4129 [225]

284 4151 390 4206 καὶ
428 4150 676 4220 ἐμηνύθη
706 4151 733 4202 6
771 4149 951 4219 μέγας
980 4149 1105 4215 δοὺξ
1131 4148 1221 4202 διὰ
1247 4148 1342 4202 τοῦ
1378 4148 1679 4202 συντέκνου
1707 4150 1875 4203 αὑτοῦ

287 4244 474 4315 κάμοῦ
521 4242 880 4314 ίερομονάχου
912 4243 1010 4296 καὶ
1052 4239 1434 4311 πνευματικοῦ
1463 4241 1749 4311 Νεοφύτου
1780 4242 1875 4297 τοῦ

283 4340 372 4401 εἰς
392 4338 485 4391 rbv
516 4337 892 4407 Χαρσιανίτην
916 4350 931 4365 ο
963 4334 993 4389 δ
1025 4335 1089 4406 δὴ
1114 4336 1210 4388 καὶ
1241 4334 1516 4405 ἔστερξεν,
1546 4335 1811 4398 ἐκουσὶως
1842 4335 1875 4403 ἢ

282 4433 587 4496 ἀκουσίως,
621 4431 723 4485 οὐκ
755 4426 872 4483 οἶδα
897 4445 912 4461 ⁶
967 4430 1063 4482 καὶ
1100 4429 1304 4493 μᾶλλον
1335 4422 1540 4496 ἔδειξεν
1571 4428 1654 4481 ὅτι
1686 4429 1878 4481 κάκεῖο

283 4540 382 4587 νος
446 4520 700 4576 ἐϐούλετο
763 4520 924 4576 τοῦτο
985 4524 1234 4589 ποιῆσαι,
1295 4522 1391 4574 καὶ
1440 4521 1527 4575 ὅτι
1587 4520 1749 4589 μόνον
1811 4519 1878 4573 νά

1979 2008 2437 2084 ὁμολογουμένως
2465 2015 2644 2080 οὕτως
2673 2017 2809 2087 ἔχει,
2842 2020 2919 2084 ὡς
2960 2022 3190 2091 όρίζεις,
3224 2025 3318 2077 καὶ
3349 2041 3562 2092 συγκα-

1977 2107 2263 2161 τατίθεται
2294 2125 2357 2162 το
2391 2111 2487 2163 καὶ
2538 2112 2571 2180 ή
2606 2109 2771 2183 δούλη
2805 2130 2925 2176 σου,
2967 2116 2999 2185 ή
3053 2116 3352 2187 σύντροφός
3402 2136 3508 2188 μου
3539 2160 3557 2185 ,

1978 2199 2103 2250 ἐπεὶ
2137 2199 2231 2253 καὶ
2265 2197 2326 2253 rb
2352 2201 2588 2271 πρᾶγμα
2609 2201 2768 2256 τοῦτο
2800 2204 3047 2270 ἀπαιτεῖ,
3079 2207 3176 2260 καὶ
3205 2207 3402 2262 ὅτιδιά
3432 2209 3561 2263 τού-

1976 2307 2071 2344 του
2098 2290 2242 2344 θέλει
2267 2291 2528 2361 ἔχεινκαὶ
2556 2294 2700 2364 ᾇπερ
2746 2313 2835 2366 μοι
2871 2295 3086 2364 ἔταξας,
3126 2299 3222 2353 καὶ
3267 2302 3435 2354 τόπον
3461 2303 3560 2355 καὶ⁵

1976 2380 2146 2453 τιμὴν
2184 2382 2279 2435 καὶ
2310 2381 2580 2453 ἀναδοχὴν
2608 2385 2781 2437 πλείω
2813 2386 2925 2439 τῶν
2953 2387 3129 2447 ἀλλων
3159 2389 3558 2460 ἀρχοντισσῶν·

1978 2471 2126 2544 ἀμὴν
2167 2473 2244 2537 είς
2281 2475 2353 2527 τὰ
2386 2476 2523 2530 ἄλλα
2554 2477 2710 2531 οὐδὲν
2742 2477 2959 2549 ὴξεύρω
2995 2482 3050 2534 τί
3081 2482 3151 2536 νά
3179 2482 3240 2535 σὲ
3271 2486 3558 2559 ἀναφέρω.

1978 2567 2192 2636 Καιροῦ
2219 2567 2283 2637 δή
2307 2567 2461 2633 ὄντος
2498 2570 2592 2624 τοῦ
2620 2570 2849 2641 ἀρίστου
2892 2573 3140 2644 ἀπῆλθον
3188 2575 3299 2643 ἐγὼ
3350 2579 3559 2637 οἴκαδε.

1991 2660 2126 2714 Ἀπ’)
2148 2661 2205 2714 δέ
2228 2660 2321 2715 τοῦ
2354 2662 2636 2732 γεύματος
2666 2665 2920 2730 ἐλθόντος
2960 2667 3056 2721 τοῦ
3096 2670 3335 2739 μεγάλου
3367 2672 3561 2738 δουκὸς

1978 2751 2150 2823 ὥρισε
2178 2754 2319 2823 πρὸς
2341 2754 2528 2818 αὐτὸν,
2567 2756 2669 2811 ὅσα
2698 2758 2820 2827 μετ’
2849 2757 2986 2829 ἐμοῦ
3024 2762 3156 2834 περὶ
3182 2763 3288 2814 τῶν
3328 2763 3564 2837 ἀποκρι-

1981 2847 2273 2918 σιαρικίων
2298 2848 2492 2919 ὥρισε,
2526 2850 2665 2920 πρὸς
2711 2852 2771 2905 rb
2819 2852 2885 2905 νά
2919 2854 3162 2916 ἀπέλθω,
3215 2858 3277 2909 ού
3328 2856 3435 2928 μὴν
3492 2858 3565 2912 τά

1977 2938 2151 3006 αἴτια,
2182 2943 2278 2994 καὶ
2304 2943 2618 3011 προσέθηκε
2650 2944 2745 2997 καὶ
2795 2945 2981 3009 τοῦτο,
3016 2947 3104 3017 ’ὅτι
3160 2947 3240 3002 ἔνι
3278 2950 3375 3004 καὶ
3404 2953 3563 3020 χρεία

1977 3034 2071 3086 καὶ
2101 3035 2263 3104 ἡμεῖς
2302 3034 2372 3087 νά
2402 3036 2492 3087 τὸν
2523 3037 2854 3106 τιμήσωμεν
2873 3078 2886 3092 .
2920 3038 3015 3103 Εἰς
3044 3041 3152 3110 γὰρ
3179 3043 3237 3095 τὸ
3278 3042 3562 3115 όφφίκιον,

1976 3123 2111 3177 ὀποῦ
2139 3123 2274 3194 ἔχει,
2328 3118 2493 3195 χάριν
2526 3127 2677 3196 ἡμᾶς
2704 3128 2864 3182 οὐδὲν
2911 3128 3050 3202 ἔχει,
3108 3134 3157 3185 εί
3191 3132 3268 3203 μὴ
3289 3135 3381 3187 τὸν
3411 3136 3566 3205 βασι-

1977 3215 2075 3268 λέα
2109 3215 2202 3270 τὸν
2221 3217 2453 3286 ἀδελφόν
2494 3237 2622 3288 μουο
2649 3219 2839 3275 λοιπον
2889 3223 2963 3277 ίδέ
3014 3224 3181 3278 αὐτὸν
3222 3227 3361 3298 πρὸς
3402 3231 3567 3284 τοῦτο

1984 3311 2080 3364 καὶ
2098 3311 2437 3382 ἐγρήκησον,
2464 3316 2621 3368 ποῖον
2648 3316 2760 3370 τῶν
2776 3317 3055 3386 όφερικίων
3075 3321 3140 3374 νά
3164 3320 3442 3393 ὀρέγεται,
3470 3326 3569 3379 καὶ

1985 3403 2124 3476 πρὸς
2157 3398 2218 3458 οὗ
2263 3398 2615 3477 ἀκούσωμεν.
2647 3410 2922 3482 Συνέτυχέ
2956 3431 3051 3483 μοι
3098 3411 3225 3483 οὖν,
3275 3418 3372 3472 καὶ
3410 3416 3568 3474 εἶπον

1985 3499 2124 3568 πρὸς
2150 3498 2337 3565 αὐτὸν,
2362 3501 2446 3556 ὅτι
2477 3501 2592 3572 ἐγὼ
2622 3503 2682 3556 ἐν
2712 3503 2788 3575 νῷ
2816 3501 2965 3576 εῐχον
2994 3507 3074 3561 ὅτι
3113 3510 3181 3564 νά
3218 3510 3310 3565 rbv
3344 3513 3570 3584 ζητήσω

1984 3591 2051 3644 νά
2081 3591 2149 3661 μέ
2181 3593 2517 3666 εὐεργετήσῃ
2542 3596 2798 3666 όφφίκιον
2824 3600 3231 3671 μεγαλώτερον,
3267 3603 3406 3677 πλὴν
3428 3606 3566 3677 ὅπερ

1983 3684 2147 3746 ἀλλος
2179 3684 2306 3739 οὔτε
2345 3685 2458 3757 ἔχει
2483 3689 2603 3740 ἀλλ’
2640 3690 2761 3743 ούδέ
2792 3692 2859 3746 νά
2888 3692 2950 3745 rb
2989 3674 3331 3768 εὐεργετήσῃ
3362 3674 3566 3764 ζῶντός

1988 3793 2116 3847 μου,
2149 3777 2285 3830 διότι
2317 3779 2413 3832 καὶ
2444 3779 2618 3842 οὕτως
2648 3798 2739 3849 μοι
2777 3783 3035 3851 φαίνεται
3069 3788 3281 3859 πρέπον
3313 3793 3408 3845 καὶ
3433 3792 3571 3861 ἠγά-

1986 3887 2143 3927 πουν.
2195 3870 2292 3923 καὶ
2340 3870 2436 3942 ἀφ’
2475 3864 2536 3926 οὗ
2570 3873 2812 3944 μάλιστα
2860 3879 2939 3942 εἰς
2991 3879 3090 3951 τὴν
3143 3882 3570 3953 Τραπεζοῦνταν

1985 3963 2231 4031 ἀπῆλθον
2259 3965 2351 4018 καὶ
2379 3965 2621 4020 τοσαῦτα
2650 3969 2830 4043 ὀνείδη
2852 3972 2947 4026 καὶ
2967 3976 3308 4046 κατηγορίας
3332 3977 3568 4050 ήκουσα,

1984 4055 2105 4119 πῶς
2137 4058 2214 4118 είς
2231 4057 2298 4145 τὸ
2320 4058 2453 4111 αὐτὸ
2486 4061 2583 4112 καὶ
2607 4059 2669 4113 ἓν
2692 4063 2948 4131 ὸφφίκιον
2969 4067 3106 4120 εἰσὶν
3131 4067 3392 4139 ἄρχοντες
3413 4068 3569 4145 [2‘28]

1983 4150 2133 4216 τρεῖς
2164 4140 2423 4203 ἐνταῦθα·
2467 4152 2562 4204 καὶ
2603 4151 2687 4207 ἔτι
2742 4155 3052 4229 ἐϐεϐαιώθη
3098 4161 3128 4213 ό
3163 4140 3433 4235 λογισμός
3462 4140 3567 4235 μου

1985 4241 2065 4302 είς
2094 4241 2191 4311 τὴν
2217 4242 2399 4312 ὄρεξιν
2429 4244 2498 4316 ἢν
2520 4242 2687 4316 εἶχον·
2709 4247 2898 4303 λοιπὸν
2933 4251 2998 4315 ἃς
3037 4225 3104 4322 μέ
3134 4225 3478 4329 εὐεργετήσῃ
3508 4260 3570 4312 τὸ

1984 4330 2243 4400 ὀφφίκιον
2294 4334 2389 4387 τοῦ
2445 4337 2685 4406 μεγάλου
2719 4342 3141 4397 κοντοσταύλου.
3192 4344 3427 4416 ’Δπῆλθε
3474 4346 3570 4401 καὶ

1986 4427 2222 4496 ἀνέφερε
2243 4416 2534 4500 ταῦτατῷ
2571 4431 2807 4503 βασιλεῖ,
2851 4437 2946 4491 καὶ
2988 4437 3167 4509 ὁρίζει
3213 4440 3350 4511 πρὸς
3381 4436 3567 4496 αὐτόν·

1988 4519 2186 4584 Τοῦτο,
2222 4521 2449 4593 Νοταρᾶ
2469 4562 2483 4588 ,
2519 4526 2641 4580 τινὰ
2681 4528 2832 4582 οὐδὲν
2864 4529 2924 4582 rb
2948 4530 3088 4583 θέλω
3134 4530 3349 4598 δώσειν,
3381 4533 3516 4586 διότι
3544 4536 3575 4588 6

286 4615 497 4687 ποιήσῃ
542 4614 670 4676 τοὺς
701 4611 856 4675 υἱοὺς
903 4612 1068 4665 αὐτοῦ
1104 4614 1186 4676 είς
1236 4614 1442 4683 τιμήν·
1490 4613 1585 4666 καὶ
1618 4612 1876 4680 ἐστάθην,
1917 4642 1961 4697 Β
1988 4612 2207 4683 πρῶτός
2242 4631 2345 4681 μου
2381 4617 2650 4686 πενθερὸς
2684 4613 2755 4688 ἦν
2795 4620 2973 4689 μέγας
3025 4620 3444 4687 κοντόσταυλος,
3478 4641 3574 4693 γε-

285 4709 340 4761 εἰ
383 4707 474 4760 καὶ⁵
502 4705 657 4759 οὐδὲν
698 4704 985 4773 ἐτελέσθη,
1014 4705 1352 4760 ἐπελθοῦσαι
1383 4706 1441 4758 αἱ
1484 4707 1767 4776 συμφοραὶ
1798 4706 1880 4768 είς

284 4799 509 4869 πάντας
531 4795 673 4866 ὁμοῦ
693 4814 707 4829 ·
739 4797 836 4850 καὶ
872 4798 1097 4865 ὥρισεν,
1126 4799 1209 4850 ὅτι
1242 4796 1355 4865 ἐγῲ
1397 4798 1499 4868 μὲν
1540 4798 1679 4853 θέλω
1709 4793 1878 4868 ἦσθεν

286 4893 322 4945 6
361 4888 463 4959 εἷς,
494 4893 591 4946 καὶ
618 4891 702 4944 δτι
742 4889 1069 4960 στοχάζεται
1103 4890 1240 4960 πρὸς
1269 4890 1362 4943 τὸν
1397 4891 1664 4961 Γουδέλην
1711 4889 1881 4943 Νικό-

285 4985 448 5047 λαον,
491 4982 585 5036 καὶ
610 4980 678 5035 ἂν
728 4980 934 5050 ἀρεστὴ
980 4980 1059 5032 ἔνι
1105 4981 1137 5050 ή
1195 4982 1517 5052 συντροφία,
1553 4982 1621 5034 νά
1651 4981 1878 5048 γένηται

288 5076 393 5130 καὶ
453 5072 619 5145 μέσον
668 5074 829 5145 ήμῶν
886 5073 1311 5144 συμπενθέριον,
1364 5075 1393 5126 ὁ
1443 5073 1575 5137 υἱό;“
1620 5091 1725 5144 μου
1782 5072 1880 5144 τὴν

286 5166 504 5222 ἐκείνου
555 5167 887 5242 θυγατέραν..
945 5166 1056 5220 Καὶ
1116 5164 1256 5235 αὕτη
1311 5166 1411 5237 μὲν
1461 5160 1530 5237 ἦν
1563 5168 1596 5233 ἡ
1638 5166 1880 5232 δουλεία,

266 5258 429 5323 ,ὀποῦ
456 5256 665 5326 ὥρισεν
691 5257 777 5311 ὅτι
800 5256 1003 5329 ήθελαν
1032 5257 1265 5311 παύσειν
1293 5260 1373 5322 είς
1403 5258 1504 5328 ἐμὲ
1532 5259 1603 5312 τά
1646 5262 1882 5329 ἀποκρι-

291 5350 548 5420 σιαρίκια
574 5367 590 5385 ·
621 5349 795 5421 ὦρισέ
837 5366 930 5420 μοι
976 5349 1034 5403 δὲ
1071 5351 1156 5404 ὅτι
1196 5351 1451 5421 ’πέμψειν
1479 5351 1653 5422 ήθελα
1683 5355 1762 5415 είς
1793 5353 1883 5407 τὸν

289 5442 520 5514 Μορέαν
566 5444 664 5497 καὶ
716 5442 825 5497 ἀπὸ
876 5441 1105 5507 τούτους
1160 5445 1304 5514 τάχα
1330 5444 1878 5517 τοὺςγεραιτέρους,

294 5535 441 5593 ἀλλά
487 5535 627 5590 θέλω
688 5537 756 5591 νά
811 5534 969 5591 δώσω
1029 5538 1390 5608 οῖκειὸχειρόν
1436 5557 1556 5609 -μου
1616 5538 1881 5595 ἀνάθεσιν

292 5627 535 5697 ἔχουσαν
568 5626 841 5696 κεφάλαια
865 5623 906 5679 ε’
933 5643 946 5658 ο
981 5626 1068 5681 ἵνα
1102 5626 1253 5699 [226]
1283 5629 1414 5701 εἴπῃ
1444 5629 1503 5682 rb
1550 5630 1883 5700 πρῷτονέξς

296 5716 657 5785 συμϐίϐασιν,
693 5719 741 5770 εἰ
771 5717 819 5772 δ’
851 5718 967 5785 οὖν,
994 5717 1055 5771 rb
1076 5718 1331 5789 δεύτερον
1365 5720 1395 5790 ἢ
1428 5722 1489 5772 rb
1522 5722 1728 5791 τρίτον
1750 5722 1781 5784 ἢ
1823 5722 1883 5775 rb

298 5807 632 5879 τέταρτονῆ
680 5807 740 5875 ἐξ
796 5809 1045 5879 ἀνάγκης
1090 5812 1151 5863 rb
1196 5812 1486 5880 πέμπτον·
1534 5814 1626 5866 καὶ
1674 5813 1883 5877 δοξάζω

297 5899 406 5968 ὅτι,
439 5893 550 5954 οἷον
580 5899 886 5955 ἀποστείλω
923 5901 1052 5957 ἄνευ
1084 5902 1201 5970 σοῦ,
1229 5902 1371 5957 θέλει
1406 5904 1661 5974 ὑπάίειν,
1696 5906 1790 5960 καὶ
1818 5906 1883 5960 vi

1985 4703 2159 4772 γονὼς
2182 4706 2337 4775 παρά
2367 4705 2460 4759 τοῦ
2494 4707 2753 4771 αὑθεντός
2784 4726 2886 4779 μου
2914 4711 3007 4763 τοῦ
3039 4707 3306 4782 βασιλέως
3338 4715 3434 4767 τοῦ
3467 4733 3573 4770 πα-

1983 4797 2113 4866 τρός
2146 4815 2248 4868 μου
2273 4800 2355 4861 είς
2388 4800 2450 4852 rb
2486 4800 2801 4871 Ἐξαμίλιον
2830 4818 2845 4833 ·
2896 4804 3016 4875 ἀμὴ
3044 4805 3115 4871 νά
3161 4805 3252 4860 τὸν
3283 4805 3439 4862 δώσω
3469 4827 3572 4880 με-

1983 4890 2295 4961 γαλώτερον
2320 4893 2535 4958 τούτου,
2567 4895 2652 4947 ἵνα
2686 4895 2779 4948 τὸν
2801 4898 3011 4967 ποιήσοι
3047 4897 3221 4968 μέγαν
3249 4900 3570 4972 λογοθέτην,

1983 4985 2121 5054 ὅπερ
2153 4984 2232 5036 ἔνι
2253 4985 2511 5055 δ’ρφέκιον
2536 4988 2800 5059 τέταρτον
2829 4986 2926 5043 καὶ
2958 4991 3017 5044 τὸ
3045 4991 3140 5045 τοῦ
3173 4996 3413 5062 μεγάλου
3447 5012 3573 5049 κον-
3642 5018 3653 5027 κ

1983 5079 2285 5132 τοσταύλου
2316 5079 2397 5132 ἔνι
2452 5079 2704 5150 ἕϐδομον.
2737 5062 2931 5150 ’Λέγει
2981 5084 3132 5156 αὐτῷ
3157 5091 3184 5140 ὁ
3220 5089 3394 5157 μέγας
3422 5089 3571 5167 δοῇιξ.

1985 5170 2095 5223 Καὶ
2120 5171 2174 5222 τί
2200 5171 2267 5224 νά
2293 5174 2517 5241 γένηται
2558 5174 2695 5242 μετὰ
2727 5175 3094 5247 Παλαιοῖόγον
3128 5180 3217 5233 τὸν
3241 5181 3570 5252 Μετοχίταν,

1983 5263 2119 5318 ὀποῦ
2146 5266 2406 5334 ἐποίησεν
2436 5267 2493 5337 (ή
2549 5262 2801 5337 βασιλεία
2861 5268 2978 5341 σου)
3016 5271 3108 5323 τὶν
3147 5272 3267 5324 υἱὸν
3300 5272 3394 5326 τοῦ
3427 5275 3574 5329 Καν-

1983 5356 2331 5427 τακουζηνοῦ
2363 5359 2592 5430 ζητήσει
2622 5359 2717 5412 τοῦ
2757 5359 3024 5415 δεσπότου
3071 5363 3164 5418 τοῦ
3192 5365 3440 5435 ἀδελφοῦ
3474 5385 3570 5423 σου

1982 5447 2070 5504 διά
2099 5450 2201 5522 τὴν
2254 5453 2582 5520 συγγένειαν
2609 5456 2710 5525 τῆς
2763 5456 3153 5528 συγγαμϐρίας
3206 5459 3303 5513 καὶ
3359 5460 3448 5514 διὰ
3479 5460 3571 5515 τὸν

1986 5540 2156 5594 αὐτοῦ
2192 5543 2404 5614 πατέρα
2447 5530 2939 5618 πρωτοστράτορα,
2972 5550 3066 5602 καὶ
3123 5551 3332 5615 ἐκεῖνος
3367 5551 3572 5620 ὑπάγει

1984 5634 2048 5687 νά
2079 5636 2225 5706 δώσῃ
2253 5636 2352 5707 τήν
2404 5636 2599 5709 ψυχήν⁸
2617 5655 2713 5691 του
2738 5657 2747 5663 ·
2769 5639 3187 5705 τὸν·ὁιάϐολον,
3222 5640 3290 5695 ἂν
3348 5644 3445 5695 καὶ
3474 5643 3574 5697 νῦν
3656 5628 3667 5631 ν

1989 5729 2224 5798 ποιήσῃς
2256 5730 2355 5781 καὶ
2397 5731 2487 5782 τὸν
2522 5731 2811 5802 Φραντζῆν
2856 5731 3035 5801 μέγαν
3076 5732 3398 5805 λογοθέτην,
3424 5722 3570 5807 ,ὀποῦ

1986 5819 2066 5870 ἔνι
2100 5822 2194 5871 καὶ
2245 5820 2388 5872 αύτδ
2410 5820 2627 5889 πρῶτον
2678 5821 2788 5875 ἀπὸ
2819 5820 2881 5873 rb
2912 5819 3008 5872 τοῦ
3044 5820 3285 5890 μεγάλου
3341 5839 3573 5891 στρατο-

1989 5910 2258 5981 πεδάρχῃ*
2290 5909 2342 5963 τε
2375 5910 2520 5964 θέλει
2554 5910 2762 5984 γενῆν;
2816 5911 2962 5982 ’Δμὴ
2991 5911 3080 5977 δὸς
3110 5896 3260 5984 αὐτῷ
3294 5912 3356 5970 τὺ
3397 5914 3575 5987 μέγα-
