3884 6068
1759 391 1930 502 EL
1947 388 2492 528 ENCHUS

431 683 947 760 AUCTOHUM
1055 685 1166 758 ET
1253 684 1644 760 OPERUM
1733 688 1952 772 QUE
2039 690 2125 761 IN
2219 689 2401 762 HOC
2486 689 2749 763 TOMO
2846 689 3061 765 CLVI
3149 692 3842 771 CONTINENTUI

2526 974 2596 982 ...-

1650 962 2506 996 ψ

1118 1215 1292 1277 VEN.
1343 1214 1773 1278 GUIBERTUS
1815 1217 2060 1280 ABBAS
2104 1221 2166 1282 S.
2211 1218 2484 1292 ΜΑΒΙΑΞ)
2528 1218 2626 1281 DE

1597 1215 1773 1278 {TUS
1815 1217 2060 1280 ABBAS
2104 1221 2166 1282 s.
2211 1218 2484 1292 MARIAE
2528 1218 2626 1281 DE
2669 1217 3131 1302 NOYIGENTO.

705 1402 880 1466 Liber
913 1418 1030 1483 quo
1057 1404 1261 1466 ordine
1319 1419 1512 1466 sermo
1549 1404 1671 1466 ﬁeri
1703 1403 1912 1468 debeat
1969 1450 1981 1463 .
2046 1449 2061 1464 .
2125 1450 2140 1465 .
2207 1453 2220 1466 .

3201 1403 3332 1467 Col.
3458 1403 3524 1466 21

703 1509 942 1571 Moralia
970 1510 1026 1569 in
1058 1509 1333 1572 Genesin.
1393 1556 1408 1570 .
1471 1555 1486 1570 .
1553 1557 1566 1570 .
1632 1557 1645 1570 .
1711 1556 1725 1570 .
1788 1555 1804 1570 .
1868 1557 1882 1572 .
1950 1552 1964 1566 .
2029 1556 2042 1570 .
2107 1555 2121 1570 .
2189 1555 2204 1569 .

701 1616 1064 1696 Tropologize
1091 1618 1146 1678 in
1179 1615 1356 1692 Osee,
1386 1619 1569 1678 Amos
1607 1622 1666 1679 et
1700 1616 2042 1679 Jeremiam.
2108 1664 2122 1677 .
2190 1664 2202 1677 .

3411 1614 3526 1676 337

705 1723 3075 1800 Delncarnatione,.......................
3411 1718 3526 1781 489

706 1828 790 1889 De
832 1827 1092 1889 buccella
1123 1827 1287 1889 Judze
1317 1828 1446 1889 data
1477 1834 1530 1890 el
1562 1827 1634 1889 de
1665 1829 1910 1890 verilate
1940 1829 2223 1889 Dominici
2267 1828 2527 1905 corporis
2582 1877 2596 1890 .
2661 1874 2676 1890 .
2741 1873 2757 1889 .
2821 1874 2837 1890 .
2901 1875 2915 1889 .
2984 1880 2995 1890 .
3060 1873 3077 1888 .
3406 1824 3524 1887 527

705 1934 784 1994 De
829 1933 1002 1995 laude
1047 1942 1261 1994 sanctae
1301 1934 1497 1994 Mariae
1553 1982 1568 1996 .
1632 1980 1647 1994 .
1713 1978 1726 1991 .
1793 1982 1804 1996 .
1871 1983 1885 1996 .
1951 1980 1964 1993 .
2028 1981 2040 1994 .
2109 1981 2120 1994 .
2185 1980 2202 1995 .

3406 1933 3519 1994 537

700 2038 2192 2118 Devirginitate.............

3405 2037 3522 2099 579

698 2146 782 2206 De
827 2145 1172 2224 pignoribus
1215 2151 1551 2208 sanctorum
1616 2193 1629 2206 .
1695 2193 1709 2207 .
1773 2191 1790 2208 .
1858 2195 1870 2206 .
1937 2189 1951 2204 .
2010 2192 2025 2207 .
2094 2193 2108 2206 .
2175 2195 2190 2207 .

3406 2143 3519 2205 6οἿ

694 2251 870 2312 Gesta
915 2251 1016 2312 Dei
1045 2267 1150 2329 per
1181 2251 1485 2312 Francos.
1548 2301 1560 2314 .
1625 2301 1638 2313 .
1704 2296 1718 2310 .
1784 2297 1797 2311 .
1867 2299 1880 2311 .
1950 2303 1959 2311 .
2024 2293 2039 2308 .
2106 2300 2119 2313 .
2186 2296 2201 2310 .

3405 2249 3523 2310 675

694 2358 1480 2421 Dcvilasua.....

697 2464 902 2525 Domni
950 2466 1118 2525 Lucae
1164 2465 1456 2542 d’Achery
1500 2470 1719 2524 notae.
1786 2509 1800 2524 .
1867 2511 1880 2523 .
1946 2508 1962 2523 .
2033 2515 2035 2517 .
2105 2509 2120 2524 .
2185 2510 2197 2522 .
2265 2512 2275 2522 .
2343 2509 2356 2522 .
2423 2515 2432 2523 .
2499 2509 2514 2523 .
2578 2507 2593 2522 .
2662 2514 2670 2523 .
2741 2513 2752 2522 .
2821 2508 2833 2523 .
2900 2509 2914 2522 .
2980 2508 2995 2524 .
3057 2507 3074 2524 .
3370 2460 3520 2521 1017
