  <div class='ocr_page' id='page_1' title='image "/cluster/home/n/w/nwhite01/storage/ocr_20150623/156/hvd.32044054760145/010.png"; bbox 0 0 3884 6068; ppageno 0'>
   <div class='ocr_carea' id='block_1_1' title="bbox 1516 407 2186 452">
    <p class='ocr_par' dir='ltr' id='par_1_1' title="bbox 1516 407 2186 452">
     <span class='ocr_line' id='line_1_1' title="bbox 1516 407 2186 452; baseline 0.001 -1"><span class='ocrx_word' id='word_1_1' title='bbox 1516 407 1688 451; x_wconf 78' lang='lat' dir='ltr'><strong>ANNO</strong></span> <span class='ocrx_word' id='word_1_2' title='bbox 1738 408 1963 452; x_wconf 80' lang='lat' dir='ltr'>DOMlNl</span> <span class='ocrx_word' id='word_1_3' title='bbox 2011 409 2186 452; x_wconf 81' lang='lat' dir='ltr'>MClV.</span> 
     </span>
    </p>
   </div>
   <div class='ocr_carea' id='block_1_2' title="bbox 665 606 3044 818">
    <p class='ocr_par' dir='ltr' id='par_1_2' title="bbox 665 606 3044 818">
     <span class='ocr_line' id='line_1_2' title="bbox 665 606 3044 818; baseline 0.004 -12"><span class='ocrx_word' id='word_1_4' title='bbox 665 608 1300 808; x_wconf 85' lang='lat' dir='ltr'>VEN.</span> <span class='ocrx_word' id='word_1_5' title='bbox 1473 606 3044 818; x_wconf 78' lang='lat' dir='ltr'>GUIBERTUS</span> 
     </span>
    </p>
   </div>
   <div class='ocr_carea' id='block_1_3' title="bbox 280 930 3421 1052">
    <p class='ocr_par' dir='ltr' id='par_1_3' title="bbox 280 930 3421 1052">
     <span class='ocr_line' id='line_1_3' title="bbox 280 930 3421 1052; baseline 0.001 -19"><span class='ocrx_word' id='word_1_6' title='bbox 280 931 791 1034; x_wconf 87' lang='lat' dir='ltr'>ABBAS</span> <span class='ocrx_word' id='word_1_7' title='bbox 877 930 1501 1052; x_wconf 64' lang='lat' dir='ltr'>SANCTE</span> <span class='ocrx_word' id='word_1_8' title='bbox 1588 933 2116 1035; x_wconf 63' lang='lat' dir='ltr'>MARIE</span> <span class='ocrx_word' id='word_1_9' title='bbox 2200 934 2395 1037; x_wconf 92' lang='lat' dir='ltr'><strong>DE</strong></span> <span class='ocrx_word' id='word_1_10' title='bbox 2484 933 3421 1040; x_wconf 88' lang='lat' dir='ltr'>NOVIGENTO.</span> 
     </span>
    </p>
   </div>
   <div class='ocr_carea' id='block_1_4' title="bbox 1137 1267 2598 1392">
    <p class='ocr_par' dir='ltr' id='par_1_4' title="bbox 1137 1267 2598 1392">
     <span class='ocr_line' id='line_1_4' title="bbox 1137 1267 2598 1392; baseline -0.001 0"><span class='ocrx_word' id='word_1_11' title='bbox 1137 1268 1946 1392; x_wconf 82' lang='lat' dir='ltr'>GUIBERTI</span> <span class='ocrx_word' id='word_1_12' title='bbox 2030 1267 2598 1392; x_wconf 80' lang='lat' dir='ltr'>OPERA</span> 
     </span>
    </p>
   </div>
   <div class='ocr_carea' id='block_1_5' title="bbox 91 1519 3610 1603">
    <p class='ocr_par' dir='ltr' id='par_1_5' title="bbox 91 1519 3610 1603">
     <span class='ocr_line' id='line_1_5' title="bbox 91 1519 3610 1603; baseline 0 -19"><span class='ocrx_word' id='word_1_13' title='bbox 91 1521 448 1585; x_wconf 83' lang='lat' dir='ltr'>Prodcunt</span> <span class='ocrx_word' id='word_1_14' title='bbox 499 1539 683 1583; x_wconf 91' lang='lat' dir='ltr'>nunc</span> <span class='ocrx_word' id='word_1_15' title='bbox 731 1521 1027 1602; x_wconf 86' lang='lat' dir='ltr'>primum</span> <span class='ocrx_word' id='word_1_16' title='bbox 1079 1520 1147 1582; x_wconf 90' lang='lat' dir='ltr'>in</span> <span class='ocrx_word' id='word_1_17' title='bbox 1197 1521 1417 1582; x_wconf 88' lang='lat' dir='ltr'>lucem</span> <span class='ocrx_word' id='word_1_18' title='bbox 1469 1539 1604 1582; x_wconf 90' lang='lat' dir='ltr'>una</span> <span class='ocrx_word' id='word_1_19' title='bbox 1649 1537 1802 1581; x_wconf 88' lang='lat' dir='ltr'>cum</span> <span class='ocrx_word' id='word_1_20' title='bbox 1851 1519 2220 1600; x_wconf 84' lang='lat' dir='ltr'>appendice</span> <span class='ocrx_word' id='word_1_21' title='bbox 2272 1520 2352 1581; x_wconf 91' lang='lat' dir='ltr'>ad</span> <span class='ocrx_word' id='word_1_22' title='bbox 2405 1519 2652 1581; x_wconf 90' lang='lat' dir='ltr'>librum</span> <span class='ocrx_word' id='word_1_23' title='bbox 2720 1519 2999 1581; x_wconf 81' lang='lat' dir='ltr'>tertium</span> <span class='ocrx_word' id='word_1_24' title='bbox 3045 1519 3132 1582; x_wconf 90' lang='lat' dir='ltr'>De</span> <span class='ocrx_word' id='word_1_25' title='bbox 3193 1519 3342 1584; x_wconf 83' lang='lat' dir='ltr'>Vita</span> <span class='ocrx_word' id='word_1_26' title='bbox 3389 1521 3610 1603; x_wconf 86' lang='lat' dir='ltr'>ipsius</span> 
     </span>
    </p>
   </div>
   <div class='ocr_carea' id='block_1_6' title="bbox 184 1606 3614 1688">
    <p class='ocr_par' dir='ltr' id='par_1_6' title="bbox 184 1606 3614 1688">
     <span class='ocr_line' id='line_1_6' title="bbox 184 1606 3614 1688; baseline 0 -16"><span class='ocrx_word' id='word_1_27' title='bbox 184 1612 518 1673; x_wconf 85' lang='lat' dir='ltr'>nimirum</span> <span class='ocrx_word' id='word_1_28' title='bbox 561 1609 928 1671; x_wconf 84' lang='lat' dir='ltr'>llermanni</span> <span class='ocrx_word' id='word_1_29' title='bbox 958 1609 1274 1670; x_wconf 85' lang='lat' dir='ltr'>monachi</span> <span class='ocrx_word' id='word_1_30' title='bbox 1306 1609 1454 1670; x_wconf 84' lang='lat' dir='ltr'>libri</span> <span class='ocrx_word' id='word_1_31' title='bbox 1503 1615 1666 1684; x_wconf 88' lang='lat' dir='ltr'>tres,</span> <span class='ocrx_word' id='word_1_32' title='bbox 1719 1607 1806 1670; x_wconf 92' lang='lat' dir='ltr'>De</span> <span class='ocrx_word' id='word_1_33' title='bbox 1845 1608 2200 1670; x_wconf 83' lang='lat' dir='ltr'>miraculis</span> <span class='ocrx_word' id='word_1_34' title='bbox 2247 1607 2313 1670; x_wconf 91' lang='lat' dir='ltr'>S.</span> <span class='ocrx_word' id='word_1_35' title='bbox 2364 1606 2609 1684; x_wconf 59' lang='lat' dir='ltr'>Maria,</span> <span class='ocrx_word' id='word_1_36' title='bbox 2649 1609 2791 1669; x_wconf 87' lang='lat' dir='ltr'>sive</span> <span class='ocrx_word' id='word_1_37' title='bbox 2844 1609 2930 1671; x_wconf 91' lang='lat' dir='ltr'>De</span> <span class='ocrx_word' id='word_1_38' title='bbox 2985 1611 3414 1688; x_wconf 84' lang='lat' dir='ltr'>reparatione</span> <span class='ocrx_word' id='word_1_39' title='bbox 3449 1609 3614 1674; x_wconf 90' lang='lat' dir='ltr'>Lau-</span> 
     </span>
    </p>
   </div>
   <div class='ocr_carea' id='block_1_7' title="bbox 182 1696 3613 1777">
    <p class='ocr_par' dir='ltr' id='par_1_7' title="bbox 182 1696 3613 1777">
     <span class='ocr_line' id='line_1_7' title="bbox 182 1696 3613 1777; baseline 0 -16"><span class='ocrx_word' id='word_1_40' title='bbox 182 1699 524 1762; x_wconf 90' lang='lat' dir='ltr'>dunensis</span> <span class='ocrx_word' id='word_1_41' title='bbox 557 1699 900 1770; x_wconf 65' lang='lat' dir='ltr'>ecclesiae;</span> <span class='ocrx_word' id='word_1_42' title='bbox 958 1697 1041 1758; x_wconf 93' lang='lat' dir='ltr'>De</span> <span class='ocrx_word' id='word_1_43' title='bbox 1112 1696 1330 1759; x_wconf 85' lang='lat' dir='ltr'>Gestis</span> <span class='ocrx_word' id='word_1_44' title='bbox 1378 1696 1853 1758; x_wconf 70' lang='lat' dir='ltr'>Bartholomaai</span> <span class='ocrx_word' id='word_1_45' title='bbox 1909 1697 2252 1777; x_wconf 85' lang='lat' dir='ltr'>episcOpi;</span> <span class='ocrx_word' id='word_1_46' title='bbox 2307 1715 2382 1758; x_wconf 91' lang='lat' dir='ltr'>ac</span> <span class='ocrx_word' id='word_1_47' title='bbox 2432 1698 2517 1758; x_wconf 79' lang='lat' dir='ltr'>De</span> <span class='ocrx_word' id='word_1_48' title='bbox 2566 1697 2832 1775; x_wconf 83' lang='lat' dir='ltr'>origine</span> <span class='ocrx_word' id='word_1_49' title='bbox 2885 1701 2949 1758; x_wconf 87' lang='lat' dir='ltr'>et</span> <span class='ocrx_word' id='word_1_50' title='bbox 2990 1697 3407 1760; x_wconf 87' lang='lat' dir='ltr'>incremento</span> <span class='ocrx_word' id='word_1_51' title='bbox 3444 1697 3613 1762; x_wconf 74' lang='lat' dir='ltr'>Prae-</span> 
     </span>
    </p>
   </div>
   <div class='ocr_carea' id='block_1_8' title="bbox 182 1779 3607 1866">
    <p class='ocr_par' dir='ltr' id='par_1_8' title="bbox 182 1779 3607 1866">
     <span class='ocr_line' id='line_1_8' title="bbox 182 1779 3607 1866; baseline -0.001 -16"><span class='ocrx_word' id='word_1_52' title='bbox 182 1788 721 1851; x_wconf 86' lang='lat' dir='ltr'>monstratensis</span> <span class='ocrx_word' id='word_1_53' title='bbox 755 1787 1036 1848; x_wconf 82' lang='lat' dir='ltr'>ordinis.</span> <span class='ocrx_word' id='word_1_54' title='bbox 1079 1785 1243 1848; x_wconf 90' lang='lat' dir='ltr'>Item</span> <span class='ocrx_word' id='word_1_55' title='bbox 1287 1784 1472 1848; x_wconf 66' lang='lat' dir='ltr'>Nolae</span> <span class='ocrx_word' id='word_1_56' title='bbox 1501 1792 1562 1847; x_wconf 86' lang='lat' dir='ltr'>et</span> <span class='ocrx_word' id='word_1_57' title='bbox 1596 1784 2111 1847; x_wconf 89' lang='lat' dir='ltr'>observationes</span> <span class='ocrx_word' id='word_1_58' title='bbox 2159 1785 2448 1847; x_wconf 78' lang='lat' dir='ltr'>vetustis</span> <span class='ocrx_word' id='word_1_59' title='bbox 2482 1779 2946 1846; x_wconf 77' lang='lat' dir='ltr'>monumentis</span> <span class='ocrx_word' id='word_1_60' title='bbox 2981 1787 3245 1848; x_wconf 65' lang='lat' dir='ltr'>refertae</span> <span class='ocrx_word' id='word_1_61' title='bbox 3287 1788 3367 1847; x_wconf 87' lang='lat' dir='ltr'>ad</span> <span class='ocrx_word' id='word_1_62' title='bbox 3402 1805 3607 1866; x_wconf 88' lang='lat' dir='ltr'>quos-</span> 
     </span>
    </p>
   </div>
   <div class='ocr_carea' id='block_1_9' title="bbox 185 1872 3610 1954">
    <p class='ocr_par' dir='ltr' id='par_1_9' title="bbox 185 1872 3610 1954">
     <span class='ocr_line' id='line_1_9' title="bbox 185 1872 3610 1954; baseline -0 -17"><span class='ocrx_word' id='word_1_63' title='bbox 185 1878 345 1938; x_wconf 84' lang='lat' dir='ltr'>dam</span> <span class='ocrx_word' id='word_1_64' title='bbox 373 1875 451 1938; x_wconf 67' lang='grc' dir='ltr'>ν.</span> <span class='ocrx_word' id='word_1_65' title='bbox 491 1875 789 1938; x_wconf 88' lang='lat' dir='ltr'>Guiberli</span> <span class='ocrx_word' id='word_1_66' title='bbox 833 1875 1066 1936; x_wconf 90' lang='lat' dir='ltr'>libros.</span> <span class='ocrx_word' id='word_1_67' title='bbox 1116 1908 1203 1920; x_wconf 93' lang='lat'><strong>—</strong></span> <span class='ocrx_word' id='word_1_68' title='bbox 1234 1874 1352 1935; x_wconf 86' lang='lat' dir='ltr'>His</span> <span class='ocrx_word' id='word_1_69' title='bbox 1387 1873 1714 1935; x_wconf 87' lang='lat' dir='ltr'>accedunt</span> <span class='ocrx_word' id='word_1_70' title='bbox 1761 1873 2219 1936; x_wconf 85' lang='lat' dir='ltr'>additamenta</span> <span class='ocrx_word' id='word_1_71' title='bbox 2270 1873 2339 1934; x_wconf 91' lang='lat' dir='ltr'>iu</span> <span class='ocrx_word' id='word_1_72' title='bbox 2389 1873 2637 1954; x_wconf 81' lang='lat' dir='ltr'>quibus</span> <span class='ocrx_word' id='word_1_73' title='bbox 2669 1873 2834 1936; x_wconf 65' lang='lat' dir='ltr'>Vita:</span> <span class='ocrx_word' id='word_1_74' title='bbox 2869 1872 2935 1937; x_wconf 92' lang='lat' dir='ltr'>S.</span> <span class='ocrx_word' id='word_1_75' title='bbox 2987 1873 3358 1949; x_wconf 88' lang='lat' dir='ltr'>Geremari,</span> <span class='ocrx_word' id='word_1_76' title='bbox 3396 1873 3464 1937; x_wconf 92' lang='lat' dir='ltr'>B.</span> <span class='ocrx_word' id='word_1_77' title='bbox 3513 1876 3610 1938; x_wconf 93' lang='lat' dir='ltr'>Si-</span> 
     </span>
    </p>
   </div>
   <div class='ocr_carea' id='block_1_10' title="bbox 184 1961 3609 2042">
    <p class='ocr_par' dir='ltr' id='par_1_10' title="bbox 184 1961 3609 2042">
     <span class='ocr_line' id='line_1_10' title="bbox 184 1961 3609 2042; baseline -0.001 -15"><span class='ocrx_word' id='word_1_78' title='bbox 184 1966 418 2027; x_wconf 86' lang='lat' dir='ltr'>monis</span> <span class='ocrx_word' id='word_1_79' title='bbox 462 1964 733 2026; x_wconf 85' lang='lat' dir='ltr'>comitis</span> <span class='ocrx_word' id='word_1_80' title='bbox 767 1961 1255 2042; x_wconf 88' lang='lat' dir='ltr'>Crespeiensis,</span> <span class='ocrx_word' id='word_1_81' title='bbox 1287 1967 1352 2025; x_wconf 88' lang='lat' dir='ltr'>et</span> <span class='ocrx_word' id='word_1_82' title='bbox 1385 1961 1451 2026; x_wconf 92' lang='lat' dir='ltr'>S.</span> <span class='ocrx_word' id='word_1_83' title='bbox 1484 1962 1867 2040; x_wconf 77' lang='lat' dir='ltr'>Salabergae</span> <span class='ocrx_word' id='word_1_84' title='bbox 1899 1963 2298 2033; x_wconf 61' lang='lat' dir='ltr'>abbatissae;</span> <span class='ocrx_word' id='word_1_85' title='bbox 2337 1981 2457 2024; x_wconf 89' lang='lat' dir='ltr'>nec</span> <span class='ocrx_word' id='word_1_86' title='bbox 2500 1980 2634 2023; x_wconf 91' lang='lat' dir='ltr'>non</span> <span class='ocrx_word' id='word_1_87' title='bbox 2686 1961 2994 2040; x_wconf 81' lang='lat' dir='ltr'>[Iugonis</span> <span class='ocrx_word' id='word_1_88' title='bbox 3027 1961 3609 2041; x_wconf 82' lang='lat' dir='ltr'>Rothomagensis</span> 
     </span>
    </p>
   </div>
   <div class='ocr_carea' id='block_1_11' title="bbox 183 2048 3608 2134">
    <p class='ocr_par' dir='ltr' id='par_1_11' title="bbox 183 2048 3608 2134">
     <span class='ocr_line' id='line_1_11' title="bbox 183 2048 3608 2134; baseline 0 -20"><span class='ocrx_word' id='word_1_89' title='bbox 183 2052 686 2134; x_wconf 87' lang='lat' dir='ltr'>archiepiscopi</span> <span class='ocrx_word' id='word_1_90' title='bbox 720 2051 869 2113; x_wconf 91' lang='lat' dir='ltr'>libri</span> <span class='ocrx_word' id='word_1_91' title='bbox 900 2056 1038 2112; x_wconf 88' lang='lat' dir='ltr'>tres</span> <span class='ocrx_word' id='word_1_92' title='bbox 1074 2051 1481 2129; x_wconf 85' lang='lat' dir='ltr'>Dogmatum</span> <span class='ocrx_word' id='word_1_93' title='bbox 1514 2048 1906 2113; x_wconf 72' lang='lat' dir='ltr'>Christiana:</span> <span class='ocrx_word' id='word_1_94' title='bbox 1939 2050 2094 2111; x_wconf 86' lang='lat' dir='ltr'>ﬁdei</span> <span class='ocrx_word' id='word_1_95' title='bbox 2144 2055 2380 2112; x_wconf 84' lang='lat' dir='ltr'>contra</span> <span class='ocrx_word' id='word_1_96' title='bbox 2430 2050 2784 2112; x_wconf 75' lang='lat' dir='ltr'>haereticos</span> <span class='ocrx_word' id='word_1_97' title='bbox 2811 2051 2916 2113; x_wconf 91' lang='lat' dir='ltr'>sui</span> <span class='ocrx_word' id='word_1_98' title='bbox 2949 2051 3275 2132; x_wconf 86' lang='lat' dir='ltr'>temporis</span> <span class='ocrx_word' id='word_1_99' title='bbox 3305 2072 3319 2126; x_wconf 89' lang='lat'><strong>;</strong></span> <span class='ocrx_word' id='word_1_100' title='bbox 3374 2057 3438 2114; x_wconf 87' lang='lat' dir='ltr'>et</span> <span class='ocrx_word' id='word_1_101' title='bbox 3489 2050 3608 2114; x_wconf 84' lang='lat' dir='ltr'>Ro-</span> 
     </span>
    </p>
   </div>
   <div class='ocr_carea' id='block_1_12' title="bbox 184 2137 2773 2220">
    <p class='ocr_par' dir='ltr' id='par_1_12' title="bbox 184 2137 2773 2220">
     <span class='ocr_line' id='line_1_12' title="bbox 184 2137 2773 2220; baseline -0 -18"><span class='ocrx_word' id='word_1_102' title='bbox 184 2142 360 2203; x_wconf 86' lang='lat' dir='ltr'>berti</span> <span class='ocrx_word' id='word_1_103' title='bbox 396 2144 479 2203; x_wconf 91' lang='lat' dir='ltr'>de</span> <span class='ocrx_word' id='word_1_104' title='bbox 513 2140 740 2203; x_wconf 87' lang='lat' dir='ltr'>Monte</span> <span class='ocrx_word' id='word_1_105' title='bbox 763 2140 1212 2202; x_wconf 84' lang='lat' dir='ltr'>Accessiones</span> <span class='ocrx_word' id='word_1_106' title='bbox 1242 2144 1442 2220; x_wconf 85' lang='lat' dir='ltr'>atque</span> <span class='ocrx_word' id='word_1_107' title='bbox 1467 2139 1819 2220; x_wconf 82' lang='lat' dir='ltr'>Appendix</span> <span class='ocrx_word' id='word_1_108' title='bbox 1847 2155 2178 2218; x_wconf 85' lang='lat' dir='ltr'>germana</span> <span class='ocrx_word' id='word_1_109' title='bbox 2209 2138 2288 2200; x_wconf 90' lang='lat' dir='ltr'>ad</span> <span class='ocrx_word' id='word_1_110' title='bbox 2332 2137 2773 2217; x_wconf 87' lang='lat' dir='ltr'>Sigibertum.</span> 
     </span>
    </p>
   </div>
   <div class='ocr_carea' id='block_1_13' title="bbox 109 2306 3587 2400">
    <p class='ocr_par' dir='ltr' id='par_1_13' title="bbox 109 2306 3587 2400">
     <span class='ocr_line' id='line_1_13' title="bbox 109 2306 3587 2400; baseline 0.001 -25"><span class='ocrx_word' id='word_1_111' title='bbox 109 2314 345 2378; x_wconf 79' lang='lat' dir='ltr'>Omnia</span> <span class='ocrx_word' id='word_1_112' title='bbox 385 2310 610 2376; x_wconf 84' lang='lat' dir='ltr'>studio</span> <span class='ocrx_word' id='word_1_113' title='bbox 649 2322 710 2376; x_wconf 86' lang='lat' dir='ltr'>et</span> <span class='ocrx_word' id='word_1_114' title='bbox 736 2331 938 2400; x_wconf 78' lang='lat' dir='ltr'>opera</span> <span class='ocrx_word' id='word_1_115' title='bbox 967 2306 1198 2376; x_wconf 83' lang='lat' dir='ltr'>damni</span> <span class='ocrx_word' id='word_1_116' title='bbox 1228 2313 1415 2375; x_wconf 69' lang='lat' dir='ltr'>Luca:</span> <span class='ocrx_word' id='word_1_117' title='bbox 1453 2309 1808 2399; x_wconf 71' lang='lat' dir='ltr'>d’Ac/zery,</span> <span class='ocrx_word' id='word_1_118' title='bbox 1851 2309 2163 2376; x_wconf 72' lang='lat' dir='ltr'>monac/ii</span> <span class='ocrx_word' id='word_1_119' title='bbox 2207 2308 2610 2376; x_wconf 80' lang='lat' dir='ltr'>Benedictini</span> <span class='ocrx_word' id='word_1_120' title='bbox 2643 2311 3170 2400; x_wconf 75' lang='lat' dir='ltr'>congregationis</span> <span class='ocrx_word' id='word_1_121' title='bbox 3210 2314 3280 2378; x_wconf 81' lang='grc' dir='ltr'>δ’.</span> <span class='ocrx_word' id='word_1_122' title='bbox 3338 2313 3587 2379; x_wconf 81' lang='lat' dir='ltr'>Mauri.</span> 
     </span>
    </p>
   </div>
   <div class='ocr_carea' id='block_1_14' title="bbox 303 2497 3400 2571">
    <p class='ocr_par' dir='ltr' id='par_1_14' title="bbox 303 2497 3400 2571">
     <span class='ocr_line' id='line_1_14' title="bbox 303 2497 3400 2571; baseline -0.001 -14"><span class='ocrx_word' id='word_1_123' title='bbox 303 2502 567 2569; x_wconf 69' lang='lat' dir='ltr'>(Lutetiae</span> <span class='ocrx_word' id='word_1_124' title='bbox 599 2499 971 2567; x_wconf 85' lang='lat' dir='ltr'>Parisiorum,</span> <span class='ocrx_word' id='word_1_125' title='bbox 1004 2498 1332 2569; x_wconf 87' lang='lat' dir='ltr'>sumptibus</span> <span class='ocrx_word' id='word_1_126' title='bbox 1360 2497 1594 2554; x_wconf 81' lang='lat' dir='ltr'>Joannis</span> <span class='ocrx_word' id='word_1_127' title='bbox 1623 2499 1882 2564; x_wconf 88' lang='lat' dir='ltr'>Billaine,</span> <span class='ocrx_word' id='word_1_128' title='bbox 1907 2499 2003 2555; x_wconf 86' lang='lat' dir='ltr'>via</span> <span class='ocrx_word' id='word_1_129' title='bbox 2030 2499 2310 2567; x_wconf 74' lang='lat' dir='ltr'>Jacobzea,</span> <span class='ocrx_word' id='word_1_130' title='bbox 2343 2500 2450 2556; x_wconf 88' lang='lat' dir='ltr'>sub</span> <span class='ocrx_word' id='word_1_131' title='bbox 2483 2500 2644 2570; x_wconf 77' lang='lat' dir='ltr'>signo</span> <span class='ocrx_word' id='word_1_132' title='bbox 2676 2499 2729 2555; x_wconf 93' lang='lat' dir='ltr'>S.</span> <span class='ocrx_word' id='word_1_133' title='bbox 2767 2501 3098 2570; x_wconf 78' lang='lat' dir='ltr'>Augustini,</span> <span class='ocrx_word' id='word_1_134' title='bbox 3137 2501 3400 2571; x_wconf 80' lang='lat' dir='ltr'>MDCLI.)</span> 
     </span>
    </p>
   </div>
   <div class='ocr_carea' id='block_1_15' title="bbox 1304 2773 2420 2932">
    <p class='ocr_par' dir='ltr' id='par_1_15' title="bbox 1304 2773 2420 2932">
     <span class='ocr_line' id='line_1_15' title="bbox 1304 2773 2420 2932; baseline 0.003 -4"><span class='ocrx_word' id='word_1_135' title='bbox 1304 2773 2420 2932; x_wconf 84' lang='lat' dir='ltr'>PROLEGOMENA.</span> 
     </span>
    </p>
   </div>
   <div class='ocr_carea' id='block_1_16' title="bbox 1559 3041 2150 3114">
    <p class='ocr_par' dir='ltr' id='par_1_16' title="bbox 1559 3041 2150 3114">
     <span class='ocr_line' id='line_1_16' title="bbox 1559 3041 2150 3114; baseline 0.003 -2"><span class='ocrx_word' id='word_1_136' title='bbox 1559 3041 2150 3114; x_wconf 90' lang='lat' dir='ltr'>AMPLISSIMO</span> 
     </span>
    </p>
   </div>
   <div class='ocr_carea' id='block_1_17' title="bbox 871 3212 2824 3355">
    <p class='ocr_par' dir='ltr' id='par_1_17' title="bbox 871 3212 2824 3355">
     <span class='ocr_line' id='line_1_17' title="bbox 871 3212 2824 3355; baseline 0 0"><span class='ocrx_word' id='word_1_137' title='bbox 871 3233 1140 3355; x_wconf 92' lang='lat' dir='ltr'>DD.</span> <span class='ocrx_word' id='word_1_138' title='bbox 1259 3228 2202 3355; x_wconf 69' lang='lat' dir='ltr'>MATTH/EO</span> <span class='ocrx_word' id='word_1_139' title='bbox 2321 3212 2824 3355; x_wconf 83' lang='lat' dir='ltr'>MOLE</span> 
     </span>
    </p>
   </div>
   <div class='ocr_carea' id='block_1_18' title="bbox 1275 3446 2416 3504">
    <p class='ocr_par' dir='ltr' id='par_1_18' title="bbox 1275 3446 2416 3504">
     <span class='ocr_line' id='line_1_18' title="bbox 1275 3446 2416 3504; baseline 0.001 -2"><span class='ocrx_word' id='word_1_140' title='bbox 1275 3446 1581 3502; x_wconf 82' lang='lat' dir='ltr'>SENATUS</span> <span class='ocrx_word' id='word_1_141' title='bbox 1627 3446 2054 3502; x_wconf 75' lang='lat' dir='ltr'>PARISIENSIS</span> <span class='ocrx_word' id='word_1_142' title='bbox 2097 3448 2416 3504; x_wconf 80' lang='lat' dir='ltr'>PBINCIPI.</span> 
     </span>
    </p>
   </div>
   <div class='ocr_carea' id='block_1_19' title="bbox 164 3630 3601 3708">
    <p class='ocr_par' dir='ltr' id='par_1_19' title="bbox 164 3630 3601 3708">
     <span class='ocr_line' id='line_1_19' title="bbox 164 3630 3601 3708; baseline 0.001 -18"><span class='ocrx_word' id='word_1_143' title='bbox 164 3634 289 3702; x_wconf 87' lang='lat' dir='ltr'>Quo</span> <span class='ocrx_word' id='word_1_144' title='bbox 312 3635 547 3691; x_wconf 78' lang='lat' dir='ltr'>tandem</span> <span class='ocrx_word' id='word_1_145' title='bbox 577 3635 790 3702; x_wconf 88' lang='lat' dir='ltr'>animo,</span> <span class='ocrx_word' id='word_1_146' title='bbox 853 3641 1226 3703; x_wconf 73' lang='lat' dir='ltr'>protopraeses</span> <span class='ocrx_word' id='word_1_147' title='bbox 1271 3630 1642 3701; x_wconf 85' lang='lat' dir='ltr'>amplissime,</span> <span class='ocrx_word' id='word_1_148' title='bbox 1694 3631 2006 3686; x_wconf 89' lang='lat' dir='ltr'>Guibertus</span> <span class='ocrx_word' id='word_1_149' title='bbox 2052 3631 2144 3687; x_wconf 89' lang='lat' dir='ltr'>hic</span> <span class='ocrx_word' id='word_1_150' title='bbox 2192 3639 2380 3688; x_wconf 87' lang='lat' dir='ltr'>noster</span> <span class='ocrx_word' id='word_1_151' title='bbox 2427 3633 2621 3688; x_wconf 90' lang='lat' dir='ltr'>orbem</span> <span class='ocrx_word' id='word_1_152' title='bbox 2671 3633 2860 3690; x_wconf 87' lang='lat' dir='ltr'>denuo</span> <span class='ocrx_word' id='word_1_153' title='bbox 2907 3635 3156 3693; x_wconf 89' lang='lat' dir='ltr'>lustrare</span> <span class='ocrx_word' id='word_1_154' title='bbox 3206 3640 3430 3708; x_wconf 85' lang='lat' dir='ltr'>gestiat,</span> <span class='ocrx_word' id='word_1_155' title='bbox 3484 3653 3601 3694; x_wconf 89' lang='lat' dir='ltr'>non</span> 
     </span>
    </p>
   </div>
   <div class='ocr_carea' id='block_1_20' title="bbox 96 3719 3599 3795">
    <p class='ocr_par' dir='ltr' id='par_1_20' title="bbox 96 3719 3599 3795">
     <span class='ocr_line' id='line_1_20' title="bbox 96 3719 3599 3795; baseline 0.001 -18"><span class='ocrx_word' id='word_1_156' title='bbox 96 3724 222 3778; x_wconf 83' lang='lat' dir='ltr'>satis</span> <span class='ocrx_word' id='word_1_157' title='bbox 251 3723 396 3778; x_wconf 84' lang='lat' dir='ltr'>mihi</span> <span class='ocrx_word' id='word_1_158' title='bbox 423 3730 782 3791; x_wconf 79' lang='lat' dir='ltr'>compertum</span> <span class='ocrx_word' id='word_1_159' title='bbox 835 3721 1071 3777; x_wconf 90' lang='lat' dir='ltr'>minime</span> <span class='ocrx_word' id='word_1_160' title='bbox 1105 3720 1409 3776; x_wconf 80' lang='lat' dir='ltr'>difﬁtebor.</span> <span class='ocrx_word' id='word_1_161' title='bbox 1452 3720 1576 3774; x_wconf 77' lang='lat' dir='ltr'>1am</span> <span class='ocrx_word' id='word_1_162' title='bbox 1618 3733 1717 3788; x_wconf 89' lang='lat' dir='ltr'>per</span> <span class='ocrx_word' id='word_1_163' title='bbox 1751 3719 1932 3774; x_wconf 91' lang='lat' dir='ltr'>multa</span> <span class='ocrx_word' id='word_1_164' title='bbox 1964 3726 2284 3788; x_wconf 87' lang='lat' dir='ltr'>temporum</span> <span class='ocrx_word' id='word_1_165' title='bbox 2317 3721 2610 3776; x_wconf 89' lang='lat' dir='ltr'>curricula</span> <span class='ocrx_word' id='word_1_166' title='bbox 2643 3723 2698 3777; x_wconf 92' lang='lat' dir='ltr'>in</span> <span class='ocrx_word' id='word_1_167' title='bbox 2733 3722 3088 3780; x_wconf 72' lang='lat' dir='ltr'>bibliothecae</span> <span class='ocrx_word' id='word_1_168' title='bbox 3130 3726 3444 3795; x_wconf 89' lang='lat' dir='ltr'>tranquilla</span> <span class='ocrx_word' id='word_1_169' title='bbox 3475 3733 3599 3782; x_wconf 88' lang='lat' dir='ltr'>sta-</span> 
     </span>
    </p>
   </div>
   <div class='ocr_carea' id='block_1_21' title="bbox 97 3807 3600 3881">
    <p class='ocr_par' dir='ltr' id='par_1_21' title="bbox 97 3807 3600 3881">
     <span class='ocr_line' id='line_1_21' title="bbox 97 3807 3600 3881; baseline 0.001 -16"><span class='ocrx_word' id='word_1_170' title='bbox 97 3812 239 3865; x_wconf 85' lang='lat' dir='ltr'>tione</span> <span class='ocrx_word' id='word_1_171' title='bbox 271 3809 494 3879; x_wconf 87' lang='lat' dir='ltr'>positus</span> <span class='ocrx_word' id='word_1_172' title='bbox 525 3811 837 3865; x_wconf 87' lang='lat' dir='ltr'>dormierat</span> <span class='ocrx_word' id='word_1_173' title='bbox 867 3810 1014 3865; x_wconf 89' lang='lat' dir='ltr'>inter</span> <span class='ocrx_word' id='word_1_174' title='bbox 1045 3817 1302 3864; x_wconf 90' lang='lat' dir='ltr'>mortuos</span> <span class='ocrx_word' id='word_1_175' title='bbox 1332 3807 1474 3863; x_wconf 89' lang='lat' dir='ltr'>liber</span> <span class='ocrx_word' id='word_1_176' title='bbox 1498 3807 1846 3875; x_wconf 89' lang='lat' dir='ltr'>Guibertus;</span> <span class='ocrx_word' id='word_1_177' title='bbox 1881 3808 2014 3877; x_wconf 91' lang='lat' dir='ltr'>quis</span> <span class='ocrx_word' id='word_1_178' title='bbox 2061 3808 2361 3863; x_wconf 88' lang='lat' dir='ltr'>suscitavit</span> <span class='ocrx_word' id='word_1_179' title='bbox 2398 3823 2531 3864; x_wconf 90' lang='lat' dir='ltr'>eum</span> <span class='ocrx_word' id='word_1_180' title='bbox 2554 3809 2581 3864; x_wconf 81' lang='lat'><strong>?</strong></span> <span class='ocrx_word' id='word_1_181' title='bbox 2633 3809 2794 3866; x_wconf 84' lang='lat' dir='ltr'>Certe</span> <span class='ocrx_word' id='word_1_182' title='bbox 2839 3811 3071 3881; x_wconf 90' lang='lat' dir='ltr'>quidem</span> <span class='ocrx_word' id='word_1_183' title='bbox 3105 3827 3221 3867; x_wconf 91' lang='lat' dir='ltr'>non</span> <span class='ocrx_word' id='word_1_184' title='bbox 3267 3813 3384 3868; x_wconf 91' lang='lat' dir='ltr'>odit</span> <span class='ocrx_word' id='word_1_185' title='bbox 3415 3813 3600 3870; x_wconf 88' lang='lat' dir='ltr'>lucem</span> 
     </span>
    </p>
   </div>
   <div class='ocr_carea' id='block_1_22' title="bbox 98 3896 3600 3970">
    <p class='ocr_par' dir='ltr' id='par_1_22' title="bbox 98 3896 3600 3970">
     <span class='ocr_line' id='line_1_22' title="bbox 98 3896 3600 3970; baseline 0.001 -17"><span class='ocrx_word' id='word_1_186' title='bbox 98 3899 188 3968; x_wconf 86' lang='lat' dir='ltr'>qui</span> <span class='ocrx_word' id='word_1_187' title='bbox 221 3913 454 3953; x_wconf 90' lang='lat' dir='ltr'>summo</span> <span class='ocrx_word' id='word_1_188' title='bbox 500 3896 693 3953; x_wconf 87' lang='lat' dir='ltr'>labore</span> <span class='ocrx_word' id='word_1_189' title='bbox 726 3906 780 3953; x_wconf 90' lang='lat' dir='ltr'>et</span> <span class='ocrx_word' id='word_1_190' title='bbox 827 3910 971 3953; x_wconf 90' lang='lat' dir='ltr'>cura</span> <span class='ocrx_word' id='word_1_191' title='bbox 1026 3896 1382 3966; x_wconf 86' lang='lat' dir='ltr'>permaxima</span> <span class='ocrx_word' id='word_1_192' title='bbox 1435 3904 1514 3951; x_wconf 91' lang='lat' dir='ltr'>tot</span> <span class='ocrx_word' id='word_1_193' title='bbox 1570 3896 1866 3965; x_wconf 82' lang='lat' dir='ltr'>pestiferas</span> <span class='ocrx_word' id='word_1_194' title='bbox 1919 3896 2026 3951; x_wconf 78' lang='lat' dir='ltr'>aevi</span> <span class='ocrx_word' id='word_1_195' title='bbox 2057 3896 2144 3952; x_wconf 90' lang='lat' dir='ltr'>sui</span> <span class='ocrx_word' id='word_1_196' title='bbox 2179 3910 2442 3953; x_wconf 89' lang='lat' dir='ltr'>errorum</span> <span class='ocrx_word' id='word_1_197' title='bbox 2498 3897 2908 3970; x_wconf 65' lang='lat' dir='ltr'>heereseonque</span> <span class='ocrx_word' id='word_1_198' title='bbox 2937 3902 3203 3957; x_wconf 87' lang='lat' dir='ltr'>tenebras</span> <span class='ocrx_word' id='word_1_199' title='bbox 3232 3917 3263 3956; x_wconf 91' lang='lat' dir='ltr'>e</span> <span class='ocrx_word' id='word_1_200' title='bbox 3308 3903 3600 3958; x_wconf 87' lang='lat' dir='ltr'>mentibus</span> 
     </span>
    </p>
   </div>
   <div class='ocr_carea' id='block_1_23' title="bbox 99 3983 3597 4059">
    <p class='ocr_par' dir='ltr' id='par_1_23' title="bbox 99 3983 3597 4059">
     <span class='ocr_line' id='line_1_23' title="bbox 99 3983 3597 4059; baseline 0.001 -18"><span class='ocrx_word' id='word_1_201' title='bbox 99 3987 395 4041; x_wconf 85' lang='lat' dir='ltr'>hominum</span> <span class='ocrx_word' id='word_1_202' title='bbox 425 3993 482 4041; x_wconf 90' lang='lat' dir='ltr'>et</span> <span class='ocrx_word' id='word_1_203' title='bbox 506 3999 698 4041; x_wconf 75' lang='lat' dir='ltr'>coram</span> <span class='ocrx_word' id='word_1_204' title='bbox 729 3993 782 4042; x_wconf 93' lang='lat' dir='ltr'>et</span> <span class='ocrx_word' id='word_1_205' title='bbox 814 3985 1044 4055; x_wconf 89' lang='lat' dir='ltr'>scriptis</span> <span class='ocrx_word' id='word_1_206' title='bbox 1074 3984 1432 4057; x_wconf 87' lang='lat' dir='ltr'>propulsare,</span> <span class='ocrx_word' id='word_1_207' title='bbox 1465 3991 1640 4054; x_wconf 89' lang='lat' dir='ltr'>atque</span> <span class='ocrx_word' id='word_1_208' title='bbox 1673 3984 1854 4039; x_wconf 85' lang='lat' dir='ltr'>divini</span> <span class='ocrx_word' id='word_1_209' title='bbox 1885 3983 2043 4039; x_wconf 87' lang='lat' dir='ltr'>verbi</span> <span class='ocrx_word' id='word_1_210' title='bbox 2077 3999 2143 4039; x_wconf 88' lang='lat' dir='ltr'>ac</span> <span class='ocrx_word' id='word_1_211' title='bbox 2186 3984 2516 4055; x_wconf 62' lang='lat' dir='ltr'>theologicae</span> <span class='ocrx_word' id='word_1_212' title='bbox 2545 3987 2802 4042; x_wconf 88' lang='lat' dir='ltr'>veritatis</span> <span class='ocrx_word' id='word_1_213' title='bbox 2844 3989 3206 4058; x_wconf 64' lang='lat' dir='ltr'>prmeonibus</span> <span class='ocrx_word' id='word_1_214' title='bbox 3237 3989 3415 4045; x_wconf 87' lang='lat' dir='ltr'>facem</span> <span class='ocrx_word' id='word_1_215' title='bbox 3446 4004 3597 4059; x_wconf 78' lang='lat' dir='ltr'>prae-</span> 
     </span>
    </p>
   </div>
   <div class='ocr_carea' id='block_1_24' title="bbox 96 4072 3598 4146">
    <p class='ocr_par' dir='ltr' id='par_1_24' title="bbox 96 4072 3598 4146">
     <span class='ocr_line' id='line_1_24' title="bbox 96 4072 3598 4146; baseline 0.001 -17"><span class='ocrx_word' id='word_1_216' title='bbox 96 4074 233 4131; x_wconf 79' lang='lat' dir='ltr'>ferre</span> <span class='ocrx_word' id='word_1_217' title='bbox 263 4089 380 4131; x_wconf 90' lang='lat' dir='ltr'>non</span> <span class='ocrx_word' id='word_1_218' title='bbox 406 4075 647 4130; x_wconf 86' lang='lat' dir='ltr'>destitit:</span> <span class='ocrx_word' id='word_1_219' title='bbox 677 4083 740 4130; x_wconf 89' lang='lat' dir='ltr'>ut</span> <span class='ocrx_word' id='word_1_220' title='bbox 781 4074 990 4131; x_wconf 75' lang='lat' dir='ltr'>cozevis</span> <span class='ocrx_word' id='word_1_221' title='bbox 1034 4074 1228 4140; x_wconf 88' lang='lat' dir='ltr'>verbo,</span> <span class='ocrx_word' id='word_1_222' title='bbox 1281 4074 1364 4128; x_wconf 91' lang='lat' dir='ltr'>sic</span> <span class='ocrx_word' id='word_1_223' title='bbox 1409 4080 1465 4128; x_wconf 91' lang='lat' dir='ltr'>et</span> <span class='ocrx_word' id='word_1_224' title='bbox 1515 4073 1754 4142; x_wconf 89' lang='lat' dir='ltr'>posteris</span> <span class='ocrx_word' id='word_1_225' title='bbox 1784 4087 1942 4128; x_wconf 90' lang='lat' dir='ltr'>nunc</span> <span class='ocrx_word' id='word_1_226' title='bbox 1981 4072 2209 4142; x_wconf 90' lang='lat' dir='ltr'>scripto,</span> <span class='ocrx_word' id='word_1_227' title='bbox 2263 4087 2410 4128; x_wconf 89' lang='lat' dir='ltr'>novo</span> <span class='ocrx_word' id='word_1_228' title='bbox 2449 4073 2614 4143; x_wconf 86' lang='lat' dir='ltr'>quasi</span> <span class='ocrx_word' id='word_1_229' title='bbox 2664 4083 2871 4130; x_wconf 80' lang='lat' dir='ltr'>exortu</span> <span class='ocrx_word' id='word_1_230' title='bbox 2932 4075 3206 4146; x_wconf 83' lang='lat' dir='ltr'>alTngeat</span> <span class='ocrx_word' id='word_1_231' title='bbox 3244 4077 3598 4146; x_wconf 82' lang='lat' dir='ltr'>sapientissi-</span> 
     </span>
    </p>
   </div>
   <div class='ocr_carea' id='block_1_25' title="bbox 97 4159 3596 4233">
    <p class='ocr_par' dir='ltr' id='par_1_25' title="bbox 97 4159 3596 4233">
     <span class='ocr_line' id='line_1_25' title="bbox 97 4159 3596 4233; baseline 0.001 -15"><span class='ocrx_word' id='word_1_232' title='bbox 97 4178 218 4218; x_wconf 88' lang='lat' dir='ltr'>mus</span> <span class='ocrx_word' id='word_1_233' title='bbox 246 4163 466 4231; x_wconf 85' lang='lat' dir='ltr'>abbas;</span> <span class='ocrx_word' id='word_1_234' title='bbox 501 4178 716 4219; x_wconf 90' lang='lat' dir='ltr'>memor</span> <span class='ocrx_word' id='word_1_235' title='bbox 762 4162 1164 4232; x_wconf 88' lang='lat' dir='ltr'>sapientissimi</span> <span class='ocrx_word' id='word_1_236' title='bbox 1217 4161 1370 4232; x_wconf 87' lang='lat' dir='ltr'>regis</span> <span class='ocrx_word' id='word_1_237' title='bbox 1406 4160 1581 4228; x_wconf 79' lang='lat' dir='ltr'>elfati,</span> <span class='ocrx_word' id='word_1_238' title='bbox 1636 4161 1751 4217; x_wconf 92' lang='lat' dir='ltr'>imo</span> <span class='ocrx_word' id='word_1_239' title='bbox 1809 4159 2113 4229; x_wconf 73' lang='lat' dir='ltr'>Sapientiae</span> <span class='ocrx_word' id='word_1_240' title='bbox 2161 4160 2428 4216; x_wconf 65' lang='lat' dir='ltr'>increataa</span> <span class='ocrx_word' id='word_1_241' title='bbox 2461 4181 2477 4214; x_wconf 90' lang='lat'><strong><em>:</em></strong></span> <span class='ocrx_word' id='word_1_242' title='bbox 2529 4163 2822 4230; x_wconf 70' lang='lat' dir='ltr'>Sapientia</span> <span class='ocrx_word' id='word_1_243' title='bbox 2849 4164 3188 4233; x_wconf 83' lang='lat' dir='ltr'>abscondita,</span> <span class='ocrx_word' id='word_1_244' title='bbox 3227 4170 3278 4218; x_wconf 87' lang='lat' dir='ltr'>et</span> <span class='ocrx_word' id='word_1_245' title='bbox 3310 4167 3596 4222; x_wconf 77' lang='lat' dir='ltr'>thesaurus</span> 
     </span>
    </p>
   </div>
   <div class='ocr_carea' id='block_1_26' title="bbox 95 4247 3594 4320">
    <p class='ocr_par' dir='ltr' id='par_1_26' title="bbox 95 4247 3594 4320">
     <span class='ocr_line' id='line_1_26' title="bbox 95 4247 3594 4320; baseline 0.001 -16"><span class='ocrx_word' id='word_1_246' title='bbox 95 4254 313 4318; x_wconf 72' lang='lat' dir='ltr'>invisus,</span> <span class='ocrx_word' id='word_1_247' title='bbox 367 4266 490 4319; x_wconf 67' lang='lat' dir='ltr'>qua</span> <span class='ocrx_word' id='word_1_248' title='bbox 529 4253 740 4306; x_wconf 69' lang='lat' dir='ltr'>utilitas</span> <span class='ocrx_word' id='word_1_249' title='bbox 787 4254 847 4304; x_wconf 79' lang='lat' dir='ltr'>in</span> <span class='ocrx_word' id='word_1_250' title='bbox 904 4252 1152 4320; x_wconf 76' lang='lat' dir='ltr'>utrisque</span> <span class='ocrx_word' id='word_1_251' title='bbox 1204 4253 1278 4318; x_wconf 88' lang='lat' dir='ltr'>(l)</span> <span class='ocrx_word' id='word_1_252' title='bbox 1342 4249 1608 4305; x_wconf 81' lang='lat' dir='ltr'>Attamen</span> <span class='ocrx_word' id='word_1_253' title='bbox 1657 4247 1915 4304; x_wconf 86' lang='lat' dir='ltr'>meminit</span> <span class='ocrx_word' id='word_1_254' title='bbox 1957 4249 2144 4304; x_wconf 83' lang='lat' dir='ltr'>doctus</span> <span class='ocrx_word' id='word_1_255' title='bbox 2191 4249 2293 4303; x_wconf 86' lang='lat' dir='ltr'>iste</span> <span class='ocrx_word' id='word_1_256' title='bbox 2321 4249 2536 4314; x_wconf 78' lang='lat' dir='ltr'>Scriba,</span> <span class='ocrx_word' id='word_1_257' title='bbox 2571 4250 2673 4320; x_wconf 90' lang='lat' dir='ltr'>qui</span> <span class='ocrx_word' id='word_1_258' title='bbox 2700 4252 2910 4320; x_wconf 79' lang='lat' dir='ltr'>profert</span> <span class='ocrx_word' id='word_1_259' title='bbox 2943 4253 3007 4305; x_wconf 87' lang='lat' dir='ltr'>de</span> <span class='ocrx_word' id='word_1_260' title='bbox 3051 4254 3301 4306; x_wconf 82' lang='lat' dir='ltr'>thesauro</span> <span class='ocrx_word' id='word_1_261' title='bbox 3331 4268 3426 4307; x_wconf 86' lang='lat' dir='ltr'>suo</span> <span class='ocrx_word' id='word_1_262' title='bbox 3457 4269 3594 4308; x_wconf 84' lang='lat' dir='ltr'>nova</span> 
     </span>
    </p>
   </div>
   <div class='ocr_carea' id='block_1_27' title="bbox 94 4335 3598 4412">
    <p class='ocr_par' dir='ltr' id='par_1_27' title="bbox 94 4335 3598 4412">
     <span class='ocr_line' id='line_1_27' title="bbox 94 4335 3598 4412; baseline 0.001 -20"><span class='ocrx_word' id='word_1_263' title='bbox 94 4345 336 4394; x_wconf 77' lang='lat' dir='ltr'>etcetera</span> <span class='ocrx_word' id='word_1_264' title='bbox 373 4338 470 4409; x_wconf 84' lang='lat'>(2),</span> <span class='ocrx_word' id='word_1_265' title='bbox 497 4340 651 4409; x_wconf 89' lang='lat' dir='ltr'>quod</span> <span class='ocrx_word' id='word_1_266' title='bbox 683 4340 894 4395; x_wconf 85' lang='lat' dir='ltr'>veritas</span> <span class='ocrx_word' id='word_1_267' title='bbox 923 4339 1120 4394; x_wconf 91' lang='lat' dir='ltr'>odium</span> <span class='ocrx_word' id='word_1_268' title='bbox 1159 4339 1363 4407; x_wconf 83' lang='lat' dir='ltr'>pariat,</span> <span class='ocrx_word' id='word_1_269' title='bbox 1399 4337 1555 4407; x_wconf 90' lang='lat' dir='ltr'>quod</span> <span class='ocrx_word' id='word_1_270' title='bbox 1613 4343 1668 4391; x_wconf 89' lang='lat' dir='ltr'>et</span> <span class='ocrx_word' id='word_1_271' title='bbox 1709 4335 1865 4391; x_wconf 89' lang='lat' dir='ltr'>omni</span> <span class='ocrx_word' id='word_1_272' title='bbox 1919 4337 2128 4393; x_wconf 69' lang='lat' dir='ltr'>saeculo</span> <span class='ocrx_word' id='word_1_273' title='bbox 2181 4352 2295 4391; x_wconf 90' lang='lat' dir='ltr'>non</span> <span class='ocrx_word' id='word_1_274' title='bbox 2348 4337 2534 4392; x_wconf 90' lang='lat' dir='ltr'>desint</span> <span class='ocrx_word' id='word_1_275' title='bbox 2581 4341 2679 4406; x_wconf 83' lang='lat' dir='ltr'>qui</span> <span class='ocrx_word' id='word_1_276' title='bbox 2727 4340 3055 4394; x_wconf 73' lang='lat' dir='ltr'>maledicunt</span> <span class='ocrx_word' id='word_1_277' title='bbox 3099 4340 3212 4395; x_wconf 79' lang='lat' dir='ltr'>diei</span> <span class='ocrx_word' id='word_1_278' title='bbox 3238 4341 3333 4411; x_wconf 88' lang='lat'>(3),</span> <span class='ocrx_word' id='word_1_279' title='bbox 3368 4341 3598 4412; x_wconf 89' lang='lat' dir='ltr'>quique</span> 
     </span>
    </p>
   </div>
   <div class='ocr_carea' id='block_1_28' title="bbox 96 4424 3596 4503">
    <p class='ocr_par' dir='ltr' id='par_1_28' title="bbox 96 4424 3596 4503">
     <span class='ocr_line' id='line_1_28' title="bbox 96 4424 3596 4503; baseline 0.001 -23"><span class='ocrx_word' id='word_1_280' title='bbox 96 4427 375 4503; x_wconf 79' lang='lat' dir='ltr'>fugientes</span> <span class='ocrx_word' id='word_1_281' title='bbox 406 4428 612 4496; x_wconf 87' lang='lat' dir='ltr'>lucem,</span> <span class='ocrx_word' id='word_1_282' title='bbox 646 4429 871 4498; x_wconf 87' lang='lat' dir='ltr'>privata</span> <span class='ocrx_word' id='word_1_283' title='bbox 911 4442 981 4482; x_wconf 90' lang='lat' dir='ltr'>ne</span> <span class='ocrx_word' id='word_1_284' title='bbox 1011 4435 1338 4497; x_wconf 87' lang='lat' dir='ltr'>arguantur</span> <span class='ocrx_word' id='word_1_285' title='bbox 1365 4441 1557 4496; x_wconf 88' lang='lat' dir='ltr'>opera,</span> <span class='ocrx_word' id='word_1_286' title='bbox 1601 4426 1843 4480; x_wconf 90' lang='lat' dir='ltr'>aliorum</span> <span class='ocrx_word' id='word_1_287' title='bbox 1894 4424 2174 4480; x_wconf 87' lang='lat' dir='ltr'>insultant</span> <span class='ocrx_word' id='word_1_288' title='bbox 2221 4425 2509 4494; x_wconf 89' lang='lat' dir='ltr'>operibus.</span> <span class='ocrx_word' id='word_1_289' title='bbox 2543 4426 2664 4492; x_wconf 90' lang='lat' dir='ltr'>Quo</span> <span class='ocrx_word' id='word_1_290' title='bbox 2697 4436 2860 4494; x_wconf 88' lang='lat' dir='ltr'>pacto</span> <span class='ocrx_word' id='word_1_291' title='bbox 2893 4428 3088 4498; x_wconf 88' lang='lat' dir='ltr'>itaque</span> <span class='ocrx_word' id='word_1_292' title='bbox 3137 4436 3252 4485; x_wconf 91' lang='lat' dir='ltr'>tam</span> <span class='ocrx_word' id='word_1_293' title='bbox 3305 4429 3596 4486; x_wconf 70' lang='lat' dir='ltr'>diuturnae</span> 
     </span>
    </p>
   </div>
   <div class='ocr_carea' id='block_1_29' title="bbox 95 4511 3597 4586">
    <p class='ocr_par' dir='ltr' id='par_1_29' title="bbox 95 4511 3597 4586">
     <span class='ocr_line' id='line_1_29' title="bbox 95 4511 3597 4586; baseline 0.001 -15"><span class='ocrx_word' id='word_1_294' title='bbox 95 4517 266 4584; x_wconf 86' lang='lat' dir='ltr'>quieti</span> <span class='ocrx_word' id='word_1_295' title='bbox 298 4517 617 4573; x_wconf 87' lang='lat' dir='ltr'>valedicere</span> <span class='ocrx_word' id='word_1_296' title='bbox 652 4531 765 4572; x_wconf 89' lang='lat' dir='ltr'>non</span> <span class='ocrx_word' id='word_1_297' title='bbox 797 4517 1004 4573; x_wconf 82' lang='lat' dir='ltr'>timet?</span> <span class='ocrx_word' id='word_1_298' title='bbox 1027 4516 1216 4583; x_wconf 86' lang='lat' dir='ltr'>Quare</span> <span class='ocrx_word' id='word_1_299' title='bbox 1243 4515 1457 4571; x_wconf 90' lang='lat' dir='ltr'>nedum</span> <span class='ocrx_word' id='word_1_300' title='bbox 1490 4515 1796 4579; x_wconf 84' lang='lat' dir='ltr'>lucentem,</span> <span class='ocrx_word' id='word_1_301' title='bbox 1824 4511 1919 4568; x_wconf 89' lang='lat' dir='ltr'>sed</span> <span class='ocrx_word' id='word_1_302' title='bbox 1959 4520 2297 4583; x_wconf 86' lang='lat' dir='ltr'>arguentem</span> <span class='ocrx_word' id='word_1_303' title='bbox 2336 4513 2507 4569; x_wconf 89' lang='lat' dir='ltr'>audet</span> <span class='ocrx_word' id='word_1_304' title='bbox 2555 4515 2706 4569; x_wconf 91' lang='lat' dir='ltr'>hisce</span> <span class='ocrx_word' id='word_1_305' title='bbox 2735 4515 3089 4584; x_wconf 90' lang='lat' dir='ltr'>temporibus</span> <span class='ocrx_word' id='word_1_306' title='bbox 3133 4517 3358 4586; x_wconf 87' lang='lat' dir='ltr'>aperire</span> <span class='ocrx_word' id='word_1_307' title='bbox 3395 4517 3597 4573; x_wconf 86' lang='lat' dir='ltr'>verita-</span> 
     </span>
    </p>
   </div>
   <div class='ocr_carea' id='block_1_30' title="bbox 96 4601 3597 4675">
    <p class='ocr_par' dir='ltr' id='par_1_30' title="bbox 96 4601 3597 4675">
     <span class='ocr_line' id='line_1_30' title="bbox 96 4601 3597 4675; baseline 0.001 -19"><span class='ocrx_word' id='word_1_308' title='bbox 96 4611 204 4657; x_wconf 89' lang='lat' dir='ltr'>tem</span> <span class='ocrx_word' id='word_1_309' title='bbox 233 4602 260 4654; x_wconf 73' lang='lat'><strong>?</strong></span> <span class='ocrx_word' id='word_1_310' title='bbox 287 4604 578 4670; x_wconf 88' lang='lat' dir='ltr'>Quantum</span> <span class='ocrx_word' id='word_1_311' title='bbox 611 4605 794 4674; x_wconf 87' lang='lat' dir='ltr'>capio,</span> <span class='ocrx_word' id='word_1_312' title='bbox 839 4613 1214 4675; x_wconf 75' lang='lat' dir='ltr'>protopraeses</span> <span class='ocrx_word' id='word_1_313' title='bbox 1245 4603 1650 4668; x_wconf 87' lang='lat' dir='ltr'>illustrissime,</span> <span class='ocrx_word' id='word_1_314' title='bbox 1687 4602 1830 4657; x_wconf 89' lang='lat' dir='ltr'>idem</span> <span class='ocrx_word' id='word_1_315' title='bbox 1864 4615 1980 4671; x_wconf 90' lang='lat' dir='ltr'>quo</span> <span class='ocrx_word' id='word_1_316' title='bbox 2030 4615 2173 4656; x_wconf 88' lang='lat' dir='ltr'>usus</span> <span class='ocrx_word' id='word_1_317' title='bbox 2201 4608 2285 4656; x_wconf 87' lang='lat' dir='ltr'>est</span> <span class='ocrx_word' id='word_1_318' title='bbox 2313 4601 2450 4657; x_wconf 91' lang='lat' dir='ltr'>dum</span> <span class='ocrx_word' id='word_1_319' title='bbox 2505 4601 2560 4657; x_wconf 90' lang='lat' dir='ltr'>in</span> <span class='ocrx_word' id='word_1_320' title='bbox 2591 4601 2738 4658; x_wconf 85' lang='lat' dir='ltr'>vivis</span> <span class='ocrx_word' id='word_1_321' title='bbox 2767 4611 2980 4674; x_wconf 83' lang='lat' dir='ltr'>ageret,</span> <span class='ocrx_word' id='word_1_322' title='bbox 3032 4609 3189 4661; x_wconf 83' lang='lat' dir='ltr'>nunc</span> <span class='ocrx_word' id='word_1_323' title='bbox 3216 4605 3388 4662; x_wconf 90' lang='lat' dir='ltr'>etiam</span> <span class='ocrx_word' id='word_1_324' title='bbox 3427 4607 3597 4662; x_wconf 87' lang='lat' dir='ltr'>adhi-</span> 
     </span>
    </p>
   </div>
   <div class='ocr_carea' id='block_1_31' title="bbox 95 4688 3592 4764">
    <p class='ocr_par' dir='ltr' id='par_1_31' title="bbox 95 4688 3592 4764">
     <span class='ocr_line' id='line_1_31' title="bbox 95 4688 3592 4764; baseline 0.001 -18"><span class='ocrx_word' id='word_1_325' title='bbox 95 4692 226 4747; x_wconf 89' lang='lat' dir='ltr'>bere</span> <span class='ocrx_word' id='word_1_326' title='bbox 255 4693 551 4748; x_wconf 85' lang='lat' dir='ltr'>consilium</span> <span class='ocrx_word' id='word_1_327' title='bbox 584 4693 740 4748; x_wconf 89' lang='lat' dir='ltr'>ducit</span> <span class='ocrx_word' id='word_1_328' title='bbox 787 4701 1200 4764; x_wconf 89' lang='lat' dir='ltr'>opportunum.</span> <span class='ocrx_word' id='word_1_329' title='bbox 1254 4693 1401 4747; x_wconf 92' lang='lat' dir='ltr'>Dum</span> <span class='ocrx_word' id='word_1_330' title='bbox 1432 4691 1641 4747; x_wconf 89' lang='lat' dir='ltr'>etenim</span> <span class='ocrx_word' id='word_1_331' title='bbox 1700 4688 1858 4759; x_wconf 89' lang='lat' dir='ltr'>operi</span> <span class='ocrx_word' id='word_1_332' title='bbox 1911 4688 2162 4758; x_wconf 87' lang='lat' dir='ltr'>cuipiam</span> <span class='ocrx_word' id='word_1_333' title='bbox 2221 4696 2540 4744; x_wconf 80' lang='lat' dir='ltr'>extremam</span> <span class='ocrx_word' id='word_1_334' title='bbox 2598 4704 2836 4745; x_wconf 89' lang='lat' dir='ltr'>manum</span> <span class='ocrx_word' id='word_1_335' title='bbox 2893 4691 3274 4761; x_wconf 87' lang='lat' dir='ltr'>imposuisset,</span> <span class='ocrx_word' id='word_1_336' title='bbox 3309 4693 3592 4764; x_wconf 84' lang='lat' dir='ltr'>velletque</span> 
     </span>
    </p>
   </div>
   <div class='ocr_carea' id='block_1_32' title="bbox 90 4777 3590 4851">
    <p class='ocr_par' dir='ltr' id='par_1_32' title="bbox 90 4777 3590 4851">
     <span class='ocr_line' id='line_1_32' title="bbox 90 4777 3590 4851; baseline 0 -16"><span class='ocrx_word' id='word_1_337' title='bbox 90 4781 232 4848; x_wconf 80' lang='lat' dir='ltr'>juris</span> <span class='ocrx_word' id='word_1_338' title='bbox 251 4780 430 4837; x_wconf 83' lang='lat' dir='ltr'>facere</span> <span class='ocrx_word' id='word_1_339' title='bbox 464 4781 702 4851; x_wconf 91' lang='lat' dir='ltr'>publici,</span> <span class='ocrx_word' id='word_1_340' title='bbox 755 4781 898 4837; x_wconf 90' lang='lat' dir='ltr'>nihil</span> <span class='ocrx_word' id='word_1_341' title='bbox 946 4781 1150 4837; x_wconf 86' lang='lat' dir='ltr'>habuit</span> <span class='ocrx_word' id='word_1_342' title='bbox 1204 4779 1504 4850; x_wconf 88' lang='lat' dir='ltr'>antiquius</span> <span class='ocrx_word' id='word_1_343' title='bbox 1559 4792 1734 4848; x_wconf 77' lang='lat' dir='ltr'>quam</span> <span class='ocrx_word' id='word_1_344' title='bbox 1793 4785 1856 4832; x_wconf 90' lang='lat' dir='ltr'>ut</span> <span class='ocrx_word' id='word_1_345' title='bbox 1904 4790 2208 4846; x_wconf 84' lang='lat' dir='ltr'>procerum</span> <span class='ocrx_word' id='word_1_346' title='bbox 2239 4777 2463 4832; x_wconf 88' lang='lat' dir='ltr'>animos</span> <span class='ocrx_word' id='word_1_347' title='bbox 2493 4777 2596 4832; x_wconf 91' lang='lat' dir='ltr'>sibi</span> <span class='ocrx_word' id='word_1_348' title='bbox 2630 4777 2964 4845; x_wconf 87' lang='lat' dir='ltr'>devinciret,</span> <span class='ocrx_word' id='word_1_349' title='bbox 3021 4788 3407 4851; x_wconf 87' lang='lat' dir='ltr'>patronosque</span> <span class='ocrx_word' id='word_1_350' title='bbox 3439 4783 3590 4836; x_wconf 88' lang='lat' dir='ltr'>omni</span> 
     </span>
    </p>
   </div>
   <div class='ocr_carea' id='block_1_33' title="bbox 96 4863 3592 4940">
    <p class='ocr_par' dir='ltr' id='par_1_33' title="bbox 96 4863 3592 4940">
     <span class='ocr_line' id='line_1_33' title="bbox 96 4863 3592 4940; baseline 0.001 -20"><span class='ocrx_word' id='word_1_351' title='bbox 96 4867 195 4922; x_wconf 81' lang='lat' dir='ltr'>ﬁde</span> <span class='ocrx_word' id='word_1_352' title='bbox 223 4869 468 4939; x_wconf 87' lang='lat' dir='ltr'>majores</span> <span class='ocrx_word' id='word_1_353' title='bbox 499 4883 621 4924; x_wconf 74' lang='lat' dir='ltr'>suae</span> <span class='ocrx_word' id='word_1_354' title='bbox 653 4877 1010 4940; x_wconf 88' lang='lat' dir='ltr'>compararet</span> <span class='ocrx_word' id='word_1_355' title='bbox 1054 4869 1351 4927; x_wconf 70' lang='lat' dir='ltr'>doctrinae.</span> <span class='ocrx_word' id='word_1_356' title='bbox 1384 4881 1515 4937; x_wconf 71' lang='lat' dir='ltr'>quae</span> <span class='ocrx_word' id='word_1_357' title='bbox 1561 4867 1714 4934; x_wconf 88' lang='lat' dir='ltr'>(licet</span> <span class='ocrx_word' id='word_1_358' title='bbox 1745 4863 1836 4921; x_wconf 92' lang='lat' dir='ltr'>SS.</span> <span class='ocrx_word' id='word_1_359' title='bbox 1873 4867 2105 4920; x_wconf 89' lang='lat' dir='ltr'>Patrum</span> <span class='ocrx_word' id='word_1_360' title='bbox 2154 4865 2382 4934; x_wconf 89' lang='lat' dir='ltr'>scriptis</span> <span class='ocrx_word' id='word_1_361' title='bbox 2427 4866 2661 4920; x_wconf 90' lang='lat' dir='ltr'>omnino</span> <span class='ocrx_word' id='word_1_362' title='bbox 2693 4867 3072 4936; x_wconf 90' lang='lat' dir='ltr'>consentiens,</span> <span class='ocrx_word' id='word_1_363' title='bbox 3124 4868 3278 4938; x_wconf 92' lang='lat' dir='ltr'>quod</span> <span class='ocrx_word' id='word_1_364' title='bbox 3311 4868 3440 4924; x_wconf 89' lang='lat' dir='ltr'>altis</span> <span class='ocrx_word' id='word_1_365' title='bbox 3472 4869 3592 4924; x_wconf 75' lang='lat' dir='ltr'>liae-</span> 
     </span>
    </p>
   </div>
   <div class='ocr_carea' id='block_1_34' title="bbox 94 4954 3589 5026">
    <p class='ocr_par' dir='ltr' id='par_1_34' title="bbox 94 4954 3589 5026">
     <span class='ocr_line' id='line_1_34' title="bbox 94 4954 3589 5026; baseline 0.001 -18"><span class='ocrx_word' id='word_1_366' title='bbox 94 4963 273 5010; x_wconf 88' lang='lat' dir='ltr'>rentes</span> <span class='ocrx_word' id='word_1_367' title='bbox 304 4956 598 5012; x_wconf 88' lang='lat' dir='ltr'>radicibus</span> <span class='ocrx_word' id='word_1_368' title='bbox 626 4971 870 5019; x_wconf 85' lang='lat' dir='ltr'>errores,</span> <span class='ocrx_word' id='word_1_369' title='bbox 908 4970 1090 5012; x_wconf 87' lang='lat' dir='ltr'>mores</span> <span class='ocrx_word' id='word_1_370' title='bbox 1122 4970 1422 5026; x_wconf 89' lang='lat' dir='ltr'>perversos</span> <span class='ocrx_word' id='word_1_371' title='bbox 1458 4969 1525 5010; x_wconf 89' lang='lat' dir='ltr'>ac</span> <span class='ocrx_word' id='word_1_372' title='bbox 1555 4955 1804 5010; x_wconf 78' lang='lat' dir='ltr'>nefarios</span> <span class='ocrx_word' id='word_1_373' title='bbox 1855 4967 2000 5008; x_wconf 91' lang='lat' dir='ltr'>usus</span> <span class='ocrx_word' id='word_1_374' title='bbox 2058 4954 2369 5021; x_wconf 88' lang='lat' dir='ltr'>impeleret)</span> <span class='ocrx_word' id='word_1_375' title='bbox 2421 4968 2587 5024; x_wconf 85' lang='lat' dir='ltr'>passa</span> <span class='ocrx_word' id='word_1_376' title='bbox 2641 4963 2785 5010; x_wconf 87' lang='lat' dir='ltr'>esset</span> <span class='ocrx_word' id='word_1_377' title='bbox 2820 4955 3160 5024; x_wconf 89' lang='lat' dir='ltr'>periculum,</span> <span class='ocrx_word' id='word_1_378' title='bbox 3209 4956 3269 5010; x_wconf 90' lang='lat' dir='ltr'>ni</span> <span class='ocrx_word' id='word_1_379' title='bbox 3302 4956 3589 5025; x_wconf 89' lang='lat' dir='ltr'>prodeun-</span> 
     </span>
    </p>
   </div>
   <div class='ocr_carea' id='block_1_35' title="bbox 96 5043 3590 5116">
    <p class='ocr_par' dir='ltr' id='par_1_35' title="bbox 96 5043 3590 5116">
     <span class='ocr_line' id='line_1_35' title="bbox 96 5043 3590 5116; baseline 0.001 -18"><span class='ocrx_word' id='word_1_380' title='bbox 96 5051 198 5098; x_wconf 86' lang='lat' dir='ltr'>tem</span> <span class='ocrx_word' id='word_1_381' title='bbox 228 5044 534 5100; x_wconf 86' lang='lat' dir='ltr'>sublimior</span> <span class='ocrx_word' id='word_1_382' title='bbox 567 5053 750 5101; x_wconf 88' lang='lat' dir='ltr'>tutata</span> <span class='ocrx_word' id='word_1_383' title='bbox 781 5045 978 5101; x_wconf 81' lang='lat' dir='ltr'>fuisset</span> <span class='ocrx_word' id='word_1_384' title='bbox 1030 5045 1363 5101; x_wconf 85' lang='lat' dir='ltr'>auctoritas.</span> <span class='ocrx_word' id='word_1_385' title='bbox 1398 5044 1545 5111; x_wconf 88' lang='lat' dir='ltr'>Quid</span> <span class='ocrx_word' id='word_1_386' title='bbox 1599 5057 1735 5113; x_wconf 89' lang='lat' dir='ltr'>ergo</span> <span class='ocrx_word' id='word_1_387' title='bbox 1787 5043 2000 5098; x_wconf 92' lang='lat' dir='ltr'>mirum</span> <span class='ocrx_word' id='word_1_388' title='bbox 2041 5043 2088 5097; x_wconf 93' lang='lat' dir='ltr'>si</span> <span class='ocrx_word' id='word_1_389' title='bbox 2121 5051 2315 5097; x_wconf 87' lang='lat' dir='ltr'>nostra</span> <span class='ocrx_word' id='word_1_390' title='bbox 2364 5043 2470 5099; x_wconf 87' lang='lat' dir='ltr'>hac</span> <span class='ocrx_word' id='word_1_391' title='bbox 2503 5043 2624 5112; x_wconf 86' lang='lat' dir='ltr'>ipsa</span> <span class='ocrx_word' id='word_1_392' title='bbox 2655 5051 2982 5112; x_wconf 82' lang='lat' dir='ltr'>tempestate</span> <span class='ocrx_word' id='word_1_393' title='bbox 3010 5043 3235 5098; x_wconf 90' lang='lat' dir='ltr'>nonnisi</span> <span class='ocrx_word' id='word_1_394' title='bbox 3285 5045 3590 5116; x_wconf 87' lang='lat' dir='ltr'>cujusdam</span> 
     </span>
    </p>
   </div>
   <div class='ocr_carea' id='block_1_36' title="bbox 96 5129 3589 5205">
    <p class='ocr_par' dir='ltr' id='par_1_36' title="bbox 96 5129 3589 5205">
     <span class='ocr_line' id='line_1_36' title="bbox 96 5129 3589 5205; baseline 0.001 -21"><span class='ocrx_word' id='word_1_395' title='bbox 96 5133 328 5188; x_wconf 76' lang='lat' dir='ltr'>vindicis</span> <span class='ocrx_word' id='word_1_396' title='bbox 361 5134 624 5189; x_wconf 90' lang='lat' dir='ltr'>acerrimi</span> <span class='ocrx_word' id='word_1_397' title='bbox 655 5133 1185 5205; x_wconf 88' lang='lat' dir='ltr'>sapientissimique</span> <span class='ocrx_word' id='word_1_398' title='bbox 1241 5134 1419 5189; x_wconf 75' lang='lat' dir='ltr'>fretus</span> <span class='ocrx_word' id='word_1_399' title='bbox 1477 5132 1750 5201; x_wconf 87' lang='lat' dir='ltr'>auspiciis</span> <span class='ocrx_word' id='word_1_400' title='bbox 1781 5131 1840 5186; x_wconf 90' lang='lat' dir='ltr'>in</span> <span class='ocrx_word' id='word_1_401' title='bbox 1893 5129 2190 5200; x_wconf 90' lang='lat' dir='ltr'>publicum</span> <span class='ocrx_word' id='word_1_402' title='bbox 2229 5131 2456 5201; x_wconf 88' lang='lat' dir='ltr'>prodire</span> <span class='ocrx_word' id='word_1_403' title='bbox 2487 5131 2816 5188; x_wconf 80' lang='lat' dir='ltr'>detrectat?</span> <span class='ocrx_word' id='word_1_404' title='bbox 2843 5131 3056 5188; x_wconf 85' lang='lat' dir='ltr'>Verum</span> <span class='ocrx_word' id='word_1_405' title='bbox 3091 5131 3390 5189; x_wconf 87' lang='lat' dir='ltr'>enimvero</span> <span class='ocrx_word' id='word_1_406' title='bbox 3415 5148 3589 5204; x_wconf 74' lang='lat' dir='ltr'>quem</span> 
     </span>
    </p>
   </div>
   <div class='ocr_carea' id='block_1_37' title="bbox 157 5291 701 5361">
    <p class='ocr_par' dir='ltr' id='par_1_37' title="bbox 157 5291 701 5361">
     <span class='ocr_line' id='line_1_37' title="bbox 157 5291 701 5361; baseline 0.004 -15"><span class='ocrx_word' id='word_1_407' title='bbox 157 5291 236 5361; x_wconf 76' lang='lat'>(1)</span> <span class='ocrx_word' id='word_1_408' title='bbox 266 5293 430 5346; x_wconf 83' lang='lat' dir='ltr'>Ecch&#39;.</span> <span class='ocrx_word' id='word_1_409' title='bbox 467 5307 578 5359; x_wconf 81' lang='lat' dir='ltr'>XLI,</span> <span class='ocrx_word' id='word_1_410' title='bbox 616 5293 701 5348; x_wconf 79' lang='grc' dir='ltr'>Π.</span> 
     </span>
    </p>
   </div>
   <div class='ocr_carea' id='block_1_38' title="bbox 161 5361 610 5428">
    <p class='ocr_par' dir='ltr' id='par_1_38' title="bbox 161 5361 610 5428">
     <span class='ocr_line' id='line_1_38' title="bbox 161 5361 610 5428; baseline 0.004 -13"><span class='ocrx_word' id='word_1_411' title='bbox 161 5361 227 5428; x_wconf 80' lang='lat'>(2)</span> <span class='ocrx_word' id='word_1_412' title='bbox 260 5363 456 5417; x_wconf 77' lang='lat' dir='ltr'>Matth.</span> <span class='ocrx_word' id='word_1_413' title='bbox 492 5378 610 5420; x_wconf 82' lang='lat' dir='ltr'>xui.</span> 
     </span>
    </p>
   </div>
   <div class='ocr_carea' id='block_1_39' title="bbox 162 5431 528 5503">
    <p class='ocr_par' dir='ltr' id='par_1_39' title="bbox 162 5431 528 5503">
     <span class='ocr_line' id='line_1_39' title="bbox 162 5431 528 5503; baseline 0.003 -15"><span class='ocrx_word' id='word_1_414' title='bbox 162 5431 232 5503; x_wconf 70' lang='lat'>(3)</span> <span class='ocrx_word' id='word_1_415' title='bbox 261 5433 358 5488; x_wconf 84' lang='lat' dir='ltr'>Job</span> <span class='ocrx_word' id='word_1_416' title='bbox 387 5448 462 5496; x_wconf 87' lang='grc' dir='ltr'><strong><em>ιιι,</em></strong></span> <span class='ocrx_word' id='word_1_417' title='bbox 497 5437 528 5489; x_wconf 87' lang='grc'>8</span> 
     </span>
    </p>
   </div>
   <div class='ocr_carea' id='block_1_40' title="bbox 446 5472 3262 5612">
    <p class='ocr_par' dir='ltr' id='par_1_40' title="bbox 446 5472 3262 5612">
     <span class='ocr_line' id='line_1_40' title="bbox 446 5472 3262 5612; baseline -0.002 -22"><span class='ocrx_word' id='word_1_418' title='bbox 446 5472 723 5590; x_wconf 62' lang='lat' dir='ltr'>bim...</span> <span class='ocrx_word' id='word_1_419' title='bbox 779 5525 982 5590; x_wconf 78' lang='lat' dir='ltr'>CLVI.</span> <span class='ocrx_word' id='word_1_420' title='bbox 1508 5472 1513 5477; x_wconf 47' lang='grc'><em>’</em></span> <span class='ocrx_word' id='word_1_421' title='bbox 1855 5608 1860 5612; x_wconf 91' lang='lat'>_</span> <span class='ocrx_word' id='word_1_422' title='bbox 2774 5486 2782 5493; x_wconf 67' lang='grc'><strong><em>’</em></strong></span> <span class='ocrx_word' id='word_1_423' title='bbox 3241 5527 3262 5585; x_wconf 77' lang='grc' dir='ltr'>ι</span> 
     </span>
    </p>
   </div>
   <div class='ocr_carea' id='block_1_41' title="bbox 209 5776 411 5883">
    <p class='ocr_par' dir='ltr' id='par_1_41' title="bbox 209 5776 411 5883">
     <span class='ocr_line' id='line_1_41' title="bbox 209 5776 411 5883; baseline 0 -37"><span class='ocrx_word' id='word_1_424' title='bbox 209 5776 411 5883; x_wconf 63' lang='grc' dir='ltr'><strong><em>,ιι-</em></strong></span> 
     </span>
    </p>
   </div>
   <div class='ocr_carea' id='block_1_42' title="bbox 129 5832 210 5945">
    <p class='ocr_par' dir='ltr' id='par_1_42' title="bbox 129 5832 210 5945">
     <span class='ocr_line' id='line_1_42' title="bbox 129 5832 210 5945; baseline 0 -36"><span class='ocrx_word' id='word_1_425' title='bbox 129 5832 210 5945; x_wconf 65' lang='grc' dir='ltr'><strong><em>ις</em></strong></span> 
     </span>
    </p>
   </div>
  </div>
