3874 6048
257 178 316 236 ll
428 224 445 235 η,
1129 176 1187 231 ν.
1227 172 1624 231 GUIBERTUS
1658 172 1787 229 ABR

2243 174 2378 230 LDE
2418 174 2827 232 NOVIGENTO.
3692 182 3773 235 1‘2

252 310 459 368 amabo
490 307 863 365 strenuiorem
897 313 951 364 te
978 306 1496 378 sapientioremque
1545 303 1824 360 desideret
1872 302 2277 359 solertissimus
2333 303 2557 361 abbas?
2615 305 2814 375 Neque
2843 319 3010 376 porro
3041 304 3099 362 in
3139 305 3248 362 hac
3277 307 3771 379 gravissimorum

251 406 572 469 temporum
628 397 893 468 procella,
928 397 1027 454 ubi
1059 395 1351 452 anxiferas
1401 393 1815 464 Amplitudinis
1866 393 2003 448 Tuae
2059 405 2230 447 curas
2288 393 2554 458 advertit,
2609 394 2825 465 quibus
2860 409 2973 450 non
3005 394 3173 451 modo
3225 396 3560 467 reciprocati
3603 400 3773 469 juris

250 488 670 543 controversias
698 486 1091 557 clientumque
1121 498 1211 540 res
1240 483 1412 554 geris.
1442 482 1536 538 sed
1572 482 1824 538 universi
1852 494 2085 552 quoque
2117 481 2280 551 regni
2327 483 2603 553 prospicis
2629 483 2822 549 saluti,
2855 498 3170 553 suspensus
3205 485 3384 542 haeret
3414 486 3525 543 tuis
3553 487 3770 545 sistere

250 589 309 629 se
343 574 639 631 liminibus
666 590 681 643 ;
708 588 895 645 neque
926 573 1073 630 lasso
1111 572 1403 643 negotium
1450 570 1722 627 facessere
1756 577 2024 637 veretur;
2058 568 2100 623 si
2135 570 2368 641 quidem
2414 587 2530 642 quo
2568 572 2736 643 pollet
2767 572 2980 644 ingenii
3042 573 3260 630 lumine
3306 581 3358 631 te
3404 575 3561 631 novit
3591 578 3763 632 omni

249 672 305 719 et
335 663 511 719 animi
537 672 591 719 et
608 662 816 719 virium
858 660 1219 719 contentione
1252 659 1605 731 superiorem
1662 659 1945 714 evasisse:
2000 657 2167 715 scivit
2221 666 2511 716 tantorum
2557 661 2919 732 negotiorum
2952 660 3099 717 mole
3128 663 3398 731 recreari,
3441 678 3763 735 nunquam

249 765 385 807 vero
415 750 651 820 deprimi
688 750 1130 806 invictissimum
1159 749 1335 805 Mona.
2572 801 2580 809 ,

317 840 532 897 Nactus
562 838 742 911 igitur
769 838 997 895 heroem
1043 838 1450 905 clarissimum,
1481 838 1674 893 virum
1706 834 1995 892 Themidis
2024 835 2081 891 in
2113 835 2320 893 throno
2348 836 2714 903 residentem,
2751 844 2926 907 atque
2970 838 3111 894 adeo
3140 838 3575 911 praesidentem;
3612 856 3759 898 cum

249 928 464 1000 ingenii
491 928 583 985 sui
618 928 735 984 fetu
762 927 1067 998 multiplici
1098 927 1335 984 liberius
1362 926 1507 982 redit
1535 926 1606 982 ad
1641 925 1818 981 vitam
1851 931 1953 980 tua
1986 925 2164 982 tutela
2207 923 2314 981 sibi
2346 932 2635 996 superstes
2682 925 3028 997 Guibertus;
3059 935 3114 983 et
3164 928 3273 984 sibi
3301 928 3537 1000 suisque
3567 932 3763 1000 operi-

245 1016 374 1084 bus,
409 1024 461 1073 te
490 1030 757 1087 supremo
785 1016 984 1072 Iudice
1028 1015 1210 1071 lucem
1262 1015 1486 1071 reddita
1536 1027 1877 1085 magnopere
1920 1013 2268 1084 gratulatur.
2318 1013 2443 1081 Qua
2490 1013 2547 1069 in
2577 1028 2638 1070 re
2678 1014 2929 1083 profecto
2976 1015 3134 1073 haud
3182 1025 3266 1073 est
3305 1018 3590 1073 Guiberlus
3619 1019 3761 1076 vul-

247 1105 371 1174 gari
403 1103 710 1174 prudentia
740 1103 1035 1174 praeditus,
1065 1102 1168 1173 qui
1197 1103 1305 1159 sub
1338 1102 1514 1173 hujus
1536 1102 1850 1172 aequissimi
1884 1103 2138 1172 praesidis
2178 1102 2375 1159 infulis
2416 1102 2775 1158 solummodo
2804 1116 2863 1158 se
2908 1109 3096 1160 tutum
3136 1104 3445 1172 existimat,
3481 1106 3539 1161 in
3572 1107 3754 1177 cujus

244 1190 580 1260 patrocinio,
610 1192 659 1247 si
690 1192 928 1259 viveret,
960 1199 1330 1261 versaretur;
1364 1191 1476 1247 imo
1506 1190 1784 1261 singulari
1822 1191 2099 1261 sapientia
2144 1190 2485 1257 illustratus,
2518 1190 2619 1262 qui
2650 1191 2720 1247 ob
2765 1193 3151 1262 quorumdam
3196 1194 3439 1252 livorem
3465 1195 3534 1250 de
3564 1208 3750 1251 causa

246 1294 382 1336 nam

849 1391 998 1442 stant
1037 1387 1163 1443 belli
1193 1402 1368 1442 causa
1399 1385 1494 1460 [4])

244 1492 503 1548 nonnihil
533 1492 946 1563 deprecaturus
977 1493 1133 1564 apud
1165 1493 1428 1551 Molaaum
1459 1506 1691 1549 causam
1721 1492 1963 1550 collocat
1993 1506 2066 1549 ne
2096 1492 2282 1549 cadat.
2317 1491 2454 1560 Quis
2481 1491 2631 1549 enim
2671 1491 2853 1563 judici
2882 1505 3171 1562 supremo,
3211 1490 3512 1563 eidemque
3537 1491 3753 1563 justis-

243 1579 388 1634 simo
418 1581 627 1637 audeat
656 1581 991 1653 refragari?
1023 1583 1075 1639 Si
1110 1583 1432 1637 Gnibe-rtum
1463 1582 1682 1639 nullius
1710 1596 1872 1639 reum
1921 1580 2236 1650 arbitreris,
2287 1581 2481 1637 insons
2526 1581 2666 1652 erit;
2695 1580 2741 1636 si
2771 1590 2884 1637 tuas
2931 1586 3200 1650 acceptus
3248 1579 3418 1636 fuerit
3455 1580 3744 1651 zequitali,

242 1668 453 1724 aemula
480 1668 710 1726 virtutis
742 1670 959 1726 invidia
991 1671 1074 1727 vel
1115 1671 1366 1741 proderit
1397 1671 1487 1728 vel
1536 1671 1760 1728 nocebit
1812 1670 1977 1737 nihil,
2021 1670 2234 1741 quippe
2266 1669 2322 1726 id
2370 1677 2561 1727 ratum
2619 1668 2856 1740 suisque
2912 1669 3236 1725 absolutum
3296 1669 3552 1725 numeris
3578 1669 3748 1725 facile

242 1756 454 1827 cuique
486 1757 793 1826 videbitur,
827 1759 921 1814 ubi
950 1759 1213 1815 acerrimi
1244 1773 1455 1831 przeses
1482 1759 1684 1829 judieii
1718 1773 1821 1815 suo
1844 1759 2084 1830 dignum
2114 1773 2347 1814 assensu
2381 1766 2433 1815 et
2464 1758 2695 1814 nomine
2721 1757 3125 1829 comprobarit.
3160 1756 3317 1814 Felix
3348 1758 3551 1828 utique
3584 1758 3747 1829 quod

243 1845 410 1900 talem
444 1854 753 1916 patronum
792 1848 1148 1917 compererit,
1191 1848 1292 1918 qui
1322 1856 1473 1905 totUs
1511 1847 1682 1919 regiis
1714 1846 2076 1918 publicisque
2114 1847 2290 1903 rebus
2332 1847 2596 1903 addictus
2643 1847 2957 1903 maximam
2998 1854 3265 1902 autumat
3309 1846 3647 1913 felicitatem,
3690 1846 3748 1900 si

245 1939 425 1989 totum
457 1947 514 1989 se
543 1934 596 1989 in
631 1935 859 1991 tuendis
884 1936 1125 1992 eruditis
1155 1936 1313 2003 viris,
1344 1943 1398 1993 et
1429 1937 1678 1992 maxime
1728 1935 2030 1992 arctiorem
2073 1935 2254 1992 vitam
2299 1936 2718 2006 proﬁtentibus,
2755 1935 3123 1993 libentissime
3167 1934 3387 2002 ofl‘erat,
3429 1935 3747 2005 impendat.

243 2018 331 2076 Sic
364 2028 654 2077 mortuum
690 2022 962 2079 laudibus
990 2022 1161 2080 effero
1193 2024 1522 2093 antistitem,
1554 2024 1651 2096 qui
1697 2038 1757 2080 se
1783 2037 2010 2095 suaque
2035 2031 2167 2081 avet
2217 2024 2418 2081 offerre
2448 2024 2591 2081 bene
2622 2025 2901 2095 beateque
2931 2024 3167 2091 viventi,
3200 2023 3577 2094 omniumque
3599 2023 3747 2095 jura

242 2107 477 2176 videnti,
511 2110 704 2180 legum
733 2112 988 2168 antistiti.

310 2196 481 2253 Vides
512 2198 708 2268 igitur,
743 2199 1006 2270 princeps
1034 2208 1268 2256 senatus
1314 2200 1719 2269 oculatissime,
1752 2215 1859 2258 cur
1890 2201 1948 2258 in
1980 2210 2166 2265 tuum.
2202 2202 2344 2273 quin
2384 2209 2438 2259 et
2461 2203 2697 2272 justitize
2727 2204 2940 2271 sinum,
2991 2217 3051 2259 se
3082 2200 3314 2272 recipiat
3354 2200 3533 2256 abbas
3567 2200 3750 2257 Novi-

240 2285 524 2357 gentinus.
557 2285 699 2343 Vide
746 2300 852 2342 cur
878 2302 937 2343 se
989 2287 1094 2343 tibi
1142 2287 1329 2351 unice,
1383 2302 1491 2343 cur
1522 2287 1581 2342 in
1634 2301 1898 2357 purpura
1950 2297 2051 2346 tua
2098 2289 2273 2345 decus
2325 2290 2561 2357 ambiat,
2615 2304 2722 2346 cur
2775 2289 3171 2346 auctoritatem
3222 2289 3281 2342 in
3324 2295 3424 2343 tua
3453 2287 3752 2357 sapientia

240 2380 480 2443 quaerat,
511 2388 619 2430 cur
647 2381 812 2430 tuum
844 2389 1051 2431 nomen
1102 2374 1161 2431 in
1204 2388 1446 2445 operum
1493 2388 1731 2430 suorum
1789 2374 1973 2431 fronte
2028 2376 2313 2446 deposcat.
2353 2379 2561 2433 Rursus
2618 2393 2715 2432 cur
2764 2393 2859 2431 suo
2914 2378 3061 2430 cultu
3104 2376 3226 2429 orbi
3261 2377 3509 2429 universo
3536 2378 3746 2429 revivi-

239 2477 384 2516 scere
411 2467 657 2530 conatur,
689 2468 740 2518 et
768 2463 1070 2519 rescindere
1097 2465 1432 2534 sepulturam
1461 2477 1636 2531 suam,
1685 2463 1929 2517 tenebras
1958 2465 2053 2534 (5).
2100 2463 2312 2531 Quidni
2341 2479 2400 2521 se
2447 2466 2519 2523 ad
2566 2465 2741 2520 solem
2794 2464 2951 2520 orbis
2985 2463 3182 2519 Gallici
3217 2462 3367 2518 illico
3395 2462 3740 2518 convertat?

239 2548 420 2605 Solem
451 2550 673 2619 dixero,
705 2550 807 2622 qui
855 2558 935 2608 tot
962 2561 1224 2624 augustae
1256 2560 1589 2608 senatorum
1635 2565 1857 2607 coronae
1886 2552 2071 2607 sidera
2123 2554 2303 2608 oculat
2347 2552 2461 2623 (6);
2504 2566 2674 2624 quem
2733 2559 2808 2608 tot
2853 2551 3023 2607 etiam
3073 2550 3382 2621 purpurati
3414 2551 3603 2606 Patres
3630 2549 3740 2605 de-

238 2636 557 2694 mirantur:

767 2743 1045 2813 Solemque
1072 2758 1250 2811 suum,
1282 2757 1384 2798 sua
1403 2743 1585 2798 sidera
1613 2747 1811 2798 norunt
1843 2743 1955 2816 (7);

235 2846 434 2919 sicque
458 2854 512 2905 te
531 2847 848 2919 judicante,
877 2856 926 2906 te
942 2849 1201 2921 jubente,
1229 2850 1415 2906 oritur
1445 2856 1509 2906 ut
1539 2849 1764 2906 Lucifer
1794 2864 2097 2923 nunquam
2129 2865 2408 2923 passurus
2426 2850 2701 2923 eclipsim,
2734 2849 2948 2906 nedum
2973 2862 3262 2906 occasum.

306 2936 404 2993 Sin
433 2951 570 2993 vero
593 2936 885 3008 (quamvis
930 2938 1095 3009 plene
1140 2938 1262 2994 suis
1292 2938 1349 2994 in
1379 2937 1603 3008 scriptis
1649 2953 1885 2996 causam
1938 2940 2287 3011 peroraverit
2316 2942 2506 3011 suam)
2566 2939 2872 2996 sciolorum
2913 2953 3214 2994 censuram
3264 2937 3642 3009 pertimescat,
3674 2938 3740 2994 in

235 3025 452 3096 quibus
477 3024 775 3095 plurimum
804 3028 1047 3096 malitiae,
1077 3030 1359 3097 sapientiae
1400 3043 1599 3097 parum
1630 3028 1731 3098 (8);
1763 3029 1971 3100 ecquid
2010 3030 2225 3087 mirum
2263 3028 2311 3085 si
2349 3038 2401 3086 te
2442 3029 2691 3100 appellat
2732 3027 3102 3084 scientiarum
3131 3026 3389 3081 omnium
3422 3024 3739 3093 officinam,

233 3113 532 3167 intellectus
560 3115 787 3169 humani
824 3114 1011 3182 ﬁnem,
1048 3117 1434 3185 perfectionem
1478 3122 1530 3170 et
1581 3118 1869 3171 terminum
1901 3117 1992 3188 (9),
2025 3124 2081 3174 et
2123 3117 2278 3190 quod
2318 3132 2408 3174 res
2462 3117 2730 3188 postulat,
2760 3115 3014 3187 judicem
3066 3127 3192 3171 reos
3235 3113 3590 3170 severissime
3621 3127 3743 3184 pu-

232 3200 481 3257 nientem
503 3200 531 3256 ‘I

306 3288 436 3345 Hac
474 3289 544 3345 ad
577 3290 834 3347 votivum
866 3305 1081 3348 munus
1107 3290 1380 3349 Guiberto
1439 3291 1567 3362 plus
1599 3292 1737 3348 satis
1764 3306 1886 3349 esse
1940 3291 2309 3361 videbantur,
2355 3300 2730 3364 protopraeses
2766 3290 3138 3362 amplissime,
3167 3291 3297 3348 licet
3337 3290 3500 3346 illum
3544 3302 3743 3345 causae

138 3398 145 3404 ο
231 3378 530 3449 permulta
560 3380 842 3437 moverint
872 3394 1038 3451 reque
1079 3395 1299 3451 graves.
1342 3382 1517 3437 Movit
1566 3381 1848 3451 imprimis
1903 3389 2004 3438 tua
2057 3381 2116 3437 in
2173 3382 2356 3437 Deum
2395 3381 2595 3452 religio
2647 3380 2982 3452 singularis,
3016 3381 3163 3436 mira
3208 3378 3451 3450 justitia,
3494 3377 3744 3434 caelestis

229 3468 626 3538 temperantia.
661 3468 898 3540 Religio,
924 3482 1043 3540 qua
1074 3470 1187 3525 Deo
1215 3469 1541 3535 obstrictus,
1602 3469 1898 3540 religatus,
1938 3469 2125 3539 ipsum
2179 3469 2381 3524 intima
2438 3476 2627 3525 mente
2683 3469 2999 3537 veneraris,
3057 3466 3349 3537 sequeris;
3379 3470 3434 3520 et
3467 3478 3604 3535 qua,
3637 3472 3740 3521 ut-

232 3561 360 3624 pote
391 3553 614 3626 primus
642 3569 928 3627 supremae
958 3557 1134 3613 curiae
1165 3571 1395 3628 praeses,
1428 3558 1535 3628 ipsi
1566 3557 1787 3614 cultum
1814 3564 2092 3627 tanquam
2139 3558 2323 3629 primo
2370 3572 2566 3615 rerum
2612 3558 2872 3614 omnium
2904 3556 3198 3628 principio,
3258 3554 3481 3611 excelso
3536 3553 3740 3610 animo

230 3641 690 3715 haudquaquam
735 3645 947 3702 desinis
976 3645 1269 3703 exhibere.
1324 3646 1571 3712 Iustitia,
1597 3659 1717 3717 qua
1764 3658 2056 3702 summum
2082 3645 2181 3717 jus
2208 3646 2267 3702 in
2316 3648 2561 3717 teipsum
2603 3661 2894 3714 exercens,
2927 3659 3156 3702 summo
3184 3643 3369 3700 Iudici
3416 3650 3472 3699 te
3507 3649 3737 3711 tuaque

227 3730 420 3787 omnia
450 3731 646 3788 refers.
679 3732 1099 3804 Temperantia,
1133 3749 1252 3806 qua
1280 3748 1508 3792 summo
1536 3748 1731 3792 rerum
1790 3732 2049 3804 Domino,
2095 3735 2438 3805 dominium,
2480 3751 2599 3808 quo
2644 3735 2754 3792 sub
2785 3748 2917 3806 rege
2966 3734 3163 3804 polles.
3218 3731 3488 3798 demittis,
3520 3742 3733 3800 parum

226 3826 330 3887 est,
371 3819 681 3876 submittis.

296 3906 680 3974 Quamobrem
706 3923 819 3966 non
848 3908 1011 3978 mihi,
1052 3923 1169 3965 non
1210 3909 1503 3979 Guiberto,
1537 3910 1633 3966 sed
1667 3909 1984 3966 virtutibus
2039 3910 2154 3967 tuis
2192 3910 2364 3967 debes
2421 3909 2571 3981 quod
2604 3907 2784 3963 abbas
2826 3921 2886 3963 se
2915 3905 3020 3963 tibi
3064 3905 3364 3974 devoveat,
3394 3905 3496 3976 qui
3530 3912 3583 3962 te
3613 3905 3734 3962 Deo

224 4002 408 4052 totum
442 3996 752 4068 devovisti;
778 3997 948 4053 debes
975 3997 1129 4069 quod
1159 3998 1403 4069 supplex
1459 3999 1863 4071 Nongentinus
1912 3998 1983 4054 ad
2030 3999 2270 4070 justitiaa
2302 4007 2417 4055 tua;
2458 3996 2695 4054 oracula
2734 4004 3020 4062 recurrat,
3070 3995 3171 4066 qui
3197 3995 3340 4067 justi
3367 3994 3585 4050 Iudicis
3620 4008 3733 4051 au-

226 4084 472 4140 ctoritati
522 4085 718 4141 omnia
761 4085 981 4151 debere,
1038 4087 1307 4157 vicesque
1362 4102 1557 4159 gerere
1608 4086 1928 4159 proﬁteris:
1976 4087 2148 4144 debes
2202 4086 2358 4159 quod
2416 4094 2682 4144 mortuus
2727 4084 2936 4141 iterum
2991 4097 3093 4156 per
3123 4091 3177 4141 te
3231 4082 3564 4152 reviviscat,
3621 4083 3730 4153 qui

224 4172 484 4228 animum
515 4181 682 4229 tuum
712 4174 844 4229 vitae
872 4182 927 4230 et
959 4174 1114 4231 necis
1141 4175 1363 4232 auctori
1393 4176 1507 4233 Deo
1531 4175 1875 4248 jampridem
1899 4176 2261 4233 consecrasti.

295 4260 470 4317 Movit
497 4268 594 4316 tua
627 4260 687 4315 in
718 4274 908 4331 regem
937 4268 992 4317 et
1021 4260 1270 4332 patriam
1321 4262 1500 4332 pietas
1546 4263 1779 4331 eximia,
1831 4279 2008 4337 quam
2069 4267 2384 4333 religionem
2434 4263 2680 4319 secundae
2725 4262 3033 4331 majestatis
3086 4259 3393 4332 appellavit
3423 4257 3731 4315 Tertullia-

223 4362 337 4404 n‘us
368 4348 514 4418 (10):
548 4355 613 4404 ut
671 4362 874 4405 verum
923 4349 995 4405 sit
1036 4350 1191 4421 quod
1246 4349 1388 4407 nihil
1446 4352 1618 4409 haece
1673 4361 1775 4411 tua
1831 4358 2040 4426 pietate
2095 4352 2515 4423 praecellentius
2573 4351 2684 4407 dici
2734 4358 2837 4407 aut
2882 4349 3195 4421 excogitari
3248 4354 3461 4419 queat;
3494 4348 3616 4418 ipsa
3641 4354 3732 4403 est

221 4436 374 4493 enim
401 4450 519 4507 qua
550 4451 741 4494 rerum
776 4436 1062 4494 labantem
1092 4446 1304 4495 statum
1364 4438 1514 4496 inter
1556 4447 1636 4496 tot
1688 4443 1843 4499 necis
1894 4441 2230 4499 discrimina
2287 4439 2540 4509 erexisti,
2594 4439 2917 4506 succolasti,
2952 4436 3275 4507 roborasti;
3322 4436 3442 4507 ipsa
3491 4444 3575 4492 est
3607 4449 3731 4507 qua

223 4523 523 4580 inﬂexibili
555 4523 797 4581 humero
826 4532 1041 4587 tantam
1073 4539 1267 4583 rerum
1319 4528 1609 4583 sustinens
1649 4530 1875 4599 molem,
1932 4531 2238 4587 immotum
2280 4528 2476 4585 Galliae
2534 4542 2778 4599 regnum
2838 4526 3152 4594 reddidisti,
3207 4532 3403 4595 utpote
3450 4528 3729 4579 constan-

224 4610 434 4668 tissime
459 4610 762 4669 suﬂultum
785 4612 966 4684 hujus
995 4620 1108 4669 tua;
1141 4616 1365 4685 pietatis
1402 4623 1574 4685 partu
1624 4616 1854 4687 triplici,
1907 4618 2017 4674 fide
2045 4616 2343 4681 nimirum,
2373 4616 2694 4672 constantia
2725 4615 3152 4686 prudentiaque
3179 4612 3337 4668 velut
3368 4609 3728 4667 solidissimis

216 4701 520 4758 columnis.
552 4702 691 4758 Inde
725 4702 787 4758 fit
817 4710 881 4759 ut
931 4717 1045 4759 non
1077 4710 1235 4760 tuam
1277 4704 1582 4770 duntaxat,
1617 4706 1714 4761 sed
1756 4706 2096 4763 immortalis
2122 4707 2415 4764 memoriae
2466 4706 2739 4763 Ludovici
2779 4706 2926 4762 Iusti
2971 4704 3335 4777 prudentiam
3367 4701 3719 4758 demiretur:

219 4789 390 4859 hanc,
417 4796 469 4847 te
492 4805 625 4847 cum
656 4804 950 4847 summum
996 4799 1232 4848 senatus
1279 4791 1594 4862 principem
1648 4792 1880 4864 elegerit
1912 4810 1928 4863 ;
1982 4794 2160 4863 illam,
2195 4806 2326 4851 cum
2379 4802 2590 4852 cuncta
2637 4794 2874 4850 solerter
2900 4792 3106 4864 egeris.
3133 4792 3209 4847 Te
3236 4803 3340 4848 rex
3374 4789 3432 4846 in
3472 4789 3723 4846 dicundo

291 5020 358 5091 (4)
397 5020 622 5078 Eneid.
658 5036 755 5079 vn.

290 5088 597 5168 (5)1ertul.
632 5092 712 5168 De
740 5097 1273 5168 resurrect.__car_n_.,
1303 5102 1352 5144 c.
1384 5088 1474 5144 12.

389 5161 608 5245 'I_“t'ebel.
645 5162 704 5217 in
732 5163 974 5229 Claud.;
1007 5162 1152 5217 Plin.
1189 5159 1286 5215 lib.
1320 5173 1496 5216 xxxrv

307 5235 362 5300 7)
387 5232 612 5289 IEneid.
647 5248 724 5288 vr.

304 5302 359 5383 ξ)
386 5303 443 5383 S.
478 5303 829 5383 Bernardgs.
852 5371 865 5383 ι
919 5369 931 5383 ,
971 5379 981 5383 _
1308 5371 1320 5383 ο

304 5305 359 5374 8)
386 5305 443 5358 S.
478 5305 829 5359 Bernardus.

282 5305 355 5510 ΞΘ)
390 5374 691 5438 Averroes,
727 5372 804 5429 De
833 5369 1005 5427 Arist.
1037 5386 1095 5427 ιιι
1166 5385 1197 5427 e
1227 5371 1441 5428 anima.

305 5445 392 5510 tO)
424 5444 746 5510 Apologet.,
780 5456 830 5497 c.
861 5441 950 5494 35.

305 5445 392 5512 tO)
424 5444 746 5515 Apologet.,
780 5456 830 5497 c.
861 5441 950 5494 35.
