3874 6048
58 285 121 339 13
1304 232 1583 333 Pao'LEe

2060 273 2364 330 ,xEFATIO.
2555 287 2563 294 ‘
3522 265 3590 333 14

50 418 191 486 jure
226 422 495 488 quantus
522 428 583 471 es
609 410 822 477 ell‘ecit;
855 418 919 468 tu
953 410 1011 467 in
1034 424 1234 482 regem
1265 418 1587 480 natumque
1610 408 1738 480 ejus
1769 406 2049 478 optimum
2082 406 2437 465 Ludovicum
2470 407 2707 466 feliciter
2734 417 3091 481 regnantem,
3124 412 3389 470 exsulato
3419 413 3586 470 feroci

56 505 426 568 discrimine,
481 509 817 573 potestatem
851 500 1134 557 refudisti.
1183 499 1389 570 Sicque
1437 511 1540 569 per
1579 505 1630 554 te
1656 496 1758 569 qui
1790 510 2163 567 nequaquam
2193 511 2314 553 esse
2359 496 2623 565 desierat,
2658 497 3080 568 quodammodo
3110 502 3293 558 tutius
3327 515 3429 558 rex
3461 503 3585 568 fuit,

58 594 339 663 quando,
391 591 691 662 metropoli
749 588 1005 646 Francia
1036 603 1141 644 suo
1188 586 1491 644 conciliata
1538 584 1802 658 principi,
1857 599 2035 656 aquo
2070 585 2303 641 minime
2357 586 2669 653 exciderat,
2725 587 2927 643 throno
2964 589 3175 645 melius
3224 591 3401 647 assert
3430 591 3591 647 visus

59 691 171 738 est.

139 773 217 827 At
258 770 493 827 aliunde
522 768 566 823 si
600 768 945 824 Guibertum
995 766 1205 833 foveas,
1253 765 1301 820 si
1334 764 1550 835 fulgeat
1580 765 1637 820 in
1666 770 1798 820 ortu
1830 777 1955 830 suo,
1989 769 2043 819 te
2067 759 2328 833 jubente,
2361 761 2503 832 quia
2546 770 2737 819 noster
2774 770 2878 833 est,
2908 779 3024 820 non
3058 765 3245 838 magis
3273 780 3392 838 qua
3428 766 3504 822 sis
3530 767 3586 822 in

68 860 346 916 abbatem
382 860 553 914 istum
584 856 1000 919 benevolentia,
1049 868 1225 925 quam
1279 853 1664 910 incredibilem
1698 866 1838 923 erga
1865 865 1956 907 me
2002 851 2425 921 universosque
2471 853 2930 923 congregationis
2960 853 3013 909 8.
3048 855 3235 911 Mauri
3269 855 3584 912 Benedicti-

69 964 177 1004 nos
210 949 639 1005 humanitatem
671 944 1008 1002 declarabis.
1045 943 1113 999 Et
1141 957 1276 999 vero
1306 957 1481 1013 quam
1532 941 1754 1012 liquido
1779 943 1900 1012 jam
1931 939 2155 995 dudum
2201 938 2602 1008 declaraveris,
2635 954 2750 996 non
2783 949 2868 998 est
2895 956 3070 1014 quem
3116 943 3318 1015 fugiat.
3354 944 3585 1015 Accepi-

72 1050 230 1103 mus,
266 1049 478 1106 prases
523 1032 958 1099 humanissime,
993 1045 1125 1103 qua
1161 1030 1375 1087 fuerint
1404 1030 1636 1087 familia
1669 1036 1877 1086 nostra
1907 1042 2008 1098 per
2036 1027 2277 1084 Galliam
2325 1027 2510 1094 initia,
2545 1026 2880 1098 inspicimus
2908 1045 3039 1102 qua
3068 1032 3183 1088 sint
3213 1032 3587 1099 incrementa,

73 1125 431 1195 suspicimus
485 1131 803 1194 utrumque
851 1119 1193 1177 beneﬁcium
1246 1117 1677 1190 congregationi
1710 1124 1917 1173 nostra
1947 1116 2018 1172 ab
2075 1115 2469 1186 Amplitudine
2506 1115 2629 1173 Tua
2680 1118 2886 1189 studiis
2915 1119 3161 1177 assiduis
3214 1121 3584 1192 impensum:

74 1221 399 1284 utrumque
428 1227 502 1269 ex
533 1221 633 1269 tua
664 1209 1016 1282 benignitate
1053 1207 1217 1264 velut
1255 1221 1327 1263 ex
1364 1207 1515 1263 fonte
1544 1206 1838 1263 uberrimo
1862 1205 2162 1269 scaturire,
2196 1218 2535 1275 perennare,
2571 1205 2738 1261 nobis
2789 1207 3162 1277 gratulantur
3190 1209 3452 1279 benevoli
3485 1225 3590 1266 nec

76 1302 261 1358 invidi
292 1309 529 1373 negant.
578 1301 665 1357 'l‘u
695 1312 950 1369 namque
979 1310 1113 1353 cum
1158 1295 1551 1367 procuratoris
1580 1293 1721 1365 regii
1752 1307 1990 1351 munere
2038 1293 2381 1365 fungereris,
2428 1306 2573 1351 cura
2600 1302 2925 1352 nascentem
2971 1297 3282 1368 excepisti;
3331 1298 3461 1355 inde
3490 1298 3587 1356 ubi

76 1391 143 1446 ad
197 1404 500 1447 summum
543 1387 783 1460 justitia
835 1385 1092 1444 tribunal
1153 1389 1257 1442 tua
1288 1392 1340 1441 te
1369 1383 1555 1440 virtus
1600 1382 1828 1451 extulit,
1861 1396 1934 1439 ne
1978 1388 2102 1438 tum
2134 1380 2368 1452 quidem
2424 1383 2710 1440 curatoris
2756 1398 2860 1455 pro
2905 1398 2973 1440 ea
3001 1392 3189 1455 partes
3217 1386 3428 1444 exuisti
3453 1402 3470 1457 ;
3506 1393 3593 1443 ast

75 1480 283 1550 majori
310 1479 649 1535 auctoritate
678 1475 1035 1542 suﬁ‘ulciens,
1071 1474 1483 1530 adolescentem
1510 1470 1711 1542 juvisti
1741 1470 2023 1541 prasidio,
2053 1470 2370 1527 obﬁrmasti
2401 1484 2591 1540 opera,
2617 1471 2750 1541 jure
2777 1473 3092 1543 protexisti.

146 1576 402 1646 Insuper
442 1575 665 1645 placere
692 1572 799 1629 sibi
845 1572 1086 1628 miriﬁce
1116 1569 1503 1627 venerandam
1554 1575 1814 1625 veterum
1863 1568 2206 1638 scriptorum
2239 1566 2557 1623 doctrinam
2591 1581 2690 1637 pro
2735 1582 2843 1625 sua
2872 1583 3011 1641 erga
3040 1584 3236 1627 omnes
3265 1571 3591 1629 urbanitate

80 1665 217 1720 mihi
245 1663 599 1734 signiﬁcavit
647 1660 978 1732 Amplitudo
1009 1661 1171 1726 Tua;
1222 1659 1358 1715 dum
1388 1657 1543 1713 enim
1572 1656 1866 1727 epistolam
1900 1656 1955 1712 S.
1989 1655 2267 1712 Barnaba
2297 1669 2330 1710 a
2364 1656 2631 1711 Menardo
2663 1665 2858 1713 nostro
2903 1657 3268 1725 elucidatam,
3307 1668 3404 1717 tuo
3437 1661 3590 1718 dica-

81 1761 193 1808 tam
241 1750 489 1817 nomini,
537 1749 892 1815 obtulissem,
941 1747 1270 1803 scrutandis
1318 1744 1693 1811 bibliothecis,
1753 1743 2101 1815 antiquioris
2130 1744 2239 1799 avi
2285 1743 2616 1800 doctoribus
2653 1759 2684 1801 e
2714 1745 2953 1816 pulvere
3000 1746 3341 1816 excitandis,
3391 1762 3457 1804 ac
3486 1764 3590 1806 suo

82 1839 451 1897 restituendis
495 1838 688 1903 nitori,
738 1846 839 1894 tua
894 1836 1186 1907 praluxit,
1227 1850 1359 1906 qua
1408 1834 1547 1890 mihi
1583 1847 1812 1889 summa
1860 1841 1965 1899 est,
2020 1832 2347 1889 auctoritas.
2395 1832 2638 1889 Proinde
2693 1834 2939 1903 placebit
2986 1841 3040 1891 et
3069 1835 3273 1905 opella,
3324 1850 3501 1907 quam
3531 1837 3588 1892 in

82 1928 317 1984 edendis
346 1925 850 1983 observationibus
879 1923 1465 1994 quantulamcunque
1495 1920 1805 1991 collocavi;
1838 1934 1951 1976 non
1986 1920 2141 1990 quod
2180 1918 2453 1976 Guiberto
2482 1920 2668 1977 lucem
2699 1921 2901 1978 afferre
2925 1937 3158 1994 queam,
3190 1938 3395 2000 verum
3435 1925 3591 1995 quod

84 2016 326 2071 nimium
386 2014 767 2085 splendorem,
801 2012 905 2083 qui
946 2011 1158 2068 debiles
1187 2010 1379 2067 forsan
1427 2009 1622 2066 oculos
1653 2009 2079 2080 perstringeret,
2129 2007 2416 2064 moderari
2461 2016 2764 2081 utcunque
2795 2011 2964 2068 nitor.
3005 2012 3274 2081 Placebit,
3326 2014 3587 2084 inquam,

84 2112 279 2173 utpote
311 2103 371 2159 in
401 2110 499 2158 tuo
540 2100 905 2157 Benedictino
937 2099 1399 2172 congregationis
1429 2098 1482 2155 8.
1532 2096 1719 2154 Mauri
1749 2096 1865 2153 solo
1893 2104 2016 2152 sata
2059 2098 2333 2167 nataque,
2366 2095 2440 2152 ad
2468 2105 2518 2153 te
2558 2097 2724 2167 pleno
2752 2112 2820 2154 ae
2849 2099 3028 2156 solido
3052 2101 3185 2172 jure
3219 2100 3590 2171 refunditur;

86 2192 361 2248 nimirum
397 2190 563 2247 fundi
595 2190 892 2246 dominum
942 2196 1274 2260 sequuntur
1304 2188 1544 2244 fructus.
1582 2186 1831 2243 Placebit
1858 2185 2087 2241 tandem
2120 2185 2402 2256 nonquia
2435 2185 2608 2253 edidi,
2656 2188 2753 2244 sed
2785 2188 2925 2259 quia
2948 2189 3245 2261 judicasti,
3274 2190 3589 2261 imperasti.

91 2280 210 2335 Tibi
238 2280 396 2335 enim
446 2278 600 2333 dedit
636 2280 777 2332 Deus
833 2293 1099 2332 summum
1130 2291 1310 2331 rerum
1351 2276 1646 2344 judicium,
1678 2274 1815 2328 mihi
1859 2275 2103 2343 obsequii
2154 2275 2332 2342 gloria
2361 2276 2549 2329 relicta
2597 2279 2677 2329 est
2730 2276 2858 2343 (ll).
2896 2277 3110 2332 Relicta
3154 2285 3238 2333 est
3266 2285 3321 2334 et
3368 2279 3593 2334 cunctis

87 2368 548 2441 congregationis
580 2374 786 2424 nostra
815 2364 1087 2431 alumnis,
1118 2364 1271 2434 quod
1312 2364 1570 2418 omnium
1605 2362 1751 2419 votis
1778 2361 1956 2418 defert
1978 2377 2045 2417 ac
2070 2362 2388 2433 proﬁtetur.

619 2472 1027 2543 Ampiitudinis
1059 2473 1183 2526 Tua
1213 2469 1609 2525 deditissimus.

2397 2576 2457 2630 F.
2491 2577 2674 2632 Lucas
2716 2576 3093 2634 D‘ACHERY.

157 2685 273 2757 (tt)
300 2685 480 2742 Tacit.
513 2684 609 2741 lib.
635 2699 708 2752 Vl,
739 2691 866 2755 post
900 2683 1150 2741 initium.

1609 3010 2090 3084 LECTORI.

156 3310 305 3366 Cum
336 3307 524 3365 multa
572 3322 704 3379 qua
735 3308 829 3363 hic
872 3306 1101 3378 praefari
1135 3311 1440 3376 oporteret,
1491 3304 1548 3359 in
1595 3303 1792 3361 obser-
1824 3306 1864 3359 A
1976 3304 2443 3373 Commentarios,
2476 3320 2577 3362 seu
2618 3308 2909 3362 Moralium
2942 3310 3200 3364 Gcncscos
3232 3310 3326 3365 tib.
3361 3312 3427 3377 Χ,
3455 3326 3599 3382 sup-

94 3396 428 3453 vationibus
447 3396 691 3461 attexui,
720 3410 836 3452 non
855 3402 938 3452 est
966 3394 1120 3466 quod
1145 3393 1368 3465 prolixo
1397 3400 1449 3449 te
1469 3390 1792 3463 proloquio,
1903 3394 2180 3463 peditavit
2210 3393 2556 3451 Bibliotheca
2584 3396 2779 3467 Regia.

98 3485 294 3541 Lector
337 3484 585 3544 erudite.
641 3484 965 3540 distineam.
1018 3484 1147 3540 Hac
1194 3495 1379 3552 pauca
1409 3488 1462 3537 te
1510 3481 1797 3537 duntaxat
1978 3483 2420 3551 Tropotogiarum
2480 3481 2540 3537 in
2602 3483 2768 3551 Osee,
2827 3486 2995 3539 Amos
3060 3490 3111 3538 et
3165 3487 3598 3541 Lamentationes

98 3572 487 3642 pramouebo.
546 3572 704 3642 Sape
757 3578 810 3628 et
858 3571 1109 3627 multum
1143 3569 1297 3640 apud
1342 3582 1434 3624 me
1483 3568 1697 3624 dubius
1742 3573 1797 3623 et

97 3674 308 3730 anceps
349 3660 455 3728 fui,
503 3674 644 3717 num
687 3659 944 3717 studium
974 3666 1029 3715 et
1071 3671 1302 3729 operam
1337 3657 1393 3712 in
1424 3657 1659 3713 edendis
1697 3670 1795 3712 ve-

98 3748 374 3804 nerabilis
404 3748 660 3807 Guiberti
692 3749 761 3804 de
789 3748 1107 3819 Novigento
1126 3747 1410 3818 Operibus
1437 3744 1793 3812 collocarem,

99 3851 298 3901 necne,
346 3844 516 3892 erant
557 3836 709 3892 enim
740 3843 795 3893 et
824 3851 941 3907 pra
989 3835 1259 3891 manibus
1296 3833 1639 3903 vetustiora;
1689 3833 1798 3888 ad-

101 3924 258 3980 fuere
341 3924 574 3980 interim
631 3924 743 3980 viri
801 3920 1081 3991 doctrina,
1141 3923 1424 3993 sapientia
1481 3929 1536 3978 et
1594 3923 1799 3992 pietate

98 4011 425 4079 clarissimi,
475 4013 824 4084 quibuscum
875 4012 944 4068 de
977 4012 1235 4082 antiquis
1273 4010 1607 4067 auctoribus
1638 4016 1799 4065 tene-

101 4101 215 4157 bris
270 4101 555 4157 hactenus
608 4100 896 4157 obvolutis
957 4099 1401 4167 confabulando,
1474 4098 1799 4154 incidissem

102 4189 151 4244 in
179 4188 496 4260 prafatum
530 4188 815 4256 abbatem,
866 4188 1062 4259 magni
1107 4187 1359 4243 Anselmi
1414 4185 1796 4256 discipulum;

100 4276 284 4347 deque
310 4277 466 4332 illius
496 4277 788 4333 recondita
808 4277 1154 4345 litteratura,
1182 4275 1461 4343 doctrina,
1487 4273 1798 4331 verborum

104 4373 405 4421 venustate
453 4372 509 4421 et
549 4364 900 4435 eloquentia,
932 4378 1038 4419 nec
1082 4362 1257 4420 semel
1308 4375 1599 4419 sermones
1647 4361 1800 4417 ultro

99 4454 362 4524 citroque
411 4452 833 4516 habuissemus,
874 4467 967 4509 me
1011 4451 1350 4522 sapiuscule
1383 4449 1802 4521 compellarunt

98 4550 149 4597 et
176 4540 364 4612 aliqui
417 4550 553 4598 sunt
583 4541 871 4606 obtestati,
920 4549 1211 4612 quatenus
1259 4539 1611 4597 Benedictini
1654 4538 1801 4608 Ope-

101 4643 230 4705 rum
287 4629 444 4699 prelo
497 4628 1063 4697 committendorum,
1100 4628 1454 4700 provinciam
1484 4641 1590 4698 ego
1619 4627 1802 4682 Bene-

99 4717 351 4772 dictinus
399 4716 769 4786 susciperem.
803 4716 1059 4783 Quorum
1108 4716 1481 4772 suasionibus
1516 4714 1802 4784 impulsus

101 4804 168 4859 ad
210 4818 363 4875 opus
390 4812 652 4860 actutum
682 4818 772 4861 me
801 4804 1043 4861 libenter
1075 4805 1321 4872 accinxi,
1354 4802 1599 4873 persolvi
1632 4802 1800 4858 sche-

101 4891 267 4948 dulas
297 4891 755 4963 diligentissime,
792 4892 1049 4950 curiosos
1090 4892 1505 4962 antiquitatum
1537 4889 1801 4960 explora—

105 4988 250 5035 tores
277 4980 546 5043 conveni,
573 4992 772 5036 omues
803 4980 1282 5037 bibliothecarum
1316 4979 1408 5048 (ad
1442 4992 1590 5049 quas
1621 4978 1805 5048 patuit

104 5067 319 5136 aditus)
373 5067 593 5123 forulos
638 5069 977 5139 pluteosque
1006 5069 1213 5139 partim
1266 5068 1384 5138 ipse
1433 5065 1802 5137 perlustravi,

107 5156 317 5226 partim
370 5155 813 5226 perlustrandos
867 5157 1108 5226 curavi;
1165 5164 1221 5213 et
1266 5154 1551 5227 quidquid
1601 5154 1800 5222 menti,

105 5245 257 5315 quod
290 5258 414 5301 rem
468 5244 623 5300 hanc
667 5244 955 5302 illustrare
984 5251 1195 5316 posset,
1245 5244 1518 5314 occurrit,
1556 5243 1805 5313 conqui-

106 5349 148 5390 Sl
155 5347 230 5389 Vl.

170 5422 255 5478 Ac
309 5421 495 5492 primo
524 5421 762 5494 quidem
818 5420 1101 5491 libellum,
1151 5421 1429 5489 Quomodo
1473 5435 1645 5476 Simo
1687 5422 1810 5489 ﬁeri

107 5509 295 5565 debeat
323 5525 338 5564 :

1901 3568 2195 3635 Jeremia,
2281 3571 2682 3641 apographum
2767 3573 3181 3643 perantiquum
3247 3574 3596 3642 (monasterii

1905 3658 2199 3728 quondam
2246 3658 2614 3716 Valcellensis
2645 3674 2812 3729 cong.
2862 3659 3251 3717 Cisterciensis
3284 3663 3339 3717 in
3373 3662 3599 3718 diacesi

1903 3745 2322 3817 Cameracensi)
2350 3760 2383 3802 a
2412 3746 2689 3802 decennio
2722 3761 3034 3818 germanus
3063 3763 3222 3805 meus
3247 3748 3598 3805 Eustachius

1905 3833 2203 3904 d’Achery.

1982 3921 2298 3977 Tractatum
2329 3920 2395 3976 de
2419 3922 2800 3978 Incarnatione
2826 3927 3013 3978 contra
3040 3921 3286 3994 Judaos;

1978 4011 2093 4065 Lib.
2125 4011 2191 4065 de
2220 4010 2379 4064 laude
2411 4009 2479 4065 Β.
2509 4013 2731 4075 Maria;

1979 4099 2304 4168 Opusculum
2358 4098 2423 4152 de
2476 4100 2820 4168 virginitate,
2879 4112 2910 4155 e
2967 4100 3158 4156 codice
3211 4114 3317 4156 ms.
3378 4099 3601 4172 collegii

1908 4187 2239 4243 Parisiensis
2286 4186 2340 4242 S.
2389 4188 2438 4244 Ι.
2487 4187 2694 4242 indicio
2726 4188 2791 4243 Β.
2829 4187 2889 4242 Ρ.
2938 4188 3129 4244 Jacobi
3165 4187 3451 4244 Sirmondi
3499 4202 3600 4245 ex-

1908 4276 2180 4346 prompsi.

1978 4365 2289 4434 Epistolam
2318 4364 2385 4418 de
2414 4364 2649 4419 buccella
2675 4364 2844 4419 Juda
2867 4363 3003 4418 data
3029 4364 3283 4435 primum
3318 4364 3374 4420 in
3405 4364 3603 4422 biblio-

1911 4453 2074 4510 theca
2107 4453 2173 4510 V.
2227 4452 2289 4509 C.
2341 4453 2578 4509 Joannis
2627 4452 2786 4522 Bigot
2842 4453 2901 4508 in
2940 4453 3278 4525 Rothomag.
3334 4453 3599 4526 vectigal.

1910 4542 2074 4598 curia
2124 4542 2420 4609 senatoris,
2491 4541 2736 4597 exscribi
2789 4542 3027 4611 curavi;
3084 4542 3290 4599 deinde
3344 4544 3416 4598 ad
3467 4543 3605 4599 bina

1914 4646 2069 4699 mss,
2129 4629 2374 4687 alterum
2407 4629 2765 4686 Bibliotheca
2808 4629 3017 4701 Regia,
3048 4629 3272 4701 collegii
3301 4630 3602 4687 Parisiens.

1911 4720 1965 4775 S.
1999 4719 2049 4774 J.
2083 4718 2348 4784 alterum,
2381 4717 2617 4775 contuli.

1982 4803 2065 4856 De
2113 4804 2436 4872 pignoribus
2493 4808 2801 4858 sanctorum
2849 4803 3013 4858 libros
3060 4808 3166 4859 tres
3215 4803 3467 4861 mutavit
3509 4803 3603 4859 Bi-

1909 4889 2191 4946 bliotheca
2222 4891 2416 4962 Regia.

1982 4976 2267 5034 Caterum
2314 4977 2578 5048 prafatos
2623 4977 2880 5049 ejusdem
2929 4977 3307 5047 bibliotheca,
3356 4979 3518 5036 velut
3556 4987 3611 5036 et

1912 5065 2133 5137 collegii
2177 5066 2513 5123 Parisiensis
2551 5066 2771 5123 codices
2817 5066 2887 5138 (si
2919 5066 3262 5136 conjecturis
3308 5067 3610 5140 indulgere
3678 5054 3683 5063 ’

1913 5153 2099 5226 liceat)
2159 5153 2312 5225 juris
2374 5153 2509 5210 olim
2569 5156 2853 5211 exstitisse
2918 5154 3282 5227 Novigentini
3346 5157 3610 5225 canobii,

1915 5249 2089 5312 atque
2128 5243 2269 5299 adeo
2315 5243 2573 5300 Guiberti
2623 5244 2860 5314 (quippe
2912 5244 3103 5298 ferunt
3158 5243 3340 5314 ipsius
3368 5245 3611 5314 atatem)

1916 5330 2148 5387 initium
2168 5332 2455 5403 cujusque
2485 5330 2796 5388 voluminis
2828 5339 3246 5401 pramonstrat.

1991 5419 2296 5476 Historiam
2360 5418 2914 5490 Jerosolymitauam,
2963 5418 3082 5476 sive
3133 5419 3301 5477 Gesta
3351 5420 3453 5476 Dei
3518 5435 3622 5491 per

1920 5508 2190 5570 Francos,
2225 5507 2450 5577 primus
2497 5505 2796 5573 evulgavit
2824 5506 3071 5563 Jacobus
3118 5507 3467 5577 Bongarsius
3505 5521 3620 5561 una
