3874 6048
245 193 310 248 is
1145 181 1213 239 v.
1253 180 1648 239 GUlBERTUS
1682 175 1903 237 ABBAS
1938 180 1997 235 s.
2041 178 2277 236 name:
2316 162 2406 237 DE
2445 156 2849 239 nonnemo.
3720 183 3803 238 ιδ

242 342 372 383 cum
405 324 531 383 aliis
554 323 807 396 ejusdem
840 320 1088 378 historiae
1120 320 1492 390 scriptoribus
1517 333 1610 374 an.
1651 318 1804 385 1611,
1837 316 1932 373 cui
1965 319 2005 371 Α
2114 316 2236 372 Prae
2287 316 2557 373 manibus
2593 330 2714 372 esse
2761 315 2861 373 ubi
2891 314 3262 372 advertissem
3295 315 3553 386 plurima
3618 316 3803 373 anti-

249 414 568 471 collectioni
627 412 861 469 titulum
924 410 1073 477 fecit,
1132 409 1204 464 ab
1259 407 1528 464 Guiberto
1585 413 1940 486 mutuatum,

245 503 407 559 Gesta
465 504 565 558 Dei
591 517 689 571 per
729 500 990 554 Francos.
1025 497 1136 553 Nos
1168 509 1303 551 vero
1332 495 1385 550 in
1429 497 1535 551 hac
1563 494 1808 550 editione
1851 508 1939 548 re-

244 593 422 660 petita
482 590 657 645 libros
708 588 765 642 in
815 586 1003 655 capita
1050 585 1411 655 digessimus.
1462 583 1651 639 Sancti
1698 580 1942 651 Remigii

248 680 511 734 Remens.
542 677 742 744 codex,
772 689 949 729 manu
976 673 1293 743 peroptima
1321 679 1613 738 exaratus,
1650 671 1944 741 suppetias

246 781 445 821 eorum
479 779 609 835 qua:
656 765 714 819 in
752 763 861 818 ﬁne
891 761 1024 817 libri
1068 761 1225 822 noni.
1259 760 1369 815 alio
1399 760 1470 815 ab
1502 762 1734 815 auctore
1784 758 1942 824 editi,

244 853 742 918 desiderabantur,
791 850 913 906 ivit.
954 848 1051 905 Usi
1081 863 1313 919 quoque
1344 862 1549 905 sumus
1593 848 1770 903 altero
1801 846 1942 902 Cor—

248 942 384 996 beiae
415 941 669 1010 antiquae
704 954 827 1005 ms.,
866 952 982 1008 quo
1030 937 1314 1007 plerisque
1345 937 1402 991 in
1435 936 1570 992 locis
1619 935 1943 1005 nevos'qni

245 1029 464 1086 librarii
498 1029 688 1084 forsan
731 1027 889 1094 vitio,
941 1026 1062 1082 sive
1095 1025 1588 1095 typographorum
1621 1023 1941 1090 oscitantia,

248 1120 616 1188 irreptarant,
669 1116 1061 1172 abstersimus.
1117 1114 1327 1170 Versus
1371 1112 1679 1169 ordinatim
1726 1113 1944 1183 poetico

249 1222 405 1262 more
437 1204 857 1274 disposuimus;
907 1201 1321 1259 adornavimus
1366 1215 1495 1257 oras
1536 1201 1776 1257 diversis
1809 1214 1945 1270 pas-

246 1294 353 1350 sim
383 1292 873 1350 adnotationibus.

319 1383 609 1437 Postremo
638 1381 861 1436 abbatis
908 1377 1087 1435 nostri
1118 1378 1403 1433 Librorum
1432 1377 1497 1432 de
1524 1379 1642 1431 vita
1688 1391 1789 1432 sua
1818 1390 1946 1446 apo-

250 1469 539 1540 graphum
608 1467 1006 1524 tantummodo
1067 1465 1324 1521 invenire
1369 1465 1451 1520 fas
1500 1464 1625 1532 fuit,
1674 1464 1947 1535 graphice

250 1557 481 1627 quidem
537 1570 603 1612 ac
655 1555 955 1612 recentiori
998 1568 1174 1610 manu
1226 1553 1525 1623 scriptum,
1580 1553 1675 1608 sed
1727 1552 1947 1608 mendis

249 1654 473 1701 scatens
514 1643 982 1715 quampluribus,
1032 1642 1263 1699 inversa
1302 1642 1497 1707 verba,
1540 1642 1833 1697 sententiae
1866 1642 1946 1696 in-

249 1734 475 1789 terdum
504 1740 605 1788 aut
634 1740 865 1788 mutatae
899 1739 999 1787 aut
1023 1744 1256 1800 prorsus
1284 1730 1544 1795 sublatae,
1572 1738 1633 1785 ut
1665 1730 1947 1785 nonnulla

252 1821 502 1890 penitius
543 1820 863 1885 inspicienti
904 1819 1045 1874 mihi
1077 1819 1292 1874 fuerint
1321 1817 1417 1873 vix
1448 1832 1561 1872 non
1591 1817 1942 1887 divinanda;

250 1914 455 1963 caetera
498 1922 633 1963 vero
664 1922 795 1978 quae
853 1921 942 1962 me
972 1906 1294 1977 praeteriere
1342 1906 1539 1973 verba,
1593 1919 1791 1961 eorum
1826 1905 1945 1960 loco

251 2002 469 2063 puncta
517 1996 800 2065 supplevi,
837 2009 941 2052 seu
970 1994 1220 2065 margini
1248 1994 1483 2063 ascripsi
1512 1993 1775 2065 quaedam
1809 1995 1940 2050 alia.

249 2083 605 2139 Audiveram
652 2097 791 2139 sane
830 2091 886 2139 et
915 2083 1204 2139 multoties
1233 2083 1538 2152 repetitum
1570 2096 1939 2167 agnoverant,

249 2172 677 2242 autographum
710 2172 780 2227 ad
811 2179 1007 2228 nostra
1034 2180 1290 2241 tempora
1328 2172 1476 2227 inter
1506 2170 1769 2226 Ecclesiae
1804 2172 1945 2226 Lau-

246 2257 523 2314 dunensis
569 2266 824 2316 vetustos
872 2259 1094 2315 codices
1139 2262 1517 2327 asservatum,
1569 2273 1637 2315 ac
1690 2265 1941 2329 postmo—

245 2346 382 2401 dum
432 2347 688 2418 antiqute
742 2348 821 2403 rei
858 2347 1036 2418 perito
1067 2348 1192 2404 viro
1238 2348 1302 2403 D.
1341 2347 1476 2418 Dey,
1519 2346 1747 2403 Doctori
1792 2347 1944 2403 Pari-

245 2434 418 2491 siensi
451 2434 578 2505 (qui
622 2435 841 2505 pridem
884 2435 1065 2505 obiit),
1102 2435 1412 2504 collatum;
1455 2449 1603 2505 quas
1645 2442 1835 2490 autem
1882 2436 1941 2491 in

248 2535 455 2578 manus
486 2523 722 2592 posthac
756 2523 1092 2579 devolutum
1128 2523 1317 2591 fuerit,
1351 2536 1575 2579 omnem
1609 2522 1764 2579 movi
1795 2522 1938 2593 lapi-

246 2611 373 2665 dem
409 2619 700 2681 quatenus
728 2610 1043 2680 comperire
1076 2611 1343 2678 valerem,
1373 2610 1469 2665 sed
1503 2609 1735 2666 frustra.

316 2699 385 2753 Et
429 2713 560 2754 cum
612 2698 921 2755 Guibertus
962 2698 1125 2755 tertio
1166 2698 1310 2754 libro
1337 2699 1413 2754 De
1443 2699 1561 2754 vita
1590 2712 1697 2754 sua
1725 2697 1943 2768 potissi-

247 2800 404 2841 mum
421 2786 630 2842 referat
655 2785 758 2856 qui
778 2786 931 2842 cives
954 2788 1109 2842 Laud
1120 2802 1364 2843 unenses
1392 2786 1940 2843 immanissimorum

249 2881 642 2943 grassatorum
681 2889 837 2930 more
862 2873 1128 2930 bacchati
1167 2874 1405 2944 fuerint,
1435 2875 1571 2931 dum
1603 2888 1719 2930 non
1749 2871 1936 2941 sexui,
1969 2909 2011 2964 Ο

244 2975 358 3016 non
403 2962 610 3029 ordini,
634 2976 758 3041 [non
800 2962 951 3017 aetati
1002 2962 1107 3018 ulli
1157 2969 1472 3033 parcerent,
1505 2962 1658 3018 caede
1700 2975 1766 3016 ac
1798 2974 1937 3016 sau-

245 3048 409 3118 guini
459 3050 807 3119 complentes
835 3050 1065 3120 omnia;
1116 3051 1217 3120 qui
1252 3058 1536 3121 pastorem
1582 3064 1757 3105 suum
1804 3063 1939 3104 nece

244 3135 536 3193 affecerint
565 3152 744 3208 quam
765 3138 1156 3209 acerbissima;
1191 3139 1291 3209 qui
1317 3138 1634 3209 episcopale
1662 3137 1940 3207 templum

247 3223 621 3293 incenderint,
653 3233 708 3282 et
747 3225 861 3291 alia
912 3225 970 3282 id
1002 3241 1185 3297 genus
1222 3227 1626 3283 crudelitatum
1681 3233 1941 3295 patrave-

247 3314 382 3381 rint,
431 3315 622 3369 Libros
674 3319 780 3369 tres
834 3310 1134 3369 Herma-nni
1173 3316 1423 3370 monachi
1458 3315 1524 3369 de
1567 3315 1848 3368 miraculis
1879 3314 1938 3369 S.

244 3402 438 3457 Mariae
500 3402 877 3456 Laudunensis
941 3402 1127 3458 instar
1198 3402 1528 3472 appendicis
1588 3400 1940 3472 adjiciendos

243 3488 441 3545 censui
458 3498 981 3560 peropportunum;
1006 3497 1202 3560 utpote
1215 3489 1314 3561 qui
1330 3489 1610 3559 prolixam
1635 3503 1749 3544 non
1773 3489 1938 3545 modo

242 3577 535 3634 continent
580 3586 859 3648 reparatze
887 3586 943 3635 et
974 3579 1137 3635 urbis
1167 3586 1222 3634 et
1258 3578 1509 3634 ecclesiae
1539 3577 1941 3634 Laudunensis

244 3664 561 3735 historiam,
620 3681 825 3723 verum
870 3666 1044 3724 etiam
1076 3674 1430 3724 coaetaneum
1475 3665 1749 3723 Guiberto
1790 3665 1937 3722 scri-

242 3761 461 3824 ptorem
494 3763 836 3826 agnoscunt.

315 3841 527 3897 Praeter
569 3843 838 3912 superius
883 3850 1250 3900 enumeratos
1296 3843 1554 3900 Guiberti
1598 3842 1765 3911 fetus,
1824 3842 1938 3899 edi-

243 3929 392 3985 disse
437 3938 493 3985 et
532 3931 913 3999 Capilularem
970 3931 1208 3986 libellum
1247 3931 1314 3986 de
1357 3932 1591 3987 diversis
1638 3932 1930 4000 euangelio-

241 4032 365 4072 rum
415 4022 467 4072 et
526 4019 961 4087 prapheticorum
1019 4020 1353 4074 voluminum
1417 4023 1717 4086 sententiis,
1776 4026 1935 4075 notat

242 4105 477 4175 ipsemet
509 4104 605 4160 lib.
640 4120 655 4160 ι
687 4106 765 4160 De
814 4106 933 4161 vita
960 4120 1085 4174 sua,
1119 4121 1245 4178 cap.
1282 4110 1367 4162 l6.
1405 4110 1507 4165 Ast
1534 4107 1748 4165 alicubi
1780 4108 1933 4164 haud

2050 404 2288 474 quitatis
2318 412 2712 472 monumenta,
2744 405 2948 462 mediae
2977 412 3031 460 et
3071 405 3323 460 auctoris
3354 405 3533 461 nostri
3567 405 3799 461 astatis

2051 492 2301 548 maxime
2331 493 2614 561 (auctores
2654 493 2806 549 enim
2842 492 3101 549 nondum
3134 493 3312 549 editos
3340 494 3585 564 saepius,
3620 495 3797 550 alios

2050 595 2282 650 perraro
2329 582 2399 637 ad
2433 581 2816 637 testimonium
2870 580 3023 652 cito),
3074 590 3320 638 mentem
3368 582 3583 639 induxi
3627 583 3795 639 data

2050 669 2344 725 occasione
2378 669 2680 725 identidem
2728 683 2796 725 ea
2827 670 3224 737 internectere,
3269 684 3337 726 ea
3379 670 3448 727 de
3478 685 3544 728 re
3576 670 3790 726 nimi-

2053 771 2203 821 rum,
2242 765 2305 813 ut
2348 758 2697 828 ejuscemodi
2741 759 3021 814 mercium
3068 759 3488 829 appetentibus,
3524 759 3787 831 aliquo-

2053 861 2261 917 usque,
2292 845 2432 902 dum
2478 845 2696 917 majora
2731 854 2939 917 parant
2967 846 3166 914 nostri,
3202 846 3444 903 facerem
3488 849 3663 905 satis.
3702 848 3783 904 In

2052 934 2122 990 iis
2169 934 2362 989 animo
2408 934 2677 1004 proposui
2721 934 2865 989 nihil
2911 949 3024 991 non
3062 934 3408 1003 discussum,
3459 935 3611 992 nihil
3646 951 3780 991 non

2054 1022 2182 1078 fidei
2228 1023 2458 1092 optimae
2508 1021 2838 1078 eventilare.
2899 1021 3025 1078 Scio
3087 1023 3456 1080 nihilosecius
3508 1039 3647 1095 ego,
3713 1032 3779 1081 et

2053 1110 2228 1182 probe
2290 1119 2474 1180 teneo,
2539 1113 2800 1165 neminem
2853 1126 2965 1167 esse
3031 1117 3142 1166 tam
3192 1113 3424 1180 felicem,
3488 1115 3594 1183 qui
3652 1129 3775 1168 non

2052 1200 2324 1269 subjectus
2353 1203 2427 1254 sit
2452 1203 2641 1263 errori,
2673 1206 2723 1254 et
2747 1201 2841 1255 hoc
2870 1216 2977 1254 non
3006 1200 3266 1256 dementis
3298 1216 3409 1256 esse
3432 1204 3769 1271 proprium,

2052 1288 2147 1343 sed
2178 1289 2429 1344 hominis.
2463 1289 2686 1359 Itaque,
2735 1290 2931 1345 Lector
2962 1289 3256 1358 benevole,
3298 1290 3773 1359 aaquanimitatis

2052 1384 2168 1434 tua)
2194 1378 2302 1433 erit
2346 1377 2392 1433 si
2427 1392 2558 1448 qua:
2599 1385 2806 1440 errata,
2841 1376 3044 1434 leniter
3072 1385 3127 1433 et
3173 1377 3355 1434 amice
3392 1378 3680 1449 castiges;
3714 1380 3769 1434 si

2054 1480 2185 1535 quae
2229 1467 2583 1533 chartarum,
2643 1466 3051 1536 diplomatum,
3104 1467 3424 1522 aliorumve
3472 1467 3767 1524 similium

2054 1554 2411 1621 displiceant,
2465 1568 2662 1624 quaeso
2711 1554 2806 1609 illa
2854 1569 2923 1610 ne
2956 1554 3234 1610 lacessant
3290 1555 3586 1626 negotium
3625 1572 3638 1610 :
3673 1571 3768 1612 ec-

2055 1642 2186 1712 quis
2246 1642 2400 1698 enim
2487 1643 2787 1699 hominum
2866 1643 3012 1699 votis
3080 1644 3337 1699 omnium
3406 1645 3767 1715 respondere

2055 1730 2288 1802 quibit?

2121 1818 2401 1885 Quoniam
2433 1818 2586 1874 haud
2620 1819 2691 1875 ad
2731 1819 2953 1875 solitam
2987 1819 3445 1892 magnitudinem
3475 1820 3761 1877 volumen

2052 1918 2405 1967 excrescere_
2431 1905 2976 1972 animadverteram,
3021 1906 3285 1977 quaedam
3331 1907 3403 1963 ad
3447 1908 3764 1964 illustran-

2053 1992 2155 2048 dos
2218 1991 2477 2049 Guiberti
2543 1994 2718 2049 libros
2778 1996 2851 2050 De
2918 1994 3037 2051 vita
3084 2009 3191 2051 sua
3250 1995 3763 2052 observationibus

2054 2081 2439 2137 additamenta
2490 2081 2810 2151 subjunxi;
2844 2096 3068 2153 nempe,
3109 2084 3284 2137 Vitam
3346 2083 3403 2137 S.
3468 2084 3763 2138 Geremari

2052 2170 2289 2235 abbatis,
2320 2184 2391 2226 ex
2436 2170 2780 2226 monasterio
2805 2170 3161 2240 Conchensi;
3200 2172 3382 2227 Vitam
3410 2172 3472 2225 B.
3507 2172 3758 2227 Simonis

2052 2259 2263 2313 comitis
2327 2259 2704 2328 Crespeiensis,
2768 2273 2899 2329 quae
2946 2273 3019 2315 ex
3077 2259 3266 2315 codice
3321 2272 3428 2314 ms.
3480 2258 3754 2316 Coenobio

2054 2345 2372 2415 Ursicampi
2428 2347 2501 2401 ad
2550 2360 2639 2402 me
2688 2346 3025 2402 transmissa
3073 2354 3158 2403 est
3200 2362 3214 2401 :
3253 2348 3436 2402 Vitam
3490 2348 3546 2403 S.
3597 2348 3751 2403 Sala-

2053 2432 2226 2501 berga:
2271 2434 2332 2487 S.
2362 2435 2589 2488 Joannis
2636 2434 3016 2488 Laudunensis
3057 2437 3517 2503 prole-antistita,
3573 2436 3747 2505 cujus

2051 2522 2284 2592 quidem
2303 2531 2427 2579 erat
2447 2524 2758 2592 exemplar,
2794 2523 2891 2579 sed
2913 2524 3052 2579 adeo
3082 2524 3446 2591 mendosum,
3476 2524 3559 2580 uti
3582 2539 3745 2594 spem

2049 2610 2176 2679 ejus
2202 2611 2545 2682 evulgandze
2578 2625 2809 2681 prorsus
2836 2611 3192 2681 ahjecissem,
3224 2611 3283 2666 ni
3308 2619 3512 2682 praesto
3537 2611 3750 2666 adfuis-

2050 2705 2132 2753 set
2161 2706 2354 2754 noster
2401 2699 2465 2754 D.
2500 2698 2764 2754 Placidus
2809 2698 3110 2760 Bertheau.
3145 2712 3390 2769 eamque
3434 2698 3610 2769 ipsam
3641 2713 3749 2768 ope

2049 2786 2258 2842 codicis
2308 2801 2413 2843 ms.
2448 2787 2899 2855 Ursicampensis
2940 2786 3162 2843 mendis
3203 2802 3378 2857 prope
3424 2787 3749 2843 innumeris

2049 2874 2207 2931 velut
2240 2874 2298 2929 in
2338 2873 2701 2945 marginibus
2729 2889 2962 2930 cernere
2987 2882 3090 2943 est,
3138 2875 3497 2943 correxisset,
3542 2889 3748 2931 emen-

2048 2963 2249 3019 dasset.
2298 2962 2455 3028 Quod
2488 2975 2680 3017 meum
2726 2962 2897 3018 fuerit
2943 2963 3244 3019 consilium
3279 2964 3404 3019 illas
3455 2964 3745 3033 publicam

2048 3050 2105 3105 in
2140 3050 2322 3106 lucem
2374 3050 2534 3106 Vitas
2587 3050 2901 3120 emittendi,
2957 3052 3133 3108 habes
3162 3052 3385 3123 paginis
3432 3053 3556 3119 596,
3610 3053 3740 3120 602,

2046 3140 2155 3193 652
2183 3139 2314 3210 (η).

2120 3226 2351 3293 Deinde,
2421 3227 2647 3298 insigne
2710 3230 2953 3295 Hugonis
3013 3228 3460 3297 Ruthomagensis
3511 3243 3743 3299 opuscu-

2049 3316 2180 3382 lum,
2232 3316 2419 3372 tribus
2458 3315 2661 3373 libellis
2714 3316 3070 3384 distinctum,
3119 3322 3307 3371 contra
3336 3318 3608 3372 haereticos
3653 3321 3745 3372 sui

2048 3407 2321 3473 temporis.
2346 3403 2507 3460 Istud
2527 3419 2660 3460 cum
2679 3405 2903 3462 abbatis
2923 3419 2990 3461 ac
3008 3405 3169 3461 tineis
3187 3405 3386 3460 rixans
3406 3406 3520 3460 huc
3533 3421 3736 3476 usque,

2046 3505 2077 3547 e
2120 3491 2312 3547 codice
2362 3506 2468 3548 ms.
2520 3491 2574 3548 8.
2624 3492 2857 3549 Martini
2919 3491 3254 3549 Parisiensis
3307 3492 3736 3562 exscripsimus,

2046 3593 2113 3635 ac
2145 3580 2356 3649 publici
2388 3580 2631 3637 facimus
2670 3581 2840 3652 juris.
2877 3581 3136 3653 Hugonis
3164 3580 3349 3652 elogia
3372 3588 3448 3647 et
3477 3582 3739 3651 epistolas

2049 3667 2267 3725 videbis
2293 3683 2423 3740 pag.
2456 3671 2562 3724 687
2591 3676 2647 3725 et
2673 3683 2794 3740 seq.

2117 3756 2416 3823 Praeterea,
2443 3757 2662 3812 Roberti
2691 3757 2757 3810 de
2800 3758 3086 3810 Torinneio
3118 3755 3430 3827 (Torigny),
3465 3754 3634 3828 vulgo
3665 3757 3736 3812 de

2045 3845 2221 3898 Monte
2265 3844 2499 3905 abbatis,
2541 3843 2673 3907 (hoc
2718 3849 2803 3897 est
2857 3843 3189 3898 monasterii
3240 3843 3295 3899 S.
3330 3843 3615 3901 Michaelis
3662 3845 3736 3900 de

2044 3931 2234 3987 Monte
2257 3929 2502 3998 Tumba,
2530 3928 2650 3986 sive
2681 3932 2741 3984 in
2769 3931 3011 3985 Periculo
3037 3931 3231 4001 maris)
3261 3932 3511 3997 vocitati,
3541 3934 3733 3988 Acces-

2043 4021 2236 4085 siones,
2259 4024 2310 4074 et
2351 4018 2644 4089 Appendix
2671 4018 2938 4075 Germana
2986 4019 3062 4073 ad
3108 4021 3464 4088 Siaebertum,
3490 4036 3591 4077 nec
3619 4036 3734 4078 non

2048 4110 2335 4163 Tractatus
2380 4107 2447 4162 de
2488 4108 2961 4163 immutationibus
3008 4110 3414 4170 monachorum.
3464 4109 3529 4164 de
3575 4111 3735 4165 abba-

239 4193 414 4249 dubie
445 4192 501 4248 in
532 4193 768 4264 pulvere
797 4201 852 4250 et
880 4194 996 4250 situ
1042 4195 1217 4252 latere
1247 4211 1404 4253 nunc
1451 4211 1636 4267 usque
1666 4196 1929 4266 dierum;
1965 4207 2004 4261 ί)
2044 4195 2186 4250 tibus
2236 4201 2287 4251 et
2347 4196 2585 4251 abbatiis
2637 4196 3156 4261 Northmannorum,
3214 4204 3264 4250 et
3314 4197 3728 4266 aediﬁcatoribus

239 4280 329 4337 vel
361 4281 552 4353 potius
574 4281 818 4337 dixerim
847 4282 919 4338 ab
952 4283 1071 4353 ipso
1101 4293 1334 4354 parente
1354 4299 1746 4356 suppressum,
1776 4284 1929 4354 quod

239 4368 474 4425 minime
522 4369 888 4439 perpolitum,
922 4370 1011 4427 his
1058 4386 1131 4427 ex
1162 4373 1352 4429 verbis
1381 4373 1630 4428 indidem
1678 4371 1932 4427 subodo-

238 4456 354 4511 rari
386 4456 521 4512 libet
549 4473 562 4511 :
596 4458 697 4513 Cui
745 4457 979 4526 (libello)
1030 4461 1133 4514 huc
1172 4477 1340 4531 usque
1361 4464 1521 4529 ﬁnem
1554 4459 1687 4514 dare
1715 4459 1928 4527 differo,

237 4546 371 4612 quia
412 4544 498 4598 his
544 4546 821 4614 explicitis
871 4563 989 4617 quae
1040 4550 1099 4602 in
1148 4552 1570 4617 praesentiarum
1622 4553 1807 4611 teneo,
1871 4549 1931 4601 in

235 4634 507 4688 similibus
536 4637 774 4689 emercari
806 4637 1117 4706 aliquoties,
1155 4639 1269 4693 Deo
1297 4641 1639 4704 suggerente,
1672 4637 1925 4690 delibero.

236 4720 462 4799 Etenim
508 4722 841 4793 ubicunque
892 4724 1146 4781 libellum
1199 4724 1523 4781 delitescere
1569 4724 1925 4795 suspicabar,

236 4808 367 4864 nisu
398 4809 586 4865 inutili
622 4812 956 4881 perquisivi.

304 4894 811 4955 Observationibus
848 4908 903 4955 et
932 4901 1081 4955 notis
1112 4900 1380 4969 quaedam
1413 4900 1665 4956 auctoris
1692 4915 1930 4970 opuscu-

234 4981 309 5049 la,
343 4996 457 5039 non
490 4992 604 5040 tam
638 5000 761 5043 mea
791 4996 1015 5057 sponte,
1046 5001 1225 5057 quam
1247 4994 1394 5042 nutu
1424 5001 1627 5044 eorum
1657 4996 1713 5044 et
1742 4997 1929 5045 aucto-

233 5069 435 5138 ritate,
500 5074 715 5143 quibus
784 5074 976 5129 votiva
1058 5073 1380 5129 obedientia
1435 5074 1747 5131 obstrictus
1810 5090 1924 5131 non

231 5159 620 5230 obtemperare
650 5162 789 5218 mihi
836 5161 1032 5231 religio
1064 5166 1166 5226 est,
1210 5162 1513 5218 illustravi.
1545 5163 1612 5218 In
1658 5163 1726 5219 iis
1756 5177 1925 5233 porro

232 5248 373 5321 quid
401 5248 785 5317 praestiterint,
818 5249 1016 5320 paucis
1046 5249 1101 5307 id
1132 5249 1455 5308 absolvam.

2041 4299 2248 4338 earum.
2298 4284 2644 4354 Appendicis
2691 4284 2902 4354 duplici
2950 4284 3165 4340 ditatus
3217 4299 3344 4341 sum
3397 4285 3726 4356 exemplari,

2042 4372 2384 4443 primigenio
2430 4372 2610 4429 altero
2640 4372 2694 4429 S.
2730 4372 3020 4430 Michaelis
3050 4373 3122 4429 de
3146 4372 3334 4429 Monte
3379 4373 3554 4443 (quod
3583 4373 3727 4431 infra

2041 4473 2172 4530 pag.
2204 4459 2311 4515 715
2358 4461 2718 4530 praenotavi),
2764 4461 2943 4517 altero
2987 4460 3390 4518 Gemeticensis
3427 4463 3673 4517 asceterii
3706 4480 3721 4518 :

2040 4548 2323 4604 nonnulla
2352 4562 2424 4603 ex
2474 4556 2636 4618 parte
2668 4548 2953 4619 posterius
2984 4548 3159 4619 priori
3205 4548 3569 4616 contractius,
3598 4563 3724 4619 qua

2039 4650 2175 4692 vero
2222 4636 2282 4692 in
2311 4636 2593 4693 Montensi
2640 4651 2755 4692 non
2788 4637 3097 4693 exstabant
3142 4636 3471 4693 charactere
3518 4635 3716 4704 Italico,

2039 4732 2216 4794 atque
2271 4725 2562 4791 asterisco,
2629 4724 3148 4795 notatiunculaque
3208 4723 3456 4794 margini
3513 4725 3721 4794 adjecta
3844 4782 3845 4801 ξ

2039 4812 2487 4870 demonstratur.
2544 4812 2762 4871 Verum
2814 4813 3062 4883 pretium
3122 4827 3310 4883 operae
3359 4822 3463 4881 est,
3512 4814 3712 4880 Lector,
3844 4812 3845 4891 ι

2038 4900 2488 4968 animadvertas,
2541 4908 2683 4970 puta
2737 4899 2899 4957 initio
2937 4901 3150 4957 codicis
3194 4916 3302 4957 ms.
3356 4917 3462 4957 nec
3502 4915 3607 4956 non
3661 4901 3715 4956 in
3844 4894 3845 4929 ἦ

2038 4987 2279 5087 prologi,
2326 4988 2588 5087 atquein
2634 4987 2816 5087 ipsius
2861 4990 3398 5087 appendici‘shqua
3424 4990 3492 5045 de
3516 4989 3711 5087 agitur,
3844 5016 3845 5087 ι

2036 5076 2203 5132 titulo
2234 5082 2636 5146 praenotatum,
2660 5077 2814 5147 quod
2838 5078 2910 5133 ad
2931 5093 3151 5134 annum
3177 5077 3316 5132 1184
3346 5078 3713 5147 Appendicem

2036 5163 2317 5219 Robertus
2365 5166 2750 5234 protraxerit;
2800 5165 2900 5237 qui
2951 5172 3142 5222 tamen
3173 5166 3242 5220 ad
3287 5179 3383 5220 an.
3420 5165 3554 5220 lt82
3580 5166 3713 5222 dun-

2034 5258 2196 5307 taxat
2248 5251 2345 5308 illo
2399 5252 2746 5323 Appendicis
2789 5253 3022 5325 prologo
3073 5253 3447 5310 concinnasse
3502 5254 3716 5324 proﬁte-

299 5406 416 5480 (12)
450 5406 683 5466 Numeri
709 5406 1017 5465 crassiores
1044 5407 1224 5465 textui
1251 5416 1446 5465 nostro
1471 5406 1670 5465 inserti
1705 5409 1943 5480 paginas
1971 5385 2599 5467 editionis—Acherunte
2626 5415 3060 5481 repraesentant.
3094 5406 3254 5467 Eutr.
3288 5410 3459 5468 Pun.
