3884 6068
78 183 159 235 l7
361 269 365 272 ν
1096 181 1624 238 PROLEGOMENA.
1652 212 1721 221 —
1742 181 2171 240 TESTIMONIA
2210 182 2299 240 DE
2336 183 2701 244 GUIBEBTO.
3585 188 3651 243 18

84 324 208 373 tur
242 333 258 372 :
299 317 469 374 unde
508 316 878 374 subdubitari
922 317 1095 373 datur
1136 317 1225 373 vel
1261 317 1572 374 Robertum
1611 326 1836 389 postea—
1867 344 1909 398 Α
1951 335 2069 377 suae
2102 321 2464 378 Bibliothecae
2508 322 2613 392 ipsi
2666 323 2829 377 solita
2876 322 3160 391 comitate,
3202 338 3421 395 proque
3451 324 3649 382 innato

80 422 120 474 q
134 421 302 462 nam
343 408 647 479 prologum
674 407 1023 473 confecisset,
1058 406 1232 462 fuisse
1263 406 1414 462 ultra
1441 420 1838 478 progressum;

87 494 233 551 sive
268 495 468 552 alium
499 495 826 566 quempiam
859 495 1110 551 duorum
1154 508 1441 551 annorum
1488 494 1692 551 seriem
1723 508 1840 550 una

87 590 152 638 et
192 583 720 639 continuationem
752 583 1022 639 texuisse.

178 672 355 738 Quid
392 686 483 727 me
526 671 758 727 tandem
809 685 999 727 causa:
1049 670 1291 726 moverit
1335 671 1407 727 ad
1449 670 1643 727 isthicc
1669 670 1840 726 evul-

97 760 330 830 ganda
383 761 600 831 quaeris
638 760 667 816 ?
739 774 937 817 nosces
1000 760 1332 831 anteloquio
1390 760 1530 816 inibi
1580 760 1835 831 praefixo,

101 863 253 919 pag.
291 850 430 904 715.

178 938 488 994 Caeterum
518 938 623 1008 qui
653 937 792 993 mihi
827 938 1062 993 fuerunt
1088 936 1329 1005 auxilio,
1352 950 1551 993 eorum
1583 937 1838 1003 nomina,

108 1034 348 1096 praeter
376 1026 644 1083 laudatos
697 1027 752 1081 in
802 1026 972 1081 hocce
1023 1024 1344 1095 proloquio,
1392 1026 1513 1080 suis
1562 1024 1698 1081 locis
1726 1039 1840 1080 non

107 1115 345 1185 omisi;
403 1122 528 1170 tum
572 1123 638 1171 ut
681 1114 849 1170 ﬁdem
909 1113 1231 1181 liberarem,
1283 1121 1403 1169 tum
1460 1113 1710 1168 maxime
1757 1112 1841 1168 uti

111 1202 353 1260 alienos
401 1202 651 1265 labores,
704 1202 1000 1269 beneﬁcia,
1062 1210 1225 1272 grato
1271 1202 1465 1258 animo
1507 1215 1845 1257 commemo-

113 1305 344 1347 rarem.
392 1292 468 1347 At
511 1298 650 1347 sunt
695 1290 1153 1361 haudquaquam
1193 1287 1596 1360 praetereundi,
1645 1288 1842 1358 impri-

114 1381 229 1435 mis
282 1379 411 1436 VV.
464 1379 566 1435 CC.
622 1380 856 1436 Puteani
909 1379 1131 1445 fratres,
1178 1378 1479 1448 multiplici
1521 1376 1845 1432 eruditione

112 1467 424 1538 celebres;
452 1476 738 1539 quotquot
782 1481 928 1537 opus
976 1466 1137 1523 fuere
1182 1467 1403 1523 codices
1450 1474 1506 1522 et
1557 1465 1746 1535 Regia:
1788 1471 1845 1522 et

1952 425 2062 465 non
2108 411 2333 481 vulgari
2382 425 2520 482 erga
2568 412 2845 467 litteratos
2899 410 3130 476 affectu,
3186 413 3645 469 commodarunt.

1952 498 2291 554 Franciscus
2336 501 2653 566 Duchesne,
2720 499 2798 555 rei
2862 499 3143 556 historicze
3199 515 3313 554 non
3386 501 3644 570 ignarus.

1951 586 2098 642 inter
2127 586 2242 641 alia
2281 587 2585 642 Historiam
2642 588 2899 643 cononici
2961 588 3381 655 Laudunensis,
3419 590 3649 659 propria

1952 674 2200 742 parentis
2245 676 2483 731 Andreae
2539 678 2832 731 Duchesne
2901 689 3081 730 manu
3149 684 3463 739 exaratam,
3498 676 3650 733 ultro

1951 761 2244 815 concessit.
2310 762 2380 816 Et
2428 769 2617 817 noster
2664 761 2963 831 Philippus
3007 761 3075 816 de
3134 762 3451 832 Romagny,
3503 763 3650 817 serio

1950 855 2002 902 et
2025 848 2147 904 sine
2178 849 2489 905 ambitione
2514 850 2735 915 doctus,
2770 849 2869 918 qui
2924 848 3171 903 multum
3198 863 3384 918 operae
3443 864 3511 905 ac
3562 851 3650 905 la-

1953 935 2106 992 boris
2162 936 2488 1006 insumpsit,
2543 951 2659 1006 qua
2716 935 3103 991 describendis
3148 934 3391 992 diversis
3433 936 3490 992 in
3543 936 3650 992 hoc

1956 1025 2244 1081 volumine
2273 1025 2555 1080 contentis
2596 1025 2886 1093 operibus,
2939 1038 3056 1094 qua
3096 1024 3345 1094 denique
3396 1025 3531 1082 locis
3560 1025 3645 1080 di-

1955 1114 2103 1169 vinae
2134 1113 2441 1181 Scripturee
2482 1112 2845 1168 adnotandis.

2024 1202 2212 1271 Atque
2246 1202 2363 1257 haec
2392 1202 2459 1256 de
2499 1201 2752 1257 auctoris
2797 1200 3077 1270 Operibus
3104 1208 3158 1256 et
3208 1200 3641 1257 Additamentis.

1952 1290 2058 1357 Tu,
2119 1290 2338 1357 Lector,
2392 1289 2534 1357 vale,
2587 1297 2640 1346 et
2667 1291 2992 1360 juvantem,
3026 1296 3127 1344 aut
3156 1295 3306 1344 certe
3340 1288 3644 1356 volentem,

1954 1392 2102 1434 ama.

1168 1668 1671 1726 VENERABILIS
1709 1668 2053 1724 GUIBERTI
2088 1668 2402 1724 ABBATIS
2441 1667 2626 1723 VITzE

1599 1796 2171 1883 SYNOPSIS.

187 1956 470 2024 (Paucula
499 1957 557 2008 in
610 1959 941 2011 antecessum
993 1955 1123 2011 dum
1182 1956 1417 2022 integros
1468 1958 1545 2011 De

1599 1956 1716 2008 vita
1780 1969 1883 2009 sua
1936 1953 2102 2008 libros
2153 1955 2416 2020 revolvas,
2479 1958 2749 2021 gestorum
2805 1954 3051 2011 Guiberti
3101 1955 3413 2009 summatim
3471 1952 3639 2007 oculis

1595 2024 1904 2094 objicienda
1936 2026 2162 2088 censui.)

193 2262 539 2330 Guibertus,
568 2275 643 2317 ex
672 2260 883 2333 oppido
913 2260 1240 2318 Belvacensi
1289 2260 1591 2329 oriundus,
1612 2331 1618 2333 _
1641 2260 1829 2333 splen-
1864 2267 1903 2320 Β
1943 2274 2119 2333 prope
2146 2260 2512 2333 Conciacum,
2535 2274 2687 2317 anno
2710 2260 3020 2333 Dominicze
3056 2260 3476 2317 lncarnationis
3508 2260 3645 2333 1104

126 2333 263 2389 dore
324 2333 609 2389 natalium
664 2331 1006 2402 posthabito,
1051 2333 1386 2387 monachale
1424 2331 1726 2387 collobium
1777 2331 1834 2386 in

129 2405 510 2471 Flaviacensi,
581 2403 701 2459 sive
772 2402 826 2459 S.
888 2403 1179 2459 Geremari
1244 2403 1519 2469 coenobio,
1580 2402 1831 2469 dimcesi,

128 2475 327 2530 itidem
356 2474 737 2540 Belvacensis,
769 2474 959 2530 induit
994 2494 1008 2540 ;
1035 2474 1132 2529 ubi
1164 2475 1420 2543 apprime
1448 2486 1578 2529 cum
1608 2474 1828 2542 pietate.

127 2555 250 2601 tum
285 2545 495 2601 litteris
535 2553 620 2600 est
650 2545 956 2616 excultus;
990 2545 1084 2599 sed
1115 2554 1170 2600 et
1213 2559 1275 2616 se
1322 2544 1681 2614 potissimum
1713 2557 1747 2598 a
1777 2544 1827 2616 Si

131 2617 405 2672 Anselmo
461 2616 895 2683 Cantuariensi,
940 2613 1121 2671 'tunc
1207 2613 1502 2670 Beccensis
1578 2613 1833 2669 asceterii

130 2686 319 2756 priore
351 2687 480 2756 (qui
511 2686 854 2742 Guibertum
884 2686 1095 2742 amoris
1117 2699 1256 2757 erga
1286 2685 1494 2754 saepius
1539 2684 1834 2757 invisebat)

132 2755 485 2813 instructum
535 2771 654 2826 qua
700 2760 920 2813 ratione
971 2755 1353 2827 intelligenda;
1397 2755 1835 2826 aperiendaeque

133 2828 329 2909 forent
352 2827 570 2909 divinae
601 2829 840 2909 paginae.
879 2826 1288 2909 gloriaturdib.
1322 2828 1455 2909 t‘De-
1484 2826 1598 2907 vita
1626 2840 1753 2909 su_a.

196 2898 464 2954 Guiberti
539 2897 1256 2969 religionisfprudentize,
1334 2897 1608 2952 doctrinae
1681 2897 1834 2969 fama

135 2970 299 3040 longe
358 2970 587 3040 lateque
641 2967 1000 3039 pervulgata,
1062 2970 1372 3040 tandemia
1421 2967 1832 3040 monachis_B.

137 3037 338 3096 Manu:
388 3040 457 3096 de
491 3037 829 3111 Novigento,
857 3037 934 3095 ‘in
963 3039 1246 3096 territorio
1296 3038 1666 3094 Lauduneusi
1707 3037 1832 3105 sito,

1944 2331 2178 2412 eligitur
2204 2332 2258 2386 in
2286 2331 2592 2412 abbatem:
2633 2346 2754 2412 quo
2806 2332 2862 2412 in
2915 2344 3151 2412 munere
3200 2344 3301 2400 per
3342 2331 3640 2412 annos_vi_:

1945 2401 2108 2472 ginti,
2142 2408 2259 2457 tam
2289 2401 2701 2457 elucubrandis
2728 2402 2902 2457 variis
2941 2401 3226 2471 operibus,
3263 2414 3438 2471 quam
3468 2401 3641 2457 saluti

1944 2471 2273 2527 animarum
2312 2472 2435 2528 suis
2481 2473 2852 2528 concionibus
2899 2472 3210 2542 (quidquid
3259 2486 3436 2528 sacrae
3485 2471 3642 2527 Scri-

1945 2552 2130 2624 ptura}
2158 2550 2267 2624 est.
2297 2545 2720 2624 interpretatus,
2768 2543 2827 2598 in
2880 2543 3125 2624 gratiam
3162 2544 3639 2624 concionatorum

1944 2613 2000 2669 id
2025 2615 2208 2685 egisse
2236 2614 2507 2680 declarat)
2559 2628 2662 2669 nec
2710 2629 2823 2669 non
2866 2613 3232 2685 eonfiitandis
3280 2613 3561 2668 haereticis
3587 2622 3642 2669 et

1943 2698 2133 2739 coram
2186 2693 2240 2739 et
2291 2688 2518 2753 scriptis
2573 2685 2902 2754 invigilans,
2958 2684 3423 2753 allaboransque,
3487 2698 3636 2754 prae-

1943 2754 2116 2822 clare,
2194 2757 2483 2825 sapienter
2557 2755 2983 2825 prudenterque
3065 2768 3185 2810 sese
3237 2754 3455 2825 gessit.
3544 2754 3639 2825 Pie

1943 2823 2277 2880 admodum'
2322 2824 2379 2879 in
2430 2826 2529 2880 Dei
2559 2823 2822 2880 Matrem
2887 2824 3155 2880 allectum
3225 2823 3399 2880 fuisse
3432 2824 3637 2894 passim

1946 2896 2259 2966 praedicant
2312 2908 2418 2950 sua
2470 2894 2700 2966 scripta.
2742 2896 2975 2952 Naturae
3032 2894 3308 2951 concessit
3360 2909 3514 2950 anno
3545 2908 3641 2951 re-

1945 2965 2160 3036 paratae
2179 2965 2382 3022 salutis
2410 2965 2570 3020 1121.

857 3291 1537 3380 TESTIMONIA
1605 3293 1746 3376 DE
1829 3288 2373 3376 GUIBERTO
2440 3287 2902 3373 ABBATE.

208 3548 503 3613 Manasses,
544 3545 825 3616 episcopus
885 3547 1298 3615 Suessionensis,
1353 3552 1409 3601 in
1451 3547 1640 3600 charta
1686 3546 1840 3611 infra
1868 3548 1907 3604 C
1947 3541 2231 3616 dimensi:
2265 3545 2381 3611 ipse
2419 3542 2573 3616 titulo
2618 3543 2794 3616 operis
2844 3546 2893 3616 et
2938 3544 3045 3610 ﬁne
3069 3543 3440 3616 prmfationis.
3471 3540 3642 3616 ‘Vixit

733 3619 913 3686 posita
939 3631 1070 3686 pug.
1105 3620 1228 3675 625.

215 3707 461 3761 Praeerat
519 3704 805 3774 siquidem
872 3704 948 3759 illi
1025 3705 1368 3759 monasterio
1429 3704 1839 3775 (Navigenlino)

147 3777 387 3832 domnus
418 3775 711 3832 Wibertus
739 3776 935 3841 abbas,
971 3778 1069 3845 qui
1098 3774 1379 3844 sapientia
1424 3774 1481 3830 in
1517 3774 1842 3831 innocentia

150 3862 249 3903 sua
298 3861 400 3903 nos
440 3846 548 3903 sibi
603 3846 767 3901 valde
813 3844 1254 3916 conglutinavit.
1320 3849 1387 3902 Et
1440 3851 1561 3915 post
1614 3860 1838 3916 pauca:

154 3919 328 4043 idemt
360 3918 515 3973 enim
586 3917 768 3973 abbas
836 3915 1100 3988 religioso
1169 3931 1284 3987 quo
1350 3915 1841 3988 pollebat’consi-

175 4003 243 4043 ιο.
276 4003 306 4043 e
331 4002 382 4042 c.

175 4003 243 4054 ιο,
276 4002 382 4043 etc.

219 4085 679 4152 Martyrologium
706 4091 856 4137 vetus
887 4098 988 4137 ms.
1022 4084 1398 4140 Laudunensis
1433 4086 1706 4139 Ecclesia.

228 4173 358 4228 Haec
381 4180 438 4227 et
471 4171 585 4227 alia
641 4172 1078 4241 quamplurima
1130 4174 1199 4228 ad
1233 4182 1343 4229 tam
1377 4174 1625 4229 immane
1662 4173 1849 4229 scelus

168 4243 505 4314 pertinentia
564 4251 914 4299 memoratus
967 4243 1145 4300 abbas
1206 4244 1540 4313 (Guiberlusl
1600 4245 1701 4314 qui
1765 4243 1849 4298 his

168 4314 361 4370 diebus
391 4327 642 4383 praesens
688 4314 906 4380 aderat,
960 4321 1127 4382 plena
1178 4316 1286 4370 Iide
1332 4324 1387 4370 et
1426 4316 1663 4370 veritate
1707 4330 1852 4371 con-

168 4385 399 4454 scripsit.
436 4394 542 4440 etc.
584 4384 796 4438 Videsi's
828 4389 886 4439 in
914 4386 1378 4440 obseruationibus
1406 4403 1538 4455 pag.
1564 4389 1688 4441 652.

171 4483 468 4536 Canonicus
506 4482 883 4536 Lauduncnsis
942 4484 1001 4536 in
1048 4483 1307 4539 Chronico
1350 4498 1476 4552 ms.,
1533 4482 1599 4538 de
1627 4498 1732 4552 quo
1756 4496 1851 4538 nos

724 4556 954 4618 inferius
989 4569 1118 4623 pag.
1156 4555 1277 4607 646.

241 4640 337 4695 llic
367 4639 705 4711 (Galdricus)
745 4640 1231 4711 dumialiquando
1277 4655 1311 4696 a
1357 4641 1712 4698 dedicatione
1755 4656 1855 4697 ec-

173 4711 345 4784 clesiae
392 4710 647 4784 redisset,
687 4719 814 4784 etc.,
856 4710 1107 4784 dicentes
1153 4712 1470 4783 vulgariter
1490 4713 1644 4784 quod
1675 4712 1856 4768 abbas

174 4782 456 4837 Wabertus
485 4781 694 4850 poetice
724 4781 803 4837 sic
822 4781 1109 4851 exposuit,
1141 4789 1247 4838 etc.

174 4880 396 4933 Joannes
424 4878 724 4944 Halgrinus
751 4878 1071 4946 cardinalis,
1107 4877 1173 4932 de
1208 4881 1258 4932 Α
1268 4878 1615 4935 bbulis-villa
1643 4895 1849 4935 nuncu-

236 4952 415 5018 patus,
464 4948 698 5003 Summae
746 4963 844 5002 ms.
906 4965 1068 5018 quam
1121 4957 1365 5004 asservat
1423 4952 1742 5005 bibliotheca
1794 4951 1850 5006 S.

240 5018 521 5073 Michaelis
582 5018 651 5092 de
678 5020 893 5092 alente,
937 5020 1260 5092 _Guibertum
1327 5022 1559 5076 diversis
1619 5023 1859 5092 sparsim

241 5091 363 5143 locis
400 5091 535 5143 citat
565 5089 641 5142 ad
669 5089 808 5144 hunc
827 5089 1043 5145 modum
1064 5108 1082 5144 :

243 5176 544 5235 Guibertus
577 5176 632 5231 in
665 5178 976 5236 Moralibus
1004 5192 1177 5249 super
1205 5178 1487 5247 Genesim,
1514 5186 1621 5236 etc.

480 5275 726 5329 Jacobus
762 5277 1094 5343 Bongarsius
1124 5278 1182 5331 in
1209 5279 1552 5346 praefatione.

243 5371 567 5433 Guibertus,
600 5371 780 5428 abbas
831 5373 1163 5429 monasterii
1211 5374 1273 5429 B.
1315 5374 1501 5430 Mariae
1530 5373 1854 5443 Novigenti,

185 5443 320 5515 quod
349 5442 524 5499 situm
555 5450 640 5499 est
685 5443 794 5499 sub
835 5453 1021 5501 castro
1067 5443 1382 5512 Codiciaco,
1420 5445 1475 5500 in
1525 5442 1852 5517 pagoLau4

1950 3614 2055 3692 illa.
2093 3610 2427 3692 ipsanaetate
2469 3610 2958 3692 cujpsﬂist‘ori‘a‘i‘
2982 3620 3199 3692 partem
3241 3612 3542 3692 describit;
3590 3618 3645 3666 et

1949 3680 2171 3753 scripsit
2215 3683 2515 3747 Balduino,
2543 3680 2737 3738 'fratre
2781 3680 3068 3753 Godelridi
3101 3690 3415 3753 regnante:
3452 3683 3547 3738 lib.
3582 3698 3640 3741 ιι.

1951 3769 2077 3824 cap.
2110 3753 2202 3817 12,
2233 3758 2290 3808 et
2320 3752 2414 3808 lib.
2450 3768 2544 3819 vn,
2595 3767 2717 3822 cap.
2764 3753 2858 3824 21.
2890 3752 3220 3808 Boemundo
3258 3752 3461 3824 marito
3494 3754 3641 3824 Con-

1952 3823 2175 3881 stantize
2207 3824 2355 3895 regis
2388 3824 2737 3895 Francorum
2781 3823 2947 3879 tiliae:
2995 3828 3230 3877 extremo
3261 3823 3351 3895 lib.
3404 3839 3440 3879 ι.
3472 3823 3645 3879 Bien-

1953 3897 2070 3963 nio,
2139 3894 2289 3966 post
2327 3894 2602 3950 Manassis
2662 3895 2970 3951 Remorum
3014 3894 3434 3966 Archiepiscopi
3490 3908 3647 3966 mor-

1953 3974 2102 4022 tem:
2145 3964 2398 4019 ‘emtremo
2446 3966 2539 4019 lib.
2601 3981 2675 4020 vn.
2745 3966 2938 4021 Finem
2999 3965 3294 4035 scriptioni
3377 3964 3647 4035 imposuit

1955 4046 2183 4092 mortuo
2199 4037 2320 4106 jam
2362 4036 2728 4092 Boemundo:
2764 4038 2858 4091 lib.
2892 4038 3017 4098 ιλιι..
3050 4040 3181 4106 cap.’
3204 4036 3291 4091 38.
3326 4035 3492 4091 Anno
3526 4041 3649 4106 post

1955 4104 2213 4163 Gervasii
2240 4106 2453 4178 egregii
2487 4107 2681 4178 militis
2714 4108 3053 4178 martyrium
3080 4122 3091 4161 :
3116 4104 3214 4178 lib.
3242 4107 3383 4178 eod.,
3411 4104 3643 4175 cap.40.

1958 4176 2329 4246 Interpretein
2386 4176 2443 4233 se
2501 4176 2798 4246 profitetur
2854 4177 3054 4232 alienae
3118 4177 3391 4232 historiae:
3446 4177 3539 4230 lib.
3588 4192 3644 4230 ιι.

1957 4264 2079 4318 cup.
2111 4250 2176 4302 10
2204 4256 2260 4303 et
2301 4251 2383 4302 13.
2427 4249 2496 4303 Et
2524 4251 2649 4317 ipsa
2678 4249 2907 4317 epistola
2936 4248 3010 4300 ad
3040 4248 3388 4314 Lysiardum,
3429 4253 3480 4301 et
3511 4261 3646 4315 quae-

1958 4335 2076 4374 eam
2117 4323 2364 4387 sequitur
2409 4320 2771 4387 pre/ctione:
2822 4318 2976 4388 quod
3010 4318 3197 4387 ipsum
3230 4319 3284 4373 in
3314 4318 3509 4373 eodem
3551 4330 3651 4370 ar—

1960 4400 2232 4460 gumento
2280 4389 2494 4460 factum
2551 4389 2793 4460 Roberto
2871 4389 3172 4460 monacho,
3240 4396 3294 4443 et
3347 4388 3647 4442 Baldrico:

1958 4458 2149 4529 supra.
2187 4458 2502 4529 Supplevit,
2537 4467 2600 4514 ut
2627 4467 2682 4515 et
2711 4458 2812 4525 illi,
2864 4474 2996 4529 quae
3050 4459 3315 4529 deerant,
3355 4471 3427 4512 ex
3453 4471 3649 4513 eorum

1962 4527 2061 4609 qui
2109 4527 2373 4609 viderant
2421 4529 2735 4609 relatione:
2773 4527 2975 4609 libi",
3015 4527 3350 4609 cap.n3..lib.
3388 4545 3482 4609 _t_n.
3526 4543 3645 4609 cap.

1967 4598 2051 4660 {3.
2086 4606 2137 4655 et
2165 4600 2258 4654 lib.
2294 4616 2388 4667 vn,
2437 4616 2555 4669 cap.
2604 4601 2691 4667 24,
2739 4605 2791 4654 et
2832 4601 2955 4663 ult.,
2999 4605 3095 4654 etc.
3135 4598 3428 4654 Scribendi
3480 4598 3651 4669 ratib-

1964 4687 2095 4728 nem
2132 4668 2549 4727 subobscuram
2589 4679 2821 4727 secutus
2864 4678 2968 4737 est,
3025 4670 3258 4725 rudium
3302 4676 3358 4724 et
3406 4668 3653 4737 impolite

1963 4742 2250 4799 dictorum
2298 4741 2571 4813 fugitans,
2624 4742 2853 4813 utgipse
2899 4739 3175 4813 loquitur,
3225 4742 3402 4809 princ.
3455 4740 3551 4813 lib.
3598 4754 3651 4813 γ.

1965 4810 2628 4939 ggeiggaamdjgrborum
2672 4810 3015 4884 elegantiam
3059 4818 3242 4878 vocat,
3289 4813 3396 4880 ﬁne
3422 4810 3659 4880 episth

2112 4899 2413 4951 ystaraum.

2033 4950 2219 5010 Nobili
2252 4955 2370 5009 loco
2412 4961 2613 5009 natum
2646 4952 2775 5008 inde
2803 4959 3060 5022 apparet,
3107 4950 3261 5022 quod
3293 4951 3402 5022 lib.
3423 4965 3499 5017 IV,
3532 4965 3654 5022 cap.

1966 5025 2091 5091 ult.,
2125 5024 2411 5080 hominem
2445 5031 2643 5080 narrat
2689 5020 3015 5090 militarem,
3051 5020 3302 5092 equestri
3346 5020 3534 5077 ofﬁcio
3568 5021 3654 5076 in-

1967 5095 2212 5165 signem,
2247 5103 2549 5164 pareutum
2580 5108 2827 5165 suorum
2862 5093 3137 5150 beneficia
3168 5093 3439 5165 tenuisse,
3467 5092 3660 5165 iisque

1968 5162 2291 5221 neminium
2341 5165 2620 5221 debuisse.
2653 5165 2723 5219 Et
2769 5164 2862 5218 lib.
2896 5179 2952 5230 v,
2984 5178 3105 5232 cap.
3153 5164 3244 5232 15,
3276 5162 3563 5223 Guillelmi
3606 5168 3661 5217 et

1965 5232 2208 5290 Alberici
2250 5235 2492 5291 fratrum
2518 5249 2589 5291 ex
2642 5234 2954 5304 municipio
3004 5247 3288 5304 agnomen
3336 5233 3660 5303 exprimere

1966 5306 2306 5377 prohibetur
2355 5306 2554 5375 pudori
2591 5308 2861 5377 ipsorum,
2893 5318 3188 5377 parcens,_
3208 5305 3435 5377 generis
3460 5316 3659 5359 eorum

1966 5374 2152 5433 amica
2186 5377 2277 5433 ille
2303 5374 2799 5447 consanguinitate
2835 5374 3116 5431 devictus.
3152 5374 3661 5447 Ex’primitﬂa‘utem

1966 5447 2122 5519 quod
2154 5447 2246 5506 ille
2276 5443 2585 5517 supprimit
2630 5460 2840 5504 nomen
2883 5446 3202 5513 Baldricus,
3230 5443 3287 5502 et
3322 5443 3663 5502 Guillelmum
