3884 6068
102 205 161 255 2i
1114 202 1323 257 LIBER
1364 201 1504 266 QUO
1537 177 1804 260 ’ORDINE
1846 205 2084 262 SERMO
2126 206 2321 264 FlERI
2365 208 2663 263 uescar.

3579 219 3644 267 2?.

97 335 256 406 piari
294 336 532 392 interno
561 337 1055 408 contemplationis
1104 337 1390 395 subtilitas
1428 339 1547 396 haec
1576 341 1826 408 eiiciens,
1861 347 1902 400 Α
1940 342 2148 399 exinde
2171 343 2426 400 libellum
2472 344 2785 412 edideram,
2837 345 2990 416 quod
3045 345 3150 402 sibi
3180 347 3299 403 ﬁeri
3326 348 3399 403 ad
3428 362 3642 404 sermo-

94 426 230 479 sine
259 425 528 496 perﬁdiae
577 435 682 482 aut
736 427 997 484 falsitatis
1045 427 1284 485 incursu
1329 429 1514 499 potuit
1539 444 1823 486 commen-

96 513 241 568 tari.

172 600 372 656 Porro
409 602 520 658 sub
569 602 885 674 allegoricis
927 603 1191 662 sensibus
1223 620 1339 660 non
1385 620 1570 676 pauca
1617 607 1829 676 pariter

92 687 628 757 addidissem,nisi
663 691 894 748 modum
940 693 1126 763 operis
1182 695 1550 766 praetergredi
1601 695 1830 752 timuis-

90 790 246 831 sem.
311 777 495 833 Plane
546 787 768 848 petente
844 782 1095 851 quodam
1154 783 1338 839 amico
1396 798 1519 839 meo
1577 783 1827 854 primum

94 957 484 965 Μ-

1069 961 1204 968 ο--.

1211 961 1524 970 _————___.—_.

1527 962 1665 970 ἀ’-..ρ

1936 431 2025 487 nis
2055 432 2352 488 materiam
2397 432 2642 489 faciendi
2669 434 2760 490 ille
2808 443 3156 504 poposcerat,
3209 436 3361 492 unde
3390 445 3444 493 et
3497 437 3641 493 laci—

1938 519 2169 575 niosiuri
2221 536 2398 590 quam
2447 529 2651 577 caetera
2725 523 2984 578 oratione
3046 525 3287 579 tractavi
3341 533 3395 580 et
3453 540 3640 596 pauca

1937 607 2184 678 qualiter
2212 609 2331 664 fieri
2374 609 2572 666 debeat
2601 625 2788 666 sermo
2820 611 3134 681 praetexui;
3169 611 3392 682 reliqua
3446 622 3638 670 autem

1938 710 2010 752 ex
2036 710 2234 753 eorum
2268 712 2398 768 quae
2446 713 2726 769 cmperam
2775 698 3128 768 experientia
3159 699 3278 755 sola
3316 716 3415 771 spe
3441 701 3638 758 divina

1940 787 2300 857 praesumpsi.

1473 1111 1520 1158 π
1578 1108 1931 1182 INCIPIT
1985 1110 2268 1184 LIBER

577 1300 874 1418 QUO
949 1303 1494 1409 ORDINE
1565 1305 2047 1410 SERMO
2119 1306 2511 1410 FIEBI
2581 1308 3175 1411 DEBEAT.

171 1647 367 1703 Valde
400 1647 483 1703 illi
528 1647 914 1717 periculosum
965 1654 1049 1704 est
1095 1661 1129 1702 a
1169 1647 1431 1704 doctrina
1481 1661 1701 1704 cessare
1730 1647 1825 1704 cui
1854 1662 1898 1719 Β
1936 1651 2126 1707 animo
2167 1651 2316 1707 bona
2368 1666 2595 1707 versare
2612 1654 2640 1705 ?
2686 1650 2954 1708 Attamen
3003 1659 3140 1708 sunt
3206 1653 3308 1724 qui
3370 1653 3514 1710 bene
3565 1669 3632 1710 ac

101 1737 371 1792 ofﬁcium
406 1736 649 1806 pertinet
697 1736 1084 1806 praedicandi;
1119 1736 1265 1792 sicut
1297 1736 1451 1793 enim
1498 1737 1823 1794 damnabile

100 1832 184 1880 est
226 1825 507 1895 exempla
560 1826 859 1894 pravitatis
905 1825 1222 1893 ostendere,
1265 1825 1344 1880 ita
1385 1825 1553 1881 etiam
1589 1825 1823 1882 damna-

103 1913 246 1968 tioni
283 1914 624 1983 proximum
656 1928 777 1969 esse
804 1922 1024 1970 constat
1053 1929 1184 1970 eum
1221 1914 1320 1984 qui
1374 1921 1670 1992 peccantes
1707 1930 1822 1971 non

102 2002 230 2057 vult
262 2002 525 2058 docendo
550 2016 776 2058 sanare.

173 2090 330 2146 Sunt
361 2098 559 2146 autem
603 2105 780 2160 super
811 2091 917 2147 hac
965 2105 1024 2146 re
1069 2091 1312 2147 diversze
1343 2091 1644 2147 hominum
1670 2105 1820 2161 quo-

108 2179 383 2234 rumdam
427 2179 792 2235 intentiones.
843 2179 1040 2250 Aliqui
1087 2180 1238 2236 enim
1288 2179 1346 2235 id
1393 2180 1576 2236 facere
1618 2180 1821 2237 nolunt

111 2268 244 2322 victi
299 2268 592 2338 superbia,
639 2267 735 2324 alii
775 2267 1016 2336 fastidio,
1063 2268 1158 2324 alii
1209 2268 1444 2324 invidia.
1499 2269 1816 2338 Respuunt,

113 2357 378 2426 inquam,
434 2356 745 2426 praedicare
801 2372 916 2427 prae
965 2357 1256 2428 superbia,
1327 2365 1381 2413 et
1434 2358 1590 2427 quod
1653 2357 1818 2413 multi

113 2445 436 2500 ambienter
467 2445 652 2500 facere
694 2444 966 2516 gestiunt,
999 2453 1053 2501 et
1080 2460 1182 2514 pro
1211 2445 1330 2500 sola
1366 2445 1680 2517 jactantia:
1714 2446 1819 2502 hoc

114 2534 199 2589 isti
229 2549 302 2590 ne
332 2533 807 2591 sermocinatores
853 2541 1149 2600 vocentur,
1183 2535 1337 2604 quod
1387 2534 1596 2589 infame
1636 2549 1833 2606 genus.

114 2622 422 2678 hominum
451 2637 571 2678 esse
601 2622 761 2687 solet,
791 2623 927 2693 quia
961 2636 1063 2693 pro
1095 2636 1200 2678 suo
1230 2629 1431 2678 ventre
1473 2621 1812 2690 loquuntur,

117 2711 266 2767 unde
296 2725 331 2766 a
384 2711 657 2782 Gregorio
706 2711 1060 2767 Nazianzeno
1091 2712 1348 2780 (Apolog.
1382 2718 1528 2766 orat.
1566 2714 1614 2779 l;
1645 2724 1657 2763 :
1695 2725 1818 2764 ven-

118 2802 343 2869 triloqui
371 2801 734 2868 appellantur,
765 2815 835 2855 ex
858 2808 990 2870 typo
1009 2799 1184 2855 nimio
1211 2800 1618 2871 dedignantur.

183 2889 342 2944 Inter
382 2903 528 2958 quos
557 2888 605 2943 si
647 2889 995 2958 comparatio
1043 2889 1159 2956 fiat,
1203 2888 1386 2944 multo
1426 2887 1620 2943 utilior
1651 2888 1814 2944 inve-

1931 1740 2290 1797 continenter
2328 1740 2550 1807 vivunt,
2579 1741 2675 1796 sed
2708 1741 2846 1810 quia
2886 1741 3225 1810 pastoralem
3263 1757 3377 1798 non
3418 1743 3631 1799 habent

1932 1825 1990 1882 in
2019 1826 2268 1883 Ecclesia
2301 1827 2507 1897 locum,
2536 1828 2821 1884 aestimant
2849 1844 2906 1885 se
2946 1843 3060 1885 non
3102 1829 3306 1886 debere
3354 1831 3630 1886 fratribus

1927 1924 2139 1970 sancta:
2174 1916 2592 1985 praedicationis
2622 1918 2904 1987 verbum;
2935 1918 3087 1988 quod
3113 1919 3276 1974 valde
3305 1919 3626 1975 absurdum

1929 2011 2039 2059 est:
2091 2004 2139 2059 si
2175 2005 2330 2060 enim
2371 2018 2468 2075 per
2515 2005 2823 2077 subjugale
2870 2013 3115 2068 mutum,
3165 2006 3220 2062 id
3267 2015 3350 2062 est
3381 2022 3482 2077 per
3509 2007 3626 2063 asi—

1930 2105 2084 2154 nam,
2111 2093 2283 2162 juxta
2323 2092 2464 2148 illud
2522 2093 2669 2149 beati
2720 2094 2866 2150 Petri
2898 2095 2975 2163 (If
3025 2095 3173 2149 Petr.
3229 2109 3287 2163 ιι,
3332 2096 3442 2163 16),
3477 2096 3629 2152 Deus

1928 2180 2136 2249 corripi
2171 2180 2355 2236 voluit
2404 2181 2692 2251 prophetae
2735 2181 3138 2252 insipientiam,
3169 2197 3342 2253 quam
3377 2184 3624 2239 multum

1919 2270 1982 2323 ‘et
2031 2283 2172 2338 pene
2209 2269 2429 2339 absque
2489 2271 2916 2338 comparatione
2960 2269 3189 2340 dignior
3231 2279 3315 2327 est
3363 2271 3621 2327 humana

1927 2365 2138 2413 natura
2166 2358 2238 2413 ad
2272 2357 2594 2414 docendum
2639 2365 2694 2414 et
2725 2358 2977 2414 dandam
3024 2372 3175 2430 cozeq
3189 2359 3419 2416 nalibus
3446 2360 3624 2416 disci-

1927 2445 2140 2515 plinam
2163 2445 2190 2500 ‘?

1997 2535 2330 2605 Loquamur
2369 2533 2564 2604 itaque
2603 2533 2942 2605 quicunque
2993 2548 3168 2591 sacra;
3218 2536 3439 2608 paginae
3469 2537 3622 2593 noti-

1925 2622 2063 2678 tiam
2119 2622 2311 2693 adepti
2363 2637 2590 2690 sumus,
2649 2623 2797 2679 sicut
2843 2637 2914 2679 ex
2962 2624 3095 2692 Deo,
3152 2624 3260 2681 hoc
3301 2633 3384 2681 est
3443 2625 3622 2681 Deum

1926 2712 2098 2768 totius
2127 2711 2304 2768 nostri
2361 2719 2637 2768 tractatus
2685 2712 2960 2768 habentes
3007 2712 3307 2785 originem,
3338 2721 3392 2770 et
3429 2728 3621 2770 coram

1924 2801 2036 2856 Deo
2072 2800 2217 2856 nulli
2261 2809 2466 2870 praeter
2499 2802 2610 2856 Deo
2661 2801 2764 2857 soli
2796 2816 2870 2857 ex
2920 2802 3129 2858 nostris
3180 2802 3460 2858 sermonis
3485 2817 3616 2859 con-

1925 2889 2174 2946 textione
2221 2889 2440 2959 placere
2485 2896 2826 2960 quaerentes.
2889 2890 2943 2945 Si
3007 2890 3158 2946 enim
3213 2891 3498 2962 quidquid
3547 2893 3618 2947 ad

117 2978 273 3032 nitur
305 2978 410 3047 qui
450 2977 557 3032 sibi
598 2977 696 3033 soli
731 2978 941 3032 noxius
967 2979 1251 3048 jactanter
1277 2963 1565 3047 praedicat,
1599 2985 1654 3033 et
1686 2977 1813 3033 aliis
1844 2971 1881 3026 C
1920 2978 2376 3034 exhortationem
2421 2978 2664 3048 pertinet
2702 2979 3052 3045 animarum,
3104 2994 3216 3036 non
3251 2979 3408 3036 aliud
3453 2980 3618 3036 debet

117 3066 328 3134 quibus
352 3067 717 3121 instruantur
736 3065 1081 3122 documenta
1102 3066 1408 3133 ministrat,
1442 3080 1618 3135 quam
1645 3065 1690 3120 is
1711 3066 1812 3136 qui

118 3154 267 3223 quod
299 3154 568 3223 intelligit
601 3154 812 3211 utiliter
851 3153 1071 3211 tumide
1109 3154 1271 3221 celat,
1322 3168 1426 3210 nec
1468 3154 1575 3210 sibi
1625 3154 1814 3210 bonus

119 3251 215 3310 est,
247 3257 356 3298 nec
386 3242 527 3297 alios
548 3242 737 3313 juvat.

186 3330 414 3386 Invidia
440 3331 679 3401 quidam
710 3330 1014 3401 dupliciter
1040 3345 1073 3386 a
1098 3344 1262 3386 sacra
1292 3330 1693 3400 praedicatione
1725 3343 1809 3386 re-

118 3419 446 3486 trahuntur,
500 3419 639 3488 quia
688 3419 929 3475 aliorum
966 3419 1127 3475 bonis
1167 3419 1426 3474 moribus
1472 3419 1808 3484 invidentes,

120 3507 262 3562 unde
295 3507 672 3563 meliorentur
704 3508 890 3563 dicere
922 3508 1145 3572 nolunt,
1171 3507 1597 3577 Scripturarum
1639 3506 1809 3562 etiam

120 3596 410 3651 scientiam
439 3609 616 3665 quam
648 3596 879 3659 habent,
917 3611 975 3651 se
1026 3597 1235 3652 habere
1273 3596 1656 3662 dissimulant,
1708 3610 1812 3651 nec

121 3683 390 3740 disserere
439 3698 540 3739 eas
584 3684 770 3740 avidis
834 3692 888 3740 et
938 3684 1394 3755 intelligibilibus
1447 3684 1810 3740 auditoribus

121 3782 338 3838 curant,
383 3779 644 3828 verentes
689 3787 761 3828 ne
815 3787 921 3829 sua
969 3773 1227 3830 doctrina
1263 3772 1317 3828 in
1366 3780 1591 3829 tantum
1638 3773 1806 3844 profl-

121 3861 285 3926 ciant,
331 3869 394 3916 ut
438 3861 546 3916 sibi
595 3861 861 3918 discendo
899 3863 1187 3934 coaequari
1233 3862 1480 3930 valeant,
1529 3869 1631 3919 aut
1671 3862 1810 3919 forte

125 3949 458 4018 przecedant.

186 4039 280 4094 Est
310 4047 364 4094 et
393 4039 597 4095 tertius
641 4038 872 4094 invidiae
919 4039 1140 4107 modus,
1176 4053 1291 4109 quo
1333 4040 1472 4096 dum
1503 4039 1632 4095 aliis
1667 4040 1808 4096 bene

125 4127 502 4194 praedicationi
549 4121 942 4183 insistentibus
990 4127 1243 4182 invidere
1268 4127 1554 4198 quispiam
1587 4127 1804 4198 incipit,

124 4216 408 4272 ardentius
438 4217 508 4271 ad
559 4216 909 4287 loquendum
958 4230 1017 4272 se
1059 4216 1334 4283 accendit,
1375 4217 1802 4286 Scripturarnm

126 4305 488 4360 obscuritates
515 4305 796 4372 enucleat,
843 4305 956 4360 alia
997 4305 1266 4376 quaelibet
1290 4312 1345 4361 et
1376 4305 1567 4362 minus
1598 4305 1804 4362 usitata

124 4393 365 4464 exponit,
406 4407 730 4464 gravesque
780 4393 1090 4448 sententias
1141 4393 1448 4465 depingere
1494 4393 1804 4464 composito

127 4495 370 4536 sermone
418 4480 731 4544 contendit,
779 4494 894 4535 non
943 4489 1008 4536 ut
1045 4481 1116 4535 ad
1177 4481 1321 4537 bene
1355 4481 1643 4552 agendum
1692 4495 1804 4536 au-

128 4569 330 4623 dientes
358 4567 620 4634 aeditieet,
652 4568 748 4623 sed
780 4576 838 4624 ut
890 4569 1142 4640 gloriolae
1174 4569 1418 4639 cupidus
1446 4569 1590 4626 scire
1632 4585 1805 4640 super

127 4657 254 4712 alios
271 4670 437 4711 suum
471 4656 837 4714 demonstret.
888 4657 992 4713 Sed
1026 4658 1153 4714 licet
1202 4659 1351 4714 bona
1382 4659 1528 4715 male
1571 4659 1804 4729 dispen-

127 4753 216 4812 set,
244 4753 295 4800 et
346 4744 594 4814 seipsum
626 4744 765 4801 alios
806 4747 1117 4817 quaerendo
1167 4747 1383 4817 perdat,
1433 4755 1623 4804 tamen
1667 4762 1807 4818 quo-

130 4848 342 4904 cunque
381 4841 544 4904 pacto
577 4832 840 4890 Christus
887 4836 1269 4892 annuntietur
1312 4835 1682 4906 gaudendum
1722 4844 1804 4893 est

133 4921 354 4991 (Philip.
405 4936 444 4988 1,
505 4924 608 4990 18),
674 4929 727 4978 et
781 4937 948 4978 nemo
1003 4937 1140 4979 sane
1187 4924 1256 4979 de
1305 4924 1433 4980 fidei
1481 4924 1654 4980 verbo
1688 4933 1806 4982 tra-

130 5019 274 5066 ctans
298 5009 666 5082 rejieiendns,
719 5012 859 5082 quia
888 5012 947 5067 in
992 5011 1188 5069 multis
1220 5013 1378 5069 utilis
1407 5020 1489 5069 est
1519 5027 1806 5069 mercena-

134 5099 256 5155 rius.

194 5187 514 5244 Suntetiam
544 5187 648 5259 qui
679 5187 826 5243 bona
847 5187 1003 5258 loqui
1037 5187 1356 5256 fastidiunt,
1381 5201 1632 5259 quorum
1663 5188 1802 5245 dum

138 5277 199 5331 ab
247 5277 396 5333 omni
430 5278 522 5347 pia
549 5278 773 5332 actione
813 5291 1021 5334 manus
1040 5283 1238 5340 cessat,
1262 5291 1376 5333 non
1407 5285 1492 5334 est
1522 5277 1736 5334 mirum
1757 5278 1802 5334 si

136 5379 164 5418 a
189 5373 381 5420 sancta:
408 5364 716 5421 locutionis
745 5365 933 5420 studio
963 5365 1162 5435 lingua
1191 5373 1491 5435 torpescat.
1518 5365 1624 5432 Qui
1650 5366 1802 5422 enim

139 5454 205 5509 nil
229 5453 349 5509 boni
382 5455 649 5523 proponit
680 5467 873 5521 agere,
921 5452 1093 5520 unde,
1128 5467 1341 5523 quaeso,
1392 5453 1495 5510 diu
1525 5455 1712 5510 valeat
1745 5454 1802 5510 in

1921 3080 2121 3122 sonare
2153 3081 2329 3136 quam
2359 3067 2559 3133 Deum,
2592 3067 2680 3122 vel
2716 3066 2950 3123 aliunde
2989 3083 3163 3137 quam
3193 3082 3265 3123 ex
3302 3068 3419 3138 ipso
3449 3069 3617 3140 quasi

1920 3169 1991 3211 ex
2025 3155 2256 3225 proprio
2314 3170 2417 3210 suo
2465 3154 2618 3210 fonte
2669 3155 2915 3226 prodire,
2965 3155 3104 3226 quid
3157 3156 3439 3228 sacrilegii
3483 3157 3616 3213 facit

1921 3238 2021 3311 qui
2070 3240 2137 3295 de
2177 3239 2386 3295 divinis
2426 3240 2598 3296 rebus
2646 3241 2704 3295 in
2757 3241 2975 3310 quibus
3008 3241 3106 3296 Dei
3153 3241 3272 3296 sola
3303 3243 3614 3312 quaerenda

1921 3328 2047 3384 laus
2077 3336 2179 3397 est,
2222 3343 2388 3384 suam
2437 3329 2734 3398 praesumit
2777 3331 3082 3400 quaerere?
3118 3329 3169 3386 Si
3206 3329 3428 3385 furtum
3468 3330 3614 3386 inter

1921 3417 2179 3473 humana
2222 3416 2449 3488 negotia
2497 3417 2996 3487 probrosissimum
3039 3426 3141 3486 est,
3188 3418 3329 3488 quid
3359 3419 3613 3474 criminis

1918 3521 2039 3562 esse
2069 3514 2340 3577 putamus
2370 3520 2477 3562 sua
2532 3507 2871 3562 subtrahere
2912 3508 3025 3563 Deo
3071 3515 3125 3563 et
3157 3506 3261 3562 sibi
3294 3499 3612 3578 arrogare?

1991 3594 2309 3665 Fugiamus
2327 3593 2499 3650 etiam
2521 3594 2921 3649 connumerari
2955 3593 3184 3649 duobus
3212 3593 3319 3649 illis
3357 3593 3612 3663 pessimis

1916 3690 1968 3739 et
2021 3680 2537 3747 inordinatissimis,
2585 3688 2649 3736 ut
2696 3681 2775 3736 sie
2841 3681 3046 3744 dicam,
3089 3681 3410 3747 ordinibus,
3465 3696 3612 3751 quos

1918 3770 1977 3826 in
2009 3769 2263 3826 Ecclesia
2317 3783 2431 3825 non
2472 3768 2750 3824 habemus
2789 3775 2853 3824 ut
2899 3768 3118 3836 fratres,
3161 3768 3256 3824 sed
3300 3767 3611 3824 toleramus

1918 3866 1982 3916 ut
2021 3859 2226 3926 hostes,
2277 3871 2527 3929 quorum
2575 3857 2718 3914 alter
2750 3864 2834 3914 est
2866 3857 3014 3913 male
3060 3857 3410 3925 facientium,
3467 3857 3612 3913 alter

1915 3961 2052 4003 vero
2077 3947 2221 4004 bene
2250 3946 2433 4002 facere
2467 3945 2804 4002 nolentium.
2841 3945 2910 4002 Hi
2931 3945 3311 4017 designantur
3338 3959 3438 4016 per
3465 3946 3612 4002 duos

1915 4035 2077 4092 Judze
2111 4035 2272 4102 filios,
2306 4037 2416 4091 Her
2461 4042 2515 4091 et
2551 4035 2734 4103 Onan,
2792 4049 3043 4105 quorum
3095 4034 3314 4105 primus
3358 4049 3607 4106 nequam

1918 4124 1974 4179 in
2005 4131 2311 4194 conspectu
2365 4123 2606 4191 Domini,
2663 4132 2717 4180 et
2772 4123 2845 4179 ab
2901 4124 3021 4193 ipso
3073 4138 3393 4193 percussus,
3429 4123 3606 4178 vitam

1919 4212 2253 4284 iniquorum
2301 4213 2458 4284 quia
2503 4213 2617 4268 Deo
2666 4226 2766 4282 pro
2796 4212 3105 4268 sceleribus
3141 4213 3486 4283 puniuntur,
3521 4212 3610 4268 de-

1918 4302 2476 4373 signat;secundus,
2535 4301 2633 4371 qui
2682 4315 2874 4356 semen
2931 4301 3123 4357 fratris
3169 4301 3399 4357 nomine
3429 4300 3606 4357 susci-

1917 4398 2035 4448 tare
2065 4391 2269 4458 noluit,
2314 4397 2369 4446 et
2429 4389 2708 4446 divinitus
2763 4389 3013 4445 interimi
3056 4390 3284 4457 meruit,
3347 4403 3441 4445 eos
3507 4390 3606 4459 qui

1913 4479 2073 4535 verbi
2114 4479 2210 4535 Dei
2249 4479 2463 4535 semine
2503 4478 2562 4534 in
2609 4479 2878 4534 cordibus
2927 4477 3180 4534 fidelium
3214 4479 3285 4534 ad
3336 4478 3606 4534 honorem

1914 4568 2122 4624 Christi
2188 4567 2440 4643 fructum
2493 4567 2624 4623 boni
2695 4568 2882 4637 operis
2949 4580 3246 4637 procreare
3302 4575 3603 4636 respuunt,

1913 4656 2218 4726 significat,
2274 4656 2374 4727 qui
2413 4671 2528 4711 non
2577 4656 2771 4711 minus
2817 4655 3172 4712 damnationi
3219 4655 3607 4712 succumbunt

1914 4758 2088 4815 quam
2127 4745 2184 4800 hi
2215 4747 2316 4816 qui
2348 4745 2500 4800 mala
2529 4746 2650 4815 ipsa
2674 4745 2948 4801 efficiunt.

1983 4833 2124 4890 Nam
2158 4835 2224 4902 si,
2248 4835 2419 4905 juxta
2461 4835 2690 4891 beatum
2722 4821 3092 4890 Ambrosium
3124 4834 3232 4902 (De
3260 4834 3402 4901 ofﬁc.
3433 4832 3531 4888 lib.
3565 4848 3604 4899 ι,

1912 4936 2038 4993 cap.
2091 4924 2200 4993 36),
2235 4923 2335 4994 qui
2367 4938 2481 4979 non
2512 4923 2732 4994 repellit
2762 4937 2796 4978 a
2842 4923 2991 4979 socio
3023 4921 3293 4993 injuriam
3325 4919 3369 4976 si
3401 4928 3605 4992 potest,

1912 5016 2072 5066 tanto
2116 5019 2200 5067 est
2239 5011 2297 5066 in
2341 5011 2476 5067 vitio
2523 5025 2697 5082 quam
2745 5011 2836 5068 ille
2887 5010 2990 5082 qui
3036 5008 3183 5077 fecit,
3235 5008 3374 5079 quid
3422 5009 3608 5065 obstat

1912 5098 2100 5156 dicere
2141 5099 2294 5171 quod
2340 5100 2583 5157 similem
2631 5114 2864 5171 prorsus
2917 5105 3142 5155 reatum
3191 5097 3452 5155 incurrat
3505 5099 3606 5169 qui

1913 5197 2238 5258 peccantem
2289 5189 2549 5257 attendit,
2614 5197 2668 5244 et
2731 5188 3016 5259 corrigere
3097 5190 3376 5245 recusat?
3430 5189 3608 5244 Juxta

1914 5279 2248 5348 Apostolum
2277 5292 2416 5334 sane
2450 5293 2563 5334 non
2606 5276 2790 5332 solum
2824 5277 2926 5347 qui
2978 5276 3222 5346 faciunt,
3268 5277 3364 5333 sed
3407 5285 3462 5333 et
3503 5275 3606 5346 “qui

1912 5366 2255 5423 facientibus
2284 5366 2670 5432 consentiunt,
2708 5363 2870 5436 digni
2900 5373 3078 5423 morte
3122 5365 3399 5423 dicuntur
3427 5366 3604 5438 (Rom.

1916 5471 1954 5520 ι,
1988 5456 2097 5522 32).
3575 5465 3579 5470 '
