3874 6048
182 138 285 217 ’πε
1110 160 1173 215 v.
1214 160 1547 217 GUIBERTI
1584 158 1880 216 ABBATIS
1927 158 1983 216 s.
2031 157 2267 214 manus
2296 156 2395 214 nn
2444 155 2835 244 novresnro

289 293 444 351 Licet
470 306 610 365 ergo
638 307 755 348 non
802 290 875 357 sit
909 291 1233 363 episcopus,
1269 298 1369 347 aut
1395 290 1593 358 abbas,
1626 303 1728 345 seu
1760 302 1905 359 qua-
1937 289 1983 343 Α

218 382 356 440 libet
384 388 655 451 potestate
693 380 1045 451 praemineat,
1096 389 1229 450 agat
1263 387 1451 434 tamen
1481 378 1652 449 juxta
1685 378 1915 434 beatum

221 471 614 543 Augustinum
646 484 744 539 pro
776 484 1016 540 persona
1041 475 1087 523 3
1108 482 1283 538 quam
1316 475 1520 537 portat.
1558 466 1919 523 Christianus

219 568 337 630 est;
371 560 417 615 si
450 556 770 616 Christiane
810 558 1003 614 vivere
1057 558 1199 623 vult,
1260 557 1409 612 sicut
1451 557 1505 611 in
1535 570 1614 623 se,
1658 555 1736 610 ita
1767 570 1919 625 quo-

222 661 336 717 que
366 646 422 701 in
446 646 570 701 aliis
595 643 983 699 Christianum
1021 657 1229 699 nomen
1271 642 1559 698 clariﬁcet.

295 734 359 788 In
394 732 829 789 Deuteronomio
858 732 1029 787 etiam
1069 732 1147 786 ita
1180 730 1388 803 legitur
1419 736 1597 799 (χχιιι,
1639 730 1725 799 3);
1759 729 1920 787 Moa-

224 822 366 878 bites
415 829 472 877 et
511 819 868 876 Ammanites
903 817 1304 892 [Ammonites]
1352 834 1467 875 non
1519 818 1821 874 intrabunt
1865 817 1920 872 in

223 906 531 964 Ecclesiam
563 906 788 962 Domini
818 906 990 961 etiam
1022 912 1146 976 post
1182 906 1462 962 decimam
1498 905 1923 976 generationem

228 1010 412 1065 usque
445 996 499 1050 in
528 1003 832 1074 aeternum.
869 995 938 1050 Et
980 994 1050 1049 de
1079 994 1326 1064 singulis
1356 1007 1564 1049 causas
1593 991 1921 1063 subjiciens,

225 1085 294 1141 de
324 1084 568 1140 Moabite
596 1083 830 1152 quidem
880 1083 978 1150 ait,
1011 1082 1150 1153 quia
1197 1081 1471 1138 Israelitis
1512 1095 1644 1137 cum
1697 1095 1842 1151 pane
1873 1088 1926 1136 et

226 1187 383 1244 aqua
429 1174 669 1243 egressis
702 1186 775 1227 ex
822 1172 1068 1242 zEgypto
1117 1186 1233 1226 non
1274 1170 1591 1234 occurrerit
1624 1185 1639 1238 ;
1672 1170 1741 1225 de
1783 1170 1927 1224 Am-

227 1262 439 1317 manite
463 1275 616 1327 vero,
641 1261 783 1331 quia
802 1260 1033 1315 Balaam
1064 1259 1447 1315 hariolumad
1468 1257 1929 1314 maledicendum

226 1350 437 1406 eisdem
467 1349 811 1405 conduxerit
842 1347 1001 1414 (ibid.
1034 1363 1089 1415 v,
1120 1348 1199 1413 4).
1708 1390 1713 1391 κ

299 1437 445 1505 Quid
494 1450 592 1507 per
654 1436 957 1493 Moabitem
1016 1443 1071 1492 et
1122 1433 1532 1503 Ammanitem,
1581 1433 1693 1490 nisi
1750 1447 1931 1504 supra

230 1533 609 1583 memoratum
638 1524 853 1595 duplex
883 1524 1183 1580 hominum
1206 1538 1408 1594 genus,
1434 1522 1646 1579 scilicet
1667 1522 1932 1592 prodesse

3666 156 3753 210 24

2093 288 2217 359 Ipse
2248 291 2332 345 est
2386 286 2632 358 Spiritus
2678 286 2800 359 qui,
2841 300 2975 344 cum
3026 285 3097 342 sit
3144 287 3349 354 bonus,
3408 285 3570 349 docet
3627 297 3753 340 nos

2026 377 2379 447 bonitatem;
2437 378 2493 432 in
2539 377 2687 433 bono
2727 375 2940 432 scilicet
2980 389 3048 431 ac
3094 374 3339 444 simplici
3385 389 3487 429 nos
3514 372 3752 429 affectu

2025 467 2338 529 constituit.
2374 474 2429 522 et
2477 467 2556 522 sic
2612 481 2715 522 nos
2765 464 2969 520 deinde
3025 463 3380 533 disciplinam
3432 463 3618 527 docet,
3675 468 3751 517 ut

2025 570 2139 610 non
2170 555 2494 627 fatigemur,
2526 570 2656 610 cum
2681 570 2714 607 a
2748 555 2860 609 Deo
2905 553 3227 624 arguimur,
3283 551 3416 623 qaia
3470 565 3606 606 cum
3663 549 3752 604 ab

2030 644 2527 715 ipsojudicauiur,
2569 643 2845 712 (λιιι-,ινιξο
2895 646 2999 707 est.
3062 651 3123 697 ut
3170 648 3287 697 non
3334 655 3467 696 cum
3510 638 3752 699 mundo

2029 733 2409 803 damnemur;
2440 741 2495 789 et
2540 747 2639 803 per
2684 733 2789 787 hoc
2838 730 3020 787 multa
3062 730 3183 801 jam
3230 729 3467 787 scientia
3502 737 3555 784 et
3610 728 3751 782 dis-

2030 822 2206 878 cretio
2267 822 2610 893 acquiritur,
2667 829 2733 877 ut
2791 818 3042 876 sciamus
3112 819 3449 888 temporales
3513 815 3753 888 glorias

2031 917 2274 965 aeternos
2311 909 2597 979 subsequi
2656 908 2867 974 luctus,
2930 915 2985 964 et
3040 907 3269 978 ﬂagella
3330 913 3751 961 momentanea

2034 998 2198 1054 bonis
2243 998 2593 1067 compensari
2639 997 3005 1067 perennibus.
3077 995 3349 1065 Spiritum
3409 992 3747 1062 disciplinae

2034 1100 2150 1142 non
2182 1086 2512 1142 habuerunt
2560 1086 2808 1141 Herodes
2836 1092 2891 1141 et
2929 1084 3260 1149 Antiochus,
3301 1082 3403 1153 qui
3440 1078 3746 1151 spirituati

2035 1189 2130 1231 eos
2160 1176 2216 1229 in
2259 1175 2455 1244 aliquo
2499 1188 2692 1230 amore
2745 1174 2892 1230 inter
2935 1173 3162 1243 ﬂagella
3198 1170 3466 1241 tetigerit,
3521 1177 3629 1225 aut
3668 1168 3750 1224 de

2036 1265 2150 1320 Deo
2179 1278 2274 1320 eos
2306 1264 2526 1334 aliquid
2566 1264 2729 1334 (quia
2766 1277 2800 1318 a
2844 1262 3113 1317 discendo
3158 1260 3461 1330 disciplina
3497 1259 3746 1322 dicitur)
3785 1301 3791 1305 .

2034 1353 2252 1408 discere
2312 1351 2524 1417 fecerit,
2589 1351 2686 1406 sed
2743 1350 2957 1419 duplici
3022 1349 3360 1410 contritione
3412 1349 3503 1404 hic
3556 1354 3615 1403 et
3677 1346 3747 1402 in

2037 1439 2232 1497 futuro
2248 1439 2620 1496 conterendos
2648 1437 2708 1493 in
2737 1452 2842 1495 sua
2873 1437 3255 1493 obstinatione
3284 1436 3514 1492 dimisit.

2113 1527 2243 1582 Haec
2309 1540 2410 1596 per
2459 1540 2760 1583 excessum
2834 1525 3109 1592 diximus,
3168 1533 3231 1582 ut
3288 1523 3751 1594 discrepantiam

231 1613 569 1681 nolentium,
600 1619 655 1668 et
687 1586 832 1668 male
852 1610 1148 1684 agentium
1166 1586 1327 1668 εἰνὶ]ῠὶ
1364 1586 1518 1667 enim
1547 1586 1760 1666 dicitur
1792 1609 1933 1680 quia
1962 1586 2003 1642 Β
2040 1615 2187 1671 inter
2216 1586 2394 1671 bonos
2420 1622 2476 1671 et
2504 1614 2684 1671 malos
2730 1614 2788 1669 in
2840 1613 2961 1670 solo
3016 1586 3243 1670 tantum
3300 1586 3494 1671 animi.
3534 1611 3755 1669 habitu

231 1717 366 1759 cum
413 1715 561 1773 pane
597 1708 653 1757 et
698 1715 855 1772 aqua
900 1715 1017 1756 non
1062 1699 1400 1767 occurrerit,
1444 1699 1735 1769 culpatur,
1793 1697 1933 1768 quia

233 1791 496 1862 prodesse
541 1790 811 1846 noluerit.
856 1789 962 1847 Ubi
999 1795 1191 1845 autem
1249 1788 1463 1844 dicitur
1506 1787 1646 1858 quia
1700 1786 1933 1843 Balaam

233 1879 512 1935 adversus
551 1877 725 1934 Israel
759 1877 1120 1942 conduxerit,
1167 1875 1436 1946 arguitur
1464 1875 1604 1946 quia
1652 1873 1930 1929 nocuerit.

237 1968 304 2023 Hi
337 1982 453 2023 non
483 1966 704 2022 intrant
744 1965 803 2021 in
834 1965 1146 2022 Ecclesiam
1192 1964 1313 2032 Dei,
1342 1963 1482 2034 quia
1512 1961 1735 2033 corpori
1765 1961 1934 2019 Chri—

236 2055 330 2124 sti,
397 2055 553 2132 quod
606 2061 690 2110 est
753 2053 1027 2119 Ecclesia,
1092 2064 1395 2121 nunquam
1445 2050 1758 2115 sociantur,
1819 2062 1932 2103 non

237 2142 424 2200 solum
454 2143 557 2214 qui
586 2142 644 2198 in
676 2141 842 2198 malis
894 2139 1166 2211 operibus
1193 2146 1557 2205 exercentur,
1616 2136 1708 2193 sed
1762 2136 1933 2192 etiam

238 2232 338 2304 qui
367 2231 764 2302 spiritualibus
812 2229 1000 2301 epulis
1029 2242 1096 2284 ac
1139 2227 1357 2298 poculis
1395 2225 1534 2282 alios
1581 2239 1811 2297 pascere
1848 2223 1933 2294 pi-

241 2322 553 2399 gritantur.

310 2408 475 2465 Absit
503 2407 657 2464 enim
688 2413 751 2463 ut
783 2405 841 2461 in
883 2412 1042 2463 tanto
1071 2418 1328 2475 corpore,
1362 2418 1479 2459 non
1527 2403 1652 2458 dico
1679 2401 1938 2459 membra

244 2505 490 2563 mortua,
523 2494 620 2551 sed
649 2494 849 2550 saltem
882 2490 1123 2548 minima
1149 2491 1371 2563 ungula
1396 2490 1616 2547 inutilis
1635 2497 1736 2545 aut
1760 2489 1939 2546 otiosa

243 2585 548 2643 habeatur.
586 2582 740 2638 Licet
761 2589 955 2636 autem
1002 2579 1282 2636 decimam
1331 2577 1755 2649 generationem
1801 2578 1939 2633 atti-

242 2672 447 2744 gerint,
500 2669 557 2726 id
603 2676 688 2725 est
736 2668 795 2724 in
846 2667 1132 2738 baptismo
1187 2667 1483 2722 Trinitatis
1529 2666 1694 2721 ﬁdem
1745 2679 1805 2721 se
1848 2665 1942 2720 ha-

245 2760 465 2816 bituros
520 2755 962 2829 spoponderint;
1019 2764 1074 2813 et
1130 2754 1472 2824 septiformis
1528 2753 1773 2824 Spiritus
1830 2753 1939 2809 sub

2040 1711 2511 1760 monstraremus.
2543 1704 2599 1758 Is
2625 1702 2857 1759 habitus
2885 1702 3025 1757 nihil
3057 1709 3141 1757 est
3172 1702 3331 1758 aliud
3365 1715 3542 1772 quam
3590 1700 3759 1756 bona

2040 1790 2325 1855 voluntas,
2373 1797 2429 1845 et
2475 1789 2603 1860 pius
2651 1788 2909 1855 aﬂectus,
2963 1789 3324 1859 simplexque
3368 1786 3753 1850 conscientia,

2040 1893 2158 1949 qua
2208 1878 2351 1943 nihil
2398 1878 2617 1934 felicius
2662 1892 2784 1934 esse
2833 1878 3140 1934 Christiani
3192 1878 3435 1934 docuere
3482 1885 3764 1932 auctores

2041 1967 2311 2037 (AMBROS.
2344 1970 2403 2021 in
2431 1968 2572 2036 psal.
2622 1981 2820 2032 xxvnt,
2868 1983 2922 2020 υ.
2967 1966 3023 2033 1,
3056 1974 3112 2022 et
3161 1965 3257 2021 lib.
3300 1982 3359 2038 ιι,
3409 1963 3513 2033 Off.
3561 1978 3612 2019 c.
3670 1963 3759 2033 1).

2040 2057 2108 2112 In
2142 2056 2267 2121 hoc,
2300 2055 2348 2110 si
2376 2055 2666 2122 volumus,
2700 2069 2734 2110 a
2765 2055 3049 2124 perversis
3082 2053 3420 2113 dividimur.
3465 2052 3574 2107 hac
3615 2065 3763 2121 spe-

2040 2143 2263 2200 cialiter
2295 2157 2357 2200 re
2382 2143 2455 2198 ab
2487 2157 2688 2198 eorum
2718 2150 2867 2199 sorte
2905 2141 3307 2198 discernimur.
3361 2141 3495 2196 Haec
3530 2146 3619 2195 est
3651 2138 3765 2193 illa

2042 2232 2213 2289 vestis
2259 2230 2554 2302 nuptialis,
2621 2245 2740 2301 qua
2795 2231 2896 2301 qui
2947 2244 3060 2287 non
3126 2228 3408 2291 induitur.
3470 2241 3504 2283 a
3565 2241 3756 2283 sacrae

2046 2336 2253 2377 mensae
2284 2321 2569 2377 consortio
2598 2320 2893 2376 emittitur.

2117 2410 2399 2466 Caeterum
2460 2408 2574 2466 alia
2626 2410 2819 2464 omnia
2876 2422 3007 2478 quae
3064 2405 3321 2463 exterius
3369 2404 3745 2471 exhibentur,

2044 2499 2192 2555 sicut
2222 2498 2357 2554 boni
2387 2497 2465 2553 ita
2495 2504 2550 2553 et
2578 2496 2710 2553 mali
2760 2496 2901 2552 dant
2945 2503 3001 2551 et
3047 2494 3373 2564 accipiunt;
3417 2493 3618 2550 iisdem
3660 2507 3753 2548 sa-

2046 2586 2350 2642 cramentis
2400 2585 2745 2641 imbuuntur
2789 2592 2845 2640 et
2877 2582 3178 2650 .imbuunt,
3227 2582 3424 2637 eadem
3465 2580 3752 2637 miracula

2048 2675 2284 2731 faciunt.
2313 2673 2504 2730 Simus
2537 2673 2713 2744 igitur
2743 2680 2954 2728 sanctae
2996 2671 3259 2727 Ecclesiae
3303 2670 3578 2735 membra,
3632 2684 3752 2725 non

2047 2772 2295 2831 mortua,
2353 2762 2449 2818 sed
2491 2775 2815 2832 congruum
2868 2760 3161 2816 Dominico
3228 2759 3449 2829 corpori
3488 2758 3749 2813 ofﬁcium

247 2846 557 2919 pontiﬁcali
614 2845 851 2901 dextera
892 2858 1109 2900 munus
1172 2843 1514 2912 acceperint,
1580 2850 1801 2899 certum
1858 2849 2010 2938 estc
2049 2847 2362 2915 reddentia,
2411 2853 2475 2902 ut
2532 2846 2681 2902 sicut
2733 2846 2788 2901 in
2832 2845 3205 2901 sacrosanctis
3253 2843 3537 2915 mysteriis
3588 2850 3752 2899 exte-

245 2935 400 3007 quod
458 2948 558 3006 pro
612 2933 791 2990 animi
849 2933 1106 3004 nequitia
1162 2932 1218 2987 in
1272 2931 1499 2987 Domini
1552 2945 1787 3001 corpore
1824 2945 1944 2988 esse

248 3038 363 3081 non
390 3024 624 3095 possint.
672 3020 956 3078 Denarius
994 3034 1276 3077 numerus
1307 3033 1380 3076 ex
1421 3019 1607 3076 tribus
1634 3026 1689 3076 et
1729 3027 1944 3089 septem

246 3115 488 3178 constat,
528 3117 583 3167 et
631 3109 756 3166 ideo
801 3108 1140 3166 Trinitatem
1189 3122 1323 3165 cum
1371 3115 1585 3178 septem
1625 3108 1945 3164 charisma-

250 3196 407 3255 tibus
435 3198 645 3270 signat.
677 3197 953 3265 Quamvis
982 3210 1120 3269 ergo
1161 3196 1542 3253 ecclesiastica
1586 3203 1947 3252 sacramenta

248 3300 381 3342 cum
412 3300 546 3344 vere
594 3285 859 3343 ﬁdelibus
894 3286 1198 3356 accipiant,
1246 3293 1413 3341 extra
1458 3284 1713 3341 ﬁdelium
1756 3292 1947 3341 tamen

250 3376 493 3432 chorum
569 3389 668 3445 pro
724 3388 831 3431 sua
907 3375 1217 3430 inutilitate
1270 3373 1354 3430 uti
1395 3380 1625 3429 mortua
1690 3373 1947 3429 membra

246 3464 458 3532 jacent.
512 3462 620 3531 Qui
676 3462 911 3533 quidem
961 3461 1234 3518 Israelitis
1297 3475 1412 3517 non
1499 3469 1768 3517 nocerent
1838 3460 1946 3532 nisi

252 3551 486 3607 Balaam
517 3551 776 3607 mercede
803 3551 1209 3616 conducerent,
1256 3550 1395 3620 quia
1428 3548 1703 3605 fratribus
1733 3549 1946 3606 molesti

253 3656 367 3696 non
413 3649 601 3698 essent
642 3641 754 3697 nisi
794 3640 1045 3710 primum
1096 3639 1324 3695 diabolo
1367 3638 1579 3709 seipsos
1622 3638 1845 3704 darent,
1893 3646 1949 3696 et

251 3743 383 3784 cum
430 3729 551 3800 ipso
607 3727 968 3798 postmodum
1013 3726 1145 3782 facti
1195 3725 1499 3783 unanimes
1540 3732 1740 3780 contra
1772 3724 1951 3780 bonos

254 3816 402 3873 bella
433 3816 755 3872 miscerent.

322 3903 390 3959 In
420 3918 536 3974 quo
569 3902 737 3973 plane
768 3901 1084 3958 notandum
1134 3909 1219 3957 est
1265 3903 1403 3972 quia
1432 3901 1719 3972 quidquid
1751 3901 1948 3971 mysti-

251 4005 385 4047 cum
408 3990 465 4046 in
494 3990 747 4047 Ecclesia
778 3990 861 4059 fit,
884 4004 996 4046 non
1030 3990 1223 4047 minus
1253 3990 1511 4059 reprobis
1552 4003 1728 4060 quam
1758 3989 1951 4045 electis

253 4079 571 4137 secundum
615 4078 1094 4149 dispensationem
1134 4093 1438 4135 commune
1475 4079 1581 4143 sit;
1624 4087 1680 4135 et
1725 4078 1952 4148 Baptis-

255 4182 407 4235 mus,
445 4175 501 4223 et
553 4167 935 4234 Eucharistia,
987 4175 1043 4224 et
1086 4167 1330 4237 Spiritus
1376 4167 1528 4222 datio
1567 4181 1681 4221 non
1727 4166 1948 4223 melius,
1983 4180 2024 4233 ι)
2062 4171 2284 4227 animos
2325 4171 2686 4227 audientium
2759 4170 2957 4226 sedare
3020 4169 3219 4235 solere,

255 4263 543 4327 quantum
575 4255 645 4309 ad
671 4254 975 4311 utilitatem
1016 4254 1470 4325 suscipientium,
1514 4253 1953 4310 administratur
2001 4266 2004 4270 '

256 4343 503 4413 aprobis
528 4357 706 4413 quam
753 4343 927 4399 datur
967 4357 1001 4398 a
1047 4342 1316 4412 reprobis.
1369 4342 1487 4397 Etsi
1518 4341 1667 4398 enim
1708 4341 1954 4413 Spiritus

255 4441 490 4489 sanctus
533 4431 786 4504 effugere
831 4432 1058 4488 dicatur
1097 4431 1290 4487 ﬁctum
1340 4432 1495 4503 (Βίῳ.
1534 4447 1570 4499 ι,
1618 4432 1693 4500 5).
1744 4438 1954 4488 notan-

257 4521 396 4577 dum
457 4530 648 4577 tamen
702 4520 857 4591 quod
903 4520 1288 4589 interponitur
1360 4517 1680 4589 disciplinae.
1737 4518 1953 4591 Effugit

258 4617 451 4666 autem
478 4616 765 4680 quantum
789 4608 860 4664 ad
889 4621 1053 4664 suam
1079 4607 1333 4677 ipsorum
1363 4607 1601 4664 salutem
1626 4607 1727 4678 qui
1749 4608 1955 4663 vivunt

260 4698 515 4770 indigne,
549 4698 708 4754 adest
752 4712 886 4754 vero
916 4704 1205 4768 quantum
1239 4710 1337 4766 per
1368 4696 1518 4765 ipsos
1544 4697 1702 4753 omni
1730 4697 1957 4754 miseria

260 4787 603 4858 squalentes,
634 4786 761 4842 aliis
787 4784 1109 4857 largissima
1168 4784 1451 4841 ministrat
1490 4799 1610 4841 sua;
1636 4785 1787 4841 dona
1831 4799 1959 4857 gra-

263 4876 372 4940 tiae.
396 4874 625 4933 Canalis
656 4888 839 4945 aquas
866 4873 1089 4945 accipit,
1136 4874 1232 4930 sed
1266 4873 1338 4930 ad
1370 4873 1476 4929 hoc
1499 4873 1684 4930 solum
1718 4880 1779 4930 ut
1815 4872 1958 4929 alias

262 4961 649 5033 transmittat;
683 4968 736 5017 et
756 4960 817 5017 hi
848 4976 962 5017 non
1012 4960 1358 5018 dissimiliter
1405 4960 1616 5018 habent
1644 4961 1827 5027 alteri,
1861 4961 1958 5017 sed

260 5066 375 5108 non
397 5050 609 5108 habent
646 5049 774 5106 sibi.
821 5048 1094 5119 Spiritum
1150 5063 1286 5105 vero
1328 5048 1641 5120 disciplinae
1685 5064 1817 5105 nonv
1849 5048 1960 5105 ba-

261 5140 414 5207 bent,
448 5138 588 5209 quia
634 5138 694 5193 in
740 5138 934 5194 labore
999 5137 1295 5194 hominum
1349 5152 1464 5194 non
1520 5145 1676 5206 sunt,
1723 5145 1779 5194 et
1825 5151 1957 5194 cum

261 5226 591 5284 hominibus
622 5225 897 5297 ﬂagellari
944 5240 1059 5282 non
1108 5233 1407 5283 merentur
1454 5227 1616 5293 (Psal.
1650 5239 1821 5292 Lxxu,
1862 5225 1955 5293 5};

260 5324 471 5373 etcum
501 5323 669 5372 extra
697 5314 1057 5386 disciplinam
1096 5315 1230 5382 sint,
1264 5313 1581 5370 secundum
1624 5313 1960 5383 Apostolum

260 5398 441 5487 (Hebr.
464 5419 564 5474 xu,
596 5407 648 5472 8)
681 5394 947 5472 adulteri,
969 5410 1023 5460 et
1061 5417 1180 5459 nou
1212 5402 1311 5459 ﬁlii
1330 5408 1484 5459 sunt.

2053 2937 2175 2992 rius
2231 2934 2570 3006 peragendis
2635 2948 2840 2990 sumus
2934 2932 3097 2990 bonis
3159 2932 3500 2999 consimiles,
3567 2932 3756 2988 simus

2051 3024 2221 3080 etiam
2275 3024 2612 3089 introrsum,
2658 3021 2887 3090 aﬂectu,
2936 3030 2993 3079 et
3048 3020 3254 3078 eﬁ‘ectu
3301 3021 3473 3077 totius
3523 3021 3753 3091 pietatis

2052 3112 2322 3183 aequales.
2366 3112 2446 3168 Sit
2492 3112 2637 3168 liber
2688 3120 2877 3167 noster
2914 3125 2989 3166 ex
3037 3126 3153 3180 quo
3222 3118 3431 3167 nostra;
3482 3111 3754 3180 procedat

2056 3206 2248 3255 textus
2291 3198 2584 3261 orationis,
2630 3212 2779 3269 pura
2821 3197 3188 3264 conscientia.
3247 3212 3317 3252 ne
3360 3198 3498 3252 dum
3549 3196 3754 3267 lingua

2055 3288 2181 3344 aliis
2228 3288 2377 3344 bona
2430 3287 2760 3352 annuntiat,
2823 3285 3034 3355 peccati
3101 3284 3377 3341 memoria
3422 3298 3525 3340 nos
3590 3284 3752 3339 intus

2055 3376 2328 3443 mordeat,
2361 3390 2492 3445 quae
2522 3373 2824 3431 locutionis
2854 3374 3131 3443 impetum
3162 3373 3386 3429 occulta
3417 3371 3752 3429 confusione

2056 3463 2382 3535 prmpediat.
2450 3463 2776 3519 Sermonem
2831 3463 3114 3533 praecedat
3163 3461 3362 3529 oratio,
3405 3468 3469 3517 ut
3520 3459 3752 3517 animus

2055 3552 2491 3609 fervensamore
2541 3552 2737 3608 divino
2784 3551 3069 3617 ardenter,
3127 3565 3258 3621 quae
3300 3550 3368 3605 de
3419 3552 3529 3605 Deo
3557 3550 3749 3618 sentit,

2055 3642 2344 3709 enuntiet,
2375 3648 2439 3698 ut
2481 3640 2630 3697 sicut
2663 3640 2819 3710 apud
2863 3654 2922 3696 se
2948 3639 3294 3696 intrinsecus
3321 3639 3503 3704 ardet,
3534 3637 3613 3694 sic
3641 3651 3747 3692 au-

2056 3729 2307 3785 ditorum
2359 3729 2533 3785 corda
2611 3728 2947 3783 inﬂammet.
3020 3726 3214 3782 Sermo
3272 3741 3522 3797 namque
3572 3725 3753 3794 tepide

2057 3818 2446 3889 languideque
2506 3817 2782 3887 prolatus,
2839 3830 2971 3872 eum
3031 3830 3135 3871 nec
3208 3814 3307 3885 ipsi
3369 3814 3469 3885 qui
3517 3813 3750 3885 profert,

2056 3906 2293 3976 placeat,
2339 3906 2482 3961 mire
2524 3905 2733 3960 mirum
2772 3912 2918 3960 esset
2962 3903 3007 3959 si
3046 3904 3318 3973 cuiquam
3360 3902 3652 3973 {placeret;
3695 3912 3755 3959 et

2058 3995 2131 4052 ab
2159 3995 2295 4052 eliso
2318 4002 2372 4050 et
2416 3994 2641 4064 jarente
2692 3993 2881 4049 dictus
2922 3992 3072 4050 alios
3119 3992 3341 4062 erigere
3387 3998 3588 4060 posset,
3620 4005 3754 4047 cum

2060 4083 2257 4154 procul
2288 4082 2463 4139 dubio
2505 4082 2727 4152 experti
2774 4082 2955 4137 simus
3004 4078 3336 4152 hujusmodi
3371 4079 3608 4136 verbum
3639 4093 3751 4134 non

3293 4168 3388 4223 sed
3436 4167 3752 4238 opprimere

2060 4257 2304 4322 fastidio,
2361 4266 2416 4314 et
2471 4258 2543 4313 ad
2588 4256 2732 4312 iram
2786 4257 3039 4329 graviter
3092 4256 3334 4311 irritare.
3383 4255 3525 4312 Cum
3561 4255 3750 4325 itaque

2059 4347 2298 4404 rationis
2323 4360 2565 4402 acumen
2620 4345 2813 4401 minus
2865 4345 2922 4400 in
2974 4343 3136 4401 nobis
3164 4344 3357 4415 vigere
3397 4343 3670 4399 sentimus
3695 4348 3745 4398 4

2059 4444 2115 4493 et
2160 4434 2387 4505 loquela
2436 4443 2631 4490 nostra
2666 4433 3029 4500 obtenditur,
3079 4437 3133 4488 et
3189 4432 3340 4502 quod
3400 4432 3509 4487 dici
3552 4432 3750 4488 debeat

2063 4540 2175 4582 non
2227 4523 2503 4591 abundat,
2585 4530 2641 4579 et
2697 4536 2858 4578 mens
2922 4522 2981 4577 in
3043 4528 3198 4577 arcto
3248 4521 3423 4590 posita
3471 4520 3743 4576 defectum

2064 4613 2296 4684 patitur,
2335 4620 2399 4669 ut
2454 4612 2670 4668 aestimo
2727 4611 2799 4665 ad
2866 4609 3083 4666 nullius
3142 4608 3441 4666 utilitatem
3485 4622 3559 4664 ex
3616 4616 3748 4665 tunc

2063 4714 2249 4757 sermo
2280 4700 2611 4769 porrigitur.

2133 4788 2278 4845 Nam
2309 4787 2352 4843 si
2384 4785 2618 4858 quando
2639 4784 2800 4841 verbi
2845 4785 3008 4855 copia
3044 4772 3346 4853 exuberat,
3378 4793 3431 4842 et
3465 4785 3535 4841 ad
3570 4784 3747 4842 cordis

2067 4876 2337 4949 placitum
2366 4874 2565 4946 lingua
2586 4873 2968 4944 progreditur,
2992 4873 3199 4944 longus
3220 4872 3395 4929 nimie
3427 4873 3544 4929 ﬁeri
3575 4886 3749 4930 sermo

2066 4979 2180 5020 non
2228 4963 2413 5031 debet,
2464 4970 2684 5033 quanto
2731 4960 2925 5018 minus
2974 4976 3107 5017 cum
3159 4976 3263 5017 nec
3311 4960 3585 5017 memoria
3623 4975 3751 5033 sup-

2069 5053 2205 5123 petit
2233 5052 2631 5117 dicendorum.
2688 5059 2743 5107 et
2782 5050 2995 5107 locutio
3046 5050 3414 5120 praepeditur,
3445 5057 3501 5106 et
3531 5048 3752 5108 animus

2067 5147 2269 5210 torpet.
2318 5139 2482 5210 Apud
2535 5139 2767 5196 beatum
2801 5140 3166 5199 Ambrosium
3208 5140 3304 5209 (De
3340 5140 3558 5208 ofﬁciis,
3586 5138 3676 5195 lib.
3709 5156 3745 5209 ι,

2067 5240 2116 5281 c.
2147 5223 2241 5292 2-2)
2273 5223 2485 5295 legitur
2530 5227 2669 5295 quia
2705 5238 2892 5279 sermo
2942 5223 3209 5280 taediosus
3244 5222 3384 5277 iram
3424 5226 3664 5291 excitat;
3696 5233 3750 5280 et

2069 5328 2199 5371 cum
2230 5314 2447 5385 {eadem
2511 5314 2718 5383 saepius
2774 5312 3142 5382 replicantur,
3192 5311 3280 5368 vel
3330 5311 3479 5368 ultra
3523 5311 3745 5369 modum

2068 5402 2295 5483 diversa
2316 5399 2556 5459 dicendo
2594 5401 2949 5469 tenduntur,
3004 5398 3124 5456 ﬁeri
3165 5399 3297 5457 inde
3328 5399 3469 5457 solet
3500 5406 3563 5458 ut
3590 5400 3747 5461 taedio
