3884 6068
70 238 136 291 25
1060 229 1272 287 LIBER
1310 228 1453 293 ouo
1494 228 1753 285 eamne
1793 198 2037 286 sentio
2078 224 2270 284 FIEBI
2311 226 2611 283 paean.
3514 228 3586 280 2e

72 368 242 424 victis
298 365 497 423 omnia
553 365 785 436 pariter,
841 360 1044 433 prima,
1077 360 1267 417 media
1292 367 1347 417 et
1382 358 1584 416 ultima
1611 358 1776 416 aufe-
1807 365 1854 418 Α
1892 373 2042 416 mur.
2077 358 2249 415 Verbi
2276 358 2463 430 gratia
2502 356 2877 425 Hierusalem,
2911 355 3228 412 secundum
3264 354 3586 420 historiam,

72 464 314 520 rantur,
366 464 424 511 et
472 469 604 524 qua
645 453 910 524 prodesse
968 464 1154 521 pauca
1201 457 1481 520 poterant,
1525 449 1702 503 nimia
1730 455 1785 505 et

69 545 390 602 indiscrete
409 542 612 609 effusa,
646 543 704 597 in
743 540 1034 596 fastidium
1071 548 1127 595 et
1184 552 1324 610 pene
1357 535 1782 608 quodammodo

72 634 129 688 in
162 633 372 688 odium
397 639 719 688 vertantur.

147 721 301 777 Nam
330 723 480 776 sfcut
502 721 774 775 victualia
802 718 991 774 sobrie
1016 722 1246 787 sumpta
1292 715 1363 771 ad
1387 715 1642 786 corporis
1672 728 1781 770 nu-

75 810 423 865 trimentum
470 809 526 862 in
573 820 808 876 corpore
860 812 1212 875 permanent,
1249 803 1616 859 immoderate
1650 814 1782 857 vero

76 905 289 952 vorata
320 896 379 952 in
401 896 808 951 detrimentum
844 900 1113 964 vergunt,
1157 902 1213 947 et
1252 892 1529 947 vomitum
1575 904 1784 961 provo—

78 995 250 1054 cant;
291 994 345 1040 et
384 985 488 1054 qui
547 984 763 1039 semine
809 983 1060 1053 legitimo
1103 989 1157 1036 et
1202 994 1371 1051 parce
1419 980 1785 1049 modesteque

78 1074 234 1128 edito
292 1073 527 1143 conjugi
585 1071 873 1135 miscetur,
916 1069 1129 1139 prolem
1169 1076 1344 1135 creat,
1377 1069 1476 1139 qui
1512 1082 1649 1123 vero
1695 1082 1786 1123 se—

84 1162 239 1216 mine
269 1161 419 1227 tluit,
448 1161 595 1216 nihil
628 1160 763 1214 utile
792 1158 984 1225 efficit,
1027 1158 1124 1214 sed
1179 1171 1412 1214 carnem
1460 1157 1631 1213 radat
1666 1173 1679 1211 :
1711 1157 1787 1211 ita

82 1250 180 1319 qui
223 1249 405 1305 nimie
458 1249 699 1304 verbum
757 1247 988 1317 profert,
1042 1254 1096 1302 et
1149 1246 1203 1303 id
1247 1246 1400 1317 quod
1453 1246 1786 1302 auditorum

82 1337 357 1393 cordibus
390 1338 631 1392 insitum
668 1346 806 1402 erat,
840 1344 894 1391 et
948 1337 1219 1406 prolicere
1276 1341 1513 1405 poterat,
1564 1332 1776 1391 aufert.

80 1427 225 1482 Cum
255 1435 313 1481 et
333 1440 472 1497 ergo
529 1424 767 1496 grandis
794 1424 970 1480 animi
1030 1424 1218 1479 fervor
1247 1424 1577 1494 pradicanti
1612 1424 1785 1489 adest,

81 1524 133 1569 et
187 1514 499 1584 multiplex
553 1514 984 1570 tractandorum
1043 1512 1280 1569 materia
1343 1513 1629 1569 memoria
1673 1527 1786 1567 non

81 1603 262 1670 deest,
294 1602 581 1660 facundia
612 1616 845 1672 quoque
871 1601 1216 1673 possibilitas
1243 1608 1298 1657 et
1320 1609 1561 1658 ornatus
1586 1615 1787 1657 neces-

82 1692 232 1747 sitati
297 1700 582 1761 superest,
650 1697 844 1761 penset
898 1703 1099 1746 eorum
1154 1689 1255 1760 qui
1321 1690 1487 1746 tacite
1541 1688 1787 1745 audiunt

84 1779 408 1835 imbecillas
465 1780 638 1845 vires,
682 1778 1006 1850 meliusque
1044 1777 1161 1834 fore
1214 1785 1279 1835 ut
1329 1792 1514 1848 pauca
1541 1784 1596 1833 et
1625 1786 1785 1849 grate

80 1869 498 1938 suscipiantur,
551 1882 727 1939 quam
779 1868 1084 1923 innumera
1110 1881 1182 1923 ex
1212 1868 1430 1938 quibus
1460 1866 1621 1923 nulla
1651 1867 1786 1923 reti—

81 1965 353 2024 neantur,
419 1957 709 2027 ﬁnemque
756 1956 939 2012 facere
987 1970 1102 2011 non
1161 1955 1405 2024 differat,
1441 1963 1503 2012 ut
1549 1969 1784 2012 rursum

81 2060 212 2102 cum
243 2060 568 2102 sermonem
592 2046 852 2102 facturus
887 2053 992 2113 est,
1050 2044 1269 2102 alacres
1314 2060 1409 2102 eos
1453 2059 1569 2100 non
1627 2045 1784 2101 fasti-

83 2133 272 2189 diosos
308 2134 593 2189 inveniat.

155 2225 438 2278 Praterea
460 2230 517 2278 et
546 2222 706 2277 aliud
738 2221 1124 2279 intimandum
1170 2229 1274 2291 est,
1309 2230 1372 2279 ut
1408 2222 1618 2279 scilicet
1647 2223 1785 2279 dum

88 2311 398 2366 illitteratis
454 2310 605 2366 levia
657 2317 712 2366 et
761 2310 933 2379 plana
988 2311 1280 2381 pradicat,
1329 2310 1589 2366 lilteratis
1614 2312 1785 2368 etiam

89 2414 217 2469 qua
245 2399 355 2455 sibi
408 2397 755 2454 conveniant
802 2399 1140 2455 sublimiora
1177 2399 1377 2469 aliqua
1406 2400 1789 2458 intermiscere

89 2489 333 2553 studeat,
370 2495 428 2543 et
480 2488 621 2553 dum
662 2487 751 2542 his
797 2501 930 2557 qua
997 2488 1300 2557 capacitati
1357 2503 1477 2544 sua
1528 2489 1790 2558 placeant

91 2577 372 2646 propinat,
412 2576 491 2631 ita
518 2575 783 2645 explicet,
830 2583 885 2632 et
934 2582 998 2631 ut
1028 2576 1106 2632 ita
1139 2576 1327 2632 dicam
1370 2577 1623 2647 quadam
1672 2578 1809 2649 cir—,

90 2664 533 2720 cumlocutionis
583 2663 734 2719 mola
783 2664 1127 2720 conterendo
1182 2672 1451 2735 exponat,
1519 2672 1573 2721 et
1632 2666 1787 2736 quod

91 2753 300 2808 durum
335 2767 405 2808 ac
432 2752 663 2807 difticile
711 2753 882 2808 etiam
925 2752 1107 2809 doctis
1136 2753 1298 2823 prius
1337 2753 1661 2822 videbatur,
1713 2746 1790 2810 ita

91 2842 345 2897 lucidum
373 2850 428 2897 et
461 2849 728 2910 apertum
759 2841 978 2908 reddat,
1015 2849 1079 2897 ut
1122 2842 1313 2897 idiotis
1343 2856 1410 2897 ac
1433 2842 1791 2913 simplicibus

1889 448 2091 504 civitas
2126 457 2209 503 est
2251 448 2555 517 quadam;
2590 447 2910 502 secundum
2938 444 3291 516 allegoriam,
3325 452 3583 501 sanctam

1890 538 2199 592 Ecclesiam
2231 536 2598 606 significans;
2633 535 2951 592 secundum
2984 535 3381 605 tropologiam.
3419 534 3472 589 id
3504 542 3590 589 est

1891 626 2288 691 moralitatem,
2335 624 2529 680 anima
2571 625 2751 680 tidelis
2795 623 3105 693 cujuslibet
3154 623 3256 693 qui
3290 623 3362 677 ad
3411 621 3588 677 visio—

1890 728 2020 769 nem
2071 714 2225 783 pacis
2281 723 2506 769 aterna
2556 713 2821 783 anhelat;
2877 713 3198 768 secundum
3262 724 3585 782 anagogen,

1890 802 2201 859 calestium
2266 802 2480 857 civium
2539 803 2737 868 vitam,
2772 801 2873 871 qui
2937 802 3113 856 Deum
3166 800 3403 855 deorum
3449 798 3591 854 facie

1891 892 2141 949 revelata
2186 891 2241 947 in
2275 891 2407 946 Sion
2458 890 2669 959 vident,
2710 892 2919 961 signat.
2957 891 3043 946 Ex
3087 888 3176 945 bis
3216 890 3394 960 igitur
3436 900 3591 957 qua—

1894 986 2023 1036 tuor
2082 979 2280 1046 modis,
2310 979 2435 1034 licet
2502 979 2690 1034 omnis
2744 980 2861 1034 tieri
2918 979 3111 1049 possit,
3163 985 3264 1033 aut
3312 983 3463 1033 certe
3516 988 3590 1031 ex

1893 1068 2155 1139 singulis,
2211 1076 2400 1123 tamen
2430 1066 2475 1123 si
2510 1067 2651 1138 quid
2700 1068 2902 1123 utilius
2936 1068 3007 1122 ad
3056 1080 3255 1123 curam
3305 1064 3593 1121 interioris

1895 1158 2141 1233 hominis
2187 1164 2478 1228 pensetur,
2533 1154 2715 1226 magis
2765 1156 3062 1211 commoda
3103 1169 3170 1210 ac
3214 1152 3592 1226 intelligibilis

1895 1248 1950 1303 in
1986 1247 2284 1303 tractando
2307 1245 2612 1301 'moralitas
2631 1259 2749 1301 esse
2773 1244 3018 1299 videtur.

1965 1336 2253 1407 Allegoria
2297 1349 2434 1391 sane
2467 1335 2606 1390 dum
2656 1334 2713 1389 in
2745 1332 3089 1403 propheticis
3155 1330 3590 1401 apostolicisque

1893 1425 2055 1482 libris
2095 1424 2456 1494 disquiritur.
2494 1437 2632 1494 pene
2685 1420 2825 1477 nihil
2869 1420 3023 1477 aliud
3052 1434 3226 1491 quam
3260 1419 3424 1475 Iidem
3464 1418 3595 1475 adi-

1893 1522 2022 1584 cat;
2053 1514 2193 1584 quia
2241 1512 2472 1579 scilicet,
2500 1512 2638 1567 dum
2694 1510 3067 1567 multifariam
3126 1507 3438 1578 multisque
3467 1521 3593 1562 mo-

1895 1603 1983 1659 dis
2005 1601 2142 1658 olim
2172 1602 2352 1657 Deum
2396 1600 2723 1670 loquentem
2755 1600 2812 1654 in
2847 1596 3138 1668 prophetis
3183 1602 3396 1651 attente
3447 1594 3591 1666 legi-

1818 1668 1859 1724 B
1898 1706 2047 1758 mus,
2080 1689 2390 1749 Christiani
2445 1668 2716 1760 temporis
2762 1693 3121 1744 sacramenta
3162 1683 3397 1741 indubie
3445 1697 3595 1754 pra-

1895 1780 2162 1838 nuntiata
2210 1778 2419 1836 ibidem
2469 1777 2874 1847 comperimus.
2920 1775 3021 1831 Dei
3073 1789 3207 1831 vero
3248 1772 3434 1845 gratia
3469 1772 3593 1843 jam

1896 1869 2036 1925 ﬁdes
2064 1868 2324 1924 omnium
2351 1866 2621 1923 cordibus
2652 1864 2920 1931 innotuit,
2958 1876 3136 1934 quam
3166 1862 3270 1919 etsi
3305 1860 3595 1917 inculcare

1893 1955 2104 2027 sapius
2133 1970 2200 2012 ac
2252 1963 2561 2012 retractare
2607 1953 2971 2011 auditoribus
3014 1951 3289 2022 oportuit,
3349 1963 3463 2007 non
3495 1947 3596 2003 mi-

1894 2060 2007 2101 nus
2038 2052 2248 2111 tamen,
2282 2042 2394 2100 imo
2422 2043 2600 2099 multo
2630 2041 2888 2098 crebrius
2914 2054 2983 2097 ea
3022 2054 3154 2115 qua
3185 2052 3369 2095 mores
3395 2050 3596 2093 eorum

1895 2134 2192 2191 instituere
2233 2133 2468 2203 possint,
2516 2131 2702 2188 dicere
2751 2129 3038 2186 convenit.
3075 2128 3326 2185 Facilius
3354 2125 3511 2183 enim
3542 2131 3598 2180 et

1895 2224 2158 2281 securius
2198 2223 2269 2279 de
2326 2222 2606 2278 virtutum
2659 2227 2870 2276 natura
2943 2217 3279 2274 disserimus
3324 2227 3501 2285 quam
3530 2212 3599 2267 de

1896 2313 2027 2369 tldei
2057 2311 2431 2367 sacramentis
2459 2310 2528 2365 de
2559 2309 2775 2379 quibus
2828 2306 2994 2363 valde
3048 2304 3336 2361 moderate
3382 2300 3594 2370 aliqui-

1897 2402 2006 2459 bus
2058 2400 2412 2470 loquendum
2471 2406 2572 2464 est,
2642 2397 3025 2465 disputamus.
3097 2393 3275 2448 Error
3340 2403 3596 2459 namque

1896 2492 2089 2547 minus
2112 2487 2565 2559 intelligentibus
2591 2499 2663 2540 ex
2687 2483 2859 2540 nimis
2891 2481 3173 2553 profunda
3195 2476 3600 2550 pradicatione

1895 2578 2160 2651 generari
2201 2583 2417 2647 potest;
2472 2590 2544 2633 ex
2595 2573 2797 2630 morali
2851 2579 3044 2627 autem
3078 2567 3440 2625 institutione
3479 2579 3596 2620 ma-

1896 2669 2051 2725 xime
2076 2668 2212 2724 solet
2242 2665 2464 2736 acquiri
2497 2662 2856 2721 discretionis
2894 2659 3133 2716 utilitas.

1967 2753 2242 2824 Quamvis
2286 2754 2479 2824 itaque
2522 2750 2866 2822 allegoricus
2922 2762 3145 2814 sensus,
3189 2744 3234 2801 si
3283 2740 3597 2814 aliquando

1898 2845 2149 2902 sermoni
2207 2842 2610 2907 admisceatur,
2648 2839 2963 2910 plurimum
2992 2850 3114 2892 esse
3151 2833 3325 2889 soleat
3381 2830 3598 2902 gratio-

96 2928 463 3023 perspieuum
506 2928 675 3023 quod
734 2928 949 2984 dicitur
1004 2944 1127 2985 esse
1184 2937 1378 3001 queat.
1440 2930 1597 2987 Sicut
1634 2932 1787 2988 enim
1822 2968 1863 3023 Ο
1899 2949 2017 3000 sus,
2057 2940 2112 2989 et
2159 2931 2206 2987 si
2236 2931 2533 2996 dicuntur,
2568 2936 2624 2984 et
2674 2941 2807 2983 vere
2864 2923 3172 2996 aliquoties
3219 2920 3330 3023 diei
3389 2918 3597 3019 debent

95 3017 356 3085 puerulis
387 3016 552 3071 lactis
596 3016 934 3073 alimentum
984 3017 1263 3075 familiare
1291 3026 1375 3076 est
1406 3027 1461 3076 et
1491 3020 1655 3076 valde
1688 3034 1785 3075 ne-

92 3105 426 3172 cessarium,
466 3111 527 3160 ut
558 3105 680 3161 sine
734 3105 878 3162 lacte
907 3120 1022 3161 non
1063 3121 1222 3176 posse
1277 3107 1471 3164 vivere
1525 3108 1794 3164 credatur

94 3191 356 3259 infantes,
406 3206 513 3247 nec
553 3192 658 3248 soli
716 3200 907 3249 tamen
961 3208 1027 3250 eo
1074 3202 1317 3251 utantur
1379 3196 1641 3263 infantes,
1695 3197 1791 3252 sed

97 3280 346 3336 infractis
381 3294 600 3349 panum
641 3282 853 3338 crustis
879 3280 1053 3338 etiam
1089 3283 1444 3353 quibuslibet
1469 3285 1794 3356 grandavis

98 3377 317 3436 prastet
347 3369 570 3433 cibum,
619 3370 699 3425 sic
752 3370 1094 3441 plerumque
1144 3385 1275 3428 cum
1318 3375 1494 3444 vulgo
1549 3373 1793 3443 simplex

95 3456 349 3512 doctrina
376 3456 743 3527 proponitur,
782 3466 837 3514 et
875 3459 1095 3529 aliquid
1127 3467 1318 3516 tamen
1343 3469 1573 3532 propter
1624 3461 1794 3517 intel-

98 3546 452 3615 ligibiliores,
486 3546 586 3602 ubi
606 3560 805 3602 eorum
833 3556 1215 3604 exerceantur
1269 3550 1520 3620 ingenia,
1587 3550 1794 3606 ibidem

98 3634 459 3691 interseritur
493 3633 571 3689 ita
603 3648 831 3704 pascere
869 3636 1164 3693 consuevit
1211 3636 1458 3706 hebetes,
1513 3645 1577 3694 ut
1621 3639 1793 3695 etiam

97 3722 378 3779 solidioris
403 3723 862 3778 additamentum
895 3722 1101 3791 victus,
1132 3724 1185 3780 id
1217 3733 1301 3781 est
1324 3725 1619 3796 interjecta
1657 3741 1795 3796 pon-

97 3811 366 3868 derosiori
414 3811 695 3868 sententia
737 3812 1016 3869 delectare
1063 3813 1239 3869 soleat
1271 3815 1573 3885 sapientes.
1605 3815 1796 3871 Solent

96 3902 298 3957 etenim
360 3900 416 3955 in
478 3900 821 3957 tractatibus
880 3901 1317 3973 evangeliorum
1384 3903 1679 3960 sententia
1726 3904 1795 3959 de

99 3989 278 4045 Veteri
307 3988 673 4044 Testamento
714 3988 986 4046 adhibita
1024 3990 1316 4045 auditores
1348 3991 1582 4047 reddere
1614 3992 1797 4063 magis

100 4076 364 4140 intentos,
415 4075 558 4145 quia
584 4076 723 4132 dum
759 4077 1057 4147 quidpiam
1088 4091 1288 4132 eorum
1323 4078 1545 4134 auditui
1578 4093 1794 4134 novum

104 4165 349 4230 insonat,
377 4164 602 4219 animos
640 4163 803 4233 quasi
831 4178 901 4220 ex
944 4164 1197 4234 quadam
1233 4165 1578 4234 voluptuosa
1624 4182 1795 4222 sono-

104 4252 262 4306 ritate
296 4251 556 4306 innovat.
587 4251 705 4306 Hoc
764 4251 851 4307 his
913 4251 1245 4323 contingere
1304 4253 1443 4308 solet
1489 4253 1590 4323 qui
1641 4253 1794 4310 Scri-

106 4347 285 4407 ptura
315 4347 535 4395 secreta
564 4339 808 4395 libenter
848 4339 1158 4410 inquirunt
1212 4347 1267 4395 et
1316 4355 1540 4410 semper
1584 4342 1801 4397 discere

105 4436 395 4496 quarunt.
430 4427 658 4483 Placere
686 4428 859 4484 etiam
885 4427 1181 4483 nonnullis
1223 4430 1608 4499 comperimus
1657 4431 1799 4486 sim-

109 4516 277 4584 plices
309 4514 596 4581 historias,
625 4522 681 4571 et
720 4523 978 4571 veterum
1015 4522 1173 4586 gesta
1226 4517 1475 4572 sermoni
1508 4517 1797 4585 inducere,

107 4611 158 4657 et
185 4603 275 4659 bis
301 4601 576 4658 omnibus
604 4602 772 4673 quasi
802 4617 875 4659 ex
896 4602 1141 4658 diversis
1172 4602 1455 4673 picturam
1513 4604 1802 4663 coloribus

108 4691 404 4746 adornare.

173 4778 492 4835 Dicendum
539 4780 711 4834 etiam
765 4780 930 4836 nobis
967 4786 1051 4836 est
1098 4780 1232 4850 quis
1262 4788 1538 4838 tractatus
1584 4782 1801 4839 doctori

111 4868 389 4939 praecipue
420 4867 721 4924 habendus
748 4869 839 4924 sit.
893 4867 1153 4936 Quatuor
1190 4877 1325 4926 sunt
1381 4870 1597 4941 regula
1646 4870 1801 4927 Scri—

110 4968 430 5027 pturarum,
466 4955 685 5026 quibus
730 4957 899 5027 quasi
955 4956 1304 5027 quibusdam
1356 4959 1491 5015 rotis
1550 4958 1804 5016 volvitur

108 5045 285 5101 omnis
313 5058 481 5100 sacra
512 5045 756 5116 pagina:
796 5045 901 5102 hoc
930 5052 1015 5101 est
1080 5045 1338 5113 historia,
1400 5061 1531 5117 qua
1580 5061 1672 5103 res
1699 5063 1802 5118 ge-

109 5143 214 5190 stas
245 5133 546 5204 loquitur;
577 5132 868 5204 allegoria,
897 5133 956 5189 in
990 5148 1109 5205 qua
1136 5148 1209 5191 ex
1252 5135 1364 5191 alio
1390 5135 1548 5192 aliud
1590 5136 1802 5192 intelli-

112 5224 298 5295 gitur;
327 5222 668 5294 tr0pologia,
714 5220 768 5277 id
817 5230 901 5279 est
951 5223 1188 5280 moralis
1234 5223 1465 5285 locutio,
1500 5224 1556 5279 in
1589 5238 1707 5295 qua
1735 5225 1805 5281 de

114 5314 364 5370 moribus
445 5311 858 5382 componendis
952 5312 1410 5384 ordinandisque
1478 5320 1801 5383 tractatur;

114 5413 383 5473 anagoge,
435 5399 755 5470 spiritualis
785 5398 998 5456 scilicet
1027 5400 1367 5469 intellectus,
1401 5416 1504 5472 per
1534 5416 1706 5473 quem
1737 5401 1807 5459 de

116 5491 344 5549 summis
371 5497 427 5545 et
467 5488 801 5549 coelestibus
828 5489 1130 5546 tractaturi
1172 5488 1245 5544 ad
1294 5492 1595 5560 superiora
1636 5491 1805 5549 duci-

1900 3023 2099 3093 aliqua
2148 3035 2279 3091 qua
2328 3020 2395 3074 ad
2454 3018 2617 3073 fidem
2679 3024 2735 3072 et
2790 3012 3226 3084 intelligentiam
3285 3008 3598 3078 Scriptura

1900 3124 2077 3166 sacra
2134 3123 2238 3164 nos
2267 3107 2551 3173 imbuant,
2607 3112 2797 3161 tamen
2842 3110 2959 3159 tota
3015 3100 3177 3157 verbi
3230 3098 3410 3154 nostri
3448 3095 3601 3167 vigi—

1902 3197 2082 3253 lantia
2129 3197 2199 3253 de
2251 3202 2301 3250 5
2353 3194 2603 3251 motibus
2643 3192 2931 3249 interioris
2977 3188 3243 3255 hominis,
3300 3186 3354 3241 id
3385 3192 3470 3243 est
3500 3199 3601 3239 co-

1903 3285 2276 3357 gitationibus
2307 3284 2605 3345 habeatur.
2645 3295 2899 3352 quarum
2945 3278 3133 3349 passio
3165 3271 3277 3332 tam
3332 3273 3604 3330 omnibus

1901 3374 2224 3431 communis
2269 3381 2372 3440 est,
2428 3379 2491 3428 ut
2568 3377 2848 3428 tractatus
2918 3363 3249 3437 huiusmodi
3305 3361 3472 3429 nulli,
3538 3367 3603 3416 ut

1902 3464 2169 3529 arbitror,
2200 3461 2376 3531 possit
2406 3473 2527 3516 esse
2578 3459 2880 3522 obscurus,
2912 3452 3225 3526 prasertim
3266 3465 3401 3507 cum
3432 3462 3605 3506 unus-

1902 3552 2152 3622 quisque
2180 3551 2329 3606 intra
2353 3549 2602 3618 seipsum
2647 3546 2813 3616 quasi
2846 3545 2904 3599 in
2935 3543 3080 3599 libro
3109 3541 3387 3611 scriptum
3418 3545 3602 3594 atten-

1902 3642 2000 3698 dat
2028 3638 2311 3710 quidquid
2366 3637 2435 3693 de
2463 3635 2705 3692 diversis
2752 3631 3162 3690 tentationibus
3212 3625 3603 3699 pradicatoris

1904 3730 2105 3800 lingua
2165 3732 2454 3783 retractat.
3298 3734 3315 3752 ο

1972 3818 2098 3874 Non
2130 3815 2312 3885 magis
2354 3820 2544 3870 autem
2586 3810 2654 3866 de
2697 3808 2918 3879 origine
2947 3815 3050 3863 aut
3100 3804 3360 3862 custodia
3410 3803 3602 3859 virtu-
3652 3848 3655 3849 ν

1904 3915 2047 3969 tum,
2082 3919 2258 3976 quam
2293 3903 2362 3959 de
2391 3898 2858 3958 concatenatione
2886 3905 2942 3954 et
2980 3896 3120 3967 fuga
3148 3894 3419 3950 vitiorum
3482 3890 3602 3947 fleri

1901 3992 2212 4050 admonitio
2241 3991 2437 4057 debet;
2490 3988 2588 4045 ubi
2646 3987 2841 4043 doctor
2869 4000 3001 4056 qua
3052 3983 3167 4039 sint
3223 3980 3514 4037 naturalia
3548 3985 3604 4034 et

1904 4098 2035 4155 qua
2065 4090 2231 4138 extra
2261 4084 2529 4136 naturam
2562 4077 2719 4143 vitia,
2756 4089 2889 4147 qua
2918 4073 3090 4129 etiam
3143 4086 3217 4128 ex
3268 4070 3395 4125 aliis
3426 4081 3603 4141 gene—

1904 4179 2126 4233 rentur,
2158 4177 2213 4225 et
2244 4183 2419 4239 quam
2464 4166 2783 4237 perniciosa
2832 4178 2903 4219 ex
2950 4162 3151 4232 seipsis
3179 4167 3235 4216 et
3261 4173 3335 4215 ex
3363 4157 3445 4214 eis
3474 4169 3605 4227 qua

1826 4265 1869 4319 D
1907 4261 1978 4316 ab
2019 4259 2159 4329 ipsis
2190 4260 2615 4329 propagautur,
2648 4254 2780 4320 sint,
2812 4253 2951 4309 dum
2980 4251 3285 4321 diligenter
3318 4261 3385 4302 ac
3412 4244 3606 4301 distin-

1907 4356 1993 4404 cte
2023 4347 2203 4413 docet,
2229 4345 2482 4402 fructum
2522 4342 2840 4399 immodica
2875 4340 3136 4398 utilitatis
3158 4335 3409 4394 exhibet.
3458 4333 3602 4389 Cum

1907 4436 2062 4492 enim
2117 4433 2543 4503 Scripturarum
2615 4428 2808 4485 abdita
2875 4426 3233 4497 simplicibus
3288 4436 3356 4478 ac
3412 4420 3602 4477 idiotis

1907 4530 2301 4595 exponuntur.
2343 4520 2452 4576 cito
2477 4518 2597 4575 suis
2639 4518 2954 4574 elabuntur
2985 4513 3293 4577 memoriis,
3326 4511 3466 4583 quia
3502 4508 3604 4581 qui

1909 4612 2119 4669 assueti
2162 4613 2300 4667 sunt
2355 4609 2488 4665 solis
2545 4608 2715 4664 rebus
2756 4604 3067 4676 corporeis,
3116 4602 3325 4659 mirum
3381 4613 3494 4655 non
3520 4604 3605 4654 est

1909 4702 1956 4758 si
1989 4702 2044 4757 in
2075 4698 2491 4769 spiritualibus,
2540 4711 2671 4768 qua
2720 4710 2836 4751 non
2866 4694 3083 4761 vident,
3138 4706 3270 4748 cum
3327 4689 3498 4745 etiam
3547 4686 3605 4741 in

1911 4788 2325 4858 corporalibus,
2358 4800 2490 4857 qua
2519 4784 2717 4841 sentiri
2750 4798 2784 4838 a
2813 4798 2873 4840 se
2902 4797 2971 4839 ac
2996 4780 3179 4838 videri
3211 4783 3468 4849 possunt,
3494 4788 3607 4831 non

1911 4878 2125 4934 habent
2156 4876 2303 4932 vires
2323 4873 2748 4931 recordationis.
2782 4872 2926 4928 Sunt
2956 4885 3095 4927 sane
3141 4866 3321 4938 aliqui
3370 4865 3450 4921 ita
3480 4864 3608 4921 ani-

1912 4967 2090 5022 males
2146 4973 2210 5021 ut
2266 4964 2365 5019 vix
2420 4962 2619 5033 aliqua
2644 4961 2753 5017 nisi
2786 4959 3105 5016 materialia
3142 4964 3197 5012 et
3235 4969 3366 5026 qua
3415 4953 3611 5011 bestiis

1911 5053 2083 5108 etiam
2100 5059 2237 5108 sunt
2266 5050 2577 5119 conspicua
2597 5046 3103 5119 comprehendant,
3133 5050 3189 5101 et
3221 5048 3409 5099 motus
3435 5040 3607 5097 etiam

1913 5154 2018 5196 nec
2055 5153 2171 5195 non
2226 5148 2283 5197 et
2329 5139 2465 5194 vitia
2515 5151 2823 5209 corporum
2876 5150 2943 5191 ac
2979 5133 3309 5189 animorum
3341 5141 3604 5194 suorum,

1912 5242 2045 5299 qua
2098 5227 2486 5284 indesinenter
2543 5228 2602 5283 in
2653 5224 2970 5294 semetipsis
3008 5222 3330 5293 patiuntur,
3373 5216 3611 5276 omnino

1912 5315 2189 5381 nesciant,
2215 5316 2395 5373 donec
2422 5316 2495 5372 ab
2526 5316 2650 5372 aliis
2674 5313 2939 5379 audiant,
2974 5326 3106 5384 qua
3144 5324 3278 5368 cum
3322 5303 3611 5364 audierint

1913 5404 2140 5460 utinam
2171 5405 2337 5461 firma
2361 5405 2663 5461 relectione
2694 5392 3042 5459 contineant.

1988 5492 2114 5549 Dixi
2144 5506 2282 5551 sane
2327 5505 2649 5565 verumque
2677 5490 2800 5547 dixi
2844 5505 2960 5548 non
3002 5489 3195 5547 minus
3216 5484 3476 5557 prodesse
3506 5475 3610 5535 ali-
