3874 6048
242 174 317 242 ‘27
1146 188 1205 241 v.
1248 168 1583 245 ementiri
1622 172 1914 243 ABBATIS
1952 187 2007 242 s.
2053 187 2291 242 MARLE
2332 187 2422 243 ne
2462 187 2856 244 uovmeu'ro
3388 238 3394 242 .
3696 194 3773 243 ξε

251 321 492 394 quoties,
533 323 581 378 si
616 321 713 380 fiat
759 329 1039 380 tractatus
1088 322 1157 379 de
1200 328 1410 379 natura
1441 321 1732 390 vitiorum,
1762 336 1939 393 quam
1971 324 2013 379 Α
2051 328 2232 390 sante,
2267 336 2398 378 eum
2441 322 2664 379 laudari
2696 322 2769 379 ab
2801 321 2997 394 aliquo
3030 337 3132 380 nos
3160 323 3452 392 audimus,
3499 333 3602 381 aut
3629 340 3771 381 ser—

248 412 296 467 si
328 412 425 469 fiat
475 412 545 468 de
591 421 803 470 natura
848 412 1151 469 virtutum.
1199 410 1255 467 Si
1289 410 1442 468 enim
1473 411 1680 468 vitium
1711 426 1824 467 non
1859 425 1944 467 co-

250 515 523 572 gnovero,
554 502 841 572 quomodo
873 499 1255 557 sinceritatem
1298 499 1530 556 virtutis
1581 499 1833 556 amabo?
1876 500 1946 556 Et

249 589 453 646 vitium
477 590 766 662 quomodo
823 589 1062 661 fugiam,
1097 589 1207 645 nisi
1257 588 1492 654 bonum,
1543 603 1749 645 sanum
1779 597 1833 645 et
1862 589 1945 645 in-

252 685 477 747 tegrum
515 678 757 749 aliquid,
817 679 986 749 cujus
1016 677 1368 748 adipiscendi
1401 691 1466 733 ac
1496 676 1724 733 fruendi
1759 677 1946 749 gratia

251 762 440 831 ipsum
485 763 689 821 vitium
747 764 1085 836 fugiendum
1145 765 1259 831 sit,
1313 764 1537 820 sciam?
1591 764 1734 821 Sunt
1790 765 1946 821 olera

251 858 387 907 sunt
429 858 485 907 et
540 853 769 909 cicutae:
827 868 1011 909 unum
1042 853 1181 911 utile
1237 860 1340 923 est,
1388 853 1635 910 alterum
1686 853 1945 910 mortife-

251 954 379 996 rum
406 955 422 1009 ;
454 940 501 996 si
546 956 683 1013 ergo
712 942 784 998 sit
836 941 1047 1013 aliquis
1085 942 1187 1012 qui
1240 941 1395 998 olera
1441 941 1674 1012 quidem
1705 942 1945 999 libenter

250 1028 527 1095 comedat,
587 1029 686 1085 sed
744 1029 892 1086 inter
932 1029 1086 1086 olera
1115 1037 1170 1086 et
1224 1028 1441 1086 cicutas
1482 1029 1813 1087 distantiam
1843 1045 1945 1088 ne-

251 1115 453 1184 sciens,
488 1117 705 1173 cicutas
738 1119 886 1174 sicut
933 1118 1089 1174 olera
1140 1118 1517 1175 comedendas
1555 1119 1767 1187 credat,
1802 1120 1944 1190 quid

250 1203 355 1260 sibi
401 1205 629 1275 prodest
683 1205 1027 1276 aliquandiu
1090 1221 1261 1264 usum
1334 1207 1587 1264 oleribus
1638 1207 1829 1276 fuisse,
1894 1208 1943 1264 si

251 1293 609 1362 postmodum
653 1308 754 1363 per
807 1294 1106 1365 ignaviam
1150 1309 1317 1350 suam
1348 1296 1564 1350 cicutas
1594 1296 1943 1353 comedenda

248 1381 551 1451 contigerit
569 1381 677 1438 sibi
707 1383 1017 1439 amentiam
1047 1390 1100 1440 et
1130 1390 1371 1440 mortem
1401 1382 1730 1440 incurrere?

319 1470 493 1527 Debet
522 1470 718 1542 itaque
767 1470 1229 1543 uniuscujusque
1281 1470 1403 1528 vitii
1449 1471 1611 1542 origo
1640 1472 1943 1545 diligenter

247 1557 475 1625 discuti,
509 1566 574 1616 ut
603 1559 742 1616 dum
773 1559 914 1631 quid
973 1561 1044 1617 sit
1083 1559 1289 1616 vitium
1324 1569 1525 1630 aperte
1553 1562 1938 1633 cognoscitur,

249 1647 603 1703 contrarium
630 1648 776 1719 ejus,
809 1649 965 1720 quod
988 1655 1072 1705 est
1106 1649 1311 1715 virtus,
1344 1648 1509 1719 quasi
1542 1663 1790 1720 granum
1821 1650 1940 1707 dis-

249 1734 493 1792 tinctum
547 1751 582 1792 a
640 1737 803 1808 palea
847 1736 1190 1806 evidentius,
1236 1744 1628 1809 agnoscatur;
1684 1746 1739 1795 et
1784 1744 1940 1795 tanto

248 1823 559 1881 studiosius
605 1826 742 1894 vita,
801 1825 957 1897 quod
1015 1833 1099 1882 est
1156 1827 1363 1894 virtus,
1421 1835 1666 1895 ametur,
1722 1835 1940 1899 quanto

247 1912 474 1968 cautius
501 1912 727 1982 vitium,
762 1914 917 1985 quod
945 1922 1027 1971 est
1057 1929 1228 1983 mors,
1275 1915 1544 1984 evitatur,
1585 1914 1755 1973 Nulla
1785 1917 1939 1972 enim

248 2000 576 2071 praedicatio
642 2002 929 2060 salubrior
974 2003 1116 2060 mihi
1155 2004 1386 2060 videtur
1440 2019 1617 2076 quam
1666 2004 1762 2060 illa
1809 2018 1940 2074 quae

247 2089 536 2146 hominem
583 2091 810 2149 sibimet
864 2093 1145 2162 ostendat,
1199 2101 1254 2149 et
1294 2093 1447 2149 foras
1495 2100 1940 2162 extrasespar-

247 2192 378 2234 sum
432 2179 488 2234 in
522 2180 775 2237 interiori
828 2196 952 2249 suo,
1012 2183 1119 2238 hoc
1163 2185 1247 2238 est
1303 2182 1359 2237 in
1416 2189 1623 2252 mente,
1676 2181 1942 2239 restituat

247 2273 422 2337 atque
466 2282 600 2325 eum
657 2284 977 2342 coarguens
1021 2271 1445 2342 quodammodo
1483 2271 1775 2343 depictum
1808 2279 1942 2327 ante

246 2353 446 2411 faciem
474 2371 641 2414 suam
660 2366 894 2415 statuat.

319 2444 423 2501 Sed
489 2446 631 2503 forte
708 2447 841 2519 quis
898 2448 1214 2519 interrogat
1284 2448 1570 2519 quomodo
1628 2449 1751 2505 haec
1796 2448 1943 2505 scire

250 2533 454 2602 valeat,
511 2535 579 2591 de
629 2536 844 2606 quibus
882 2536 1200 2592 secundum
1259 2536 1588 2593 interiorem
1651 2537 1940 2592 hominem

250 2628 494 2679 tractare
518 2623 756 2694 debeat;
785 2624 879 2681 cui
909 2625 1223 2695 respondeo
1263 2625 1439 2695 quod,
1489 2624 1743 2694 exceptis
1791 2624 1939 2681 beati

248 2708 503 2779 Gregorii
556 2710 869 2768 Moralibus
896 2719 951 2768 et
989 2711 1133 2768 libro
1165 2711 1260 2768 illo
1294 2710 1395 2782 qui
1452 2712 1531 2766 De
1581 2710 1858 2767 institutis
1886 2719 1942 2767 et

249 2798 649 2855 collationibus
699 2800 934 2857 Patrum
988 2814 1022 2856 a
1079 2800 1332 2872 quodam
1388 2799 1680 2867 Cassiano,
1732 2800 1834 2871 qui
1886 2808 1941 2857 et

247 2886 492 2943 Joannes
522 2887 751 2956 dicitur,
785 2890 1035 2959 scriptus
1064 2897 1167 2957 est,
1203 2904 1450 2960 quorum
1491 2890 1651 2945 lectio
1680 2889 1943 2946 utilitatis

249 2973 538 3032 immensae
567 2976 837 3033 studiosis
891 2978 1197 3035 lectoribus
1236 2977 1489 3034 fructum
1534 2985 1783 3049 praestat,
1830 2993 1946 3034 cae-

250 3063 501 3130 terisque
548 3065 762 3121 sanctis
818 3066 1154 3123 auctoribus
1212 3064 1309 3137 qui
1360 3067 1430 3122 de
1469 3066 1797 3138 hujusmodi
1842 3081 1946 3122 nos

249 3150 564 3220 instruunt,
621 3153 762 3209 illud
809 3155 1098 3225 praecipue
1149 3155 1422 3212 omnibus
1477 3155 1567 3211 sui
1624 3155 1944 3211 custodiam

252 3240 597 3297 habentibus
627 3249 681 3298 et
736 3253 937 3299 contra
997 3243 1132 3299 vitia
1172 3244 1571 3300 resistentibus
1631 3244 1820 3300 valere
1871 3245 1944 3300 ad

249 3326 630 3397 cognitionem
671 3328 1188 3401 discretionemque
1234 3331 1507 3387 vitiorum
1560 3331 1846 3399 existimo,
1883 3339 1946 3388 ut

249 3414 487 3472 sollicite
516 3424 715 3473 contra
743 3418 1100 3488 cogitatuum
1148 3427 1203 3476 et
1228 3427 1464 3476 actuum
1511 3434 1748 3476 suorum
1784 3422 1946 3477 fluxa

251 3502 530 3559 desideria
561 3518 621 3560 se
648 3504 992 3577 accingant;
1026 3506 1083 3562 in
1116 3507 1329 3577 quibus
1357 3507 1405 3563 si
1445 3507 1683 3563 fideliter
1702 3515 1941 3577 certant,

250 3591 393 3648 nihil
422 3600 506 3649 est
554 3593 648 3650 ubi
682 3601 908 3650 tantum
952 3595 1021 3651 de
1051 3609 1273 3652 morum
1307 3596 1686 3667 qualitatibus
1730 3598 1946 3653 discere

252 3689 487 3751 queant.
522 3682 633 3747 Qui
664 3683 816 3740 enim
848 3698 948 3754 per
976 3683 1126 3740 solas
1154 3684 1519 3741 voluminum
1559 3685 1946 3756 quorumlibet

253 3769 521 3827 lectiones
561 3772 817 3828 exterius
850 3772 1069 3828 institui
1098 3773 1168 3829 de
1196 3772 1286 3828 his
1317 3775 1544 3844 quierit,
1577 3782 1736 3830 tanto
1773 3774 1944 3830 citius

251 3848 629 3928 obliviscitur,
656 3868 874 3930 quanto
900 3875 1001 3932 per
1023 3861 1431 3931 experientiam
1453 3876 1520 3917 ea
1540 3876 1671 3932 quae
1692 3861 1825 3933 legit
1846 3870 1947 3919 aut

252 3947 414 4003 audit
452 3948 604 4004 intra
650 3949 898 4019 seipsum
934 3964 1050 4006 non
1093 3950 1309 4021 relegit.
1356 3950 1725 4021 Experientia
1753 3959 1944 4007 autem

253 4036 394 4092 nihil
426 4037 601 4093 menti
652 4038 921 4095 humanae
952 4037 1154 4095 utilius
1182 4046 1286 4106 est,
1336 4039 1474 4109 quia
1505 4039 1563 4095 in
1610 4052 1716 4095 sua
1744 4039 1942 4095 conﬂi-

251 4125 496 4183 ctatione
525 4126 663 4183 dum
693 4127 972 4184 instanter
998 4134 1326 4197 perseverat
1354 4130 1603 4195 animus,
1634 4136 1690 4185 et
1716 4128 1945 4199 aliquo-

2054 424 2278 466 monem
2326 411 2741 468 exhortationis
2790 412 2858 467 ad
2915 412 3055 468 alios
3102 414 3285 469 facere
3340 413 3627 484 cogimur,
3695 428 3770 467 ac

2053 513 2156 570 per
2207 500 2327 556 haec
2377 500 2449 556 ad
2504 499 2876 572 nosmetipsos
2919 501 3195 557 videndos
3248 501 3351 572 qui
3395 503 3595 571 simus,
3652 504 3766 559 ubi

2048 588 2364 659 jaceamus,
2412 589 2631 646 reducti
2679 588 3135 662 ingemiscimus;
3165 604 3267 646 seu
3305 597 3454 646 certe
3484 605 3618 646 cum
3654 605 3767 661 per

2054 677 2289 735 alterius
2333 693 2652 735 sermonem
2712 678 2970 735 facientis
3012 679 3214 736 vivum
3262 679 3582 751 eloquium,
3629 682 3765 737 sive

2055 780 2155 836 per
2184 765 2396 823 divinae
2428 767 2652 838 paginae
2685 767 2981 824 lectionem
3006 780 3041 822 a
3069 767 3349 840 languore
3381 768 3556 824 animi
3585 769 3767 824 exci—

2053 861 2263 924 tamur,
2298 869 2400 912 seu
2431 855 2881 927 quibuscunque
2911 855 3037 912 aliis
3075 855 3259 913 modis
3306 856 3768 913 innumerabili-

2053 943 2162 1000 bus
2210 952 2265 1001 et
2313 944 2545 1002 omnino
2594 945 2898 1015 insperatis
2940 945 3013 1002 ad
3052 945 3193 1003 bene
3237 946 3528 1019 agendum
3575 960 3767 1002 revo-

2050 1046 2271 1089 camur.

2122 1120 2522 1178 Confitendum
2568 1121 2747 1194 igitur
2777 1130 2860 1179 est
2906 1121 3166 1191 Domino,
3219 1122 3308 1179 his
3352 1122 3603 1180 maxime
3649 1123 3769 1194 qui

2051 1208 2405 1266 descendunt
2424 1224 2600 1278 mare,
2626 1210 2679 1266 id
2709 1220 2793 1267 est
2817 1210 3202 1267 humiliantur
3223 1218 3553 1281 tempestate
3577 1219 3773 1268 tenta-

2051 1296 2242 1367 tionis,
2295 1299 2390 1354 sed
2423 1306 2613 1355 tamen
2662 1308 2799 1356 sunt
2833 1300 2891 1355 in
2922 1299 3190 1367 navibus,
3238 1301 3343 1356 hoc
3369 1308 3451 1356 est
3500 1302 3557 1355 in
3588 1300 3765 1355 dire-

2051 1385 2235 1443 ctione
2266 1386 2373 1457 piae
2394 1387 2741 1456 intentionis,
2771 1388 2930 1459 quia,
2955 1388 3054 1444 etsi
3086 1388 3389 1456 fluctuant,
3420 1394 3607 1443 tamen
3633 1401 3765 1442 non

2053 1481 2428 1546 merguntur,
2488 1478 2750 1543 faciente:
2801 1478 3161 1546 operationem
3225 1479 3283 1530 in
3340 1478 3499 1545 aquis
3556 1476 3764 1530 multis

2051 1562 2217 1634 (Psal.
2260 1579 2361 1628 ενι,
2416 1566 2528 1631 23),
2586 1564 2640 1620 id
2689 1571 2772 1621 est
2822 1564 2968 1621 inter
3013 1564 3332 1621 collisiones
3376 1572 3549 1634 atque
3601 1578 3765 1618 con-

2049 1665 2256 1707 cursus
2305 1667 2450 1722 quos
2487 1653 2746 1708 carnales
2782 1666 2849 1708 ac
2880 1652 3208 1724 spirituales
3254 1654 3499 1722 impetus
3539 1652 3766 1707 adver-

2049 1753 2178 1794 sum
2229 1755 2290 1795 se
2328 1742 2633 1797 acerrimos
2691 1740 2926 1809 faciunt,
2982 1741 3040 1796 in
3073 1741 3177 1797 hoc
3232 1740 3396 1797 home
3425 1739 3767 1810 operationi

2051 1837 2096 1881 α
2136 1827 2479 1895 inserviunt,
2530 1829 2685 1900 quod
2731 1842 2837 1884 nec
2867 1828 3123 1885 studium
3176 1829 3541 1898 repugnandi
3582 1827 3765 1883 dese-

2048 1924 2207 1985 runt,
2252 1932 2356 1973 nec
2385 1917 2550 1972 malis
2590 1918 2845 1986 oppressi
2894 1917 3114 1973 foveam
3163 1916 3574 1986 desperationis
3604 1915 3770 1972 inci-

2048 2005 2217 2071 dunt,
2260 2005 2356 2061 sed
2414 2004 2652 2060 rationis
2702 2004 2915 2061 intuitu
2948 2004 3004 2059 in
3037 2004 3242 2074 Deum,
3275 2005 3375 2074 qui
3425 2013 3625 2074 potens
3668 2012 3779 2060 est

2046 2108 2267 2161 eruere,
2317 2108 2437 2150 sese
2469 2093 2782 2165 projiciunt
2811 2108 2823 2147 :
2858 2092 2947 2148 isti
2976 2108 3140 2162 opera
3189 2094 3400 2146 Domini
3432 2095 3483 2146 et
3512 2091 3766 2145 mirabi—

2049 2183 2127 2238 lia
2155 2184 2273 2253 ejus
2299 2185 2357 2237 in
2384 2181 2662 2254 profundo
2693 2181 2859 2249 (Ibid.
2899 2197 2955 2246 v,
2987 2181 3103 2250 24),
3147 2180 3201 2236 id
3227 2188 3310 2237 est
3341 2181 3399 2236 in
3426 2180 3764 2251 dejectione

2051 2270 2250 2333 animi,
2294 2270 2355 2328 in
2384 2270 2629 2327 obscuro
2675 2268 3089 2337 ﬂuctuationis,
3134 2268 3190 2324 in
3222 2267 3421 2324 timore
3470 2267 3757 2338 peccandi

2048 2360 2323 2427 viderunt,
2359 2360 2415 2416 id
2447 2367 2532 2416 est
2571 2359 2791 2430 experti
2825 2365 2978 2415 sunt.
3013 2357 3314 2428 Magnifice
3357 2356 3508 2413 enim
3541 2355 3751 2412 tentati

2050 2447 2515 2519 magnificentius
2557 2454 2693 2503 sunt
2740 2446 2938 2517 erepti,
2976 2446 3192 2517 gratias
3236 2444 3757 2516 magnificentissi—

2051 2550 2173 2592 mas
2202 2536 2420 2591 debent.

2121 2625 2264 2680 Cum
2295 2639 2431 2695 ergo
2481 2623 2601 2679 hac
2624 2622 2930 2679 evadentes
2966 2621 3224 2692 pericula
3252 2635 3447 2677 secum
3478 2627 3753 2691 pensant,

2050 2713 2191 2783 quid
2237 2712 2305 2768 de
2372 2712 2518 2767 bono
2579 2718 2733 2766 statu
2783 2711 2842 2766 in
2898 2724 3015 2781 quo
3052 2717 3217 2765 erant
3255 2709 3452 2780 positi;
3486 2716 3588 2765 aut
3648 2722 3761 2778 per

2050 2800 2289 2856 nimiam
2337 2799 2724 2864 securitatem,
2779 2810 2897 2868 qua
2942 2811 2999 2853 se
3032 2796 3155 2853 sine
3201 2810 3414 2868 magno
3463 2796 3668 2852 timore
3697 2802 3762 2852 et

1989 2923 2012 2958 γ
2051 2888 2276 2945 cautela
2332 2901 2495 2958 posse
2546 2892 2753 2957 putant
2804 2886 3083 2957 integram
3134 2885 3461 2957 religionem
3517 2891 3754 2951 tenere;

2053 2984 2155 3034 aut
2222 2990 2323 3047 per
2381 2976 2630 3047 ineptam
2693 2974 2968 3042 laetitiam,
3011 2988 3129 3045 qua
3192 2973 3261 3029 de
3311 2973 3433 3029 suis
3494 2972 3659 3028 bonis
3698 2979 3764 3029 et

2053 3066 2336 3123 bonorum
2368 3063 2795 3136 perseverantia
2829 3062 2958 3134 plus
2980 3061 3135 3132 justo
3175 3062 3482 3131 laetantur;
3514 3067 3616 3117 aut
3647 3074 3760 3131 per

2051 3160 2462 3223 contemptum,
2496 3165 2612 3223 quo
2651 3150 2780 3207 aliis
2809 3151 2973 3221 quasi
3021 3149 3171 3205 infra
3201 3164 3259 3206 se
3286 3149 3452 3221 longe
3494 3163 3597 3219 pro
3639 3163 3760 3205 sua

2051 3241 2276 3313 torpida
2304 3242 2425 3297 vita
2447 3239 2775 3312 jacentibus
2807 3239 3222 3310 indignantur;
3254 3244 3355 3293 aut
3384 3237 3443 3293 in
3474 3236 3751 3293 tentatio-

2051 3345 2203 3400 nem,
2237 3336 2339 3387 aut
2386 3330 2446 3386 in
2477 3328 2753 3386 desidiam
2783 3335 2839 3385 et
2870 3335 3152 3398 torporem
3174 3326 3363 3384 delabi
3405 3325 3753 3394 meruerint,

2050 3426 2106 3476 et
2132 3433 2292 3476 nunc
2336 3418 2783 3483 succumbendo,
2816 3432 2975 3472 nunc
3018 3415 3344 3486 superando
3386 3414 3749 3485 passionum,

2051 3508 2106 3564 id
2153 3515 2239 3564 est
2302 3506 2716 3563 desideriorum
2759 3518 2996 3561 suorum
3051 3503 3343 3560 fornacem
3410 3509 3746 3569 evaserunt,

2051 3597 2234 3653 multa
2264 3595 2409 3652 mira
2449 3594 2732 3665 valdeque
2763 3593 2927 3649 utilia
2958 3599 3116 3660 sunt,
3159 3605 3290 3662 quae
3318 3591 3375 3647 in
3408 3591 3530 3647 istis
3568 3589 3752 3647 rebus

2051 3685 2154 3741 sibi
2204 3683 2507 3740 contrariis
2558 3681 2957 3751 comprehendi
3006 3680 3078 3736 ab
3120 3694 3186 3735 co
3218 3679 3318 3749 qui
3366 3678 3565 3735 tolerat
3614 3692 3751 3748 pos-

2051 3781 2206 3840 sunt,
2257 3787 2388 3843 quae
2416 3770 2587 3827 etiam
2629 3768 3040 3840 intelligibilem
3090 3768 3350 3823 animum
3379 3766 3755 3823 vehementer

2050 3862 2221 3918 etiam
2252 3861 2374 3916 sine
2402 3858 2605 3915 litteris
2636 3865 2811 3928 atque
2839 3857 2986 3913 libro
3017 3858 3331 3913 instruunt.

2125 3952 2223 4007 His
2251 3965 2317 4007 ac
2345 3949 2629 4007 similibus
2660 3946 2901 4019 quilibet
2942 3945 3177 4002 docendi
3218 3945 3438 4001 habens
3468 3942 3750 4018 officium,

2053 4039 2337 4097 subtiliter
2377 4038 2423 4095 si
2455 4037 2593 4094 velit
2639 4035 2880 4103 institui,
2933 4035 2988 4090 in
3024 4035 3209 4105 seipso
3257 4034 3507 4105 primum
3542 4040 3749 4103 potest,

2052 4136 2107 4186 et
2152 4126 2516 4199 postmodum
2546 4124 2700 4196 quod
2733 4124 3014 4181 bellorum
3048 4121 3408 4178 internorum
3439 4120 3752 4191 experien-

253 4215 357 4269 ties
384 4214 454 4270 de
501 4214 751 4271 victoriae
794 4230 913 4271 sum
957 4214 1223 4272 felicitate
1254 4215 1507 4287 laetatur;
1542 4216 1679 4273 dum
1711 4232 1944 4288 quoque
1976 4225 2019 4280 1)
2058 4217 2136 4273 tia
2181 4216 2394 4284 docuit,
2428 4215 2609 4271 multo
2637 4212 2919 4284 copiosius
2958 4225 3137 4282 quam
3168 4211 3276 4267 dici
3317 4224 3351 4266 a
3381 4209 3546 4266 nobis
3572 4207 3748 4276 valet,

254 4316 458 4359 rursus
487 4304 660 4359 animi
705 4311 926 4360 mutato
971 4310 1125 4360 statu
1168 4312 1369 4360 contra
1396 4305 1584 4361 cordis
1626 4314 1727 4362 aut
1756 4306 1948 4362 carnis

252 4406 370 4448 sum
400 4398 737 4449 testamenta
769 4392 1036 4459 lassatur,
1074 4399 1129 4449 et
1158 4393 1261 4463 qui
1291 4402 1487 4450 contra
1532 4407 1739 4464 pravos
1767 4409 1945 4465 appe—

254 4482 391 4536 titus
439 4481 1018 4552 corimpenetrahile
1075 4496 1134 4538 se
1186 4480 1397 4538 habere
1456 4483 1772 4553 gaudebat,
1824 4484 1947 4554 jam

251 4569 500 4626 cmollito
541 4570 734 4641 rigore
766 4570 859 4627 illo
903 4569 1177 4627 vitiorum
1206 4577 1380 4627 aestus
1409 4584 1468 4627 se
1519 4586 1678 4642 posse
1705 4572 1947 4629 tolerare

256 4657 478 4727 diffidit,
527 4659 664 4715 dum
702 4660 851 4715 inter
880 4673 1035 4730 spem
1069 4666 1124 4715 et
1154 4666 1371 4716 metum
1400 4673 1564 4716 mens
1604 4660 1948 4717 nutabunda

256 4747 503 4816 \acillat,
551 4748 664 4804 Deo
705 4748 1031 4804 occasiones
1072 4748 1543 4806 subministrante
1572 4750 1849 4821 resurgit;
1893 4758 1949 4807 et

253 4836 323 4891 de
368 4835 499 4893 lacu
551 4835 644 4893 illo
675 4835 949 4903 instabili,
1010 4836 1068 4893 in
1101 4851 1218 4909 quo
1264 4852 1416 4895 czeca
1465 4845 1520 4895 et
1566 4839 1733 4910 quasi
1787 4838 1948 4895 ebria

256 4924 564 4992 icrebatur,
628 4924 701 4982 ad
767 4924 1108 4983 soliditatem
1164 4925 1395 4984 tandem
1441 4925 1802 4998 cogitationis
1847 4927 1949 4983 diu

254 5031 265 5065 t
291 5012 605 5071 ircumaeta
625 5015 955 5072 revertitur.

322 5101 662 5160 Occasiones
702 5111 895 5160 autem
943 5102 1305 5175 resurgendi,
1348 5103 1488 5159 dum
1524 5103 1580 5158 in
1626 5103 1783 5160 lucta
1821 5111 1949 5159 ten—

257 5190 485 5247 tationis
531 5199 631 5247 aut
679 5192 738 5248 in
786 5198 1013 5263 torpore
1064 5192 1271 5248 mentis
1314 5191 1480 5261 positi
1526 5205 1748 5260 sumus,
1798 5192 1951 5248 Deus

258 5279 420 5336 nobis
467 5280 852 5350 administrat,
885 5295 1019 5347 cum
1068 5288 1170 5338 aut
1198 5278 1403 5337 rationi
1449 5287 1657 5337 nostra:
1686 5279 1951 5350 spiritum

256 5368 713 5439 compnnctionis
752 5368 1034 5442 suggerit,
1081 5369 1294 5426 scilicet
1322 5381 1565 5439 pensare
1593 5382 1698 5424 nos
1737 5368 1952 5424 faciens

259 5456 542 5512 miseriam
594 5464 803 5512 nostra;
842 5455 1173 5524 voluntatis,
1230 5463 1350 5522 aut,
1386 5455 1499 5513 Deo
1543 5455 1665 5527 ipso
1716 5455 1950 5526 dispen-

2054 4305 2371 4364 secundum
2405 4304 2559 4376 quod
2589 4302 2696 4359 sibi
2726 4309 3041 4359 eventuum
3080 4313 3321 4357 suorum
3364 4298 3658 4355 commoda
3684 4305 3746 4354 et

2054 4393 2416 4451 incommoda
2466 4390 2792 4447 memoriter
2831 4388 3075 4445 tenenda
3124 4387 3551 4457 impresserunt,
3601 4399 3747 4441 eru—

2053 4483 2177 4540 dire
2211 4480 2521 4538 salubriter
2565 4488 2621 4536 et
2650 4480 2789 4535 alios
2818 4484 3015 4549 potest.
3054 4477 3240 4533 Potest
3286 4475 3526 4547 quilibet
3568 4475 3744 4541 iners,

2051 4579 2106 4628 et
2129 4571 2230 4642 qui
2261 4571 2519 4627 militiam
2552 4581 2857 4638 nunquam
2887 4579 3154 4621 exercere
3182 4564 3272 4621 vel
3319 4563 3571 4634 cmperit,
3603 4562 3747 4632 quia

2055 4660 2329 4717 bellantes
2358 4656 2582 4723 viderit,
2627 4655 2716 4710 vel
2749 4654 2897 4710 bella
2927 4653 3152 4709 narrari
3187 4652 3453 4719 audierit,
3487 4651 3555 4707 de
3584 4650 3749 4706 bellis

2055 4749 2236 4805 multa
2283 4748 2489 4813 dicere,
2524 4744 2618 4800 sed
2652 4743 2819 4814 longe
2850 4741 3204 4798 dissimiliter
3247 4741 3338 4796 ille
3383 4739 3529 4797 bella
3558 4752 3749 4795 reme-

2053 4842 2259 4903 morat,
2293 4833 2395 4905 qui
2444 4833 2501 4889 in
2534 4831 2679 4887 bello
2715 4829 2997 4901 pugnavit
3025 4836 3080 4885 et
3110 4828 3488 4899 impugnatus
3509 4833 3611 4895 est,
3642 4826 3748 4897 qui

2055 4922 2328 4981 militaria
2358 4921 2491 4978 fecit
2529 4927 2585 4976 et
2617 4932 2820 4989 passus
2847 4925 2950 4973 est.

2126 5012 2217 5068 Sic
2263 5010 2326 5067 fit
2371 5018 2427 5067 et
2472 5009 2532 5065 in
2581 5006 3001 5077 spiritualibus,
3049 5005 3188 5061 dum
3235 5003 3479 5074 aliquos,
3528 5016 3658 5072 quze
3690 5002 3748 5059 in

2056 5099 2219 5158 libris
2260 5094 2502 5170 legerint
2533 5094 2616 5150 vel
2662 5093 2733 5150 ab
2782 5093 2908 5149 aliis
2954 5092 3260 5159 audierint,
3311 5089 3583 5147 audimus
3611 5091 3751 5147 satis

2058 5187 2304 5247 facunde
2330 5185 2553 5256 eloqui;
2602 5183 2698 5239 sed
2730 5182 2898 5253 longe
2928 5182 3107 5238 altera
3136 5178 3477 5235 auctoritate
3509 5177 3578 5234 de
3605 5192 3749 5235 con-

2058 5290 2258 5349 gressu
2310 5272 2597 5346 spirituali
2650 5271 2742 5328 ille
2789 5278 3014 5335 tractat,
3048 5277 3103 5326 et
3145 5268 3312 5341 quasi
3371 5266 3551 5339 digito
3593 5268 3782 5337 quod~

2057 5365 2193 5423 dicit
2221 5370 2482 5431 ostentat,
2533 5361 2628 5418 cui
2665 5359 2822 5417 testis
2860 5373 3058 5415 eorum
3103 5372 3234 5428 quae
3271 5372 3370 5413 ore
3415 5356 3749 5426 pronuntiat

2056 5450 2401 5509 conscientia
2432 5456 2596 5506 astat.
2648 5449 2718 5504 Et
2746 5446 2977 5517 quidem
3006 5445 3171 5502 valde
3213 5445 3435 5516 proficit
3466 5443 3743 5511 litteratis,
