  <div class='ocr_page' id='page_1' title='image "/cluster/home/n/w/nwhite01/storage/ocr_20150623/156/hvd.32044054760145/020.png"; bbox 0 0 3874 6048; ppageno 0'>
   <div class='ocr_carea' id='block_1_1' title="bbox 66 217 135 269">
    <p class='ocr_par' dir='ltr' id='par_1_1' title="bbox 66 217 135 269">
     <span class='ocr_line' id='line_1_1' title="bbox 66 217 135 269; baseline 0.029 -2"><span class='ocrx_word' id='word_1_1' title='bbox 66 217 135 269; x_wconf 79' lang='lat'><strong>29</strong></span> 
     </span>
    </p>
   </div>
   <div class='ocr_carea' id='block_1_2' title="bbox 1070 212 2619 279">
    <p class='ocr_par' dir='ltr' id='par_1_2' title="bbox 1070 212 2619 279">
     <span class='ocr_line' id='line_1_2' title="bbox 1070 212 2619 279; baseline 0.002 -10"><span class='ocrx_word' id='word_1_2' title='bbox 1070 214 1280 270; x_wconf 81' lang='lat' dir='ltr'><strong>LIBER</strong></span> <span class='ocrx_word' id='word_1_3' title='bbox 1319 212 1468 279; x_wconf 88' lang='lat' dir='ltr'><strong>QUO</strong></span> <span class='ocrx_word' id='word_1_4' title='bbox 1506 213 1767 271; x_wconf 79' lang='lat' dir='ltr'><strong>ORDINE</strong></span> <span class='ocrx_word' id='word_1_5' title='bbox 1807 215 2042 273; x_wconf 77' lang='lat' dir='ltr'><strong>SERMO</strong></span> <span class='ocrx_word' id='word_1_6' title='bbox 2082 216 2276 274; x_wconf 76' lang='lat' dir='ltr'><strong>FIEHI</strong></span> <span class='ocrx_word' id='word_1_7' title='bbox 2318 216 2619 274; x_wconf 65' lang='lat' dir='ltr'><strong>DEBEAT&#39;.</strong></span> 
     </span>
    </p>
   </div>
   <div class='ocr_carea' id='block_1_3' title="bbox 3532 220 3602 273">
    <p class='ocr_par' dir='ltr' id='par_1_3' title="bbox 3532 220 3602 273">
     <span class='ocr_line' id='line_1_3' title="bbox 3532 220 3602 273; baseline 0.014 -1"><span class='ocrx_word' id='word_1_8' title='bbox 3532 220 3602 273; x_wconf 88' lang='lat'><strong>30</strong></span> 
     </span>
    </p>
   </div>
   <div class='ocr_carea' id='block_1_4' title="bbox 60 336 3602 413">
    <p class='ocr_par' dir='ltr' id='par_1_4' title="bbox 60 336 3602 413">
     <span class='ocr_line' id='line_1_4' title="bbox 60 336 3602 413; baseline 0.002 -20"><span class='ocrx_word' id='word_1_9' title='bbox 60 339 103 393; x_wconf 87' lang='lat' dir='ltr'><strong>si</strong></span> <span class='ocrx_word' id='word_1_10' title='bbox 128 352 205 394; x_wconf 85' lang='lat' dir='ltr'><strong>ea</strong></span> <span class='ocrx_word' id='word_1_11' title='bbox 237 336 421 395; x_wconf 88' lang='lat' dir='ltr'><strong>etiam</strong></span> <span class='ocrx_word' id='word_1_12' title='bbox 442 352 573 409; x_wconf 70' lang='lat' dir='ltr'><strong>qum</strong></span> <span class='ocrx_word' id='word_1_13' title='bbox 604 336 705 408; x_wconf 86' lang='lat' dir='ltr'><strong>ipsi</strong></span> <span class='ocrx_word' id='word_1_14' title='bbox 736 343 953 394; x_wconf 89' lang='lat' dir='ltr'><strong>norunt</strong></span> <span class='ocrx_word' id='word_1_15' title='bbox 971 336 1308 407; x_wconf 88' lang='lat' dir='ltr'><strong>eloquenter</strong></span> <span class='ocrx_word' id='word_1_16' title='bbox 1335 336 1440 393; x_wconf 84' lang='lat' dir='ltr'><strong>sibi</strong></span> <span class='ocrx_word' id='word_1_17' title='bbox 1471 336 1777 404; x_wconf 76' lang='lat' dir='ltr'><strong>dicantur;</strong></span> <span class='ocrx_word' id='word_1_18' title='bbox 1811 350 1856 403; x_wconf 78' lang='grc' dir='ltr'><strong>Α</strong></span> <span class='ocrx_word' id='word_1_19' title='bbox 1895 337 2124 408; x_wconf 84' lang='lat' dir='ltr'><strong>divinis,</strong></span> <span class='ocrx_word' id='word_1_20' title='bbox 2158 341 2255 397; x_wconf 90' lang='lat' dir='ltr'><strong>sed</strong></span> <span class='ocrx_word' id='word_1_21' title='bbox 2280 340 2454 397; x_wconf 89' lang='lat' dir='ltr'><strong>etiam</strong></span> <span class='ocrx_word' id='word_1_22' title='bbox 2503 355 2643 411; x_wconf 88' lang='lat' dir='ltr'><strong>pene</strong></span> <span class='ocrx_word' id='word_1_23' title='bbox 2698 341 2757 396; x_wconf 93' lang='lat' dir='ltr'><strong>in</strong></span> <span class='ocrx_word' id='word_1_24' title='bbox 2804 339 2893 396; x_wconf 89' lang='lat' dir='ltr'><strong>his</strong></span> <span class='ocrx_word' id='word_1_25' title='bbox 2925 340 3196 398; x_wconf 89' lang='lat' dir='ltr'><strong>omnibus</strong></span> <span class='ocrx_word' id='word_1_26' title='bbox 3228 346 3270 396; x_wconf 66' lang='grc' dir='ltr'><strong><em>τ</em></strong></span> <span class='ocrx_word' id='word_1_27' title='bbox 3299 356 3432 413; x_wconf 78' lang='lat' dir='ltr'><strong>quae</strong></span> <span class='ocrx_word' id='word_1_28' title='bbox 3456 342 3602 400; x_wconf 90' lang='lat' dir='ltr'><strong>sub-</strong></span> 
     </span>
    </p>
   </div>
   <div class='ocr_carea' id='block_1_5' title="bbox 62 425 1791 497">
    <p class='ocr_par' dir='ltr' id='par_1_5' title="bbox 62 425 1791 497">
     <span class='ocr_line' id='line_1_5' title="bbox 62 425 1791 497; baseline 0.001 -15"><span class='ocrx_word' id='word_1_29' title='bbox 62 429 165 483; x_wconf 84' lang='lat' dir='ltr'><strong>sed</strong></span> <span class='ocrx_word' id='word_1_30' title='bbox 224 426 276 483; x_wconf 89' lang='lat' dir='ltr'>si</span> <span class='ocrx_word' id='word_1_31' title='bbox 330 428 530 484; x_wconf 88' lang='lat' dir='ltr'><strong>minus</strong></span> <span class='ocrx_word' id='word_1_32' title='bbox 574 433 893 495; x_wconf 88' lang='lat' dir='ltr'><strong>accurrate,</strong></span> <span class='ocrx_word' id='word_1_33' title='bbox 949 425 1246 482; x_wconf 76' lang='lat' dir='ltr'><strong>fastidium</strong></span> <span class='ocrx_word' id='word_1_34' title='bbox 1304 434 1358 482; x_wconf 86' lang='lat' dir='ltr'><strong>et</strong></span> <span class='ocrx_word' id='word_1_35' title='bbox 1399 434 1791 497; x_wconf 90' lang='lat' dir='ltr'><strong>contemptum</strong></span> 
     </span>
    </p>
   </div>
   <div class='ocr_carea' id='block_1_6' title="bbox 62 514 1795 587">
    <p class='ocr_par' dir='ltr' id='par_1_6' title="bbox 62 514 1795 587">
     <span class='ocr_line' id='line_1_6' title="bbox 62 514 1795 587; baseline 0 -14"><span class='ocrx_word' id='word_1_36' title='bbox 62 517 148 573; x_wconf 88' lang='lat' dir='ltr'><strong>eis</strong></span> <span class='ocrx_word' id='word_1_37' title='bbox 196 516 484 587; x_wconf 87' lang='lat' dir='ltr'><strong>pariunt:</strong></span> <span class='ocrx_word' id='word_1_38' title='bbox 543 516 695 572; x_wconf 89' lang='lat' dir='ltr'><strong>unde</strong></span> <span class='ocrx_word' id='word_1_39' title='bbox 759 529 892 572; x_wconf 90' lang='lat' dir='ltr'><strong>cum</strong></span> <span class='ocrx_word' id='word_1_40' title='bbox 945 514 1208 571; x_wconf 87' lang='lat' dir='ltr'><strong>litteratis</strong></span> <span class='ocrx_word' id='word_1_41' title='bbox 1250 522 1425 587; x_wconf 88' lang='lat' dir='ltr'><strong>atque</strong></span> <span class='ocrx_word' id='word_1_42' title='bbox 1490 516 1795 573; x_wconf 89' lang='lat' dir='ltr'><strong>illitteratis</strong></span> 
     </span>
    </p>
   </div>
   <div class='ocr_carea' id='block_1_7' title="bbox 66 605 1796 676">
    <p class='ocr_par' dir='ltr' id='par_1_7' title="bbox 66 605 1796 676">
     <span class='ocr_line' id='line_1_7' title="bbox 66 605 1796 676; baseline 0.001 -16"><span class='ocrx_word' id='word_1_43' title='bbox 66 607 302 675; x_wconf 89' lang='lat' dir='ltr'><strong>pariter</strong></span> <span class='ocrx_word' id='word_1_44' title='bbox 336 605 534 676; x_wconf 85' lang='lat' dir='ltr'><strong>positis</strong></span> <span class='ocrx_word' id='word_1_45' title='bbox 555 605 1057 661; x_wconf 83' lang='lat' dir='ltr'><strong>commonitorium</strong></span> <span class='ocrx_word' id='word_1_46' title='bbox 1081 605 1345 672; x_wconf 81' lang='lat' dir='ltr'><strong>facimus,</strong></span> <span class='ocrx_word' id='word_1_47' title='bbox 1370 605 1567 675; x_wconf 87' lang='lat' dir='ltr'><strong>aliqua</strong></span> <span class='ocrx_word' id='word_1_48' title='bbox 1602 605 1796 663; x_wconf 90' lang='lat' dir='ltr'><strong>minus</strong></span> 
     </span>
    </p>
   </div>
   <div class='ocr_carea' id='block_1_8' title="bbox 67 692 1795 765">
    <p class='ocr_par' dir='ltr' id='par_1_8' title="bbox 67 692 1795 765">
     <span class='ocr_line' id='line_1_8' title="bbox 67 692 1795 765; baseline 0.001 -17"><span class='ocrx_word' id='word_1_49' title='bbox 67 693 314 760; x_wconf 80' lang='lat' dir='ltr'><strong>usitata,</strong></span> <span class='ocrx_word' id='word_1_50' title='bbox 352 702 605 749; x_wconf 80' lang='lat' dir='ltr'><strong>attamen</strong></span> <span class='ocrx_word' id='word_1_51' title='bbox 639 692 1038 764; x_wconf 89' lang='lat' dir='ltr'><strong>intelligibilia.</strong></span> <span class='ocrx_word' id='word_1_52' title='bbox 1092 693 1327 764; x_wconf 80' lang='lat' dir='ltr'><strong>utrique</strong></span> <span class='ocrx_word' id='word_1_53' title='bbox 1369 693 1516 765; x_wconf 87' lang='lat' dir='ltr'><strong>parti</strong></span> <span class='ocrx_word' id='word_1_54' title='bbox 1545 694 1795 763; x_wconf 82' lang='lat' dir='ltr'><strong>proferre</strong></span> 
     </span>
    </p>
   </div>
   <div class='ocr_carea' id='block_1_9' title="bbox 70 780 1794 852">
    <p class='ocr_par' dir='ltr' id='par_1_9' title="bbox 70 780 1794 852">
     <span class='ocr_line' id='line_1_9' title="bbox 70 780 1794 852; baseline 0.002 -17"><span class='ocrx_word' id='word_1_55' title='bbox 70 780 385 848; x_wconf 83' lang='lat' dir='ltr'><strong>debemus,</strong></span> <span class='ocrx_word' id='word_1_56' title='bbox 438 781 592 837; x_wconf 89' lang='lat' dir='ltr'><strong>unde</strong></span> <span class='ocrx_word' id='word_1_57' title='bbox 627 794 828 836; x_wconf 87' lang='lat' dir='ltr'><strong>eorum</strong></span> <span class='ocrx_word' id='word_1_58' title='bbox 879 780 1047 836; x_wconf 67' lang='lat' dir='ltr'><strong>taedia</strong></span> <span class='ocrx_word' id='word_1_59' title='bbox 1108 781 1210 852; x_wconf 93' lang='lat' dir='ltr'><strong>qui</strong></span> <span class='ocrx_word' id='word_1_60' title='bbox 1250 795 1320 838; x_wconf 91' lang='lat' dir='ltr'><strong>ea</strong></span> <span class='ocrx_word' id='word_1_61' title='bbox 1366 796 1498 852; x_wconf 71' lang='lat' dir='ltr'><strong>quae</strong></span> <span class='ocrx_word' id='word_1_62' title='bbox 1549 781 1794 838; x_wconf 89' lang='lat' dir='ltr'><strong>dicimus</strong></span> 
     </span>
    </p>
   </div>
   <div class='ocr_carea' id='block_1_10' title="bbox 69 869 1795 940">
    <p class='ocr_par' dir='ltr' id='par_1_10' title="bbox 69 869 1795 940">
     <span class='ocr_line' id='line_1_10' title="bbox 69 869 1795 940; baseline 0.002 -17"><span class='ocrx_word' id='word_1_63' title='bbox 69 869 217 924; x_wconf 91' lang='lat' dir='ltr'><strong>satis</strong></span> <span class='ocrx_word' id='word_1_64' title='bbox 249 872 468 935; x_wconf 90' lang='lat' dir='ltr'><strong>sciunt,</strong></span> <span class='ocrx_word' id='word_1_65' title='bbox 496 883 784 926; x_wconf 88' lang='lat' dir='ltr'><strong>removere</strong></span> <span class='ocrx_word' id='word_1_66' title='bbox 814 870 1117 940; x_wconf 86' lang='lat' dir='ltr'><strong>possimus.</strong></span> <span class='ocrx_word' id='word_1_67' title='bbox 1151 869 1312 937; x_wconf 84' lang='lat' dir='ltr'><strong>Quod</strong></span> <span class='ocrx_word' id='word_1_68' title='bbox 1357 871 1417 926; x_wconf 86' lang='lat' dir='ltr'><strong>tit</strong></span> <span class='ocrx_word' id='word_1_69' title='bbox 1445 886 1579 927; x_wconf 91' lang='lat' dir='ltr'><strong>cum</strong></span> <span class='ocrx_word' id='word_1_70' title='bbox 1611 871 1795 928; x_wconf 85' lang='lat' dir='ltr'><strong>sancti</strong></span> 
     </span>
    </p>
   </div>
   <div class='ocr_carea' id='block_1_11' title="bbox 76 958 1795 1031">
    <p class='ocr_par' dir='ltr' id='par_1_11' title="bbox 76 958 1795 1031">
     <span class='ocr_line' id='line_1_11' title="bbox 76 958 1795 1031; baseline 0.003 -20"><span class='ocrx_word' id='word_1_71' title='bbox 76 958 396 1029; x_wconf 74' lang='lat' dir='ltr'><strong>Evangelii</strong></span> <span class='ocrx_word' id='word_1_72' title='bbox 432 959 701 1014; x_wconf 85' lang='lat' dir='ltr'><strong>lectiones</strong></span> <span class='ocrx_word' id='word_1_73' title='bbox 719 959 1078 1028; x_wconf 88' lang='lat' dir='ltr'><strong>exponendo,</strong></span> <span class='ocrx_word' id='word_1_74' title='bbox 1105 958 1407 1030; x_wconf 85' lang='lat' dir='ltr'><strong>quippiam</strong></span> <span class='ocrx_word' id='word_1_75' title='bbox 1428 959 1591 1016; x_wconf 84' lang='lat' dir='ltr'><strong>aliter</strong></span> <span class='ocrx_word' id='word_1_76' title='bbox 1619 975 1795 1031; x_wconf 88' lang='lat' dir='ltr'><strong>quam</strong></span> 
     </span>
    </p>
   </div>
   <div class='ocr_carea' id='block_1_12' title="bbox 78 1046 1791 1117">
    <p class='ocr_par' dir='ltr' id='par_1_12' title="bbox 78 1046 1791 1117">
     <span class='ocr_line' id='line_1_12' title="bbox 78 1046 1791 1117; baseline 0.003 -16"><span class='ocrx_word' id='word_1_77' title='bbox 78 1048 316 1102; x_wconf 72' lang='lat' dir='ltr'><strong>usitata:</strong></span> <span class='ocrx_word' id='word_1_78' title='bbox 375 1046 753 1117; x_wconf 82' lang='lat' dir='ltr'><strong>expositiones</strong></span> <span class='ocrx_word' id='word_1_79' title='bbox 801 1047 1031 1112; x_wconf 87' lang='lat' dir='ltr'><strong>habent,</strong></span> <span class='ocrx_word' id='word_1_80' title='bbox 1084 1047 1376 1103; x_wconf 86' lang='lat' dir='ltr'><strong>moraliter</strong></span> <span class='ocrx_word' id='word_1_81' title='bbox 1442 1048 1791 1117; x_wconf 87' lang='lat' dir='ltr'><strong>inducimus,</strong></span> 
     </span>
    </p>
   </div>
   <div class='ocr_carea' id='block_1_13' title="bbox 76 1135 1794 1209">
    <p class='ocr_par' dir='ltr' id='par_1_13' title="bbox 76 1135 1794 1209">
     <span class='ocr_line' id='line_1_13' title="bbox 76 1135 1794 1209; baseline 0.003 -19"><span class='ocrx_word' id='word_1_82' title='bbox 76 1143 131 1191; x_wconf 88' lang='lat' dir='ltr'><strong>et</strong></span> <span class='ocrx_word' id='word_1_83' title='bbox 185 1135 366 1205; x_wconf 88' lang='lat' dir='ltr'><strong>quasi</strong></span> <span class='ocrx_word' id='word_1_84' title='bbox 420 1135 844 1206; x_wconf 88' lang='lat' dir='ltr'><strong>quodammodo</strong></span> <span class='ocrx_word' id='word_1_85' title='bbox 919 1136 989 1192; x_wconf 92' lang='lat' dir='ltr'><strong>de</strong></span> <span class='ocrx_word' id='word_1_86' title='bbox 1044 1136 1221 1193; x_wconf 83' lang='lat' dir='ltr'><strong>Veteri</strong></span> <span class='ocrx_word' id='word_1_87' title='bbox 1283 1137 1534 1193; x_wconf 86' lang='lat' dir='ltr'><strong>maceria</strong></span> <span class='ocrx_word' id='word_1_88' title='bbox 1589 1151 1794 1209; x_wconf 88' lang='lat' dir='ltr'><strong>super-</strong></span> 
     </span>
    </p>
   </div>
   <div class='ocr_carea' id='block_1_14' title="bbox 81 1225 938 1282">
    <p class='ocr_par' dir='ltr' id='par_1_14' title="bbox 81 1225 938 1282">
     <span class='ocr_line' id='line_1_14' title="bbox 81 1225 938 1282; baseline 0 -2"><span class='ocrx_word' id='word_1_89' title='bbox 81 1225 351 1281; x_wconf 86' lang='lat' dir='ltr'><strong>liniendo</strong></span> <span class='ocrx_word' id='word_1_90' title='bbox 380 1238 590 1280; x_wconf 87' lang='lat' dir='ltr'><strong>novam</strong></span> <span class='ocrx_word' id='word_1_91' title='bbox 625 1225 938 1282; x_wconf 87' lang='lat' dir='ltr'><strong>reddimus.</strong></span> 
     </span>
    </p>
   </div>
   <div class='ocr_carea' id='block_1_15' title="bbox 150 1313 1796 1386">
    <p class='ocr_par' dir='ltr' id='par_1_15' title="bbox 150 1313 1796 1386">
     <span class='ocr_line' id='line_1_15' title="bbox 150 1313 1796 1386; baseline 0.002 -17"><span class='ocrx_word' id='word_1_92' title='bbox 150 1313 307 1369; x_wconf 84' lang='lat' dir='ltr'><strong>Sunt</strong></span> <span class='ocrx_word' id='word_1_93' title='bbox 358 1313 526 1383; x_wconf 86' lang='lat' dir='ltr'><strong>plane</strong></span> <span class='ocrx_word' id='word_1_94' title='bbox 572 1314 839 1383; x_wconf 68' lang='lat' dir='ltr'><strong>quaedam</strong></span> <span class='ocrx_word' id='word_1_95' title='bbox 896 1313 1332 1386; x_wconf 83' lang='lat' dir='ltr'><strong>evangeliorum</strong></span> <span class='ocrx_word' id='word_1_96' title='bbox 1378 1314 1650 1385; x_wconf 88' lang='lat' dir='ltr'><strong>capitula,</strong></span> <span class='ocrx_word' id='word_1_97' title='bbox 1700 1330 1796 1372; x_wconf 88' lang='lat' dir='ltr'><strong>so-</strong></span> 
     </span>
    </p>
   </div>
   <div class='ocr_carea' id='block_1_16' title="bbox 80 1401 1796 1474">
    <p class='ocr_par' dir='ltr' id='par_1_16' title="bbox 80 1401 1796 1474">
     <span class='ocr_line' id='line_1_16' title="bbox 80 1401 1796 1474; baseline 0.002 -18"><span class='ocrx_word' id='word_1_98' title='bbox 80 1401 385 1457; x_wconf 88' lang='lat' dir='ltr'><strong>lummodo</strong></span> <span class='ocrx_word' id='word_1_99' title='bbox 417 1417 450 1457; x_wconf 89' lang='lat' dir='ltr'><strong>a</strong></span> <span class='ocrx_word' id='word_1_100' title='bbox 483 1402 748 1458; x_wconf 89' lang='lat' dir='ltr'><strong>Patribus</strong></span> <span class='ocrx_word' id='word_1_101' title='bbox 776 1402 1076 1474; x_wconf 82' lang='lat' dir='ltr'><strong>allegorice</strong></span> <span class='ocrx_word' id='word_1_102' title='bbox 1098 1411 1359 1472; x_wconf 88' lang='lat' dir='ltr'><strong>tractata,</strong></span> <span class='ocrx_word' id='word_1_103' title='bbox 1389 1411 1443 1460; x_wconf 91' lang='lat' dir='ltr'><strong>et</strong></span> <span class='ocrx_word' id='word_1_104' title='bbox 1465 1404 1536 1460; x_wconf 88' lang='lat' dir='ltr'><strong>ad</strong></span> <span class='ocrx_word' id='word_1_105' title='bbox 1565 1404 1796 1460; x_wconf 77' lang='lat' dir='ltr'><strong>Judan-</strong></span> 
     </span>
    </p>
   </div>
   <div class='ocr_carea' id='block_1_17' title="bbox 81 1490 1795 1563">
    <p class='ocr_par' dir='ltr' id='par_1_17' title="bbox 81 1490 1795 1563">
     <span class='ocr_line' id='line_1_17' title="bbox 81 1490 1795 1563; baseline 0.002 -18"><span class='ocrx_word' id='word_1_106' title='bbox 81 1505 213 1545; x_wconf 87' lang='lat' dir='ltr'><strong>rum</strong></span> <span class='ocrx_word' id='word_1_107' title='bbox 267 1490 656 1561; x_wconf 85' lang='lat' dir='ltr'><strong>gentiumque</strong></span> <span class='ocrx_word' id='word_1_108' title='bbox 688 1504 987 1561; x_wconf 87' lang='lat' dir='ltr'><strong>personam</strong></span> <span class='ocrx_word' id='word_1_109' title='bbox 1034 1492 1314 1562; x_wconf 86' lang='lat' dir='ltr'><strong>exposita,</strong></span> <span class='ocrx_word' id='word_1_110' title='bbox 1365 1507 1496 1563; x_wconf 68' lang='lat' dir='ltr'><strong>quae</strong></span> <span class='ocrx_word' id='word_1_111' title='bbox 1526 1501 1719 1549; x_wconf 89' lang='lat' dir='ltr'><strong>tamen</strong></span> <span class='ocrx_word' id='word_1_112' title='bbox 1747 1493 1795 1549; x_wconf 92' lang='lat' dir='ltr'><strong>si</strong></span> 
     </span>
    </p>
   </div>
   <div class='ocr_carea' id='block_1_18' title="bbox 83 1577 1796 1650">
    <p class='ocr_par' dir='ltr' id='par_1_18' title="bbox 83 1577 1796 1650">
     <span class='ocr_line' id='line_1_18' title="bbox 83 1577 1796 1650; baseline 0.004 -17"><span class='ocrx_word' id='word_1_113' title='bbox 83 1578 303 1649; x_wconf 84' lang='lat' dir='ltr'><strong>aliquis</strong></span> <span class='ocrx_word' id='word_1_114' title='bbox 336 1577 640 1649; x_wconf 83' lang='lat' dir='ltr'><strong>perspicax</strong></span> <span class='ocrx_word' id='word_1_115' title='bbox 671 1587 727 1635; x_wconf 86' lang='lat' dir='ltr'><strong>et</strong></span> <span class='ocrx_word' id='word_1_116' title='bbox 773 1579 1205 1650; x_wconf 90' lang='lat' dir='ltr'><strong>Seripturarum</strong></span> <span class='ocrx_word' id='word_1_117' title='bbox 1249 1582 1543 1638; x_wconf 90' lang='lat' dir='ltr'><strong>studiosus</strong></span> <span class='ocrx_word' id='word_1_118' title='bbox 1585 1596 1796 1639; x_wconf 90' lang='lat' dir='ltr'><strong>secun-</strong></span> 
     </span>
    </p>
   </div>
   <div class='ocr_carea' id='block_1_19' title="bbox 1896 428 3598 500">
    <p class='ocr_par' dir='ltr' id='par_1_19' title="bbox 1896 428 3598 500">
     <span class='ocr_line' id='line_1_19' title="bbox 1896 428 3598 500; baseline 0.004 -18"><span class='ocrx_word' id='word_1_119' title='bbox 1896 428 2090 500; x_wconf 88' lang='lat' dir='ltr'><strong>jacent</strong></span> <span class='ocrx_word' id='word_1_120' title='bbox 2126 430 2324 498; x_wconf 76' lang='lat' dir='ltr'><strong>oculis,</strong></span> <span class='ocrx_word' id='word_1_121' title='bbox 2365 429 2824 500; x_wconf 84' lang='lat' dir='ltr'><strong>comparationes</strong></span> <span class='ocrx_word' id='word_1_122' title='bbox 2858 429 2998 486; x_wconf 87' lang='lat' dir='ltr'><strong>satis</strong></span> <span class='ocrx_word' id='word_1_123' title='bbox 3032 431 3265 488; x_wconf 86' lang='lat' dir='ltr'><strong>idoneas</strong></span> <span class='ocrx_word' id='word_1_124' title='bbox 3313 434 3370 488; x_wconf 90' lang='lat' dir='ltr'><strong>in</strong></span> <span class='ocrx_word' id='word_1_125' title='bbox 3399 447 3598 490; x_wconf 89' lang='lat' dir='ltr'><strong>exem-</strong></span> 
     </span>
    </p>
   </div>
   <div class='ocr_carea' id='block_1_20' title="bbox 1905 517 3600 592">
    <p class='ocr_par' dir='ltr' id='par_1_20' title="bbox 1905 517 3600 592">
     <span class='ocr_line' id='line_1_20' title="bbox 1905 517 3600 592; baseline 0.004 -20"><span class='ocrx_word' id='word_1_126' title='bbox 1905 517 2064 587; x_wconf 88' lang='lat' dir='ltr'><strong>plum</strong></span> <span class='ocrx_word' id='word_1_127' title='bbox 2096 525 2151 575; x_wconf 93' lang='lat' dir='ltr'><strong>et</strong></span> <span class='ocrx_word' id='word_1_128' title='bbox 2197 519 2610 590; x_wconf 76' lang='lat' dir='ltr'><strong>signiﬁcantius</strong></span> <span class='ocrx_word' id='word_1_129' title='bbox 2672 519 2840 575; x_wconf 87' lang='lat' dir='ltr'><strong>utiles</strong></span> <span class='ocrx_word' id='word_1_130' title='bbox 2886 519 3118 576; x_wconf 91' lang='lat' dir='ltr'><strong>illarum</strong></span> <span class='ocrx_word' id='word_1_131' title='bbox 3157 535 3306 592; x_wconf 88' lang='lat' dir='ltr'><strong>quas</strong></span> <span class='ocrx_word' id='word_1_132' title='bbox 3359 536 3435 578; x_wconf 82' lang='lat' dir='ltr'><strong>ex</strong></span> <span class='ocrx_word' id='word_1_133' title='bbox 3489 537 3600 579; x_wconf 86' lang='lat' dir='ltr'><strong>usu</strong></span> 
     </span>
    </p>
   </div>
   <div class='ocr_carea' id='block_1_21' title="bbox 1902 606 3597 676">
    <p class='ocr_par' dir='ltr' id='par_1_21' title="bbox 1902 606 3597 676">
     <span class='ocr_line' id='line_1_21' title="bbox 1902 606 3597 676; baseline 0.004 -15"><span class='ocrx_word' id='word_1_134' title='bbox 1902 606 2137 661; x_wconf 87' lang='lat' dir='ltr'><strong>assiduo</strong></span> <span class='ocrx_word' id='word_1_135' title='bbox 2186 606 2347 662; x_wconf 87' lang='lat' dir='ltr'><strong>nihili</strong></span> <span class='ocrx_word' id='word_1_136' title='bbox 2402 608 2704 676; x_wconf 88' lang='lat' dir='ltr'><strong>pendimus</strong></span> <span class='ocrx_word' id='word_1_137' title='bbox 2761 622 2957 664; x_wconf 89' lang='lat' dir='ltr'><strong>rerum</strong></span> <span class='ocrx_word' id='word_1_138' title='bbox 3028 608 3315 666; x_wconf 88' lang='lat' dir='ltr'><strong>uberrime</strong></span> <span class='ocrx_word' id='word_1_139' title='bbox 3360 610 3597 675; x_wconf 88' lang='lat' dir='ltr'><strong>invenit,</strong></span> 
     </span>
    </p>
   </div>
   <div class='ocr_carea' id='block_1_22' title="bbox 1902 696 3601 768">
    <p class='ocr_par' dir='ltr' id='par_1_22' title="bbox 1902 696 3601 768">
     <span class='ocr_line' id='line_1_22' title="bbox 1902 696 3601 768; baseline 0.002 -18"><span class='ocrx_word' id='word_1_140' title='bbox 1902 708 2034 764; x_wconf 65' lang='lat' dir='ltr'><strong>qua:</strong></span> <span class='ocrx_word' id='word_1_141' title='bbox 2068 702 2222 751; x_wconf 88' lang='lat' dir='ltr'><strong>tanto</strong></span> <span class='ocrx_word' id='word_1_142' title='bbox 2268 696 2468 752; x_wconf 89' lang='lat' dir='ltr'><strong>utilius</strong></span> <span class='ocrx_word' id='word_1_143' title='bbox 2496 697 2826 767; x_wconf 85' lang='lat' dir='ltr'><strong>cogitantur</strong></span> <span class='ocrx_word' id='word_1_144' title='bbox 2881 711 2998 768; x_wconf 92' lang='lat' dir='ltr'><strong>quo</strong></span> <span class='ocrx_word' id='word_1_145' title='bbox 3047 698 3444 755; x_wconf 89' lang='lat' dir='ltr'><strong>benevolentia</strong></span> <span class='ocrx_word' id='word_1_146' title='bbox 3490 699 3601 755; x_wconf 91' lang='lat' dir='ltr'><strong>illis</strong></span> 
     </span>
    </p>
   </div>
   <div class='ocr_carea' id='block_1_23' title="bbox 1902 784 3601 859">
    <p class='ocr_par' dir='ltr' id='par_1_23' title="bbox 1902 784 3601 859">
     <span class='ocr_line' id='line_1_23' title="bbox 1902 784 3601 859; baseline 0.004 -21"><span class='ocrx_word' id='word_1_147' title='bbox 1902 784 2175 853; x_wconf 89' lang='lat' dir='ltr'><strong>ampliore</strong></span> <span class='ocrx_word' id='word_1_148' title='bbox 2200 785 2493 853; x_wconf 90' lang='lat' dir='ltr'><strong>dicuntur,</strong></span> <span class='ocrx_word' id='word_1_149' title='bbox 2528 792 2803 856; x_wconf 88' lang='lat' dir='ltr'><strong>tantoque</strong></span> <span class='ocrx_word' id='word_1_150' title='bbox 2838 792 2975 843; x_wconf 90' lang='lat' dir='ltr'><strong>sunt</strong></span> <span class='ocrx_word' id='word_1_151' title='bbox 3003 786 3340 857; x_wconf 86' lang='lat' dir='ltr'><strong>gratiosiora</strong></span> <span class='ocrx_word' id='word_1_152' title='bbox 3382 795 3601 859; x_wconf 89' lang='lat' dir='ltr'><strong>quanto</strong></span> 
     </span>
    </p>
   </div>
   <div class='ocr_carea' id='block_1_24' title="bbox 1903 872 2746 930">
    <p class='ocr_par' dir='ltr' id='par_1_24' title="bbox 1903 872 2746 930">
     <span class='ocr_line' id='line_1_24' title="bbox 1903 872 2746 930; baseline 0.002 -2"><span class='ocrx_word' id='word_1_153' title='bbox 1903 872 2099 928; x_wconf 90' lang='lat' dir='ltr'><strong>minus</strong></span> <span class='ocrx_word' id='word_1_154' title='bbox 2127 872 2486 929; x_wconf 89' lang='lat' dir='ltr'><strong>auditoribus</strong></span> <span class='ocrx_word' id='word_1_155' title='bbox 2517 874 2746 930; x_wconf 89' lang='lat' dir='ltr'><strong>usitata.</strong></span> 
     </span>
    </p>
   </div>
   <div class='ocr_carea' id='block_1_25' title="bbox 1976 961 3602 1034">
    <p class='ocr_par' dir='ltr' id='par_1_25' title="bbox 1976 961 3602 1034">
     <span class='ocr_line' id='line_1_25' title="bbox 1976 961 3602 1034; baseline 0.004 -18"><span class='ocrx_word' id='word_1_156' title='bbox 1976 961 2211 1018; x_wconf 82' lang='lat' dir='ltr'><strong>Possem</strong></span> <span class='ocrx_word' id='word_1_157' title='bbox 2264 965 2319 1017; x_wconf 87' lang='lat' dir='ltr'><strong>et</strong></span> <span class='ocrx_word' id='word_1_158' title='bbox 2374 963 2443 1017; x_wconf 91' lang='lat' dir='ltr'><strong>de</strong></span> <span class='ocrx_word' id='word_1_159' title='bbox 2515 962 2603 1019; x_wconf 91' lang='lat' dir='ltr'><strong>his</strong></span> <span class='ocrx_word' id='word_1_160' title='bbox 2657 978 2788 1034; x_wconf 64' lang='lat' dir='ltr'><strong>quas</strong></span> <span class='ocrx_word' id='word_1_161' title='bbox 2837 963 3055 1020; x_wconf 89' lang='lat' dir='ltr'><strong>ratione</strong></span> <span class='ocrx_word' id='word_1_162' title='bbox 3144 962 3602 1022; x_wconf 88' lang='lat' dir='ltr'><strong>adinveniuntur</strong></span> 
     </span>
    </p>
   </div>
   <div class='ocr_carea' id='block_1_26' title="bbox 1904 1049 3599 1125">
    <p class='ocr_par' dir='ltr' id='par_1_26' title="bbox 1904 1049 3599 1125">
     <span class='ocr_line' id='line_1_26' title="bbox 1904 1049 3599 1125; baseline 0.002 -20"><span class='ocrx_word' id='word_1_163' title='bbox 1904 1049 2156 1120; x_wconf 86' lang='lat' dir='ltr'><strong>plurima</strong></span> <span class='ocrx_word' id='word_1_164' title='bbox 2184 1050 2441 1116; x_wconf 86' lang='lat' dir='ltr'><strong>tractari,</strong></span> <span class='ocrx_word' id='word_1_165' title='bbox 2484 1052 2582 1108; x_wconf 89' lang='lat' dir='ltr'><strong>sed</strong></span> <span class='ocrx_word' id='word_1_166' title='bbox 2630 1066 2829 1108; x_wconf 90' lang='lat' dir='ltr'><strong>vereor</strong></span> <span class='ocrx_word' id='word_1_167' title='bbox 2870 1067 2959 1120; x_wconf 88' lang='lat' dir='ltr'><strong>ne,</strong></span> <span class='ocrx_word' id='word_1_168' title='bbox 2993 1052 3039 1108; x_wconf 90' lang='lat' dir='ltr'><strong>si</strong></span> <span class='ocrx_word' id='word_1_169' title='bbox 3078 1052 3147 1109; x_wconf 90' lang='lat' dir='ltr'><strong>de</strong></span> <span class='ocrx_word' id='word_1_170' title='bbox 3193 1053 3303 1109; x_wconf 88' lang='lat' dir='ltr'><strong>hac</strong></span> <span class='ocrx_word' id='word_1_171' title='bbox 3351 1067 3412 1109; x_wconf 89' lang='lat' dir='ltr'><strong>re</strong></span> <span class='ocrx_word' id='word_1_172' title='bbox 3441 1053 3599 1125; x_wconf 88' lang='lat' dir='ltr'><strong>loqui</strong></span> 
     </span>
    </p>
   </div>
   <div class='ocr_carea' id='block_1_27' title="bbox 1905 1138 3602 1210">
    <p class='ocr_par' dir='ltr' id='par_1_27' title="bbox 1905 1138 3602 1210">
     <span class='ocr_line' id='line_1_27' title="bbox 1905 1138 3602 1210; baseline 0.002 -16"><span class='ocrx_word' id='word_1_173' title='bbox 1905 1138 2238 1210; x_wconf 87' lang='lat' dir='ltr'><strong>inciperem,</strong></span> <span class='ocrx_word' id='word_1_174' title='bbox 2308 1140 2483 1195; x_wconf 88' lang='lat' dir='ltr'><strong>verba</strong></span> <span class='ocrx_word' id='word_1_175' title='bbox 2530 1154 2707 1209; x_wconf 88' lang='lat' dir='ltr'><strong>supra</strong></span> <span class='ocrx_word' id='word_1_176' title='bbox 2762 1141 2995 1196; x_wconf 89' lang='lat' dir='ltr'><strong>modum</strong></span> <span class='ocrx_word' id='word_1_177' title='bbox 3071 1143 3458 1210; x_wconf 67' lang='lat' dir='ltr'><strong>extenderent,</strong></span> <span class='ocrx_word' id='word_1_178' title='bbox 3546 1149 3602 1198; x_wconf 89' lang='lat' dir='ltr'><strong>et</strong></span> 
     </span>
    </p>
   </div>
   <div class='ocr_carea' id='block_1_28' title="bbox 1905 1226 3599 1300">
    <p class='ocr_par' dir='ltr' id='par_1_28' title="bbox 1905 1226 3599 1300">
     <span class='ocr_line' id='line_1_28' title="bbox 1905 1226 3599 1300; baseline 0.003 -17"><span class='ocrx_word' id='word_1_179' title='bbox 1905 1228 2095 1284; x_wconf 89' lang='lat' dir='ltr'><strong>nescio</strong></span> <span class='ocrx_word' id='word_1_180' title='bbox 2125 1226 2173 1283; x_wconf 90' lang='lat' dir='ltr'><strong>si</strong></span> <span class='ocrx_word' id='word_1_181' title='bbox 2223 1241 2292 1284; x_wconf 92' lang='lat' dir='ltr'><strong>ea</strong></span> <span class='ocrx_word' id='word_1_182' title='bbox 2339 1235 2454 1285; x_wconf 88' lang='lat' dir='ltr'><strong>tam</strong></span> <span class='ocrx_word' id='word_1_183' title='bbox 2516 1228 2704 1286; x_wconf 85' lang='lat' dir='ltr'><strong>lucide</strong></span> <span class='ocrx_word' id='word_1_184' title='bbox 2758 1243 2979 1299; x_wconf 89' lang='lat' dir='ltr'><strong>possem</strong></span> <span class='ocrx_word' id='word_1_185' title='bbox 3030 1229 3315 1300; x_wconf 85' lang='lat' dir='ltr'><strong>explicare</strong></span> <span class='ocrx_word' id='word_1_186' title='bbox 3382 1238 3443 1287; x_wconf 91' lang='lat' dir='ltr'><strong>ut</strong></span> <span class='ocrx_word' id='word_1_187' title='bbox 3492 1245 3599 1287; x_wconf 90' lang='lat' dir='ltr'><strong>cu-</strong></span> 
     </span>
    </p>
   </div>
   <div class='ocr_carea' id='block_1_29' title="bbox 1905 1332 2119 1390">
    <p class='ocr_par' dir='ltr' id='par_1_29' title="bbox 1905 1332 2119 1390">
     <span class='ocr_line' id='line_1_29' title="bbox 1905 1332 2119 1390; baseline -0.019 -15"><span class='ocrx_word' id='word_1_188' title='bbox 1905 1332 2119 1390; x_wconf 91' lang='lat' dir='ltr'><strong>perem.</strong></span> 
     </span>
    </p>
   </div>
   <div class='ocr_carea' id='block_1_30' title="bbox 1977 1405 3600 1477">
    <p class='ocr_par' dir='ltr' id='par_1_30' title="bbox 1977 1405 3600 1477">
     <span class='ocr_line' id='line_1_30' title="bbox 1977 1405 3600 1477; baseline 0.001 -15"><span class='ocrx_word' id='word_1_189' title='bbox 1977 1406 2256 1462; x_wconf 87' lang='lat' dir='ltr'><strong>Proﬁcere</strong></span> <span class='ocrx_word' id='word_1_190' title='bbox 2328 1413 2601 1476; x_wconf 68' lang='lat' dir='ltr'><strong>praeterea</strong></span> <span class='ocrx_word' id='word_1_191' title='bbox 2676 1405 2964 1477; x_wconf 72' lang='lat' dir='ltr'><strong>prreeipue</strong></span> <span class='ocrx_word' id='word_1_192' title='bbox 3033 1406 3403 1463; x_wconf 88' lang='lat' dir='ltr'><strong>audientibus</strong></span> <span class='ocrx_word' id='word_1_193' title='bbox 3462 1406 3600 1464; x_wconf 89' lang='lat' dir='ltr'><strong>solet</strong></span> 
     </span>
    </p>
   </div>
   <div class='ocr_carea' id='block_1_31' title="bbox 1904 1493 3600 1566">
    <p class='ocr_par' dir='ltr' id='par_1_31' title="bbox 1904 1493 3600 1566">
     <span class='ocr_line' id='line_1_31' title="bbox 1904 1493 3600 1566; baseline 0 -16"><span class='ocrx_word' id='word_1_194' title='bbox 1904 1493 2031 1564; x_wconf 82' lang='lat' dir='ltr'><strong>ejus</strong></span> <span class='ocrx_word' id='word_1_195' title='bbox 2062 1494 2165 1566; x_wconf 90' lang='lat' dir='ltr'><strong>qui</strong></span> <span class='ocrx_word' id='word_1_196' title='bbox 2196 1493 2454 1565; x_wconf 90' lang='lat' dir='ltr'><strong>loquitur</strong></span> <span class='ocrx_word' id='word_1_197' title='bbox 2484 1494 2709 1551; x_wconf 88' lang='lat' dir='ltr'><strong>sincera</strong></span> <span class='ocrx_word' id='word_1_198' title='bbox 2738 1501 2793 1550; x_wconf 88' lang='lat' dir='ltr'><strong>et</strong></span> <span class='ocrx_word' id='word_1_199' title='bbox 2816 1494 3039 1565; x_wconf 84' lang='lat' dir='ltr'><strong>absque</strong></span> <span class='ocrx_word' id='word_1_200' title='bbox 3071 1494 3190 1551; x_wconf 91' lang='lat' dir='ltr'><strong>ulla</strong></span> <span class='ocrx_word' id='word_1_201' title='bbox 3216 1495 3403 1551; x_wconf 91' lang='lat' dir='ltr'><strong>laudis</strong></span> <span class='ocrx_word' id='word_1_202' title='bbox 3432 1495 3600 1564; x_wconf 91' lang='lat' dir='ltr'><strong>cupi-</strong></span> 
     </span>
    </p>
   </div>
   <div class='ocr_carea' id='block_1_32' title="bbox 1905 1582 3601 1654">
    <p class='ocr_par' dir='ltr' id='par_1_32' title="bbox 1905 1582 3601 1654">
     <span class='ocr_line' id='line_1_32' title="bbox 1905 1582 3601 1654; baseline 0.001 -16"><span class='ocrx_word' id='word_1_203' title='bbox 1905 1583 2081 1640; x_wconf 88' lang='lat' dir='ltr'><strong>ditate</strong></span> <span class='ocrx_word' id='word_1_204' title='bbox 2128 1583 2383 1652; x_wconf 89' lang='lat' dir='ltr'><strong>intentio,</strong></span> <span class='ocrx_word' id='word_1_205' title='bbox 2445 1583 2541 1641; x_wconf 89' lang='lat' dir='ltr'><strong>ubi</strong></span> <span class='ocrx_word' id='word_1_206' title='bbox 2599 1582 2719 1640; x_wconf 89' lang='lat' dir='ltr'><strong>sola</strong></span> <span class='ocrx_word' id='word_1_207' title='bbox 2767 1597 2970 1639; x_wconf 91' lang='lat' dir='ltr'><strong>eorum</strong></span> <span class='ocrx_word' id='word_1_208' title='bbox 3027 1583 3130 1654; x_wconf 90' lang='lat' dir='ltr'><strong>qui</strong></span> <span class='ocrx_word' id='word_1_209' title='bbox 3175 1583 3505 1640; x_wconf 90' lang='lat' dir='ltr'><strong>auscultant</strong></span> <span class='ocrx_word' id='word_1_210' title='bbox 3542 1584 3601 1639; x_wconf 90' lang='lat' dir='ltr'><strong>in</strong></span> 
     </span>
    </p>
   </div>
   <div class='ocr_carea' id='block_1_33' title="bbox 84 1655 3599 1744">
    <p class='ocr_par' dir='ltr' id='par_1_33' title="bbox 84 1655 3599 1744">
     <span class='ocr_line' id='line_1_33' title="bbox 84 1655 3599 1744; baseline 0.002 -22"><span class='ocrx_word' id='word_1_211' title='bbox 84 1666 227 1723; x_wconf 88' lang='lat' dir='ltr'><strong>dum</strong></span> <span class='ocrx_word' id='word_1_212' title='bbox 262 1667 519 1724; x_wconf 89' lang='lat' dir='ltr'><strong>aliarum</strong></span> <span class='ocrx_word' id='word_1_213' title='bbox 542 1668 770 1738; x_wconf 81' lang='lat' dir='ltr'><strong>regulas</strong></span> <span class='ocrx_word' id='word_1_214' title='bbox 797 1669 1333 1739; x_wconf 89' lang='lat' dir='ltr'><strong>interpretationum</strong></span> <span class='ocrx_word' id='word_1_215' title='bbox 1359 1671 1605 1728; x_wconf 90' lang='lat' dir='ltr'><strong>serutari</strong></span> <span class='ocrx_word' id='word_1_216' title='bbox 1635 1672 1791 1740; x_wconf 87' lang='lat' dir='ltr'><strong>velit,</strong></span> <span class='ocrx_word' id='word_1_217' title='bbox 1824 1655 1866 1711; x_wconf 80' lang='grc' dir='ltr'><strong>Β</strong></span> <span class='ocrx_word' id='word_1_218' title='bbox 1903 1668 2113 1728; x_wconf 85' lang='lat' dir='ltr'><strong>divinis</strong></span> <span class='ocrx_word' id='word_1_219' title='bbox 2165 1672 2336 1729; x_wconf 89' lang='lat' dir='ltr'><strong>rebus</strong></span> <span class='ocrx_word' id='word_1_220' title='bbox 2391 1672 2638 1729; x_wconf 90' lang='lat' dir='ltr'><strong>eruditio</strong></span> <span class='ocrx_word' id='word_1_221' title='bbox 2696 1672 2881 1744; x_wconf 63' lang='lat' dir='ltr'><strong>quieri</strong></span> <span class='ocrx_word' id='word_1_222' title='bbox 2934 1671 3276 1743; x_wconf 87' lang='lat' dir='ltr'><strong>intelligitur</strong></span> <span class='ocrx_word' id='word_1_223' title='bbox 3312 1680 3366 1728; x_wconf 87' lang='lat' dir='ltr'><strong>et</strong></span> <span class='ocrx_word' id='word_1_224' title='bbox 3421 1671 3599 1738; x_wconf 91' lang='lat' dir='ltr'><strong>salus,</strong></span> 
     </span>
    </p>
   </div>
   <div class='ocr_carea' id='block_1_34' title="bbox 85 1756 1795 1828">
    <p class='ocr_par' dir='ltr' id='par_1_34' title="bbox 85 1756 1795 1828">
     <span class='ocr_line' id='line_1_34' title="bbox 85 1756 1795 1828; baseline 0.002 -17"><span class='ocrx_word' id='word_1_225' title='bbox 85 1757 187 1812; x_wconf 76' lang='lat' dir='ltr'><strong>vix</strong></span> <span class='ocrx_word' id='word_1_226' title='bbox 250 1764 358 1813; x_wconf 89' lang='lat' dir='ltr'><strong>aut</strong></span> <span class='ocrx_word' id='word_1_227' title='bbox 417 1770 723 1827; x_wconf 87' lang='lat' dir='ltr'><strong>nunquam</strong></span> <span class='ocrx_word' id='word_1_228' title='bbox 787 1757 1000 1813; x_wconf 89' lang='lat' dir='ltr'><strong>alicubi</strong></span> <span class='ocrx_word' id='word_1_229' title='bbox 1060 1756 1377 1815; x_wconf 84' lang='lat' dir='ltr'><strong>intellectus</strong></span> <span class='ocrx_word' id='word_1_230' title='bbox 1442 1758 1638 1828; x_wconf 84' lang='lat' dir='ltr'><strong>deerit,</strong></span> <span class='ocrx_word' id='word_1_231' title='bbox 1698 1759 1795 1816; x_wconf 88' lang='lat' dir='ltr'><strong>sed</strong></span> 
     </span>
    </p>
   </div>
   <div class='ocr_carea' id='block_1_35' title="bbox 87 1845 1796 1923">
    <p class='ocr_par' dir='ltr' id='par_1_35' title="bbox 87 1845 1796 1923">
     <span class='ocr_line' id='line_1_35' title="bbox 87 1845 1796 1923; baseline 0.003 -24"><span class='ocrx_word' id='word_1_232' title='bbox 87 1859 452 1916; x_wconf 89' lang='lat' dir='ltr'><strong>quocunque</strong></span> <span class='ocrx_word' id='word_1_233' title='bbox 500 1845 708 1917; x_wconf 86' lang='lat' dir='ltr'><strong>legenti</strong></span> <span class='ocrx_word' id='word_1_234' title='bbox 756 1845 992 1923; x_wconf 87' lang='lat' dir='ltr'><strong>spiritus</strong></span> <span class='ocrx_word' id='word_1_235' title='bbox 1036 1853 1091 1903; x_wconf 91' lang='lat' dir='ltr'><strong>et</strong></span> <span class='ocrx_word' id='word_1_236' title='bbox 1133 1846 1404 1904; x_wconf 84' lang='lat' dir='ltr'><strong>voluntas</strong></span> <span class='ocrx_word' id='word_1_237' title='bbox 1461 1847 1607 1916; x_wconf 89' lang='lat' dir='ltr'><strong>ierit,</strong></span> <span class='ocrx_word' id='word_1_238' title='bbox 1659 1847 1796 1904; x_wconf 89' lang='lat' dir='ltr'><strong>illuc</strong></span> 
     </span>
    </p>
   </div>
   <div class='ocr_carea' id='block_1_36' title="bbox 90 1933 1797 2007">
    <p class='ocr_par' dir='ltr' id='par_1_36' title="bbox 90 1933 1797 2007">
     <span class='ocr_line' id='line_1_36' title="bbox 90 1933 1797 2007; baseline 0.003 -19"><span class='ocrx_word' id='word_1_239' title='bbox 90 1933 307 2003; x_wconf 82' lang='lat' dir='ltr'><strong>pariter</strong></span> <span class='ocrx_word' id='word_1_240' title='bbox 334 1941 392 1989; x_wconf 92' lang='lat' dir='ltr'><strong>et</strong></span> <span class='ocrx_word' id='word_1_241' title='bbox 431 1942 577 2000; x_wconf 89' lang='lat' dir='ltr'><strong>rota,</strong></span> <span class='ocrx_word' id='word_1_242' title='bbox 625 1934 680 1989; x_wconf 89' lang='lat' dir='ltr'><strong>id</strong></span> <span class='ocrx_word' id='word_1_243' title='bbox 726 1941 809 1990; x_wconf 87' lang='lat' dir='ltr'><strong>est</strong></span> <span class='ocrx_word' id='word_1_244' title='bbox 857 1934 1153 2004; x_wconf 87' lang='lat' dir='ltr'><strong>Scriptura</strong></span> <span class='ocrx_word' id='word_1_245' title='bbox 1201 1949 1383 2001; x_wconf 88' lang='lat' dir='ltr'><strong>sacra,</strong></span> <span class='ocrx_word' id='word_1_246' title='bbox 1436 1944 1641 2007; x_wconf 66' lang='lat' dir='ltr'><strong>praesto</strong></span> <span class='ocrx_word' id='word_1_247' title='bbox 1688 1936 1797 1992; x_wconf 88' lang='lat' dir='ltr'><strong>ad-</strong></span> 
     </span>
    </p>
   </div>
   <div class='ocr_carea' id='block_1_37' title="bbox 86 2022 1796 2096">
    <p class='ocr_par' dir='ltr' id='par_1_37' title="bbox 86 2022 1796 2096">
     <span class='ocr_line' id='line_1_37' title="bbox 86 2022 1796 2096; baseline 0.004 -19"><span class='ocrx_word' id='word_1_248' title='bbox 86 2022 233 2078; x_wconf 87' lang='lat' dir='ltr'><strong>erit:</strong></span> <span class='ocrx_word' id='word_1_249' title='bbox 266 2023 370 2078; x_wconf 86' lang='lat' dir='ltr'><strong>sed</strong></span> <span class='ocrx_word' id='word_1_250' title='bbox 399 2030 609 2089; x_wconf 89' lang='lat' dir='ltr'><strong>tamen,</strong></span> <span class='ocrx_word' id='word_1_251' title='bbox 645 2022 773 2079; x_wconf 88' lang='lat' dir='ltr'><strong>licet</strong></span> <span class='ocrx_word' id='word_1_252' title='bbox 817 2022 899 2078; x_wconf 91' lang='lat' dir='ltr'><strong>eis</strong></span> <span class='ocrx_word' id='word_1_253' title='bbox 929 2023 1030 2093; x_wconf 90' lang='lat' dir='ltr'><strong>qui</strong></span> <span class='ocrx_word' id='word_1_254' title='bbox 1063 2023 1320 2080; x_wconf 89' lang='lat' dir='ltr'><strong>valenter</strong></span> <span class='ocrx_word' id='word_1_255' title='bbox 1364 2038 1542 2081; x_wconf 64' lang='lat' dir='ltr'><strong>sacra:</strong></span> <span class='ocrx_word' id='word_1_256' title='bbox 1572 2024 1796 2096; x_wconf 65' lang='lat' dir='ltr'><strong>pagina)</strong></span> 
     </span>
    </p>
   </div>
   <div class='ocr_carea' id='block_1_38' title="bbox 92 2111 1797 2183">
    <p class='ocr_par' dir='ltr' id='par_1_38' title="bbox 92 2111 1797 2183">
     <span class='ocr_line' id='line_1_38' title="bbox 92 2111 1797 2183; baseline 0.002 -18"><span class='ocrx_word' id='word_1_257' title='bbox 92 2111 392 2168; x_wconf 87' lang='lat' dir='ltr'><strong>scientiam</strong></span> <span class='ocrx_word' id='word_1_258' title='bbox 437 2111 672 2175; x_wconf 87' lang='lat' dir='ltr'><strong>habent,</strong></span> <span class='ocrx_word' id='word_1_259' title='bbox 721 2125 1086 2182; x_wconf 90' lang='lat' dir='ltr'><strong>summopere</strong></span> <span class='ocrx_word' id='word_1_260' title='bbox 1146 2112 1253 2168; x_wconf 93' lang='lat' dir='ltr'><strong>hoe</strong></span> <span class='ocrx_word' id='word_1_261' title='bbox 1297 2128 1480 2183; x_wconf 86' lang='lat' dir='ltr'><strong>genus</strong></span> <span class='ocrx_word' id='word_1_262' title='bbox 1541 2113 1797 2169; x_wconf 84' lang='lat' dir='ltr'><strong>exercitii</strong></span> 
     </span>
    </p>
   </div>
   <div class='ocr_carea' id='block_1_39' title="bbox 96 2199 1798 2270">
    <p class='ocr_par' dir='ltr' id='par_1_39' title="bbox 96 2199 1798 2270">
     <span class='ocr_line' id='line_1_39' title="bbox 96 2199 1798 2270; baseline 0.002 -17"><span class='ocrx_word' id='word_1_263' title='bbox 96 2200 299 2266; x_wconf 80' lang='lat' dir='ltr'><strong>valeat,</strong></span> <span class='ocrx_word' id='word_1_264' title='bbox 330 2199 800 2270; x_wconf 75' lang='lat' dir='ltr'><strong>praesumendum</strong></span> <span class='ocrx_word' id='word_1_265' title='bbox 831 2199 975 2256; x_wconf 90' lang='lat' dir='ltr'><strong>nulli</strong></span> <span class='ocrx_word' id='word_1_266' title='bbox 995 2206 1097 2268; x_wconf 88' lang='lat' dir='ltr'><strong>est,</strong></span> <span class='ocrx_word' id='word_1_267' title='bbox 1123 2200 1233 2256; x_wconf 89' lang='lat' dir='ltr'><strong>nisi</strong></span> <span class='ocrx_word' id='word_1_268' title='bbox 1263 2201 1335 2256; x_wconf 87' lang='lat' dir='ltr'><strong>ad</strong></span> <span class='ocrx_word' id='word_1_269' title='bbox 1361 2201 1593 2270; x_wconf 90' lang='lat' dir='ltr'><strong>plenum</strong></span> <span class='ocrx_word' id='word_1_270' title='bbox 1621 2201 1798 2258; x_wconf 86' lang='lat' dir='ltr'><strong>variis</strong></span> 
     </span>
    </p>
   </div>
   <div class='ocr_carea' id='block_1_40' title="bbox 100 2287 1795 2358">
    <p class='ocr_par' dir='ltr' id='par_1_40' title="bbox 100 2287 1795 2358">
     <span class='ocr_line' id='line_1_40' title="bbox 100 2287 1795 2358; baseline 0.001 -16"><span class='ocrx_word' id='word_1_271' title='bbox 100 2287 277 2343; x_wconf 87' lang='lat' dir='ltr'><strong>modis</strong></span> <span class='ocrx_word' id='word_1_272' title='bbox 306 2287 687 2355; x_wconf 86' lang='lat' dir='ltr'><strong>locutionum,</strong></span> <span class='ocrx_word' id='word_1_273' title='bbox 738 2287 848 2344; x_wconf 92' lang='lat' dir='ltr'><strong>sub</strong></span> <span class='ocrx_word' id='word_1_274' title='bbox 880 2301 994 2344; x_wconf 88' lang='lat' dir='ltr'><strong>una</strong></span> <span class='ocrx_word' id='word_1_275' title='bbox 1025 2288 1343 2358; x_wconf 89' lang='lat' dir='ltr'><strong>eademque</strong></span> <span class='ocrx_word' id='word_1_276' title='bbox 1368 2301 1447 2356; x_wconf 89' lang='lat' dir='ltr'><strong>re,</strong></span> <span class='ocrx_word' id='word_1_277' title='bbox 1496 2288 1795 2345; x_wconf 88' lang='lat' dir='ltr'><strong>diversita-</strong></span> 
     </span>
    </p>
   </div>
   <div class='ocr_carea' id='block_1_41' title="bbox 98 2376 1798 2448">
    <p class='ocr_par' dir='ltr' id='par_1_41' title="bbox 98 2376 1798 2448">
     <span class='ocr_line' id='line_1_41' title="bbox 98 2376 1798 2448; baseline 0.001 -18"><span class='ocrx_word' id='word_1_278' title='bbox 98 2376 249 2432; x_wconf 86' lang='lat' dir='ltr'><strong>tibns</strong></span> <span class='ocrx_word' id='word_1_279' title='bbox 275 2376 770 2448; x_wconf 86' lang='lat' dir='ltr'><strong>signiﬁcationum</strong></span> <span class='ocrx_word' id='word_1_280' title='bbox 821 2376 992 2448; x_wconf 85' lang='lat' dir='ltr'><strong>longo</strong></span> <span class='ocrx_word' id='word_1_281' title='bbox 1022 2390 1135 2433; x_wconf 91' lang='lat' dir='ltr'><strong>usu</strong></span> <span class='ocrx_word' id='word_1_282' title='bbox 1184 2376 1445 2433; x_wconf 88' lang='lat' dir='ltr'><strong>didicerit</strong></span> <span class='ocrx_word' id='word_1_283' title='bbox 1495 2376 1798 2448; x_wconf 86' lang='lat' dir='ltr'><strong>allegorias</strong></span> 
     </span>
    </p>
   </div>
   <div class='ocr_carea' id='block_1_42' title="bbox 97 2465 598 2536">
    <p class='ocr_par' dir='ltr' id='par_1_42' title="bbox 97 2465 598 2536">
     <span class='ocr_line' id='line_1_42' title="bbox 97 2465 598 2536; baseline -0.002 -15"><span class='ocrx_word' id='word_1_284' title='bbox 97 2465 276 2521; x_wconf 86' lang='lat' dir='ltr'><strong>solere</strong></span> <span class='ocrx_word' id='word_1_285' title='bbox 304 2466 598 2536; x_wconf 87' lang='lat' dir='ltr'><strong>componi.</strong></span> 
     </span>
    </p>
   </div>
   <div class='ocr_carea' id='block_1_43' title="bbox 162 2553 1796 2625">
    <p class='ocr_par' dir='ltr' id='par_1_43' title="bbox 162 2553 1796 2625">
     <span class='ocr_line' id='line_1_43' title="bbox 162 2553 1796 2625; baseline 0.001 -16"><span class='ocrx_word' id='word_1_286' title='bbox 162 2554 663 2621; x_wconf 67' lang='lat' dir='ltr'><strong>Praesumendum,</strong></span> <span class='ocrx_word' id='word_1_287' title='bbox 696 2553 957 2624; x_wconf 89' lang='lat' dir='ltr'><strong>inquam,</strong></span> <span class='ocrx_word' id='word_1_288' title='bbox 1010 2554 1152 2611; x_wconf 91' lang='lat' dir='ltr'><strong>nulli</strong></span> <span class='ocrx_word' id='word_1_289' title='bbox 1184 2554 1293 2610; x_wconf 90' lang='lat' dir='ltr'><strong>nisi</strong></span> <span class='ocrx_word' id='word_1_290' title='bbox 1333 2554 1533 2611; x_wconf 88' lang='lat' dir='ltr'><strong>litteris</strong></span> <span class='ocrx_word' id='word_1_291' title='bbox 1570 2554 1796 2625; x_wconf 87' lang='lat' dir='ltr'><strong>sagaci-</strong></span> 
     </span>
    </p>
   </div>
   <div class='ocr_carea' id='block_1_44' title="bbox 99 2642 1797 2713">
    <p class='ocr_par' dir='ltr' id='par_1_44' title="bbox 99 2642 1797 2713">
     <span class='ocr_line' id='line_1_44' title="bbox 99 2642 1797 2713; baseline 0.001 -15"><span class='ocrx_word' id='word_1_292' title='bbox 99 2651 178 2698; x_wconf 85' lang='lat' dir='ltr'><strong>ter</strong></span> <span class='ocrx_word' id='word_1_293' title='bbox 204 2642 452 2710; x_wconf 89' lang='lat' dir='ltr'><strong>imbuto,</strong></span> <span class='ocrx_word' id='word_1_294' title='bbox 476 2650 531 2699; x_wconf 89' lang='lat' dir='ltr'><strong>et</strong></span> <span class='ocrx_word' id='word_1_295' title='bbox 558 2642 667 2699; x_wconf 90' lang='lat' dir='ltr'><strong>sub</strong></span> <span class='ocrx_word' id='word_1_296' title='bbox 694 2642 926 2710; x_wconf 88' lang='lat' dir='ltr'><strong>eisdem,</strong></span> <span class='ocrx_word' id='word_1_297' title='bbox 960 2651 1025 2699; x_wconf 90' lang='lat' dir='ltr'><strong>ut</strong></span> <span class='ocrx_word' id='word_1_298' title='bbox 1071 2643 1215 2713; x_wconf 87' lang='lat' dir='ltr'><strong>dixi,</strong></span> <span class='ocrx_word' id='word_1_299' title='bbox 1275 2645 1449 2700; x_wconf 89' lang='lat' dir='ltr'><strong>rebus</strong></span> <span class='ocrx_word' id='word_1_300' title='bbox 1497 2657 1565 2700; x_wconf 90' lang='lat' dir='ltr'><strong>ae</strong></span> <span class='ocrx_word' id='word_1_301' title='bbox 1605 2643 1797 2700; x_wconf 86' lang='lat' dir='ltr'><strong>nomi-</strong></span> 
     </span>
    </p>
   </div>
   <div class='ocr_carea' id='block_1_45' title="bbox 98 2730 1795 2803">
    <p class='ocr_par' dir='ltr' id='par_1_45' title="bbox 98 2730 1795 2803">
     <span class='ocr_line' id='line_1_45' title="bbox 98 2730 1795 2803; baseline -0.001 -15"><span class='ocrx_word' id='word_1_302' title='bbox 98 2732 271 2788; x_wconf 91' lang='lat' dir='ltr'><strong>nibus</strong></span> <span class='ocrx_word' id='word_1_303' title='bbox 328 2730 674 2801; x_wconf 87' lang='lat' dir='ltr'><strong>multiplicia</strong></span> <span class='ocrx_word' id='word_1_304' title='bbox 737 2732 947 2787; x_wconf 89' lang='lat' dir='ltr'><strong>sentire</strong></span> <span class='ocrx_word' id='word_1_305' title='bbox 999 2746 1235 2803; x_wconf 85' lang='lat' dir='ltr'><strong>prorsus</strong></span> <span class='ocrx_word' id='word_1_306' title='bbox 1285 2731 1795 2790; x_wconf 78' lang='lat' dir='ltr'><strong>instructozverbi</strong></span> 
     </span>
    </p>
   </div>
   <div class='ocr_carea' id='block_1_46' title="bbox 102 2820 1798 2894">
    <p class='ocr_par' dir='ltr' id='par_1_46' title="bbox 102 2820 1798 2894">
     <span class='ocr_line' id='line_1_46' title="bbox 102 2820 1798 2894; baseline 0 -18"><span class='ocrx_word' id='word_1_307' title='bbox 102 2821 304 2891; x_wconf 85' lang='lat' dir='ltr'><strong>gratia,</strong></span> <span class='ocrx_word' id='word_1_308' title='bbox 358 2827 518 2890; x_wconf 89' lang='lat' dir='ltr'><strong>petra</strong></span> <span class='ocrx_word' id='word_1_309' title='bbox 562 2820 1018 2877; x_wconf 79' lang='lat' dir='ltr'><strong>fundamentum:</strong></span> <span class='ocrx_word' id='word_1_310' title='bbox 1070 2835 1227 2891; x_wconf 90' lang='lat' dir='ltr'><strong>aqua</strong></span> <span class='ocrx_word' id='word_1_311' title='bbox 1275 2829 1330 2878; x_wconf 90' lang='lat' dir='ltr'><strong>et</strong></span> <span class='ocrx_word' id='word_1_312' title='bbox 1358 2822 1585 2888; x_wconf 68' lang='lat' dir='ltr'><strong>coelum,</strong></span> <span class='ocrx_word' id='word_1_313' title='bbox 1620 2821 1798 2894; x_wconf 69' lang='lat' dir='ltr'><strong>herba</strong></span> 
     </span>
    </p>
   </div>
   <div class='ocr_carea' id='block_1_47' title="bbox 100 2890 1839 2983">
    <p class='ocr_par' dir='ltr' id='par_1_47' title="bbox 100 2890 1839 2983">
     <span class='ocr_line' id='line_1_47' title="bbox 100 2890 1839 2983; baseline 0.002 -20"><span class='ocrx_word' id='word_1_314' title='bbox 100 2890 152 2963; x_wconf 83' lang='lat' dir='ltr'><strong>et</strong></span> <span class='ocrx_word' id='word_1_315' title='bbox 174 2908 429 2977; x_wconf 79' lang='lat' dir='ltr'><strong>lignum,</strong></span> <span class='ocrx_word' id='word_1_316' title='bbox 462 2908 543 2964; x_wconf 91' lang='lat' dir='ltr'><strong>sol</strong></span> <span class='ocrx_word' id='word_1_317' title='bbox 572 2916 626 2965; x_wconf 89' lang='lat' dir='ltr'><strong>et</strong></span> <span class='ocrx_word' id='word_1_318' title='bbox 659 2909 817 2972; x_wconf 91' lang='lat' dir='ltr'><strong>luna,</strong></span> <span class='ocrx_word' id='word_1_319' title='bbox 865 2917 919 2965; x_wconf 92' lang='lat' dir='ltr'><strong>et</strong></span> <span class='ocrx_word' id='word_1_320' title='bbox 956 2890 1264 2966; x_wconf 88' lang='lat' dir='ltr'><strong>innumera</strong></span> <span class='ocrx_word' id='word_1_321' title='bbox 1289 2910 1423 2979; x_wconf 88' lang='lat' dir='ltr'><strong>alia,</strong></span> <span class='ocrx_word' id='word_1_322' title='bbox 1454 2924 1586 2967; x_wconf 87' lang='lat' dir='ltr'><strong>cum</strong></span> <span class='ocrx_word' id='word_1_323' title='bbox 1619 2890 1800 2983; x_wconf 60' lang='lat' dir='ltr'><strong>multa</strong></span> <span class='ocrx_word' id='word_1_324' title='bbox 1830 2935 1839 2983; x_wconf 73' lang='lat'><strong>;.</strong></span> 
     </span>
    </p>
   </div>
   <div class='ocr_carea' id='block_1_48' title="bbox 104 2996 1799 3070">
    <p class='ocr_par' dir='ltr' id='par_1_48' title="bbox 104 2996 1799 3070">
     <span class='ocr_line' id='line_1_48' title="bbox 104 2996 1799 3070; baseline 0.003 -20"><span class='ocrx_word' id='word_1_325' title='bbox 104 2996 159 3051; x_wconf 90' lang='lat' dir='ltr'><strong>in</strong></span> <span class='ocrx_word' id='word_1_326' title='bbox 211 2997 529 3067; x_wconf 88' lang='lat' dir='ltr'><strong>Scripturis</strong></span> <span class='ocrx_word' id='word_1_327' title='bbox 564 2996 905 3068; x_wconf 86' lang='lat' dir='ltr'><strong>signiﬁcent,</strong></span> <span class='ocrx_word' id='word_1_328' title='bbox 950 2999 1361 3054; x_wconf 88' lang='lat' dir='ltr'><strong>attendendum</strong></span> <span class='ocrx_word' id='word_1_329' title='bbox 1402 3006 1485 3055; x_wconf 90' lang='lat' dir='ltr'><strong>est</strong></span> <span class='ocrx_word' id='word_1_330' title='bbox 1524 2998 1575 3054; x_wconf 90' lang='lat' dir='ltr'><strong>ei</strong></span> <span class='ocrx_word' id='word_1_331' title='bbox 1606 2998 1708 3070; x_wconf 88' lang='lat' dir='ltr'><strong>qui</strong></span> <span class='ocrx_word' id='word_1_332' title='bbox 1741 3000 1799 3055; x_wconf 91' lang='lat' dir='ltr'><strong>in</strong></span> 
     </span>
    </p>
   </div>
   <div class='ocr_carea' id='block_1_49' title="bbox 105 3085 1799 3159">
    <p class='ocr_par' dir='ltr' id='par_1_49' title="bbox 105 3085 1799 3159">
     <span class='ocr_line' id='line_1_49' title="bbox 105 3085 1799 3159; baseline 0.002 -19"><span class='ocrx_word' id='word_1_333' title='bbox 105 3085 300 3156; x_wconf 89' lang='lat' dir='ltr'><strong>aliqua</strong></span> <span class='ocrx_word' id='word_1_334' title='bbox 360 3086 646 3141; x_wconf 90' lang='lat' dir='ltr'><strong>sententia</strong></span> <span class='ocrx_word' id='word_1_335' title='bbox 709 3085 954 3142; x_wconf 90' lang='lat' dir='ltr'><strong>obscura</strong></span> <span class='ocrx_word' id='word_1_336' title='bbox 1017 3094 1336 3155; x_wconf 80' lang='lat' dir='ltr'><strong>exercetur,</strong></span> <span class='ocrx_word' id='word_1_337' title='bbox 1382 3102 1514 3159; x_wconf 81' lang='lat' dir='ltr'><strong>cum</strong></span> <span class='ocrx_word' id='word_1_338' title='bbox 1566 3088 1799 3159; x_wconf 61' lang='lat' dir='ltr'><strong>aiiquod</strong></span> 
     </span>
    </p>
   </div>
   <div class='ocr_carea' id='block_1_50' title="bbox 106 3168 1802 3250">
    <p class='ocr_par' dir='ltr' id='par_1_50' title="bbox 106 3168 1802 3250">
     <span class='ocr_line' id='line_1_50' title="bbox 106 3168 1802 3250; baseline 0.003 -21"><span class='ocrx_word' id='word_1_339' title='bbox 106 3174 305 3230; x_wconf 87' lang='lat' dir='ltr'><strong>talium</strong></span> <span class='ocrx_word' id='word_1_340' title='bbox 334 3173 639 3229; x_wconf 88' lang='lat' dir='ltr'><strong>nominum</strong></span> <span class='ocrx_word' id='word_1_341' title='bbox 662 3174 993 3241; x_wconf 90' lang='lat' dir='ltr'><strong>occurrerit,</strong></span> <span class='ocrx_word' id='word_1_342' title='bbox 1026 3183 1168 3245; x_wconf 88' lang='lat' dir='ltr'><strong>quot</strong></span> <span class='ocrx_word' id='word_1_343' title='bbox 1197 3176 1378 3231; x_wconf 87' lang='lat' dir='ltr'><strong>modis</strong></span> <span class='ocrx_word' id='word_1_344' title='bbox 1421 3168 1802 3250; x_wconf 51' lang='lat' dir='ltr'><strong>in‘Sc&#39;r‘iptiira</strong></span> 
     </span>
    </p>
   </div>
   <div class='ocr_carea' id='block_1_51' title="bbox 106 3262 1800 3335">
    <p class='ocr_par' dir='ltr' id='par_1_51' title="bbox 106 3262 1800 3335">
     <span class='ocr_line' id='line_1_51' title="bbox 106 3262 1800 3335; baseline 0.003 -17"><span class='ocrx_word' id='word_1_345' title='bbox 106 3263 282 3333; x_wconf 87' lang='lat' dir='ltr'><strong>accipi</strong></span> <span class='ocrx_word' id='word_1_346' title='bbox 329 3262 529 3332; x_wconf 86' lang='lat' dir='ltr'><strong>soleat,</strong></span> <span class='ocrx_word' id='word_1_347' title='bbox 582 3269 644 3319; x_wconf 91' lang='lat' dir='ltr'><strong>ut</strong></span> <span class='ocrx_word' id='word_1_348' title='bbox 690 3271 849 3333; x_wconf 90' lang='lat' dir='ltr'><strong>puta,</strong></span> <span class='ocrx_word' id='word_1_349' title='bbox 907 3277 1118 3320; x_wconf 90' lang='lat' dir='ltr'><strong>aurum</strong></span> <span class='ocrx_word' id='word_1_350' title='bbox 1160 3264 1536 3335; x_wconf 88' lang='lat' dir='ltr'><strong>divinitatem,</strong></span> <span class='ocrx_word' id='word_1_351' title='bbox 1587 3280 1800 3323; x_wconf 89' lang='lat' dir='ltr'><strong>aurum</strong></span> 
     </span>
    </p>
   </div>
   <div class='ocr_carea' id='block_1_52' title="bbox 105 3351 1796 3426">
    <p class='ocr_par' dir='ltr' id='par_1_52' title="bbox 105 3351 1796 3426">
     <span class='ocr_line' id='line_1_52' title="bbox 105 3351 1796 3426; baseline 0.004 -21"><span class='ocrx_word' id='word_1_352' title='bbox 105 3351 465 3422; x_wconf 87' lang='lat' dir='ltr'><strong>sapientiam,</strong></span> <span class='ocrx_word' id='word_1_353' title='bbox 524 3365 733 3407; x_wconf 87' lang='lat' dir='ltr'><strong>aurum</strong></span> <span class='ocrx_word' id='word_1_354' title='bbox 782 3352 913 3408; x_wconf 64' lang='lat' dir='ltr'><strong>vita;</strong></span> <span class='ocrx_word' id='word_1_355' title='bbox 975 3352 1293 3410; x_wconf 91' lang='lat' dir='ltr'><strong>claritatem</strong></span> <span class='ocrx_word' id='word_1_356' title='bbox 1352 3354 1679 3426; x_wconf 86' lang='lat' dir='ltr'><strong>signiﬁcat;</strong></span> <span class='ocrx_word' id='word_1_357' title='bbox 1722 3363 1796 3424; x_wconf 88' lang='lat' dir='ltr'><strong>et,</strong></span> 
     </span>
    </p>
   </div>
   <div class='ocr_carea' id='block_1_53' title="bbox 105 3440 1801 3515">
    <p class='ocr_par' dir='ltr' id='par_1_53' title="bbox 105 3440 1801 3515">
     <span class='ocr_line' id='line_1_53' title="bbox 105 3440 1801 3515; baseline 0.002 -20"><span class='ocrx_word' id='word_1_358' title='bbox 105 3440 480 3497; x_wconf 86' lang='lat' dir='ltr'><strong>consideratis</strong></span> <span class='ocrx_word' id='word_1_359' title='bbox 505 3441 791 3509; x_wconf 90' lang='lat' dir='ltr'><strong>omnibus,</strong></span> <span class='ocrx_word' id='word_1_360' title='bbox 824 3441 979 3511; x_wconf 90' lang='lat' dir='ltr'><strong>quod</strong></span> <span class='ocrx_word' id='word_1_361' title='bbox 1009 3442 1192 3514; x_wconf 88' lang='lat' dir='ltr'><strong>magis</strong></span> <span class='ocrx_word' id='word_1_362' title='bbox 1236 3441 1445 3500; x_wconf 90' lang='lat' dir='ltr'><strong>viderit</strong></span> <span class='ocrx_word' id='word_1_363' title='bbox 1482 3456 1801 3515; x_wconf 89' lang='lat' dir='ltr'><strong>congruere</strong></span> 
     </span>
    </p>
   </div>
   <div class='ocr_carea' id='block_1_54' title="bbox 108 3529 1800 3604">
    <p class='ocr_par' dir='ltr' id='par_1_54' title="bbox 108 3529 1800 3604">
     <span class='ocr_line' id='line_1_54' title="bbox 108 3529 1800 3604; baseline 0.001 -19"><span class='ocrx_word' id='word_1_364' title='bbox 108 3530 223 3585; x_wconf 85' lang='lat' dir='ltr'><strong>loco</strong></span> <span class='ocrx_word' id='word_1_365' title='bbox 254 3529 338 3585; x_wconf 91' lang='lat' dir='ltr'><strong>illi</strong></span> <span class='ocrx_word' id='word_1_366' title='bbox 375 3544 549 3600; x_wconf 85' lang='lat' dir='ltr'><strong>quem</strong></span> <span class='ocrx_word' id='word_1_367' title='bbox 578 3537 866 3597; x_wconf 86' lang='lat' dir='ltr'><strong>retractat,</strong></span> <span class='ocrx_word' id='word_1_368' title='bbox 890 3544 1130 3586; x_wconf 89' lang='lat' dir='ltr'><strong>securus</strong></span> <span class='ocrx_word' id='word_1_369' title='bbox 1161 3539 1430 3600; x_wconf 90' lang='lat' dir='ltr'><strong>apponat.</strong></span> <span class='ocrx_word' id='word_1_370' title='bbox 1462 3532 1548 3588; x_wconf 91' lang='lat' dir='ltr'><strong>Ita</strong></span> <span class='ocrx_word' id='word_1_371' title='bbox 1594 3531 1800 3604; x_wconf 90' lang='lat' dir='ltr'><strong>paula-</strong></span> 
     </span>
    </p>
   </div>
   <div class='ocr_carea' id='block_1_55' title="bbox 107 3618 1800 3690">
    <p class='ocr_par' dir='ltr' id='par_1_55' title="bbox 107 3618 1800 3690">
     <span class='ocr_line' id='line_1_55' title="bbox 107 3618 1800 3690; baseline 0.001 -16"><span class='ocrx_word' id='word_1_372' title='bbox 107 3619 198 3674; x_wconf 90' lang='lat' dir='ltr'><strong>tim</strong></span> <span class='ocrx_word' id='word_1_373' title='bbox 228 3618 288 3674; x_wconf 91' lang='lat' dir='ltr'><strong>in</strong></span> <span class='ocrx_word' id='word_1_374' title='bbox 310 3618 435 3674; x_wconf 90' lang='lat' dir='ltr'><strong>dies</strong></span> <span class='ocrx_word' id='word_1_375' title='bbox 465 3627 697 3688; x_wconf 88' lang='lat' dir='ltr'><strong>sumpta</strong></span> <span class='ocrx_word' id='word_1_376' title='bbox 722 3618 950 3686; x_wconf 85' lang='lat' dir='ltr'><strong>ﬁducia,</strong></span> <span class='ocrx_word' id='word_1_377' title='bbox 979 3633 1113 3674; x_wconf 91' lang='lat' dir='ltr'><strong>cum</strong></span> <span class='ocrx_word' id='word_1_378' title='bbox 1146 3633 1246 3689; x_wconf 91' lang='lat' dir='ltr'><strong>per</strong></span> <span class='ocrx_word' id='word_1_379' title='bbox 1284 3619 1800 3690; x_wconf 86' lang='lat' dir='ltr'><strong>signiticantiarum</strong></span> 
     </span>
    </p>
   </div>
   <div class='ocr_carea' id='block_1_56' title="bbox 104 3706 1799 3779">
    <p class='ocr_par' dir='ltr' id='par_1_56' title="bbox 104 3706 1799 3779">
     <span class='ocr_line' id='line_1_56' title="bbox 104 3706 1799 3779; baseline 0.001 -16"><span class='ocrx_word' id='word_1_380' title='bbox 104 3707 459 3779; x_wconf 85' lang='lat' dir='ltr'><strong>cognitiones</strong></span> <span class='ocrx_word' id='word_1_381' title='bbox 514 3706 721 3763; x_wconf 90' lang='lat' dir='ltr'><strong>viderit</strong></span> <span class='ocrx_word' id='word_1_382' title='bbox 776 3706 884 3763; x_wconf 91' lang='lat' dir='ltr'><strong>sibi</strong></span> <span class='ocrx_word' id='word_1_383' title='bbox 932 3715 1190 3764; x_wconf 91' lang='lat' dir='ltr'><strong>sanctam</strong></span> <span class='ocrx_word' id='word_1_384' title='bbox 1244 3707 1598 3778; x_wconf 89' lang='lat' dir='ltr'><strong>Scripturam</strong></span> <span class='ocrx_word' id='word_1_385' title='bbox 1646 3709 1799 3765; x_wconf 57' lang='lat' dir='ltr'><strong>arris-</strong></span> 
     </span>
    </p>
   </div>
   <div class='ocr_carea' id='block_1_57' title="bbox 103 3795 1799 3868">
    <p class='ocr_par' dir='ltr' id='par_1_57' title="bbox 103 3795 1799 3868">
     <span class='ocr_line' id='line_1_57' title="bbox 103 3795 1799 3868; baseline 0.001 -17"><span class='ocrx_word' id='word_1_386' title='bbox 103 3797 251 3863; x_wconf 88' lang='lat' dir='ltr'><strong>dere,</strong></span> <span class='ocrx_word' id='word_1_387' title='bbox 277 3796 404 3868; x_wconf 90' lang='lat' dir='ltr'><strong>jam</strong></span> <span class='ocrx_word' id='word_1_388' title='bbox 430 3795 504 3852; x_wconf 90' lang='lat' dir='ltr'><strong>ad</strong></span> <span class='ocrx_word' id='word_1_389' title='bbox 554 3796 775 3866; x_wconf 85' lang='lat' dir='ltr'><strong>majora</strong></span> <span class='ocrx_word' id='word_1_390' title='bbox 826 3796 1213 3868; x_wconf 88' lang='lat' dir='ltr'><strong>progrediens,</strong></span> <span class='ocrx_word' id='word_1_391' title='bbox 1259 3811 1391 3867; x_wconf 78' lang='lat' dir='ltr'><strong>quze</strong></span> <span class='ocrx_word' id='word_1_392' title='bbox 1422 3796 1715 3868; x_wconf 88' lang='lat' dir='ltr'><strong>quondam</strong></span> <span class='ocrx_word' id='word_1_393' title='bbox 1740 3810 1799 3852; x_wconf 89' lang='lat' dir='ltr'><strong>se</strong></span> 
     </span>
    </p>
   </div>
   <div class='ocr_carea' id='block_1_58' title="bbox 103 3885 1798 3956">
    <p class='ocr_par' dir='ltr' id='par_1_58' title="bbox 103 3885 1798 3956">
     <span class='ocr_line' id='line_1_58' title="bbox 103 3885 1798 3956; baseline 0 -15"><span class='ocrx_word' id='word_1_394' title='bbox 103 3898 406 3956; x_wconf 87' lang='lat' dir='ltr'><strong>nunquam</strong></span> <span class='ocrx_word' id='word_1_395' title='bbox 435 3891 852 3941; x_wconf 89' lang='lat' dir='ltr'><strong>attentaturum</strong></span> <span class='ocrx_word' id='word_1_396' title='bbox 882 3899 1225 3955; x_wconf 80' lang='lat' dir='ltr'><strong>przesumere</strong></span> <span class='ocrx_word' id='word_1_397' title='bbox 1265 3892 1468 3956; x_wconf 88' lang='lat' dir='ltr'><strong>posset,</strong></span> <span class='ocrx_word' id='word_1_398' title='bbox 1501 3899 1600 3956; x_wconf 89' lang='lat' dir='ltr'><strong>spe</strong></span> <span class='ocrx_word' id='word_1_399' title='bbox 1627 3885 1798 3942; x_wconf 89' lang='lat' dir='ltr'><strong>etiam</strong></span> 
     </span>
    </p>
   </div>
   <div class='ocr_carea' id='block_1_59' title="bbox 104 3973 1800 4047">
    <p class='ocr_par' dir='ltr' id='par_1_59' title="bbox 104 3973 1800 4047">
     <span class='ocr_line' id='line_1_59' title="bbox 104 3973 1800 4047; baseline 0.001 -16"><span class='ocrx_word' id='word_1_400' title='bbox 104 3989 325 4046; x_wconf 85' lang='lat' dir='ltr'><strong>semper</strong></span> <span class='ocrx_word' id='word_1_401' title='bbox 385 3973 684 4030; x_wconf 90' lang='lat' dir='ltr'><strong>meliorum</strong></span> <span class='ocrx_word' id='word_1_402' title='bbox 739 3982 1083 4045; x_wconf 87' lang='lat' dir='ltr'><strong>provocatus</strong></span> <span class='ocrx_word' id='word_1_403' title='bbox 1134 3976 1490 4047; x_wconf 89' lang='lat' dir='ltr'><strong>aggreditur,</strong></span> <span class='ocrx_word' id='word_1_404' title='bbox 1549 3976 1620 4031; x_wconf 92' lang='lat' dir='ltr'><strong>ad</strong></span> <span class='ocrx_word' id='word_1_405' title='bbox 1668 3991 1800 4046; x_wconf 66' lang='lat' dir='ltr'><strong>qua:</strong></span> 
     </span>
    </p>
   </div>
   <div class='ocr_carea' id='block_1_60' title="bbox 106 4062 1799 4133">
    <p class='ocr_par' dir='ltr' id='par_1_60' title="bbox 106 4062 1799 4133">
     <span class='ocr_line' id='line_1_60' title="bbox 106 4062 1799 4133; baseline -0.001 -14"><span class='ocrx_word' id='word_1_406' title='bbox 106 4063 465 4133; x_wconf 87' lang='lat' dir='ltr'><strong>penetranda</strong></span> <span class='ocrx_word' id='word_1_407' title='bbox 495 4062 831 4119; x_wconf 89' lang='lat' dir='ltr'><strong>testimoniis</strong></span> <span class='ocrx_word' id='word_1_408' title='bbox 874 4063 1020 4119; x_wconf 91' lang='lat' dir='ltr'><strong>sacri</strong></span> <span class='ocrx_word' id='word_1_409' title='bbox 1067 4063 1279 4133; x_wconf 90' lang='lat' dir='ltr'><strong>eloquii</strong></span> <span class='ocrx_word' id='word_1_410' title='bbox 1311 4064 1644 4120; x_wconf 89' lang='lat' dir='ltr'><strong>catervatim</strong></span> <span class='ocrx_word' id='word_1_411' title='bbox 1691 4063 1799 4119; x_wconf 91' lang='lat' dir='ltr'><strong>sibi</strong></span> 
     </span>
    </p>
   </div>
   <div class='ocr_carea' id='block_1_61' title="bbox 102 4150 1801 4209">
    <p class='ocr_par' dir='ltr' id='par_1_61' title="bbox 102 4150 1801 4209">
     <span class='ocr_line' id='line_1_61' title="bbox 102 4150 1801 4209; baseline 0.001 -3"><span class='ocrx_word' id='word_1_412' title='bbox 102 4150 542 4208; x_wconf 84' lang='lat' dir='ltr'><strong>occurrentibus</strong></span> <span class='ocrx_word' id='word_1_413' title='bbox 600 4165 714 4206; x_wconf 91' lang='lat' dir='ltr'><strong>non</strong></span> <span class='ocrx_word' id='word_1_414' title='bbox 776 4150 1082 4208; x_wconf 90' lang='lat' dir='ltr'><strong>minimum</strong></span> <span class='ocrx_word' id='word_1_415' title='bbox 1137 4153 1511 4209; x_wconf 86' lang='lat' dir='ltr'><strong>eonfortatur.</strong></span> <span class='ocrx_word' id='word_1_416' title='bbox 1564 4152 1801 4208; x_wconf 90' lang='lat' dir='ltr'><strong>Duobus</strong></span> 
     </span>
    </p>
   </div>
   <div class='ocr_carea' id='block_1_62' title="bbox 1830 2957 1868 3012">
    <p class='ocr_par' dir='ltr' id='par_1_62' title="bbox 1830 2957 1868 3012">
     <span class='ocr_line' id='line_1_62' title="bbox 1830 2957 1868 3012; baseline 0 0"><span class='ocrx_word' id='word_1_417' title='bbox 1830 2957 1868 3012; x_wconf 82' lang='lat' dir='ltr'><strong><em>C</em></strong></span> 
     </span>
    </p>
   </div>
   <div class='ocr_carea' id='block_1_63' title="bbox 1903 1760 3601 1833">
    <p class='ocr_par' dir='ltr' id='par_1_63' title="bbox 1903 1760 3601 1833">
     <span class='ocr_line' id='line_1_63' title="bbox 1903 1760 3601 1833; baseline -0.001 -16"><span class='ocrx_word' id='word_1_418' title='bbox 1903 1760 2006 1817; x_wconf 91' lang='lat' dir='ltr'><strong>ubi</strong></span> <span class='ocrx_word' id='word_1_419' title='bbox 2073 1760 2380 1831; x_wconf 88' lang='lat' dir='ltr'><strong>peculiaris</strong></span> <span class='ocrx_word' id='word_1_420' title='bbox 2434 1761 2631 1832; x_wconf 75' lang='lat' dir='ltr'><strong>glorize</strong></span> <span class='ocrx_word' id='word_1_421' title='bbox 2684 1761 2755 1817; x_wconf 90' lang='lat' dir='ltr'><strong>de</strong></span> <span class='ocrx_word' id='word_1_422' title='bbox 2813 1761 3020 1833; x_wconf 90' lang='lat' dir='ltr'><strong>grandi</strong></span> <span class='ocrx_word' id='word_1_423' title='bbox 3077 1761 3406 1832; x_wconf 88' lang='lat' dir='ltr'><strong>eloquentia</strong></span> <span class='ocrx_word' id='word_1_424' title='bbox 3486 1774 3601 1816; x_wconf 89' lang='lat' dir='ltr'><strong>non</strong></span> 
     </span>
    </p>
   </div>
   <div class='ocr_carea' id='block_1_64' title="bbox 1903 1848 3600 1920">
    <p class='ocr_par' dir='ltr' id='par_1_64' title="bbox 1903 1848 3600 1920">
     <span class='ocr_line' id='line_1_64' title="bbox 1903 1848 3600 1920; baseline -0.001 -15"><span class='ocrx_word' id='word_1_425' title='bbox 1903 1850 2109 1906; x_wconf 87' lang='lat' dir='ltr'><strong>avertit</strong></span> <span class='ocrx_word' id='word_1_426' title='bbox 2160 1863 2272 1916; x_wconf 91' lang='lat' dir='ltr'><strong>eos,</strong></span> <span class='ocrx_word' id='word_1_427' title='bbox 2333 1863 2438 1905; x_wconf 90' lang='lat' dir='ltr'><strong>nec</strong></span> <span class='ocrx_word' id='word_1_428' title='bbox 2489 1856 2668 1919; x_wconf 85' lang='lat' dir='ltr'><strong>potest</strong></span> <span class='ocrx_word' id='word_1_429' title='bbox 2739 1849 2929 1905; x_wconf 87' lang='lat' dir='ltr'><strong>notari</strong></span> <span class='ocrx_word' id='word_1_430' title='bbox 2984 1857 3173 1920; x_wconf 82' lang='lat' dir='ltr'><strong>typus.</strong></span> <span class='ocrx_word' id='word_1_431' title='bbox 3231 1849 3385 1905; x_wconf 82' lang='lat' dir='ltr'><strong>Nihil</strong></span> <span class='ocrx_word' id='word_1_432' title='bbox 3445 1848 3600 1904; x_wconf 89' lang='lat' dir='ltr'><strong>enim</strong></span> 
     </span>
    </p>
   </div>
   <div class='ocr_carea' id='block_1_65' title="bbox 1903 1936 3600 2009">
    <p class='ocr_par' dir='ltr' id='par_1_65' title="bbox 1903 1936 3600 2009">
     <span class='ocr_line' id='line_1_65' title="bbox 1903 1936 3600 2009; baseline -0.001 -15"><span class='ocrx_word' id='word_1_433' title='bbox 1903 1937 2089 2009; x_wconf 86' lang='lat' dir='ltr'><strong>magis</strong></span> <span class='ocrx_word' id='word_1_434' title='bbox 2127 1936 2414 1995; x_wconf 84' lang='lat' dir='ltr'><strong>oil‘endere</strong></span> <span class='ocrx_word' id='word_1_435' title='bbox 2451 1937 2749 1995; x_wconf 90' lang='lat' dir='ltr'><strong>consuevit</strong></span> <span class='ocrx_word' id='word_1_436' title='bbox 2813 1938 3156 2007; x_wconf 88' lang='lat' dir='ltr'><strong>auditorem,</strong></span> <span class='ocrx_word' id='word_1_437' title='bbox 3220 1951 3396 2009; x_wconf 92' lang='lat' dir='ltr'><strong>quam</strong></span> <span class='ocrx_word' id='word_1_438' title='bbox 3444 1937 3600 2008; x_wconf 88' lang='lat' dir='ltr'><strong>quod</strong></span> 
     </span>
    </p>
   </div>
   <div class='ocr_carea' id='block_1_66' title="bbox 1903 2024 3596 2097">
    <p class='ocr_par' dir='ltr' id='par_1_66' title="bbox 1903 2024 3596 2097">
     <span class='ocr_line' id='line_1_66' title="bbox 1903 2024 3596 2097; baseline -0.002 -15"><span class='ocrx_word' id='word_1_439' title='bbox 1903 2040 2079 2082; x_wconf 88' lang='lat' dir='ltr'><strong>causa</strong></span> <span class='ocrx_word' id='word_1_440' title='bbox 2110 2026 2366 2097; x_wconf 66' lang='lat' dir='ltr'><strong>pecuniae</strong></span> <span class='ocrx_word' id='word_1_441' title='bbox 2403 2034 2505 2083; x_wconf 88' lang='lat' dir='ltr'><strong>aut</strong></span> <span class='ocrx_word' id='word_1_442' title='bbox 2533 2025 2930 2083; x_wconf 87' lang='lat' dir='ltr'><strong>ostentationis</strong></span> <span class='ocrx_word' id='word_1_443' title='bbox 2969 2025 3074 2083; x_wconf 90' lang='lat' dir='ltr'><strong>scit</strong></span> <span class='ocrx_word' id='word_1_444' title='bbox 3103 2040 3277 2082; x_wconf 89' lang='lat' dir='ltr'><strong>suum</strong></span> <span class='ocrx_word' id='word_1_445' title='bbox 3319 2039 3422 2082; x_wconf 86' lang='lat' dir='ltr'><strong>seu</strong></span> <span class='ocrx_word' id='word_1_446' title='bbox 3450 2024 3596 2081; x_wconf 81' lang='lat' dir='ltr'><strong>aesti-</strong></span> 
     </span>
    </p>
   </div>
   <div class='ocr_carea' id='block_1_67' title="bbox 1904 2114 2823 2186">
    <p class='ocr_par' dir='ltr' id='par_1_67' title="bbox 1904 2114 2823 2186">
     <span class='ocr_line' id='line_1_67' title="bbox 1904 2114 2823 2186; baseline 0.001 -17"><span class='ocrx_word' id='word_1_447' title='bbox 1904 2122 2022 2170; x_wconf 90' lang='lat' dir='ltr'><strong>mat</strong></span> <span class='ocrx_word' id='word_1_448' title='bbox 2049 2114 2343 2186; x_wconf 84' lang='lat' dir='ltr'><strong>disputare</strong></span> <span class='ocrx_word' id='word_1_449' title='bbox 2376 2115 2823 2185; x_wconf 69' lang='lat' dir='ltr'><strong>praedicatorem.</strong></span> 
     </span>
    </p>
   </div>
   <div class='ocr_carea' id='block_1_68' title="bbox 1978 2202 3600 2275">
    <p class='ocr_par' dir='ltr' id='par_1_68' title="bbox 1978 2202 3600 2275">
     <span class='ocr_line' id='line_1_68' title="bbox 1978 2202 3600 2275; baseline -0.001 -16"><span class='ocrx_word' id='word_1_450' title='bbox 1978 2204 2168 2261; x_wconf 91' lang='lat' dir='ltr'><strong>lrritat</strong></span> <span class='ocrx_word' id='word_1_451' title='bbox 2212 2204 2313 2275; x_wconf 89' lang='lat' dir='ltr'><strong>qui</strong></span> <span class='ocrx_word' id='word_1_452' title='bbox 2357 2203 2487 2260; x_wconf 89' lang='lat' dir='ltr'><strong>talis</strong></span> <span class='ocrx_word' id='word_1_453' title='bbox 2543 2204 2893 2274; x_wconf 88' lang='lat' dir='ltr'><strong>agnoscitur,</strong></span> <span class='ocrx_word' id='word_1_454' title='bbox 2945 2217 3061 2259; x_wconf 87' lang='lat' dir='ltr'><strong>non</strong></span> <span class='ocrx_word' id='word_1_455' title='bbox 3112 2202 3397 2274; x_wconf 73' lang='lat' dir='ltr'><strong>praedicat,</strong></span> <span class='ocrx_word' id='word_1_456' title='bbox 3460 2203 3600 2273; x_wconf 90' lang='lat' dir='ltr'><strong>quia</strong></span> 
     </span>
    </p>
   </div>
   <div class='ocr_carea' id='block_1_69' title="bbox 1904 2291 3593 2362">
    <p class='ocr_par' dir='ltr' id='par_1_69' title="bbox 1904 2291 3593 2362">
     <span class='ocr_line' id='line_1_69' title="bbox 1904 2291 3593 2362; baseline -0.001 -14"><span class='ocrx_word' id='word_1_457' title='bbox 1904 2306 2020 2362; x_wconf 92' lang='lat' dir='ltr'><strong>quo</strong></span> <span class='ocrx_word' id='word_1_458' title='bbox 2072 2291 2223 2349; x_wconf 90' lang='lat' dir='ltr'><strong>dicta</strong></span> <span class='ocrx_word' id='word_1_459' title='bbox 2273 2305 2380 2348; x_wconf 90' lang='lat' dir='ltr'><strong>sua</strong></span> <span class='ocrx_word' id='word_1_460' title='bbox 2428 2292 2755 2348; x_wconf 89' lang='lat' dir='ltr'><strong>venustiore</strong></span> <span class='ocrx_word' id='word_1_461' title='bbox 2808 2306 3015 2348; x_wconf 90' lang='lat' dir='ltr'><strong>ornare</strong></span> <span class='ocrx_word' id='word_1_462' title='bbox 3060 2299 3304 2347; x_wconf 91' lang='lat' dir='ltr'><strong>conatur</strong></span> <span class='ocrx_word' id='word_1_463' title='bbox 3348 2291 3593 2361; x_wconf 91' lang='lat' dir='ltr'><strong>eloquio,</strong></span> 
     </span>
    </p>
   </div>
   <div class='ocr_carea' id='block_1_70' title="bbox 1905 2379 3597 2450">
    <p class='ocr_par' dir='ltr' id='par_1_70' title="bbox 1905 2379 3597 2450">
     <span class='ocr_line' id='line_1_70' title="bbox 1905 2379 3597 2450; baseline -0.002 -13"><span class='ocrx_word' id='word_1_464' title='bbox 1905 2387 2064 2437; x_wconf 88' lang='lat' dir='ltr'><strong>tanto</strong></span> <span class='ocrx_word' id='word_1_465' title='bbox 2144 2380 2363 2436; x_wconf 90' lang='lat' dir='ltr'><strong>acriore</strong></span> <span class='ocrx_word' id='word_1_466' title='bbox 2418 2379 2733 2436; x_wconf 89' lang='lat' dir='ltr'><strong>astantium</strong></span> <span class='ocrx_word' id='word_1_467' title='bbox 2804 2387 3035 2450; x_wconf 89' lang='lat' dir='ltr'><strong>pectora</strong></span> <span class='ocrx_word' id='word_1_468' title='bbox 3083 2380 3155 2434; x_wconf 90' lang='lat' dir='ltr'><strong>ad</strong></span> <span class='ocrx_word' id='word_1_469' title='bbox 3206 2385 3597 2448; x_wconf 90' lang='lat' dir='ltr'><strong>contemptum</strong></span> 
     </span>
    </p>
   </div>
   <div class='ocr_carea' id='block_1_71' title="bbox 1906 2467 3598 2539">
    <p class='ocr_par' dir='ltr' id='par_1_71' title="bbox 1906 2467 3598 2539">
     <span class='ocr_line' id='line_1_71' title="bbox 1906 2467 3598 2539; baseline -0.001 -15"><span class='ocrx_word' id='word_1_470' title='bbox 1906 2468 2067 2539; x_wconf 82' lang='lat' dir='ltr'><strong>(proh</strong></span> <span class='ocrx_word' id='word_1_471' title='bbox 2097 2468 2308 2539; x_wconf 85' lang='lat' dir='ltr'><strong>dolor!)</strong></span> <span class='ocrx_word' id='word_1_472' title='bbox 2354 2468 2527 2525; x_wconf 91' lang='lat' dir='ltr'><strong>etiam</strong></span> <span class='ocrx_word' id='word_1_473' title='bbox 2570 2482 2771 2524; x_wconf 90' lang='lat' dir='ltr'><strong>eorum</strong></span> <span class='ocrx_word' id='word_1_474' title='bbox 2811 2482 2941 2539; x_wconf 70' lang='lat' dir='ltr'><strong>quze</strong></span> <span class='ocrx_word' id='word_1_475' title='bbox 2992 2468 3135 2524; x_wconf 89' lang='lat' dir='ltr'><strong>bene</strong></span> <span class='ocrx_word' id='word_1_476' title='bbox 3177 2467 3248 2523; x_wconf 92' lang='lat' dir='ltr'><strong>ab</strong></span> <span class='ocrx_word' id='word_1_477' title='bbox 3291 2481 3357 2524; x_wconf 92' lang='lat' dir='ltr'><strong>eo</strong></span> <span class='ocrx_word' id='word_1_478' title='bbox 3385 2467 3598 2523; x_wconf 86' lang='lat' dir='ltr'><strong>dicun-</strong></span> 
     </span>
    </p>
   </div>
   <div class='ocr_carea' id='block_1_72' title="bbox 1906 2554 3598 2625">
    <p class='ocr_par' dir='ltr' id='par_1_72' title="bbox 1906 2554 3598 2625">
     <span class='ocr_line' id='line_1_72' title="bbox 1906 2554 3598 2625; baseline -0.002 -13"><span class='ocrx_word' id='word_1_479' title='bbox 1906 2562 2020 2624; x_wconf 89' lang='lat' dir='ltr'><strong>tur,</strong></span> <span class='ocrx_word' id='word_1_480' title='bbox 2048 2562 2103 2611; x_wconf 90' lang='lat' dir='ltr'><strong>et</strong></span> <span class='ocrx_word' id='word_1_481' title='bbox 2142 2555 2393 2611; x_wconf 82' lang='lat' dir='ltr'><strong>maxime</strong></span> <span class='ocrx_word' id='word_1_482' title='bbox 2418 2555 2509 2612; x_wconf 90' lang='lat' dir='ltr'><strong>sui</strong></span> <span class='ocrx_word' id='word_1_483' title='bbox 2534 2554 2713 2625; x_wconf 89' lang='lat' dir='ltr'><strong>ipsius</strong></span> <span class='ocrx_word' id='word_1_484' title='bbox 2739 2562 2911 2611; x_wconf 84' lang='lat' dir='ltr'><strong>vexat</strong></span> <span class='ocrx_word' id='word_1_485' title='bbox 2947 2554 3213 2623; x_wconf 82' lang='lat' dir='ltr'><strong>fastidio;</strong></span> <span class='ocrx_word' id='word_1_486' title='bbox 3244 2567 3375 2623; x_wconf 70' lang='lat' dir='ltr'><strong>quae</strong></span> <span class='ocrx_word' id='word_1_487' title='bbox 3407 2560 3598 2608; x_wconf 88' lang='lat' dir='ltr'><strong>tamen</strong></span> 
     </span>
    </p>
   </div>
   <div class='ocr_carea' id='block_1_73' title="bbox 1906 2640 3597 2715">
    <p class='ocr_par' dir='ltr' id='par_1_73' title="bbox 1906 2640 3597 2715">
     <span class='ocr_line' id='line_1_73' title="bbox 1906 2640 3597 2715; baseline -0.002 -15"><span class='ocrx_word' id='word_1_488' title='bbox 1906 2645 2112 2715; x_wconf 91' lang='lat' dir='ltr'><strong>quovis</strong></span> <span class='ocrx_word' id='word_1_489' title='bbox 2163 2643 2315 2700; x_wconf 72' lang='lat' dir='ltr'><strong>fastu</strong></span> <span class='ocrx_word' id='word_1_490' title='bbox 2366 2642 2832 2713; x_wconf 86' lang='lat' dir='ltr'><strong>enuntiarentur,</strong></span> <span class='ocrx_word' id='word_1_491' title='bbox 2891 2642 3138 2714; x_wconf 91' lang='lat' dir='ltr'><strong>supplici</strong></span> <span class='ocrx_word' id='word_1_492' title='bbox 3196 2642 3466 2698; x_wconf 88' lang='lat' dir='ltr'><strong>deberent</strong></span> <span class='ocrx_word' id='word_1_493' title='bbox 3515 2640 3597 2698; x_wconf 90' lang='lat' dir='ltr'><strong>uti</strong></span> 
     </span>
    </p>
   </div>
   <div class='ocr_carea' id='block_1_74' title="bbox 1904 2732 2546 2803">
    <p class='ocr_par' dir='ltr' id='par_1_74' title="bbox 1904 2732 2546 2803">
     <span class='ocr_line' id='line_1_74' title="bbox 1904 2732 2546 2803; baseline -0.005 -13"><span class='ocrx_word' id='word_1_494' title='bbox 1904 2733 2105 2790; x_wconf 91' lang='lat' dir='ltr'><strong>divina</strong></span> <span class='ocrx_word' id='word_1_495' title='bbox 2130 2732 2317 2803; x_wconf 81' lang='lat' dir='ltr'><strong>excipi</strong></span> <span class='ocrx_word' id='word_1_496' title='bbox 2337 2732 2546 2788; x_wconf 89' lang='lat' dir='ltr'><strong>animo.</strong></span> 
     </span>
    </p>
   </div>
   <div class='ocr_carea' id='block_1_75' title="bbox 1979 2817 3596 2906">
    <p class='ocr_par' dir='ltr' id='par_1_75' title="bbox 1979 2817 3596 2906">
     <span class='ocr_line' id='line_1_75' title="bbox 1979 2817 3596 2906; baseline -0.002 -28"><span class='ocrx_word' id='word_1_497' title='bbox 1979 2822 2135 2906; x_wconf 57' lang='grc' dir='ltr'><strong>ῌωΔ</strong></span> <span class='ocrx_word' id='word_1_498' title='bbox 2156 2820 2405 2906; x_wconf 50' lang='grc' dir='ltr'><strong>ᾳμξξῇῖῑθι·</strong></span> <span class='ocrx_word' id='word_1_499' title='bbox 2433 2827 2736 2906; x_wconf 44' lang='lat' dir='ltr'><strong>Etraetare.‘</strong></span> <span class='ocrx_word' id='word_1_500' title='bbox 2756 2820 2991 2897; x_wconf 82' lang='lat' dir='ltr'><strong>debeas,</strong></span> <span class='ocrx_word' id='word_1_501' title='bbox 3054 2819 3145 2875; x_wconf 91' lang='lat' dir='ltr'><strong>vir</strong></span> <span class='ocrx_word' id='word_1_502' title='bbox 3189 2817 3596 2886; x_wconf 87' lang='lat' dir='ltr'><strong>amantissime,</strong></span> 
     </span>
    </p>
   </div>
   <div class='ocr_carea' id='block_1_76' title="bbox 1902 2892 3599 2984">
    <p class='ocr_par' dir='ltr' id='par_1_76' title="bbox 1902 2892 3599 2984">
     <span class='ocr_line' id='line_1_76' title="bbox 1902 2892 3599 2984; baseline -0.003 -17"><span class='ocrx_word' id='word_1_503' title='bbox 1902 2893 2355 2984; x_wconf 30' lang='lat' dir='ltr'><strong>juxﬂtai&#39;oepliani</strong></span> <span class='ocrx_word' id='word_1_504' title='bbox 2384 2892 2577 2967; x_wconf 53' lang='lat' dir='ltr'><strong>meat-&#39;1&#39;</strong></span> <span class='ocrx_word' id='word_1_505' title='bbox 2600 2892 2779 2976; x_wconf 40' lang='lat' dir='ltr'><strong>xiiii,“</strong></span> <span class='ocrx_word' id='word_1_506' title='bbox 2810 2924 2967 2966; x_wconf 92' lang='lat' dir='ltr'><strong>nunc</strong></span> <span class='ocrx_word' id='word_1_507' title='bbox 2994 2909 3261 2978; x_wconf 88' lang='lat' dir='ltr'><strong>deinceps</strong></span> <span class='ocrx_word' id='word_1_508' title='bbox 3289 2909 3358 2963; x_wconf 91' lang='lat' dir='ltr'><strong>de</strong></span> <span class='ocrx_word' id='word_1_509' title='bbox 3384 2907 3599 2978; x_wconf 90' lang='lat' dir='ltr'><strong>quibus</strong></span> 
     </span>
    </p>
   </div>
   <div class='ocr_carea' id='block_1_77' title="bbox 1909 2995 3597 3071">
    <p class='ocr_par' dir='ltr' id='par_1_77' title="bbox 1909 2995 3597 3071">
     <span class='ocr_line' id='line_1_77' title="bbox 1909 2995 3597 3071; baseline -0.005 -13"><span class='ocrx_word' id='word_1_510' title='bbox 1909 3000 2223 3071; x_wconf 86' lang='lat' dir='ltr'><strong>aliquando</strong></span> <span class='ocrx_word' id='word_1_511' title='bbox 2272 3013 2499 3055; x_wconf 90' lang='lat' dir='ltr'><strong>sumere</strong></span> <span class='ocrx_word' id='word_1_512' title='bbox 2570 2999 2747 3069; x_wconf 89' lang='lat' dir='ltr'><strong>possis</strong></span> <span class='ocrx_word' id='word_1_513' title='bbox 2793 2997 3064 3069; x_wconf 87' lang='lat' dir='ltr'><strong>loquendi</strong></span> <span class='ocrx_word' id='word_1_514' title='bbox 3116 2996 3434 3064; x_wconf 89' lang='lat' dir='ltr'><strong>materiam,</strong></span> <span class='ocrx_word' id='word_1_515' title='bbox 3487 2995 3597 3051; x_wconf 88' lang='lat' dir='ltr'><strong>Deo</strong></span> 
     </span>
    </p>
   </div>
   <div class='ocr_carea' id='block_1_78' title="bbox 1909 3086 2875 3171">
    <p class='ocr_par' dir='ltr' id='par_1_78' title="bbox 1909 3086 2875 3171">
     <span class='ocr_line' id='line_1_78' title="bbox 1909 3086 2875 3171; baseline 0.001 -31"><span class='ocrx_word' id='word_1_516' title='bbox 1909 3086 2218 3171; x_wconf 65' lang='lat' dir='ltr'><strong>aspiranie,</strong></span> <span class='ocrx_word' id='word_1_517' title='bbox 2244 3086 2348 3171; x_wconf 58' lang='lat' dir='ltr'><strong>fari</strong></span> <span class='ocrx_word' id='word_1_518' title='bbox 2374 3086 2667 3171; x_wconf 53' lang='lat' dir='ltr'><strong>exordiar:</strong></span> <span class='ocrx_word' id='word_1_519' title='bbox 2860 3152 2875 3168; x_wconf 28' lang='grc' dir='ltr'>ἲ</span> 
     </span>
    </p>
   </div>
   <div class='ocr_carea' id='block_1_79' title="bbox 1907 3156 3599 3244">
    <p class='ocr_par' dir='ltr' id='par_1_79' title="bbox 1907 3156 3599 3244">
     <span class='ocr_line' id='line_1_79' title="bbox 1907 3156 3599 3244; baseline -0.002 -14"><span class='ocrx_word' id='word_1_520' title='bbox 1907 3164 2145 3244; x_wconf 34' lang='lat' dir='ltr'><strong>&#39;quni</strong></span> <span class='ocrx_word' id='word_1_521' title='bbox 2200 3156 2440 3243; x_wconf 56' lang='lat' dir='ltr'><strong>humidi.</strong></span> <span class='ocrx_word' id='word_1_522' title='bbox 2472 3156 2899 3232; x_wconf 41' lang='lat' dir='ltr'><strong>i51&quot;’cenfu&#39;sidrfe</strong></span> <span class='ocrx_word' id='word_1_523' title='bbox 2968 3174 3245 3231; x_wconf 90' lang='lat' dir='ltr'><strong>vitiorum</strong></span> <span class='ocrx_word' id='word_1_524' title='bbox 3301 3172 3599 3228; x_wconf 88' lang='lat' dir='ltr'><strong>submerso</strong></span> 
     </span>
    </p>
   </div>
   <div class='ocr_carea' id='block_1_80' title="bbox 1908 3260 3599 3335">
    <p class='ocr_par' dir='ltr' id='par_1_80' title="bbox 1908 3260 3599 3335">
     <span class='ocr_line' id='line_1_80' title="bbox 1908 3260 3599 3335; baseline -0.003 -16"><span class='ocrx_word' id='word_1_525' title='bbox 1908 3262 2046 3320; x_wconf 89' lang='lat' dir='ltr'><strong>satis</strong></span> <span class='ocrx_word' id='word_1_526' title='bbox 2070 3264 2303 3335; x_wconf 83' lang='lat' dir='ltr'><strong>quidem</strong></span> <span class='ocrx_word' id='word_1_527' title='bbox 2359 3262 2496 3320; x_wconf 90' lang='lat' dir='ltr'><strong>utile</strong></span> <span class='ocrx_word' id='word_1_528' title='bbox 2549 3272 2631 3320; x_wconf 88' lang='lat' dir='ltr'><strong>est</strong></span> <span class='ocrx_word' id='word_1_529' title='bbox 2683 3262 2967 3334; x_wconf 89' lang='lat' dir='ltr'><strong>supplicia</strong></span> <span class='ocrx_word' id='word_1_530' title='bbox 3009 3262 3219 3319; x_wconf 82' lang='lat' dir='ltr'><strong>inferni</strong></span> <span class='ocrx_word' id='word_1_531' title='bbox 3277 3275 3455 3332; x_wconf 87' lang='lat' dir='ltr'><strong>quam</strong></span> <span class='ocrx_word' id='word_1_532' title='bbox 3486 3260 3599 3316; x_wconf 88' lang='lat' dir='ltr'><strong>sint</strong></span> 
     </span>
    </p>
   </div>
   <div class='ocr_carea' id='block_1_81' title="bbox 1909 3349 3598 3420">
    <p class='ocr_par' dir='ltr' id='par_1_81' title="bbox 1909 3349 3598 3420">
     <span class='ocr_line' id='line_1_81' title="bbox 1909 3349 3598 3420; baseline -0.002 -13"><span class='ocrx_word' id='word_1_533' title='bbox 1909 3351 2198 3409; x_wconf 89' lang='lat' dir='ltr'><strong>horrenda</strong></span> <span class='ocrx_word' id='word_1_534' title='bbox 2246 3351 2483 3420; x_wconf 87' lang='lat' dir='ltr'><strong>edicere,</strong></span> <span class='ocrx_word' id='word_1_535' title='bbox 2540 3359 2596 3408; x_wconf 90' lang='lat' dir='ltr'><strong>et</strong></span> <span class='ocrx_word' id='word_1_536' title='bbox 2646 3367 2779 3409; x_wconf 91' lang='lat' dir='ltr'><strong>cum</strong></span> <span class='ocrx_word' id='word_1_537' title='bbox 2825 3351 2919 3407; x_wconf 92' lang='lat' dir='ltr'><strong>illo</strong></span> <span class='ocrx_word' id='word_1_538' title='bbox 2973 3349 3246 3407; x_wconf 78' lang='lat' dir='ltr'><strong>ineﬁabili</strong></span> <span class='ocrx_word' id='word_1_539' title='bbox 3292 3364 3398 3406; x_wconf 89' lang='lat' dir='ltr'><strong>suo</strong></span> <span class='ocrx_word' id='word_1_540' title='bbox 3460 3349 3598 3405; x_wconf 89' lang='lat' dir='ltr'><strong>hor-</strong></span> 
     </span>
    </p>
   </div>
   <div class='ocr_carea' id='block_1_82' title="bbox 1908 3436 3597 3511">
    <p class='ocr_par' dir='ltr' id='par_1_82' title="bbox 1908 3436 3597 3511">
     <span class='ocr_line' id='line_1_82' title="bbox 1908 3436 3597 3511; baseline -0.004 -14"><span class='ocrx_word' id='word_1_541' title='bbox 1908 3454 2039 3498; x_wconf 89' lang='lat' dir='ltr'><strong>rore</strong></span> <span class='ocrx_word' id='word_1_542' title='bbox 2103 3454 2281 3511; x_wconf 91' lang='lat' dir='ltr'><strong>quam</strong></span> <span class='ocrx_word' id='word_1_543' title='bbox 2348 3440 2461 3497; x_wconf 89' lang='lat' dir='ltr'><strong>sint</strong></span> <span class='ocrx_word' id='word_1_544' title='bbox 2519 3440 2744 3497; x_wconf 84' lang='lat' dir='ltr'><strong>inﬁnita</strong></span> <span class='ocrx_word' id='word_1_545' title='bbox 2799 3453 3057 3496; x_wconf 90' lang='lat' dir='ltr'><strong>narrare.</strong></span> <span class='ocrx_word' id='word_1_546' title='bbox 3120 3439 3276 3495; x_wconf 86' lang='lat' dir='ltr'><strong>Sicut</strong></span> <span class='ocrx_word' id='word_1_547' title='bbox 3326 3438 3479 3495; x_wconf 90' lang='lat' dir='ltr'><strong>enim</strong></span> <span class='ocrx_word' id='word_1_548' title='bbox 3539 3436 3597 3491; x_wconf 89' lang='lat' dir='ltr'><strong>in</strong></span> 
     </span>
    </p>
   </div>
   <div class='ocr_carea' id='block_1_83' title="bbox 1908 3525 3598 3601">
    <p class='ocr_par' dir='ltr' id='par_1_83' title="bbox 1908 3525 3598 3601">
     <span class='ocr_line' id='line_1_83' title="bbox 1908 3525 3598 3601; baseline -0.004 -15"><span class='ocrx_word' id='word_1_549' title='bbox 1908 3529 2118 3586; x_wconf 64' lang='lat' dir='ltr'><strong>caelesti</strong></span> <span class='ocrx_word' id='word_1_550' title='bbox 2150 3543 2325 3601; x_wconf 90' lang='lat' dir='ltr'><strong>regno</strong></span> <span class='ocrx_word' id='word_1_551' title='bbox 2373 3529 2570 3599; x_wconf 88' lang='lat' dir='ltr'><strong>positis</strong></span> <span class='ocrx_word' id='word_1_552' title='bbox 2618 3529 2761 3585; x_wconf 91' lang='lat' dir='ltr'><strong>nihil</strong></span> <span class='ocrx_word' id='word_1_553' title='bbox 2813 3527 3181 3586; x_wconf 89' lang='lat' dir='ltr'><strong>beatitudinis</strong></span> <span class='ocrx_word' id='word_1_554' title='bbox 3228 3527 3425 3595; x_wconf 90' lang='lat' dir='ltr'><strong>deerit,</strong></span> <span class='ocrx_word' id='word_1_555' title='bbox 3465 3525 3598 3581; x_wconf 89' lang='lat' dir='ltr'><strong>sice</strong></span> 
     </span>
    </p>
   </div>
   <div class='ocr_carea' id='block_1_84' title="bbox 1908 3614 3598 3682">
    <p class='ocr_par' dir='ltr' id='par_1_84' title="bbox 1908 3614 3598 3682">
     <span class='ocr_line' id='line_1_84' title="bbox 1908 3614 3598 3682; baseline -0.002 -8"><span class='ocrx_word' id='word_1_556' title='bbox 1908 3618 2192 3674; x_wconf 89' lang='lat' dir='ltr'><strong>contrario</strong></span> <span class='ocrx_word' id='word_1_557' title='bbox 2223 3618 2280 3673; x_wconf 89' lang='lat' dir='ltr'><strong>in</strong></span> <span class='ocrx_word' id='word_1_558' title='bbox 2303 3625 2583 3674; x_wconf 61' lang='lat' dir='ltr'><strong>aeternum</strong></span> <span class='ocrx_word' id='word_1_559' title='bbox 2626 3618 2914 3674; x_wconf 87' lang='lat' dir='ltr'><strong>damnatis</strong></span> <span class='ocrx_word' id='word_1_560' title='bbox 2964 3616 3108 3672; x_wconf 89' lang='lat' dir='ltr'><strong>nihil</strong></span> <span class='ocrx_word' id='word_1_561' title='bbox 3141 3614 3403 3682; x_wconf 71' lang='lat' dir='ltr'><strong>miseriae,</strong></span> <span class='ocrx_word' id='word_1_562' title='bbox 3454 3615 3598 3670; x_wconf 89' lang='lat' dir='ltr'><strong>nihil</strong></span> 
     </span>
    </p>
   </div>
   <div class='ocr_carea' id='block_1_85' title="bbox 1909 3704 3598 3778">
    <p class='ocr_par' dir='ltr' id='par_1_85' title="bbox 1909 3704 3598 3778">
     <span class='ocr_line' id='line_1_85' title="bbox 1909 3704 3598 3778; baseline -0.002 -14"><span class='ocrx_word' id='word_1_563' title='bbox 1909 3708 2064 3778; x_wconf 91' lang='lat' dir='ltr'><strong>quod</strong></span> <span class='ocrx_word' id='word_1_564' title='bbox 2119 3706 2190 3762; x_wconf 90' lang='lat' dir='ltr'><strong>ad</strong></span> <span class='ocrx_word' id='word_1_565' title='bbox 2244 3720 2468 3777; x_wconf 66' lang='lat' dir='ltr'><strong>poenam</strong></span> <span class='ocrx_word' id='word_1_566' title='bbox 2518 3706 2797 3777; x_wconf 90' lang='lat' dir='ltr'><strong>pertineat</strong></span> <span class='ocrx_word' id='word_1_567' title='bbox 2854 3706 3045 3762; x_wconf 89' lang='lat' dir='ltr'><strong>deesse</strong></span> <span class='ocrx_word' id='word_1_568' title='bbox 3092 3704 3314 3776; x_wconf 90' lang='lat' dir='ltr'><strong>poterit.</strong></span> <span class='ocrx_word' id='word_1_569' title='bbox 3358 3705 3598 3760; x_wconf 91' lang='lat' dir='ltr'><strong>Etcum</strong></span> 
     </span>
    </p>
   </div>
   <div class='ocr_carea' id='block_1_86' title="bbox 1907 3793 3598 3857">
    <p class='ocr_par' dir='ltr' id='par_1_86' title="bbox 1907 3793 3598 3857">
     <span class='ocr_line' id='line_1_86' title="bbox 1907 3793 3598 3857; baseline -0.002 -5"><span class='ocrx_word' id='word_1_570' title='bbox 1907 3796 2030 3853; x_wconf 90' lang='lat' dir='ltr'><strong>sine</strong></span> <span class='ocrx_word' id='word_1_571' title='bbox 2060 3796 2176 3852; x_wconf 91' lang='lat' dir='ltr'><strong>ullo</strong></span> <span class='ocrx_word' id='word_1_572' title='bbox 2206 3796 2296 3852; x_wconf 90' lang='lat' dir='ltr'><strong>vel</strong></span> <span class='ocrx_word' id='word_1_573' title='bbox 2345 3803 2743 3851; x_wconf 89' lang='lat' dir='ltr'><strong>momentaneo</strong></span> <span class='ocrx_word' id='word_1_574' title='bbox 2786 3794 3032 3851; x_wconf 87' lang='lat' dir='ltr'><strong>remedio</strong></span> <span class='ocrx_word' id='word_1_575' title='bbox 3073 3794 3428 3857; x_wconf 90' lang='lat' dir='ltr'><strong>crucientur.</strong></span> <span class='ocrx_word' id='word_1_576' title='bbox 3457 3793 3598 3849; x_wconf 90' lang='lat' dir='ltr'><strong>illud</strong></span> 
     </span>
    </p>
   </div>
   <div class='ocr_carea' id='block_1_87' title="bbox 1909 3882 3601 3954">
    <p class='ocr_par' dir='ltr' id='par_1_87' title="bbox 1909 3882 3601 3954">
     <span class='ocr_line' id='line_1_87' title="bbox 1909 3882 3601 3954; baseline -0.001 -15"><span class='ocrx_word' id='word_1_577' title='bbox 1909 3883 2196 3954; x_wconf 69' lang='lat' dir='ltr'><strong>praecipue</strong></span> <span class='ocrx_word' id='word_1_578' title='bbox 2245 3890 2300 3940; x_wconf 91' lang='lat' dir='ltr'><strong>et</strong></span> <span class='ocrx_word' id='word_1_579' title='bbox 2367 3882 3013 3953; x_wconf 87' lang='lat' dir='ltr'><strong>incomprehensibiliter</strong></span> <span class='ocrx_word' id='word_1_580' title='bbox 3085 3883 3307 3939; x_wconf 89' lang='lat' dir='ltr'><strong>cruciat</strong></span> <span class='ocrx_word' id='word_1_581' title='bbox 3378 3882 3601 3938; x_wconf 91' lang='lat' dir='ltr'><strong>animos</strong></span> 
     </span>
    </p>
   </div>
   <div class='ocr_carea' id='block_1_88' title="bbox 1909 3971 3603 4043">
    <p class='ocr_par' dir='ltr' id='par_1_88' title="bbox 1909 3971 3603 4043">
     <span class='ocr_line' id='line_1_88' title="bbox 1909 3971 3603 4043; baseline 0 -16"><span class='ocrx_word' id='word_1_582' title='bbox 1909 3972 2284 4042; x_wconf 90' lang='lat' dir='ltr'><strong>perditorum,</strong></span> <span class='ocrx_word' id='word_1_583' title='bbox 2318 3972 2471 4043; x_wconf 91' lang='lat' dir='ltr'><strong>quod</strong></span> <span class='ocrx_word' id='word_1_584' title='bbox 2518 3986 2623 4028; x_wconf 91' lang='lat' dir='ltr'><strong>nec</strong></span> <span class='ocrx_word' id='word_1_585' title='bbox 2668 3972 2863 4028; x_wconf 89' lang='lat' dir='ltr'><strong>saltem</strong></span> <span class='ocrx_word' id='word_1_586' title='bbox 2914 3979 3037 4042; x_wconf 89' lang='lat' dir='ltr'><strong>post</strong></span> <span class='ocrx_word' id='word_1_587' title='bbox 3095 3971 3249 4028; x_wconf 91' lang='lat' dir='ltr'><strong>mille</strong></span> <span class='ocrx_word' id='word_1_588' title='bbox 3287 3971 3467 4027; x_wconf 92' lang='lat' dir='ltr'><strong>millia</strong></span> <span class='ocrx_word' id='word_1_589' title='bbox 3504 3985 3603 4027; x_wconf 85' lang='lat' dir='ltr'><strong>an-</strong></span> 
     </span>
    </p>
   </div>
   <div class='ocr_carea' id='block_1_89' title="bbox 1908 4059 3597 4130">
    <p class='ocr_par' dir='ltr' id='par_1_89' title="bbox 1908 4059 3597 4130">
     <span class='ocr_line' id='line_1_89' title="bbox 1908 4059 3597 4130; baseline 0 -15"><span class='ocrx_word' id='word_1_590' title='bbox 1908 4073 2116 4116; x_wconf 89' lang='lat' dir='ltr'><strong>norum</strong></span> <span class='ocrx_word' id='word_1_591' title='bbox 2175 4074 2332 4130; x_wconf 90' lang='lat' dir='ltr'><strong>spem</strong></span> <span class='ocrx_word' id='word_1_592' title='bbox 2397 4060 2611 4116; x_wconf 90' lang='lat' dir='ltr'><strong>habent</strong></span> <span class='ocrx_word' id='word_1_593' title='bbox 2666 4066 3082 4116; x_wconf 86' lang='lat' dir='ltr'><strong>tormentorum</strong></span> <span class='ocrx_word' id='word_1_594' title='bbox 3146 4059 3597 4126; x_wconf 89' lang='lat' dir='ltr'><strong>evadendorum,</strong></span> 
     </span>
    </p>
   </div>
   <div class='ocr_carea' id='block_1_90' title="bbox 1907 4148 3603 4217">
    <p class='ocr_par' dir='ltr' id='par_1_90' title="bbox 1907 4148 3603 4217">
     <span class='ocr_line' id='line_1_90' title="bbox 1907 4148 3603 4217; baseline -0.002 -11"><span class='ocrx_word' id='word_1_595' title='bbox 1907 4149 2005 4206; x_wconf 88' lang='lat' dir='ltr'><strong>sed</strong></span> <span class='ocrx_word' id='word_1_596' title='bbox 2034 4156 2273 4205; x_wconf 89' lang='lat' dir='ltr'><strong>mortem</strong></span> <span class='ocrx_word' id='word_1_597' title='bbox 2334 4148 2708 4204; x_wconf 84' lang='lat' dir='ltr'><strong>immortalem</strong></span> <span class='ocrx_word' id='word_1_598' title='bbox 2755 4161 3022 4217; x_wconf 88' lang='lat' dir='ltr'><strong>passuros</strong></span> <span class='ocrx_word' id='word_1_599' title='bbox 3077 4163 3135 4205; x_wconf 88' lang='lat' dir='ltr'><strong>se</strong></span> <span class='ocrx_word' id='word_1_600' title='bbox 3189 4149 3377 4204; x_wconf 90' lang='lat' dir='ltr'><strong>sciunt</strong></span> <span class='ocrx_word' id='word_1_601' title='bbox 3410 4148 3469 4205; x_wconf 93' lang='lat' dir='ltr'><strong>in</strong></span> <span class='ocrx_word' id='word_1_602' title='bbox 3498 4162 3603 4203; x_wconf 69' lang='lat' dir='ltr'><strong>see-</strong></span> 
     </span>
    </p>
   </div>
   <div class='ocr_carea' id='block_1_91' title="bbox 104 4235 3603 4317">
    <p class='ocr_par' dir='ltr' id='par_1_91' title="bbox 104 4235 3603 4317">
     <span class='ocr_line' id='line_1_91' title="bbox 104 4235 3603 4317; baseline -0.001 -22"><span class='ocrx_word' id='word_1_603' title='bbox 104 4250 294 4297; x_wconf 90' lang='lat' dir='ltr'><strong>autem</strong></span> <span class='ocrx_word' id='word_1_604' title='bbox 328 4239 439 4294; x_wconf 91' lang='lat' dir='ltr'><strong>hoc</strong></span> <span class='ocrx_word' id='word_1_605' title='bbox 462 4239 581 4295; x_wconf 85' lang='lat' dir='ltr'><strong>ﬁeri</strong></span> <span class='ocrx_word' id='word_1_606' title='bbox 607 4239 767 4307; x_wconf 91' lang='lat' dir='ltr'><strong>solet,</strong></span> <span class='ocrx_word' id='word_1_607' title='bbox 799 4240 1062 4310; x_wconf 89' lang='lat' dir='ltr'><strong>exemplo</strong></span> <span class='ocrx_word' id='word_1_608' title='bbox 1098 4240 1309 4297; x_wconf 88' lang='lat' dir='ltr'><strong>scilicet</strong></span> <span class='ocrx_word' id='word_1_609' title='bbox 1338 4249 1512 4312; x_wconf 89' lang='lat' dir='ltr'><strong>atque</strong></span> <span class='ocrx_word' id='word_1_610' title='bbox 1542 4241 1796 4298; x_wconf 88' lang='lat' dir='ltr'><strong>ratione:</strong></span> <span class='ocrx_word' id='word_1_611' title='bbox 1832 4263 1873 4317; x_wconf 81' lang='grc' dir='ltr'><strong>ι)</strong></span> <span class='ocrx_word' id='word_1_612' title='bbox 1911 4237 2043 4294; x_wconf 91' lang='lat' dir='ltr'><strong>cula</strong></span> <span class='ocrx_word' id='word_1_613' title='bbox 2064 4237 2424 4295; x_wconf 63' lang='lat' dir='ltr'><strong>saeculorum.</strong></span> <span class='ocrx_word' id='word_1_614' title='bbox 2461 4235 2594 4306; x_wconf 88' lang='lat' dir='ltr'><strong>Spes</strong></span> <span class='ocrx_word' id='word_1_615' title='bbox 2643 4236 2796 4292; x_wconf 91' lang='lat' dir='ltr'><strong>enim</strong></span> <span class='ocrx_word' id='word_1_616' title='bbox 2845 4243 2900 4292; x_wconf 92' lang='lat' dir='ltr'><strong>et</strong></span> <span class='ocrx_word' id='word_1_617' title='bbox 2932 4250 3069 4292; x_wconf 91' lang='lat' dir='ltr'><strong>sane</strong></span> <span class='ocrx_word' id='word_1_618' title='bbox 3114 4235 3414 4307; x_wconf 87' lang='lat' dir='ltr'><strong>aliquoties</strong></span> <span class='ocrx_word' id='word_1_619' title='bbox 3460 4235 3603 4293; x_wconf 84' lang='lat' dir='ltr'><strong>falsa</strong></span> 
     </span>
    </p>
   </div>
   <div class='ocr_carea' id='block_1_92' title="bbox 104 4327 1803 4399">
    <p class='ocr_par' dir='ltr' id='par_1_92' title="bbox 104 4327 1803 4399">
     <span class='ocr_line' id='line_1_92' title="bbox 104 4327 1803 4399; baseline 0.001 -15"><span class='ocrx_word' id='word_1_620' title='bbox 104 4328 372 4398; x_wconf 84' lang='lat' dir='ltr'><strong>exemplo</strong></span> <span class='ocrx_word' id='word_1_621' title='bbox 419 4327 873 4398; x_wconf 89' lang='lat' dir='ltr'><strong>Scripturarum,</strong></span> <span class='ocrx_word' id='word_1_622' title='bbox 925 4336 989 4385; x_wconf 90' lang='lat' dir='ltr'><strong>ut</strong></span> <span class='ocrx_word' id='word_1_623' title='bbox 1053 4328 1195 4395; x_wconf 83' lang='lat' dir='ltr'><strong>dixi,</strong></span> <span class='ocrx_word' id='word_1_624' title='bbox 1236 4329 1803 4399; x_wconf 72' lang='lat' dir='ltr'><strong>praecedentium;et</strong></span> 
     </span>
    </p>
   </div>
   <div class='ocr_carea' id='block_1_93' title="bbox 107 4414 1803 4489">
    <p class='ocr_par' dir='ltr' id='par_1_93' title="bbox 107 4414 1803 4489">
     <span class='ocr_line' id='line_1_93' title="bbox 107 4414 1803 4489; baseline 0.002 -18"><span class='ocrx_word' id='word_1_625' title='bbox 107 4417 354 4484; x_wconf 87' lang='lat' dir='ltr'><strong>ratione,</strong></span> <span class='ocrx_word' id='word_1_626' title='bbox 382 4414 644 4472; x_wconf 84' lang='lat' dir='ltr'><strong>videlicet</strong></span> <span class='ocrx_word' id='word_1_627' title='bbox 671 4430 805 4471; x_wconf 91' lang='lat' dir='ltr'><strong>cum</strong></span> <span class='ocrx_word' id='word_1_628' title='bbox 840 4415 1103 4486; x_wconf 85' lang='lat' dir='ltr'><strong>exempla</strong></span> <span class='ocrx_word' id='word_1_629' title='bbox 1132 4415 1326 4472; x_wconf 89' lang='lat' dir='ltr'><strong>minus</strong></span> <span class='ocrx_word' id='word_1_630' title='bbox 1363 4417 1593 4483; x_wconf 85' lang='lat' dir='ltr'><strong>adsunt,</strong></span> <span class='ocrx_word' id='word_1_631' title='bbox 1622 4425 1676 4473; x_wconf 93' lang='lat' dir='ltr'><strong>et</strong></span> <span class='ocrx_word' id='word_1_632' title='bbox 1703 4432 1803 4489; x_wconf 90' lang='lat' dir='ltr'><strong>per</strong></span> 
     </span>
    </p>
   </div>
   <div class='ocr_carea' id='block_1_94' title="bbox 104 4502 1796 4577">
    <p class='ocr_par' dir='ltr' id='par_1_94' title="bbox 104 4502 1796 4577">
     <span class='ocr_line' id='line_1_94' title="bbox 104 4502 1796 4577; baseline 0.002 -18"><span class='ocrx_word' id='word_1_633' title='bbox 104 4502 619 4559; x_wconf 87' lang='lat' dir='ltr'><strong>considerationem</strong></span> <span class='ocrx_word' id='word_1_634' title='bbox 679 4513 903 4560; x_wconf 78' lang='lat' dir='ltr'><strong>naturae</strong></span> <span class='ocrx_word' id='word_1_635' title='bbox 962 4503 1114 4559; x_wconf 90' lang='lat' dir='ltr'><strong>illius</strong></span> <span class='ocrx_word' id='word_1_636' title='bbox 1173 4504 1251 4560; x_wconf 89' lang='lat' dir='ltr'><strong>rei</strong></span> <span class='ocrx_word' id='word_1_637' title='bbox 1305 4505 1374 4560; x_wconf 91' lang='lat' dir='ltr'><strong>de</strong></span> <span class='ocrx_word' id='word_1_638' title='bbox 1426 4519 1544 4576; x_wconf 92' lang='lat' dir='ltr'><strong>qua</strong></span> <span class='ocrx_word' id='word_1_639' title='bbox 1585 4508 1796 4577; x_wconf 87' lang='lat' dir='ltr'><strong>agitur,</strong></span> 
     </span>
    </p>
   </div>
   <div class='ocr_carea' id='block_1_95' title="bbox 102 4591 1805 4663">
    <p class='ocr_par' dir='ltr' id='par_1_95' title="bbox 102 4591 1805 4663">
     <span class='ocr_line' id='line_1_95' title="bbox 102 4591 1805 4663; baseline 0.001 -16"><span class='ocrx_word' id='word_1_640' title='bbox 102 4592 319 4663; x_wconf 88' lang='lat' dir='ltr'><strong>aliquid</strong></span> <span class='ocrx_word' id='word_1_641' title='bbox 349 4592 641 4663; x_wconf 73' lang='lat' dir='ltr'><strong>allegoriae</strong></span> <span class='ocrx_word' id='word_1_642' title='bbox 664 4592 749 4648; x_wconf 91' lang='lat' dir='ltr'><strong>vel</strong></span> <span class='ocrx_word' id='word_1_643' title='bbox 783 4591 1459 4648; x_wconf 88' lang='lat' dir='ltr'><strong>moralitati-convenieus</strong></span> <span class='ocrx_word' id='word_1_644' title='bbox 1484 4593 1805 4663; x_wconf 80' lang='lat' dir='ltr'><strong>invenitur,</strong></span> 
     </span>
    </p>
   </div>
   <div class='ocr_carea' id='block_1_96' title="bbox 102 4680 1797 4752">
    <p class='ocr_par' dir='ltr' id='par_1_96' title="bbox 102 4680 1797 4752">
     <span class='ocr_line' id='line_1_96' title="bbox 102 4680 1797 4752; baseline 0.002 -16"><span class='ocrx_word' id='word_1_645' title='bbox 102 4683 245 4738; x_wconf 88' lang='lat' dir='ltr'><strong>sicut</strong></span> <span class='ocrx_word' id='word_1_646' title='bbox 276 4682 348 4736; x_wconf 91' lang='lat' dir='ltr'><strong>de</strong></span> <span class='ocrx_word' id='word_1_647' title='bbox 381 4680 1057 4752; x_wconf 86' lang='lat' dir='ltr'><strong>lapidibus&#39;gemmariis,</strong></span> <span class='ocrx_word' id='word_1_648' title='bbox 1109 4681 1178 4737; x_wconf 90' lang='lat' dir='ltr'><strong>de</strong></span> <span class='ocrx_word' id='word_1_649' title='bbox 1224 4681 1451 4750; x_wconf 89' lang='lat' dir='ltr'><strong>avibus,</strong></span> <span class='ocrx_word' id='word_1_650' title='bbox 1486 4682 1555 4738; x_wconf 91' lang='lat' dir='ltr'><strong>de</strong></span> <span class='ocrx_word' id='word_1_651' title='bbox 1586 4683 1797 4751; x_wconf 89' lang='lat' dir='ltr'><strong>bestiis,</strong></span> 
     </span>
    </p>
   </div>
   <div class='ocr_carea' id='block_1_97' title="bbox 100 4769 1801 4843">
    <p class='ocr_par' dir='ltr' id='par_1_97' title="bbox 100 4769 1801 4843">
     <span class='ocr_line' id='line_1_97' title="bbox 100 4769 1801 4843; baseline 0.002 -18"><span class='ocrx_word' id='word_1_652' title='bbox 100 4770 161 4826; x_wconf 91' lang='lat' dir='ltr'><strong>de</strong></span> <span class='ocrx_word' id='word_1_653' title='bbox 191 4769 417 4841; x_wconf 88' lang='lat' dir='ltr'><strong>quibus</strong></span> <span class='ocrx_word' id='word_1_654' title='bbox 448 4770 734 4840; x_wconf 88' lang='lat' dir='ltr'><strong>quidquid</strong></span> <span class='ocrx_word' id='word_1_655' title='bbox 765 4769 1010 4841; x_wconf 83' lang='lat' dir='ltr'><strong>ﬁgurate</strong></span> <span class='ocrx_word' id='word_1_656' title='bbox 1034 4769 1264 4838; x_wconf 92' lang='lat' dir='ltr'><strong>dicitur,</strong></span> <span class='ocrx_word' id='word_1_657' title='bbox 1288 4785 1403 4827; x_wconf 91' lang='lat' dir='ltr'><strong>non</strong></span> <span class='ocrx_word' id='word_1_658' title='bbox 1428 4769 1537 4826; x_wconf 87' lang='lat' dir='ltr'><strong>nisi</strong></span> <span class='ocrx_word' id='word_1_659' title='bbox 1569 4780 1801 4843; x_wconf 89' lang='lat' dir='ltr'><strong>propter</strong></span> 
     </span>
    </p>
   </div>
   <div class='ocr_carea' id='block_1_98' title="bbox 103 4858 1799 4930">
    <p class='ocr_par' dir='ltr' id='par_1_98' title="bbox 103 4858 1799 4930">
     <span class='ocr_line' id='line_1_98' title="bbox 103 4858 1799 4930; baseline 0.002 -17"><span class='ocrx_word' id='word_1_660' title='bbox 103 4868 446 4915; x_wconf 85' lang='lat' dir='ltr'><strong>naturarum</strong></span> <span class='ocrx_word' id='word_1_661' title='bbox 462 4858 908 4929; x_wconf 87' lang='lat' dir='ltr'><strong>signiﬁcantiam</strong></span> <span class='ocrx_word' id='word_1_662' title='bbox 935 4859 1225 4928; x_wconf 78' lang='lat' dir='ltr'><strong>profertur</strong></span> <span class='ocrx_word' id='word_1_663' title='bbox 1239 4876 1252 4925; x_wconf 93' lang='lat'><strong>;</strong></span> <span class='ocrx_word' id='word_1_664' title='bbox 1268 4858 1326 4914; x_wconf 89' lang='lat' dir='ltr'><strong>in</strong></span> <span class='ocrx_word' id='word_1_665' title='bbox 1346 4860 1561 4930; x_wconf 90' lang='lat' dir='ltr'><strong>quibus</strong></span> <span class='ocrx_word' id='word_1_666' title='bbox 1576 4860 1799 4916; x_wconf 89' lang='lat' dir='ltr'><strong>etiamsi</strong></span> 
     </span>
    </p>
   </div>
   <div class='ocr_carea' id='block_1_99' title="bbox 101 4946 1798 5018">
    <p class='ocr_par' dir='ltr' id='par_1_99' title="bbox 101 4946 1798 5018">
     <span class='ocr_line' id='line_1_99' title="bbox 101 4946 1798 5018; baseline 0.003 -17"><span class='ocrx_word' id='word_1_667' title='bbox 101 4948 255 5003; x_wconf 88' lang='lat' dir='ltr'><strong>nulla</strong></span> <span class='ocrx_word' id='word_1_668' title='bbox 279 4946 496 5018; x_wconf 89' lang='lat' dir='ltr'><strong>pagina</strong></span> <span class='ocrx_word' id='word_1_669' title='bbox 525 4946 828 5017; x_wconf 89' lang='lat' dir='ltr'><strong>aliquoties</strong></span> <span class='ocrx_word' id='word_1_670' title='bbox 860 4954 1182 5015; x_wconf 90' lang='lat' dir='ltr'><strong>attestetur,</strong></span> <span class='ocrx_word' id='word_1_671' title='bbox 1217 4961 1319 5018; x_wconf 90' lang='lat' dir='ltr'><strong>per</strong></span> <span class='ocrx_word' id='word_1_672' title='bbox 1351 4955 1576 5004; x_wconf 75' lang='lat' dir='ltr'><strong>naturae</strong></span> <span class='ocrx_word' id='word_1_673' title='bbox 1606 4956 1798 5006; x_wconf 90' lang='lat' dir='ltr'><strong>tamen</strong></span> 
     </span>
    </p>
   </div>
   <div class='ocr_carea' id='block_1_100' title="bbox 104 5032 1129 5106">
    <p class='ocr_par' dir='ltr' id='par_1_100' title="bbox 104 5032 1129 5106">
     <span class='ocr_line' id='line_1_100' title="bbox 104 5032 1129 5106; baseline 0 -16"><span class='ocrx_word' id='word_1_674' title='bbox 104 5034 510 5106; x_wconf 88' lang='lat' dir='ltr'><strong>inspectionem</strong></span> <span class='ocrx_word' id='word_1_675' title='bbox 542 5034 778 5091; x_wconf 90' lang='lat' dir='ltr'><strong>licenter</strong></span> <span class='ocrx_word' id='word_1_676' title='bbox 805 5032 1129 5106; x_wconf 86' lang='lat' dir='ltr'><strong>conjicitur.</strong></span> 
     </span>
    </p>
   </div>
   <div class='ocr_carea' id='block_1_101' title="bbox 165 5123 1798 5196">
    <p class='ocr_par' dir='ltr' id='par_1_101' title="bbox 165 5123 1798 5196">
     <span class='ocr_line' id='line_1_101' title="bbox 165 5123 1798 5196; baseline 0 -14"><span class='ocrx_word' id='word_1_677' title='bbox 165 5124 479 5196; x_wconf 87' lang='lat' dir='ltr'><strong>Gregorius</strong></span> <span class='ocrx_word' id='word_1_678' title='bbox 527 5123 940 5194; x_wconf 86' lang='lat' dir='ltr'><strong>Nazianzenus,</strong></span> <span class='ocrx_word' id='word_1_679' title='bbox 987 5124 1085 5181; x_wconf 85' lang='lat' dir='ltr'><strong>vir</strong></span> <span class='ocrx_word' id='word_1_680' title='bbox 1147 5124 1489 5183; x_wconf 89' lang='lat' dir='ltr'><strong>mirabiliter</strong></span> <span class='ocrx_word' id='word_1_681' title='bbox 1533 5125 1798 5182; x_wconf 91' lang='lat' dir='ltr'><strong>eruditus</strong></span> 
     </span>
    </p>
   </div>
   <div class='ocr_carea' id='block_1_102' title="bbox 107 5212 1801 5285">
    <p class='ocr_par' dir='ltr' id='par_1_102' title="bbox 107 5212 1801 5285">
     <span class='ocr_line' id='line_1_102' title="bbox 107 5212 1801 5285; baseline 0.002 -18"><span class='ocrx_word' id='word_1_682' title='bbox 107 5212 155 5269; x_wconf 88' lang='lat' dir='ltr'><strong>in</strong></span> <span class='ocrx_word' id='word_1_683' title='bbox 182 5214 437 5285; x_wconf 90' lang='lat' dir='ltr'><strong>quodam</strong></span> <span class='ocrx_word' id='word_1_684' title='bbox 468 5228 575 5270; x_wconf 90' lang='lat' dir='ltr'><strong>suo</strong></span> <span class='ocrx_word' id='word_1_685' title='bbox 602 5213 745 5270; x_wconf 91' lang='lat' dir='ltr'><strong>libro</strong></span> <span class='ocrx_word' id='word_1_686' title='bbox 769 5221 1007 5271; x_wconf 85' lang='lat' dir='ltr'><strong>testatur</strong></span> <span class='ocrx_word' id='word_1_687' title='bbox 1035 5228 1096 5270; x_wconf 88' lang='lat' dir='ltr'><strong>se</strong></span> <span class='ocrx_word' id='word_1_688' title='bbox 1117 5214 1171 5269; x_wconf 90' lang='lat' dir='ltr'><strong>id</strong></span> <span class='ocrx_word' id='word_1_689' title='bbox 1194 5214 1465 5271; x_wconf 88' lang='lat' dir='ltr'><strong>habuisse</strong></span> <span class='ocrx_word' id='word_1_690' title='bbox 1494 5221 1801 5271; x_wconf 90' lang='lat' dir='ltr'><strong>consuetu-</strong></span> 
     </span>
    </p>
   </div>
   <div class='ocr_carea' id='block_1_103' title="bbox 109 5300 1798 5373">
    <p class='ocr_par' dir='ltr' id='par_1_103' title="bbox 109 5300 1798 5373">
     <span class='ocr_line' id='line_1_103' title="bbox 109 5300 1798 5373; baseline 0.002 -17"><span class='ocrx_word' id='word_1_691' title='bbox 109 5301 264 5369; x_wconf 88' lang='lat' dir='ltr'><strong>dinis,</strong></span> <span class='ocrx_word' id='word_1_692' title='bbox 295 5311 360 5359; x_wconf 92' lang='lat' dir='ltr'><strong>ut</strong></span> <span class='ocrx_word' id='word_1_693' title='bbox 411 5300 701 5373; x_wconf 89' lang='lat' dir='ltr'><strong>quidquid</strong></span> <span class='ocrx_word' id='word_1_694' title='bbox 740 5301 978 5368; x_wconf 90' lang='lat' dir='ltr'><strong>videret,</strong></span> <span class='ocrx_word' id='word_1_695' title='bbox 1019 5303 1091 5359; x_wconf 91' lang='lat' dir='ltr'><strong>ad</strong></span> <span class='ocrx_word' id='word_1_696' title='bbox 1137 5302 1573 5359; x_wconf 90' lang='lat' dir='ltr'><strong>instructionem</strong></span> <span class='ocrx_word' id='word_1_697' title='bbox 1620 5302 1798 5359; x_wconf 91' lang='lat' dir='ltr'><strong>animi</strong></span> 
     </span>
    </p>
   </div>
   <div class='ocr_carea' id='block_1_104' title="bbox 110 5388 1795 5463">
    <p class='ocr_par' dir='ltr' id='par_1_104' title="bbox 110 5388 1795 5463">
     <span class='ocr_line' id='line_1_104' title="bbox 110 5388 1795 5463; baseline -0.002 -17"><span class='ocrx_word' id='word_1_698' title='bbox 110 5390 467 5463; x_wconf 81' lang='lat' dir='ltr'><strong>allegorizare</strong></span> <span class='ocrx_word' id='word_1_699' title='bbox 543 5391 814 5447; x_wconf 89' lang='lat' dir='ltr'><strong>studeret.</strong></span> <span class='ocrx_word' id='word_1_700' title='bbox 886 5389 1055 5458; x_wconf 79' lang='lat' dir='ltr'><strong>Quod</strong></span> <span class='ocrx_word' id='word_1_701' title='bbox 1119 5390 1387 5447; x_wconf 88' lang='lat' dir='ltr'><strong>acumine</strong></span> <span class='ocrx_word' id='word_1_702' title='bbox 1443 5389 1682 5446; x_wconf 89' lang='lat' dir='ltr'><strong>rationis</strong></span> <span class='ocrx_word' id='word_1_703' title='bbox 1750 5388 1795 5444; x_wconf 89' lang='lat' dir='ltr'><strong>si</strong></span> 
     </span>
    </p>
   </div>
   <div class='ocr_carea' id='block_1_105' title="bbox 111 5477 1796 5547">
    <p class='ocr_par' dir='ltr' id='par_1_105' title="bbox 111 5477 1796 5547">
     <span class='ocr_line' id='line_1_105' title="bbox 111 5477 1796 5547; baseline -0.001 -13"><span class='ocrx_word' id='word_1_704' title='bbox 111 5479 277 5537; x_wconf 82' lang='lat' dir='ltr'><strong>facere</strong></span> <span class='ocrx_word' id='word_1_705' title='bbox 306 5485 608 5536; x_wconf 85' lang='lat' dir='ltr'><strong>assuescat</strong></span> <span class='ocrx_word' id='word_1_706' title='bbox 635 5478 864 5547; x_wconf 88' lang='lat' dir='ltr'><strong>aliquis,</strong></span> <span class='ocrx_word' id='word_1_707' title='bbox 914 5493 1032 5535; x_wconf 90' lang='lat' dir='ltr'><strong>non</strong></span> <span class='ocrx_word' id='word_1_708' title='bbox 1082 5478 1251 5536; x_wconf 88' lang='lat' dir='ltr'><strong>modo</strong></span> <span class='ocrx_word' id='word_1_709' title='bbox 1299 5479 1357 5535; x_wconf 89' lang='lat' dir='ltr'><strong>in</strong></span> <span class='ocrx_word' id='word_1_710' title='bbox 1402 5477 1796 5535; x_wconf 88' lang='lat' dir='ltr'><strong>voluminibus</strong></span> 
     </span>
    </p>
   </div>
   <div class='ocr_carea' id='block_1_106' title="bbox 1910 4324 3603 4387">
    <p class='ocr_par' dir='ltr' id='par_1_106' title="bbox 1910 4324 3603 4387">
     <span class='ocr_line' id='line_1_106' title="bbox 1910 4324 3603 4387; baseline -0.002 -4"><span class='ocrx_word' id='word_1_711' title='bbox 1910 4326 2124 4383; x_wconf 81' lang='lat' dir='ltr'><strong>refovet</strong></span> <span class='ocrx_word' id='word_1_712' title='bbox 2171 4334 2389 4382; x_wconf 90' lang='lat' dir='ltr'><strong>mentes</strong></span> <span class='ocrx_word' id='word_1_713' title='bbox 2446 4324 2501 4381; x_wconf 91' lang='lat' dir='ltr'><strong>in</strong></span> <span class='ocrx_word' id='word_1_714' title='bbox 2555 4325 2811 4382; x_wconf 87' lang='lat' dir='ltr'><strong>adversis</strong></span> <span class='ocrx_word' id='word_1_715' title='bbox 2842 4326 3199 4387; x_wconf 74' lang='lat' dir='ltr'><strong>const’tutas,</strong></span> <span class='ocrx_word' id='word_1_716' title='bbox 3258 4325 3355 4381; x_wconf 90' lang='lat' dir='ltr'><strong>sed</strong></span> <span class='ocrx_word' id='word_1_717' title='bbox 3395 4324 3471 4381; x_wconf 92' lang='lat' dir='ltr'><strong>ibi</strong></span> <span class='ocrx_word' id='word_1_718' title='bbox 3500 4339 3603 4380; x_wconf 91' lang='lat' dir='ltr'><strong>nec</strong></span> 
     </span>
    </p>
   </div>
   <div class='ocr_carea' id='block_1_107' title="bbox 1909 4412 3601 4485">
    <p class='ocr_par' dir='ltr' id='par_1_107' title="bbox 1909 4412 3601 4485">
     <span class='ocr_line' id='line_1_107' title="bbox 1909 4412 3601 4485; baseline -0.001 -15"><span class='ocrx_word' id='word_1_719' title='bbox 1909 4429 2064 4482; x_wconf 89' lang='lat' dir='ltr'><strong>vera,</strong></span> <span class='ocrx_word' id='word_1_720' title='bbox 2108 4429 2211 4471; x_wconf 89' lang='lat' dir='ltr'><strong>nec</strong></span> <span class='ocrx_word' id='word_1_721' title='bbox 2259 4415 2400 4471; x_wconf 80' lang='lat' dir='ltr'><strong>falsa</strong></span> <span class='ocrx_word' id='word_1_722' title='bbox 2445 4414 2570 4481; x_wconf 87' lang='lat' dir='ltr'><strong>erit,</strong></span> <span class='ocrx_word' id='word_1_723' title='bbox 2618 4429 2751 4484; x_wconf 73' lang='lat' dir='ltr'><strong>quae</strong></span> <span class='ocrx_word' id='word_1_724' title='bbox 2783 4428 2879 4470; x_wconf 90' lang='lat' dir='ltr'><strong>eos</strong></span> <span class='ocrx_word' id='word_1_725' title='bbox 2926 4413 3205 4470; x_wconf 86' lang='lat' dir='ltr'><strong>consolari</strong></span> <span class='ocrx_word' id='word_1_726' title='bbox 3255 4413 3447 4485; x_wconf 90' lang='lat' dir='ltr'><strong>possit.</strong></span> <span class='ocrx_word' id='word_1_727' title='bbox 3496 4412 3601 4470; x_wconf 88' lang='lat' dir='ltr'><strong>Sed</strong></span> 
     </span>
    </p>
   </div>
   <div class='ocr_carea' id='block_1_108' title="bbox 1909 4501 3599 4570">
    <p class='ocr_par' dir='ltr' id='par_1_108' title="bbox 1909 4501 3599 4570">
     <span class='ocr_line' id='line_1_108' title="bbox 1909 4501 3599 4570; baseline -0.001 -11"><span class='ocrx_word' id='word_1_728' title='bbox 1909 4503 2198 4559; x_wconf 90' lang='lat' dir='ltr'><strong>hominem</strong></span> <span class='ocrx_word' id='word_1_729' title='bbox 2255 4502 2583 4570; x_wconf 90' lang='lat' dir='ltr'><strong>animalem,</strong></span> <span class='ocrx_word' id='word_1_730' title='bbox 2620 4503 2676 4558; x_wconf 91' lang='lat' dir='ltr'><strong>id</strong></span> <span class='ocrx_word' id='word_1_731' title='bbox 2740 4510 2824 4559; x_wconf 89' lang='lat' dir='ltr'><strong>est</strong></span> <span class='ocrx_word' id='word_1_732' title='bbox 2898 4502 3207 4558; x_wconf 90' lang='lat' dir='ltr'><strong>bestialiter</strong></span> <span class='ocrx_word' id='word_1_733' title='bbox 3292 4501 3599 4568; x_wconf 88' lang='lat' dir='ltr'><strong>viventem,</strong></span> 
     </span>
    </p>
   </div>
   <div class='ocr_carea' id='block_1_109' title="bbox 1909 4589 3600 4663">
    <p class='ocr_par' dir='ltr' id='par_1_109' title="bbox 1909 4589 3600 4663">
     <span class='ocr_line' id='line_1_109' title="bbox 1909 4589 3600 4663; baseline -0.004 -14"><span class='ocrx_word' id='word_1_734' title='bbox 1909 4592 2080 4663; x_wconf 90' lang='lat' dir='ltr'><strong>cujus</strong></span> <span class='ocrx_word' id='word_1_735' title='bbox 2108 4606 2311 4649; x_wconf 87' lang='lat' dir='ltr'><strong>sensus</strong></span> <span class='ocrx_word' id='word_1_736' title='bbox 2338 4591 2396 4647; x_wconf 92' lang='lat' dir='ltr'><strong>in</strong></span> <span class='ocrx_word' id='word_1_737' title='bbox 2446 4591 2536 4647; x_wconf 91' lang='lat' dir='ltr'><strong>his</strong></span> <span class='ocrx_word' id='word_1_738' title='bbox 2582 4605 2715 4662; x_wconf 61' lang='lat' dir='ltr'><strong>qua</strong></span> <span class='ocrx_word' id='word_1_739' title='bbox 2767 4590 3138 4661; x_wconf 88' lang='lat' dir='ltr'><strong>corporaliter</strong></span> <span class='ocrx_word' id='word_1_740' title='bbox 3169 4589 3321 4647; x_wconf 89' lang='lat' dir='ltr'><strong>videt</strong></span> <span class='ocrx_word' id='word_1_741' title='bbox 3368 4589 3469 4646; x_wconf 87' lang='lat' dir='ltr'><strong>toti</strong></span> <span class='ocrx_word' id='word_1_742' title='bbox 3514 4589 3600 4644; x_wconf 89' lang='lat' dir='ltr'><strong>in-</strong></span> 
     </span>
    </p>
   </div>
   <div class='ocr_carea' id='block_1_110' title="bbox 1911 4679 3601 4751">
    <p class='ocr_par' dir='ltr' id='par_1_110' title="bbox 1911 4679 3601 4751">
     <span class='ocr_line' id='line_1_110' title="bbox 1911 4679 3601 4751; baseline -0.002 -14"><span class='ocrx_word' id='word_1_743' title='bbox 1911 4680 2146 4748; x_wconf 70' lang='lat' dir='ltr'><strong>haerent,</strong></span> <span class='ocrx_word' id='word_1_744' title='bbox 2199 4680 2339 4751; x_wconf 92' lang='lat' dir='ltr'><strong>quia</strong></span> <span class='ocrx_word' id='word_1_745' title='bbox 2382 4694 2498 4736; x_wconf 90' lang='lat' dir='ltr'><strong>non</strong></span> <span class='ocrx_word' id='word_1_746' title='bbox 2555 4680 2707 4750; x_wconf 86' lang='lat' dir='ltr'><strong>capit</strong></span> <span class='ocrx_word' id='word_1_747' title='bbox 2736 4694 2867 4750; x_wconf 75' lang='lat' dir='ltr'><strong>quae</strong></span> <span class='ocrx_word' id='word_1_748' title='bbox 2926 4679 3025 4736; x_wconf 91' lang='lat' dir='ltr'><strong>Dei</strong></span> <span class='ocrx_word' id='word_1_749' title='bbox 3067 4686 3222 4746; x_wconf 90' lang='lat' dir='ltr'><strong>sunt,</strong></span> <span class='ocrx_word' id='word_1_750' title='bbox 3256 4679 3335 4734; x_wconf 91' lang='lat' dir='ltr'><strong>ita</strong></span> <span class='ocrx_word' id='word_1_751' title='bbox 3364 4686 3601 4742; x_wconf 66' lang='lat' dir='ltr'><strong>terrenae</strong></span> 
     </span>
    </p>
   </div>
   <div class='ocr_carea' id='block_1_111' title="bbox 1907 4766 3602 4841">
    <p class='ocr_par' dir='ltr' id='par_1_111' title="bbox 1907 4766 3602 4841">
     <span class='ocr_line' id='line_1_111' title="bbox 1907 4766 3602 4841; baseline -0.002 -14"><span class='ocrx_word' id='word_1_752' title='bbox 1907 4769 2219 4841; x_wconf 87' lang='lat' dir='ltr'><strong>voluptatis</strong></span> <span class='ocrx_word' id='word_1_753' title='bbox 2264 4770 2617 4826; x_wconf 87' lang='lat' dir='ltr'><strong>consuetudo</strong></span> <span class='ocrx_word' id='word_1_754' title='bbox 2659 4776 2927 4836; x_wconf 68' lang='lat' dir='ltr'><strong>exerceat,</strong></span> <span class='ocrx_word' id='word_1_755' title='bbox 2975 4777 3039 4825; x_wconf 92' lang='lat' dir='ltr'><strong>ut</strong></span> <span class='ocrx_word' id='word_1_756' title='bbox 3070 4768 3211 4824; x_wconf 91' lang='lat' dir='ltr'><strong>nihil</strong></span> <span class='ocrx_word' id='word_1_757' title='bbox 3259 4782 3413 4832; x_wconf 87' lang='lat' dir='ltr'><strong>eum,</strong></span> <span class='ocrx_word' id='word_1_758' title='bbox 3447 4766 3602 4837; x_wconf 89' lang='lat' dir='ltr'><strong>quod</strong></span> 
     </span>
    </p>
   </div>
   <div class='ocr_carea' id='block_1_112' title="bbox 1906 4854 3602 4927">
    <p class='ocr_par' dir='ltr' id='par_1_112' title="bbox 1906 4854 3602 4927">
     <span class='ocr_line' id='line_1_112' title="bbox 1906 4854 3602 4927; baseline -0.004 -12"><span class='ocrx_word' id='word_1_759' title='bbox 1906 4857 1975 4915; x_wconf 91' lang='lat' dir='ltr'><strong>de</strong></span> <span class='ocrx_word' id='word_1_760' title='bbox 1993 4858 2190 4915; x_wconf 83' lang='lat' dir='ltr'><strong>futuro</strong></span> <span class='ocrx_word' id='word_1_761' title='bbox 2232 4856 2441 4914; x_wconf 68' lang='lat' dir='ltr'><strong>saeculo</strong></span> <span class='ocrx_word' id='word_1_762' title='bbox 2484 4856 2593 4913; x_wconf 91' lang='lat' dir='ltr'><strong>sibi</strong></span> <span class='ocrx_word' id='word_1_763' title='bbox 2637 4856 2888 4927; x_wconf 89' lang='lat' dir='ltr'><strong>dicatur,</strong></span> <span class='ocrx_word' id='word_1_764' title='bbox 2922 4857 3204 4913; x_wconf 90' lang='lat' dir='ltr'><strong>deterrere</strong></span> <span class='ocrx_word' id='word_1_765' title='bbox 3252 4858 3445 4925; x_wconf 89' lang='lat' dir='ltr'><strong>queat,</strong></span> <span class='ocrx_word' id='word_1_766' title='bbox 3472 4862 3527 4911; x_wconf 90' lang='lat' dir='ltr'><strong>et</strong></span> <span class='ocrx_word' id='word_1_767' title='bbox 3554 4854 3602 4909; x_wconf 93' lang='lat' dir='ltr'><strong>si</strong></span> 
     </span>
    </p>
   </div>
   <div class='ocr_carea' id='block_1_113' title="bbox 1906 4943 3603 5018">
    <p class='ocr_par' dir='ltr' id='par_1_113' title="bbox 1906 4943 3603 5018">
     <span class='ocr_line' id='line_1_113' title="bbox 1906 4943 3603 5018; baseline -0.003 -15"><span class='ocrx_word' id='word_1_768' title='bbox 1906 4946 2219 5018; x_wconf 89' lang='lat' dir='ltr'><strong>aliquando</strong></span> <span class='ocrx_word' id='word_1_769' title='bbox 2265 4946 2565 5014; x_wconf 90' lang='lat' dir='ltr'><strong>deterreat,</strong></span> <span class='ocrx_word' id='word_1_770' title='bbox 2607 4945 2749 5017; x_wconf 90' lang='lat' dir='ltr'><strong>quia</strong></span> <span class='ocrx_word' id='word_1_771' title='bbox 2790 4946 2946 5017; x_wconf 91' lang='lat' dir='ltr'><strong>quod</strong></span> <span class='ocrx_word' id='word_1_772' title='bbox 2992 4944 3204 5001; x_wconf 88' lang='lat' dir='ltr'><strong>dicitur</strong></span> <span class='ocrx_word' id='word_1_773' title='bbox 3258 4943 3450 4999; x_wconf 90' lang='lat' dir='ltr'><strong>adhuc</strong></span> <span class='ocrx_word' id='word_1_774' title='bbox 3487 4957 3603 5000; x_wconf 89' lang='lat' dir='ltr'><strong>non</strong></span> 
     </span>
    </p>
   </div>
   <div class='ocr_carea' id='block_1_114' title="bbox 1905 5034 2826 5104">
    <p class='ocr_par' dir='ltr' id='par_1_114' title="bbox 1905 5034 2826 5104">
     <span class='ocr_line' id='line_1_114' title="bbox 1905 5034 2826 5104; baseline -0.004 -11"><span class='ocrx_word' id='word_1_775' title='bbox 1905 5037 2092 5104; x_wconf 89' lang='lat' dir='ltr'><strong>sentit,</strong></span> <span class='ocrx_word' id='word_1_776' title='bbox 2126 5036 2237 5093; x_wconf 90' lang='lat' dir='ltr'><strong>cito</strong></span> <span class='ocrx_word' id='word_1_777' title='bbox 2266 5049 2301 5092; x_wconf 89' lang='lat' dir='ltr'><strong>a</strong></span> <span class='ocrx_word' id='word_1_778' title='bbox 2329 5042 2518 5091; x_wconf 91' lang='lat' dir='ltr'><strong>mente</strong></span> <span class='ocrx_word' id='word_1_779' title='bbox 2547 5034 2792 5091; x_wconf 87' lang='lat' dir='ltr'><strong>excidat.</strong></span> <span class='ocrx_word' id='word_1_780' title='bbox 2819 5088 2826 5098; x_wconf 81' lang='grc'><em>,</em></span> 
     </span>
    </p>
   </div>
   <div class='ocr_carea' id='block_1_115' title="bbox 1974 5119 3605 5195">
    <p class='ocr_par' dir='ltr' id='par_1_115' title="bbox 1974 5119 3605 5195">
     <span class='ocr_line' id='line_1_115' title="bbox 1974 5119 3605 5195; baseline -0.003 -14"><span class='ocrx_word' id='word_1_781' title='bbox 1974 5123 2307 5194; x_wconf 91' lang='lat' dir='ltr'><strong>Objicienda</strong></span> <span class='ocrx_word' id='word_1_782' title='bbox 2364 5137 2503 5195; x_wconf 89' lang='lat' dir='ltr'><strong>ergo</strong></span> <span class='ocrx_word' id='word_1_783' title='bbox 2550 5123 2602 5179; x_wconf 92' lang='lat' dir='ltr'><strong>ei</strong></span> <span class='ocrx_word' id='word_1_784' title='bbox 2663 5130 2800 5178; x_wconf 91' lang='lat' dir='ltr'><strong>sunt</strong></span> <span class='ocrx_word' id='word_1_785' title='bbox 2850 5135 2982 5192; x_wconf 68' lang='lat' dir='ltr'><strong>quae</strong></span> <span class='ocrx_word' id='word_1_786' title='bbox 3038 5120 3109 5176; x_wconf 91' lang='lat' dir='ltr'><strong>&#39;in</strong></span> <span class='ocrx_word' id='word_1_787' title='bbox 3162 5119 3605 5191; x_wconf 67' lang='lat' dir='ltr'><strong>praesentiarum</strong></span> 
     </span>
    </p>
   </div>
   <div class='ocr_carea' id='block_1_116' title="bbox 1907 5208 3605 5281">
    <p class='ocr_par' dir='ltr' id='par_1_116' title="bbox 1907 5208 3605 5281">
     <span class='ocr_line' id='line_1_116' title="bbox 1907 5208 3605 5281; baseline -0.001 -15"><span class='ocrx_word' id='word_1_788' title='bbox 1907 5210 2055 5269; x_wconf 90' lang='lat' dir='ltr'><strong>inter</strong></span> <span class='ocrx_word' id='word_1_789' title='bbox 2083 5211 2229 5268; x_wconf 91' lang='lat' dir='ltr'><strong>male</strong></span> <span class='ocrx_word' id='word_1_790' title='bbox 2258 5211 2581 5269; x_wconf 78' lang='lat' dir='ltr'><strong>faciendum</strong></span> <span class='ocrx_word' id='word_1_791' title='bbox 2613 5218 2667 5267; x_wconf 89' lang='lat' dir='ltr'><strong>et</strong></span> <span class='ocrx_word' id='word_1_792' title='bbox 2715 5224 2817 5281; x_wconf 90' lang='lat' dir='ltr'><strong>pro</strong></span> <span class='ocrx_word' id='word_1_793' title='bbox 2853 5208 3001 5265; x_wconf 87' lang='lat' dir='ltr'><strong>male</strong></span> <span class='ocrx_word' id='word_1_794' title='bbox 3037 5208 3295 5265; x_wconf 82' lang='lat' dir='ltr'><strong>faciendo</strong></span> <span class='ocrx_word' id='word_1_795' title='bbox 3320 5215 3605 5265; x_wconf 89' lang='lat' dir='ltr'><strong>tormenta</strong></span> 
     </span>
    </p>
   </div>
   <div class='ocr_carea' id='block_1_117' title="bbox 1905 5296 3606 5371">
    <p class='ocr_par' dir='ltr' id='par_1_117' title="bbox 1905 5296 3606 5371">
     <span class='ocr_line' id='line_1_117' title="bbox 1905 5296 3606 5371; baseline -0.003 -14"><span class='ocrx_word' id='word_1_796' title='bbox 1905 5301 2264 5359; x_wconf 87' lang='lat' dir='ltr'><strong>anxietatum</strong></span> <span class='ocrx_word' id='word_1_797' title='bbox 2295 5316 2362 5358; x_wconf 90' lang='lat' dir='ltr'><strong>ac</strong></span> <span class='ocrx_word' id='word_1_798' title='bbox 2405 5301 2674 5359; x_wconf 90' lang='lat' dir='ltr'><strong>timorum</strong></span> <span class='ocrx_word' id='word_1_799' title='bbox 2716 5299 2951 5370; x_wconf 89' lang='lat' dir='ltr'><strong>patitur,</strong></span> <span class='ocrx_word' id='word_1_800' title='bbox 3002 5305 3058 5356; x_wconf 91' lang='lat' dir='ltr'><strong>et</strong></span> <span class='ocrx_word' id='word_1_801' title='bbox 3102 5298 3257 5371; x_wconf 90' lang='lat' dir='ltr'><strong>quod</strong></span> <span class='ocrx_word' id='word_1_802' title='bbox 3298 5296 3442 5353; x_wconf 91' lang='lat' dir='ltr'><strong>nihil</strong></span> <span class='ocrx_word' id='word_1_803' title='bbox 3473 5296 3606 5353; x_wconf 92' lang='lat' dir='ltr'><strong>inde</strong></span> 
     </span>
    </p>
   </div>
   <div class='ocr_carea' id='block_1_118' title="bbox 1905 5387 3602 5458">
    <p class='ocr_par' dir='ltr' id='par_1_118' title="bbox 1905 5387 3602 5458">
     <span class='ocr_line' id='line_1_118' title="bbox 1905 5387 3602 5458; baseline -0.002 -13"><span class='ocrx_word' id='word_1_804' title='bbox 1905 5389 2016 5446; x_wconf 90' lang='lat' dir='ltr'><strong>nisi</strong></span> <span class='ocrx_word' id='word_1_805' title='bbox 2066 5390 2320 5447; x_wconf 92' lang='lat' dir='ltr'><strong>laborem</strong></span> <span class='ocrx_word' id='word_1_806' title='bbox 2363 5397 2418 5447; x_wconf 91' lang='lat' dir='ltr'><strong>et</strong></span> <span class='ocrx_word' id='word_1_807' title='bbox 2446 5389 2698 5446; x_wconf 89' lang='lat' dir='ltr'><strong>dolorem</strong></span> <span class='ocrx_word' id='word_1_808' title='bbox 2740 5387 3144 5458; x_wconf 90' lang='lat' dir='ltr'><strong>turpissimum</strong></span> <span class='ocrx_word' id='word_1_809' title='bbox 3191 5393 3602 5457; x_wconf 89' lang='lat' dir='ltr'><strong>consequatur.</strong></span> 
     </span>
    </p>
   </div>
   <div class='ocr_carea' id='block_1_119' title="bbox 1905 5474 3608 5549">
    <p class='ocr_par' dir='ltr' id='par_1_119' title="bbox 1905 5474 3608 5549">
     <span class='ocr_line' id='line_1_119' title="bbox 1905 5474 3608 5549; baseline -0.002 -16"><span class='ocrx_word' id='word_1_810' title='bbox 1905 5478 2081 5534; x_wconf 88' lang='lat' dir='ltr'><strong>Verbi</strong></span> <span class='ocrx_word' id='word_1_811' title='bbox 2147 5478 2351 5549; x_wconf 84' lang='lat' dir='ltr'><strong>gratia,</strong></span> <span class='ocrx_word' id='word_1_812' title='bbox 2406 5478 2558 5533; x_wconf 78' lang='lat' dir='ltr'><strong>furto</strong></span> <span class='ocrx_word' id='word_1_813' title='bbox 2616 5476 2750 5547; x_wconf 90' lang='lat' dir='ltr'><strong>quis</strong></span> <span class='ocrx_word' id='word_1_814' title='bbox 2809 5482 3078 5532; x_wconf 84' lang='lat' dir='ltr'><strong>assuetus</strong></span> <span class='ocrx_word' id='word_1_815' title='bbox 3132 5482 3236 5542; x_wconf 90' lang='lat' dir='ltr'><strong>est,</strong></span> <span class='ocrx_word' id='word_1_816' title='bbox 3295 5474 3608 5544; x_wconf 79' lang='lat' dir='ltr'><strong>cupiditate</strong></span> 
     </span>
    </p>
   </div>
  </div>
