3884 6068
68 188 149 244 33
1348 182 1602 239 MORALl

2074 181 2165 239 sm
2206 182 2337 239 us.
2378 182 2431 240 ι.
3540 191 3608 244 34

73 321 174 377 nis
227 333 361 377 sua;
394 325 574 385 motu,
618 331 749 375 cum
796 324 957 374 tanta
1005 316 1211 374 harum
1258 315 1509 373 duarum
1559 316 1809 386 partium
1838 318 1883 373 Α
1920 322 2037 382 tur,
2089 329 2221 373 cum
2262 317 2509 374 duorum
2552 317 2791 375 istorum
2841 318 3218 392 intelligentia
3248 328 3303 378 et
3346 320 3608 379 ordinata

70 409 405 466 concordia
446 414 675 464 creatus
712 413 815 474 est,
866 415 930 463 ut
960 405 1041 462 nil
1075 405 1131 460 in
1163 419 1223 460 se
1251 418 1490 475 prorsus
1535 404 1805 460 molestia)

72 506 416 569 pateretur,
463 497 645 552 donec
688 496 952 551 divinum
1021 493 1347 564 imperium,
1398 493 1646 562 serpenti
1696 493 1805 548 ob-

74 594 446 657 temperans,
479 584 985 655 transgrederetur
1015 598 1029 637 :
1062 597 1179 653 quo
1209 590 1376 652 pacto
1412 581 1561 637 illico
1583 588 1805 637 contra-

76 676 242 731 riam
322 673 578 730 dominio
632 673 837 728 mentis
897 672 1075 727 sensit
1125 684 1378 726 carnem.
1456 670 1529 725 Et
1579 669 1803 739 justum

79 763 339 833 quidem
374 761 505 828 fuit,
539 769 605 817 ut
645 760 909 831 quandiu
943 760 1059 829 ipse
1103 760 1214 815 Deo
1244 759 1574 815 obedienter
1613 758 1805 828 subji-

78 859 351 918 ceretur,
386 850 607 906 nullam
648 848 1096 920 repugnantiam
1127 848 1217 904 sui
1246 846 1523 903 adversus
1552 861 1610 903 se
1641 855 1805 917 pate-

79 948 278 995 retur.
326 951 432 993 nec
476 937 670 993 minus
697 936 920 1006 justum
954 936 1060 992 fuit
1083 936 1238 1006 quod
1270 949 1403 991 cum
1434 935 1549 991 Deo
1595 928 1803 1004 subjici

81 1024 297 1091 nollet,
351 1039 458 1081 nec
487 1027 737 1095 seipsum
784 1025 894 1081 sub
925 1039 1030 1080 suo
1054 1025 1187 1095 jure
1235 1024 1488 1080 haberet.
1541 1024 1703 1080 Unde
1748 1031 1803 1079 et

80 1128 229 1170 cum
262 1114 336 1170 de
379 1114 554 1169 vetito
592 1113 989 1181 comedissent,
1027 1112 1196 1168 ambo
1236 1112 1347 1169 sibi
1385 1112 1662 1167 dicuntur
1700 1125 1802 1181 pe-

81 1201 376 1256 rizcmata
404 1200 543 1269 (Gen
574 1214 653 1264 ιιι,
688 1204 765 1267 7),
800 1199 853 1255 id
882 1205 967 1255 est
1000 1196 1499 1254 circumcinctoria
1531 1198 1798 1266 texuisse,

84 1290 236 1359 quia
294 1289 559 1344 videlicet
615 1287 694 1355 hi,
768 1287 870 1358 qui
921 1286 1086 1357 prius
1145 1286 1288 1342 nihil
1347 1284 1802 1356 concupiscendo

84 1377 386 1445 viderant,
442 1378 564 1447 jam
617 1390 786 1446 aequo
832 1376 1053 1447 judicio
1109 1375 1356 1445 turpiter
1407 1374 1692 1430 stimulari
1740 1373 1800 1431 in

84 1466 447 1521 alterutrum
480 1466 821 1521 sentiebant.

161 1555 255 1609 Ex
293 1562 434 1610 tunc
461 1568 603 1625 ergo
636 1555 692 1608 in
720 1553 887 1609 nobis
909 1552 1443 1623 concupiscentialis
1466 1551 1800 1608 inobedien-

86 1644 167 1699 tia
211 1651 445 1714 regnat,
482 1621 615 1712 qua;
643 1643 815 1698 etiam
854 1621 1113 1697 nolentes
1149 1641 1221 1696 ad
1263 1648 1451 1697 motus
1489 1655 1590 1695 nos
1631 1640 1796 1695 inde-
1828 1621 1867 1674 Β

84 1746 255 1787 corus
284 1732 510 1787 invitat.
556 1731 621 1786 In
651 1731 741 1787 his
773 1730 952 1800 igitur
981 1729 1084 1800 qui
1114 1730 1289 1785 chaos
1318 1728 1592 1784 vitiorum
1632 1726 1797 1782 devi~

87 1827 304 1886 tantes,
334 1817 623 1889 principia
659 1818 1050 1873 conversionis
1091 1817 1478 1872 benevolendo
1518 1817 1796 1882 fecerunt,

91 1908 251 1963 Deus
281 1907 490 1963 ctelum
534 1914 589 1962 et
614 1915 826 1963 terram
857 1915 1031 1972 creat,
1080 1904 1219 1976 quia
1263 1905 1561 1976 Spiritum,
1614 1904 1670 1960 id
1716 1912 1799 1961 est

93 1997 405 2063 rationem,
445 2003 502 2051 et
543 2003 775 2062 terram,
828 1995 882 2049 id
913 2001 997 2050 est
1029 1994 1319 2049 carnalem
1359 1993 1626 2050 affectum
1669 2007 1799 2063 quas

95 2086 266 2155 prius
294 2084 534 2139 confuso
567 2085 623 2138 in
655 2083 823 2139 corde
854 2082 1108 2138 fidelium
1138 2081 1438 2138 commista
1469 2082 1802 2138 ferebantur

96 2174 305 2229 ordine
344 2172 617 2228 discernit
646 2179 697 2228 et
729 2172 985 2235 suscitat,
1020 2178 1076 2227 et
1117 2170 1325 2226 caelum
1363 2170 1596 2241 quidem
1630 2184 1799 2241 supe-

99 2263 223 2318 rius
275 2269 553 2327 statuens,
602 2259 906 2330 cujusdam
955 2259 1007 2315 ei
1064 2258 1421 2328 principatus
1466 2259 1800 2329 dignitatem

102 2350 327 2417 tribuit,
360 2349 429 2405 de
453 2350 627 2420 cujus
664 2355 813 2404 nutu
864 2356 1016 2403 terra
1044 2362 1176 2403 eum
1227 2348 1348 2403 suis
1386 2348 1656 2404 omnibus
1687 2361 1804 2417 spc-

102 2452 234 2494 rare
280 2438 507 2494 debeat.
557 2437 715 2493 Sicut
761 2436 914 2492 enim
945 2436 1013 2491 de
1042 2433 1181 2492 caalo
1230 2436 1426 2492 lumen
1477 2436 1803 2493 infunditur

99 2536 155 2583 et
189 2541 268 2583 ex
300 2527 569 2582 discursu
603 2524 850 2581 nubium
890 2524 1110 2595 ubique
1141 2532 1426 2580 terrarum
1460 2524 1672 2593 pluviae
1703 2525 1805 2580 mi-

101 2616 444 2681 nistrantur,
473 2627 548 2670 ex
579 2620 834 2683 quatuor
863 2626 1097 2683 quoque
1126 2611 1311 2667 ventis
1339 2611 1464 2667 coeli
1490 2619 1641 2667 terra
1670 2601 1804 2683 per-

103 2702 302 2769 ﬂatur,
358 2702 438 2758 ita
464 2703 536 2758 de
580 2701 819 2767 ratione,
853 2715 985 2771 quae
1031 2713 1259 2756 summa
1304 2701 1483 2755 nostri
1526 2714 1658 2770 pars
1697 2708 1799 2769 est,

104 2790 516 2862 intelligentiae,
566 2798 733 2845 rectae
790 2788 1122 2844 intentionis
1171 2787 1646 2858 discretionisque
1687 2788 1802 2844 cla-

103 2881 241 2937 ritas
292 2880 567 2950 procedit,
620 2878 679 2934 in
716 2888 786 2933 ea
834 2879 1070 2932 Patrum
1121 2875 1494 2946 antiquorum
1552 2876 1805 2933 caelestes

99 2969 497 3035 enubilantur,
547 2974 858 3023 servantur
902 2973 956 3022 et
984 2965 1111 3021 aliis
1149 2964 1442 3020 tradendae
1484 2965 1796 3031 sententiae,

101 3056 417 3128 exquibus
464 3071 599 3112 cum
631 3054 929 3125 compluti,
980 3060 1035 3109 et
1081 3053 1179 3109 alii
1226 3053 1460 3121 fuerint,
1510 3052 1601 3108 sui
1630 3053 1801 3109 etiam

104 3146 357 3216 corporis
386 3152 621 3210 terram,
656 3144 710 3198 id
741 3151 825 3199 est
852 3156 1051 3199 omnes
1079 3155 1355 3217 sensuum
1397 3155 1637 3197 suorum
1670 3156 1799 3212 par-

107 3242 208 3300 tes,
260 3234 370 3290 hac
422 3232 740 3304 spiritualis
793 3230 1043 3286 scientia:
1101 3229 1457 3299 plenitudine
1506 3228 1578 3285 ad
1639 3229 1804 3285 bonis

107 3322 378 3392 operibus
403 3320 869 3377 fructificandum
906 3319 1126 3390 irrigat,
1159 3325 1214 3374 et
1243 3325 1496 3388 quatuor
1525 3317 1805 3388 spiritua-

110 3406 280 3475 libus,
314 3406 848 3478 principalibusque
877 3406 1213 3472 virtutibus,
1237 3405 1543 3476 prudentia
1569 3404 1803 3473 scilicet,

108 3494 347 3565 iustitia,
384 3494 736 3563 fortitudine,
772 3495 1148 3564 temperantia
1177 3493 1460 3564 quidquid
1496 3493 1684 3550 vitiosi
1720 3502 1805 3549 est

114 3584 392 3650 humoris,
419 3584 586 3653 quasi
614 3583 919 3654 cujusdam
945 3597 1103 3639 aurae
1127 3581 1369 3653 potentis
1389 3582 1642 3651 impulsu
1672 3582 1802 3639 abs-

109 3672 277 3743 tergit
304 3679 361 3727 et
405 3671 596 3728 siccat.
631 3671 789 3728 Sicut
827 3674 1001 3739 enim,
1050 3672 1095 3726 si
1137 3671 1281 3726 bene
1324 3670 1606 3737 attendas,
1653 3678 1805 3727 terra

110 3760 248 3816 nihil
278 3773 421 3830 pene
450 3767 554 3826 est,
587 3759 696 3814 nisi
729 3760 799 3815 de
824 3760 964 3815 cmlo
994 3757 1282 3831 quidquid
1313 3758 1448 3814 boni
1489 3758 1674 3829 gignit
1704 3772 1805 3815 ac-

107 3848 297 3920 cipiat,
344 3848 424 3904 ita
472 3862 684 3918 corpus
724 3857 985 3904 nostrum
1031 3846 1186 3903 omni
1240 3846 1533 3903 sterilitate
1582 3848 1714 3902 boni
1749 3855 1805 3903 et

109 3937 338 3993 miseria
380 3937 595 4006 peccati
628 3937 959 4007 squalidum
994 3943 1271 3998 remanet,
1315 3935 1424 3991 nisi
1463 3936 1682 3991 ratione
1708 3950 1805 3992 re-

110 4034 297 4096 gatur.
350 4025 513 4081 Ratio
565 4039 697 4081 vero
743 4025 885 4081 nihil
930 4025 1087 4080 aliud
1126 4032 1212 4080 est
1251 4038 1429 4094 quam
1463 4023 1801 4091 intellectus,

110 4127 175 4167 ex
217 4127 339 4183 quo
382 4113 480 4168 Dei
519 4119 575 4168 et
604 4113 945 4181 angelorum
982 4111 1199 4167 similes
1238 4110 1544 4176 efficimur,
1592 4124 1710 4180 quo
1736 4124 1805 4165 ea

1914 405 2232 460 secundum
2287 406 2573 475 justitiam
2641 405 2965 463 differentia
3035 409 3091 464 in
3157 408 3349 465 animo
3410 409 3606 468 haberi

1914 492 2132 563 incipit.
2167 493 2272 549 Sed
2301 493 2480 564 ipsam
2515 503 2722 551 terram
2756 497 3008 567 qualiter
3034 498 3279 568 explicet
3308 501 3606 569 sequentia

1911 580 2230 638 videamus.

1985 670 2153 728 Vnus.
2186 674 2240 726 2.
2273 700 2341 712 —
2390 673 2557 726 Terra
2585 677 2764 727 autem
2792 677 2911 727 erat
2941 676 3122 728 inanis
3151 679 3205 729 et
3245 690 3437 731 vacua.
3468 676 3604 733 Ter-

1910 773 2056 827 ram,
2096 767 2159 816 ut
2194 759 2336 827 dixi,
2371 760 2458 816 vel
2499 775 2710 831 corpus
2738 770 3020 831 nostrum,
3069 777 3172 818 seu
3206 763 3473 821 affectum
3514 771 3608 820 l0

1910 848 2200 904 carnalem
2265 848 2536 905 debemus
2603 849 2730 904 istic
2791 850 3064 920 accipere.
3136 851 3397 908 Carnalis
3469 868 3606 909 vero

1910 934 2148 992 affectus
2178 936 2366 992 inanis
2402 951 2534 993 vere
2563 937 2790 1003 dicitur,
2836 939 2977 1008 quia
3007 938 3150 995 nihil
3183 939 3450 1009 solidum,
3484 950 3604 997 sta-

1912 1024 2041 1091 bile,
2075 1024 2162 1080 vel
2214 1032 2502 1091 constans,
2558 1034 2844 1095 quantum
2894 1027 2967 1081 ad
3012 1040 3072 1082 se
3102 1027 3364 1097 pertinet.
3401 1030 3602 1100 habet;

1909 1113 2027 1180 sed,
2061 1113 2209 1169 sicut
2248 1127 2383 1169 caro
2420 1113 2729 1169 subtractis
2775 1114 3002 1170 ossibus
3040 1122 3156 1171 tota
3194 1115 3460 1182 concidit,
3506 1131 3606 1187 per

1908 1214 1967 1257 se
1999 1208 2151 1256 stare
2182 1215 2298 1256 non
2336 1201 2553 1268 valens,
2598 1202 2677 1257 ita
2715 1215 2850 1271 pars
2884 1203 3063 1258 nostri
3096 1203 3347 1272 inferior,
3392 1205 3606 1262 scilicet

1908 1289 2254 1357 animalitas,
2296 1290 2405 1345 nisi
2451 1290 2597 1346 adsit
2636 1289 2781 1346 ratio
2820 1305 2952 1360 qua
2982 1299 3163 1361 regat,
3198 1292 3280 1347 nil
3329 1294 3608 1363 pondero-

1908 1392 2056 1445 sum,
2090 1378 2169 1434 nil
2199 1378 2358 1445 utile,
2391 1378 2489 1434 sed
2523 1386 2706 1434 totum
2739 1392 2980 1446 vanum,
3016 1386 3185 1449 turpe
3214 1387 3268 1436 et
3300 1380 3605 1439 incommo-

1907 1466 2047 1521 dum
2079 1479 2248 1536 agere
2280 1466 2458 1521 novit.
2490 1471 2641 1531 Quae
2674 1466 2921 1522 inanitas
2952 1470 3240 1538 praecipue
3269 1469 3339 1523 ad
3368 1469 3605 1525 interio-

1910 1566 2028 1608 rem
2072 1554 2315 1623 pertinet
2366 1554 2674 1621 hominem,
2725 1555 2795 1609 ad
2838 1554 3136 1610 deterioris
3180 1555 3440 1612 videlicet
3478 1556 3607 1613 affe-

1907 1650 2033 1697 ctus
2081 1642 2261 1712 ipsius
2293 1650 2530 1712 partem,
2575 1658 2708 1699 cum
2752 1643 2919 1714 longe
2960 1658 2995 1699 a
3027 1644 3141 1699 Deo
3174 1644 3440 1714 cogitatio
3480 1645 3607 1716 ejus

1906 1737 1960 1785 et
2004 1744 2147 1786 cura
2195 1739 2480 1798 versatur,
2533 1739 2588 1786 et
2641 1738 2743 1787 aut
2780 1732 3027 1787 otiosum
3077 1742 3314 1801 prorsus
3357 1740 3459 1797 est,
3502 1739 3605 1788 aut

1907 1818 2148 1875 noxium
2186 1819 2340 1889 quod
2372 1819 2698 1876 meditatur.
2732 1819 2874 1875 Cum
2905 1835 3044 1891 ergo
3073 1821 3145 1876 sit
3171 1820 3229 1875 in
3259 1820 3607 1890 vagabundo

1908 1906 2094 1962 cordis
2140 1907 2394 1977 appetitu
2441 1907 2708 1975 inanitas,
2749 1914 2804 1964 et
2843 1922 2876 1963 a
2916 1908 3133 1974 divino,
3183 1916 3249 1965 ut
3296 1908 3376 1964 ita
3414 1908 3597 1964 dicam

1907 1995 2121 2051 semine
2163 1996 2491 2051 miseranda
2526 1996 2817 2063 sterilitas,
2860 2003 3034 2052 restat
3064 2005 3129 2052 ut
3177 2005 3458 2067 sequatur
3501 2012 3607 2052 ne-

1908 2083 2152 2139 cessario
2203 2084 2261 2139 in
2306 2098 2548 2155 operum
2593 2085 2873 2141 bonorqu
2922 2085 3275 2142 exhibitione
3321 2087 3603 2153 vacuitas,

1909 2172 2049 2242 quia
2081 2171 2246 2227 valde
2283 2176 2497 2228 mirum
2532 2180 2696 2240 esset,
2740 2174 2787 2228 si
2829 2173 3058 2229 vitalem
3092 2188 3330 2230 succum
3372 2174 3546 2229 arbor
3575 2188 3609 2229 a

1909 2259 2203 2315 radicibus
2252 2261 2606 2329 perdidisset,
2673 2269 2728 2316 et
2785 2261 3034 2316 arefacta
3103 2263 3414 2318 introrsum
3476 2261 3609 2316 folia

1909 2346 2251 2416 fructusque
2282 2347 2639 2416 produceret.
2677 2351 2845 2403 Terra
2870 2362 3007 2418 ergo
3039 2348 3225 2417 primo
3250 2352 3431 2403 inanis
3458 2348 3608 2405 inte-

1910 2435 2051 2502 rius,
2109 2440 2159 2489 et
2195 2450 2367 2489 vacua
2416 2435 2489 2491 ab
2548 2435 2791 2492 utilitate
2845 2437 3119 2492 exterius.
3174 2435 3281 2502 Qui
3348 2437 3419 2493 de
3455 2440 3610 2493 terra

1909 2532 2011 2591 est,
2046 2526 2144 2589 ait,
2174 2523 2242 2580 de
2289 2531 2441 2580 terra
2500 2524 2671 2580 habet
2697 2539 2837 2593 esse,
2885 2532 2940 2581 et
2981 2525 3104 2581 ideo
3134 2524 3308 2581 habet
3358 2525 3427 2581 de
3455 2533 3609 2582 terra

1911 2611 2069 2682 loqui
2112 2614 2282 2679 (Joan.
2333 2627 2411 2678 ιιι,
2465 2615 2578 2682 31),
2629 2614 2770 2683 quia
2800 2613 2845 2667 si
2877 2613 3143 2669 conderet
3186 2613 3357 2669 homo
3410 2613 3551 2684 quid
3577 2628 3611 2670 a

1911 2714 1969 2756 se
1995 2700 2223 2767 habeat,
2268 2701 2346 2756 nil
2382 2715 2617 2770 prorsus
2633 2702 2885 2768 invenit,
2919 2702 3027 2757 nisi
3058 2702 3212 2772 quod
3253 2702 3485 2757 absente
3511 2702 3609 2757 Dei

1912 2789 2099 2857 gratia
2141 2788 2369 2844 asinum
2395 2788 2585 2859 juvat.
2624 2788 2771 2855 Quid
2817 2789 2970 2844 enim
3002 2797 3086 2845 est
3115 2790 3305 2858 homo,
3337 2804 3453 2845 non
3484 2791 3610 2845 dico

1911 2874 2033 2931 sine
2080 2875 2322 2941 ratione,
2370 2876 2467 2932 sed
2514 2877 2637 2932 sine
2679 2877 2813 2943 Deo,
2866 2878 2967 2947 qui
2998 2876 3275 2934 clarificat
3305 2879 3605 2945 rationem,

1910 2964 2019 3019 nisi
2044 2965 2256 3033 pecus?
2282 2965 2446 3021 Ratio
2474 2979 2727 3035 namque
2748 2965 2856 3021 nisi
2887 2966 3065 3021 amori
3092 2966 3290 3023 divino
3312 2967 3606 3038 adjuncta,

1914 3053 2168 3108 versutia
2219 3052 2408 3122 potius
2451 3053 2747 3109 saecularis
2795 3060 2852 3109 et
2898 3054 3184 3110 diabolica
3236 3055 3480 3111 dicenda
3526 3064 3611 3111 est

1914 3155 2091 3211 quam
2137 3141 2209 3196 ad
2240 3141 2465 3211 aliquid
2505 3141 2638 3197 boni
2686 3141 2883 3197 valens
2912 3143 3237 3212 prudentia.
3292 3145 3423 3200 Haec
3452 3158 3607 3210 cum,

1914 3228 2028 3283 Deo
2062 3228 2396 3297 inspirante,
2440 3227 2621 3298 legem
2663 3228 2836 3298 juxta
2872 3228 3206 3299 Apostolum
3251 3231 3611 3301 spiritualem

1911 3317 2015 3372 scit
2062 3323 2118 3371 et
2165 3316 2550 3385 amplectitur,
2585 3317 2873 3373 carnalem
2926 3325 3116 3375 tamen
3151 3318 3421 3375 affectum
3471 3319 3612 3388 pati-

1914 3412 2028 3471 tur,
2081 3404 2318 3460 vanitati
2384 3404 2643 3475 subjecta
2688 3419 2805 3462 non
2845 3407 3043 3479 volws
3084 3407 3145 3479 (Ι
3186 3411 3305 3463 Cor.
3347 3422 3446 3474 vn,
3484 3411 3610 3479 t5);

1915 3492 2068 3548 unde
2097 3499 2151 3548 et
2181 3491 2336 3562 quod
2367 3499 2641 3562 operatur
2683 3508 2796 3549 non
2820 3494 3115 3565 intelligit,
3154 3493 3208 3551 id
3235 3501 3321 3551 est
3352 3509 3465 3550 non
3515 3509 3613 3566 ap-

1915 3580 2137 3649 probat,
2186 3595 2305 3637 non
2353 3581 2555 3651 diligit.
2610 3583 2717 3637 Per
2750 3582 3015 3651 spiritum
3055 3583 3230 3647 enim,
3282 3582 3337 3638 id
3385 3591 3470 3639 est
3518 3598 3609 3639 ra-
3714 3638 3727 3651 ,

1918 3668 2148 3734 tionem,
2201 3683 2334 3739 quae
2378 3683 2511 3725 cum
2561 3669 2673 3725 Deo
2722 3669 2913 3733 sentit,
2962 3678 3017 3725 et
3062 3684 3134 3725 ex
3186 3672 3317 3739 Deo,
3371 3680 3427 3728 et
3477 3686 3609 3728 cum

1915 3756 2029 3811 Deo
2055 3755 2228 3823 videt,
2268 3755 2510 3812 attendit
2540 3756 2778 3821 bonum,
2804 3756 2960 3827 quod
2995 3757 3116 3812 fieri
3142 3759 3433 3828 convenit,
3460 3760 3609 3815 desi-

1913 3845 2076 3901 derat
2129 3844 2330 3909 facere,
2378 3844 2474 3900 sed
2521 3858 2655 3901 caro
2700 3846 2987 3911 renititur,
3017 3854 3073 3902 et
3119 3847 3512 3915 venundatur,
3557 3848 3610 3904 id
3646 3900 3653 3906 .

1912 3939 1996 3988 est
2021 3932 2307 3989 alienatus
2348 3933 2517 3989 homo
2565 3946 2600 3988 a
2646 3941 2922 4003 potestate
2963 3935 3051 3990 sui
3098 3948 3200 4005 per
3242 3936 3612 3993 consuetudi-

1914 4035 2043 4076 nem
2090 4021 2385 4091 peceandi,
2435 4021 2591 4092 quod
2640 4034 2753 4076 non
2806 4021 2977 4078 vellet
3031 4037 3134 4092 per
3174 4022 3441 4092 spiritum
3482 4024 3613 4081 facit

1917 4123 2017 4180 per
2062 4108 2352 4176 affectum,
2403 4117 2458 4165 et
2499 4123 2573 4165 ex
2602 4124 2669 4165 eo
2715 4110 2869 4180 quod
2919 4110 3137 4166 invitus
3185 4110 3338 4181 facit,
3384 4125 3457 4168 ex
3507 4113 3614 4168 hoc

112 4215 239 4269 quae
258 4201 358 4256 Dei
385 4208 521 4256 sunt
545 4200 823 4270 sapimus,
856 4215 972 4270 quo
1009 4200 1179 4255 etiam
1211 4198 1331 4254 solo
1376 4199 1434 4253 in
1461 4198 1581 4254 vita
1625 4198 1734 4253 hac
1769 4211 1804 4253 a
1837 4219 1879 4273 ι)
1919 4200 2040 4269 ipso
2070 4196 2179 4268 lt-gi
2203 4197 2303 4253 Dei
2330 4197 2606 4267 quoniam
2639 4198 2790 4254 bona
2818 4206 2920 4266 est,
2954 4200 3254 4255 consentit.

113 4288 301 4346 bestiis
345 4289 682 4355 differimus,
717 4290 826 4345 hoc
869 4287 1284 4344 animalitatem
1319 4295 1592 4353 nostram,
1635 4285 1687 4341 id
1719 4293 1805 4342 est

112 4378 522 4445 carnalitatem,
573 4391 749 4448 quam
791 4392 925 4434 cum
970 4375 1167 4433 bestiis
1213 4375 1495 4431 habemus
1538 4388 1806 4430 commu-

115 4480 260 4533 nem,
297 4479 493 4536 regere
520 4473 575 4521 et
606 4465 874 4521 ordinare
904 4464 1196 4520 debemus.

182 4553 470 4609 Habemus
507 4553 688 4624 igitur
727 4552 935 4609 canum
983 4551 1041 4607 in
1087 4551 1270 4619 nobis,
1313 4564 1431 4621 quo
1469 4549 1526 4605 in
1555 4548 1805 4606 cmlestia

112 4642 492 4711 suspiremus;
547 4640 827 4697 habemus
864 4654 897 4695 e
945 4639 1235 4695 contrario
1280 4646 1513 4703 terram,
1563 4652 1683 4708 qua
1731 4638 1802 4693 ad

112 4730 424 4800 appetenda
476 4729 676 4785 infima
714 4742 981 4799 pecorum
1015 4741 1172 4783 more
1210 4727 1622 4797 demergimur.
1676 4728 1806 4783 Haec

112 4817 234 4885 sibi,
291 4816 611 4874 secundum
671 4815 1027 4886 Apostolum,
1098 4814 1344 4872 invicem
1397 4814 1800 4883 adversantur,

116 4914 172 4961 ut
201 4920 330 4976 quae
386 4904 535 4960 bona
576 4905 843 4973 cupimus
888 4903 1090 4970 facere,
1123 4903 1334 4973 saepius
1380 4917 1495 4958 non
1527 4904 1805 4972 possimus

114 4995 257 5061 (Gal.
292 5008 346 5059 v,
382 4995 489 5063 t7).
531 4993 675 5049 Cum
718 4992 913 5063 itaque
946 4991 1018 5046 ad
1045 4992 1226 5047 Deum
1257 4992 1668 5058 convertimur,
1706 5005 1803 5046 ra-

116 5082 336 5144 tionem,
367 5096 501 5151 quae
518 5080 628 5137 sub
658 5079 865 5136 affectu
906 5080 1124 5135 carnali
1167 5078 1336 5149 quasi
1366 5078 1575 5135 ancilla
1604 5078 1802 5134 ordine

122 5175 473 5238 praepostero,
521 5175 578 5224 et
610 5168 775 5224 valde
816 5181 1083 5237 perverso
1121 5167 1366 5237 jacebat,
1407 5166 1703 5237 erigimus,
1749 5173 1804 5222 et

119 5264 312 5313 contra
336 5269 493 5324 eum,
534 5256 636 5326 qui
677 5255 869 5311 servili
902 5254 1148 5311 audacia
1176 5254 1424 5310 dominae
1455 5268 1574 5310 suae
1609 5254 1802 5310 insur-

122 5350 356 5412 rexerat,
404 5352 749 5414 perpetuum
784 5351 1076 5400 certamen
1105 5356 1372 5398 exercere
1409 5342 1799 5411 proponimus.

122 5433 270 5489 Tunc
311 5445 452 5502 ergo
488 5433 742 5502 primum
789 5430 848 5487 in
897 5430 1065 5488 nobis
1095 5427 1305 5487 caelum
1350 5441 1417 5484 ac
1446 5437 1599 5485 terra
1636 5441 1805 5484 crea-

1984 4285 2074 4352 Et,
2120 4291 2184 4341 ut
2230 4286 2503 4354 probetur
2533 4287 2717 4356 magis
2757 4286 2878 4342 haec
2923 4294 3089 4343 terra:
3137 4288 3406 4357 inanitas,
3455 4289 3613 4346 addit

1914 4372 2123 4429 ibidem
2171 4373 2494 4443 Apostolus.
2546 4373 2689 4429 Nam
2739 4388 2871 4430 cum
2922 4374 3191 4431 dixisset:
3242 4379 3399 4433 Nunc
3427 4383 3609 4434 autem

1911 4475 2019 4514 non
2043 4475 2236 4530 operor
2262 4476 2357 4529 ego
2383 4461 2542 4527 illud,
2583 4461 2678 4515 sed
2715 4463 2862 4530 quod
2884 4464 3098 4517 habitat
3135 4466 3195 4517 in
3222 4480 3305 4519 me
3330 4473 3611 4535 peccatum

1913 4548 2097 4614 (Rom.
2144 4563 2247 4615 vn,
2302 4552 2391 4616 l7,
2443 4548 2499 4604 id
2541 4556 2626 4605 est
2664 4563 2778 4605 non
2810 4563 2882 4606 ex
2920 4564 3047 4607 mea
3092 4551 3358 4608 rationali
3408 4554 3609 4610 volun-

1913 4644 2026 4692 tate
2074 4637 2345 4706 procedit,
2378 4644 2443 4693 ut
2481 4636 2697 4693 malum
2742 4638 2969 4707 faciam,
3018 4640 3114 4695 sed
3160 4654 3232 4696 ex
3280 4643 3610 4699 necessitate

1914 4738 2108 4795 pravae
2153 4726 2607 4793 consuetudinis,
2668 4727 2913 4799 adjecit:
2969 4729 3089 4784 Scio
3136 4732 3276 4783 enim
3327 4734 3457 4800 quia
3503 4747 3611 4787 non

1913 4813 2127 4868 habitat
2163 4815 2224 4867 in
2246 4829 2345 4880 me,
2379 4815 2475 4868 hoc
2504 4820 2583 4869 est
2609 4816 2670 4869 in
2705 4830 2874 4871 carne
2901 4832 3036 4884 mea,
3073 4821 3268 4871 bonum
3299 4818 3456 4888 (Ibid.
3495 4820 3604 4889 18).

1910 4901 2109 4957 Omnis
2136 4901 2291 4956 enim
2335 4909 2603 4958 creatura
2642 4902 2766 4959 sine
2815 4905 2946 4971 Deo,
2994 4906 3052 4960 in
3084 4914 3369 4975 quantum
3401 4907 3473 4962 ad
3505 4922 3607 4963 ve-

1914 5003 2042 5045 rum
2073 5002 2193 5044 esse
2237 4988 2498 5058 pertinet,
2536 4990 2680 5045 nihil
2709 4999 2812 5059 est,
2863 5004 2936 5058 ex,
2972 4994 3017 5047 si
3050 5007 3257 5063 expers
3295 4996 3365 5050 sit
3394 4997 3605 5051 summi

1913 5076 2068 5142 boni,
2112 5090 2214 5147 per
2253 5090 2312 5132 se
2355 5092 2659 5149 nunquam
2702 5079 2853 5134 bona
2882 5088 2989 5136 est.
3036 5080 3235 5138 Omnis
3273 5091 3462 5139 autem
3508 5099 3608 5140 na-

1913 5174 2045 5221 tura
2092 5166 2232 5235 quia
2260 5179 2295 5220 a
2328 5166 2439 5220 Deo
2469 5166 2550 5234 Iit,
2598 5166 2747 5221 bona
2773 5176 2857 5222 est
2870 5182 2886 5237 ;
2918 5169 3183 5227 diabolus
3209 5173 3383 5240 enim,
3406 5186 3606 5229 secun-

1912 5254 2050 5308 dum
2086 5252 2216 5316 hoc.
2251 5252 2437 5309 bonus
2464 5263 2568 5322 est,
2613 5254 2708 5310 sed
2752 5266 2824 5311 ex
2853 5270 2958 5312 suo
2991 5260 3274 5326 pessimus
3302 5268 3413 5321 est.
3443 5261 3606 5318 Unde

1912 5354 2119 5397 verum
2154 5349 2239 5398 est
2274 5342 2415 5414 quia
2455 5349 2625 5409 terra,
2658 5351 2948 5415 quantum
2976 5359 3045 5400 ex
3082 5360 3142 5403 se
3184 5347 3370 5410 habet.
3415 5350 3605 5405 inanis

1910 5436 2014 5496 est,
2042 5430 2206 5486 nulla
2251 5430 2413 5486 utilia
2444 5432 2734 5502 cogitans;
2777 5444 2963 5489 vacua
2998 5441 3101 5501 est,
3139 5434 3285 5490 nihil
3336 5434 3599 5492 idoneum
