3874 6048
146 108 149 115 1
224 156 290 207 35
1120 148 1179 201 ν.
1224 143 1561 203 GUIBERTI
1598 144 1676 198 ΑΕ

1120 148 1179 201 ν.
1224 143 1561 203 GUIBERTI
1598 142 1894 201 ABBATIS
1930 143 1984 199 S.

2029 140 2274 199 MARL'E
2315 143 2406 199 DE
2446 140 2837 198 NOVIGENTO
2964 167 2967 170 ⁴
3705 139 3795 192 36

230 281 364 340 usui
403 280 777 338 fructificans.
813 277 1010 335 Inanis
1036 292 1174 349 ergo
1202 276 1467 343 interius,
1489 284 1547 331 et
1575 287 1760 332 vacua
1778 280 1927 330 exte-
1955 276 1996 331 Α
2034 273 2424 344 praemittitur,
2456 272 2836 344 incomposita
2866 271 3247 330 subinfertur.
3294 272 3416 330 Nisi
3447 273 3621 329 enim
3675 270 3798 326 in-

230 385 369 427 rtus.

305 458 513 513 Dicunt
541 464 803 513 auctores
834 453 1008 510 nostri
1040 452 1194 525 quod
1242 452 1300 508 in
1336 450 1515 508 veteri
1556 450 1924 506 translatione

232 561 344 602 non
397 545 609 601 dicitur
650 544 837 598 inanis
870 549 919 596 et
957 557 1130 596 vacua
1175 541 1326 610 (Gen.
1369 556 1408 604 ι,
1443 540 1517 608 2),
1551 539 1646 594 sed
1676 539 1927 594 invisibi-

232 636 300 688 lis
346 638 399 689 et
444 635 753 703 composita.
803 630 960 698 Quod
1008 629 1218 700 optime
1277 627 1581 684 moralitati
1629 633 1923 683 consonat.

232 724 388 780 Mens
412 724 564 778 enim
598 719 846 775 hominis
867 719 922 774 in
956 718 1168 788 peccati
1192 717 1576 789 profunditate
1607 715 1921 776 constituti.

230 825 364 866 cum
401 823 501 879 per
542 806 1016 863 consuetudinem
1053 804 1323 875 peccandi
1355 804 1423 860 ad
1457 803 1759 873 reprohum
1792 817 1924 858 sen-

230 913 358 953 sum
414 895 692 967 pervenit,
743 896 821 951 ita
854 909 1048 951 amore
1097 894 1364 950 vitiorum
1415 893 1628 962 quibus
1665 899 1930 948 assuetus

230 994 332 1055 est,
402 992 825 1057 praegravatur,
902 988 969 1040 ut
1023 984 1258 1039 omnino
1324 981 1574 1052 seipsum
1635 981 1927 1037 attendere

232 1075 467 1143 nesciat,
513 1082 570 1130 et
600 1074 656 1130 in
689 1088 807 1145 qua
836 1072 1092 1143 corporis
1127 1070 1592 1127 dehonestatione
1634 1076 1691 1126 et
1719 1069 1927 1125 animm

234 1164 548 1235 perditione
572 1164 760 1235 jaceat
798 1176 1035 1232 prorsus
1063 1175 1180 1217 non
1226 1160 1437 1216 videat.
1469 1160 1622 1215 Talis
1657 1165 1741 1214 est
1772 1157 1927 1213 enim

232 1252 510 1322 reprobus
547 1265 769 1317 sensus,
814 1257 876 1305 ut
916 1251 972 1305 in
1016 1255 1239 1306 tantum
1273 1255 1490 1304 mentes
1535 1246 1924 1318 periturorum

232 1348 476 1396 excaacet
522 1347 605 1406 ut,
655 1353 785 1395 cum
826 1339 941 1395 sint
989 1338 1045 1393 in
1091 1336 1264 1393 fetore
1306 1335 1653 1406 miseriaque
1699 1342 1754 1391 et
1799 1348 1929 1389 om—

233 1431 394 1484 nium
426 1442 484 1483 se
516 1426 835 1482 videntium
868 1427 1137 1496 despectu
1162 1439 1228 1480 ac
1246 1424 1494 1496 (horrore
1522 1423 1706 1493 positi,
1736 1423 1930 1478 beatos

232 1532 289 1573 se
321 1517 467 1571 solos
502 1523 557 1571 et
588 1529 719 1571 vere
757 1516 827 1571 ab
855 1515 982 1591 aliis
1021 1513 1384 1569 honorandos
1413 1526 1516 1582 pro
1546 1525 1653 1567 sua
1695 1524 1926 1581 prospe-

2034 362 2242 418 tuitum
2274 377 2397 418 suae
2436 362 2672 418 interna
2710 360 3183 418 considerationis
3226 362 3441 433 aliquis
3482 361 3787 421 amittat.

2031 464 2337 521 nunquam
2397 451 2466 506 ad
2523 450 2812 507 exteriora
2864 450 3034 519 mala,
3093 458 3150 507 et
3214 452 3632 522 incomposita,
3720 456 3790 504 et

2031 537 2358 595 inordinata
2394 553 2568 610 opera
2612 538 2885 610 procedit.
2935 537 3091 595 Sicut
3130 552 3384 609 namque
3430 552 3640 594 caecus
3700 550 3790 591 ea

2030 641 2163 698 qua:
2205 628 2429 698 corpori
2478 642 2584 683 suo
2631 626 2946 694 adhaerent,
2991 635 3176 683 vestes
3223 627 3435 683 scilicet
3490 640 3651 682 suas
3713 632 3787 680 et

2031 723 2236 772 caetera
2280 716 2579 786 disponere
2628 716 2807 771 nitide
2836 730 2903 771 ac
2949 715 3235 781 decenter,
3288 724 3343 771 et
3388 715 3588 771 sordes
3642 728 3781 784 ap-

2036 804 2245 874 positas
2295 805 2512 860 evitare
2566 804 2764 872 nescit,
2819 803 2896 861 ita
2951 804 3000 860 is
3051 804 3151 875 qui
3200 805 3407 861 mentis
3436 817 3537 874 per
3584 802 3775 857 vitia

2031 892 2338 949 caecitatem
2390 893 2653 961 incurrit,
2703 901 2868 949 actus
2915 900 3113 962 turpes
3155 900 3211 949 et
3245 892 3529 963 indignos,
3573 905 3777 963 quo—

2033 996 2165 1038 rum
2215 982 2405 1038 studio
2446 982 2674 1053 ﬂagrat,
2731 982 2973 1038 interius
3022 980 3308 1038 moderari
3354 980 3584 1051 penitus
3634 993 3772 1036 ne-

2033 1070 2178 1139 quit.
2229 1069 2460 1140 Legitur
2491 1070 2647 1139 apud
2685 1069 3041 1126 Salomonem
3080 1084 3093 1123 :
3136 1063 3606 1138 Homo'apostata,
3652 1070 3771 1122 vir

2032 1159 2246 1211 inutilis
2297 1157 2559 1224 graditur
2612 1172 2702 1212 ore
2749 1173 3001 1228 perverso
3058 1157 3235 1229 (Prov.
3296 1172 3371 1225 γι,
3443 1157 3550 1227 12).
3604 1154 3769 1213 Nisi

2031 1245 2183 1302 enim
2230 1245 2540 1302 introrsum
2581 1259 2615 1301 a
2645 1245 2761 1302 Deo
2807 1252 3202 1317 apostatasset,
3258 1246 3328 1301 ad
3379 1246 3773 1315 incongruos

2033 1347 2101 1389 ac
2130 1334 2401 1404 reprobos
2442 1341 2638 1404 gestus
2683 1335 2988 1390 exterioris
3016 1333 3266 1390 hominis
3295 1348 3410 1389 non
3456 1334 3768 1389 venisset.

2033 1421 2320 1479 Caveatur
2367 1421 2546 1492 igitur
2596 1423 2848 1492 primum
2894 1422 3166 1479 caecitatis
3199 1422 3435 1490 occasio,
3479 1436 3551 1477 ne
3589 1420 3773 1477 forte

2035 1511 2403 1581 superveniat
2426 1511 2805 1568 obscenorum
2836 1524 3074 1581 operum
3108 1510 3332 1567 eﬂnsio.

234 1605 399 1661 ritate
427 1612 482 1660 et
512 1603 676 1661 bonis
724 1588 1117 1674 proventibus,
1169 1602 1384 1672 quibus
1414 1578 1599 1672 super
1642 1578 1782 1655 alios
1811 1578 1926 1655 feli-
1955 1578 1996 1633 Β
2107 1578 2209 1656 Sed
2242 1599 2396 1655 unde
2427 1599 2548 1656 haec
2580 1578 2890 1670 prodeant,
2916 1599 3242 1671 vigilanter,
3282 1614 3470 1657 sermo
3496 1599 3773 1657 divinus

233 1709 323 1749 ees
355 1694 468 1749 fore
496 1708 553 1749 se
585 1692 928 1763 gloriantur,
961 1691 1246 1746 aestimare
1276 1689 1549 1744 audeant.
1596 1687 1664 1743 Hi
1691 1695 1827 1743 sunt
1858 1687 1927 1744 de

234 1781 450 1851 quibus
478 1780 742 1836 Salomon
783 1780 862 1835 ait
894 1794 906 1834 :
939 1781 1244 1842 Latanlur,
1280 1793 1397 1832 cum
1426 1777 1566 1831 male
1592 1777 1844 1844 fecerint,
1877 1780 1927 1829 et

232 1871 508 1923 eacsultant
547 1871 605 1922 in
643 1869 801 1922 rebus
840 1870 1091 1937 pessimis
1131 1866 1311 1937 (Prov.
1350 1880 1407 1934 ιι,
1453 1864 1559 1935 14).
1610 1863 1771 1932 Quod
1803 1878 1924 1919 ma-

232 1956 387 2012 xime
416 1970 620 2012 sensus
650 1955 875 2025 reprobi
901 1955 1197 2026 propriutn
1227 1962 1330 2010 est.
1584 1968 1593 1975 ·

303 2045 627 2115 Antequam
691 2044 886 2115 itaque
938 2045 1090 2100 Deus
1144 2045 1291 2100 inter
1346 2039 1576 2110 caelum,
1636 2050 1702 2100 ut
1750 2055 1928 2113 supra

233 2133 505 2201 diximus,
558 2133 878 2203 distinguat
925 2139 981 2187 et
1020 2140 1253 2199 terram,
1286 2137 1431 2187 terra
1459 2136 1575 2188 erat
1606 2131 1923 2199 invisibilis,

234 2224 373 2294 quia
403 2229 712 2292 antequam
747 2221 804 2275 in
829 2220 998 2276 corde
1027 2221 1356 2291 cujuspiam
1387 2221 1679 2278 criminosi
1712 2219 1929 2276 discre—

231 2310 400 2367 tionis
427 2311 670 2381 gratiam
703 2310 884 2374 daret,
903 2306 1142 2366 affectus
1161 2309 1409 2366 carnalis
1439 2323 1617 2380 quam
1636 2308 1923 2374 sordidus,

233 2413 410 2469 quam
457 2396 826 2454 exsecrabilis
870 2403 1035 2462 esset,
1085 2412 1199 2453 non
1244 2397 1377 2465 Deo,
1429 2411 1605 2467 quem
1649 2396 1728 2451 nil
1769 2395 1924 2462 latet,

233 2487 330 2543 sed
394 2487 501 2543 sibi
552 2486 674 2557 ipsi,
745 2486 843 2557 qui
900 2485 1136 2556 patitur,
1193 2484 1423 2556 penitus
1470 2484 1773 2541 invisibilis
1813 2492 1925 2554 est;

233 2577 374 2647 quia
404 2576 553 2632 sicut
581 2575 777 2631 ebrius
802 2574 952 2645 quod
979 2574 1194 2643 patitur
1222 2573 1419 2642 nescit,
1446 2573 1525 2629 ita
1544 2573 1705 2629 vitiis
1724 2572 1929 2643 plenus

235 2664 373 2734 quid
420 2663 492 2720 sit
540 2662 864 2731 honestum,
919 2661 1061 2733 quid
1108 2676 1219 2717 non
1268 2662 1569 2718 honestum
1610 2659 1929 2718 discernere

235 2753 454 2824 nequit.
488 2752 646 2810 Sicut
674 2766 927 2823 namque
956 2751 1131 2807 vivus
1166 2758 1221 2806 et
1251 2756 1532 2820 mortuus,
1565 2751 1612 2807 si
1642 2751 1837 2822 aliquo
1868 2752 1927 2809 in

235 2842 354 2897 loco
385 2841 499 2897 sint
532 2841 717 2911 positi,
768 2842 941 2896 vivus
980 2840 1212 2911 quidem
1244 2848 1537 2897 mortuum
1575 2840 1767 2897 videre
1815 2854 1918 2911 po-
1956 2880 1996 2937 ο

237 2937 360 2997 test,
422 2930 520 2986 sed
575 2937 843 2986 mortuus
901 2928 1103 2985 vivum
1166 2943 1282 2984 non
1342 2936 1547 2999 potest;
1619 2929 1697 2985 ita
1751 2929 1922 2985 homo

236 3019 546 3091 quispiam,
609 3019 780 3087 cujus
827 3017 1184 3075 rationaliter
1237 3019 1494 3074 animum
1552 3017 1728 3089 viget,
1784 3018 1927 3074 vitia

237 3122 412 3178 quam
461 3106 813 3162 detestabilia
856 3104 1050 3161 videre
1096 3112 1308 3174 potest;
1359 3105 1463 3175 qui
1517 3119 1651 3161 vero
1700 3105 1759 3160 in
1790 3119 1925 3177 pro-

237 3195 481 3252 fundum
515 3194 799 3251 malorum
823 3193 945 3264 jam
977 3192 1157 3262 venit,
1181 3201 1237 3250 et
1258 3193 1377 3263 jam
1409 3193 1724 3249 contemnit
1753 3201 1929 3264 atque

235 3283 516 3354 desperat.
563 3282 703 3357 quid
733 3282 806 3339 sit
842 3282 1049 3348 virtus,
1083 3282 1222 3352 quid
1273 3281 1567 3349 modestia,
1603 3281 1745 3352 quid
1777 3281 1930 3337 bona

237 3379 442 3426 czetera
480 3385 595 3426 non
645 3369 995 3439 considerat;
1028 3368 1191 3425 furor
1236 3368 1387 3425 enim
1422 3376 1507 3425 est
1551 3368 1682 3436 illis,
1716 3369 1931 3426 scilicet

237 3458 652 3529 peccatoribus,
685 3456 979 3513 secundum
1010 3456 1436 3525 similitudinem
1465 3459 1748 3525 serpentis,
1789 3460 1930 3511 sicut

238 3548 450 3616 aspidis
495 3546 675 3601 surdae
713 3551 763 3600 et
799 3546 1107 3600 obturantis
1145 3560 1304 3599 aures
1333 3561 1461 3600 suas
1487 3545 1655 3615 (Psal.
1687 3560 1820 3611 Lvu,
1853 3546 1926 3615 5).

241 3637 425 3693 Furor
461 3642 546 3691 est
573 3634 855 3705 reprobus
893 3648 1117 3699 sensus.
1155 3634 1257 3704 qui
1299 3633 1356 3688 in
1396 3633 1706 3689 amentiam
1738 3647 1933 3690 versos

238 3722 704 3781 irrationabiliter
730 3730 804 3790 et,
834 3730 899 3778 ut
924 3722 1003 3778 ita
1032 3721 1241 3789 dicam,
1274 3722 1506 3793 porcina
1538 3721 1734 3778 vivere
1762 3721 1932 3778 mise-

241 3827 331 3869 ros
381 3813 553 3884 cogit.
600 3811 709 3879 Qui
766 3810 1085 3868 secundum
1143 3809 1579 3866 similitudinem
1633 3811 1933 3881 serpentis,

239 3900 499 3956 videlicet
549 3898 783 3969 aspidis,
837 3905 942 3966 est,
993 3897 1133 3968 quia
1176 3898 1325 3953 sicut
1380 3896 1550 3967 aspis,
1613 3911 1745 3953 cum
1795 3911 1938 3967 prae-

239 3987 475 4044 senserit
505 3987 941 4053 incantatorem,
974 3987 1212 4042 alteram
1245 3990 1476 4042 aurium
1512 3993 1678 4041 teme
1708 3984 1932 4057 afﬂigit,

240 4076 478 4133 alteram
525 4089 662 4131 vero
708 4075 896 4131 cauda
921 4074 1186 4143 obdurat,
1216 4089 1287 4130 ne
1318 4074 1666 4130 incantantis
1701 4087 1935 4130 carmen

2032 1691 2278 1746 intimat.
2313 1692 2381 1745 Et
2425 1690 2649 1744 tenebrae
2686 1695 2841 1744 erant
2882 1705 3045 1759 super
3071 1692 3272 1756 faciem
3302 1690 3506 1761 abyssi.
3540 1691 3768 1747 Potest

2033 1780 2105 1836 ad
2126 1779 2372 1836 litteram
2396 1779 2703 1849 dupliciter
2729 1779 2807 1835 ita
2834 1779 2942 1835 dici
2966 1794 2982 1847 ;
3024 1780 3105 1834 Et
3129 1779 3358 1834 tenebrae
3385 1784 3539 1833 erant
3564 1795 3770 1848 super

2032 1871 2229 1938 faciem
2266 1868 2472 1936 abyssi,
2525 1867 2580 1923 id
2617 1875 2702 1924 est
2740 1881 2914 1937 super
2943 1866 3389 1938 profunditatem
3435 1881 3757 1938 aquarum

2032 1972 2165 2029 quae
2229 1956 2455 2028 proprie
2514 1963 2756 2012 vocatur
2822 1956 3111 2026 abyssus:
3171 1955 3259 2011 vel
3315 1971 3477 2026 super
3528 1958 3762 2022 faciem

2033 2047 2241 2114 abyssi,
2277 2046 2331 2101 id
2359 2052 2443 2101 est
2470 2045 2781 2115 plusquam
2816 2045 2872 2100 in
2900 2045 3126 2115 abysso.
3150 2045 3394 2113 Abyssus
3425 2043 3757 2115 allegorice

2033 2149 2197 2191 mens
2246 2134 2499 2189 humana
2549 2132 2778 2201 dicitur,
2839 2147 2970 2203 quae
3023 2141 3256 2204 quantae
3302 2133 3373 2188 sit
3429 2145 3757 2203 quamque

2033 2221 2623 2294 incomprehensibilis
2653 2221 3071 2291 profunditatis,
3118 2220 3304 2277 omnis
3332 2221 3501 2277 homo
3545 2222 3750 2287 novit,

2034 2313 2128 2369 cui
2158 2310 2587 2367 inscrutabilem
2620 2309 3002 2375 altitudinem,
3036 2309 3467 2365 instabilitatem
3492 2309 3747 2376 ﬂuctus,

2035 2399 2523 2472 perturbationem
2569 2398 2655 2455 sui
2705 2397 2891 2454 cordis
2928 2397 3178 2467 experiri
3220 2397 3475 2469 contigit.
3523 2397 3754 2453 Evenit

2033 2491 2184 2547 enim
2213 2490 2382 2545 etiam
2433 2489 2492 2544 in
2530 2489 2814 2545 bonorum
2862 2487 3150 2556 cordibus,
3192 2488 3323 2543 c'um
3351 2501 3481 2543 caro
3509 2487 3747 2543 adver-

2036 2593 2135 2634 sus
2181 2577 2472 2648 spiritum.
2523 2584 2578 2633 et
2618 2576 2858 2646 spiritus
2887 2576 3166 2631 adversus
3196 2589 3430 2632 carnem
3468 2574 3751 2646 conﬂigit

2035 2665 2186 2730 (Gal.
2220 2679 2275 2732 v,
2319 2667 2423 2731 t7),
2474 2670 2541 2719 ut
2597 2663 2656 2718 in
2701 2670 2864 2719 tanta
2911 2663 3190 2719 densitate
3237 2662 3602 2734 cogitationis
3658 2663 3749 2717 sit

2036 2753 2283 2820 animus,
2336 2759 2403 2809 ut
2432 2752 2550 2822 ipse
2583 2751 2684 2807 vix
2733 2750 2794 2806 in
2836 2750 3017 2821 seipse
3061 2751 3487 2822 deprehendere
3528 2751 3746 2822 possit,

2037 2844 2097 2899 in
2142 2856 2259 2913 quo
2304 2841 2375 2897 sit
2417 2848 2592 2905 statu,
2645 2846 2843 2896 utrum
2877 2846 3157 2911 sequatur
3195 2840 3467 2910 impetum
3512 2840 3741 2907 carnis,

2034 2948 2109 2991 an
2140 2932 2416 3002 impetum
2447 2928 2700 2998 spiritus.

2107 3022 2282 3091 Legat
2318 3018 2419 3090 qui
2448 3016 2578 3074 vult
2626 3016 2853 3086 plenius
2899 3016 2953 3072 id
3002 3030 3168 3073 nosse
3215 3017 3361 3073 beati
3413 3017 3745 3087 Augustini

2036 3113 2340 3167 tractatum
2383 3120 2558 3176 super
2603 3105 2832 3174 abyssus
2878 3105 3134 3173 abyssum
3173 3108 3389 3160 invocat
3421 3105 3583 3175 (Psal.
3611 3120 3740 3172 xm,

2037 3201 2113 3270 8).
2142 3198 2211 3253 Et
2243 3197 2299 3251 in
2330 3195 2602 3251 cordibus
2644 3194 2980 3264 iniquorum
3014 3194 3166 3265 quod
3219 3200 3490 3263 putamus
3512 3200 3596 3249 est
3626 3194 3744 3250 ba-

2038 3287 2323 3351 rathrum,
2365 3297 2497 3354 qua
2541 3283 2911 3338 tenebrarum
2946 3282 3316 3349 immensitas,
3360 3284 3404 3337 si
3438 3283 3747 3339 mentibus

2038 3375 2347 3432 electorum
2397 3378 2558 3427 tanta
2604 3371 2748 3426 inest
2793 3370 3149 3427 obscuritas?
3197 3371 3254 3426 Si
3297 3386 3460 3440 super
3510 3372 3743 3426 humum

2038 3463 2228 3534 populi
2263 3460 2357 3516 Dei
2386 3459 2560 3530 juxta
2594 3458 2929 3528 prophetam
2978 3458 3298 3514 ascendunt
3342 3461 3512 3528 spina:
3556 3473 3745 3515 cura—

2040 3565 2170 3609 rum
2204 3547 2593 3614 saecularium,
2626 3552 2678 3601 et
2704 3561 2891 3615 vepres
2934 3545 3345 3602 desideriorum
3386 3547 3743 3614 carnalium,

2042 3644 2246 3709 quanto
2282 3638 2460 3704 magis
2489 3651 2651 3705 super
2693 3634 2910 3690 domum
2945 3636 3144 3703 gaudii
3184 3637 3425 3690 civitatis
3458 3638 3747 3691 exsultan-

2043 3728 2152 3784 tis?
2192 3727 2347 3796 (Isai.
2386 3739 2547 3791 xxnt,
2581 3723 2690 3796 13.)
2730 3723 2893 3791 Quod
2933 3732 3016 3781 est
3054 3724 3240 3780 dicere
3272 3739 3285 3779 :
3321 3725 3365 3780 si
3399 3724 3478 3793 hi,
3507 3727 3610 3796 qui
3655 3727 3745 3782 nil

2044 3814 2200 3871 aliud
2249 3814 2306 3869 in
2336 3813 2444 3869 hoc
2482 3813 2700 3868 mundo
2745 3811 2983 3868 charius
3030 3812 3244 3868 habent
3273 3826 3450 3882 quam
3483 3828 3647 3869 suam
3708 3829 3746 3870 a

2044 3902 2283 3958 Domino
2312 3901 2447 3956 ﬂere
2482 3900 3016 3970 peregrinationem,
3051 3900 3187 3956 ﬂere
3217 3901 3409 3957 saeculi
3444 3903 3746 3972 praesentis

2044 4003 2384 4055 aerumnam,
2428 3988 2716 4044 molestias
2754 3996 2810 4044 et
2842 3989 3148 4055 tumultus,
3199 3989 3559 4060 nebulasque
3606 3992 3744 4046 ani-

2044 4092 2271 4135 morum
2332 4076 2654 4147 patiuntur,
2732 4083 2951 4147 quanto
3021 4077 3260 4147 gravius
3311 4076 3392 4133 illi
3449 4078 3550 4148 qui
3607 4079 3744 4135 totis

239 4164 539 4235 obaudiat;
573 4165 656 4220 sic
679 4162 769 4220 isti
797 4177 931 4220 cum
963 4163 1140 4219 verba
1169 4162 1314 4219 sacri
1345 4161 1578 4232 eloquii,
1612 4170 1713 4218 aut
1741 4162 1933 4232 cujus-
1962 4180 2006 4233 ι)
2046 4164 2372 4237 praecordiis
2421 4163 2641 4233 ﬂagitia
2687 4164 2908 4231 sitiunt,
2941 4165 3185 4221 avaritia
3217 4165 3509 4231 anhelant,
3553 4165 3746 4222 libidi-

242 4254 377 4310 liliet
409 4252 801 4323 prmdicatoris
846 4250 1114 4317 audiunt,
1147 4265 1280 4322 qua
1318 4252 1387 4306 de
1405 4257 1738 4321 contemptu
1763 4249 1935 4306 volu-

244 4351 465 4412 ptatum
500 4340 819 4411 proferunt,
871 4354 1003 4396 mox
1044 4340 1115 4395 ad
1150 4338 1486 4395 memoriam
1537 4338 1783 4408 pristina
1826 4351 1934 4393 sua

243 4429 654 4485 delectamenta
702 4428 1008 4496 reducunt,
1039 4427 1257 4499 quibus
1286 4427 1451 4497 quasi
1501 4426 1689 4482 cauda
1733 4439 1933 4482 aurem

243 4517 430 4573 cordis
463 4516 784 4585 obducunt,
829 4523 884 4572 et
914 4515 1214 4587 prmscntia
1264 4514 1480 4584 quibus
1521 4513 1741 4569 fervent
1768 4520 1824 4570 et
1855 4514 1938 4568 in-

246 4607 408 4663 hiant
438 4606 653 4676 pariter
672 4606 996 4672 attendunt,
1030 4605 1247 4677 quibus
1283 4612 1465 4660 totum
1513 4616 1685 4659 suum
1718 4601 1934 4658 intelle-

245 4703 399 4751 ctum
446 4696 501 4749 in
547 4703 771 4751 terrena
819 4694 1221 4765 deprimentes,
1271 4698 1471 4747 contra
1520 4690 1701 4746 Deum
1743 4703 1801 4745 se
1848 4703 1938 4745 vo-

244 4791 469 4839 cantem
499 4782 828 4839 obstruunt.

331 4879 359 4926 Ι
385 4879 410 4926 1
450 4870 517 4926 Ili
561 4879 712 4926 terra
753 4870 1057 4927 invisibilis
1099 4875 1255 4933 sunt,
1307 4867 1447 4938 quia
1487 4866 1702 4937 seipsos
1731 4866 1787 4922 in
1819 4879 1938 4937 qua

247 4967 401 5029 peste
430 4966 569 5014 sunt
598 4972 834 5028 pensare
865 4973 977 5014 non
1009 4963 1227 5014 norunt
1260 4970 1273 5009 :
1306 4954 1505 5024 repleti
1544 4968 1797 5024 namque
1826 4954 1937 5009 ini-

247 5046 536 5115 quitatum
567 5045 854 5102 obseurati
886 5052 1023 5101 sunt
1051 5050 1218 5099 terra:
1247 5041 1513 5097 domibus
1542 5040 1708 5112 (Psal.
1743 5056 1934 5112 Lxxut,

247 5136 362 5200 20),
395 5133 451 5189 id
480 5142 563 5191 est
593 5133 753 5203 proni
795 5133 864 5189 ad
900 5131 1160 5202 proprias
1191 5128 1473 5196 libidines,
1523 5128 1602 5184 nil
1653 5129 1799 5185 scire
1828 5129 1937 5184 nisi

248 5222 405 5293 quod
435 5222 593 5279 carni
634 5222 802 5278 dulce
838 5220 910 5277 sit
947 5223 1242 5289 quierunt.
1280 5225 1336 5273 et
1363 5216 1432 5271 ad
1464 5215 1663 5272 divina
1693 5216 1941 5273 videnda

247 5310 443 5367 oculos
505 5309 686 5366 animi
740 5306 1134 5379 perdiderunt.
1203 5305 1275 5361 Et
1324 5303 1464 5376 quia
1520 5305 1779 5361 nondum
1835 5319 1941 5361 nec

247 5397 457 5467 seipsos
489 5398 742 5467 aspicere
772 5394 1104 5465 praevalent.
1128 5393 1261 5464 jure
1289 5400 1442 5450 terra
1469 5407 1602 5463 quin
1636 5391 1941 5449 invisibilis

2045 4253 2218 4309 nibus
2264 4250 2512 4317 sordent,
2550 4250 2771 4307 invidia
2800 4251 3130 4321 tabescunt,
3160 4252 3428 4322 superbia
3469 4254 3740 4324 turgent?

2045 4342 2130 4396 Ex
2176 4340 2266 4396 his
2309 4339 2503 4409 itaque
2549 4339 2798 4394 tenebris
2823 4338 2963 4407 tilla,
3009 4339 3079 4395 de
3108 4354 3229 4411 qua
3259 4354 3436 4410 supra
3465 4342 3741 4397 tractavi-

2046 4442 2194 4489 mus.
2227 4427 2590 4483 invisibilitas
2615 4434 2670 4484 et
2712 4427 3107 4497 incompositio
3144 4428 3431 4485 oriuntur.
3465 4428 3571 4485 Sed
3602 4438 3745 4486 sunt

2046 4516 2305 4587 quidam,
2340 4515 2460 4585 ‘qui
2490 4515 2621 4572 licet
2668 4514 3041 4585 Babyloniam
3084 4516 3252 4583 hanc,
3304 4515 3358 4571 id
3406 4524 3490 4573 est
3532 4518 3742 4574 mentis

2045 4604 2437 4660 confusionem
2488 4618 2592 4674 per
2637 4604 2852 4659 scelera
2899 4604 3108 4661 multa‘
3151 4604 3472 4672 inciderint,
3546 4612 3739 4662 tamen

2045 4692 2321 4762 quiddam
2378 4691 2618 4747 rationis
2669 4690 2988 4757 residuum.
3042 4693 3207 4764 quasi
3237 4707 3309 4749 ex
3358 4693 3560 4765 grandi
3611 4694 3742 4764 igne

2045 4780 2349 4836 scintillam
2390 4780 2656 4847 retinent,
2687 4795 2760 4836 ex
2805 4794 2923 4852 qua
2956 4781 3199 4838 miseriae
3233 4782 3387 4838 illius
3418 4782 3737 4852 pavendam

2044 4869 2292 4925 nimium
2340 4868 2696 4938 voraginem,
2745 4870 2803 4925 in
2855 4883 2972 4940 qua
3008 4870 3250 4927 demersi
3284 4879 3440 4940 sunt,
3474 4870 3741 4927 conside-

2048 4970 2177 5013 rare
2206 4956 2418 5012 valent.
2445 4957 2515 5011 Et
2543 4972 2674 5012 cum
2692 4957 2807 5013 sint
2834 4958 3017 5029 aliqui
3036 4973 3273 5029 prorsus
3291 4960 3579 5027 exstincti,
3611 4962 3733 5030 qui,

2049 5052 2113 5099 ut
2158 5042 2370 5098 dicitur
2409 5043 2464 5097 in
2511 5043 2772 5111 psalmo:
2824 5047 3107 5100 Dormiunt
3155 5049 3212 5100 in
3250 5047 3513 5116 sepulcris
3568 5046 3734 5115 (Psal.

2050 5146 2296 5198 Lxxxvu,
2328 5131 2408 5201 5),
2433 5130 2488 5185 id
2517 5138 2603 5187 est
2633 5146 2813 5202 prava
2841 5134 3255 5191 consuetudine
3300 5142 3435 5191 sunt
3465 5135 3734 5205 depressi.

2049 5232 2299 5289 quorum
2385 5219 2536 5275 Deus
2612 5234 2727 5276 non
2800 5230 2885 5278 est
2958 5236 3179 5279 memor
3254 5223 3504 5294 amplius
3565 5224 3733 5293 (Psat.

2048 5320 2301 5373 Lxxxvu,
2356 5310 2431 5374 6),
2488 5323 2636 5379 quos
2689 5309 2939 5379 profecto
2987 5311 3058 5366 ad
3113 5311 3358 5381 propriae
3415 5312 3736 5368 revocando

2050 5394 2245 5451 lumen
2285 5396 2633 5466 cognitionis
2660 5412 2964 5468 nunquam
3006 5399 3230 5470 revisit;
3262 5408 3396 5456 sunt
3447 5407 3633 5456 tamen
3677 5401 3733 5456 hi
