3884 6068
38 180 105 233 3:
1274 168 1572 226 MORALll

2023 169 2086 224 IN
2128 168 2255 223 Lm.
2298 167 2341 222 Ι.
3488 174 3557 225 38

38 320 191 376 quos
219 303 623 376 praediximus,
665 300 831 358 oculo
879 300 984 358 etsi
1038 300 1283 357 multum
1333 300 1582 363 turbato,
1630 313 1745 354 non
1778 301 1821 352 Α
1860 297 1964 355 lux
1992 299 2203 356 scilicet
2231 305 2334 354 est.
2385 298 2620 369 Sapiens
2670 299 2858 356 enim:
2894 301 3173 369 Proposui,
3219 300 3428 371 inquit,
3458 316 3558 371 pro

37 402 240 450 tamen
297 392 527 463 penitus
573 398 876 455 excmcato,
919 389 1022 461 qui
1069 397 1245 460 caput
1289 388 1356 444 de
1384 389 1607 459 abysso
1637 388 1756 444 cle-

36 491 254 538 vantes
309 481 583 545 clamare,
624 479 879 535 soleant:
933 481 1004 533 De
1060 477 1360 547 pro/undis
1409 479 1643 532 clamavi
1682 477 1758 530 ad

35 577 88 624 te
142 570 319 638 (Psal.
368 583 563 635 cxxix,
610 568 685 638 1),
737 575 790 623 et
832 574 1056 623 caetera.
1122 566 1221 622 His
1276 565 1541 623 convenit
1599 565 1757 636 quod

37 673 140 728 seq
153 658 338 713 uitur.

118 747 201 800 Et
223 746 473 814 Spiritus
493 746 593 799 Dei
606 743 888 809 ferebatur
903 757 1067 812 super
1086 757 1279 813 aquas.
1304 745 1481 813 Aquae
1514 741 1571 797 in
1593 755 1757 797 sacra

39 835 270 906 pagina
304 834 610 906 aliquoties
640 834 961 903 voluptates
989 833 1180 889 carnis
1215 832 1559 903 signiﬁcant.
1597 831 1758 888 Unde

39 924 196 980 etin
229 923 545 993 Evangelia
588 922 825 992 spiritus
873 921 942 976 de
993 920 1222 977 homine
1251 921 1451 977 exiens
1496 934 1595 989 per
1638 920 1760 977 loca

43 1012 343 1082 inaquosa
373 1011 455 1067 ire
479 1011 694 1067 dicitur
739 1012 892 1081 (Luc.
929 1024 1008 1075 xi,
1048 1009 1159 1080 24).
1214 1010 1276 1065 In
1321 1008 1528 1063 diluvio
1582 1009 1760 1080 igitur

43 1115 330 1170 aquarum
362 1101 657 1153 multarum
698 1099 866 1164 (Psat.
900 1111 1059 1163 XXXI,
1113 1098 1192 1166 6),
1248 1097 1303 1152 id
1357 1106 1440 1153 est
1490 1098 1548 1152 in
1589 1097 1759 1153 ﬂuxu

45 1188 375 1244 multorum
404 1187 730 1244 carnalium
762 1186 1175 1243 desideriorum
1226 1185 1550 1242 constitutis
1595 1200 1760 1241 men-

45 1276 206 1331 tibus
252 1277 355 1332 Dei
413 1275 662 1346 Spiritus
691 1274 1071 1346 superfertur,
1105 1274 1245 1344 quia
1273 1274 1467 1330 adhuc
1507 1273 1760 1345 igniculo

46 1363 416 1420 discretionis
454 1364 681 1421 vivente
730 1362 1052 1419 considerat
1098 1361 1296 1418 infelix
1353 1362 1582 1417 animus
1612 1375 1760 1432 quas

45 1453 271 1522 patitur
304 1452 594 1520 miserias;
626 1459 683 1508 et
719 1451 868 1507 sicut
913 1451 983 1507 de
1013 1465 1146 1521 rege
1196 1450 1498 1520 Babylonis
1546 1449 1759 1521 legitur

45 1540 191 1610 quia
220 1554 417 1596 coram
462 1540 734 1597 Sedcchia
778 1554 912 1611 rege
962 1539 1112 1596 Juda
1144 1538 1289 1594 filios
1331 1538 1457 1609 ejus
1490 1538 1758 1594 occiderit

44 1630 189 1698 (Jer.
223 1643 323 1694 ιιι,
388 1629 496 1697 10),
554 1629 650 1692 ita,
701 1629 841 1684 dum
887 1628 1137 1698 quisque
1183 1627 1423 1684 attendit
1466 1641 1500 1682 a
1531 1626 1756 1683 diabolo

48 1731 149 1787 per
176 1717 457 1773 vitiorum
490 1717 898 1772 imiuissionem
952 1730 1125 1786 opera
1169 1730 1276 1771 sua
1323 1715 1471 1771 bona
1514 1715 1757 1773 interlici

45 1814 96 1861 et
128 1805 379 1873 destrui,
411 1820 546 1861 cum
582 1812 799 1876 quanto
831 1804 1034 1875 rugitu
1082 1804 1205 1860 haec
1229 1803 1468 1873 aspiciat
1504 1804 1612 1860 dici
1642 1818 1756 1860 non

46 1902 251 1963 potest,
283 1897 423 1964 quia
447 1908 507 1950 se
544 1894 694 1949 videt
726 1893 959 1949 omnino
1010 1895 1217 1963 perire.
1270 1893 1419 1949 dolet
1449 1893 1759 1963 malletque

51 1981 220 2045 mori,
250 1988 306 2038 et
341 1988 532 2036 tamen
565 1990 763 2037 contra
795 1981 994 2037 insitas
1043 1980 1310 2036 medullis
1352 1980 1757 2050 concupiscen-

52 2070 159 2124 tias
185 2078 245 2124 et
288 2070 737 2143 consuetudines
776 2083 893 2125 non
941 2069 1090 2125 valet
1137 2069 1252 2125 ullo
1283 2068 1450 2124 modo
1478 2069 1755 2125 resistere.

52 2156 168 2213 Sub
197 2171 442 2227 persona
495 2158 704 2214 horum
746 2157 929 2214 multa
978 2158 1036 2212 in
1085 2158 1206 2213 suis
1250 2156 1761 2214 lamentationibus

51 2245 332 2301 Jeremias
363 2247 642 2317 propheta
692 2246 970 2316 deplorat.
1023 2245 1166 2301 Sunt
1204 2245 1304 2316 qui
1340 2245 1466 2301 ollis
1494 2246 1761 2303 carnium

59 2333 425 2389 delectantur
468 2334 527 2388 in
574 2334 839 2404 Egypto,
872 2340 928 2388 et
955 2333 1208 2388 exerceri
1257 2340 1458 2403 sponte
1487 2346 1593 2388 sua
1621 2347 1761 2404 ope-

61 2422 225 2478 ribus
257 2421 366 2478 luti
395 2429 451 2478 et
479 2423 713 2491 lateris;
752 2422 847 2477 sed
895 2429 1031 2477 sunt
1074 2435 1281 2478 rursus
1328 2420 1427 2476 alii
1453 2421 1554 2492 qui
1583 2421 1760 2477 coacti

59 2524 124 2566 ac
148 2518 457 2567 maerentes
488 2511 563 2566 ab
601 2510 968 2567 exactoribus
1013 2518 1303 2580 urgentur
1338 2509 1411 2565 ad
1440 2510 1670 2566 sordida
1707 2518 1762 2566 et

59 2599 292 2669 fragilia
319 2613 513 2670 opera,
561 2614 692 2671 quae
721 2600 1025 2670 signantur
1070 2614 1171 2670 per
1199 2599 1388 2656 lutum
1420 2606 1476 2655 et
1503 2600 1758 2666 laterem,

58 2695 109 2743 et
159 2689 472 2753 Pharaoni,
506 2688 562 2744 id
609 2695 695 2744 est
738 2688 986 2754 diabolo,
1035 2688 1393 2744 famulantur
1445 2687 1629 2753 inviti,
1660 2686 1759 2756 qui

60 2775 314 2831 clamant
343 2790 478 2832 cum
513 2776 812 2832 Psalmista
839 2776 908 2832 ad
942 2777 1120 2832 Deum
1150 2791 1161 2831 :
1222 2778 1469 2831 Miserere
1506 2777 1627 2838 mei,
1659 2777 1759 2829 Do-

60 2867 223 2929 mine,
276 2866 535 2933 quoniam
565 2866 864 2919 inveteravi
894 2867 1037 2920 inter
1098 2880 1275 2920 omnes
1326 2866 1573 2918 inimicos
1623 2878 1763 2917 meos

65 2954 232 3019 (Psal.
266 2968 344 3019 vi,
372 2953 447 3020 7).
480 2952 734 3020 Quorum
770 2954 920 3009 Deus
969 2953 1292 3009 interiorem
1335 2953 1611 3024 gemitum
1658 2965 1765 3007 au-

64 3040 229 3097 diens
253 3041 451 3097 educit
494 3042 716 3097 vinctos
760 3041 923 3111 (Psat.
981 3058 1148 3107 vau,
1179 3040 1231 3110 7)
1280 3041 1518 3097 funibus
1563 3040 1765 3096 crimi-

65 3143 230 3197 num,
260 3129 332 3184 ad
366 3129 474 3185 hoc
499 3136 562 3185 ut
586 3130 700 3185 sint
731 3129 788 3184 in
819 3129 1151 3186 fortitudine
1194 3129 1388 3200 pravis
1438 3129 1562 3185 suis
1590 3128 1763 3185 moti-

68 3218 173 3273 bus
217 3217 554 3288 resistendi;
603 3218 864 3274 similiter
909 3232 1005 3274 eos
1044 3218 1143 3289 qui
1189 3226 1535 3288 exasperant
1564 3218 1764 3286 (Ibid.)

66 3306 132 3361 ad
162 3306 269 3362 hoc
298 3305 489 3377 erigit,
521 3314 585 3362 ut
633 3320 764 3362 cum
793 3306 973 3362 David
1017 3306 1218 3363 audire
1248 3307 1528 3363 debeant:
1566 3306 1764 3363 Inveni

65 3395 217 3450 viros
246 3394 568 3451 secundum
609 3409 706 3450 cor
751 3409 943 3451 meum
993 3394 1144 3465 (Act.
1186 3411 1303 3462 xm,
1354 3396 1470 3464 22),
1512 3406 1765 3464 quorum

64 3484 251 3553 perire
309 3483 443 3540 facit
489 3484 826 3539 memoriam
887 3482 1211 3554 iniquitatis
1249 3498 1382 3540 cum
1422 3483 1611 3539 sonitu
1651 3482 1767 3538 bla-

67 3572 482 3643 sphemiarum,
521 3573 738 3643 quibus
788 3572 1068 3628 adversus
1123 3573 1306 3628 Deum
1337 3571 1596 3628 solebant
1643 3584 1768 3641 per-

64 3668 341 3731 strepere,
392 3660 493 3731 qui
542 3663 714 3717 vertit
761 3660 984 3731 impios,
1030 3668 1085 3717 et
1112 3660 1231 3731 jam
1261 3675 1375 3716 non
1414 3668 1552 3716 sunt
1580 3658 1764 3730 impii,

64 3754 115 3802 et
160 3748 569 3803 habitantibus
614 3749 670 3804 in
715 3749 999 3819 sepulcris
1066 3748 1376 3805 oblivionis
1439 3747 1760 3804 exclamat:

66 3838 295 3903 Lazare,
332 3839 456 3890 veni
484 3840 639 3905 foras
686 3839 866 3903 (Joan.
919 3855 994 3904 xx,
1045 3838 1155 3909 42).
1188 3839 1251 3894 Id
1300 3844 1383 3893 est
1412 3836 1765 3908 pestilentem

66 3925 218 3982 illam
251 3924 469 3995 peccati
521 3924 917 3982 temulentiam
976 3925 1243 3996 digerens
1302 3932 1393 3979 ιιι
1438 3933 1582 3982 testu
1613 3939 1767 3981 acer-

69 4014 211 4070 rimo
262 4013 610 4084 paenitentiae
658 4013 994 4081 edormisce,
1040 4022 1095 4070 et
1124 4014 1225 4085 qui
1275 4014 1440 4085 quasi
1484 4021 1764 4078 mortuus,

66 4115 269 4158 excors
310 4108 367 4156 et
395 4101 643 4173 elinguis
672 4101 730 4157 in
784 4102 1054 4159 barathro
1102 4102 1377 4159 vitiorum
1410 4102 1643 4173 jacebas
1669 4115 1764 4157 oc-

1863 386 1981 441 luce
2020 389 2213 443 habere
2266 390 2419 442 illam
2459 388 2613 459 (Sap.
2661 405 2755 453 vn,
2822 390 2926 455 10).
2984 390 3052 445 Et
3089 389 3271 445 alter:
3307 392 3560 445 Miserere

1861 480 2055 544 nostri,
2106 478 2205 542 ait,
2270 480 2407 532 Deus
2454 481 2712 542 omnium,
2767 481 2818 531 et
2867 481 3069 547 respice
3107 493 3202 533 nos
3248 485 3297 533 et
3344 480 3559 534 ostende

1862 567 2014 619 nobis
2072 566 2239 619 lucem
2275 567 2685 620 miserationum
2724 572 2943 620 tuarum
2990 567 3158 637 (Eccli
3235 582 3431 634 XXXVI,
3485 568 3556 638 1).

1865 654 1930 708 Et
1974 667 2268 723 exponens
2315 667 2491 723 quam
2536 654 2720 710 lucem
2774 655 3018 723 adjecit:
3072 657 3160 720 Et,
3195 653 3249 710 id
3297 662 3401 720 est,
3449 656 3559 709 im-

1862 746 2013 798 mitte
2060 744 2304 797 timorem
2352 748 2502 797 tuum
2538 758 2702 812 super
2742 753 2945 809 gentes,
2984 758 3102 811 qua:
3137 758 3244 797 non
3280 745 3559 812 exquisie-

1863 837 1992 885 runt
2020 836 2067 884 te
2103 830 2310 901 (Ibid).,
2344 832 2416 897 2),
2447 831 2501 887 id
2524 840 2607 887 est
2634 846 2804 901 super
2845 832 2986 887 vitia
3015 840 3228 898 nostra,
3277 846 3409 902 qua:
3446 847 3560 888 non

1864 922 2204 990 permittunt
2229 933 2263 975 a
2307 919 2467 975 nobis
2508 920 2739 990 exquiri
2783 929 2851 976 te.
2890 923 2955 975 Ut
3002 927 3321 989 cognoscant
3351 921 3557 990 (ibid),

1868 1008 1917 1063 id
1953 1015 2037 1063 est
2062 1012 2128 1063 ut
2153 1020 2495 1077 cognoscere
2533 1020 2637 1061 nos
2680 1006 2907 1073 faciant,
2957 1022 3088 1062 cum
3119 1008 3303 1063 evicta
3353 1021 3420 1063 ac
3457 1008 3560 1064 de-

1864 1109 2079 1165 pressa,
2113 1102 2163 1151 te
2212 1094 2546 1165 opitulante,
2595 1094 2809 1150 fuerint
2855 1109 2889 1149 a
2936 1096 3119 1162 nobis,
3163 1098 3296 1165 quia
3342 1111 3448 1151 non
3479 1100 3560 1150 est

1867 1188 2024 1249 Deus,
2049 1186 2164 1238 nisi
2206 1190 2264 1238 tu
2285 1183 2313 1240 ἲ
2345 1181 2541 1255 (Ibid)
2578 1182 2683 1239 Sed
2728 1183 3041 1239 videndum
3072 1192 3175 1251 est,
3222 1200 3356 1240 cum
3387 1199 3557 1255 supe-

1864 1274 1988 1331 rius
2009 1273 2345 1339 dixerimus,
2366 1272 2574 1343 eosqui
2597 1271 3190 1341 vitiisopprimuntur,
3219 1273 3418 1329 timore
3439 1286 3560 1329 suae

1864 1360 2199 1433 perditionis
2244 1361 2458 1431 urgeri,
2495 1360 2647 1417 unde
2693 1361 2795 1416 iste
2834 1364 3004 1417 timor
3050 1360 3121 1417 sit
3167 1362 3365 1418 melior
3394 1361 3561 1433 quia

1865 1451 2031 1507 nobis
2054 1449 2375 1521 appellatur
2405 1450 2529 1505 lux.

1936 1539 2081 1595 Sunt
2115 1539 2215 1609 qui
2257 1540 2477 1606 timent,
2529 1552 2597 1593 ne
2648 1538 2704 1593 in
2752 1538 2873 1594 suis
2920 1538 3427 1608 deprehendantur
3456 1539 3561 1595 fla-

1868 1626 2040 1697 gitiis,
2082 1628 2185 1696 qui
2233 1626 2403 1681 timor
2448 1626 2634 1696 magis
2685 1627 2756 1681 ad
2808 1626 2954 1682 male
3001 1627 3291 1697 agendum
3341 1627 3556 1693 incitat,

1868 1729 2045 1786 quam
2068 1715 2325 1770 retrahit.
2369 1714 2526 1771 Sicut
2561 1715 2715 1770 enim
2756 1724 2919 1784 poeta
2950 1715 3018 1771 de
3050 1716 3262 1773 talibus
3292 1717 3408 1772 ait:

1969 1803 2199 1875 {Quoque
2228 1806 2403 1871 magis
2422 1805 2643 1870 tegitur,
2668 1809 2839 1858 tectus
2865 1807 3041 1873 magis
3062 1811 3256 1860 estuat
3285 1808 3452 1873 ignis.

1868 1891 1957 1947 Sic
1984 1901 2039 1948 et
2072 1906 2175 1948 nos
2201 1892 2520 1948 secundum
2565 1893 2829 1948 eumdem
2860 1908 3093 1949 sensum
3144 1908 3454 1964 possumus
3482 1893 3564 1949 di-

1866 1994 2013 2048 cere,
2055 1979 2194 2050 quia
2228 1994 2345 2050 quo
2390 1980 2673 2036 occultius
2710 1989 3002 2051 peccatum
3054 1982 3448 2051 committitur,
3497 1996 3563 2038 eo

1866 2068 2264 2125 vehementius
2300 2069 2358 2125 in
2407 2068 2598 2126 animo
2635 2071 3040 2127 committentis
3081 2072 3428 2128 desiderium
3455 2085 3564 2127 ex—

1868 2157 2098 2214 citatur.
2135 2158 2301 2224 Nam,
2361 2159 2517 2228 quod
2566 2158 2806 2215 latenter
2853 2159 2914 2214 fit
2943 2167 2997 2215 et
3026 2161 3180 2231 quod
3226 2161 3566 2231 prohibetur

1868 2260 1938 2301 ne
1969 2245 2084 2312 fiat,
2127 2245 2399 2301 libentius
2429 2255 2811 2316 perpetratur,
2859 2248 3011 2302 Nam
3056 2251 3560 2319 concupiscentiam,

1868 2334 1947 2390 ait
2003 2334 2323 2405 Apostolus,
2368 2337 2685 2403 nesciebam,
2750 2335 2805 2391 id
2853 2342 2937 2391 est
2975 2351 3091 2392 non
3148 2337 3287 2393 adeo
3328 2351 3562 2408 gravem

1867 2430 2140 2493 expertus
2176 2437 2356 2491 eram,
2415 2426 2527 2478 nisi
2594 2425 2681 2478 lea:
2750 2424 2981 2479 diceret:
3053 2425 3170 2480 Non
3229 2428 3565 2496 concupisces

1871 2515 2042 2581 (Rom.
2084 2527 2185 2579 vn,
2238 2515 2312 2578 7).
2372 2510 2511 2567 Dicit
2555 2512 2727 2568 etiam
2766 2511 3004 2583 quidam
3058 2512 3324 2583 Sapiens:
3385 2517 3566 2570 Timor

1869 2602 2011 2655 nihil
2039 2605 2117 2656 est
2142 2603 2256 2655 nisi
2277 2603 2714 2671 praesumptionis
2736 2601 3076 2670 adjutorium
3101 2602 3251 2671 (Sap.
3276 2617 3414 2670 xvu,
3451 2606 3561 2671 Η),

1871 2689 2243 2761 scilicetquia
2279 2704 2410 2747 cum
2438 2690 2494 2745 in
2531 2690 2722 2746 animo
2740 2690 2941 2747 timore
2973 2690 3107 2761 quis
3135 2699 3360 2758 aestuat,
3393 2700 3566 2748 aestus

1873 2779 2036 2849 ipse;
2090 2778 2192 2849 qui
2225 2777 2293 2834 de
2340 2778 2531 2835 servili
2590 2785 2743 2835 totus
2795 2777 2999 2835 timore
3041 2786 3263 2834 constat
3317 2778 3447 2849 plus
3492 2777 3564 2833 ad

1870 2865 2133 2923 effectum
2199 2866 2428 2922 sceleris
2477 2872 2751 2936 provocat
2807 2880 2982 2937 quam
3038 2866 3333 2935 retardat;
3385 2873 3439 2922 et
3484 2873 3567 2921 est

1872 2955 2119 3025 proditio
2156 2954 2517 3025 cogitationis
2539 2955 2894 3011 auxiliorum
2926 2955 2980 3011 id
3002 2963 3086 3012 est
3113 2955 3377 3023 ostendit,
3410 2955 3563 3026 quod

1872 3044 2010 3114 ipsis
2057 3043 2342 3113 perversis
2386 3043 2830 3115 cogitationibus
2875 3043 2946 3099 ad
2983 3043 3202 3100 malum
3249 3042 3567 3099 anhelanti-

1873 3131 1982 3187 bus
2011 3130 2181 3187 timor
2210 3129 2328 3201 ipse
2371 3130 2706 3199 auxilietur,
2739 3130 2951 3187 scilicet
2996 3130 3149 3187 vires
3180 3131 3447 3201 praebeat.
3483 3131 3569 3185 'l‘i-

1873 3226 2030 3275 ment
2081 3219 2277 3290 itaque
2339 3219 2710 3288 deprehendi,
2784 3220 2985 3275 timent
3044 3219 3349 3290 proditioni
3395 3219 3565 3276 etiam

1872 3321 1993 3363 suae
2022 3307 2224 3378 aliqui,
2252 3307 2348 3364 sed
2381 3308 2520 3388 quia
2557 3322 2629 3364 ex
2674 3307 2861 3380 gratia
2900 3308 2999 3364 Dei
3042 3322 3159 3364 non
3196 3315 3300 3377 est,
3333 3308 3472 3379 quia
3496 3322 3568 3364 ex

1873 3409 2069 3453 amore
2092 3410 2207 3452 non
2256 3405 2496 3466 constat,
2539 3397 2812 3454 vitiorum
2865 3397 3126 3454 ardorem
3168 3412 3283 3454 non
3313 3405 3564 3469 superat.

1875 3484 1997 3540 Filii
2029 3485 2202 3541 Israel
2234 3499 2432 3556 poenas
2478 3499 2627 3556 quas
2667 3485 2758 3542 lex
2790 3486 3122 3543 minabatur
3150 3486 3432 3552 timentes,
3464 3501 3571 3543 nec

1873 3580 2030 3629 metu
2059 3587 2379 3642 poenarum,
2409 3588 2514 3629 nec
2543 3574 2863 3631 carnalium
2900 3574 3132 3643 praemio
3155 3574 3568 3644 promissarum

1874 3675 1908 3717 a
1953 3661 2095 3732 legis
2136 3661 2607 3732 praevaricatione
2666 3661 2845 3718 teneri
2895 3669 3173 3731 poterant,
3221 3663 3363 3733 quia
3409 3663 3570 3719 nullo

1875 3750 1975 3805 Dei
2019 3762 2212 3805 amore
2263 3748 2335 3805 ad
2382 3749 2526 3805 bene
2572 3749 2863 3821 agendum
2911 3750 3131 3805 animos
3178 3750 3566 3821 applicabant,

1873 3837 1969 3893 sed
2034 3844 2216 3893 totum
2274 3836 2451 3893 coacti
2497 3836 2779 3893 serviliter
2827 3852 2942 3894 non
2998 3838 3204 3907 spiritu
3251 3838 3572 3908 adoptionis

1875 3924 2141 3996 agebant.
2174 3924 2367 3981 Timor
2393 3938 2528 3997 ergo
2567 3924 2659 3982 ille
2698 3940 2873 3996 quem
2919 3924 3164 3982 dicimus
3192 3925 3294 3983 lux
3331 3934 3435 3995 est,
3468 3927 3568 3998 qui

1873 4022 1928 4070 et
1959 4014 2223 4070 tenebras
2268 4014 2527 4071 obscenae
2573 4013 2932 4086 cogitationis
2972 4014 3222 4083 discutit,
3262 4022 3318 4071 et
3359 4015 3571 4086 pariter

1874 4102 1945 4158 ad
1978 4116 2231 4158 amorem
2252 4101 2481 4159 virtutis
2511 4101 2790 4159 accendit.

69 4190 265 4246 clusus
281 4191 426 4256 veni,
461 4188 515 4244 id
548 4197 632 4245 est
679 4190 880 4246 accede
918 4191 989 4246 ad
1021 4205 1153 4247 eum
1186 4190 1284 4261 qui
1328 4198 1381 4246 te
1421 4197 1584 4246 vocat
1615 4190 1763 4246 inte-
1793 4208 1836 4262 ι)
1944 4190 2051 4257 Qui
2088 4190 2265 4262 igitur
2304 4191 2484 4260 primo
2526 4191 2649 4247 sine
2699 4191 2892 4248 fructu
2943 4191 3012 4248 de
3065 4206 3170 4249 suo
3212 4199 3438 4263 torpore
3467 4192 3567 4249 do-

68 4279 190 4334 rius
242 4291 347 4348 per
400 4278 617 4348 peccati
664 4277 1148 4348 deplorationem;
1181 4286 1247 4335 ut
1291 4281 1465 4347 foras,
1508 4279 1561 4334 id
1594 4287 1678 4334 est
1707 4279 1765 4335 in

63 4374 261 4436 aperto
289 4366 413 4436 jam
456 4366 697 4435 prodeas
742 4380 843 4435 per
874 4366 1156 4423 bonorum
1187 4380 1424 4435 operum
1459 4365 1766 4423 exhibitio-

66 4468 213 4509 nem.
253 4454 379 4523 ipse
428 4467 683 4525 namque
726 4455 881 4511 videt
924 4455 1294 4511 afflictionem
1336 4455 1529 4525 populi
1575 4454 1688 4524 sui,
1713 4461 1767 4511 et

71 4541 379 4607 descendit,
432 4541 489 4597 id
523 4549 607 4598 est
646 4541 996 4613 compatitur
1038 4542 1110 4597 ad
1157 4541 1544 4598 miserandum
1582 4540 1682 4605 eis,
1712 4547 1768 4596 et

71 4629 203 4685 dicit
231 4628 347 4684 eis:

141 4717 389 4773 Vans.3.
438 4745 504 4757 -—
555 4718 686 4772 Fiat
730 4718 829 4772 tua:
876 4723 927 4772 et
972 4720 1127 4785 facta
1164 4722 1242 4773 est
1290 4719 1406 4772 lum.
1439 4716 1600 4784 Quod
1630 4732 1767 4790 ergo

72 4805 317 4862 dicimus
345 4804 548 4863 debere
578 4805 813 4877 intelligi
849 4820 948 4876 per
974 4807 1180 4871 lucem,
1210 4807 1317 4862 DiSl
1348 4805 1487 4862 illud
1517 4807 1764 4876 primum

74 4893 306 4959 bonum,
348 4893 526 4967 quod
577 4894 663 4949 his
712 4894 811 4964 qui
871 4901 1295 4950 convertuntur
1331 4893 1403 4949 ad
1452 4907 1550 4949 cor
1596 4893 1763 4963 (Psal.

69 4998 279 5046 vaxiv,
328 4984 378 5047 9)
409 4981 602 5038 datur.
656 4981 801 5049 Quid
847 4989 931 5038 cst
976 4990 1167 5039 autem
1219 4981 1469 5052 primum
1528 4981 1763 5050 bonum,

72 5072 174 5125 nisi
203 5070 377 5125 timor
406 5070 525 5134 Dei,
561 5072 660 5141 qui
710 5070 922 5126 dicitur
968 5073 1185 5125 initium
1242 5069 1763 5140 sapientt'te?(Psal.

73 5174 151 5225 ex,
184 5160 259 5227 9).
320 5157 672 5227 Sapientiam
734 5172 871 5214 vero
925 5158 1109 5215 lucem
1167 5158 1436 5229 appellari
1479 5173 1595 5215 non
1627 5173 1762 5226 uno,

72 5248 157 5302 sed
189 5246 393 5303 multis
439 5245 870 5316 Scripturarum
925 5246 1062 5303 locis
1109 5246 1481 5303 advertimus.
1516 5245 1675 5313 Quod
1718 5247 1765 5302 si

75 5337 189 5405 ipsa
218 5335 323 5391 lux
370 5342 476 5402 est,
529 5343 584 5391 et
633 5334 863 5391 initium
914 5335 1042 5406 ejus
1087 5335 1259 5391 timor
1304 5335 1402 5390 Dei
1448 5342 1552 5402 est,
1598 5335 1767 5392 timor

76 5424 340 5492 pnifeeto,
379 5422 522 5493 quia
552 5436 689 5493 pars
731 5422 858 5492 ejus
907 5430 1010 5490 est,
1063 5421 1213 5479 idem
1259 5422 1413 5493 quod
1448 5430 1627 5479 totum
1661 5430 1765 5488 est,

1876 4277 2046 4343 lebat,
2106 4278 2177 4334 de
2227 4292 2343 4348 quo
2395 4292 2454 4333 se
2508 4286 2779 4334 excutere
2834 4294 2950 4335 non
3006 4287 3246 4350 poterat,
3281 4280 3421 4351 quia
3447 4281 3571 4338 sine

1874 4366 2001 4423 luce
2032 4366 2218 4437 gratia
2264 4364 2505 4422 ccelcstis
2549 4374 2691 4433 erat,
2733 4367 2855 4438 jam
2899 4367 3067 4434 dolet,
3119 4384 3224 4425 nec
3268 4369 3429 4426 dolor
3461 4384 3571 4426 va-

1875 4469 2020 4511 cuus
2057 4461 2159 4522 est,
2187 4455 2325 4525 quia
2366 4454 2559 4510 unctio
2599 4455 2779 4510 sancti
2828 4454 3093 4526 Spiritus,
3140 4472 3271 4529 quae
3301 4472 3432 4514 eum
3464 4457 3572 4514 do-

1874 4551 1961 4600 cet
1985 4543 2054 4598 de
2100 4542 2368 4599 omnibus
2414 4549 2468 4599 et
2512 4543 2762 4610 roborat,
2814 4544 2993 4601 adest.
3042 4546 3282 4617 Antiqui
3336 4547 3571 4617 quando

1872 4631 2292 4688 exercebantur
2347 4632 2417 4687 ad
2500 4632 2842 4701 palaestram,
2916 4636 3056 4705 ungi
3128 4642 3567 4704 consueverant,

1875 4719 2000 4776 ideo
2028 4719 2289 4775 videlicet
2320 4727 2383 4776 ut
2426 4733 2527 4789 per
2557 4720 2734 4788 nuda,
2767 4728 2822 4776 et
2850 4736 2923 4777 ex
2950 4723 3221 4779 unctione
3253 4723 3571 4780 madefacta

1873 4822 2113 4878 corpora
2147 4808 2471 4870 labentibus
2505 4808 2648 4879 ejus.
2680 4809 2781 4879 qui
2815 4809 3255 4879 colluctabatnr,
3300 4811 3570 4868 manibus

1874 4896 2070 4952 minus
2097 4896 2275 4953 teneri
2306 4897 2552 4953 luctator
2595 4904 2798 4966 posset.
2857 4897 3007 4953 Nudi
3055 4906 3271 4964 autem,
3324 4900 3383 4956 id
3422 4908 3505 4956 est
3543 4914 3577 4955 a

1872 4984 2237 5041 saecularium
2287 4999 2479 5041 rerum
2543 5000 2737 5041 amore
2804 4986 3092 5057 praepediti
3145 4985 3239 5059 [[1,
3289 4987 3571 5060 expediti]

1872 5080 1927 5129 ct
1956 5073 2136 5141 uncti,
2197 5073 2249 5128 id
2309 5081 2392 5130 est
2447 5074 2658 5129 divina
2710 5073 3026 5131 dilectionis
3072 5075 3224 5132 dulci
3284 5076 3568 5133 suavitate

1872 5158 2136 5226 delibuti,
2183 5158 2409 5215 diabilo
2454 5159 2710 5216 duellum
2752 5160 3001 5216 indicere
3052 5160 3350 5232 jubemur,
3400 5163 3569 5234 cujus

1873 5254 2030 5303 tanto
2062 5247 2250 5304 minor
2287 5255 2371 5304 est
2414 5247 2785 5320 fragiliorque
2834 5247 2892 5303 in
2950 5249 3267 5319 pugnando
3297 5258 3568 5309 constan-

1874 5335 1972 5401 tia,
2023 5345 2243 5406 quanto
2282 5336 2554 5393 fervidior
2602 5336 2658 5393 in
2702 5335 2871 5392 corde
2904 5336 3228 5407 pmnitcntis
3277 5338 3571 5397 invenitur

1874 5425 2332 5493 compunctionis
2361 5426 2567 5494 gratia.
