3874 6048
302 218 370 271 39
600 222 607 229 τ
1190 218 1247 269 v.
1291 213 1624 272 GUIBERTI
1662 216 1959 272 seems
1994 217 2051 272 s.
2086 216 2333 273 ιιΑιιιιΕ
2375 218 2465 275 DE
2491 192 2904 277 'Novmanro
3249 222 3256 236 '
3739 232 3821 282 40

367 338 543 403 Vens.
578 345 630 399 4.
684 375 750 385 --
801 344 974 402 Facta
1022 352 1211 401 autem
1264 345 1410 414 luce,
1464 346 1624 403 Vidit
1666 349 1807 401 Deus
1851 347 1997 417 quod
2023 351 2067 405 A
2104 355 2158 403 et
2186 348 2498 406 esurientes
2528 349 2694 407 bonis
2723 351 2989 421 exsatiat,
3018 359 3075 409 et
3118 351 3357 411 vincula
3404 358 3816 425 tentationum,

301 426 435 490 esset
462 435 618 489 bona.
645 432 793 500 Quid
821 442 905 489 est
932 434 1073 489 vidit
1107 437 1269 500 Deus,
1302 434 1409 489 nisi
1440 435 1577 504 quia
1615 435 1795 491 videri
1831 433 2005 491 fecit?

304 524 526 580 Dicitur
567 530 623 579 et
682 523 749 578 de
806 522 1185 579 Centurione:
1241 524 1488 577 Audiens
1555 526 1709 578 Jesus
1771 526 2004 580 miratus

300 617 379 666 est
404 611 553 682 (Luc.
588 626 686 677 vn,
737 612 808 679 9).
857 609 1017 666 Unde
1066 613 1310 667 miratus
1346 619 1448 680 est,
1502 625 1602 681 per
1630 626 1802 682 quem
1834 627 2003 670 omne

300 701 513 755 mirum
540 706 796 755 creatum
843 707 946 763 est,
983 708 1192 768 praeter
1238 714 1410 771 quem
1457 700 1598 756 nihil
1641 702 1854 757 mirum
1894 709 1997 775 est,

299 789 410 846 nisi
452 788 605 859 quod
662 786 874 842 mirum
920 786 1102 843 voluit
1147 788 1314 843 nobis
1369 789 1687 855 ostendere,
1738 792 1891 861 quod
1928 795 1995 848 ad

298 866 603 933 commune
651 875 980 944 exemplum
1030 890 1063 931 a
1122 875 1271 931 fideli
1337 877 1569 933 homine
1629 878 1847 935 dictum
1891 887 1995 949 est,

308 965 470 1020 Vidit
511 978 650 1035 ergo
694 965 861 1018 lucem
893 964 1038 1032 quod
1066 970 1199 1020 esset
1231 966 1388 1034 bona,
1424 966 1477 1021 id
1522 974 1606 1022 est
1631 968 1814 1024 videri
1843 968 1992 1036 fecit,

298 1068 477 1126 quam
512 1054 727 1109 bonum
758 1061 923 1121 esset,
974 1053 1163 1110 timori
1192 1063 1247 1111 et
1293 1056 1475 1111 amori
1526 1063 1772 1112 mentem
1826 1070 1997 1113 man-

297 1142 489 1211 cipare
539 1140 754 1198 divino.
806 1142 871 1196 In
936 1141 1156 1198 deliciis
1209 1151 1263 1199 et
1322 1144 1720 1214 voluptatibus
1766 1145 1993 1202 educati

296 1229 439 1302 quid
509 1229 582 1286 sit
628 1230 859 1286 miseria
925 1232 1210 1299 nesciunt,
1258 1240 1313 1288 et
1384 1232 1441 1287 in
1518 1233 1887 1303 squaloribus
1927 1248 1995 1289 ac

296 1319 574 1389 spurcitia
612 1318 867 1386 enutriti,
898 1317 1040 1389 quid
1089 1319 1204 1375 sint
1257 1319 1472 1376 delicia
1511 1335 1577 1376 ac
1627 1320 1861 1378 felicitas
1904 1336 1995 1379 ne-

289 1411 498 1465 sciunt.
531 1407 676 1475 Quid
711 1407 859 1467 boni.
886 1407 1092 1463 habeat
1135 1408 1368 1471 sanitas,
1424 1409 1675 1480 languor
1720 1410 1985 1478 ostendit,

288 1498 367 1553 ait
397 1497 674 1567 quidam;
707 1496 1105 1566 cognoscimus
1139 1497 1276 1567 quid
1314 1497 1639 1566 habuimus,
1683 1506 1985 1570 postquam
2024 1568 2029 1571 _

290 1586 499 1641 habere
529 1584 859 1640 desinimus.
905 1584 1048 1641 Cum
1087 1585 1265 1656 igitur
1317 1593 1438 1655 post
1486 1587 1790 1643 innumera
1829 1588 1989 1659 ﬂagi-

2111 451 2242 507 quae
2273 438 2383 493 Deo
2432 438 2502 493 ad
2550 439 2750 495 horam
2805 441 3098 497 secedente
3149 442 3416 513 ingruere
3465 446 3668 515 solent,
3714 448 3818 504 sui

2108 523 2353 594 Spiritus
2399 526 2692 583 redeuntis
2739 528 2871 598 igne
2917 528 3198 586 dissolvit.
3235 531 3383 598 Quid
3433 533 3592 600 illud,
3646 538 3816 607 quod

2107 613 2300 669 anima
2331 622 2525 671 nostra
2551 630 2779 672 omnem
2823 630 2999 673 sacrae
3042 617 3297 675 lectionis
3334 634 3542 689 escam,
3572 624 3657 679 de
3686 640 3816 695 qua

2106 701 2260 758 vires
2288 705 2743 773 compunctionis
2775 705 3097 775 hauriebat,
3140 708 3217 763 ita
3249 709 3562 780 aliquando
3592 713 3820 770 abomi-

2106 796 2300 857 natur,
2332 798 2398 846 ut
2426 807 2595 860 usque
2646 792 2721 847 ad
2757 800 2950 864 portas
2989 798 3178 851 mortis
3219 797 3390 868 (Psal.
3434 816 3538 867 ενι,
3599 804 3711 867 18),
3752 804 3811 859 id

2103 885 2187 932 est
2217 877 2359 933 vitia
2389 893 2487 949 per
2545 895 2676 950 quae
2734 881 2852 938 itur
2909 883 2982 939 ad
3036 892 3275 941 mortem
3333 889 3814 961 appropinquare

2103 965 2389 1022 videatur.
2446 967 2550 1023 Sed
2605 968 2697 1025 ille
2750 971 2849 1040 qui
2909 978 3089 1028 tentat
3134 986 3259 1038 nos.
3320 989 3435 1031 non
3478 985 3541 1032 ιιι
3577 978 3808 1047 perdat,

2102 1067 2293 1124 neque
2350 1062 2414 1111 ut
2442 1057 2603 1125 sciat,
2654 1058 2752 1114 sed
2789 1066 2851 1114 ιιι
2881 1059 3027 1115 scire
3077 1075 3180 1117 nos
3219 1061 3387 1118 faciat
3412 1064 3457 1119 si
3501 1063 3810 1136 diligimus

2098 1156 2253 1209 eum,
2286 1142 2460 1201 mittit
2512 1146 2780 1213 verbum,
2843 1146 2898 1203 id
2943 1155 3028 1205 est
3074 1163 3333 1220 saporem
3383 1152 3541 1208 verbi
3600 1154 3693 1209 sui
3740 1153 3804 1210 in

2098 1237 2220 1299 nos,
2255 1240 2311 1289 et
2358 1241 2542 1300 sanat,
2599 1236 2882 1306 cripitque
2937 1237 3007 1293 de
3053 1236 3289 1295 interitu
3340 1241 3508 1309 (Psat.
3543 1258 3650 1308 ενι,
3682 1244 3799 1313 20).

2097 1320 2230 1377 Haec
2262 1321 2412 1378 Deus
2444 1322 2501 1378 in
2541 1324 2705 1380 nobis
2748 1324 2888 1395 agit,
2946 1331 3011 1381 ιιι
3055 1326 3203 1383 bona
3248 1342 3320 1384 ex
3367 1329 3505 1400 ipso,
3540 1331 3694 1386 mala
3724 1346 3803 1388 ex

2096 1410 2262 1465 nobis
2308 1425 2412 1466 nos
2455 1412 2667 1468 habere
2716 1414 3066 1483 noverimus,
3116 1423 3169 1471 et
3199 1414 3280 1471 sic
3327 1417 3475 1473 inter
3518 1419 3707 1477 lucem
3742 1428 3801 1476 et

2096 1499 2360 1553 tenebras
2392 1498 2726 1555 dividimus.

2167 1585 2332 1641 Vens.
2392 1589 2443 1641 5.
2497 1617 2567 1627 --
2621 1590 3042 1660 Appellavitque
3104 1592 3273 1645 lucem
3317 1591 3492 1648 diem:
3550 1601 3600 1649 et
3650 1602 3801 1651 tene-

290 1677 368 1730 tia
397 1675 466 1728 ad
496 1674 672 1729 Deum
727 1674 1091 1741 revertimur,
1123 1655 1198 1729 iet
1251 1674 1389 1729 vitia
1440 1674 1495 1730 in
1544 1684 1791 1732 Virtutes
1836 1655 1985 1733 com-
2017 1655 2056 1709 Β
2095 1673 2222 1728 bras
2247 1680 2468 1730 noctem.
2504 1676 2604 1732 Est
2638 1678 2917 1747 quaedam
2971 1693 3199 1734 summa
3245 1679 3369 1748 lux,
3406 1696 3537 1752 quae
3567 1682 3799 1740 illumi-

188 1792 201 1798 -
288 1769 601 1829 mutamus,
667 1769 806 1817 tunc
855 1762 1106 1831 primum
1153 1761 1686 1830 animadvertimus,
1747 1765 1803 1819 in
1865 1780 1982 1836 quo

286 1849 617 1919 pestilentia;
667 1848 939 1905 barathro
983 1848 1295 1919 jacnimns,
1328 1858 1383 1905 et
1428 1866 1546 1921 quo
1587 1853 1983 1910 vehementius

286 1938 354 1993 de
388 1944 706 2008 perpetrato
737 1937 989 1993 facinore
1039 1936 1456 2006 erubescimus,
1498 1945 1656 1996 tanto
1696 1943 1982 2011 copiosius

285 2025 354 2080 ad
392 2024 638 2095 priorem
672 2026 846 2081 vitam
878 2024 1017 2080 boni
1043 2027 1230 2095 operis
1267 2027 1519 2082 novitate
1563 2030 1977 2100 contegendam

283 2121 616 2170 aestuamus.
657 2115 726 2169 Et
755 2128 871 2169 non
903 2114 1068 2169 modo
1099 2116 1266 2171 timor
1311 2122 1414 2183 est,
1468 2130 1540 2172 ne
1580 2117 1981 2187 deprehenda-

283 2217 416 2259 mur
447 2205 503 2258 in
535 2202 708 2269 vitiis,
754 2203 850 2258 sed
895 2206 1068 2259 etiam
1110 2204 1154 2259 si
1207 2203 1445 2274 impune
1488 2218 1722 2274 peccare
1765 2206 1975 2275 liceret,

280 2304 474 2347 amore
497 2291 734 2362 justitiaa
763 2291 935 2347 semel
982 2300 1345 2363 praegustatze
1376 2293 1498 2364 jam
1528 2308 1760 2363 peccare
1803 2295 1976 2351 nolu~

281 2395 429 2448 mus,
464 2395 594 2451 quae
639 2380 710 2437 ad
742 2394 994 2451 praesens
1032 2382 1088 2436 in
1120 2385 1342 2438 tantum
1394 2397 1498 2438 nos
1532 2391 1880 2452 remunerat,
1913 2390 1978 2440 nt

278 2470 450 2526 etiam
501 2477 656 2526 metu
724 2470 845 2540 jam
917 2468 1251 2540 perditionis
1329 2470 1550 2541 abjccto
1609 2473 1974 2530 securitatem

279 2558 472 2630 gloriae
497 2558 913 2628 consequendte
945 2558 1180 2615 tribuat.
1214 2559 1519 2630 Sequitur:

349 2652 420 2704 Et
454 2648 649 2703 divisit
700 2650 845 2702 inter
890 2649 1078 2716 lucem,
1127 2652 1177 2702 et
1226 2648 1470 2704 tenebras
1518 2648 1639 2719 [al.,
1684 2650 1765 2705 Et
1783 2651 1977 2723 divisit

278 2739 444 2793 lucem
483 2753 517 2791 a
568 2734 845 2808 tenebris].
915 2735 1062 2803 Quid
1114 2744 1197 2793 est
1264 2737 1457 2792 divisit
1516 2738 1623 2801 nisi
1691 2739 1976 2797 discretio-

276 2840 406 2882 nem
442 2824 652 2881 habere
684 2824 828 2879 inter
873 2824 1013 2879 vitia
1060 2825 1420 2896 virtutesque
1467 2825 1661 2883 docuit
1685 2826 1712 2881 ?
1749 2826 1973 2895 Quanto

273 2914 427 2970 enim
459 2914 675 2970 arctius
700 2913 759 2967 in
793 2912 1073 2968 virtutum
1108 2913 1368 2969 custodia
1404 2915 1780 2984 persistimus,
1815 2925 1972 2974 tanto

275 3002 658 3073 perspicacius
729 3001 818 3056 his
870 3001 1161 3056 contraria
1216 3001 1485 3071 quaelibet
1548 3002 1965 3073 cognoscimus,

274 3096 358 3146 ιιι
388 3090 492 3146 Sed
536 3090 648 3145 alia
687 3097 771 3145 est
819 3088 1084 3160 quaedam
1153 3089 1319 3145 valde
1384 3091 1638 3145 notanda
1684 3090 1965 3158 discretio,

272 3192 391 3250 qua
437 3179 648 3234 scilicet
690 3185 856 3233 acute
902 3184 957 3233 et
1014 3177 1404 3234 indesinenter
1461 3178 1753 3235 attendere
1793 3180 1967 3235 debe-

271 3282 421 3335 mus,
450 3266 591 3338 quid
642 3280 712 3323 ex
762 3267 948 3335 nobis,
998 3274 1055 3322 et
1099 3267 1242 3337 quid
1288 3281 1361 3323 ex
1413 3267 1524 3323 Deo
1552 3268 1864 3324 habeamus
1894 3270 1969 3339 (ll

270 3358 390 3413 Cor.
423 3372 503 3424 ιιι,
557 3354 630 3424 5).
673 3354 833 3421 Quod
874 3354 1295 3412 mirabilisarte
1341 3357 1518 3426 pietas
1565 3356 1729 3412 nobis
1770 3356 1967 3413 divina

267 3459 418 3515 saepe
466 3443 738 3499 insinuat.
792 3443 937 3499 Nam
988 3443 1044 3498 in
1094 3451 1301 3500 nostrae
1375 3443 1765 3501 conversionis
1805 3444 1965 3501 initio

268 3540 489 3589 tantam
548 3531 935 3601 lacrymarum
1001 3529 1344 3598 ubertatem,
1416 3539 1634 3588 tantam
1690 3532 1965 3589 orationis

266 3621 430 3677 nobis
471 3619 622 3676 Deus
666 3619 1005 3690 plerumque
1056 3618 1303 3691 largitur
1345 3619 1700 3688 instantiam,
1755 3629 1819 3677 ut
1841 3622 1960 3692 jam

264 3710 582 3766 humanam
630 3706 794 3763 nobis
839 3707 1143 3763 videamur
1197 3708 1513 3779 transgredi
1570 3717 1862 3777 naturam,
1908 3719 1963 3766 et

265 3798 476 3855 imitari
503 3795 941 3866 contemplando
964 3794 1302 3865 angelicam.
1335 3796 1493 3862 Quod
1522 3811 1652 3852 cum
1686 3797 1961 3868 aliquan-

261 3886 362 3942 diu
412 3885 715 3941 nobiscum
770 3883 986 3954 agitur,
1046 3883 1115 3938 de
1191 3891 1382 3940 nostro
1452 3885 1711 3955 profectu
1782 3900 1961 3956 supra

261 3974 683 4044 quamjustnm
722 3979 807 4027 est
864 3970 1114 4041 gaudere
1170 3971 1324 4026 intra
1370 3985 1475 4028 nos
1531 3974 1954 4042 praesumimus.

262 4062 364 4119 Sed
416 4062 569 4118 Deus
616 4067 870 4116 nostram
915 4059 1065 4114 mira
1095 4059 1515 4130 dispensatione
1554 4060 1811 4118 retundit
1852 4076 1958 4118 su—

261 4150 539 4221 perbiam,
589 4156 645 4205 et
707 4160 813 4203 nos
855 4148 956 4218 qui
999 4137 1402 4205 erraveramus
1441 4148 1499 4204 in
1546 4149 1867 4215 solitudine,
1901 4150 1954 4206 id

2090 1770 2435 1819 natomnem
2478 1764 2765 1820 hominem
2815 1765 3003 1836 (.Ioan.
3035 1784 3071 1834 ι,
3121 1770 3193 1833 9),
3249 1771 3524 1826 rationem
3573 1772 3799 1827 scilicet

2088 1850 2301 1921 cuique
2329 1852 2538 1908 dando.
2598 1853 2855 1923 Appellat
2897 1854 3112 1925 itaque,
3163 1857 3216 1911 id
3247 1866 3330 1914 est
3380 1858 3539 1930 eligit
3578 1858 3795 1927 lucem,

2087 1938 2374 2008 cujusque
2432 1936 2643 1995 scilicet
2697 1940 2943 1996 hominis
2990 1943 3291 2010 rationem,
3342 1958 3468 1999 eam
3525 1944 3796 2001 faciendo

2087 2024 2259 2080 diem.
2302 2026 2596 2092 Quomodo
2647 2027 2839 2083 diem?
2867 2029 3014 2097 Dies,
3073 2039 3135 2086 ut
3178 2032 3258 2087 ait
3289 2032 3545 2102 quidam,
3590 2041 3675 2089 est
3705 2033 3791 2089 sol

2087 2127 2261 2183 super
2289 2121 2519 2179 terram,
2579 2116 2660 2172 sol
2704 2116 2815 2172 sub
2863 2126 3015 2173 terra
3070 2132 3185 2174 nox
3222 2126 3324 2175 est.
3383 2120 3546 2176 Ratio
3605 2121 3793 2192 igitur

2085 2209 2282 2257 nostra
2311 2202 2357 2257 si
2409 2202 2545 2259 velit
2591 2217 2712 2259 esse
2751 2203 2874 2271 lux,
2910 2205 3058 2262 sicut
3086 2220 3207 2263 esse
3246 2207 3430 2272 debet,
3473 2207 3648 2263 solem
3676 2209 3789 2264 sibi

2086 2296 2398 2359 praeponat,
2441 2290 2496 2345 id
2535 2299 2619 2347 est
2658 2298 2883 2348 terrena
2930 2293 3210 2367 desideria
3249 2308 3441 2351 amore
3484 2304 3541 2352 et
3577 2310 3786 2353 exem-

2086 2379 2175 2447 plo
2203 2377 2415 2434 Christi
2438 2380 2742 2449 deprimat,
2799 2390 2861 2437 ut
2903 2382 3025 2437 dies
3077 2384 3247 2439 etiam
3278 2383 3390 2440 dici
3418 2391 3629 2454 queat;
3661 2399 3785 2440 nox

2084 2467 2236 2522 enim
2266 2467 2447 2538 iniqui
2480 2482 2594 2523 non
2651 2477 2857 2537 essent,
2919 2470 3028 2526 nisi
3064 2471 3356 2528 Christum
3412 2480 3587 2543 atque
3611 2474 3788 2529 ratio-

2084 2569 2215 2610 nem
2242 2570 2409 2612 suam
2440 2556 2653 2612 inlimis
2690 2558 3105 2628 cupiditatibus
3133 2568 3538 2631 supponerent.
3569 2562 3778 2631 Appel-

2084 2642 2202 2699 lare
2258 2645 2405 2701 sicut
2437 2659 2642 2701 vocare
2680 2645 2857 2716 accipi
2894 2648 2949 2702 in
2994 2646 3306 2718 Scripturis
3344 2649 3541 2706 biiarie
3569 2653 3775 2720 potest.

2084 2731 2145 2787 In
2177 2731 2358 2788 bono:
2402 2736 2601 2789 Vocavi
2637 2750 2704 2788 ex
2750 2737 2969 2790 nomine
3008 2736 3236 2792 Beseleel
3276 2737 3486 2805 (Exod.
3514 2753 3662 2805 xxxi,
3694 2740 3775 2809 2).

2080 2818 2145 2874 In
2197 2820 2381 2875 malo:
2440 2822 2663 2877 Vocavit
2718 2826 2918 2890 famem
2945 2840 3109 2895 super
3176 2831 3375 2880 terram
3439 2826 3605 2896 (Psal.
3667 2842 3778 2892 civ,

2078 2908 2192 2978 2t),
2228 2917 2282 2965 et
2312 2907 2528 2965 aliatim
2563 2910 2723 2966 alias.
2775 2911 2949 2968 Vocat
2981 2912 3226 2967 tem-bras
3262 2917 3484 2979 noctem,
3535 2913 3781 2985 quando
3864 2908 3865 2927 ‘

2078 3010 2192 3064 eos,
2239 2997 2341 3067 qui
2390 3006 2728 3067 praepostere
2773 2999 3000 3068 vivunt,
3045 3007 3100 3056 et
3140 3000 3464 3057 voluntarie
3512 3011 3776 3072 peccant,

2080 3085 2252 3141 tradit
2281 3086 2338 3140 in
2374 3094 2615 3149 noctem,
2659 3086 2714 3142 id
2743 3095 2826 3144 est
2867 3087 2928 3143 in
2976 3088 3285 3159 reprobum
3332 3103 3563 3146 sensum
3590 3089 3773 3160 (Rom.

2081 3190 2116 3241 ι,
2145 3176 2257 3242 28).
2304 3173 2478 3230 Vocat
2507 3183 2699 3232 autem
2731 3175 2790 3237 in
2826 3186 3114 3248 quantum
3150 3179 3342 3234 venire
3371 3177 3663 3248 permittit,
3708 3188 3779 3234 ut

2076 3269 2198 3317 est:
2250 3264 2318 3318 Et
2364 3278 2430 3317 ne
2466 3278 2562 3319 nos
2601 3265 2829 3319 inducas
2858 3268 2917 3319 in
2966 3269 3327 3321 tentationem.
3379 3266 3588 3323 Rectus
3634 3280 3777 3322 vero

2076 3349 2207 3406 vitae
2235 3352 2437 3407 modus
2464 3360 2566 3419 est,
2603 3360 2668 3409 ut
2689 3355 2879 3409 carnis
2909 3362 3096 3411 motus
3126 3355 3512 3427 subjiciantur
3539 3355 3773 3424 rationi,

2075 3446 2133 3495 at
2164 3439 2283 3509 ipsa
2310 3440 2452 3496 ratio
2486 3441 2734 3510 primum
2763 3443 3049 3499 subdatur
3084 3445 3210 3499 Deo.

2147 3529 2215 3581 Et
2239 3528 2420 3593 factus
2451 3527 2570 3599 [al.,
2617 3529 2790 3600 juxta
2823 3530 2991 3601 Vulg.
3025 3529 3383 3604 Factumque]
3426 3537 3507 3587 est
3533 3547 3775 3602 vespere,

2072 3619 2123 3668 et
2148 3631 2306 3670 mane
2351 3616 2467 3671 dies
2499 3632 2653 3671 unus.
2702 3617 2853 3680 Quid
2894 3626 2977 3674 est
3021 3635 3237 3690 vespere
3278 3619 3389 3676 nisi
3426 3620 3771 3686 adversitas,

2071 3702 2211 3774 quid
2238 3720 2394 3759 mane
2432 3705 2541 3760 nisi
2594 3706 2989 3776 prosperitas?
3018 3707 3247 3776 Exitus,
3281 3708 3470 3779 inquit
3506 3712 3777 3763 matutini

2071 3794 2128 3846 in
2168 3808 2467 3861 vesperam,
2511 3799 2561 3848 et
2594 3810 2809 3864 vespere
2858 3797 2917 3850 in
2961 3801 3289 3851 matutinum
3319 3798 3606 3851 detectabis
3636 3793 3761 3867 [al.,

2062 3880 2236 3951 juxta
2273 3880 2472 3951 Vulg.,
2521 3882 2728 3935 Exitus
2770 3884 3040 3937 matutine
3090 3888 3141 3936 et
3184 3897 3400 3952 vespere
3445 3883 3765 3957 delectabis]
3864 3868 3865 3887 ἶ

2066 3969 2244 4035 (Psal.
2294 3983 2441 4036 inv,
2483 3971 2574 4039 8);
2620 3968 2677 4025 id
2721 3977 2805 4025 est
2845 3970 3207 4027 delectabiles
3252 3970 3440 4033 facies.
3493 3972 3633 4042 quia
3681 3973 3769 4028 di-
3864 4032 3865 4043 χ

2068 4055 2378 4127 ligentibns
2422 4057 2603 4112 Deum
2652 4056 2899 4128 Spiritus
2930 4058 3125 4113 omnia
3172 4068 3510 4128 cooperatnr
3550 4060 3607 4115 in
3653 4059 3767 4116 bo-

2065 4160 2230 4211 num,
2262 4144 2384 4200 sive
2417 4146 2628 4202 scilicet
2662 4146 2717 4201 in
2753 4145 3027 4214 adversis,
3060 4147 3180 4203 sive
3221 4148 3277 4203 in
3307 4149 3613 4218 prosperis.
3649 4147 3771 4204 Ve-
3864 4212 3865 4217 η

257 4239 341 4296 est
390 4239 512 4294 sine
560 4238 673 4293 Deo
719 4234 1206 4304 irrationabiliter,
1276 4245 1332 4293 et
1394 4236 1705 4293 bestialiter
1734 4239 1954 4294 vixera-
1982 4256 2025 4310 ι)
2063 4247 2223 4303 spere
2251 4233 2428 4304 igitur
2473 4241 2527 4289 et
2559 4247 2727 4289 mane
2775 4234 2836 4290 ﬁt
2867 4234 2986 4290 dies
3030 4248 3201 4302 unus,
3243 4237 3383 4305 quia
3426 4236 3606 4291 sancti
3636 4236 3766 4292 sive

258 4341 411 4395 mus,
447 4327 519 4383 ad
545 4326 698 4382 viam
731 4324 1057 4394 quaerendae
1108 4324 1376 4393 civitatis,
1424 4328 1594 4397 cujus
1637 4325 1843 4381 artifex
1873 4335 1955 4382 est
2063 4322 2230 4379 malis
2256 4330 2610 4393 premantur,
2655 4323 2776 4379 sive
2821 4324 3135 4380 honoribus
3177 4325 3569 4394 cumulentur,
3605 4326 3759 4382 idem

257 4418 408 4474 Deus
450 4415 632 4487 (Hebr.
691 4427 769 4480 ιιι,
828 4413 935 4480 10),
996 4421 1301 4483 postquam
1348 4428 1450 4469 sua
1504 4414 1690 4485 gratia
1734 4413 1954 4471 reducit

256 4505 495 4561 dicens:
526 4504 643 4560 Non
681 4501 888 4556 habetis
937 4498 1059 4572 [al.,
1092 4500 1281 4571 juxta.
1334 4501 1506 4572 Vulg.
1540 4499 1819 4573 habemus]
1865 4502 1951 4556 hic

253 4596 552 4647 manentem
605 4592 898 4652 civitatem,
945 4589 1194 4653 futuram
1246 4591 1508 4658 inquirite
1566 4587 1946 4661 finquirimus]

254 4680 437 4752 (Hebr.
474 4694 596 4747 xm,
632 4678 739 4747 14).
785 4676 856 4731 Ει
883 4674 1103 4746 aliquid
1147 4691 1413 4746 supernae
1450 4677 1769 4734 dulcedinis
1798 4691 1949 4747 pra?-

253 4777 485 4842 gustare
513 4766 664 4835 facit,
697 4763 1037 4821 subtrahere
1084 4765 1224 4821 solet
1271 4766 1470 4836 gratiae
1520 4766 1860 4833 ubertatem,
1892 4772 1948 4822 et

251 4858 492 4925 esurire,
526 4864 579 4913 et
609 4854 768 4911 sitire
820 4850 1074 4908 interiori
1124 4853 1212 4909 siti
1268 4867 1335 4909 ac
1368 4854 1534 4921 fame,
1594 4861 1651 4909 et
1697 4853 1754 4909 in
1780 4852 1947 4909 malis

250 4946 520 5018 permittit
551 4945 856 5009 tabescere,
899 4939 995 4996 sed
1042 4948 1221 4998 totum
1268 4942 1577 4999 eruditioni
1622 4948 1848 5009 nostra,
1881 4949 1947 4998 ut

250 5036 510 5091 ostendat
541 5035 703 5090 nobis
732 5031 886 5103 quod
930 5028 1043 5097 ipse
1065 5032 1178 5087 ait:
1229 5031 1371 5097 Quia
1407 5035 1524 5085 sine
1573 5046 1655 5085 me
1690 5030 1834 5084 nihil
1858 5046 1947 5099 po-

250 5125 401 5177 testis
428 5125 608 5188 facere
632 5121 660 5177 ?
703 5125 876 5192 (Joan.
919 5137 1015 5185 xv,
1044 5119 1119 5191 5.)
1153 5121 1220 5176 Et
1249 5128 1439 5176 tamen
1483 5133 1596 5174 non
1642 5132 1747 5174 nos
1775 5118 1940 5173 dere-

250 5211 517 5281 linquens
566 5223 986 5281 usquequaque
1031 5210 1195 5281 (Psal.
1250 5223 1432 5265 cxviu.
1480 5205 1562 5277 8),
1585 5212 1717 5261 eum
1769 5205 1841 5260 ad
1884 5220 1944 5261 se

248 5296 649 5370 quzerendum,
695 5298 842 5353 sicut
896 5311 1107 5368 sponsa
1156 5297 1213 5350 in
1285 5294 1535 5351 Canticis
1596 5306 1697 5363 per
1751 5300 1943 5348 noctes

246 5386 518 5443 dilectum
565 5398 826 5456 quaerere
874 5385 1087 5442 dicitur
1141 5385 1198 5439 in
1247 5380 1453 5439 lectulo
1507 5381 1687 5449 (Cant.
1735 5396 1816 5447 ιιι,
1869 5383 1939 5450 ί),

246 5476 494 5531 intentos
524 5480 579 5530 et
612 5472 915 5545 vigilantes
948 5471 1173 5539 viderit,
1209 5471 1432 5527 animas
1462 5468 1689 5524 tandem
1742 5467 1941 5523 inanes

2059 4417 2215 4476 sunt,
2272 4418 2325 4468 et
2378 4424 2602 4481 semper
2663 4412 2720 4467 in
2776 4411 2857 4467 eis
2908 4420 3231 4481 perseverat
3279 4412 3427 4468 idem
3486 4412 3767 4484 splendor

2058 4498 2309 4555 divinus.

2128 4589 2312 4644 Potest
2358 4594 2414 4644 et
2460 4587 2624 4644 aliter
2682 4587 2813 4644 dici.
2866 4588 3094 4643 Factum
3132 4594 3211 4645 est
3250 4605 3467 4659 vespere
3510 4595 3564 4645 et
3598 4606 3765 4647 mane

2056 4676 2172 4731 dies
2217 4691 2377 4731 unus.
2416 4677 2735 4746 Vesperum
2775 4677 3057 4733 habemus
3124 4678 3182 4733 in
3245 4679 3530 4748 praesenti,
3591 4678 3756 4749 quia,

2053 4763 2157 4819 etsi
2188 4763 2331 4819 bene
2361 4764 2556 4821 vivere
2601 4765 3023 4831 contendimus,
3074 4764 3221 4821 nihil
3266 4772 3457 4821 tamen
3486 4764 3756 4837 perfectae

2052 4849 2330 4906 claritatis
2372 4850 2692 4907 habemus:
2731 4868 2799 4907 ex
2845 4861 3005 4922 parte
3051 4854 3202 4909 enim
3260 4857 3646 4923 coynoscimus,
3702 4862 3759 4909 et

2052 4943 2296 5009 exparte
2318 4940 2706 5010 prophetamus
2738 4943 2789 5008 (Ι
2826 4942 2955 4996 Cor.
2999 4958 3116 5010 xm,
3150 4944 3244 5010 9);
3294 4943 3352 4997 in
3399 4943 3756 5014 quibusdam

2049 5026 2204 5084 enim
2228 5035 2283 5084 et
2330 5027 2588 5084 humana
2624 5028 2967 5098 ignorantia,
3010 5037 3066 5086 et
3104 5030 3485 5087 tentationum
3533 5030 3753 5088 violen-

2053 5117 2131 5171 tia
2157 5116 2495 5187 caligamus,
2529 5116 2588 5170 in
2621 5117 2917 5187 aliquibus
2941 5133 3076 5174 vero
3094 5126 3147 5175 et
3176 5119 3375 5174 divina
3404 5118 3754 5190 cognitione,

2049 5211 2106 5260 et
2126 5218 2238 5260 usu
2266 5204 2631 5273 experientiae
2670 5206 2835 5277 quasi
2874 5206 3126 5277 quodam
3181 5206 3399 5263 lumine
3455 5204 3755 5264 suffundi-

2049 5306 2203 5348 mur.
2241 5294 2470 5362 Vespere
2496 5308 2632 5365 ergo
2682 5308 2843 5351 nunc
2888 5294 3188 5362 habemus,
3232 5311 3389 5350 mane
3427 5295 3485 5350 in
3524 5294 3749 5365 futuro,

2050 5381 2204 5437 unde
2230 5379 2358 5437 licet
2384 5380 2702 5454 incongrue
2738 5383 2811 5439 ad
2857 5382 3125 5453 litteram,
3159 5383 3231 5440 ad
3280 5397 3516 5440 sensum
3552 5391 3752 5440 tamen

2047 5467 2258 5537 optime
2300 5467 2481 5538 primo
2528 5482 2770 5540 vespere,
2834 5469 3043 5527 dehinc
3090 5486 3253 5526 mane
3302 5472 3554 5541 ponitur,
3606 5473 3752 5541 quia
