3874 6048
26 288 64 337 il
1030 272 1055 282 ’”
1217 271 1591 342 nonanus!
1626 288 1695 343 IN
1737 288 2034 344 casnsm
2078 288 2205 343 LIB.
2250 292 2297 343 ι.
3443 293 3512 346 42

20 429 103 485 per
138 414 483 471 exercitium
538 416 811 486 corporis,
865 416 1022 487 quod
1066 417 1439 489 corruptibile
1490 432 1694 491 aggra-
1732 423 1777 475 A
1817 427 1978 475 nesta
2029 420 2345 490 gerendum
2396 420 2814 489 subministrat,
2856 428 2911 477 et
2956 421 3013 476 in
3063 429 3256 479 nostra
3301 423 3512 481 faciens

19 510 97 558 vat
135 503 396 560 animam
440 505 600 575 (Sap.
643 521 726 572 ix,
782 506 886 576 15),
940 507 1310 576 pervenimus
1357 508 1429 563 ad
1464 511 1703 564 matuti—

19 604 132 646 uam
163 608 437 663 superna
478 594 866 665 intelligentia
894 595 1235 652 claritatem.
1269 597 1492 652 Dicitur
1539 610 1701 652 nam-

19 696 114 750 que
143 682 259 737 Deo
292 697 307 736 :
341 683 472 737 Dies
502 698 668 753 super
695 683 812 738 dies
839 683 985 752 regis
1013 685 1280 754 adﬁcies?
1308 687 1475 754 (Psal.
1508 702 1589 747 ιι,
1621 689 1702 753 7.)

20 772 129 824 Dies
176 770 350 827 modo
409 772 573 828 nobis
623 771 683 827 in
715 772 893 842 hujus
922 773 1118 829 saculi
1176 787 1407 844 vespere
1452 782 1609 838 sunt,
1646 775 1703 829 in

19 859 217 928 quibus
254 862 371 914 Deo
416 859 722 927 servimus,
756 860 853 915 sed
891 861 981 917 his
1008 861 1542 932 superadjiciuntur
1583 863 1698 930 alii,

19 948 218 1018 quibus
266 948 394 1019 jatn
442 948 811 1005 indefectibili
861 949 986 1005 luce
1036 949 1295 1005 innovati
1349 950 1456 1021 ipsi
1511 959 1703 1007 nostro

20 1037 121 1104 regi
150 1036 269 1092 Deo
330 1036 700 1105 famulemur,
750 1045 805 1094 et
841 1038 899 1093 bi
946 1045 1137 1095 tamen
1187 1054 1329 1095 unus
1383 1040 1498 1095 dies
1546 1050 1699 1106 sunt,

19 1124 141 1193 quia
186 1139 382 1181 unum
427 1125 727 1195 efﬁciunt,
758 1126 862 1182 uni
893 1126 1155 1184 videlicet
1199 1128 1540 1199 obsequium
1591 1130 1703 1186 Deo

19 1213 274 1269 reddunt.

74 1301 261 1359 Potest
309 1316 510 1359 rursus
561 1301 712 1359 idem
766 1303 881 1358 dies
910 1318 1051 1358 unus
1095 1303 1267 1359 timor
1297 1304 1557 1377 intelligi,
1602 1305 1701 1375 qui

20 1390 254 1459 quidem,
294 1398 360 1447 ut
388 1404 566 1462 supra
612 1391 886 1458 diximus,
923 1391 1149 1448 initium
1188 1393 1480 1463 sapientia
1512 1396 1700 1461 (Eccli.

23 1496 53 1545 ι,
80 1478 161 1547 16)
217 1494 359 1536 cum
394 1480 485 1546 sit,
529 1487 585 1535 et
613 1494 684 1536 ex
715 1494 908 1536 amore
954 1488 1189 1548 constet,
1250 1482 1304 1536 in
1337 1482 1594 1538 adversis
1638 1496 1706 1539 ac

23 1570 297 1638 prosperis
344 1569 490 1625 idem
523 1584 625 1625 nos
672 1584 896 1640 semper
923 1569 1193 1637 illustrat,
1241 1579 1296 1627 et
1326 1571 1549 1641 primus
1588 1586 1704 1642 quo

23 1657 77 1710 ul
113 1657 463 1727 sapientiam
494 1657 866 1727 perveniatur
906 1658 1124 1730 gradus
1164 1672 1286 1715 esse
1323 1660 1701 1730 dignoscitur.

26 1747 146 1799 [Tuus
174 1754 377 1802 autem
413 1746 554 1802 idem
585 1746 797 1803 dicitur
827 1748 966 1818 quia
996 1749 1219 1818 primus
1245 1754 1347 1804 est.

77 1834 239 1889 Vsus.
284 1837 340 1888 6.
389 1865 458 1873 —
486 1837 641 1889 Dixit
688 1851 898 1906 quoque
928 1839 1067 1891 Deus
1101 1853 1113 1890 :
1146 1838 1267 1891 Fiat
1306 1838 1705 1904 ﬁrmamentum

22 1925 65 1975 in
100 1923 277 1977 medio
308 1938 596 1991 aquarum,
628 1928 679 1978 et
722 1923 940 1978 dividat
982 1939 1157 1992 aquas
1189 1924 1259 1981 ab
1303 1927 1483 1993 aquis.
1520 1924 1705 1994 Aqua

23 2010 299 2066 multoties
356 2011 413 2065 in
463 2010 640 2067 sacris
682 2011 883 2067 litteris
929 2012 1195 2067 scientias
1244 2012 1594 2083 signiﬁcant,
1641 2019 1703 2069 ut

20 2108 80 2154 est
112 2116 123 2153 :
154 2101 447 2162 Sitientes,
490 2102 662 2154 venite
709 2100 785 2154 ad
812 2116 986 2169 aquas
1036 2100 1197 2172 (Isai.
1233 2118 1322 2164 LV,
1356 2102 1445 2172 i);
1498 2103 1603 2157 hoc
1645 2100 1701 2156 in

26 2188 177 2258 bono;
234 2195 298 2244 et
341 2191 565 2258 :Aqua
612 2190 837 2255 furtiva
889 2189 1154 2244 dulciores
1211 2195 1341 2245 sunt
1394 2190 1572 2260 (Prov.
1628 2205 1701 2255 ix,

29 2278 127 2346 17);
197 2276 316 2331 hoc
350 2275 410 2331 in
456 2275 626 2332 malo.
694 2276 991 2332 Geminam
1022 2278 1177 2333 enim
1241 2291 1361 2333 esse
1408 2277 1701 2333 scientiam

26 2364 134 2419 satis
188 2365 399 2435 liquet,
442 2364 679 2420 alteram
726 2364 1003 2433 divinam,
1056 2364 1391 2421 sacularem
1440 2365 1699 2422 alteram.

29 2452 356 2508 Sacularem
385 2452 618 2522 quidem
662 2452 862 2508 deﬁnit
908 2453 1202 2523 apostolus
1228 2454 1478 2510 Iacobus
1520 2461 1701 2510 terre-

26 2554 133 2595 nam
164 2540 321 2611 (Jac.
357 2556 437 2608 ni,
474 2542 579 2609 15),
614 2540 670 2596 id
714 2548 799 2597 est
824 2542 1067 2597 terrenis
1096 2542 1431 2610 inhiantem,
1473 2541 1702 2597 anima-

26 2627 131 2694 lem,
160 2629 214 2683 id
248 2634 342 2684 est
387 2642 455 2684 ea
500 2631 639 2697 sola,
676 2644 806 2701 qua
855 2629 1026 2686 bruta
1057 2631 1330 2687 animalia
1386 2638 1477 2686 14
1527 2644 1701 2701 appe-

23 2724 147 2784 tunt,
206 2717 637 2787 exquirentem.
705 2718 1053 2775 Diabolicam
1110 2719 1296 2788 (Ibid)
1348 2733 1485 2775 vero
1549 2719 1701 2781 dicit,

24 2807 140 2874 quia
184 2806 260 2861 ad
295 2805 405 2861 hoc
459 2805 642 2861 solum
674 2814 864 2875 vacat,
900 2807 1006 2863 hoc
1042 2806 1428 2877 triumphum,
1479 2806 1702 2877 hocque

24 2894 237 2963 gloriam
273 2894 537 2963 deputat,
569 2901 635 2950 ut
662 2894 803 2951 alios
828 2895 1087 2966 decipere
1114 2896 1322 2964 valeat,
1352 2910 1424 2951 ex
1455 2896 1701 2952 aliorum

24 2982 225 3039 damnis
268 2996 385 3039 sua
440 2982 602 3039 lucra
651 2982 896 3052 efﬁciat,
947 2998 1021 3040 ex
1061 2997 1382 3055 pauperum
1432 2984 1701 3054 lacrymis

23 3084 134 3139 opes
177 3079 481 3143 congerat,
515 3071 585 3127 ad
629 3070 905 3128 ultionem
947 3071 1036 3128 sui
1066 3079 1232 3128 caute
1283 3072 1445 3128 alteri
1478 3071 1696 3129 malum

25 3157 220 3230 inﬁigat
243 3200 259 3227 ,
295 3165 377 3227 et,
423 3158 577 3229 quod
621 3160 786 3230 pejus
821 3166 939 3229 est,
988 3160 1166 3231 gratis
1196 3159 1348 3215 mala
1378 3166 1693 3237 perpetrat,

26 3254 142 3303 etse
189 3247 475 3304 audacter
528 3256 854 3318 perpetrare
902 3249 1171 3305 exsultat.
1238 3250 1370 3304 Hac
1406 3247 1697 3318 sapientia

24 3338 224 3391 nomine
254 3336 318 3392 in
366 3334 676 3405 Scripturis
704 3336 869 3392 valde
898 3336 1134 3392 abusive
1172 3336 1516 3413 appellatur,
1549 3335 1699 3391 sicut

28 3420 115 3491 lex,
146 3426 295 3480 sicut
330 3422 639 3493 judicium,
671 3438 802 3494 qua
831 3438 964 3480 cum
1008 3423 1157 3480 bona
1186 3438 1408 3494 semper
1439 3438 1560 3480 esse
1608 3423 1699 3479 de-

27 3509 187 3578 beant,
218 3511 541 3582 aliquando
566 3518 755 3567 tamen
786 3511 1061 3567 dicuntur
1088 3512 1181 3568 lex
1210 3512 1382 3579 mala,
1409 3510 1696 3582 judicium

26 3606 266 3661 pravum.
346 3596 633 3664 Sapientia
692 3599 871 3649 autem
919 3611 1039 3664 qua
1091 3596 1376 3651 desursum
1436 3600 1515 3650 est
1553 3594 1694 3666 (Jac.

26 3698 81 3741 ιη,
131 3685 235 3754 t7),
266 3683 479 3755 primo,
515 3690 580 3740 ut
626 3683 776 3739 idem
814 3684 913 3751 ait,
943 3685 1149 3754 pudica
1184 3690 1264 3739 est
1312 3682 1523 3755 (Ibid),
1558 3682 1698 3753 quia

23 3783 79 3825 ex
115 3786 219 3829 sua
264 3771 702 3842 pulchritudine
749 3772 897 3827 nulli
932 3781 1139 3842 prater
1170 3774 1283 3829 Deo
1322 3772 1425 3828 soli
1476 3771 1697 3841 placere

21 3871 189 3916 amore
221 3860 550 3916 adulterino
578 3859 880 3927 desiderat,
926 3860 1020 3917 cui
1067 3861 1207 3917 vitio
1244 3868 1361 3917 tota
1398 3860 1693 3929 sapientia,

24 3947 113 4002 imo
143 3958 207 4005 ut
238 3950 453 4005 rectius
476 3949 755 4019 appellem
782 3949 1016 4015 astutia,
1038 3948 1129 4005 vel
1157 3948 1413 4005 versutia
1441 3948 1697 4005 humana

21 4035 355 4091 commilitat.
405 4036 608 4090 Deinde
644 4037 878 4105 paciﬁca
904 4035 1116 4105 (Ibid),
1156 4035 1297 4106 quia
1341 4049 1456 4091 non
1486 4034 1696 4091 verbo~

25 4135 131 4179 rum
179 4124 450 4193 strepitui
502 4123 592 4180 vel
617 4123 818 4180 litibus
868 4123 1082 4195 instat;
1137 4124 1255 4189 sed,
1292 4138 1350 4200 se
1383 4122 1697 4194 tranquille

25 4223 220 4281 regens,
280 4212 532 4268 aliorum
588 4211 695 4269 sibi
763 4213 1036 4269 benevole
1091 4212 1263 4269 corda
1314 4213 1693 4283 conglutinet.

1816 508 2144 564 inﬁrmitate
2189 508 2478 577 virtutem,
2538 508 2821 580 quidquid
2866 510 2923 564 in
2972 509 3137 565 nobis
3194 511 3398 582 fragile
3445 526 3512 567 ac

1814 604 1978 651 vetus
2006 603 2109 663 est,
2146 596 2348 652 solidat
2370 605 2424 652 et
2445 597 2765 653 conﬁrmat.
2804 596 2969 664 Huic,
2997 598 3256 667 inquam,
3281 613 3512 655 annexa

1813 699 1974 740 mens
2020 692 2216 740 nostra
2261 693 2490 755 sumpto
2520 699 2592 741 ex
2639 699 2707 740 ea
2735 685 2902 755 adipe
2949 685 3224 755 interiori,
3275 694 3329 742 et
3361 697 3513 744 exte-

1812 773 1949 828 riori
1998 773 2348 844 pinguedine
2397 774 2453 830 ﬁt
2500 774 2665 829 ratio.
2716 774 2878 829 Ratio
2922 782 3112 830 autem
3151 775 3223 830 ab
3256 790 3321 831 eo
3354 778 3510 847 quod

1810 872 1894 921 est
1924 872 2134 931 ratum,
2171 865 2224 919 id
2246 868 2350 932 est,
2384 864 2614 921 ﬁrmum
2634 865 2864 933 dicitur,
2888 867 3028 936 quia
3059 866 3138 921 nil
3165 880 3232 921 co
3263 865 3507 935 ﬁrmius,

1812 952 1967 1023 quod
2016 968 2146 1009 cum
2198 955 2418 1009 ratione
2461 953 2542 1009 ﬁt.
2579 954 2742 1010 Ratio
2789 968 2944 1021 vero,
2990 954 3099 1009 nisi
3131 968 3396 1025 superna
3428 957 3511 1012 illi

1812 1040 2106 1110 sapientia
2138 1042 2359 1109 innixa,
2410 1049 2525 1098 tota
2560 1042 2897 1113 versipellis,
2938 1043 3112 1098 noxia
3139 1057 3205 1100 ac
3238 1058 3509 1114 perversa

1810 1136 1914 1196 est,
1962 1143 2068 1186 nec
2118 1130 2288 1186 etiam
2337 1130 2480 1187 ratio
2511 1131 2623 1187 dici
2676 1139 2876 1201 potest.
2938 1133 3365 1187 Firmamentum
3408 1134 3511 1189 ita-

1813 1232 1926 1287 que
1971 1218 2052 1285 ﬁt,
2084 1220 2308 1289 quoties
2358 1218 2570 1275 divina
2602 1220 2920 1289 prudentia
2962 1234 3020 1275 se
3050 1221 3335 1292 adjungii,
3371 1221 3509 1291 quia

1811 1320 1884 1362 ex
1944 1306 2068 1377 ipsa
2099 1308 2248 1363 vires
2305 1307 2502 1376 sumit,
2552 1307 2770 1378 quibus
2823 1308 3145 1377 superiores
3201 1323 3385 1379 aquas
3431 1310 3505 1365 si-

1815 1394 2004 1451 tiendo
2053 1395 2350 1463 sustineat,
2399 1402 2454 1451 et
2489 1396 2786 1452 inferiores
2833 1396 2943 1451 sub
2974 1395 3225 1452 dominio
3271 1398 3509 1453 rationis

1811 1484 2079 1554 deponat.
2133 1483 2408 1554 Superius
2438 1498 2691 1554 namque
2738 1484 3054 1554 spiritualis
3098 1485 3346 1541 scientia
3378 1501 3508 1556 my-

1812 1572 1986 1628 steria
2025 1587 2139 1627 non
2171 1581 2285 1628 tam
2322 1573 2594 1640 localiter,
2647 1586 2844 1643 quam,
2875 1581 2939 1629 ut
2970 1572 3051 1628 sic
3098 1574 3306 1641 dicam,
3341 1588 3508 1629 men-

1813 1660 2004 1716 taliter
2062 1660 2361 1728 habemus,
2404 1662 2473 1716 ad
2525 1675 2655 1731 qua
2719 1661 2986 1730 bibenda,
3051 1661 3166 1718 imo
3226 1662 3358 1717 totis
3403 1677 3508 1719 su-

1739 1719 1779 1775 B
1817 1748 2002 1818 genda
2031 1749 2325 1804 desideriis
2372 1719 2594 1806 inhiare
2643 1750 2934 1815 debemus,
2969 1719 3101 1821 qua
3152 1750 3360 1807 calesti
3406 1765 3509 1807 nos

1813 1836 2168 1893 institutione
2227 1837 2557 1905 informent,
2607 1852 2795 1894 mores
2859 1838 3159 1907 adiﬁcent,
3227 1838 3369 1895 vitia
3414 1853 3508 1894 se-

1812 1923 1966 1992 dent,
2013 1933 2266 1996 augeant
2324 1928 2614 1995 exercitia,
2678 1926 2920 1983 fastidiis
2972 1926 3216 1993 obstent,
3264 1926 3509 1981 invitent

1812 2013 2079 2082 pramiis,
2148 2014 2431 2085 supplicia
2496 2022 2829 2086 suggerant,
2891 2022 2946 2071 et
3011 2014 3508 2085 contemplationis

1813 2101 2077 2158 acumine
2135 2102 2195 2158 in
2260 2104 2447 2159 omnis
2512 2104 2771 2159 veritatis
2833 2103 3081 2159 educant
3120 2103 3502 2159 altitudinem.

1813 2188 2107 2259 Superius,
2160 2190 2421 2262 inquam,
2471 2206 2586 2247 non
2616 2204 2717 2261 per
2745 2190 3107 2259 localitatem,
3156 2190 3253 2246 sed
3284 2205 3384 2260 per
3412 2190 3505 2246 di-

1813 2279 2110 2349 gnitatem.
2160 2279 2320 2335 Unde
2365 2279 2722 2349 Apostolus:
2756 2279 2883 2344 Qua
2923 2293 3139 2333 sursum
3188 2284 3317 2333 sunt
3363 2294 3506 2348 qua:-

1810 2369 1915 2421 rite
1963 2371 2017 2421 et
2063 2369 2240 2437 sap-ite
2307 2368 2528 2436 (Coloss.
2575 2383 2658 2433 ni,
2715 2370 2785 2434 l).
2840 2365 3332 2423 Subterhabemus
3372 2366 3503 2423 vita

1811 2454 2104 2511 saecularis
2163 2455 2435 2513 astutiam
2482 2470 2613 2526 qua
2676 2456 2826 2511 bona
2879 2454 3131 2525 corporis
3175 2455 3503 2525 exquirere,

1810 2544 2017 2600 anima
2049 2544 2361 2622 negligere,
2396 2544 2627 2600 fraudes
2651 2543 2969 2616 jurgiaque
2997 2556 3215 2609 amara,
3250 2550 3305 2598 et
3331 2541 3503 2612 quid-

1812 2632 1953 2702 quid
2000 2632 2172 2689 saluti
2206 2631 2558 2689 contrarium
2590 2640 2674 2688 est
2718 2638 2979 2701 appetere
3022 2630 3294 2701 pradicat
3326 2643 3393 2685 ac
3423 2637 3505 2685 te-

1812 2734 1963 2776 nere.
2013 2722 2230 2777 Horum
2279 2721 2463 2777 duum
2510 2720 2696 2776 media
2744 2718 2889 2775 ratio
2934 2719 3139 2784 currit,
3186 2731 3317 2789 qua
3347 2731 3381 2772 a
3411 2731 3506 2773 su-

1812 2807 2020 2877 periori
2062 2815 2284 2864 armata
2325 2814 2528 2863 contra
2562 2806 2804 2863 inferius
2835 2812 2951 2862 tam
2983 2805 3224 2861 fideliter
3267 2804 3317 2861 ei
3349 2804 3506 2876 quod

1810 2897 1917 2952 sibi
1959 2905 2181 2967 praest.
2230 2904 2285 2954 et
2327 2911 2361 2953 a
2390 2911 2504 2967 quo
2548 2895 2953 2953 sufﬁcientiam
3016 2893 3349 2950 constantia
3410 2907 3504 2949 ac-

1809 2982 1963 3054 cipit,
2013 2984 2305 3040 adharere
2368 2984 2675 3052 contendit,
2729 2991 3017 3054 quantum
3067 2981 3176 3038 sub
3207 2980 3298 3037 sui
3353 2980 3506 3052 juris

1807 3071 2047 3128 arbitrio
2111 3070 2560 3138 animalitatem,
2628 3070 2686 3126 id
2757 3077 2841 3126 est
2913 3084 3122 3140 corpus
3181 3083 3391 3138 suum,
3446 3076 3503 3124 et
3577 3076 3583 3081 ‘

1807 3172 1875 3214 ea
1935 3173 2068 3230 qua
2111 3158 2408 3228 prudentia
2469 3159 2671 3227 carnis,
2724 3170 2856 3228 qua
2920 3156 2992 3212 ab
3042 3156 3309 3226 Apostolo
3358 3168 3502 3210 mors

1806 3245 1993 3315 (Rom.
2047 3262 2163 3314 vin,
2216 3248 2270 3314 6)
2318 3244 2548 3313 dicitur,
2584 3258 2615 3299 a
2654 3257 2712 3300 se
2764 3242 2966 3314 exigit,
3015 3243 3223 3300 habere
3270 3241 3503 3299 subdita

1807 3334 1984 3404 cupit.

1878 3425 1983 3479 Per
2013 3423 2120 3478 hoc
2169 3421 2364 3493 itaque
2405 3419 2804 3489 ﬁrmamentum
2840 3434 3007 3492 aqua
3050 3420 3498 3491 supercalestes,

1807 3509 1859 3566 id
1893 3517 1997 3578 est,
2028 3517 2092 3566 ut
2123 3511 2203 3565 ita
2249 3509 2455 3577 dicam,
2489 3508 2970 3579 superrationales
2991 3515 3046 3564 et
3076 3508 3392 3576 inferiores,
3428 3508 3502 3565 ad

1805 3597 2006 3653 inﬁma
2056 3597 2319 3654 videlicet
2366 3611 2470 3652 nos
2517 3597 2883 3652 devolventes
2934 3595 3297 3662 dividuntur,
3362 3596 3505 3666 quia

1805 3700 1877 3742 ex
1926 3686 2026 3742 Dei
2058 3699 2251 3741 amore
2286 3685 2577 3741 ﬁrmatum
2626 3692 2835 3740 nostra
2865 3682 3070 3739 mentis
3098 3681 3416 3753 ingenium,
3448 3687 3505 3736 et

1805 3788 2054 3844 superno
2084 3773 2395 3830 intellectui
2427 3787 2486 3829 se
2532 3771 2890 3843 subjiciendo
2918 3771 3150 3841 aspirat,
3202 3776 3267 3826 ut
3318 3769 3497 3837 decet,

1803 3871 1859 3919 et
1901 3862 2155 3933 indignis
2183 3860 2481 3917 affectibus
2511 3875 2570 3917 se
2601 3860 2850 3930 prafert,
2879 3867 2944 3917 ut
2973 3859 3269 3915 dominum
3303 3866 3499 3914 aucto-

1804 3952 1971 4008 ritate
2013 3965 2132 4022 qua
2159 3950 2339 4007 debet.
2385 3949 2538 4005 Talis
2579 3949 2707 4020 ejus
2754 3962 2874 4005 esse
2901 3948 3066 4004 debet
3113 3947 3279 4018 vigor
3328 3955 3503 4017 atque

1806 4039 2124 4110 integritas,
2172 4046 2234 4095 ut
2263 4037 2551 4109 quidquid
2596 4038 2667 4094 ad
2697 4037 2955 4093 divinam
2997 4035 3335 4106 sapientiam
3368 4036 3501 4091 atti-

1806 4134 1900 4184 net
1948 4128 2006 4183 in
2040 4128 2231 4195 verbo,
2275 4134 2376 4183 aut
2405 4140 2576 4197 opere
2607 4140 2709 4197 pro
2738 4125 2902 4182 nulla
2931 4138 3028 4195 spe
3057 4122 3342 4179 commodi
3390 4122 3502 4179 ali-

1805 4216 1974 4287 cujus
2003 4215 2331 4285 temporalis
2368 4215 2442 4271 ab
2470 4229 2535 4270 eo
2584 4214 2703 4281 ﬁat,
2733 4222 2788 4271 et
2818 4214 2866 4269 si
2899 4211 3140 4283 aliquid,
3190 4212 3361 4267 etiam
3398 4225 3501 4281 pro

19 4301 241 4357 Modesta
274 4300 474 4371 (Ibid)
518 4308 603 4357 est
647 4301 841 4369 etiam,
900 4316 1032 4372 qua
1064 4301 1209 4369 nihil
1240 4315 1343 4356 nos
1391 4300 1693 4356 indiscrete
1724 4316 1767 4369 ι)
1806 4304 2059 4371 corporis
2099 4302 2219 4358 sola
2249 4301 2602 4368 necessitate,
2650 4308 2753 4357 aut
2779 4301 2953 4357 etiam
2978 4315 3094 4356 non
3143 4300 3497 4365 necessitate,

20 4387 180 4445 facere
235 4390 409 4445 sinat.
464 4390 769 4445 Suadibilis
814 4390 1012 4460 (Ibid)
1063 4404 1298 4461 quoque
1342 4389 1574 4457 dicitur,
1633 4396 1696 4443 ut

20 4476 442 4533 obstinationem
484 4477 713 4547 penitus
756 4477 957 4548 fugiat,
1015 4486 1072 4534 et
1118 4479 1281 4534 facile
1335 4477 1543 4535 rationi
1588 4477 1695 4533 ob-

20 4570 324 4634 temperans
379 4566 542 4622 nulla
602 4565 889 4622 credenda
954 4567 1260 4633 discredat,
1325 4579 1457 4637 qua
1522 4573 1695 4621 tanta

24 4655 266 4720 patentia
309 4662 417 4723 est,
453 4662 515 4712 ut
543 4654 764 4725 absque
792 4669 861 4710 ea
902 4669 1070 4712 nemo
1103 4655 1424 4726 quidquam
1464 4653 1696 4710 virtutis

22 4740 222 4798 dliciat.

78 4831 309 4902 Duobus
357 4839 549 4887 autem
599 4832 782 4888 modis
819 4831 1135 4902 accipimus
1176 4829 1536 4901 sapientiam.
1589 4826 1696 4883 Sa-

19 4899 272 4985 pieniiii‘m
317 4920 416 4975 Dei
467 4920 713 4977 dicimus
769 4899 1060 4978 Christum
1111 4921 1165 4990 (1
1191 4899 1311 4976 Cor.
1362 4936 1398 4986 ι,
1429 4918 1547 4985 24),
1592 4916 1695 4987 qui

19 5020 107 5074 per
130 5008 442 5077 quemdam
495 5009 572 5064 ait
618 5009 932 5079 sapientem
973 5023 985 5064 :
1020 5010 1142 5077 Ego
1192 5023 1262 5063 ea:
1306 5022 1396 5062 ore
1442 5007 1699 5060 altissimi

19 5095 215 5160 prodeat"
266 5097 457 5163 (Eccli.
508 5113 656 5163 xxiv,
701 5099 778 5168 5).
820 5097 1168 5167 Sapientiam
1215 5096 1387 5151 etiam
1438 5094 1697 5149 rationa-

26 5179 274 5239 bilitatem
325 5198 395 5239 ac
426 5183 970 5241 intellectualitatem
1022 5199 1055 5240 a
1103 5185 1218 5240 Deo
1267 5183 1324 5238 in
1374 5180 1594 5253 angelis
1642 5187 1697 5236 et

32 5267 332 5328 hominibus
391 5281 662 5340 creatam,
718 5287 850 5343 qua
901 5273 1083 5329 dicit:
1118 5272 1207 5326 Ab
1253 5274 1415 5327 initio
1459 5274 1511 5325 et
1574 5274 1698 5323 ante

36 5362 195 5414 mila
240 5365 434 5416 creata
473 5375 594 5416 sum
622 5362 807 5429 (Ibid,
856 5362 963 5432 t4).
1014 5361 1174 5417 Hanc
1203 5360 1262 5416 in
1303 5359 1468 5417 nobis
1500 5357 1596 5413 illa
1623 5370 1696 5413 ex

41 5448 220 5505 ατεῦεί
264 5448 533 5520 prodiens
577 5449 859 5520 sapientia
888 5456 1064 5518 creat,
1095 5463 1226 5520 qua
1257 5456 1452 5505 nostro
1481 5445 1695 5517 adjun-

44 5540 109 5585 cta
135 5538 320 5594 animo
350 5537 505 5595 vires
535 5537 611 5593 ad
640 5538 937 5596 veritatem
981 5536 1460 5609 cognoscendum,
1509 5541 1564 5590 et
1594 5534 1696 5591 ho-

360 5628 646 5694 Parnon.
698 5627 901 5695 CLVI.

1802 4390 1899 4445 sed
1946 4404 2125 4460 prava
2185 4389 2481 4447 voluntate
2549 4388 2630 4457 ﬁt,
2680 4388 2735 4445 id
2775 4389 3049 4459 seinepte
3113 4402 3180 4445 ac
3222 4387 3503 4444 fallaciter

1805 4490 1906 4546 pro
1944 4476 2124 4532 divini
2157 4476 2420 4548 obsequii
2458 4476 2648 4532 studio
2709 4476 2894 4533 facere
2952 4490 3141 4533 cacus
3184 4475 3273 4532 sui
3322 4475 3502 4545 ipsius

1803 4562 2017 4619 arbiter
2042 4577 2158 4619 non
2187 4564 2400 4619 credat.
2436 4563 2523 4619 Ita
2551 4563 2688 4618 mihi
2715 4563 2861 4619 inter
2882 4576 3066 4632 aquas
3093 4564 3500 4631 ﬁrmamentum

1802 4652 2109 4708 consistere
2172 4652 2377 4708 debere
2416 4666 2484 4707 ac
2531 4665 2694 4721 posse
2740 4650 3005 4720 videtur;
3055 4650 3151 4706 sed
3219 4650 3368 4705 idem
3411 4652 3501 4717 ﬁr-

1802 4744 2129 4794 mamentum
2157 4752 2191 4794 a
2220 4740 2335 4795 Deo
2383 4745 2625 4794 vocatur
2671 4736 2901 4804 calum,
2953 4736 3017 4791 In
3058 4734 3198 4792 calo
3231 4733 3499 4804 mysteria

1805 4827 1988 4884 multa
2024 4826 2399 4896 clauduntur,
2430 4825 2585 4897 quod
2630 4825 2805 4883 menti
2833 4840 2948 4881 non
2983 4823 3265 4880 immerito
3292 4829 3500 4877 nostra

1805 4912 2175 4982 assimilatur,
2220 4913 2321 4970 ubi
2383 4912 2673 4985 quidquid
2732 4912 2939 4968 anima
3001 4909 3193 4973 saluti,
3249 4909 3500 4966 remedio

1803 5008 1979 5072 atque
2033 5000 2409 5057 consolationi
2476 5008 2677 5070 aptum
2738 5006 2842 5067 est,
2893 4997 3055 5068 quasi
3101 4995 3161 5051 in
3222 4995 3497 5052 thesauro

1805 5105 1992 5161 usque
2037 5091 2109 5145 ad
2172 5098 2396 5159 tempus
2461 5097 2874 5158 opportunum,
2933 5098 3049 5155 quo
3109 5097 3200 5139 res
3239 5082 3500 5140 exhiberi

1804 5178 1945 5234 illud
1970 5178 2183 5247 exigat,
2216 5176 2555 5242 custoditur,
2590 5175 2745 5245 quod
2783 5172 3007 5244 plenius
3038 5170 3497 5243 supradiximus,

1802 5280 1933 5323 cum
1966 5267 2035 5323 de
2062 5265 2201 5322 coelo
2228 5280 2295 5321 ac
2325 5272 2477 5321 terra
2502 5277 2825 5336 ageremus.

1874 5356 2041 5412 Veiis.
2075 5357 2126 5410 8.
2156 5383 2230 5396 —
2274 5353 2506 5408 Factum
2549 5356 2627 5405 est
2654 5364 2791 5421 ergo
2823 5363 3057 5418 vespere,
3099 5352 3150 5402 et
3178 5364 3336 5405 mane
3383 5352 3499 5408 dies

1803 5443 2090 5500 secundus.
2131 5441 2451 5499 Primordia
2499 5445 2697 5496 nostra
2727 5436 3047 5495 secundum
3086 5435 3318 5494 beatum
3360 5438 3501 5495 Gre-

1806 5531 2030 5603 gorium
2082 5530 2251 5587 mista
2301 5535 2438 5586 sunt
2487 5525 2683 5595 malis;
2729 5532 2783 5581 et
2821 5523 2951 5581 licet
3000 5537 3168 5581 mane
3208 5539 3314 5580 nos
3361 5525 3501 5581 illu—

3149 5622 3186 5677 2
