3874 6048
318 197 386 252 43
1221 189 1279 245 ν.
1317 187 1652 246 GUIBERTI
1696 183 1988 240 ABBATIS
2040 182 2095 238 S.
2141 180 2375 236 MABl/E
2411 181 2506 238 DE
2547 183 2934 242 NOVIGENTO
3790 199 3849 252 ,ιι

324 332 499 390 minet
530 329 638 400 piae
665 341 805 400 erga
847 328 1028 384 Deum
1074 323 1413 392 devotionis,
1449 322 1789 380 creberrime
1825 329 2014 376 tamen
2044 321 2091 374 Α
2130 319 2295 375 modo
2323 317 2532 383 videat,
2567 319 2619 374 id
2659 326 2744 376 est
2772 320 2955 377 videri
2995 321 3165 380 faciat
3196 324 3348 383 Deus
3393 328 3632 398 bonum,
3668 347 3850 403 quor

327 419 566 476 involvit
608 417 929 474 obscuritas
975 414 1246 485 pristinas.
1286 412 1398 468 imo
1437 412 1738 476 naturalis,
1784 424 2018 466 consue-
2123 407 2294 463 vitari
2334 414 2388 462 et
2453 407 2605 464 credi
2659 423 2694 463 a
2749 409 2913 465 nobis
2944 411 3067 467 vult
3132 413 3516 484 deceptorium
3570 419 3834 474 malum

325 509 560 564 tudinis.
616 505 1044 563 Obtenehrascit
1089 502 1320 558 animus
1355 517 1429 558 ex
1462 501 1598 556 vitio
1637 508 1874 556 terrena:
1905 512 2018 552 mo-
2125 496 2431 567 Apostolus
2457 498 2666 554 clamat
2699 513 2712 552 :
2749 501 2914 553 Miser
2941 517 3068 572 ergo
3099 503 3272 569 homo,
3303 507 3428 573 quis
3457 522 3540 560 me
3569 508 3850 562 liber-abi

327 599 414 664 Iis,
447 613 517 654 ne
578 594 984 666 superbiamus
1027 606 1100 648 ex
1141 589 1346 661 gratia,
1394 590 1508 646 Deo
1538 587 1594 643 id
1654 587 2019 656 dispensante
2126 583 2191 636 de
2219 598 2438 652 corpore
2484 589 2671 640 mortis
2705 587 2911 655 hujus?
2959 591 3131 656 (Rom.
3181 606 3275 656 vit,
3326 594 3414 662 24)
3469 601 3520 650 et
3552 610 3660 650 nos
3715 607 3849 651 ter-

328 701 429 758 pro
477 684 661 746 nobis,
722 681 815 737 sed
866 693 1068 736 rursus
1114 677 1428 733 irradiatur
1483 676 1685 731 ardore
1733 686 2019 742 compun-
2127 672 2310 728 tiones
2357 687 2506 743 quas
2545 673 2800 740 ferimus,
2853 690 3064 747 pugna
3107 679 3298 736 carnis
3329 679 3383 736 in
3435 682 3739 752 spiritum,
3810 696 3850 737 e

327 772 548 839 ctionis,
599 785 668 826 ne
698 769 913 826 deﬂuat
963 768 1019 822 in
1067 766 1408 822 barathrum
1460 761 1872 834 desperationis
1919 765 2022 814 aut
2128 760 2363 831 spiritus
2411 761 2468 817 in
2498 776 2728 818 carnem
2784 763 2927 833 (Gal.
2959 781 3011 832 v,
3067 769 3146 835 l7)
3178 767 3392 825 bonum
3440 779 3849 840 putaremus‘

328 859 603 916 criminis.
647 859 872 928 Sicque,
918 857 1056 912 dum
1088 854 1413 910 alternatim
1453 851 1808 908 ascendendo
1837 863 2022 920 usque
2129 851 2200 906 Et
2244 850 2290 905 si
2344 851 2491 906 bona
2557 859 2857 923 utcunque
2923 854 3171 925 agimus,
3209 856 3348 926 quia
3413 857 3470 913 in
3533 859 3755 928 ﬂuctu,
3816 874 3850 914 e

328 950 398 1005 ad
449 949 618 1005 caelos
663 955 717 1003 et
751 946 1138 1002 descendendo
1188 957 1372 1014 usque
1419 943 1491 998 ad
1539 942 1794 1011 abyssos,
1843 951 2023 993 manu

331 1049 582 1106 superna
614 1036 930 1106 remigante
975 1031 1336 1098 deducimur,
1370 1029 1432 1085 ﬁt
1461 1036 1524 1085 ut
1553 1041 1654 1098 per
1684 1027 1804 1082 haec
1829 1025 2025 1081 discri-

332 1125 488 1180 mina
553 1123 779 1190 adhoc,
828 1130 890 1178 ut
952 1121 1131 1176 simus
1176 1119 1298 1174 sine
1363 1116 1693 1173 discrimine
1724 1122 1779 1171 et
1825 1113 2024 1170 timore

329 1213 504 1269 etiam
555 1210 922 1276 discriminis,
961 1209 1032 1264 ad
1065 1208 1238 1263 vitam
1281 1206 1490 1262 scilicet
1523 1205 1778 1260 caelibem
1821 1202 2026 1258 venia-

335 1316 482 1357 mus.
516 1302 586 1356 Et
618 1301 663 1355 is
692 1300 806 1354 dies
835 1297 1098 1354 secundus
1147 1303 1250 1363 est,
1282 1295 1422 1366 quia
1449 1308 1482 1349 a
1514 1294 1734 1361 timore,
1773 1291 1873 1362 qui
1903 1290 2026 1362 pri-

330 1405 460 1447 mus
509 1389 726 1460 gradus
754 1395 857 1456 est,
915 1387 1092 1456 pietas
1141 1385 1429 1440 secundus
1458 1390 1561 1439 est.
1615 1383 1796 1438 Pietas
1833 1389 2027 1436 autem

332 1479 403 1534 ad
438 1478 533 1534 Dei
584 1477 806 1533 cultum
844 1475 1107 1546 pertinet,
1153 1481 1217 1528 ut
1263 1479 1346 1528 est
1394 1471 1535 1526 illud
1585 1468 1838 1540 Apostoli
1876 1484 1888 1522 :
1920 1469 2029 1521 So-

333 1569 467 1634 brie,
520 1572 609 1620 15
639 1571 689 1619 et
729 1567 897 1634 juste,
929 1569 979 1619 et
1040 1566 1130 1633 pie
1177 1564 1423 1616 vivamus
1471 1561 1606 1630 (Tit.
1653 1575 1709 1623 ll,
1747 1558 1813 1625 l).
1865 1555 2025 1623 Quod

330 1657 410 1712 sic
448 1655 755 1724 exponitur
789 1669 800 1707 :
836 1653 1021 1708 Sobrie
1064 1652 1120 1706 in
1154 1651 1335 1717 nobis,
1365 1652 1512 1718 juste
1557 1647 1626 1702 ad
1672 1646 2021 1716 proximum,

325 1748 419 1815 pie
447 1744 517 1799 ad
569 1744 768 1798 Deum.
810 1742 969 1798 Unde
998 1749 1053 1796 et
1088 1741 1244 1810 impii
1276 1739 1502 1810 proprie
1541 1737 1817 1793 dicuntur
1855 1733 2024 1790 alieni

333 1849 366 1889 a
397 1833 524 1888 fide.
573 1832 710 1900 Quae
741 1844 874 1886 vero
936 1830 1122 1900 major
1171 1829 1371 1898 pietas,
1424 1826 1557 1896 quis
1618 1840 1689 1882 ex
1751 1824 1915 1880 nobis
1953 1821 2025 1878 ad

333 1923 516 1978 Deum
546 1920 729 1990 major
771 1918 1006 1976 aﬂ‘ectus
1045 1933 1166 1973 esse
1207 1923 1405 1987 potest,
1439 1929 1616 1985 quam
1648 1921 1822 1970 totam
1860 1925 2026 1967 men-

333 2013 404 2068 tis
439 2009 807 2066 intentionem
854 2007 913 2062 in
944 2006 1152 2060 divinae
1179 2002 1470 2073 sapientia:
1499 2001 1693 2056 sinum
1722 1999 2021 2063 reclinare,

332 2106 385 2154 et
416 2113 519 2153 nos
548 2097 604 2151 in
635 2096 811 2166 hujus
841 2091 1043 2148 mundi
1075 2091 1334 2160 negotiis,
1373 2090 1429 2144 in
1459 2089 1674 2160 quibus
1704 2101 1761 2143 se
1789 2086 2025 2156 quidam

333 2187 650 2258 plurimum
682 2182 873 2237 valere
903 2188 958 2235 et
990 2193 1190 2248 sapere
1236 2177 1579 2249 gloriantur,
1630 2173 1940 2231 imbecilles
1973 2180 2028 2228 et

333 2276 522 2331 fatuos
571 2273 800 2328 facere?
849 2271 901 2325 Is
931 2276 1054 2339 post
1084 2268 1182 2323 Dei
1229 2268 1488 2324 timorem
1531 2265 1770 2321 idoneus
1797 2269 1852 2319 et
1881 2276 2024 2317 com-

335 2372 532 2437 petens
557 2363 723 2418 valde
754 2361 970 2432 gradus
993 2367 1095 2416 est.

405 2455 511 2511 Sed
575 2451 816 2523 quaestio
847 2449 1041 2521 gravis
1101 2447 1193 2504 hic
1238 2446 1442 2514 oritur,
1485 2457 1590 2501 cur
1654 2458 1786 2499 cum
1847 2441 2028 2511 pridie

333 2554 388 2603 et
439 2543 678 2612 reliquis
718 2539 1094 2610 sequentibus
1133 2538 1334 2594 diebus
1383 2538 1610 2593 dicatur
1643 2551 1655 2590 :
1695 2535 1850 2590 Vidit
1885 2535 2026 2587 Deus

336 2632 480 2703 quod
518 2634 651 2685 esset
700 2629 911 2693 bonum,
947 2626 1114 2682 hodie
1145 2625 1632 2695 praetermittatur.
1666 2621 1770 2678 Sed
1817 2620 2029 2675 scimus

335 2719 489 2791 quod
521 2719 591 2774 de
637 2715 862 2773 diabolo
895 2715 1104 2771 dicitur
1149 2713 1288 2784 quia
1330 2715 1386 2768 in
1418 2715 1656 2769 veritate
1694 2726 1810 2768 non
1841 2711 2025 2779 stetit;

336 2810 434 2882 qui
467 2806 732 2880 quandiu
781 2817 1021 2859 summa:
1068 2801 1294 2858 veritati
1343 2801 1590 2865 inhaesit,
1640 2799 1698 2855 in
1741 2805 2026 2868 quantum

337 2900 418 2957 illi
460 2899 806 2968 conjunctus
870 2899 974 2958 est,
1025 2893 1237 2946 veritas
1281 2896 1335 2945 et
1384 2889 1498 2958 ipse
1543 2888 1671 2944 fuit.
1709 2888 1816 2954 Qui
1871 2887 2024 2942 enim
2057 2917 2097 2972 Ο

339 2990 579 3045 adhaeret
622 2984 864 3047 Domino,
897 2994 1036 3034 unus
1079 2985 1160 3035 cst
1189 2980 1431 3049 Spiritus
1471 2978 1527 3044 (Ι
1554 2979 1683 3031 Cor.
1717 2992 1791 3042 vr,
1819 2979 1921 3043 l7).
1955 2976 2026 3032 Et

336 3080 406 3136 de
436 3092 500 3134 eo
531 3077 590 3131 in
631 3073 735 3128 Joh
765 3071 1036 3128 scribitur
1067 3087 1079 3123 :
1117 3070 1370 3123 Habitent
1400 3070 1458 3121 in
1501 3065 1844 3122 tabernaculo
1884 3065 2022 3134 ejus,

337 3166 547 3223 scilicet
581 3160 736 3231 impii
784 3160 915 3214 socii
946 3158 1083 3227 ejus,
1135 3159 1233 3226 qui
1258 3173 1363 3210 non
1409 3161 1486 3210 est
1525 3155 1662 3223 (Job.
1714 3171 1868 3223 xvm,
1919 3157 2022 3218 15).

336 3255 476 3322 Quis
503 3259 585 3309 est
617 3252 714 3320 qui
742 3263 848 3302 non
892 3251 970 3302 est
1001 3245 1105 3302 nisi
1138 3245 1420 3304 diabolus.
1453 3244 1554 3315 qui
1586 3243 1645 3298 in
1676 3251 1961 3315 quantum
1994 3257 2028 3298 a

335 3358 472 3402 vero
501 3355 621 3398 esse
669 3337 898 3403 decidit,
925 3337 1043 3406 jam
1075 3349 1196 3390 esse
1241 3335 1412 3390 etiam
1459 3333 1691 3389 destitit.
1732 3331 2028 3399 Quomodo

336 3433 488 3490 enim
520 3437 624 3497 est,
677 3427 778 3498 qui
810 3434 925 3481 tam
973 3423 1271 3479 infeliciter
1312 3429 1417 3485 est,
1452 3422 1563 3477 imo
1607 3421 1707 3492 qui
1738 3419 2028 3476 aaternali-

337 3530 424 3578 ter
455 3521 510 3575 in
540 3524 719 3574 morte
761 3515 881 3570 sine
933 3520 1113 3568 morte
1141 3517 1242 3566 est.
1282 3509 1441 3576 Quod
1479 3509 1627 3565 idem
1656 3516 1710 3565 et
1749 3510 1816 3565 de
1864 3507 2028 3564 nobis

337 3609 635 3673 sentimus,
681 3603 822 3674 quia
860 3615 894 3656 a
932 3600 1032 3655 Dei
1071 3597 1290 3653 visione
1339 3597 1395 3651 in
1429 3597 1627 3666 primis
1692 3597 2028 3667 parentibus

338 3698 481 3768 lapsi
520 3708 740 3758 sumus,
797 3690 865 3746 de
925 3688 1163 3743 veritate
1217 3685 1273 3740 in
1319 3685 1630 3741 vanitatem
1669 3685 2024 3753 devenimus,

337 3795 394 3843 et
451 3783 726 3840 veraciter
783 3793 904 3835 esse
953 3774 1326 3846 perdidimus,
1372 3773 1479 3828 nisi
1535 3773 1690 3843 quod
1756 3772 1851 3828 Dei
1908 3773 2029 3829 sola

339 3873 525 3944 gratia
572 3876 762 3926 nostro
809 3874 998 3921 tamen
1045 3861 1253 3918 sudore
1285 3859 1589 3915 durissimo
1628 3874 1695 3916 ac
1757 3860 2027 3916 conﬂictu

339 3958 561 4016 restitui
598 3955 904 4012 credimus.
939 3951 1084 4006 Hinc
1113 3949 1252 4005 dum
1294 3948 1366 4004 ad
1402 3948 1756 4019 glutiendam
1786 3949 2025 4005 salivam

336 4047 539 4118 capitis
569 4042 767 4109 nostri,
806 4041 874 4096 ad
903 4037 1363 4109 prmgustandam
1395 4037 1658 4093 videlicet
1685 4039 2024 4108 sapientiam

338 4133 662 4191 Conditoris
700 4129 874 4186 nostri
902 4126 1125 4198 magnis
1153 4125 1415 4196 suspiriis
1458 4126 1844 4193 elaboramus,
1895 4141 2024 4183 nos-

2133 939 2345 1010 peccati
2379 940 2632 1008 periculo
2663 937 2886 1012 semper
2915 957 3138 1013 sumus,
3176 953 3238 1001 ut
3268 945 3364 1002 illa
3391 947 3506 1002 Noe
3537 947 3850 1004 columba

2133 1029 2271 1098 quia
2333 1029 2423 1084 hic
2471 1029 2725 1099 requiem
2792 1045 2906 1086 non
2957 1032 3255 1100 habemus,
3323 1035 3394 1090 ad
3442 1035 3579 1100 Noe,
3649 1035 3706 1092 id
3768 1050 3850 1092 es

2132 1116 2440 1184 Christum,
2491 1117 2592 1188 qui
2653 1119 3008 1189 requiescere
3048 1135 3150 1177 nos
3209 1122 3398 1190 faciat,
3449 1125 3850 1194 suspiremus

2135 1207 2204 1261 Et
2239 1212 2389 1260 recte
2417 1205 2506 1262 die
2553 1207 2805 1262 secundo
2840 1208 2979 1278 quia
3015 1209 3225 1266 bonum
3277 1211 3349 1267 sit
3391 1227 3507 1268 non
3540 1213 3850 1270 videmus

2135 1294 2273 1364 quia
2325 1302 2627 1365 postquam
2694 1295 2864 1364 primi
2911 1297 3020 1352 diei
3071 1298 3128 1352 in
3184 1299 3451 1368 paradiso
3497 1300 3700 1363 habiti,
3804 1301 3850 1355 ἱι

2135 1381 2493 1451 protoplasto
2529 1383 2998 1453 perditigloriam
3042 1386 3341 1443 amisimus
3387 1387 3532 1444 istuc
3576 1389 3850 1444 devolut

2136 1469 2374 1536 dolores,
2410 1485 2522 1526 non
2575 1471 2723 1527 bona
2755 1473 3090 1542 reperimus.
3126 1473 3285 1540 Quod
3319 1476 3454 1532 satis
3486 1485 3617 1546 apte
3645 1476 3849 1546 signa

2139 1559 2196 1613 in
2233 1559 2479 1614 Sabbato
2525 1560 2776 1629 paschali
2813 1569 2935 1631 post
2966 1564 3205 1617 Alleluia
3237 1570 3451 1620 tractus
3484 1564 3583 1634 qui
3613 1573 3849 1620 cantar

2133 1647 2290 1715 solet,
2328 1647 2428 1717 qui
2477 1647 2728 1704 laborem
2765 1649 2959 1705 saeculi
3002 1650 3180 1722 hujus
3211 1660 3333 1722 post
3363 1652 3618 1709 laetitiam
3669 1668 3846 1723 para

2134 1735 2240 1791 disi
2271 1748 2374 1790 nos
2401 1735 2710 1791 incurrisse
2742 1737 2922 1792 docet.

2208 1823 2373 1879 VEus.
2415 1825 2469 1876 9.
2518 1853 2586 1864 -—-
2644 1827 2797 1878 Dixit
2826 1841 2948 1880 vero
3008 1827 3188 1881 Deus:
3223 1828 3625 1896 Congregeutur
3679 1845 3850 1898 aqua

2137 1927 2254 1979 qua
2284 1912 2382 1965 sub
2420 1913 2552 1967 calo
2579 1919 2705 1967 sunt
2735 1915 2792 1967 in
2823 1915 2992 1968 locum
3033 1932 3221 1983 unum,
3253 1921 3302 1970 et
3344 1923 3610 1987 appareat
3643 1918 3846 1972 arida

2137 2005 2332 2068 Aquae,
2376 2016 2494 2068 qua
2540 2001 2637 2056 sub
2668 2003 2818 2070 calo,
2853 2011 2988 2059 sunt
3032 2005 3324 2060 saecularis
3374 2007 3652 2073 versutia,
3706 2021 3850 2076 qua

2139 2087 2196 2142 in
2266 2088 2398 2143 solis
2465 2090 2708 2160 negotiis
2784 2090 3107 2147 forensibus
3169 2099 3224 2148 et
3291 2093 3363 2147 ad
3427 2093 3850 2163 decipiendum

2138 2177 2386 2232 maxime
2443 2178 2629 2246 callet,
2691 2186 2749 2235 et
2816 2179 2924 2236 sub
2984 2179 3126 2251 jugo
3187 2188 3379 2237 tamen
3445 2181 3849 2253 intelligentia

2137 2273 2344 2322 nostra!
2421 2267 2806 2338 restringitur.
2887 2269 2985 2324 Hae
3050 2276 3478 2341 congregantur
3541 2273 3597 2324 in
3664 2272 3849 2324 locun

2137 2368 2322 2420 unum,
2357 2353 2496 2423 quia
2526 2363 2654 2410 tota:
2704 2356 2835 2422 Deo,
2872 2357 2975 2427 qui
3031 2357 3189 2414 locus
3246 2366 3436 2414 noster
3474 2367 3575 2426 est,
3628 2363 3688 2412 in
3739 2375 3849 2427 (ιω

2134 2443 2391 2510 vivimus,
2452 2458 2725 2498 movemur
2765 2449 2815 2498 et
2862 2460 3046 2500 sumus
3101 2449 3258 2512 (Act.
3323 2463 3454 2515 xvu,
3489 2450 3601 2514 ‘28),
3653 2447 3839 2502 velin

2137 2527 2338 2597 nolint,
2373 2530 2785 2588 sollicitudines
2817 2541 3043 2601 nostrae,
3096 2549 3227 2604 quae
3259 2549 3421 2606 vaga:
3448 2542 3501 2591 et
3539 2534 3850 2590 instabile:

2137 2624 2305 2672 antea
2347 2618 2708 2688 difﬂuebant,
2757 2622 2972 2678 servire
3011 2632 3321 2693 coguntur.
3375 2626 3516 2679 Loca
3550 2623 3672 2688 Dei,
3724 2623 3850 2678 imc

2136 2706 2296 2764 locus
2342 2708 2534 2765 ﬁdeles
2577 2711 2797 2781 quique
2843 2711 2900 2766 in
2953 2711 3266 2782 Scripturis
3315 2713 3426 2768 dici
3476 2713 3679 2780 solent,
3746 2712 3850 2767 sed

2138 2797 2320 2853 multo
2352 2800 2536 2868 magis
2569 2800 2795 2869 proprie
2826 2800 2996 2869 Deus,
3031 2809 3195 2857 extra
3223 2816 3394 2872 quem
3431 2816 3534 2857 nec
3576 2816 3700 2868 nos,
3743 2816 3850 2857 net

2135 2886 2356 2956 aliquid
2413 2891 2516 2955 est,
2581 2888 2741 2944 locus
2793 2897 2986 2945 noster
3050 2898 3310 2946 vocatur.
3353 2889 3462 2957 Qui
3511 2889 3650 2960 quia
3691 2902 3850 2960 quos

2133 2975 2346 3045 excipit
2373 2974 2481 3031 sibi
2529 2976 2800 3044 viviﬂcat,
2846 2991 3000 3033 unus
3029 2983 3178 3033 recte
3209 2977 3440 3033 dicitur.
3470 2977 3610 3032 Tota
3639 2985 3850 3033 autem

2135 3070 2366 3132 nostra,
2431 3079 2608 3134 quam
2661 3065 2729 3120 de
2794 3065 3005 3121 smeulo
3050 3066 3444 3135 possidemus,
3503 3065 3848 3135 prudentia,

2137 3159 2276 3208 tunc
2321 3151 2485 3222 plene
2512 3153 2584 3208 ad
2631 3153 2813 3210 Deum
2854 3155 3230 3223 convertitur,
3282 3169 3415 3212 cum
3462 3155 3531 3210 ad
3577 3156 3846 3225 agendas

2136 3240 2504 3297 ecclesiarum
2569 3255 2810 3309 causas,
2878 3250 2933 3298 et
3007 3243 3359 3299 extrinsecas
3423 3257 3613 3311 curas,
3685 3257 3846 3313 quas

2136 3328 2366 3384 litterati
2423 3329 2534 3385 viri
2599 3329 2794 3386 minus
2856 3331 2999 3387 scire
3065 3332 3267 3399 solent,
3337 3331 3456 3387 zelo
3517 3339 3572 3388 et
3638 3345 3844 3390 amore

2137 3417 2492 3474 deserviendi
2543 3418 2633 3474 his
2662 3419 2763 3489 qui
2809 3420 3273 3490 contemplationi
3326 3421 3666 3488 inserviunt,
3720 3433 3844 3492 quc

2137 3505 2376 3562 liberius
2404 3507 2518 3562 Deo
2557 3515 2782 3575 vacent,
2827 3508 3130 3565 saeculares
3177 3509 3395 3580 quique
3425 3509 3842 3580 accinguntur.

2139 3595 2207 3650 Hi
2238 3609 2351 3650 non
2399 3595 2471 3650 ad
2515 3595 2874 3665 decipiendos
2935 3611 3215 3667 pauperes
3257 3611 3362 3653 suo
3423 3596 3542 3668 jam
3586 3605 3840 3654 utuntur

2138 3682 2388 3753 ingenio,
2435 3682 2530 3738 sed
2580 3697 2792 3740 aurum
2839 3693 2894 3740 et
2937 3693 3242 3755 argentum
3277 3684 3433 3755 quod
3473 3685 3540 3740 de
3587 3685 3840 3757 zEgypta

2135 3771 2490 3838 extulerunt,
2520 3772 2592 3827 ad
2617 3773 3036 3829 exstruendum
3067 3773 3166 3828 Dei
3201 3772 3637 3829 tabernaculum
3669 3774 3730 3829 in
3767 3789 3838 3831 so

2135 3859 2394 3926 litudine,
2445 3861 2498 3916 id
2529 3867 2630 3927 est,
2665 3869 2830 3916 extra
2869 3861 3070 3916 turbas
3101 3860 3376 3917 vitiorum
3409 3861 3612 3918 devota
3646 3861 3837 3919 menti

2134 3948 2488 4018 expendunt.
2534 3949 2601 4004 Hi
2646 3956 2781 4004 sunt
2813 3949 2997 4004 cilicia
3027 3949 3234 4006 domus
3283 3950 3402 4017 Dei,
3454 3949 3553 4020 qui
3587 3953 3836 4008 saeculad

2135 4037 2286 4092 rium
2322 4049 2598 4092 curarum
2647 4037 2911 4106 pulveres
2961 4037 3223 4106 tolerant,
3261 4045 3326 4094 ut
3374 4038 3746 4109 hyacinthus,
3791 4045 3834 4100 et

2137 4139 2400 4195 purpura
2456 4131 2789 4181 sanctarum
2848 4126 3127 4182 mentium
3187 4126 3329 4181 nihil
3384 4126 3690 4183 exterioris
3750 4129 3833 4184 in-‘

337 4223 602 4292 metipsos
645 4218 810 4275 nobis
857 4216 1022 4272 valde
1065 4214 1383 4271 contrarios
1428 4216 1640 4285 positos
1668 4215 2017 4284 experimur,
2051 4217 2092 4270 D
2133 4211 2485 4282 quietudinis
2536 4213 2740 4281 ferant,
2807 4213 2903 4270 sed
2951 4229 3056 4270 suo
3106 4213 3491 4271 indesinenter
3543 4215 3832 4285 propositi

335 4320 390 4367 et
425 4312 480 4366 in
511 4309 713 4365 salutis
741 4320 908 4376 opere
938 4304 1224 4360 neminem
1263 4303 1616 4369 viciniorem,
1646 4303 2023 4359 infestiorem-

337 4415 451 4469 que
479 4399 698 4454 hostem
757 4408 933 4465 quam
978 4407 1081 4448 nos
1132 4391 1401 4462 patimur.
1461 4391 1847 4462 Conqueritur
1894 4391 2024 4447 inde

337 4485 634 4543 Psalmista
696 4499 708 4538 :
772 4484 1017 4549 Quantas
1072 4481 1356 4535 ostendisti
1415 4481 1553 4533 mihi
1609 4481 2021 4546 tribulationes,

335 4575 534 4628 multas
581 4577 631 4625 et
667 4570 841 4623 malas
895 4568 1063 4638 (Psal.
1115 4583 1238 4630 ιιι,
1295 4565 1406 4636 22).
1459 4567 1527 4621 Et
1575 4565 1709 4620 alibi
1763 4565 1872 4620 sub
1925 4581 2023 4636 spe

336 4659 519 4714 futuri
561 4657 694 4713 boni
738 4657 969 4712 laetatur
1007 4670 1018 4708 :
1053 4657 1155 4709 Pro
1199 4654 1409 4721 diebus,
1459 4653 1653 4722 quibus
1706 4653 2022 4708 humiliatus

333 4754 432 4815 est,
462 4750 622 4802 annis
665 4747 861 4816 quibus
906 4745 1049 4799 vidit
1095 4744 1262 4813 (Psal.
1297 4759 1516 4807 Lxxxix,
1573 4744 1682 4809 l7),
1718 4741 1772 4796 id
1801 4751 1884 4797 est
1927 4759 2024 4799 ex-

337 4843 534 4905 pertus
583 4841 665 4889 est
695 4834 857 4887 mala.
902 4833 1044 4888 Cum
1075 4846 1210 4901 ergo
1252 4830 1372 4885 dies
1401 4829 1536 4884 mali
1578 4828 1690 4884 sint
1719 4831 1936 4898 (Ephes.
1969 4847 2020 4898 ν,

341 4926 446 4989 t6),
494 4929 548 4976 et
593 4920 848 4976 mundus
895 4920 950 4974 in
984 4918 1238 4987 maligno
1291 4916 1507 4985 positus
1537 4917 1588 4985 (Ι
1609 4918 1768 4972 Joan.
1803 4932 1856 4982 ν,
1913 4919 2021 4989 l9),

334 5017 389 5064 et
431 5009 587 5062 hunc
629 5007 957 5064 conﬂictum
990 5004 1324 5061 inferiorum
1359 5015 1668 5071 aquarum,
1717 5003 1774 5058 in
1810 5004 2025 5074 quibus

333 5104 418 5151 est
480 5095 749 5164 superbia
808 5095 1090 5149 adversus
1149 5089 1492 5158 superiores,
1544 5090 1760 5160 quibus
1801 5100 2024 5148 constat

334 5183 631 5240 humilitas
678 5190 732 5238 et
765 5181 1036 5238 sanctitas
1067 5178 1123 5233 in
1169 5177 1317 5232 valle
1348 5177 1757 5248 lacrymarum,
1802 5179 1858 5235 in
1893 5180 2023 5238 lacu

334 5271 594 5338 miserias,
643 5270 851 5326 saeculo
911 5265 1122 5323 scilicet
1187 5265 1449 5335 praesenti
1517 5265 1840 5333 toleremus,
1885 5282 2020 5337 pro-

334 5356 558 5427 phetica
613 5354 1038 5427 apostolicaque
1106 5352 1306 5424 lingua
1373 5351 1478 5407 hoc
1539 5367 1653 5408 non
1715 5354 1890 5411 vitam
1955 5370 2022 5411 ac

336 5445 598 5514 patriam,
649 5444 743 5498 sed
791 5440 1060 5498 exsilium
1117 5449 1472 5509 mortemque
1519 5439 1835 5505 denuntiet,
1877 5457 2021 5512 quo-

2130 4300 2358 4356 instent.
2424 4303 2491 4355 Et
2519 4307 2784 4371 appareat
2830 4303 3016 4368 arida,
3054 4303 3286 4373 inquit;
3316 4318 3418 4374 per
3443 4304 3550 4359 hoc
3578 4317 3830 4377 namun

2131 4388 2284 4459 quod
2325 4389 2673 4445 conscientia
2723 4391 2939 4460 pridem
2984 4390 3166 4446 ﬂuida
3205 4391 3278 4447 ad
3321 4392 3501 4448 Deum
3546 4393 3830 4449 constrinJ

2131 4476 2306 4545 gitur,
2352 4482 2503 4532 terra
2548 4477 2737 4533 cordis
2783 4478 2959 4534 nostri
2991 4492 3023 4533 a
3055 4479 3471 4550 cogitationum
3501 4481 3828 4549 superﬂuaa

2132 4576 2260 4617 rum
2294 4562 2744 4634 ingurgitatione
2779 4566 2990 4622 siccata
3025 4567 3146 4638 jam
3176 4567 3424 4624 ferendis
3466 4567 3600 4624 boni
3640 4563 3827 4638 operit

2130 4650 2399 4721 frugibus
2432 4661 2668 4722 apparet
2697 4661 2850 4724 apta.

2203 4739 2373 4794 Vnus.
2411 4743 2502 4796 tO.
2536 4769 2609 4782 —
2637 4742 2717 4796 Et
2761 4745 2973 4797 vocavit
3007 4745 3145 4798 Deus
3191 4744 3409 4798 aridam
3460 4749 3676 4805 terram,
3718 4762 3824 4800 con

2129 4831 2468 4896 gregationes
2506 4845 2777 4898 aquarum
2809 4847 2933 4885 vero
2973 4833 3274 4901 appellavit
3304 4833 3500 4885 maria.
3551 4830 3726 4886 Terra
3760 4833 3824 4892 al

2132 4917 2371 4972 humore
2433 4918 2683 4973 carnalis
2741 4920 3069 4988 petulantiae
3121 4919 3494 4988 avaritiaque
3557 4917 3822 4992 levigataj

2130 5011 2265 5073 apta
2315 5003 2549 5073 quidem
2587 5005 2770 5062 cultui
2803 5020 2869 5061 ac
2917 5006 3135 5062 fructui
3191 5012 3273 5061 est
3305 5005 3520 5070 divino,
3579 5005 3668 5060 sed
3701 5019 3820 5064 coni

2130 5095 2464 5160 gregatioues
2494 5109 2765 5162 aquarum
2797 5095 2906 5150 sub
2931 5096 3063 5166 jure
3104 5094 3340 5148 rationis
3372 5106 3486 5146 non
3523 5107 3579 5148 se
3611 5095 3820 5153 volunJ

2133 5181 2272 5236 tarie
2336 5181 2684 5249 cohibentes,
2737 5183 3124 5239 amarissimos
3183 5179 3562 5236 tentationum
3613 5182 3818 5244 ﬂuctu!

2134 5267 2188 5323 in
2220 5268 2383 5324 nobis
2429 5271 2800 5326 exsuscitant.
2856 5271 3013 5326 Unde
3058 5277 3112 5324 et
3140 5271 3318 5322 maria
3348 5269 3625 5326 vocabulo
3657 5265 3817 5332 valdd

2130 5371 2387 5429 congruo
2431 5360 2812 5429 appellantur.
2862 5360 3043 5412 Maria
3089 5355 3242 5412 enim
3274 5357 3596 5414 amaritudo
3641 5357 3816 5419 interi

2130 5454 2407 5515 pretatur.
2441 5446 2874 5504 lndeatroeium
2900 5445 3140 5512 irarum,
3174 5445 3480 5502 libidinum
3502 5453 3555 5502 et
3576 5445 3813 5506 aliorum
