3874 6048
37 263 79 313 i5
1180 257 1555 313 MORALIUM
1594 259 1661 312 IN
1702 257 1993 313 GENESIN
2039 259 2168 313 LIB.
2211 260 2251 314 Ι.
3435 269 3503 321 46

31 398 256 446 motuum
288 398 664 461 tempestates,
694 407 826 462 quae
867 391 1008 448 dum
1038 392 1217 448 animi
1249 393 1488 462 imperio
1521 405 1686 448 coer-
1716 397 1760 448 A
1799 399 1903 458 est,
1955 391 2056 462 qui
2113 392 2503 464 intelligentiae
2552 396 2745 452 lumen
2801 398 3022 470 ubique
3075 400 3501 471 Scripturarum

27 489 216 547 rentur,
271 481 438 550 quasi
469 481 591 536 freti
639 481 942 552 cujusdam
978 481 1168 537 fervor
1211 482 1571 538 subbulliens
1602 487 1692 536 I6

24 569 252 638 prosilire
277 569 564 624 nituntur.
597 569 706 625 Sed
738 569 832 624 Dei
857 569 1034 638 pietas
1067 570 1244 640 hujus
1275 585 1486 640 pugnae
1521 585 1691 626 exer-

25 658 133 710 citia
177 672 288 712 non
319 658 736 713 irremunerata
778 658 1132 728 relinquens,
1186 659 1357 726 videt,
1391 659 1448 714 id
1485 667 1569 715 est
1599 660 1690 713 vi-

27 745 124 800 deri
145 745 272 800 facit
308 759 340 800 a
372 745 554 812 nobis,
587 760 764 816 quam
793 746 943 802 bona
983 746 1360 816 salubriaque
1399 755 1692 816 suntquae

25 834 244 903 agimus,
275 842 327 889 et
377 848 448 889 ex
487 847 688 888 eorum
724 833 1177 890 consideratione
1221 835 1292 890 ad
1326 834 1562 890 meliora
1589 850 1692 905 ge-

23 922 261 989 rendum,
305 923 424 992 ipso
471 923 778 992 aspirante,
829 922 1194 980 excandescit
1241 922 1490 979 animus.
1535 923 1694 980 Unde

25 1025 111 1064 suo
140 1010 404 1066 invisibili
437 1019 585 1066 nutu
626 1010 781 1078 dicit,
835 1011 890 1066 id
937 1018 1020 1067 est
1065 1024 1404 1081 prosperum
1426 1010 1691 1068 ell‘ectum

27 1099 167 1152 bonis
193 1097 489 1154 affectibus
518 1099 743 1154 tribuit.

80 1187 232 1242 Vens.
290 1191 372 1241 il.
420 1217 488 1227 —
531 1188 827 1254 Ger-minet,
874 1186 1084 1258 inquit,
1137 1192 1284 1242 terra
1323 1188 1548 1242 herbam
1603 1190 1692 1242 vi-

22 1282 198 1329 rentem
244 1281 295 1330 et
331 1277 620 1342 facientem
665 1291 860 1330 semen.
915 1277 1082 1330 Terra
1125 1276 1411 1346 germinat
1449 1277 1690 1349 herbam,

25 1380 132 1420 cum
184 1379 281 1420 cor
324 1365 610 1434 cujusque
653 1364 836 1420 ﬁdelis
884 1365 957 1420 ab
999 1365 1155 1420 omni
1209 1365 1445 1420 lascivia
1488 1357 1692 1422 mundi

25 1455 225 1521 sudum,
258 1453 416 1508 verbi
467 1453 563 1508 Dei
594 1453 811 1508 semine
849 1454 1298 1509 conversationis
1340 1453 1500 1510 initia
1529 1455 1690 1510 emit-

25 1547 89 1593 tit.
129 1541 260 1603 Quae
313 1538 490 1594 herba
531 1537 725 1592 virens
765 1545 868 1605 est,
917 1539 1058 1607 quia
1097 1552 1268 1594 succo
1315 1539 1433 1608 spei
1466 1547 1694 1594 aeternae

24 1629 159 1681 vivit.
186 1626 475 1696 Quidquid
507 1626 660 1681 enim
710 1640 811 1696 pro
843 1626 1037 1682 favore
1079 1627 1334 1683 humano
1367 1628 1445 1695 tit,
1481 1627 1696 1684 marci-

23 1715 138 1770 dum
172 1729 236 1770 ac
259 1715 451 1770 sterile
481 1721 583 1770 est.

77 1808 140 1858 Et
165 1806 471 1870 facientem,
523 1803 732 1873 inquit,
790 1819 983 1858 semen.
1019 1805 1209 1858 Semen
1251 1804 1386 1860 facit
1425 1803 1694 1874 quisquis

26 1893 64 1947 id
94 1892 334 1963 religiosi
371 1891 665 1962 propositi,
700 1891 854 1961 quod
882 1891 1237 1962 aggreditur,
1277 1905 1444 1961 opere
1477 1891 1693 1947 efticaci

25 1982 354 2051 exsequitur.
416 1982 531 2036 Aut
586 1989 738 2036 certe
800 1980 978 2036 herba
1048 1981 1261 2046 virens,
1319 1996 1494 2034 semen
1563 1979 1694 2035 facit

26 2084 134 2125 cum
158 2069 407 2140 quisque
449 2069 504 2124 id
547 2069 682 2125 boni
727 2069 884 2140 quod
933 2083 1102 2140 agere
1147 2068 1303 2139 apud
1350 2084 1410 2123 se
1440 2068 1690 2136 inchoat,

25 2158 128 2212 aliis
152 2159 318 2214 etiam
347 2172 421 2213 ex
463 2157 858 2214 benevolentia
903 2165 966 2214 ut
996 2171 1054 2213 se
1096 2157 1442 2214 aemulentur
1485 2157 1695 2227 praedi-

27 2262 130 2303 iure
155 2262 266 2302 non
297 2255 502 2303 CBSSZH.

81 2339 139 2390 Et
165 2339 373 2404 tignum
408 2338 736 2406 pomiferum
768 2337 978 2402 faciens
1015 2337 1258 2402 fructum
1300 2336 1472 2404 juxta
1526 2349 1692 2402 genus

29 2440 170 2478 suum.
202 2424 350 2492 Quid
382 2438 483 2494 per
514 2425 720 2492 tignum
745 2425 1094 2493 pomiferum,
1138 2423 1248 2478 nisi
1278 2423 1528 2479 arduum
1560 2423 1692 2478 vitae

29 2515 322 2570 institutum
354 2513 424 2569 de
469 2513 576 2583 piis
620 2511 795 2568 initiis
843 2512 914 2568 ad
966 2511 1254 2568 sanctiora
1301 2525 1688 2582 progressum.

25 2603 106 2656 Sed
134 2602 272 2673 quid
334 2602 454 2672 agit
501 2601 789 2668 sanctitas,
850 2601 895 2656 si
963 2601 1033 2656 de
1081 2614 1187 2656 sua
1235 2599 1362 2655 aliis
1406 2601 1566 2656 nulla
1610 2609 1694 2657 est

23 2692 273 2759 probitate
321 2689 591 2746 utilitas?
623 2690 725 2745 Per
773 2690 879 2744 hoc
924 2689 1078 2744 enim
1125 2688 1280 2758 quod
1321 2688 1378 2743 in
1411 2690 1693 2746 teneritu-

22 2781 131 2834 dine
172 2779 390 2836 exordii
439 2778 619 2834 nostri
681 2778 850 2845 bona,
913 2792 1044 2847 quae
1111 2784 1344 2848 gustare
1391 2778 1690 2847 coepimus,

25 2869 235 2924 libenter
290 2867 420 2922 aliis
465 2865 858 2936 propinamus,
892 2865 954 2921 fit
1000 2865 1093 2935 pia
1149 2865 1248 2921 Dei
1303 2865 1584 2935 largitate,
1631 2871 1694 2919 ut

25 2957 233 3025 proinde
260 2957 334 3012 ad
379 2955 617 3011 meliora
666 2953 898 3025 provehi
939 2967 1306 3023 mereamur;
1345 2952 1500 3008 unde
1547 2952 1694 3008 dici-
1723 3004 1760 3054 Γ

27 3054 124 3100 ιιιι·;
164 3046 420 3099 Fructum
468 3045 678 3110 faciens
712 3043 883 3112 juncta
928 3057 1094 3110 genus
1141 3057 1318 3108 suum,
1371 3040 1428 3096 id
1463 3047 1547 3096 est
1580 3042 1692 3096 Deo

26 3133 360 3189 lucrifaciens
402 3132 753 3202 proximum.
798 3133 980 3185 Genus
1026 3137 1289 3186 nostrum
1320 3137 1534 3185 natura
1577 3129 1694 3186 hu-

26 3236 170 3276 mana
197 3231 300 3278 est.
344 3222 523 3277 Juxta
570 3235 736 3288 genus
770 3234 908 3290 ergo
955 3227 1220 3275 nostrum
1255 3218 1690 3286 fructiticamus,

24 3325 130 3365 cum
167 3310 312 3381 ejus,
356 3324 489 3378 quae
533 3307 587 3362 in
636 3307 800 3363 nobis
843 3312 930 3362 est
972 3306 1314 3374 donationis,
1357 3306 1612 3362 docendo
1641 3313 1693 3360 et

23 3399 215 3454 orando
242 3397 545 3468 participes
586 3403 640 3452 et
674 3397 968 3466 proximos
998 3395 1259 3452 facimus.
1296 3395 1514 3451 Dicitur
1541 3394 1693 3450 enim

26 3487 66 3541 in
90 3488 187 3543 Job
212 3504 224 3542 :
251 3490 322 3542 Et
349 3489 584 3541 visitans
637 3487 861 3555 speciem
893 3489 1043 3539 tuam
1072 3500 1181 3539 non
1218 3484 1466 3554 peccabis
1497 3483 1609 3554 (Job
1641 3499 1690 3550 ν,

21 3578 134 3645 ⁸14);
162 3577 312 3646 quod
344 3576 489 3631 idem
521 3582 603 3631 est
629 3589 696 3630 ac
726 3574 772 3631 si
803 3573 954 3630 dicat
985 3588 996 3628 :
1033 3573 1226 3629 Facies
1250 3576 1493 3641 fructum
1523 3573 1692 3642 juncta

20 3679 165 3727 genus
193 3672 379 3720 tuum.
409 3663 711 3734 Sequitur:

77 3754 235 3822 Cujus
263 3768 441 3807 semen
486 3754 546 3806 in
593 3749 875 3820 semetipso
913 3752 986 3806 sit
1032 3766 1197 3820 super
1235 3757 1458 3806 terram.
1509 3752 1696 3806 Semen

18 3849 257 3897 nostrum
330 3855 503 3911 opera
567 3847 782 3907 nostra,
857 3855 989 3910 quae
1046 3854 1151 3910 pro
1216 3840 1410 3896 fructu
1456 3839 1695 3894 caelestis

18 3930 180 3984 bravii
210 3929 306 3985 hic
335 3929 604 3999 jacimus,
653 3935 807 3984 sunt.
859 3928 1021 3994 Quod
1062 3943 1237 3983 semen
1269 3929 1326 3982 in
1379 3927 1696 3984 nobismet-

19 4019 133 4087 ipsis
165 4019 375 4074 habere
407 4017 702 4088 jubemur,
745 4031 816 4071 ue
851 4017 1005 4071 bona
1047 4016 1294 4086 gerendo
1323 4029 1456 4070 cum
1486 4013 1696 4069 adula-

19 4113 182 4162 torum
216 4105 431 4162 fabulis
459 4104 760 4175 ungimur,
785 4104 954 4174 quasi
976 4103 1139 4173 palea
1167 4102 1423 4159 exterius
1462 4102 1697 4157 inventa

20 4193 209 4250 favoris
257 4201 429 4250 vento
499 4194 818 4264 rapiamur.
893 4192 973 4249 Sit
1034 4192 1228 4262 itaque
1273 4191 1460 4248 virtus
1500 4197 1697 4246 nostra

1802 480 2014 536 habere
2036 489 2244 551 queat:
2281 483 2493 539 habent
2523 498 2778 556 namque
2817 501 2983 542 sacra
3012 488 3244 560 eloquia
3273 505 3502 561 corpus,

1800 575 1856 623 et
1887 569 2055 637 quasi
2104 582 2402 638 vesperam
2462 571 2521 626 in
2581 571 2973 642 integumento
3018 574 3240 644 litterae,
3291 578 3506 635 habent

1802 656 2055 710 animam
2095 663 2151 711 et
2188 657 2350 725 quasi
2395 671 2562 712 mane
2597 658 2652 712 in
2701 659 3003 728 splendore
3053 664 3391 721 moralitatis
3438 680 3503 722 ac

1803 744 2112 814 allegoriae.

1873 832 2043 889 Vens.
2083 833 2250 886 14.-
2299 834 2464 888 Dixit
2501 850 2710 904 quoque
2766 840 2938 894 Deus:
2990 841 3150 894 Fiant
3207 843 3503 899 luminaria

1802 924 1860 975 in
1887 923 2223 988 ﬁrmamento
2269 923 2406 989 cali,
2448 927 2499 977 et
2529 923 2785 978 dividant
2829 926 2968 982 diem
2999 943 3060 982 ac
3106 935 3330 985 noctem.
3378 933 3502 988 Duo

1805 1011 1909 1065 ista
1964 1011 2263 1064 luminaria
2311 1010 2598 1066 Christum
2660 1013 2718 1068 in
2776 1013 3088 1072 Ecclesiam
3137 1017 3501 1089 interpretari

1803 1097 1940 1153 satis
1969 1097 2240 1154 idoneum
2267 1106 2368 1166 est,
2415 1100 2734 1156 secundum
2765 1101 2944 1158 illud:
2988 1105 3119 1159 Dies
3149 1107 3260 1160 diei
3294 1114 3502 1163 eructat

1801 1185 2022 1240 verbum
2075 1187 2242 1256 (Psat.
2291 1203 2445 1253 xvui,
2492 1187 2571 1257 2),
2613 1196 2721 1244 etc.
2763 1189 3056 1248 Christum
3101 1195 3334 1264 quidem
3375 1211 3500 1266 pro-

1803 1273 2052 1343 positum
2108 1274 2371 1345 exemplo
2430 1283 2482 1331 et
2538 1277 2839 1334 imitationi
2906 1279 3142 1337 fortium
3200 1283 3496 1355 dicimus;

1805 1365 2115 1419 Ecclesiam
2148 1364 2379 1420 vero'in
2428 1366 2550 1420 suis
2579 1366 2963 1424 mediocribus
3012 1371 3282 1426 membris
3305 1373 3501 1443 junio-

1806 1466 1935 1508 rum
1984 1452 2296 1522 minusque
2349 1455 2668 1521 potentium
2725 1457 3021 1526 exemplar
3095 1461 3328 1528 positam
3387 1478 3502 1518 non

1803 1541 2050 1596 absurde
2081 1541 2377 1596 sentimus.
2429 1542 2808 1598 Tolerabilius
2853 1558 2991 1600 sane
3033 1547 3215 1603 oculis
3263 1548 3505 1606 inﬁrmis

1801 1635 1885 1683 est
1943 1627 2238 1684 lucernam
2296 1630 2404 1685 sub
2460 1629 2680 1685 Iaterua
2754 1633 3064 1702 attendere,
3131 1649 3308 1706 quam
3372 1637 3505 1694 solis

1724 1700 1761 1753 Β
1795 1717 1975 1787 jubar
2003 1718 2062 1772 in
2097 1732 2216 1773 suae
2247 1718 2468 1788 spherae
2513 1720 2726 1776 virtute
2755 1721 2966 1777 videre.
3017 1700 3201 1780 Solem
3248 1740 3501 1797 namque

1801 1807 1857 1861 in
1883 1813 2156 1875 potestate
2185 1807 2293 1862 diei
2327 1807 2500 1864 tradit
2543 1809 2713 1877 Deus,
2773 1824 2905 1866 cum
2947 1812 3090 1867 viris
3135 1812 3498 1870 intellectua-

1802 1894 1955 1950 litate
2003 1895 2254 1964 pra-editis
2300 1897 2793 1967 contemplationis
2833 1899 2984 1954 dona
3028 1900 3294 1972 largitur.
3325 1903 3504 1960 Vide-

1801 1997 1936 2038 mus
1963 1997 2102 2038 sane
2129 1984 2406 2053 quosdam
2460 1985 2517 2040 in
2553 1993 2800 2056 utroque
2830 2001 2976 2043 sexu
3005 1988 3340 2059 virginitate
3364 2006 3503 2062 pro-

1801 2072 1967 2140 fessa,
2003 2073 2434 2129 mundanarum
2462 2089 2655 2130 rerum
2677 2077 3133 2145 possessionibus
3165 2081 3499 2150 pauperiem

1799 2160 2010 2218 Christi
2041 2175 2393 2231 praeponere,
2443 2163 2557 2218 Deo
2610 2177 2843 2220 vacare.
2883 2167 3059 2221 Porro
3112 2175 3248 2223 sunt
3297 2168 3498 2238 aliqui,

1801 2251 1904 2321 qui
1926 2264 2028 2306 nec
2061 2251 2346 2306 mundum
2396 2251 2675 2317 deserere,
2731 2267 2838 2309 nec
2883 2254 3108 2310 caelibes
3142 2255 3354 2322 vivere,
3398 2271 3495 2310 ne-

1801 2353 1914 2409 que
1940 2338 2009 2392 ad
2040 2337 2272 2407 plenum
2325 2339 2436 2394 Deo
2483 2353 2690 2395 vacare
2727 2349 2966 2410 possunt
3021 2343 3180 2398 Unde
3210 2350 3265 2399 et
3297 2344 3497 2400 lunam

1801 2439 1866 2481 ac
1896 2425 2088 2482 stellas
2145 2425 2202 2480 in
2261 2430 2531 2495 potestate
2589 2427 2770 2483 noctis
2817 2428 2931 2484 dat.
2991 2430 3097 2486 Dat
3152 2430 3304 2486 enim
3337 2431 3503 2487 nobis

1801 2514 1903 2584 qui
1933 2527 2161 2570 summa
2210 2528 2557 2585 praesumere
2595 2531 2709 2571 non
2746 2516 3046 2584 audemus,
3097 2533 3202 2574 nec
3256 2519 3391 2588 Noe,
3444 2521 3498 2576 id

1799 2610 1882 2659 est
1941 2608 2206 2670 rectores,
2274 2617 2379 2658 nec
2435 2603 2653 2669 Daniel,
2713 2603 2768 2658 id
2823 2612 2905 2659 est
2976 2605 3218 2672 caelibes,
3289 2608 3498 2663 imitari

1802 2704 2134 2760 possumus;
2187 2696 2252 2746 ut
2317 2691 2420 2746 Job
2477 2691 2620 2746 bene
2672 2700 3028 2761 operantem,
3092 2695 3498 2752 misericordiae

1799 2779 2120 2835 studentem
2164 2785 2469 2847 sectemur,
2531 2786 2585 2834 et
2636 2779 2738 2849 qui
2791 2779 2859 2834 ad
2913 2781 3345 2838 reclinatorium
3393 2798 3498 2840 au-

1801 2882 1989 2935 reum,
2040 2867 2095 2922 id
2154 2874 2239 2922 est
2294 2867 2364 2921 ad
2416 2867 2640 2922 beatam
2694 2869 2955 2936 requiem
3027 2884 3124 2939 per
3198 2885 3497 2928 ascensum

1803 2970 2184 3027 purpureum,
2227 2954 2440 3011 scilicet
2479 2969 2578 3024 per
2636 2957 2978 3025 martyrium
3029 2961 3330 3028 pervenire
3388 2976 3499 3016 non

1744 3037 1762 3056 ‘
1799 3058 2118 3114 speramus,
2158 3057 2257 3112 per
2295 3043 2482 3099 media
2521 3043 2721 3098 saltem
2770 3054 3002 3114 propter
3042 3047 3187 3102 tilias
3222 3049 3500 3105 Hierusa-

1802 3133 1912 3188 lem
1975 3131 2254 3186 charitate
2325 3138 2614 3187 constrata
2681 3131 2966 3202 attingere
3022 3134 3332 3192 valeamus.
3393 3136 3500 3203 Qui

1803 3220 1981 3291 igitur
2030 3220 2262 3290 Agnum
2325 3218 2751 3275 illuminantem
2819 3235 2851 3276 a
2915 3223 3205 3278 montibus
3273 3225 3501 3280 aeternis

1801 3322 2154 3379 quocunque
2198 3307 2327 3362 ierit
2390 3307 2554 3378 sequi
2621 3308 2814 3378 (Apoc.
2871 3325 2982 3376 xiv,
3033 3311 3086 3380 5)
3131 3325 3247 3367 non
3305 3312 3497 3382 audet,

1802 3404 2022 3452 montes
2069 3396 2141 3451 ab
2187 3411 2252 3452 eo
2298 3395 2652 3452 illuminatos
2707 3398 2983 3465 attendat,
3047 3406 3102 3454 et
3167 3399 3214 3453 si
3269 3414 3382 3454 non
3443 3399 3501 3454 in

1801 3485 2089 3550 omnibus,
2141 3484 2228 3539 vel
2269 3485 2328 3539 in
2376 3484 2571 3554 aliquo
2626 3498 2721 3540 eos
2767 3492 2831 3540 ut
2881 3486 3203 3540 membrum
3237 3486 3503 3542 Ecclesiae

1801 3573 2017 3629 censeri
2049 3573 2269 3639 debeat,
2304 3573 2568 3642 prosequi
2611 3574 2936 3628 contendat.
2984 3573 3112 3628 Post
3146 3572 3266 3628 haec
3307 3581 3499 3629 autem

1802 3675 1935 3718 cum
1977 3662 2144 3727 tiunt,
2188 3661 2448 3716 videlicet
2487 3675 2620 3716 cum
2662 3661 2719 3715 hi
2768 3660 2951 3716 ardua
3002 3659 3363 3730 perfectaque
3409 3662 3504 3716 eli-

1803 3760 1968 3825 gunt,
1998 3752 2078 3807 illi
2125 3751 2338 3808 leviora
2391 3760 2735 3821 proponunt,
2771 3751 2888 3807 dies
2933 3765 3166 3822 noxque
3198 3751 3499 3821 dividitur,

1804 3841 1942 3912 quia
1977 3841 2033 3895 in
2086 3839 2290 3895 studiis
2337 3852 2467 3909 quae
2507 3837 2756 3909 quisque
2800 3839 3030 3909 appetit,
3085 3839 3218 3896 vitae
3252 3839 3502 3910 qualitas

1803 3929 2151 3985 declaratur.

1879 4018 1946 4070 Ut
1993 4018 2104 4069 sint
2154 4017 2211 4068 in
2254 4017 2433 4082 signa,
2469 4019 2520 4069 et
2560 4019 2819 4083 tempora,
2856 4019 2906 4068 et
2950 4014 3065 4069 dies
3112 4021 3162 4071 et
3208 4033 3398 4086 annos,
3449 4026 3504 4074 et

1805 4103 2132 4161 illuminent
2173 4110 2400 4158 terram.
2467 4105 2642 4169 Signa
2682 4109 2733 4157 et
2782 4109 3020 4172 tempora
3063 4107 3220 4174 quod
3271 4107 3499 4175 dicitur,

1805 4192 1885 4247 nil
1917 4190 2166 4260 amplius
2195 4190 2346 4246 valet
2375 4204 2551 4261 quam
2595 4190 2641 4246 si
2683 4192 2916 4261 diceret,
2963 4199 3025 4248 ut
3071 4194 3184 4250 sint
3229 4195 3287 4250 in
3337 4196 3504 4266 signa

17 4296 268 4351 granum,
322 4297 442 4338 non
497 4289 663 4337 exeat
717 4281 904 4337 cordis
960 4282 1252 4336 horreum.
1308 4279 1414 4336 Sed
1472 4293 1587 4334 non
1618 4278 1697 4333 ita
1728 4305 1770 4356 ι)
1809 4292 2152 4353 temporum,
2186 4290 2249 4338 ut
2280 4289 2364 4338 est
2408 4283 2587 4338 illud:
2635 4285 2846 4337 Pateris
2887 4284 3093 4337 lababat
3120 4290 3169 4339 et
3211 4301 3365 4351 auro,
3399 4285 3507 4340 hoc

17 4370 238 4428 interius
262 4371 490 4428 fructus
527 4379 720 4426 noster
767 4377 1127 4439 contegatur,
1159 4375 1222 4424 ut
1265 4369 1332 4424 ad
1365 4367 1692 4436 exemplum

20 4460 246 4525 proximi
304 4474 422 4515 non
471 4459 749 4529 prodatur
783 4474 795 4512 :
829 4459 912 4514 Sit
965 4473 1131 4528 super
1187 4463 1415 4525 terram,
1491 4456 1547 4512 id
1589 4463 1693 4522 est,

18 4550 182 4603 veniat
212 4547 287 4603 ad
333 4548 644 4617 corporalis
669 4547 858 4618 operis
907 4545 1273 4603 evidentiam.
1323 4546 1510 4602 Potest
1542 4545 1692 4601 enim

18 4642 58 4688 et
79 4635 293 4691 bonum
327 4636 467 4702 ﬁeri,
497 4643 551 4692 et
581 4636 708 4691 laus
735 4635 926 4692 oblata
953 4634 1257 4691 contemni.
1286 4633 1422 4702 Quae
1453 4648 1698 4704 sequun-

19 4733 93 4779 tur
121 4725 570 4794 praecedentium
602 4726 854 4794 repetitio
901 4731 1054 4780 sunt.

72 4814 235 4869 Vens.
275 4818 362 4870 t3.
397 4844 465 4854 —
513 4817 582 4869 Et
627 4817 837 4880 factum
882 4819 960 4869 est
1007 4828 1245 4882 vespere,
1289 4817 1340 4868 et
1386 4828 1543 4867 mane
1582 4812 1698 4866 dies

17 4906 207 4956 tertius.
264 4902 418 4968 Quid
465 4905 654 4957 tertius
710 4900 826 4956 dies
897 4903 1006 4957 nisi
1062 4901 1318 4968 scientia,
1378 4915 1509 4971 qua
1574 4908 1700 4970 post

17 4997 262 5046 timorem
343 4991 728 5060 pietatemque
797 4990 870 5046 ad
930 4990 1272 5060 sapientiam
1337 4989 1702 5046 tendentibus

17 5079 200 5134 tertius
259 5079 479 5150 gradus
532 5078 660 5134 est?
709 5078 864 5134 Nihil
915 5079 1068 5133 enim
1114 5077 1399 5147 spirituali
1454 5077 1702 5132 scientiae

21 5168 182 5235 magis
226 5167 501 5236 competit
533 5179 711 5236 quam
766 5165 963 5222 saeculi
990 5166 1264 5221 astutiam
1293 5164 1622 5234 reprimere,
1649 5171 1703 5219 et

22 5265 128 5308 cum
171 5257 317 5311 bene
361 5255 562 5325 egerit,
605 5254 747 5311 alios
787 5255 860 5311 ad
910 5252 1225 5311 sanctitatis
1270 5253 1526 5308 studium
1565 5267 1703 5324 pro-

25 5351 221 5398 vocare.
275 5341 530 5399 Scientia
589 5343 763 5411 enim,
823 5342 996 5412 juxta
1058 5341 1290 5396 beatum
1342 5339 1700 5411 Gregorium,

30 5431 242 5493 pertinet
271 5431 347 5486 ad
379 5431 723 5500 doctrinam,
767 5429 1048 5500 sapientia
1092 5443 1230 5486 vero
1271 5429 1344 5484 ad
1382 5429 1579 5497 vitam,
1609 5428 1702 5484 cui

31 5519 136 5574 satis
169 5533 413 5591 vespere
455 5527 512 5575 et
553 5533 721 5576 mane
776 5518 1062 5586 convenit,
1096 5517 1238 5588 quia
1265 5530 1435 5573 rarus
1472 5516 1704 5572 omnino

1804 4377 1906 4438 est,
1932 4369 2123 4424 aureis
2147 4368 2374 4438 pateris.
2401 4367 2660 4423 Christus
2681 4376 2734 4423 et
2757 4368 3005 4424 Ecclesia
3026 4370 3189 4440 signa
3206 4378 3342 4426 sunt
3364 4379 3503 4427 tem-

1805 4471 2032 4527 porum,
2067 4454 2205 4524 quia
2233 4453 2520 4524 quidquid
2535 4468 2701 4525 egere
2730 4454 2819 4510 vel
2847 4455 3060 4525 agitur,
3088 4455 3246 4511 aliud
3277 4457 3508 4513 videtur

1809 4548 1865 4601 in
1895 4559 1977 4610 re,
2021 4543 2176 4600 aliud
2228 4543 2605 4612 portenditur.
2643 4543 2922 4611 Christus,
2969 4551 3023 4599 et
3062 4545 3164 4613 qui
3200 4554 3336 4602 sunt
3382 4547 3509 4617 ejus

1808 4633 1866 4688 in
1911 4630 2170 4702 praesenti
2219 4631 2358 4684 dum
2397 4631 2624 4699 vivunt,
2665 4637 2753 4685 η
2789 4631 2988 4687 mundi
3034 4632 3274 4689 tolerant
3305 4649 3509 4705 oppro-

1809 4719 1934 4776 bria
1960 4733 2028 4776 ac
2073 4731 2385 4786 aerumnas,
2417 4725 2473 4773 et
2510 4719 2558 4773 si
2597 4719 2669 4774 ab
2703 4718 2791 4774 his
2825 4719 2928 4788 qui
2961 4719 3156 4774 saeculi
3189 4730 3510 4789 pascuntur

1809 4808 1991 4880 gloria
2044 4807 2399 4878 requiratur,
2447 4821 2553 4862 cur
2594 4807 2702 4863 ista
2742 4814 2953 4875 (erant,
3007 4808 3166 4878 quia,
3212 4808 3509 4880 inquiunt,

1810 4902 2016 4966 tempus
2059 4904 2324 4975 nostrum
2371 4897 2610 4951 nondum
2655 4897 2896 4962 advenit,
2947 4903 3154 4966 tempus
3200 4904 3378 4952 autem
3426 4915 3512 4954 ve-

1807 4989 1982 5039 strum
2045 5000 2253 5054 semper
2311 4989 2390 5039 est
2445 4990 2708 5055 paratum
2754 4985 2941 5051 (Joan.
2989 5000 3083 5051 vii,
3136 4984 3209 5054 6).
3262 4987 3512 5056 Tempus

1812 5073 2240 5144 gloriﬁcationis
2289 5082 2620 5130 sanctorum
2681 5072 3198 5142 impraesentiarum
3246 5087 3359 5128 non
3407 5081 3510 5141 est,

1812 5162 1953 5232 quia
1973 5177 2088 5217 non
2120 5161 2332 5218 habent
2363 5162 2454 5217 hic
2484 5170 2806 5217 manentem
2839 5162 3127 5216 civitatem
3161 5160 3360 5232 (Hebr.
3390 5177 3510 5228 xm,

1818 5249 1925 5318 14),
1975 5249 2071 5304 sed
2120 5249 2328 5316 locum,
2371 5263 2487 5318 quo
2527 5249 2634 5318 ipsi
2683 5249 2785 5318 qui
2833 5263 3046 5305 aurum
3091 5264 3214 5305 esse
3254 5249 3515 5322 delegere

1814 5340 2158 5408 conﬂentur,
2211 5349 2266 5396 et
2327 5340 2423 5395 ubi
2488 5339 2770 5410 pressuris
2836 5341 3288 5409 contundantur,
3348 5342 3514 5398 utin

1813 5428 2092 5499 templum
2136 5429 2306 5501 Regis
2363 5428 2486 5484 sine
2540 5428 2726 5484 securi
2779 5435 2835 5485 et
2879 5429 3086 5486 malleo
3136 5439 3518 5488 exstruantur

1819 5517 1925 5586 (ΠΙ
1972 5521 2100 5584 Reg.
2154 5534 2228 5583 vi,
2277 5517 2351 5587 7).
2403 5517 2652 5586 Tempus
2700 5531 2836 5572 vero
2900 5533 3323 5588 perversorum,
3374 5521 3513 5576 dum
