3884 6068
337 206 406 263 47
1245 199 1307 252 ν.
1348 200 1681 256 GUIBERTI
1721 197 2010 254 ABBATIS
2049 196 2105 252 s.
2149 162 2392 252 usam
2432 197 2522 252 DE
2563 197 2950 252 NOVIGENTO
3789 200 3844 252 48

341 339 434 394 hic
485 345 682 409 agunt,
741 351 967 408 semper
1000 337 1058 392 in
1106 344 1374 406 promptu
1414 343 1517 402 est,
1569 334 1707 406 quia
1732 349 1838 390 nec
1879 334 2032 390 deest
2065 335 2112 386 Α
2151 337 2465 389 instruunt.
2512 332 2634 388 Non
2667 331 2818 388 enim
2870 346 3073 388 sumus
3120 333 3301 388 noctis
3359 347 3547 404 neque
3588 323 3861 391 tenebra?

340 426 494 483 unde
525 426 845 483 transitorie
897 424 1168 481 honorari
1231 432 1486 491 possunt,
1531 425 1578 480 si
1628 424 1858 480 fortuna
1889 423 2032 478 arri--

340 516 496 580 serit,
529 530 633 571 nec
680 515 998 571 honoribus
1047 514 1147 584 ipsi
1197 515 1533 570 desuntxln
1580 513 1728 568 malo
1756 521 1946 568 autem
1981 519 2036 567 et

343 603 398 658 in
432 603 578 658 bono
627 617 834 658 nomen
889 602 1156 671 temporis
1195 601 1328 671 poni
1375 602 1532 668 solet,
1566 609 1620 656 et
1651 601 1826 669 vulgo
1863 600 2034 656 etiam

341 691 450 746 dici
482 691 814 761 quibusque
848 691 1064 760 quibus
1093 697 1227 745 sunt
1275 691 1427 744 mala
1474 697 1825 754 proventura
1855 688 2036 744 felici-

340 779 469 835 bus.
528 779 642 835 Vos
703 779 1004 845 habebitis,
1084 778 1379 848 inquiunt,
1457 785 1682 846 tempus
1734 784 2034 845 vestrum;

341 867 495 923 unde
552 867 609 922 in
667 867 923 936 psalmo:
984 869 1054 920 Et
1113 866 1216 920 erit
1269 872 1478 935 tempus
1533 881 1713 919 eorum
1747 869 1806 919 in
1843 866 2039 919 secula

342 957 507 1026 (Psal.
557 971 714 1019 Lxxx,
772 955 872 1023 16).
950 955 1053 1010 Hic
1112 955 1327 1024 gloriae,
1409 954 1519 1009 illic
1583 953 1837 1009 habituri
1904 961 2039 1009 sunt

341 1051 566 1111 tempus
616 1043 876 1099 miseriae.
928 1043 1176 1111 Tempus
1223 1050 1416 1097 autem
1465 1051 1586 1111 post
1627 1042 1793 1096 linem
1845 1041 2036 1097 saeculi

344 1130 522 1199 hujus
551 1146 666 1186 non
693 1138 794 1193 est,
837 1130 1009 1201 juxta
1057 1130 1197 1185 illud
1233 1130 1290 1184 in
1328 1130 1663 1200 Apocalysi:
1709 1131 1779 1185 Et
1816 1139 2040 1200 tempus

343 1219 496 1274 ultra
542 1233 657 1275 non
690 1218 799 1273 erit
848 1219 1041 1286 (Apoc.
1082 1233 1167 1283 1.x,
1203 1217 1306 1287 16).
1360 1219 1465 1274 Sed
1499 1226 1724 1288 tempus
1769 1227 1823 1275 et
1852 1233 2040 1274 saecu-

341 1308 462 1363 lum
497 1307 765 1362 unimode
799 1306 936 1361 solet
985 1306 1118 1374 poni
1152 1321 1254 1376 pro
1285 1321 1348 1362 eo
1398 1307 1554 1376 quod
1597 1317 1681 1363 est
1709 1307 1845 1363 vita.
1882 1309 2042 1365 Unde

341 1395 675 1464 apostolus:
725 1394 1064 1448 Ambulastis
1107 1395 1407 1462 aliquando
1453 1396 1745 1451 secundum
1791 1399 2040 1452 saeculum

341 1483 534 1536 mundi
563 1481 726 1550 hujus
757 1482 971 1551 (Ep/tes.
1015 1498 1071 1544 Il,
1105 1484 1175 1550 2).
1221 1483 1285 1537 In
1335 1483 1550 1552 psalmo
1593 1484 1763 1539 etiam
1795 1485 2036 1548 dicitur;

342 1572 579 1624 Posuisti
646 1571 896 1623 secutum
925 1576 1169 1624 nostrum
1215 1573 1273 1624 in
1311 1573 1708 1626 illuminatione
1727 1575 1906 1626 vultus
1959 1569 2044 1628 tui

2145 436 2295 488 rum,
2329 422 2425 477 sed
2455 421 2565 477 diei
2596 436 2662 476 ac
2693 421 2928 477 luminis
2957 423 3006 488 (ι
3050 423 3226 476 Thess.
3265 439 3317 487 v,
3365 423 3439 491 5).
3851 427 3858 510 τ

2216 510 2383 565 Vens.
2441 512 2523 564 l9.
2577 541 2645 550 —
2689 513 2758 565 Et
2801 513 3011 575 factum
3070 515 3148 564 est
3194 525 3407 579 vespere
3459 516 3510 566 et
3547 527 3713 565 mane
3741 511 3855 565 dies

2145 604 2398 667 quartus.
2453 599 2516 654 In
2563 613 2629 653 eo
2673 599 2828 668 quod
2878 598 3247 668 preemittitur
3299 606 3355 654 et
3403 613 3552 670 saepe
3595 599 3858 656 dicitur:

2155 687 2468 742 ViditDeus
2504 687 2650 756 quod
2677 693 2812 742 esset
2847 689 3059 754 bonum,
3111 687 3239 742 licet
3285 687 3456 757 plura
3506 683 3861 757 dixerimus!

2147 775 2200 831 id
2232 775 2516 845 praecipue
2541 778 2758 848 [notare
2797 775 3087 842 debemus,
3139 775 3292 845 quod
3341 776 3481 831 dum
3523 790 3770 832 suorum
3803 778 3849 830 in

2146 863 2309 919 nobis
2367 877 2677 919 munerum
2734 864 2885 918 Deus
2952 863 3305 918 incrementa
3403 864 3676 934 largitur,
3726 872 3779 919 et
3828 857 3861 916 al

2147 952 2312 1007 nobis
2368 959 2598 1006 econtra
2653 959 2902 1021 quantos
2956 966 3058 1006 nos
3107 951 3175 1006 de
3235 965 3410 1022 quam
3453 952 3628 1007 nullis
3667 953 3861 1022 fecerit

2146 1039 2443 1108 aspicitur,
2491 1039 2748 1094 maxima
2808 1039 2866 1095 in
2912 1041 3200 1095 mentibus
3243 1040 3454 1096 nostris
3506 1025 3861 1096 humilitatis

2147 1142 2374 1184 summa
2441 1136 2769 1199 generatur.
2829 1129 2994 1185 Videt
3053 1131 3191 1182 Deus
3275 1129 3420 1198 quod
3501 1129 3702 1184 bonum
3764 1131 3861 1194 sit,i

2149 1217 2383 1286 quando
2423 1215 2566 1286 quid
2607 1216 2822 1272 fuimus
2864 1224 2919 1272 et
2963 1217 3104 1287 quid
3153 1217 3354 1284 simus,
3402 1232 3505 1273 nos
3555 1218 3862 1274 humiliter

2150 1305 2441 1361 attendere
2482 1304 2634 1360 facit.
2674 1306 2741 1360 Et
2771 1319 2843 1360 ex
2869 1306 2992 1375 ipsa
3021 1305 3189 1375 coepti
3219 1305 3350 1361 boni
3391 1307 3861 1362 consideratione

2151 1392 2410 1448 animum
2457 1401 2716 1448 nostrum
2767 1393 2834 1447 ad
2881 1393 3117 1448 meliora
3163 1393 3478 1449 succendit.
3515 1395 3680 1451 Unde
3727 1408 3861 1449 cum

2150 1481 2420 1552 Apostolo
2458 1497 2562 1538 nos
2610 1482 2758 1552 cogit
2799 1483 3027 1536 dicere:
3076 1484 3279 1537 Gratia
3325 1485 3418 1536 Dei
3455 1498 3572 1536 sum
3613 1483 3684 1538 id
3717 1483 3862 1551 quod

2150 1573 2365 1636 sum'(I
2421 1571 2549 1624 Cor.
2638 1588 2725 1635 xv,
2804 1573 2908 1637 10).
2991 1571 3120 1626 Dies
3185 1578 3451 1640 quartus,
3530 1572 3861 1642 gratiarum

345 1659 514 1724 (Psal.
568 1673 782 1724 LXXXIX,
835 1658 909 1726 8),
962 1658 1017 1713 id
1075 1667 1158 1714 est
1202 1659 1375 1713 vitam
1430 1668 1704 1715 nostram.
1758 1662 2042 1718 Usualiter
2076 1633 2112 1686 Β
2151 1633 2541 1727 spiritualium
2605 1633 2817 1712 scilicet
2862 1633 3132 1711 fortitudo
3189 1633 3405 1726 gradus
3439 1633 3559 1712 estw
3583 1668 3861 1727 quartus.

341 1746 512 1802 etiam
545 1746 612 1801 de
643 1747 837 1816 aliquo
863 1747 1143 1801 dicimus:
1176 1747 1387 1802 Malum
1427 1748 1700 1803 smeulum
1738 1749 1893 1805 ducit
1925 1750 2037 1805 ille.

344 1835 449 1890 Per
483 1836 589 1890 hoc
621 1835 801 1904 igitur
829 1836 980 1904 quod
1033 1835 1291 1891 Christus
1341 1836 1396 1890 in
1445 1837 1649 1893 diebus
1694 1839 2040 1894 earnis'suze

345 1924 554 1994 probra
601 1924 788 1992 potius
845 1924 1081 1992 appetiit
1138 1939 1315 1994 quam
1390 1926 1650 1993 honores,
1693 1935 1747 1982 et
1790 1927 2037 1983 Ecclesia

344 2013 536 2067 adhuc
565 2018 763 2080 sponte
817 2021 1211 2081 paupertatem
1241 2013 1437 2070 tolerat
1462 2023 1513 2070 et
1548 2015 1785 2073 labores.
1809 2017 2039 2086 signum

344 2107 428 2155 est
466 2099 619 2168 quod
666 2099 720 2153 in
763 2099 853 2154 his
902 2101 1310 2170 temporalibus
1350 2102 1513 2157 bonis
1571 2103 1752 2160 noluit
1796 2104 2042 2174 defigere

344 2197 581 2256 mentes,
659 2189 753 2244 sed
837 2190 907 2246 ad
979 2189 1176 2246 futura
1218 2205 1276 2246 se
1328 2191 1666 2256 extendunt,
1709 2205 1839 2261 quae
1892 2199 2041 2246 retro

343 2285 480 2333 sunt
519 2276 919 2334 obliviscentes
970 2279 1190 2348 (Philip.
1245 2295 1324 2346 ιιι,
1377 2280 1479 2346 l3),
1532 2294 1784 2350 quorum
1831 2288 1884 2336 et
1917 2278 2041 2335 ﬁeri

343 2373 539 2434 utpote
597 2373 946 2421 aeternorum
1019 2365 1376 2422 delectantur
1445 2374 1500 2422 et
1561 2375 1845 2423 conantur
1919 2369 2040 2423 hae-

346 2453 529 2508 redes.

414 2542 494 2596 Et
548 2543 683 2606 dies,
757 2548 806 2596 et
861 2558 1050 2598 annos.
1113 2542 1238 2599 Dies
1311 2552 1446 2600 sunt
1497 2543 1740 2614 singula“:
1794 2559 2041 2614 quaeque

344 2629 586 2685 virtutes
650 2644 780 2699 quae
833 2645 932 2700 per
979 2632 1494 2687 manifestationem
1543 2631 1780 2701 spiritus
1828 2632 2043 2687 dantur

314 2717 416 2772 -ad
479 2718 804 2784 utilitatem,
859 2733 972 2774 non
1042 2720 1207 2775 modo
1270 2734 1482 2791 genera
1552 2720 1904 2790 linguarum,
1951 2719 2038 2776 vel

344 2807 734 2876 interpretatio
781 2823 1133 2876 sermonum,
1181 2810 1298 2876 sed,
1352 2810 1508 2880 quod
1586 2809 1882 2865 salubrius
1935 2818 2038 2877 est,

346 2894 636 2964 patientia,
698 2895 1067 2966 benignitas,
1146 2897 1556 2965 misericordia,
1633 2897 1905 2963 charitas,
1987 2906 2111 2982 etC

344 2982 594 3038 castitas.
630 2983 732 3047 Qui
767 2983 975 3039 harum
1028 2985 1346 3055 quamlibet
1393 2985 1599 3056 attigit,
1648 2986 1796 3041 diem
1829 2985 2038 3051 habet;

345 3069 447 3139 qui
499 3084 634 3126 vero
677 3071 937 3127 omnium
989 3073 1388 3141 perfectionem
1441 3073 1728 3140 habuerit,
1777 3073 1932 3143 quod
1983 3074 2042 3128 in

344 3158 665 3227 apostolicis
725 3159 866 3215 viris
922 3159 1097 3216 fuisse
1146 3176 1258 3217 non
1311 3161 1708 3227 discredimus,
1777 3161 2042 3231 quandiu

342 3245 515 3301 etiam
570 3260 819 3315 przesens
871 3246 1103 3304 durabit
1151 3248 1448 3313 saeculum,
1493 3249 1595 3304 etsi
1646 3262 1810 3304 raros
1852 3249 2044 3304 admo-

343 3333 482 3389 dum
525 3334 700 3404 tales;
734 3343 923 3391 tamen
971 3336 1195 3406 aliquos
1224 3351 1337 3393 non
1376 3336 1674 3392 defuturos
1704 3351 2037 3406 speramus:

345 3427 446 3475 aut
476 3422 588 3490 ipse
617 3429 698 3477 est
737 3437 948 3490 annus,
1001 3423 1091 3480 vel
1141 3424 1328 3493 potius
1376 3425 1544 3480 habet
1590 3439 1829 3480 annum.
1885 3424 2042 3482 Sicut

344 3521 599 3579 namque
639 3525 712 3567 ex
757 3512 955 3567 multis
998 3512 1201 3569 diebus
1240 3527 1449 3579 annus,
1496 3513 1574 3569 ita
1618 3527 1691 3569 ex
1737 3514 2040 3584 multiplici

344 3595 626 3652 virtutum
683 3598 902 3654 lumine
949 3600 1040 3656 vir
1095 3599 1335 3670 quilibet
1382 3599 1738 3672 dignoscitur
1781 3609 2042 3658 constare

344 3684 645 3752 perfectus.
691 3686 950 3742 Concinit
997 3687 1134 3744 huic
1183 3688 1379 3745 sensui
1426 3689 1581 3759 quod
1629 3689 1746 3744 lilia
1791 3689 1892 3744 Job
1922 3689 2043 3745 dies

345 3779 603 3841 vocatur,
670 3780 724 3829 et
769 3775 872 3830 Job
922 3775 1040 3845 ipse
1104 3776 1303 3845 plenus
1343 3777 1566 3834 dierum
1611 3778 1795 3834 obisse
1845 3777 2039 3846 perhi-

346 3858 532 3915 betur.

416 3948 585 4004 Vsns.
621 3952 704 4002 16.
742 3979 813 3990 -
847 3953 1093 4019 Fecitque
1142 3955 1279 4007 Deus
1330 3952 1435 4006 duo
1466 3955 1762 4008 luminaria
1803 3971 2034 4022 magna:

345 4036 612 4092 luminare
640 4041 836 4106 maius,
887 4045 946 4092 ut
988 4046 1243 4108 praeesset
1290 4040 1417 4108 diei,
1471 4048 1521 4096 et
1569 4043 1834 4096 luminare
1861 4045 2039 4098 minus

342 4130 402 4178 ut
465 4135 719 4196 praeesset
789 4130 952 4186 nocti.
1014 4134 1067 4182 et
1132 4130 1335 4183 stellas.
1411 4129 1566 4185 Facit
1632 4130 1827 4200 itaque
1889 4132 2041 4187 Deus

343 4212 612 4266 luminare
712 4215 914 4282 majus,

343 4299 599 4356 Verbum
651 4314 784 4356 caro
836 4301 1050 4356 factum
1096 4302 1182 4357 sui
1243 4301 1567 4373 cognitione
1632 4303 1881 4360 illustrat
1931 4306 2042 4360 Ec-

341 4387 593 4453 clesiam,
625 4393 680 4442 et
722 4388 974 4442 Ecclesia
1003 4389 1090 4443 sui
1125 4389 1392 4458 exemplo
1422 4397 1476 4445 et
1517 4390 1778 4446 doctrina
1829 4393 2042 4448 illumi-

344 4481 444 4529 nat
492 4481 724 4540 terram,
776 4475 831 4530 id
879 4484 982 4542 est,
1047 4483 1405 4533 terrenarum
1453 4486 1664 4535 terram
1719 4480 2040 4537 amantium

343 4561 772 4617 conscientiam.
826 4564 904 4616 Et
935 4565 1138 4619 stellas.

416 4649 581 4704 Vens.
640 4652 701 4703 17
747 4657 802 4705 et
850 4653 933 4706 18.
1000 4681 1072 4694 -
1116 4655 1184 4707 Et
1229 4657 1411 4722 posuit
1453 4671 1543 4710 eas
1606 4659 1662 4709 in
1698 4656 2040 4726 ﬁrmamento

342 4739 477 4804 cali,
507 4743 566 4791 ut
601 4745 893 4807 praessent
933 4740 1044 4794 diei
1075 4757 1136 4794 ac
1183 4745 1344 4796 nocti.
1391 4746 1749 4798 Firmamento
1795 4746 1928 4811 caeli,
1984 4745 2038 4799 id

340 4833 424 4880 est
453 4825 654 4880 virtuti
703 4827 882 4883 animi
932 4829 1137 4885 debent
1188 4830 1464 4900 impressa
1504 4847 1616 4887 non
1657 4832 1842 4888 solum
1872 4831 2035 4886 Chri-

341 4922 482 4979 stus,
549 4913 644 4969 scd
693 4923 747 4971 et
812 4916 1079 4973 Ecclesia:
1157 4919 1502 4974 universalis
1578 4918 1900 4982 concordia,
1979 4918 2036 4972 in

342 5015 460 5070 qua
506 5009 640 5057 sunt
703 5002 863 5059 alteri
923 5004 1236 5061 alterorum
1299 5006 1593 5074 membra;
1682 5019 1785 5060 nec
1849 5004 2036 5061 solum

341 5088 689 5146 attendeuda
730 5091 1180 5150 universalitatis
1213 5095 1508 5160 sanctitas,
1558 5093 1654 5148 sed
1690 5099 1745 5148 et
1787 5093 2038 5163 singulo-

339 5189 492 5242 rum,
526 5177 626 5246 qui
659 5192 759 5247 per
783 5180 972 5236 stellas
1012 5181 1340 5252 figurantur
1388 5179 1736 5250 pervidenda
1764 5180 2034 5250 simplici-

342 5270 447 5318 tas.
481 5263 618 5330 Quae
652 5276 910 5336 praesunt
939 5269 1052 5322 diei
1082 5285 1144 5322 ac
1185 5270 1346 5334 nocti,
1381 5267 1520 5336 quia
1567 5275 1622 5323 et
1650 5267 1722 5322 ad
1753 5267 2036 5324 virtutum

341 5355 602 5409 custodia
646 5370 750 5411 nos
833 5357 1124 5423 muniunt,
1191 5362 1246 5411 et
1302 5355 1370 5411 de
1435 5355 1660 5411 cautela
1740 5355 2034 5421 vitiorum,

340 5440 614 5500 doetrinze
639 5457 706 5501 ac
745 5443 1090 5516 operationis
1132 5444 1385 5513 ipsorum
1432 5444 1887 5500 consideratione
1936 5459 2038 5499 nos

2148 1745 2294 1811 Quid
2342 1746 2495 1800 enim
2541 1747 2728 1816 magis
2791 1745 3048 1800 animum
3094 1745 3342 1811 roborat,
3407 1745 3559 1800 unde
3603 1747 3862 1815 amplius

2151 1834 2426 1889 fortitudo
2456 1834 2718 1889 nutritur
2755 1847 2928 1903 quam
2979 1847 3112 1888 cum
3161 1834 3358 1903 ipsum
3401 1835 3584 1889 Deum
3626 1835 3862 1889 electos-

2149 1937 2264 1992 que
2312 1921 2439 1992 ejus
2518 1922 2868 1979 attendimus
2931 1936 3203 1992 prospera
3265 1923 3574 1993 despicere,
3649 1923 3861 1978 mundi

2150 2011 2393 2066 adversa
2440 2025 2731 2081 nusquam
2775 2010 3128 2066 formidare?
3173 2011 3332 2075 Quod
3377 2012 3422 2066 si
3475 2021 3642 2068 extra
3695 2012 3862 2067 disci-

2152 2100 2364 2169 plinam
2390 2114 2613 2163 sumus,
2649 2107 2700 2155 et
2732 2114 2861 2155 eum
2886 2099 3216 2155 hominibus
3244 2099 3517 2171 flagellari
3555 2100 3862 2168 nolumus,

2148 2188 2391 2244 adulteri
2458 2195 2513 2242 et
2593 2202 2710 2243 non
2777 2187 2880 2242 filii
2968 2202 3191 2243 sumus.
3291 2188 3586 2244 Fortitudo
3674 2188 3862 2258 igitur

2149 2292 2363 2346 vespere
2427 2283 2476 2331 et
2543 2293 2699 2331 mane
2776 2277 2832 2332 in
2885 2276 3143 2332 adversis
3215 2284 3268 2333 et
3333 2277 3601 2347 jocundis
3678 2282 3862 2333 tantis

2152 2365 2394 2435 pullulet
2415 2365 2483 2421 de
2532 2364 2827 2434 exemplis,
2875 2373 2929 2420 et
2969 2365 3244 2420 mentium
3291 2374 3619 2420 nostrarum
3667 2365 3862 2435 vigori

2153 2467 2251 2523 per
2326 2454 2446 2508 haec
2521 2454 2742 2510 fortiter
2824 2453 3072 2510 excitato
3158 2452 3366 2508 fastidii
3434 2452 3621 2507 omnis
3689 2452 3862 2506 cedat

2149 2542 2485 2597 obscuritas.

2223 2630 2403 2684 Potest
2447 2637 2502 2686 et
2555 2644 2654 2698 per
2701 2631 2966 2684 luminare
2998 2629 3173 2696 majus
3225 2627 3390 2693 ratio,
3441 2640 3540 2696 per
3579 2626 3862 2680 luminare

2149 2720 2325 2772 minus
2375 2717 2660 2780 voluntas,
2708 2733 2810 2788 per
2859 2726 3068 2773 terram
3117 2715 3366 2771 carnalis
3400 2714 3640 2771 allectus
3680 2715 3862 2771 intel«

2151 2807 2268 2877 ligi.
2305 2806 2461 2863 Sicut
2507 2808 2659 2863 enim
2710 2820 2740 2861 a
2791 2806 2905 2862 sole
2943 2805 3084 2861 luna
3135 2805 3475 2872 illustratur,
3525 2811 3579 2859 et
3629 2815 3663 2857 a
3715 2802 3862 2859 luna

2153 2905 2322 2961 terra,
2386 2895 2468 2951 sic
2525 2895 2796 2951 voluntas
2864 2902 3058 2950 nostra
3129 2907 3366 2963 prorsus
3445 2891 3862 2962 comparabilis

2152 2982 2320 3050 lunae,
2357 2981 2495 3052 quia
2542 2996 2848 3052 nunquam
2897 2981 2953 3036 in
3001 2981 3198 3037 eodem
3249 2987 3404 3036 statu
3448 2986 3770 3050 permanet,
3803 2986 3862 3035 et

2149 3085 2297 3140 saepe
2368 3070 2574 3139 deficit,
2644 3071 2752 3125 nisi
2836 3085 2870 3125 a
2935 3070 3154 3126 ratione
3237 3069 3367 3126 forti
3459 3069 3861 3124 moderamine

2150 3167 2405 3230 regatur,
2476 3160 2548 3215 ad
2633 3173 2974 3214 consensum
3056 3159 3304 3214 carnalis
3369 3158 3678 3228 appetitus,
3749 3158 3861 3226 qui

2147 3262 2370 3318 semper
2413 3248 2677 3304 sordibus
2739 3249 2940 3314 inhiat,
2992 3248 3332 3303 creberrime
3384 3246 3708 3302 deducitur.
3744 3246 3856 3301 Sed

2148 3337 2288 3407 quia
2331 3337 2479 3392 sicut
2525 3351 2559 3391 a
2629 3344 2788 3406 patre
2836 3336 2989 3392 filius
3035 3349 3069 3390 a
3137 3334 3522 3405 parasitarum
3581 3334 3856 3389 societate

2150 3423 2535 3494 restringitur,
2585 3424 2660 3480 ita
2703 3424 2801 3480 illa
2843 3425 3070 3494 spiritui
3113 3437 3312 3495 parere
3359 3421 3743 3490 compellitur,
3792 3421 3852 3475 ﬁt

2148 3511 2279 3566 inde
2336 3519 2397 3566 ut
2452 3512 2639 3580 ipsum
2713 3512 2902 3568 carnis
2963 3520 3182 3567 motum
3235 3518 3290 3566 et
3366 3510 3488 3579 ipsa
3547 3508 3852 3576 compellat

2148 3607 2437 3670 quatenus
2473 3599 2578 3656 sibi
2629 3599 2958 3656 famuletur.
2999 3600 3132 3654 Haec
3155 3600 3345 3668 itaque
3388 3596 3652 3652 ordinata
3679 3596 3856 3650 modo

2148 3702 2264 3758 quo
2343 3688 2619 3759 diximus,
2677 3689 2887 3744 scilicet
2948 3689 3245 3744 voluntate
3321 3686 3469 3741 facta
3538 3685 3861 3754 appendiee

2149 3776 2407 3842 rationis,
2439 3784 2493 3832 et
2539 3777 2755 3833 carnali
2806 3776 3012 3833 affectu
3045 3775 3226 3846 posito
3265 3775 3372 3830 sub
3418 3773 3654 3843 imperio
3675 3774 3861 3842 justze‘

2147 3865 2480 3933 voluntatis,
2534 3880 2760 3921 necesse
2801 3873 2884 3921 est
2951 3872 3013 3920 ut
3064 3864 3183 3919 haec
3229 3876 3363 3918 cum
3411 3861 3607 3927 stellis,
3658 3860 3712 3914 id
3766 3870 3854 3917 est

2147 3967 2280 4009 cum
2355 3954 2615 4010 omnium
2690 3962 3018 4009 nostrarum
3079 3951 3337 4006 claritate
3401 3955 3492 4004 Is
3563 3949 3851 4004 virtutum

2148 4041 2462 4111 afﬁgantur
2542 4043 2903 4098 firmamento
2976 4039 3122 4106 cceli,
3208 4045 3262 4094 et
3310 4037 3593 4103 videlicet,
3675 4038 3851 4106 cujus

2147 4130 2353 4196 Verbo,
2389 4131 2502 4186 imo
2551 4144 2650 4200 per
2694 4143 2866 4199 quem
2916 4127 3169 4185 Verbum
3218 4125 3326 4196 ipsi
3366 4125 3496 4182 facti
3528 4129 3584 4181 et
3633 4124 3861 4181 firmati1

1011 4214 1166 4283 quod
1259 4215 1549 4270 illuminat
1635 4219 1834 4280 minus,
1899 4218 2039 4287 quia
2068 4226 2110 4278 D
2150 4227 2286 4275 sunt
2337 4220 2482 4285 cceli,
2524 4227 2577 4275 et
2626 4231 2871 4288 quorum
2927 4219 3114 4274 virtus
3160 4223 3244 4272 est
3312 4215 3530 4285 Spiritu
3574 4218 3694 4284 ejus
3726 4217 3849 4270 oris

2152 4309 2323 4372 (Psal.
2362 4324 2534 4374 xxxii,
2566 4309 2631 4368 6).

2223 4395 2385 4450 Vens.
2419 4397 2506 4447 20.
2543 4424 2609 4433 —
2655 4393 2819 4447 Dixit
2858 4409 3068 4462 quoque
3119 4394 3298 4447 Deus:
3344 4389 3656 4445 Producant
3686 4405 3844 4458 aqua

2150 4483 2342 4550 reptile
2387 4484 2582 4535 anima
2635 4483 2865 4536 viventis
2915 4487 2963 4535 et
3009 4482 3228 4535 volatile
3289 4494 3450 4544 super
3500 4482 3697 4532 terram
3739 4481 3844 4534 sub

2148 4569 2488 4638 ﬁrmamento
2547 4570 2683 4623 cmli.
2756 4569 2901 4634 Quid
2977 4583 3078 4638 per
3141 4570 3352 4637 reptile,
3429 4567 3537 4622 nisi
3619 4566 3861 4622 subtilis

2149 4656 2415 4711 alacritas
2467 4657 2799 4712 animorum
2830 4658 2902 4712 ad
2949 4656 3347 4727 intelligendas
3379 4664 3434 4712 et
3465 4645 3862 4732 penetrandasl

2149 4743 2523 4801 obscuritates
2587 4744 2916 4801 divinorum
2995 4744 3333 4800 librorum?
3403 4745 3573 4812 Aqua
3647 4749 3839 4798 autem

2146 4830 2357 4886 divinae
2447 4833 2697 4887 scientiae
2772 4833 2932 4901 copia
3016 4841 3147 4889 est:
3225 4833 3558 4895 Extmtdens,
3629 4813 3861 4900 inquit,l

2145 4920 2337 4976 cwlum
2395 4926 2455 4974 ut
2507 4921 2716 4989 pellem,
2767 4923 2864 4988 qui
2907 4923 3043 4988 tegis
3099 4923 3260 4991 aquis
3327 4921 3500 4986 (Psal.
3539 4933 3646 4984 Clll,
3679 4919 3747 4984 3).
3781 4923 3861 4974 et‘

2144 5015 2386 5077 caetera;
2447 5016 2502 5064 et
2551 5008 2694 5064 illud
2757 5009 2816 5063 in
2875 5009 3027 5064 bono
3096 5009 3335 5080 intelligi
3395 5014 3607 5078 potest:
3662 5007 3861 5062 Pisces.

2144 5097 2314 5149 maris
2365 5097 2463 5164 qui
2505 5097 2889 5165 perambulant
2914 5099 3134 5151 semitas
3177 5101 3348 5151 maris
3393 5097 3563 5166 (Psal.
3612 5110 3721 5157 vm,
3755 5099 3831 5162 9).

2149 5182 2674 5260 Producunt‘aquaa
2720 5184 2962 5254 reptilia,
2996 5198 3127 5240 cum
3160 5197 3337 5238 sacrae
3381 5183 3679 5253 Scriptura:
3722 5196 3834 5240 usu

2145 5285 2250 5326 suo
2299 5272 2473 5328 corda
2512 5282 2706 5329 nostra
2741 5273 2990 5329 reddunt
3035 5272 3109 5327 ad
3173 5271 3576 5342 reperiendum
3623 5271 3833 5327 acutis-

2146 5357 2310 5425 sima,
2337 5367 2392 5414 et
2437 5359 2506 5414 ad
2543 5359 2926 5415 exolvendum
2972 5358 3288 5426 celerrima,
3343 5359 3400 5413 in
3436 5359 3646 5429 quibus
3671 5360 3830 5427 quasi

2149 5459 2535 5515 procreamur,
2569 5449 2715 5503 etin
2769 5460 2970 5502 earum
3028 5454 3299 5502 naturam
3339 5445 3722 5501 convertimur
3770 5446 3829 5501 in
