3884 6068
17 253 64 303 t9
1208 249 1569 308 MORALIUM
1611 248 1687 307 IN
1724 250 2034 310 GENESIN
2075 252 2206 310 LIB.
2249 252 2292 308 Ι.
3440 260 3507 313 50

18 388 240 447 autum,
293 387 359 436 ut
389 380 516 435 sine
568 379 657 435 his
689 379 904 444 vivere,
947 379 1026 434 nil
1059 387 1265 450 praeter
1311 380 1414 435 has
1458 389 1691 452 gratum
1720 388 1764 438 Α
1804 383 1977 439 nimis
2031 385 2216 440 ardua
2258 385 2667 455 praesumptive
2719 384 2909 457 erigit,
2961 386 3034 442 ad
3083 388 3502 457 phantasticam

17 467 246 538 rogitare
327 468 632 538 possimus.
716 466 865 534 Quid
932 467 1084 522 enim
1153 468 1481 539 indignius,
1558 471 1701 541 quid

17 556 295 612 nolestius
348 556 559 612 animae
591 555 826 623 viventi,
861 563 927 612 ut
972 557 1289 613 secundum
1342 565 1562 614 textum
1613 560 1701 615 lo-

15 659 168 715 juar,
200 652 257 701 et
286 645 355 699 de
387 644 630 700 mortuis
659 658 805 714 quos
850 643 1152 700 satcularia
1178 654 1423 714 pascunt
1461 653 1699 713 taceam,

15 747 176 803 luam
208 748 243 788 a
272 732 472 788 divina
522 731 761 788 lectione
803 747 1027 799 vacare,
1074 740 1128 787 et
1181 733 1330 789 diem
1358 734 1480 791 sine
1526 736 1700 792 studii

15 823 197 877 'ructu
243 820 613 892 transigere?
643 820 787 877 Sunt
820 820 1000 891 igitur
1046 822 1269 891 reptilia
1300 823 1570 889 viventia,
1601 825 1701 895 qui

15 910 140 965 luic
203 917 415 965 sanctae
464 909 714 965 scientiae
773 909 942 980 quasi
990 910 1160 966 undae
1210 910 1531 980 purissimae
1596 928 1703 969 sua

22 1006 359 1069 mmerguut
398 1006 645 1068 pectora.
681 998 929 1054 Scientia
969 1006 1163 1055 autem
1211 1001 1392 1056 estde
1423 1002 1698 1070 moribus,

15 1096 53 1143 tt
84 1086 154 1142 de
198 1087 286 1142 his
318 1102 446 1157 qua?
494 1086 553 1141 in
586 1087 789 1143 usibus
837 1094 1097 1159 aguntur
1153 1088 1424 1144 humanis
1451 1090 1703 1159 qualiter

18 1176 121 1231 ieri
163 1175 406 1231 debeant
471 1175 704 1231 honeste
752 1182 1017 1244 tractare,
1076 1183 1131 1232 et
1168 1176 1364 1233 eadem
1415 1178 1705 1247 proximos

13 1264 262 1319 adocere.

78 1348 315 1404 Volatite
381 1361 517 1405 vero
575 1364 738 1418 super
804 1354 1008 1404 terram
1077 1364 1173 1406 eos
1232 1350 1334 1420 qui
1408 1351 1702 1421 sapientiae

13 1439 233 1494 student
274 1444 330 1493 et
372 1436 870 1507 contemplationis
900 1438 1238 1495 excellentia
1293 1440 1534 1496 terrenis
1572 1455 1700 1496 om-

13 1528 173 1583 nibus
201 1526 637 1597 supereminent
683 1526 1076 1598 intelligimus.
1124 1526 1474 1598 Sapientiam
1507 1537 1699 1585 autem

11 1614 308 1671 deﬁnimus
339 1614 398 1669 in
445 1614 771 1686 cognitione
814 1621 1183 1684 aeternorum,
1215 1615 1274 1671 in
1322 1616 1699 1688 intelligentia

1809 472 2207 543 00gitationem
2247 473 2606 530 devolvatur.
2652 462 2876 529 Etenim
2919 488 3035 529 non
3082 476 3509 549 imaginationis

1810 561 2091 631 grossitie,
2132 560 2236 617 sed
2273 562 2557 631 spirituali
2604 576 2837 631 prorsus
2883 563 3004 618 acie
3056 564 3206 620 Deus
3250 566 3500 622 videtur.

1814 651 1957 706 Deus
2010 664 2261 720 namque
2309 650 2553 719 Spiritus
2599 658 2702 706 est.
2753 650 3007 707 Verbum
3063 666 3200 724 ergo
3273 668 3504 711 carnem

1810 739 2021 794 factum
2048 739 2520 808 contemplemur,
2570 752 2670 808 per
2701 751 2877 809 quam
2916 739 3164 795 amando
3204 753 3239 795 a
3267 742 3507 797 terrenis

1808 827 2113 882 elevemur.

1881 915 2049 970 Vens.
2083 917 2171 968 2t.
2212 945 2282 955 —
2334 916 2548 971 Creavit
2577 916 2716 969 Deus
2763 918 2871 969 cete
2906 916 3162 983 grandia,
3210 922 3261 971 et
3301 933 3506 972 omnem

1808 1004 2048 1055 animam
2106 1004 2370 1055 viventem
2416 1005 2580 1070 atque
2638 1002 2964 1068 mutabilem,
3006 1018 3172 1071 quam
3227 1004 3504 1072 proditae-

1807 1096 1934 1145 rant
1998 1104 2162 1158 aquae
2190 1091 2362 1159 jua-ta
2406 1091 2604 1159 species
2650 1104 2799 1155 suas,
2853 1094 2904 1144 et
2945 1090 3165 1146 volatile
3214 1092 3506 1148 secundum

1808 1193 1974 1247 genus
2002 1194 2177 1234 suum.
2209 1178 2356 1245 Quid
2386 1183 2494 1232 cete
2529 1177 2790 1245 grandia,
2838 1177 2950 1233 nisi
2994 1178 3252 1235 doctores
3298 1180 3506 1236 claris-

1807 1265 1956 1332 simi,
2008 1280 2256 1337 quorum
2315 1265 2691 1336 capacissima
2732 1264 2865 1335 plus
2908 1266 3179 1321 omnibus
3223 1266 3507 1324 miramur

1809 1354 2085 1426 ingenia?
2114 1354 2261 1421 Quid
2292 1354 2674 1425 Augustinus,
2733 1352 2875 1423 quid
2918 1353 3323 1424 Hieronymus,
3362 1357 3506 1426 quid

1808 1442 2058 1512 denique
2134 1442 2444 1513 Gregorius
2513 1441 2624 1497 nisi
2702 1449 2960 1497 monstra
3028 1455 3136 1497 suo
3204 1449 3260 1497 et
3312 1453 3507 1500 nostro

1807 1532 2017 1587 saeculo
2048 1531 2205 1587 fuere
2239 1531 2496 1602 ingentia
2523 1530 2551 1585 ‘P
2580 1544 2615 1585 a
2640 1529 2874 1600 quibus.
2910 1536 2975 1584 ut
3006 1528 3258 1586 breviter
3294 1531 3502 1597 dicam,

1808 1632 1922 1674 non
1948 1618 2074 1674 dico
2099 1626 2180 1675 tot
2221 1626 2276 1675 et
2329 1626 2489 1675 tanta
2526 1617 2774 1674 inveniri
2826 1625 2881 1674 et
2930 1617 3132 1682 teneri,
3191 1617 3310 1684 sed,
3349 1620 3505 1689 quod

11 1704 140 1772 Dei;
184 1684 720 1772 contemplationem
770 1716 907 1759 vero
953 1703 1213 1759 bifariam
1259 1684 1533 1773 dicimus,
1557 1705 1696 1762 dum
1731 1684 1770 1738 Β
1810 1706 2131 1763 mirabilius
2159 1714 2261 1773 est,
2292 1715 2405 1762 tam
2456 1706 2758 1762 innumera
2795 1712 3027 1775 potuere
3056 1706 3339 1762 conscribi
3366 1684 3506 1777 qua

11 1792 213 1847 scilicet
294 1799 502 1862 argute
565 1791 919 1847 intendimus
982 1791 1132 1848 inter
1196 1806 1333 1848 vera
1397 1800 1453 1847 et
1514 1791 1696 1860 falsa,

11 1881 245 1935 virtutes
276 1894 344 1935 ac
376 1880 537 1947 vitia,
570 1880 735 1935 utilia
772 1886 827 1936 et
859 1879 1107 1948 inutilia,
1136 1888 1191 1936 et
1223 1880 1279 1936 in
1310 1881 1700 1951 speculatione

11 1969 214 2025 divina:
263 1967 581 2039 majestatis
603 1973 659 2023 et
701 1968 917 2024 civium
962 1983 1341 2039 supernorum
1384 1970 1597 2041 gloriae.
1633 1971 1696 2025 Hi

9 2058 102 2127 qui
175 2057 314 2122 istis,
393 2056 857 2127 contemplationi
932 2057 1191 2113 videlicet
1254 2071 1322 2112 ac
1384 2057 1696 2127 sapientiae,

11 2148 145 2202 dant
201 2160 453 2215 operam,
520 2146 668 2201 sicut
734 2145 815 2201 illi
873 2159 1021 2216 quos
1083 2145 1552 2217 przelibavimus,
1595 2147 1698 2218 qui

12 2235 299 2290 scientiam
352 2233 640 2300 adectant,
689 2248 761 2289 ex
829 2234 1019 2305 aquis,
1090 2234 1141 2289 id
1208 2242 1329 2302 est,
1392 2234 1701 2304 Scripturis

13 2324 286 2394 originem
317 2330 581 2388 sumunt,
614 2323 753 2393 quia
782 2322 870 2379 his
900 2322 1165 2378 innutriti
1195 2322 1423 2379 discunt
1451 2323 1700 2392 qualiter

12 2425 65 2466 se
97 2412 151 2465 in
200 2410 592 2481 spiritualium
637 2424 913 2466 sensuum
945 2410 1413 2481 inquisitionibus
1434 2425 1698 2466 exercere

8 2499 263 2555 debeant.
325 2499 431 2556 Sed
489 2499 618 2555 licet
659 2513 719 2555 se
765 2513 941 2569 super
983 2506 1213 2555 terrena
1262 2513 1451 2569 penna
1486 2506 1697 2555 sanctae

7 2586 357 2656 cogitationis
404 2585 668 2653 efferant,
717 2587 816 2641 sub
845 2584 1192 2657 ﬁrmamento
1231 2593 1421 2643 tamen
1468 2600 1696 2642 necesse

7 2683 82 2729 est
140 2682 201 2730 ut
262 2689 323 2731 se
381 2675 727 2745 deprimant.
783 2675 1238 2732 Firmamentum
1299 2675 1404 2731 hoc
1464 2675 1524 2731 in
1577 2675 1697 2730 loco

8 2770 177 2831 potest
209 2763 449 2834 intelligi
498 2763 686 2819 virtus
723 2763 1002 2834 angelica,
1057 2778 1189 2834 quae
1218 2763 1346 2819 aliis
1392 2764 1695 2819 ruentibus

9 2849 61 2904 in
106 2850 480 2907 beatitudinis
512 2851 643 2908 sede
668 2859 946 2921 perpetua
980 2851 1245 2907 ﬁrmitate
1273 2851 1548 2907 consistit.
1586 2852 1691 2918 Qui

8 2954 131 2995 cum
173 2953 401 3009 semper
447 2939 678 2996 videant
708 2940 908 2995 faciem
957 2939 1159 3006 Patris,
1189 2940 1361 3011 juxta
1394 2940 1690 3010 Evangelii

6 3027 215 3083 dictum
283 3029 502 3097 (Matth.
565 3044 719 3094 xvin,
789 3027 896 3098 1ο),
966 3036 1156 3085 tamen
1223 3030 1364 3098 quia
1427 3035 1693 3083 creatura

6 3124 169 3181 sunt,
254 3115 538 3173 Creatoris
618 3117 708 3172 sui
786 3118 1139 3188 majestatem
1214 3117 1694 3188 comprehendere

6 3203 333 3260 nullatenus
380 3211 638 3274 possunt.
691 3205 756 3261 Et
812 3219 945 3261 cum
993 3219 1064 3261 ne
1122 3204 1409 3261 modicum
1459 3205 1693 3276 quidem

8 3290 268 3358 peccandi
298 3289 590 3358 affectum,
623 3292 711 3347 vel
753 3292 946 3348 carnis
973 3292 1197 3362 pondus
1246 3293 1535 3360 habentes,
1576 3307 1693 3363 quo

7 3387 397 3448 aggraventur
459 3393 493 3434 a
539 3382 648 3436 Deo
699 3380 1042 3446 contuendo,
1090 3380 1277 3450 ipsum
1324 3381 1694 3451 aliquatenus

9 3466 214 3530 videre,
247 3468 344 3523 sed
375 3482 678 3538 nunquam
714 3468 1008 3538 pervidere
1035 3468 1322 3525 sinantur.
1355 3469 1499 3534 Quid
1529 3469 1694 3525 homo

9 3565 282 3622 peccator,
368 3558 507 3627 quid
586 3556 939 3626 corruptibili
1023 3557 1169 3613 mole
1243 3558 1547 3627 depressus
1615 3557 1693 3613 ibi

11 3644 210 3709 videat,
258 3644 357 3699 ubi
397 3659 472 3700 ex
520 3652 683 3714 parte
726 3644 1041 3715 spiritualis
1079 3646 1249 3701 etiam
1303 3645 1531 3716 natural
1556 3646 1692 3701 cali-

5 3730 134 3801 gat?
163 3733 291 3800 Ipsa
332 3734 486 3788 enim
515 3747 647 3789 cum
674 3733 745 3788 ad
780 3734 876 3789 Dei
906 3734 1387 3804 comparationem
1423 3748 1696 3804 corporea

5 3820 88 3885 sit,
119 3820 263 3889 quia
292 3821 685 3877 circumscribi
716 3828 915 3892 potest,
960 3822 1113 3893 quod
1155 3823 1307 3878 Deus
1350 3838 1464 3877 non
1494 3829 1692 3892 potest,

5 3908 137 3977 quia
169 3923 285 3964 non
312 3916 395 3965 est
422 3908 672 3979 idipsnm
714 3910 869 3980 quod
908 3910 1080 3978 Deus,
1131 3924 1243 3965 non
1272 3910 1420 3966 valet
1446 3924 1696 3981 compre-

6 3998 249 4054 hendere
277 3998 434 4069 quod
475 4008 559 4055 est
607 4000 778 4055 Deus.
830 4000 1139 4055 Pensemus
1188 4000 1402 4071 itaque,
1434 4008 1488 4056 et
1529 4000 1575 4056 si
1622 4000 1695 4056 sit

6 4087 209 4157 aliquis
238 4087 379 4143 adeo
406 4096 661 4154 sanctus,
695 4087 798 4158 qui
853 4102 952 4157 per
1001 4087 1299 4157 speculum
1344 4095 1399 4144 et
1445 4089 1696 4159 aenigma

5 4176 263 4231 scintillet
291 4174 350 4230 in
381 4175 526 4232 illud
554 4189 889 4245 supremum
922 4174 1136 4241 lumen,
1161 4190 1337 4247 quam
1361 4176 1511 4232 infra
1536 4176 1690 4232 illam

1807 1796 1908 1852 vix
1964 1796 2153 1852 media
2200 1796 2413 1866 possint
2459 1809 2495 1851 a
2537 1796 2701 1851 nobis
2750 1810 2863 1852 non
2911 1796 3038 1851 dico
3077 1794 3226 1865 capi,
3269 1797 3368 1852 sed
3410 1797 3503 1853 vel

1807 1882 2143 1952 simpliciter
2213 1881 2371 1951 legi?
2420 1880 2558 1948 Quis
2617 1882 2848 1952 gloriosi
2910 1882 3175 1953 Origenis
3237 1882 3391 1938 dicta
3444 1882 3502 1938 in

1807 1971 2071 2040 quinque
2101 1970 2383 2026 librorum
2415 1969 2669 2025 millibus
2710 1969 2971 2041 relegat?
3000 1969 3139 2036 Quis
3186 1970 3500 2042 Areopagi-

1809 2066 1878 2115 tas
1934 2059 2189 2129 Dionysii
2258 2058 2529 2127 mysteria
2592 2057 2765 2129 digne
2820 2057 3147 2129 intelligat?
3219 2058 3328 2114 Sed
3383 2059 3504 2114 haec

1806 2147 2004 2203 divina
2048 2146 2374 2217 sper-tacula
2419 2145 2644 2202 lectoris
2700 2146 2892 2201 animo
2948 2146 3161 2201 rectius
3208 2147 3504 2216 pensanda

1805 2235 2143 2300 omittimus,
2174 2248 2352 2305 quam
2405 2248 2605 2304 pauca,
2642 2234 2754 2289 imo
2801 2234 2983 2300 nulla,
3013 2241 3300 2304 quantum
3346 2234 3419 2290 ad
3444 2235 3500 2291 id

1806 2325 1960 2395 quod
2006 2337 2066 2379 se
2115 2338 2206 2380 res
2254 2323 2423 2379 habet
2470 2323 2845 2393 proferamus.
2889 2324 3045 2378 Facit
3096 2323 3246 2379 Deus
3289 2324 3500 2393 hujus-

1807 2413 1957 2469 modi
2008 2412 2279 2484 insignia,
2321 2412 2418 2469 sed
2462 2419 2519 2468 et
2551 2414 2790 2465 animam
2845 2413 3128 2476 viventem,
3179 2411 3235 2466 id
3280 2419 3363 2467 est
3404 2426 3501 2467 eos

1804 2501 1905 2569 qui
1935 2515 2009 2557 ex
2058 2501 2166 2557 fide
2207 2500 2431 2557 vivunt.
2482 2500 2586 2570 qui
2632 2506 2687 2556 et
2735 2499 2783 2554 si
2823 2514 2937 2554 non
2985 2508 3318 2569 operantur,
3361 2499 3500 2555 fides

1756 2625 1760 2630 -
1804 2597 1995 2645 tamen
2020 2588 2119 2655 eis,
2163 2590 2334 2659 juxta
2366 2587 2718 2658 Apostolutn,
2767 2594 3071 2657 reputatur
3117 2587 3189 2642 ad
3215 2587 3496 2656 justitiam

1804 2680 1978 2747 (Rom.
2030 2694 2104 2745 ιν,
2154 2680 2285 2747 22):
2343 2678 2475 2734 facit
2518 2684 2574 2732 et
2627 2677 2973 2745 mutabilem,
3022 2690 3118 2731 eos
3147 2675 3360 2732 scilicet
3394 2676 3497 2746 qui

1804 2780 1918 2822 non
1993 2766 2178 2822 solum
2242 2766 2314 2821 ad
2373 2765 2721 2821 credendum
2788 2764 3002 2831 vivere,
3061 2764 3158 2819 sed
3228 2763 3301 2819 ad
3355 2763 3497 2819 bene

1802 2854 2089 2924 agendum
2176 2860 2367 2909 motus
2441 2852 2661 2908 alacres
2739 2852 2878 2908 dare
2963 2859 3269 2908 noverunt.
3352 2851 3497 2907 Sunt

1814 2947 1902 2995 I9
1948 2956 2200 3012 namque
2230 2943 2333 3011 qui
2378 2942 2507 2997 fidei
2549 2941 2728 2997 solius
2775 2949 3135 2997 sacramento
3182 2940 3492 3001 salventur.

1807 3034 1868 3085 ut
1893 3030 2159 3095 infantes,
2201 3032 2416 3100 quibus
2452 3030 2699 3086 aliorum
2744 3029 3033 3085 succurrit
3076 3029 3410 3095 credulitas,
3438 3036 3495 3084 et

1803 3118 1863 3174 hi
1918 3133 2063 3189 quos
2128 3118 2624 3174 Christianismum
2703 3117 2970 3187 excipere
3044 3116 3244 3173 mortis
3325 3124 3494 3188 urget

1803 3206 2138 3263 necessitas:
2185 3213 2322 3262 sunt
2358 3214 2413 3262 et
2457 3206 2553 3262 alii
2591 3220 2739 3277 quos
2782 3205 2853 3261 ad
2897 3212 3047 3261 recte
3091 3204 3323 3261 vivendi
3364 3212 3493 3261 stu-

1801 3294 1960 3350 dium
2020 3293 2255 3365 instigat
2332 3307 2482 3364 pura
2548 3293 2835 3357 voluntas,
2904 3302 2959 3350 et
3023 3294 3219 3350 aeterni
3272 3293 3493 3363 praemii

1801 3383 2102 3453 cupiditas.
2151 3382 2239 3438 llli
2295 3382 2473 3452 igitur
2522 3381 2795 3444 viventes,
2865 3380 2954 3437 isti
3024 3382 3336 3438 motabiles.
3386 3381 3492 3438 Sed

1801 3485 1999 3527 omnes
2062 3485 2136 3526 ex
2208 3470 2379 3540 aquis
2441 3470 2673 3526 oriundi
2749 3478 2904 3537 sunt,
2991 3470 3131 3541 quia
3183 3484 3257 3526 ex
3315 3484 3493 3526 sacrae

1801 3559 2111 3628 Scriptura;
2155 3557 2676 3628 praedicationibus,
2718 3564 2775 3613 et
2819 3556 3086 3613 affectum
3143 3558 3285 3613 bene
3333 3558 3494 3628 cogi-

1803 3648 1963 3703 tandi
1992 3646 2344 3717 concipiunt,
2375 3654 2430 3702 et
2475 3646 2547 3701 ad
2595 3645 2882 3708 effectum,
2924 3660 3055 3715 qua)
3098 3646 3239 3702 bene
3283 3659 3493 3701 conce-

1803 3744 2026 3806 perant,
2058 3736 2295 3791 ducunt.
2341 3734 2562 3790 Habent
2584 3740 2638 3790 et
2671 3733 2894 3803 reptilia
2932 3734 3053 3790 haec
3090 3735 3303 3804 species
3335 3748 3489 3798 suas,

1802 3830 1857 3879 et
1881 3823 2131 3879 volatilia
2176 3837 2359 3895 genus
2409 3837 2603 3889 suum,
2654 3821 2793 3892 quia
2822 3822 3043 3892 quique
3081 3830 3135 3878 et
3186 3822 3328 3878 bene
3364 3836 3492 3878 cre-

1802 3912 2017 3981 dentes,
2040 3921 2094 3968 et
2115 3912 2267 3983 juste
2304 3911 2575 3979 viventes,
2620 3919 2676 3967 et
2717 3910 3001 3967 subtiliter
3046 3911 3496 3980 contemplantes

1803 4002 1966 4057 varia
2022 4002 2311 4073 possident
2366 4015 2469 4072 pro
2539 4014 2645 4057 suo
2708 4000 2877 4057 modo
2934 4000 3255 4071 gratiarum
3313 3999 3495 4056 chari-

1801 4098 2006 4156 smata,
2092 4105 2223 4161 quae
2288 4089 2517 4146 diversa
2585 4088 2643 4144 in
2706 4103 2826 4144 una
2894 4088 3211 4145 intentione
3273 4087 3493 4144 faciunt

1802 4181 2110 4249 proposita.

5 4264 341 4334 dignitatem
371 4263 686 4334 angelicam
722 4264 930 4335 jaceat,
962 4264 1131 4335 cujus
1160 4272 1393 4332 natura,
1424 4279 1695 4336 quamvis
1723 4278 1764 4332 ι)
1876 4268 2043 4323 Vsus.
2091 4269 2180 4321 22.
2229 4296 2298 4306 —
2342 4265 2732 4334 Benediasitque
2782 4267 2858 4319 eis
2911 4267 3046 4319 Deus
3093 4264 3315 4319 diceris:
3366 4265 3490 4321 Cre-

5 4352 329 4420 purissima,
389 4359 581 4408 tamen
623 4359 834 4417 creata,
879 4353 938 4408 in
1001 4353 1183 4410 Deum
1229 4353 1423 4411 minus
1483 4354 1691 4411 videat.

8 4438 114 4494 Sub
143 4444 490 4508 ﬁrmamento
519 4440 697 4511 igitur
741 4441 1020 4508 volemus,
1075 4441 1212 4512 quia
1258 4445 1360 4499 etsi
1386 4442 1455 4499 de
1484 4442 1697 4498 divinis

8 4536 336 4593 tractemus,
394 4528 536 4599 quia
602 4528 770 4600 longe
864 4528 938 4585 ab
1005 4544 1206 4586 eorum
1270 4529 1696 4601 perspicacitate

6 4618 298 4682 distemus,
332 4615 387 4671 in
413 4617 570 4672 omni
610 4617 1088 4687 contemplatione
1136 4625 1328 4673 nostra
1370 4632 1695 4688 pensemus,

6 4720 104 4760 nec
154 4718 259 4759 nos
306 4704 380 4759 ad
420 4719 620 4762 eorum
669 4706 1181 4777 comparationem,
1235 4706 1346 4762 imo
1394 4707 1695 4776 aequalita-

6 4796 137 4856 tem,
166 4791 222 4846 in
259 4790 371 4847 hac
398 4791 515 4848 vita
558 4794 857 4863 pervenire
887 4809 1048 4864 posse
1078 4808 1516 4864 praesumamus.

65 4880 387 4937 Possumus
436 4888 491 4936 et
524 4896 621 4951 per
674 4882 1103 4938 firmamentum
1148 4882 1527 4939 humilitatem
1569 4882 1696 4939 Sal-

5 4968 234 5035 vatoris,
281 4982 416 5038 quas
462 4968 803 5027 immortalis
848 4978 903 5027 et
950 4970 1316 5040 impassibilis
1363 4986 1437 5028 ex
1503 4985 1694 5028 resur-

6 5058 265 5119 rectione.
306 5064 363 5113 et
406 5058 575 5128 quasi
628 5058 790 5115 firma
835 5058 954 5130 jam
1006 5058 1154 5114 facta
1206 5067 1310 5124 cst,
1361 5059 1695 5130 intelligere,

9 5146 104 5200 sub
133 5159 259 5216 qua
290 5146 474 5201 multo
515 5146 875 5217 probabilius
918 5154 1004 5203 est
1031 5155 1085 5203 et
1118 5146 1300 5203 tutius
1332 5147 1700 5219 imaginando

11 5237 261 5292 animum
315 5235 631 5302 intendere,
679 5244 733 5293 et
799 5237 871 5294 ad
920 5249 1046 5292 eam
1097 5236 1177 5307 pii
1233 5244 1377 5292 aestu
1433 5237 1698 5293 desiderii

16 5325 310 5395 suspirare,
355 5338 536 5395 quam
584 5324 721 5382 illuc
769 5325 972 5382 oculus
1009 5333 1063 5382 et
1110 5325 1354 5395 lippiens
1393 5326 1696 5397 dirigatur,

20 5414 96 5468 ubi
124 5413 354 5485 aliquid
395 5413 466 5470 de
500 5415 613 5470 Deo
658 5413 1071 5471 inconveniens
1116 5414 1416 5486 cogitetur,
1450 5422 1506 5471 et
1546 5414 1700 5470 unde

28 5501 239 5561 intentio
286 5502 694 5574 spiritualibus
760 5503 955 5561 minus
1016 5510 1266 5570 assueta,
1320 5503 1458 5559 dum
1508 5518 1568 5560 se
1627 5503 1697 5559 ad

1804 4358 1934 4410 scite
2005 4360 2057 4409 et
2121 4354 2585 4423 multiplicamini,
2653 4358 2703 4407 et
2776 4353 2974 4422 replete
3049 4367 3223 4422 aquas
3297 4351 3488 4416 maris,

1804 4459 2032 4512 avesque
2053 4444 2481 4511 multiplicemur
2520 4456 2685 4511 super
2722 4446 2940 4496 terram.
2984 4440 3065 4496 Ac
3108 4440 3155 4496 si
3202 4440 3354 4497 Deus
3399 4448 3493 4495 at-

1805 4532 2045 4587 tendens
2096 4530 2368 4587 exercitia
2426 4537 2645 4597 nostra,
2696 4529 2912 4600 quibus
2956 4528 3025 4585 de
3081 4527 3244 4585 bonis
3276 4527 3493 4584 meritis

1805 4620 1876 4675 ad
1921 4620 2141 4689 potiora
2188 4618 2456 4675 merenda
2510 4617 2941 4682 inardescimus,
3003 4624 3261 4687 patenter
3306 4616 3488 4672 dicat:

1806 4706 2040 4761 Crescite
2087 4702 2475 4774 intelligentia,
2503 4710 2558 4758 et
2590 4702 2735 4758 alter
2763 4702 3007 4758 alterum
3047 4701 3225 4757 sacris
3250 4701 3495 4771 eloquiis

1808 4792 2112 4848 imbuendo
2144 4791 2561 4862 propagamini,
2591 4795 2642 4845 et
2671 4806 2843 4861 aquas
2874 4792 3066 4858 maris,
3096 4789 3152 4845 id
3188 4796 3272 4845 est
3305 4789 3492 4858 pleni-

1807 4881 2066 4938 tudinem
2146 4881 2597 4952 Scripturarum,
2671 4880 2992 4950 allegoricis
3062 4886 3119 4935 et
3176 4878 3493 4934 moralibus

1804 4970 2242 5026 commentando
2296 4969 2505 5039 replete
2553 4968 2836 5025 sensibus.
2900 4976 2956 5024 et
3008 4966 3063 5023 hi
3119 4981 3265 5037 quos
3304 4979 3497 5037 penna

1807 5058 2213 5128 speculationis
2234 5058 2519 5120 sublevat,
2571 5064 2626 5113 et
2670 5057 2727 5112 in
2779 5054 3117 5112 discretione
3158 5054 3491 5125 spirituum.

1806 5156 1859 5203 et
1885 5147 2360 5218 contemplatione
2388 5146 2787 5216 mysteriorum
2826 5144 3140 5201 caelestium
3169 5142 3496 5214 spirituales

1808 5236 2022 5292 amoris
2065 5235 2373 5307 flagrantia
2401 5235 2515 5291 sint
2545 5250 2709 5306 super
2755 5238 2975 5300 terram,
3030 5232 3085 5287 id
3121 5240 3225 5300 est,
3259 5241 3496 5288 terrenas

1809 5324 2139 5396 cupiditatis
2202 5323 2484 5381 illecebris
2564 5323 2996 5381 abstrahamur.
3074 5320 3247 5377 Maris
3303 5327 3493 5377 autem

1809 5427 1977 5485 aqua;
2007 5427 2172 5469 sacra
2219 5413 2431 5483 pagina
2462 5427 2578 5469 non
2624 5410 2965 5469 inconcinne
3008 5408 3320 5475 confertur,
3357 5410 3498 5481 quia

1809 5503 1949 5572 ipsa-
1974 5509 2060 5558 est
2105 5516 2239 5571 quas
2276 5502 2513 5559 Joannis
2554 5502 2613 5560 in
2661 5500 3003 5572 Apocalypsi
3048 5498 3327 5555 amaricat
3365 5512 3498 5556 ven-
