3874 6048
291 192 351 246 51
1204 190 1263 244 V.
1305 188 1637 245 GUIBEBTI
1674 186 1968 245 ABBATIS
2005 188 2061 244 S.
2103 187 2339 245 ΜΑΡιΙᾸΞ
2377 186 2468 244 DE
2504 186 2897 245 NOVIGENTO
3756 184 3823 236 52

292 332 435 383 trem
469 325 662 397 (Apoc.
694 342 751 381 x.
807 326 918 395 t0),
966 331 1022 382 et
1071 323 1330 381 accendit
1380 338 1446 380 eo
1496 323 1682 396 magis
1740 322 1990 380 bibentis
2018 324 2060 378 A
2108 325 2274 393 (Rom.
2304 341 2401 392 xii,
2434 324 2511 395 6),
2539 323 2689 380 alius
2718 322 2819 391 sic,
2874 321 3023 379 alius
3050 335 3187 378 vero
3238 320 3342 389 sic,
3398 333 3545 392 quas
3590 319 3825 377 multo-

292 412 465 481 sitim,
498 427 615 484 quo
643 411 894 483 amplius
925 411 1172 480 bibitur;
1202 411 1357 467 unde
1381 419 1437 468 et
1462 411 1790 467 sitientibus
1820 418 1884 466 ιιι
1916 410 1989 467 ad

294 515 478 570 aquas
504 500 742 557 veniant
772 501 846 556 ab
874 500 1025 556 Isaia
1053 499 1341 556 clamatur
1386 501 1541 570 (Isai.
1591 515 1677 567 ιν,
1723 502 1791 568 l).
1824 499 1990 556 Videt

294 589 464 645 etiam
497 590 647 644 Deus
689 589 845 659 quod
891 588 964 644 sit
1010 588 1248 655 bonum,
1309 588 1450 658 quia
1500 602 1573 643 ex
1620 586 1992 643 delectatione

295 686 659 747 acceptorum
695 691 1007 734 munerum
1036 676 1308 733 intuitum
1342 683 1602 732 nostrum
1632 682 1900 745 provocat
1920 675 1991 732 ad

295 766 608 835 appetitum
652 764 973 822 meliorum.

366 853 534 911 Vens.
568 856 655 909 23.
686 884 757 895 -—
815 857 884 910 Et
927 856 1135 922 factum
1186 860 1264 909 est
1315 868 1532 922 vespere
1578 857 1629 907 et
1675 868 1831 908 mane
1878 853 1993 909 dies

296 946 537 1012 quintus.
596 944 669 998 Et
711 942 923 999 divinae
969 943 1168 1015 gratim
1218 942 1436 1013 gradus
1488 942 1753 1012 quintus,
1801 941 1994 998 consi—

298 1029 460 1086 lium.
490 1030 560 1085 Et
604 1028 698 1085 cui
750 1030 977 1100 negotio
1035 1030 1220 1101 magis
1274 1036 1357 1085 est
1405 1029 1749 1085 conveniens
1801 1028 1995 1085 consi-

299 1118 463 1186 lium,
482 1131 658 1188 quam
678 1132 855 1176 sacrae
880 1118 1103 1189 paginae
1129 1118 1551 1189 quaestionibus
1569 1118 1996 1189 disquirendis?

299 1205 603 1275 Nusquam
630 1205 781 1261 enim
812 1205 1192 1275 periculosius
1245 1212 1498 1271 erratur,
1548 1219 1725 1275 quam
1757 1204 1803 1260 si
1834 1218 1869 1261 a
1900 1219 1996 1262 re-

302 1292 455 1364 gulis
508 1299 563 1355 et
612 1291 876 1348 sensibus
922 1293 1156 1349 Patrum
1208 1300 1468 1349 veterum
1518 1294 1833 1350 recedatur.
1886 1295 1998 1350 Te-

300 1389 508 1438 neatur
535 1396 673 1453 ergo
721 1396 925 1438 eorum
975 1397 1402 1454 usquequaque
1444 1382 1744 1450 sententia,
1776 1382 1881 1453 qui
1929 1382 1999 1438 de

302 1471 449 1526 sacri
504 1469 719 1541 eloquii
784 1470 1050 1527 obscuris
1099 1471 1350 1542 qualiter
1407 1478 1594 1527 essent
1650 1471 2000 1543 inquirenda

303 1558 676 1629 scripserunt,
729 1565 784 1616 et
840 1560 912 1615 ab
962 1560 1045 1615 eis
1097 1573 1133 1615 a
1187 1560 1403 1631 quibus
1466 1560 1770 1631 quaeritur,
1801 1561 2000 1617 eodem

2101 412 2203 469 lies
2230 419 2284 468 et
2309 413 2471 468 vario
2510 412 2676 469 modo
2724 411 2883 468 locis.
2913 410 3182 481 pluribus
3231 409 3436 466 retexit
3479 408 3823 480 Apostolus.

2100 500 2259 558 Unde
2288 508 2343 557 et
2371 501 2507 557 dicit
2555 500 2712 570 quia,
2760 500 2866 556 etsi
2896 499 3157 555 membra
3189 504 3385 555 nostra
3413 497 3722 554 diversum
3761 495 3824 551 in

2099 603 2335 660 corpore
2371 589 2623 646 ofﬁcium
2662 588 2876 645 habent
2930 587 3090 653 (ibid.
3117 587 3227 655 4.),
3260 593 3451 642 tamen
3470 586 3818 642 ofliciorum

2098 677 2403 734 concordia
2451 686 2506 734 et
2557 678 2770 734 vicarii
2842 675 3120 747 sulfragio
3195 676 3477 732 unitatem
3541 680 3820 731 servant.

2099 765 2260 833 Quod
2292 766 2369 822 ibi
2396 766 2532 823 dicit
2559 768 2838 831 membra,
2875 766 2966 821 hic
2994 764 3205 822 dicitur
3235 777 3419 835 genus
3448 762 3533 819 vel
3567 776 3823 835 genera.

2100 854 2426 912 Ministeriis
2456 864 2647 913 autem
2691 863 2824 926 apta
2869 853 3143 910 animalia
3184 853 3446 924 jumenta
3492 858 3823 917 vocantur,

2101 960 2233 1015 quae
2258 959 2376 1000 non
2428 945 2744 1016 incongrue
2789 942 3174 1014 quorumdam
3216 941 3584 997 saecularium
3622 940 3826 995 vitam

2102 1032 2352 1103 signant,
2386 1033 2509 1104 qui,
2535 1034 2636 1089 etsi
2671 1033 2727 1089 in
2757 1030 3106 1104 quibusdam
3138 1028 3379 1086 terrenis
3415 1029 3660 1085 acclines
3696 1028 3827 1084 sint

2103 1121 2363 1193 negotiis,
2396 1135 2431 1178 a
2468 1121 2695 1192 propria
2735 1127 2926 1177 tamen
2977 1118 3144 1174 valde
3192 1118 3450 1193 libertate
3478 1116 3825 1181 frenantnr,

2103 1216 2390 1279 quantum
2439 1208 2685 1265 aliorum
2726 1206 3129 1264 misericordiis
3176 1204 3452 1262 inservire
3496 1212 3827 1260 conantur.

2104 1298 2281 1366 Quem
2327 1311 2560 1353 sensum
2610 1298 2800 1369 juvat,
2845 1295 3000 1366 quod
3040 1294 3178 1351 talia
3207 1309 3239 1351 a
3288 1302 3439 1351 terra
3484 1292 3828 1365 plurimum

2106 1386 2563 1455 suspenduntur.

2180 1474 2359 1530 Habet
2387 1474 2562 1530 etiam
2596 1470 2845 1533 Ecclesia
2872 1474 3114 1541 reptilia,
3156 1472 3297 1542 quia
3340 1472 3619 1542 quosdam
3650 1471 3717 1526 in
3768 1484 3834 1526 se

2109 1562 2361 1619 continet
2414 1561 2513 1633 qui
2566 1562 2641 1617 ita
2698 1560 3009 1617 mundanis
3066 1561 3221 1616 curis
3286 1574 3354 1616 ac
3415 1558 3834 1630 voluptatibus

305 1626 550 1718 Spiritus
593 1626 818 1703 fervore
877 1626 1222 1719 quaeratur,-
1257 1664 1372 1720 quo
1428 1626 1502 1705 ab
1554 1649 1666 1706 illis
1723 1626 1826 1721 qui
1873 1663 2000 1705 eam
2031 1626 2073 1681 Β
2111 1650 2382 1721 injacent,
2415 1626 2480 1707 ut
2526 1649 2686 1706 nullo
2725 1648 2958 1705 virtutis
2986 1647 3286 1704 intervallo
3333 1660 3367 1702 a
3396 1626 3833 1718 temporalibus

308 1749 568 1807 reperere
604 1736 847 1807 quaesita
892 1738 1275 1808 cognoscitur.
1322 1739 1387 1794 In
1417 1739 1572 1794 omni
1606 1746 1801 1795 nostra
1825 1752 2002 1795 causa

308 1825 479 1895 quasi
526 1822 789 1881 laterales
842 1825 1179 1893 habeamus,
1238 1826 1341 1896 qui
1415 1841 1519 1883 nos
1559 1826 1679 1883 suis
1729 1833 2003 1883 tueantur

312 1912 584 1981 consiliis,
616 1927 689 1968 ne
725 1921 938 1970 certam
970 1914 1299 1985 jaculemnr
1356 1915 1696 1972 sententiam
1742 1916 1800 1971 in
1832 1916 2005 1972 rebus

312 2001 526 2069 dubiis,
559 2016 649 2070 ne,
685 2016 817 2058 cum
858 2002 1235 2074 intelligentia
1282 2018 1399 2060 non
1444 2005 1712 2075 suppetit,
1746 2012 2009 2061 auctores

315 2104 559 2161 arguere
586 2091 833 2148 velimus
862 2093 1029 2163 quasi
1060 2092 1253 2149 nimiae
1303 2092 1669 2150 obscuritatis
1715 2101 1817 2151 aut
1840 2093 2011 2150 rusti-

2107 1739 2341 1794 distent.
2393 1739 2661 1794 Attamen
2704 1736 2931 1804 vivunt,
2983 1742 3038 1792 et
3068 1736 3174 1792 hoc
3206 1735 3327 1792 sola
3369 1735 3499 1801 fide,
3532 1750 3653 1806 qua
3682 1732 3841 1805 opi-ﬁ

2112 1827 2330 1884 tulante
2371 1841 2501 1883 cum
2561 1826 2760 1896 pedem
2792 1831 2893 1880 eo
2920 1839 3035 1881 non
3076 1824 3327 1881 habeant
3369 1824 3576 1895 operis,
3609 1822 3841 1880 labun“

2111 1923 2209 1972 tur
2262 1930 2437 1986 super
2487 1923 2697 1971 terram
2756 1914 3041 1971 industria
3108 1913 3499 1984 intelligentiae
3552 1912 3832 1979 vivacis;

2113 2003 2388 2059 sciuntse
2434 2016 2615 2073 prava
2661 2016 2853 2073 agere,
2904 2001 3248 2057 transitoriis
3298 2000 3541 2068 inhiare,
3590 2014 3692 2071 spe
3747 2007 3837 2055 ta-

2117 2106 2248 2148 men
2320 2092 2379 2147 in
2436 2091 2636 2162 seipsis
2694 2090 3095 2147 misericordiae
3172 2089 3590 2160 consequendae
3656 2089 3835 2160 inge-

315 2178 518 2246 citatis,
552 2179 708 2250 quod
737 2179 1006 2236 horrendi
1045 2186 1129 2237 est
1158 2180 1432 2237 criminis.
1466 2182 1529 2237 In
1555 2181 1770 2252 quibus
1799 2181 2012 2239 scilicet
2116 2181 2437 2245 miscentes,
2486 2180 2667 2236 saltus
2695 2193 2869 2250 super
2898 2193 2967 2235 ea
2997 2178 3213 2249 quibus
3260 2177 3541 2233 inhaerent
3573 2190 3837 2233 consue-

319 2267 657 2324 tractatibus
703 2268 809 2324 etsi
860 2282 1065 2339 vesper
1100 2268 1414 2340 aliquando
1448 2269 1702 2340 patimur
1747 2269 2011 2327 defectio-
2118 2277 2330 2327 verunt
2358 2269 2516 2325 dare.
2562 2268 2825 2324 Tradunt
2876 2274 3140 2323 auctores
3198 2265 3355 2338 quod
3408 2266 3653 2335 reptilia,
3687 2278 3838 2336 qua:

318 2359 427 2427 nis,
486 2366 588 2415 aut
637 2358 921 2431 caliginis,
975 2359 1178 2416 crebra
1234 2359 1531 2417 instantia,
1576 2359 1909 2429 meditandi,
1959 2368 2015 2418 et
2122 2357 2180 2413 in
2213 2357 2318 2413 hoc
2356 2356 2478 2413 loco
2522 2364 2811 2426 serpentes
2862 2354 3254 2426 intelligimus,
3300 2353 3531 2410 vitalem
3562 2354 3837 2409 animam

320 2453 464 2503 aestu
493 2447 705 2504 amoris
741 2447 923 2504 divini
969 2448 1296 2516 comitante,
1341 2463 1512 2504 mane
1532 2448 1866 2519 .poterimus
1893 2449 2015 2505 adi-
2125 2444 2517 2516 principaliter
2544 2444 2603 2500 in
2647 2444 2832 2515 capite
2875 2443 3145 2508 habeant,
3180 2444 3259 2500 ita
3296 2446 3361 2499 ut
3402 2443 3468 2509 si,
3520 2449 3633 2499 toto
3680 2441 3841 2497 reli—

325 2534 461 2604 pisci
509 2534 887 2606 intelligibilis
922 2534 1088 2592 lucis.
1135 2536 1248 2593 Vix
1291 2536 1445 2592 enim
1493 2535 1552 2591 in
1582 2536 1792 2607 vapido
1837 2535 2017 2593 animi
2125 2549 2242 2605 quo
2297 2533 2547 2591 abscisso
2622 2547 2874 2604 corpore,
2956 2531 3309 2603 quibusdam
3386 2531 3585 2588 saltem
3642 2529 3841 2602 palmi

323 2629 478 2679 statu
497 2636 792 2678 summum
838 2622 1060 2695 aliquid
1108 2624 1241 2694 quis
1289 2624 1537 2695 attingit,
1571 2632 1671 2681 aut
1700 2639 2015 2696 nusquam,
2125 2637 2400 2679 mensura
2429 2622 2601 2693 juxta
2645 2629 2817 2693 caput
2862 2621 2932 2678 de
2979 2635 3215 2691 corpore
3255 2620 3376 2691 ipso
3418 2619 3710 2687 resederit,
3758 2631 3841 2674 ex

325 2711 479 2782 quod
508 2719 781 2782 expertus
810 2726 940 2768 sum
1000 2726 1074 2769 ex
1121 2713 1357 2784 meipso,
1414 2713 1538 2783 qui,
1599 2714 1754 2784 quod
1797 2714 2021 2785 tepidus
2128 2712 2252 2783 ipsa
2281 2725 2412 2781 quae
2437 2711 2608 2781 capiti
2652 2719 2845 2767 manet
2881 2709 3187 2766 vivacitate
3230 2709 3371 2765 mori
3418 2723 3535 2765 non
3583 2707 3838 2779 possint.

324 2813 440 2855 non
481 2813 642 2870 posse
666 2799 738 2856 ab
784 2799 980 2871 aliquo
1028 2800 1265 2869 credidi,
1306 2800 1615 2857 animatior
1663 2801 1826 2858 solito
1856 2802 2021 2858 facile
2128 2799 2234 2857 Cui
2270 2799 2438 2855 valde
2476 2798 2832 2855 simillimum
2879 2805 2963 2855 est
3008 2798 3164 2869 quod
3213 2804 3422 2854 nostrae
3481 2796 3612 2852 ﬁdei
3642 2796 3841 2852 docu-

330 2887 533 2958 irrupi.

2050 2929 2092 2985 C
2129 2895 2324 2945 menta
2372 2896 2585 2954 tenent,
2638 2889 2781 2958 quia
2834 2895 3094 2958 peccator
3139 2886 3469 2957 cuicunque
3518 2885 3703 2943 errori
3738 2885 3842 2941 iin«

400 2977 566 3032 Vens.
599 2976 688 3031 24.
737 3007 806 3017 -
858 2979 1017 3034 Dixit
1067 2993 1277 3048 quoque
1318 2979 1499 3033 Deus:
1554 2979 1829 3035 Producat
1875 2985 2022 3036 terra
2055 2975 2092 2985 “
2130 2977 2380 3049 plicitus,
2413 2976 2633 3033 etiamsi
2658 2977 2714 3033 in
2745 2977 2866 3047 ipso
2901 2976 3102 3033 mortis
3130 2982 3418 3033 momento
3448 2975 3842 3047 ingemiscens

328 3067 570 3120 animam
596 3067 861 3121 viventem
887 3068 948 3121 in
979 3081 1168 3136 genere
1190 3081 1306 3133 suo,
1334 3068 1603 3136 jumenta,
1630 3072 1681 3123 et
1708 3070 1953 3138 reptilia,
1973 3075 2025 3125 et

333 3154 529 3210 bestias
576 3159 733 3210 terra
781 3155 1074 3211 secundum
1114 3157 1313 3226 species
1345 3171 1493 3211 suas.
1539 3158 1705 3212 Terra
1738 3157 1936 3214 multis
1966 3158 2023 3214 in

333 3242 485 3309 locis,
517 3250 573 3299 et
614 3244 935 3314 specialiter
984 3258 1143 3300 mens
1180 3244 1466 3315 cujusque
1514 3244 1718 3313 fidelis,
1767 3252 1823 3302 et
1853 3259 2026 3317 gene-

334 3331 530 3388 raliter
583 3332 771 3388 omnis
821 3332 1076 3388 Ecclesia
1130 3331 1360 3396 dicitur,
1419 3333 1492 3389 ob
1540 3333 1888 3391 fertilitatem
1929 3334 2028 3391 sci-

333 3420 485 3490 licet,
524 3420 1082 3491 cultibilitatemque,
1136 3421 1277 3492 quia
1329 3421 1511 3477 divini
1571 3423 1837 3497 praecepti
1885 3423 2028 3494 ligo-

336 3507 510 3563 nibus
534 3507 760 3576 colitur,
781 3514 837 3563 et
870 3507 1151 3564 bonorum
1184 3515 1420 3564 actuum
1459 3507 1621 3565 ferax
1652 3510 2027 3581 dignoscitur.

338 3595 591 3652 Ecclesia
666 3595 899 3667 quidem
956 3598 1196 3651 animam
1255 3600 1538 3664 viventem,
1602 3597 1715 3654 Deo
1768 3598 2027 3668 jubente,

340 3681 622 3750 producit,
655 3682 795 3752 quia
826 3682 1091 3739 Salomon
1126 3683 1218 3739 ille
1250 3698 1425 3741 verus
1450 3685 1555 3741 etsi
1586 3685 1888 3757 sexaginta
1918 3685 2033 3742 sint

340 3769 573 3841 reginae,
610 3777 799 3827 tamen
843 3771 1131 3843 octoginta
1176 3772 1346 3830 habet
1374 3774 1747 3842 concubinas,
1796 3781 1851 3831 et
1889 3774 2033 3830 ado-

343 3858 785 3916 lescentularum
844 3874 962 3915 non
1014 3867 1096 3917 est
1152 3876 1434 3919 numerus
1479 3864 1656 3934 (Cant.
1706 3879 1780 3931 vi,
1843 3865 1913 3933 7).
1968 3864 2033 3919 In

344 3947 553 4017 populo
580 3948 731 4003 enim
763 3948 881 4016 Dei,
923 3949 1026 4004 etsi
1058 3963 1171 4005 non
1222 3964 1420 4007 omnes
1476 3966 1583 4008 sua
1639 3951 1956 4018 dimittunt,
1990 3952 2037 4008 si

343 4035 598 4107 virgines
626 4048 748 4092 esse
796 4050 911 4092 non
967 4045 1226 4107 possunt,
1279 4039 1621 4096 mediocrem
1662 4047 1855 4097 tamen
1886 4042 2037 4097 Deus

345 4124 464 4180 suis
490 4123 689 4181 statuit
719 4124 928 4193 locum,
986 4140 1059 4182 ex
1119 4141 1234 4198 quo
1261 4127 1307 4183 si
1361 4135 1511 4185 recte
1569 4128 1824 4198 vivatur,
1878 4128 2035 4185 salus

2132 3064 2480 3135 pmnituerit,
2532 3064 2944 3120 salvandorum
2985 3063 3106 3134 jam
3136 3064 3388 3120 moriens
3409 3063 3557 3134 parti
3586 3063 3842 3132 pertine-

2134 3154 2243 3222 bit;
2272 3154 2353 3210 sic
2394 3154 2548 3210 enim
2606 3153 2921 3209 scribitur:
2972 3152 3242 3209 Peccator
3289 3165 3645 3223 quacunque
3691 3151 3842 3206 hora

2134 3242 2499 3313 ingemuerit,
2542 3241 2741 3298 salvus
2766 3241 2873 3297 erit
2906 3241 3114 3311 (Ezech.
3148 3256 3340 3306 xxxiii,
3377 3239 3503 3310 l2):
3536 3238 3647 3295 ﬁde
3676 3238 3841 3295 enim

2135 3331 2281 3387 salvi
2309 3331 2475 3397 fiunt,
2517 3331 2666 3388 sicut
2694 3329 3004 3400 Apostolus
3033 3329 3149 3386 ait:
3180 3330 3251 3384 Ei
3287 3344 3411 3383 vero
3441 3330 3539 3397 qui
3563 3343 3673 3382 non
3712 3340 3842 3396 ope-

2134 3426 2316 3490 ratur,
2337 3420 2577 3476 credenti
2603 3425 2782 3475 autem
2822 3422 2881 3474 in
2928 3434 3066 3485 eum,
3121 3420 3218 3487 qui
3259 3418 3534 3488 justiﬁcat
3577 3417 3841 3485 impium,

2136 3513 2422 3580 reputatur
2448 3509 2581 3578 fides
2623 3508 2739 3579 ejus
2792 3508 2867 3562 ad
2916 3509 3198 3577 justitiam
3249 3506 3416 3578 (Rom.
3452 3521 3526 3573 iv,
3576 3504 3691 3576 45).
3729 3502 3842 3574 Ipsi

2137 3612 2366 3668 corpus,
2398 3597 2455 3653 id
2500 3603 2584 3653 est
2610 3609 2783 3668 opera
2812 3609 2927 3651 non
2970 3596 3203 3663 habent,
3245 3601 3303 3651 at
3344 3607 3479 3649 vero
3527 3592 3735 3663 capite,
3791 3591 3842 3647 id

2138 3692 2223 3742 est
2254 3685 2362 3741 ﬁde
2392 3685 2669 3753 viventes,
2708 3698 2779 3739 ex
2811 3683 2935 3754 ipsa
2964 3682 3156 3750 unica,
3185 3681 3338 3738 unde
3358 3695 3582 3752 semper
3610 3681 3842 3747 vivant,

2139 3781 2457 3845 cperantur
2478 3772 2608 3829 sibi.
2659 3771 2763 3829 Cui
2814 3771 3164 3842 astipulatur
3206 3769 3362 3841 quod
3415 3777 3710 3842 serpentes
3740 3782 3842 3841 pro

2143 3862 2355 3919 tuendo
2398 3862 2514 3918 solo
2568 3860 2750 3930 capite
2788 3867 2969 3916 totum
3025 3874 3233 3930 corpus
3282 3860 3552 3931 periculis
3594 3859 3842 3931 obiicere

2143 3950 2343 4007 solent.
2396 3949 2485 4004 Sic
2520 3948 2610 4004 isti
2649 3948 2991 4018 contemptis
3018 3948 3431 4019 temporalibus
3478 3963 3609 4020 quae
3658 3946 3842 4018 possi-

2144 4038 2280 4094 dent
2324 4037 2666 4107 plerumque
2720 4036 2922 4093 timore
2988 4036 3107 4105 Dei,
3181 4037 3496 4109 aliquando
3567 4036 3842 4094 mortium

2144 4139 2383 4182 suarum
2416 4124 2692 4191 articulis,
2725 4139 2826 4181 seu
2858 4124 3208 4196 quibuslibet
3249 4126 3519 4196 periculis
3556 4131 3756 4195 caput,
3794 4120 3842 4178 id

345 4220 541 4284 optata
594 4212 941 4269 obtineatur.
1006 4214 1139 4271 Ideo
1193 4218 1252 4270 in
1296 4216 1449 4273 domo
1510 4220 1692 4273 Patris
1736 4220 2039 4273 mansiones
2067 4242 2108 4296 ι)
2145 4221 2229 4270 est
2258 4213 2570 4281 Christum,
2614 4213 2704 4269 vel
2738 4213 2947 4270 Christi
2990 4214 3163 4271 ﬁdem
3193 4214 3299 4271 sibi
3338 4214 3584 4283 salvant,
3637 4226 3842 4269 mona‘

347 4301 529 4356 multa
572 4304 700 4355 sunt
749 4299 924 4371 (Joan.
958 4318 1072 4369 xw,
1107 4303 1183 4373 2),
1234 4304 1357 4361 ideo
1398 4307 1557 4361 stella
1586 4323 1620 4361 a
1656 4308 1814 4362 stella
1855 4306 2045 4376 diﬂ'ert

348 4391 408 4442 in
437 4389 688 4443 claritate
737 4388 797 4460 (Ῑ
841 4389 960 4446 Cor.
993 4407 1084 4461 xv,
1138 4392 1252 4462 41),
1286 4392 1425 4464 quia
1474 4394 1532 4449 in
1582 4394 1690 4450 hac
1719 4393 2046 4465 peregrina-

353 4475 523 4533 tionis
558 4476 709 4533 valle
751 4477 961 4534 diversi
1024 4480 1193 4537 valde
1251 4481 1400 4538 inter
1453 4495 1560 4538 nos
1626 4488 1762 4538 sunt
1817 4481 2046 4538 ordines

350 4563 500 4620 vitae.
525 4562 671 4621 Sunt
698 4564 853 4621 enim
883 4567 1091 4625 animae
1140 4570 1432 4640 quaedam,
1463 4569 1769 4626 scintillam
1811 4569 2044 4640 quidem

353 4651 456 4708 etsi
486 4666 602 4707 non
631 4652 856 4710 ardoris
903 4655 975 4711 ad
1022 4656 1248 4728 agiliter
1288 4657 1666 4728 operandum.
1721 4656 1922 4713 saltem
1972 4657 2045 4713 ad

354 4742 497 4797 bene
547 4740 859 4798 volendum
909 4742 1188 4801 habentes
1229 4744 1617 4816 eleemosynas
1662 4744 1905 4801 libenter
1934 4745 2046 4801 im-

355 4830 634 4900 pendunt,
666 4831 1062 4888 ecclesiasticis
1102 4832 1302 4888 ofﬁciis
1341 4833 1431 4902 pie
1476 4833 1781 4901 intersunt,
1832 4840 1888 4890 et
1934 4833 2047 4889 alia

356 4918 663 4975 mediocria
709 4919 881 5005 bona,
913 4920 1115 4977 devote
1186 4920 1476 4987 facientes,
1533 4934 1567 4976 a
1613 4921 1943 4992 capitalium
1989 4936 2047 4979 se

355 5007 642 5064 malorum
669 5008 834 5065 sorde
885 5010 1055 5081 juxta
1085 5022 1246 5078 posse
1294 5010 1609 5065 continent.
1640 5010 1862 5067 Vivunt
1912 5026 2048 5083 ergo

359 5103 645 5167 quantum
670 5096 742 5153 ad
767 5097 867 5154 Dei
912 5110 1165 5152 amorem
1212 5096 1302 5153 vel
1334 5096 1502 5153 ﬁdem
1549 5099 1767 5156 attinet.
1800 5102 2049 5156 Jumenta

358 5191 549 5242 autem
576 5193 713 5243 sunt
751 5186 811 5242 in
857 5190 1145 5255 quantum
1189 5185 1351 5242 bonae
1387 5187 1785 5244 consolationis
1814 5196 1915 5246 aut
1946 5189 2052 5246 hu-

358 5276 651 5332 manitatis
679 5273 912 5331 cuilibet
935 5287 1098 5343 opem
1126 5273 1338 5332 ferunt.

430 5364 537 5422 Sed
585 5363 904 5423 notandum
947 5364 1105 5436 quod
1151 5364 1364 5423 dicitur
1410 5367 1470 5420 in
1516 5380 1705 5433 genere
1743 5380 1860 5432 suo,
1911 5365 2053 5437 quia

362 5454 642 5512 habemus
703 5452 1017 5509 donationes
1083 5455 1375 5509 secundum
1445 5457 1683 5524 gratiam
1743 5453 2051 5523 diferentes

2152 4302 2326 4359 chum
2360 4300 2639 4368 faciendo,
2666 4316 2768 4358 seu
2798 4302 2941 4358 alias
2971 4302 3115 4359 bene
3147 4302 3413 4359 vivendo.

2222 4393 2327 4447 Per
2357 4391 2553 4445 bestias
2578 4395 2734 4446 terra
2763 4391 3003 4461 quidam
3037 4391 3187 4447 intra
3235 4391 3545 4448 Ecclesiam
3584 4390 3842 4462 ﬁguran-

2152 4486 2250 4536 tur
2280 4480 2439 4536 ferali
2470 4480 2666 4536 animo
2694 4487 2749 4536 et
2779 4480 3116 4536 crudelitate
3144 4480 3417 4552 insignes,
3441 4480 3563 4552 qui,
3595 4480 3728 4536 licet
3750 4492 3842 4550 pel

2153 4575 2510 4639 potentatum
2552 4568 2885 4624 saecularem
2940 4582 3113 4638 quem
3177 4575 3388 4640 gerunt
3452 4567 3636 4624 multa
3697 4565 3842 4620 mala

2154 4663 2500 4728 perpetrent,
2533 4664 2726 4713 tamen
2775 4657 2846 4712 ad
2892 4670 2990 4712 cor
3037 4656 3341 4713 redeuntes
3389 4657 3600 4727 saepius
3648 4654 3719 4710 de
3751 4652 3842 4709 Dei

2148 4744 2367 4815 judicio
2397 4745 2563 4801 valde
2591 4744 2994 4812 extimescunt,
3027 4752 3081 4801 et
3127 4745 3377 4816 plurima
3405 4742 3679 4799 beneficia
3709 4756 3842 4811 pro-

2154 4835 2285 4891 inde
2334 4834 2693 4904 impendunt.
2745 4832 2882 4900 Quae
2929 4833 2977 4889 si
3041 4833 3337 4890 humiliter
3384 4837 3584 4902 agunt,
3636 4842 3742 4885 nec
3782 4830 3842 4885 dt

2156 4925 2303 4981 bono
2350 4937 2519 4994 opere
2564 4922 2930 4979 securitatem
2979 4922 3250 4994 peccandi
3317 4918 3625 4989 accipiunt,
3676 4920 3784 4974 etsi
3820 4930 3842 4974 a

2157 5011 2439 5070 mundiali
2481 5025 2625 5067 cura
2689 5025 2925 5082 prorsus
2965 5010 3218 5082 expediri
3275 5023 3387 5064 non
3437 5013 3696 5078 possunt.
3746 5012 3842 5063 aul

2155 5107 2442 5161 metuunt,
2473 5100 2660 5158 dicere
2690 5116 2804 5157 non
2852 5101 3033 5158 audeo
3082 5098 3233 5170 quod
3267 5094 3599 5167 hujusmodi
3644 5095 3842 5167 despe-

2157 5188 2323 5245 randi
2386 5188 2516 5245 sint.
2582 5189 2718 5255 Quis
2784 5187 3310 5245 Nabuchodonosor
3358 5184 3622 5256 nequior,
3673 5186 3769 5241 cui
3819 5197 3842 5239 a

2157 5276 2434 5348 propheta
2503 5277 2749 5334 dicitur:
2817 5276 3038 5333 Redime
3102 5274 3488 5328 misericordiis
3546 5287 3842 5351 pauperum

2152 5371 2377 5436 peccata
2408 5366 2551 5422 tua?
2580 5366 2753 5435 (Dan.
2790 5382 2866 5432 iv,
2897 5363 3007 5433 24.)
3054 5362 3126 5419 Et
3172 5362 3217 5417 si
3260 5361 3572 5419 idololatrze
3616 5369 3671 5418 et
3702 5376 3842 5433 gen-

2157 5453 2239 5511 tili
2274 5453 2583 5526 praedicare
2630 5444 3021 5524 paenitentiam
3066 5441 3265 5507 Daniel
3312 5465 3429 5508 non
3476 5449 3747 5523 neglexit,
3794 5454 3842 5507 et
