3874 6048
1226 257 1579 317 MORALIUM
1620 262 1692 316 lN
1730 264 2034 320 GENESIN
2080 265 2208 321 LIB.
2252 265 2294 318 Ι.
3457 264 3524 317 iii

19 370 244 466 Ninives
273 374 487 466 populo
525 389 641 432 non
659 379 844 435 solum
874 380 1113 440 inﬁnitis
1141 387 1449 447 sceleribus
1476 392 1700 461 obruto,
1736 398 1779 448 Α
1818 397 2074 463 rationis,
2143 403 2370 466 propter
2411 409 2542 465 quae
2597 394 2921 465 innumera,
2980 409 3110 466 quae
3170 393 3352 466 magis
3395 408 3519 450 sen-

19 459 102 514 sed
129 468 185 552 et
219 463 345 518 veri
379 464 474 520 Dei
515 480 752 535 prorsus
785 469 988 540 ignaro
1021 473 1166 531 idem
1225 477 1374 534 alius
1432 459 1707 552 propheta

17 549 319 643 praedicat;
372 554 474 610 ubi
530 556 667 612 satis
720 557 1050 618 mirandum
1098 573 1199 633 est,
1263 549 1447 637 quod,
1483 549 1568 626 his
1607 573 1708 643 qui

17 640 136 693 ﬁdei
167 642 473 698 scientiam
510 658 626 700 non
657 647 944 705 habebant
980 653 1310 720 poenitentia
1367 640 1706 716 nuntiatur:

15 736 65 825 et
87 727 154 825 si,
189 729 456 825 inquam,
495 733 602 825 his,
636 745 854 804 quanto
892 742 1078 811 magis
1130 745 1381 812 proderit
1428 747 1708 805 Christia-

16 818 144 872 nis?
203 819 279 874 Et
337 822 470 890 quis
510 822 768 893 desperet
823 827 891 882 de
942 829 1223 900 ﬁdelibus,
1293 834 1337 890 si
1395 851 1523 906 spes
1553 845 1711 894 tanta

17 907 181 962 datur
202 917 262 964 et
295 909 484 980 impiis
509 911 537 965 ?
570 913 680 968 Hos
721 915 779 969 in
811 917 1064 974 Ecclesia
1113 922 1262 978 Deus
1301 939 1592 997 quemque
1623 943 1709 984 se-

18 997 274 1094 cundum
334 1001 580 1094 propria:
639 1004 772 1062 vitm
827 1008 1071 1078 gradum
1107 1011 1374 1079 instituit,
1433 1023 1494 1072 ut
1548 1017 1711 1072 nobis

22 1090 270 1184 insinuet
311 1090 468 1184 quia,
503 1091 548 1146 si
586 1093 656 1148 ad
698 1109 992 1154 summum
1023 1099 1151 1170 ejus
1190 1102 1620 1174 discipulatum,
1655 1107 1709 1162 id

17 1182 91 1229 est
120 1177 523 1247 imitationem,
557 1182 798 1240 facultas
855 1187 958 1242 niti
1016 1203 1128 1244 non
1177 1199 1280 1259 est,
1314 1193 1564 1251 sciamus
1592 1196 1709 1252 sal-

20 1272 122 1355 tem
155 1265 304 1335 quia
358 1268 552 1325 minus
605 1275 930 1341 potentibus
983 1277 1204 1335 medius
1249 1280 1406 1337 locus
1461 1283 1550 1339 sit.
1584 1285 1710 1355 Ipse

20 1354 160 1410 enim
192 1356 301 1426 qui
345 1357 517 1424 dixit,
545 1374 678 1416 cum
710 1362 1098 1434 virginitatem
1150 1369 1258 1426 sub
1305 1354 1707 1429 cunuchorum

24 1445 243 1502 nomine
296 1445 598 1505 laudaret:
640 1452 745 1517 Qui
796 1459 969 1523 potest
1029 1473 1216 1527 capere
1273 1464 1457 1530 capiat
1488 1464 1703 1532 (Matth.

23 1549 132 1600 xxx,
195 1535 315 1606 12),
383 1538 531 1594 idem
577 1540 752 1597 dixit:
797 1543 859 1598 Si
909 1547 990 1599 vis
1045 1551 1318 1616 perfectus
1365 1565 1496 1619 esse,
1550 1552 1706 1618 vade,

21 1625 175 1678 tende
237 1641 358 1696 qum
416 1627 578 1684 habes
634 1631 793 1701 (Ibid.
827 1636 942 1704 2t),
1000 1642 1055 1692 et
1096 1646 1338 1709 caetera;
1378 1655 1492 1696 non
1523 1641 1702 1696 dixit:

19 1713 125 1768 Nisi
165 1717 517 1786 vendideris,
560 1734 675 1776 non
725 1702 966 1778 intrabis
1023 1724 1081 1780 in
1134 1702 1379 1798 regnum
1407 1729 1700 1786 caelorum.
1740 1702 1779 1756 Β

19 1802 165 1867 Quod
198 1817 457 1876 namque
487 1807 632 1865 dixit
661 1823 673 1863 :
724 1811 833 1876 Qui
857 1827 963 1868 non
991 1819 1270 1872 renuntiat
1316 1820 1560 1873 omnibus
1590 1835 1710 1888 quae

21 1893 272 1961 passidet,
334 1912 438 1950 non
477 1900 655 1966 potest
705 1916 852 1956 meus
889 1918 1000 1957 esse
1037 1904 1334 1975 discipulus
1366 1909 1518 1979 (Luc.
1593 1921 1705 1976 xw,

25 1985 140 2052 33);
173 1983 327 2039 idem
357 1994 440 2042 est
467 2001 534 2042 ac
554 1988 600 2043 si
631 1989 888 2047 deceret:
939 1993 1065 2050 Non
1108 2003 1289 2065 potest
1338 2011 1428 2054 me
1467 1997 1710 2068 perfecte

27 2074 252 2140 imitari,
288 2089 319 2128 a
367 2090 482 2145 quo
513 2079 826 2136 constiterit
858 2089 1114 2139 terrenas
1151 2084 1382 2141 divitias
1435 2086 1709 2143 aﬁ‘ectari.

26 2163 115 2227 Qui
155 2163 318 2218 enim
361 2179 422 2219 se
459 2165 805 2238 discipulum
836 2170 1160 2242 cujuspiam
1194 2175 1444 2244 proﬁteri
1498 2175 1713 2232 consti-

31 2254 137 2316 tuit,
173 2268 244 2309 eo
299 2254 432 2310 facit
485 2255 716 2326 intuitu,
770 2261 924 2330 quod
964 2262 1020 2316 in
1065 2277 1130 2318 eo
1184 2264 1336 2320 unde
1371 2264 1712 2336 magistrum

33 2343 226 2399 habere
255 2345 405 2412 vult,
437 2346 596 2417 cupit
632 2348 812 2404 eidem
869 2352 1252 2424 conformari;
1311 2362 1367 2410 et
1407 2369 1542 2411 cum
1592 2369 1714 2410 ma-

33 2433 190 2496 gister
219 2434 439 2505 aliquis
491 2435 582 2502 sit,
640 2445 694 2493 et
740 2439 952 2496 multos
1009 2441 1470 2514 circumquaque
1525 2445 1715 2500 eundo

31 2523 229 2589 doceat,
282 2538 400 2579 non
454 2532 641 2582 tamen
695 2528 886 2584 vocari
945 2541 1368 2589 consueverunt
1431 2533 1713 2604 discipuli,

32 2611 122 2666 nisi
173 2613 280 2681 qui
314 2611 442 2682 ejus
470 2613 630 2670 lateri
669 2616 988 2686 specialiter
1015 2620 1412 2689 obambulant,
1462 2622 1716 2679 discendi

32 2698 378 2754 solummodo
405 2714 597 2756 causa.

90 2788 270 2844 Habet
309 2803 446 2861 ergo
467 2805 620 2862 aqua
651 2809 782 2864 quae
812 2796 1077 2866 producit
1105 2813 1177 2854 ex
1207 2799 1498 2870 sapientia
1531 2801 1717 2856 scicn-

35 2876 225 2947 Περίλαε
253 2877 532 2935 salutaris
575 2881 928 2952 plenitudine
960 2887 1234 2956 volatilia,
1299 2889 1403 2945 hoc
1448 2897 1532 2945 est
1568 2889 1720 2944 viros

1821 485 1936 553 tiri,
1991 499 2167 555 quam
2219 485 2291 540 ab
2343 483 2538 554 aliquo
2580 482 2688 538 dici
2750 491 3007 553 possunt,
3071 483 3356 540 exclamat
3403 487 3522 540 tota

1819 574 2134 645 spiritualis
2211 573 2473 630 Ecclesiae
2539 571 2880 628 multitudo:
2948 575 3122 628 Miser
3193 588 3286 639 ego
3349 573 3519 639 homo,

1820 663 1943 734 quis
1992 681 2072 718 me
2101 663 2353 719 liberabit
2406 662 2471 716 de
2507 677 2724 732 corpore
2753 665 2942 716 mortis
2975 663 3137 730 hujus
3160 662 3187 715 ‘?
3221 665 3386 732 (Rom.
3422 677 3520 727 vn,

1820 755 1927 824 24.)
1955 755 2160 809 Insunt
2181 760 2233 808 et
2262 751 2508 820 reptitia,
2543 751 2752 806 intima:
2783 759 2834 806 et
2861 765 3091 821 prorsus
3121 751 3382 807 carnales
3423 759 3510 806 ἰι

1821 858 1951 914 quin
2004 857 2108 898 nos
2138 842 2415 898 inclinare
2447 841 2625 896 solent
2654 840 3015 909 cupiditates,
3072 841 3288 910 quibus
3322 847 3522 895 ventre

1820 932 2095 1001 repimus,
2160 931 2210 985 id
2259 938 2342 986 est
2378 929 2586 985 affectu
2631 929 2978 985 inhmrcmus
3020 930 3263 984 terrenis
3315 929 3522 998 volup-

1820 1021 2054 1086 tatibus,
2090 1028 2145 1076 et
2190 1019 2582 1075 titillationum
2623 1017 2946 1087 frequentia
2972 1017 3179 1074 lubrici
3213 1031 3279 1072 ac
3323 1017 3522 1072 molles

1821 1109 2003 1165 instar
2082 1108 2304 1164 colubri
2354 1114 2648 1164 attenuato
2704 1107 2879 1162 animi
2941 1107 3131 1178 rigore
3210 1105 3519 1162 efﬁcimur.

1819 1200 1968 1256 Dum
1998 1199 2151 1255 enim
2185 1199 2468 1253 virtutum
2518 1195 2743 1265 fastigia
2783 1195 3035 1267 attigisse
3066 1210 3169 1250 nos
3206 1195 3520 1261 credimus,

1819 1302 1890 1344 ne
1946 1303 2052 1344 nos
2084 1287 2282 1360 gratiae
2317 1285 2549 1342 ubertas
2593 1283 2792 1351 elevet,
2861 1284 3102 1353 propitio
3143 1283 3238 1339 Dei
3304 1283 3521 1355 judicio

1819 1377 2088 1433 stimulus
2141 1375 2332 1432 carnis
2378 1375 2450 1430 ab
2503 1373 2704 1444 angelo
2762 1373 2987 1429 Satanae
3040 1372 3204 1428 nobis
3259 1373 3361 1442 qui
3418 1386 3522 1427 nos

1815 1466 2128 1537 colaphizet
2185 1463 2515 1520 immittitur
2562 1464 2636 1534 (II
2665 1464 2789 1520 Cor.
2824 1476 2926 1529 xu,
2971 1461 3046 1530 7),
3079 1468 3133 1516 et
3163 1461 3246 1516 sic
3282 1461 3421 1516 dum
3453 1460 3522 1516 de

1819 1553 2204 1625 supercoelesti
2259 1551 2601 1623 cogitatione
2659 1551 2729 1606 ad
2790 1551 3102 1622 plusquam
3151 1557 3400 1616 terrena,
3458 1555 3522 1604 ut

1818 1643 1898 1701 sic
1923 1644 2130 1712 dicam,
2165 1643 2494 1700 meditanda
2538 1641 2884 1709 delabimur,
2935 1640 3074 1712 quid
3106 1640 3176 1696 de
3205 1639 3370 1696 nobis
3399 1637 3522 1694 sine

1817 1748 1984 1805 opere
2042 1733 2138 1789 Dei
2185 1733 2365 1790 simus
2411 1733 2470 1788 in
2500 1731 2665 1788 nobis
2697 1729 2836 1800 ipsis
2857 1729 3233 1787 advertimus.

1886 1825 2000 1881 Nec
2050 1824 2258 1880 desunt
2316 1821 2528 1889 bestiae,
2564 1821 2824 1878 bestiales
2866 1819 3126 1876 videlicet
3173 1832 3376 1876 mores.
3438 1816 3528 1872 in-

1815 1913 2089 1980 solentiae,
2149 1913 2248 1968 irae
2295 1919 2352 1968 et
2401 1924 2687 1976 rancores,
2748 1925 2878 1979 quae
2925 1909 3030 1965 etsi
3087 1915 3316 1964 sanctos
3365 1907 3522 1963 viros

1818 2016 2002 2073 usque
2049 2001 2121 2056 ad
2181 2007 2469 2071 perpetem
2512 1999 2798 2070 impellere
2845 2012 2963 2053 non
3019 2003 3257 2067 possunt
3303 1996 3516 2052 discor-

1817 2092 1992 2158 diam,
2043 2103 2286 2162 magnas
2331 2093 2522 2145 tamen
2553 2088 2626 2144 ad
2662 2096 2887 2157 tempus
2927 2087 2982 2142 in
3013 2101 3214 2142 eorum
3247 2085 3519 2142 cordibus

1817 2189 2093 2253 generant
2140 2180 2359 2244 turbas,
2401 2187 2474 2244 et,
2526 2177 2665 2232 dum
2710 2183 2905 2232 vetant
2936 2176 3220 2231 interioris
3251 2173 3515 2230 ferociam

1823 2269 2141 2326 murmuris
2170 2268 2393 2338 prodire
2425 2266 2482 2322 in
2519 2265 2780 2332 verbum,
2813 2262 3246 2320 ardentissimos
3275 2263 3427 2318 intra
3457 2275 3518 2316 se

1820 2366 1991 2414 zestus
2007 2357 2417 2429 cogitationum
2447 2354 2554 2410 sibi
2587 2353 2831 2409 invicem
2855 2351 3270 2422 objicientium,
3301 2358 3356 2406 et
3385 2363 3516 2406 cum

1824 2447 2026 2519 grandi
2057 2447 2299 2516 strepitu
2323 2441 2581 2500 convicia
2611 2441 2979 2498 referentium
3009 2439 3332 2509 patiuntur.
3369 2436 3521 2492 Vitia

1825 2544 2017 2593 autem
2049 2537 2261 2606 pariter
2294 2534 2390 2589 vix
2417 2539 2520 2589 aut
2561 2545 2861 2601 nunquam
2894 2529 3226 2601 quempiem
3275 2532 3519 2595 tentant,

1827 2625 1923 2681 sed
1950 2623 2200 2680 vicissim
2251 2637 2354 2678 nos
2400 2620 2654 2692 pulsant:
2718 2619 2899 2688 sopito
2941 2618 3156 2674 scilicet
3205 2615 3522 2686 voluptatis

1830 2714 2115 2771 incentivo
2183 2709 2391 2768 defurit
2455 2711 2573 2776 ira;
2657 2709 2744 2764 ira
2767 2709 2838 2763 ad
2920 2715 3144 2777 tempus
3199 2705 3522 2776 quiescente

1827 2803 2060 2860 eﬁ‘ervet
2090 2802 2330 2858 luxuria
2357 2815 2373 2869 ;
2407 2799 2495 2856 his
2523 2811 2728 2854 rursus
2752 2796 2920 2868 quasi
2950 2794 3212 2852 edomitis
3261 2792 3520 2863 subrepit

1828 2892 2018 2948 inanis
2038 2890 2238 2963 gloria,
2268 2890 2388 2945 sive
2414 2886 2701 2959 superbia.

31 2967 334 3057 ῗφίῖλθῐηθε
391 2970 798 3038 ερθουιὸῐίοηίε
861 2975 974 3043 ειιιι,
1034 2977 1206 3034 habet
1272 2983 1442 3046 terra,
1510 2978 1565 3034 id
1637 2984 1792 3057 BSlc
1900 2983 2033 3038 Haec
2061 2988 2251 3038 autem
2295 2979 2421 3045 tria,
2469 2992 2600 3048 quae
2639 2974 3024 3046 praemisimus
3057 2973 3165 3030 sub
3194 2971 3379 3042 specie
3417 2971 3519 3040 ju-

32 3053 227 3109 Christi
258 3055 592 3114 humanitas
636 3059 984 3130 simplicium
1037 3065 1258 3121 animos
1279 3066 1444 3137 quasi
1467 3067 1718 3136 jumenta

33 3146 262 3212 reptilia,
291 3151 343 3200 et
373 3145 594 3214 bestias,
647 3149 769 3219 qui,
813 3150 860 3206 si
912 3151 970 3206 in
1005 3153 1222 3209 lumine
1269 3155 1428 3210 verbi
1483 3155 1716 3211 oculum

35 3230 192 3301 ﬁgere
218 3242 540 3302 nequeunt,
588 3235 879 3293 Christum
930 3246 1120 3295 tamen
1179 3255 1279 3312 pro
1328 3243 1718 3311 peccatoribus

36 3320 384 3376 incarnatum
417 3322 785 3394 redimendis,
834 3327 961 3384 fidei
1009 3343 1076 3385 ac
1113 3331 1232 3400 spei
1270 3331 1535 3388 contuitu
1583 3346 1716 3388 con-

37 3419 236 3469 stanter
273 3415 598 3472 attendunt.
634 3419 774 3475 Cum
811 3421 963 3477 enim
1009 3422 1122 3478 dici
1166 3424 1410 3480 verbum
1455 3433 1719 3482 eructaro

37 3503 321 3569 pertineat,
357 3519 474 3560 nox
500 3506 651 3562 nocti
705 3510 1000 3567 scientiam
1037 3520 1451 3583 consequenter
1508 3513 1721 3569 indicat

39 3591 201 3654 (Psal.
226 3607 393 3660 xvm,
427 3594 504 3662 2),
551 3595 726 3652 habet
777 3599 1028 3655 Ecclesia
1067 3601 1172 3657 hos
1203 3601 1259 3656 in
1291 3617 1351 3656 se
1396 3602 1719 3658 viventium

40 3687 222 3748 status,
267 3684 373 3753 qui
426 3699 629 3754 pecora
655 3687 789 3756 jure
833 3689 905 3743 ad
953 3704 1154 3745 eorum
1209 3692 1717 3761 comparationem,

40 3769 123 3835 qui
154 3771 515 3828 rationaliter
546 3788 604 3830 se
633 3783 836 3846 agunt,
869 3777 979 3834 dici
1024 3787 1393 3848 meruerunt;
1431 3779 1518 3835 vel
1548 3781 1717 3836 etiam

39 3867 287 3927 respectu
319 3860 544 3929 pietatis
572 3862 648 3918 ita
678 3863 972 3934 dicuntur,
1029 3868 1169 3938 quia
1201 3868 1497 3924 hominum
1555 3867 1610 3924 id
1639 3877 1721 3924 est

40 3956 167 4001 recte
197 3947 608 4021 sapienterque
639 3953 955 4010 viventium
981 3957 1182 4013 usibus
1209 3957 1378 4027 quasi
1417 3958 1725 4014 domestica

42 4035 299 4092 animalia
353 4037 730 4096 famulantur.
791 4043 881 4098 Nil
937 4046 1090 4102 enim
1141 4052 1226 4102 est
1281 4046 1435 4117 quod
1489 4061 1604 4103 non
1665 4047 1721 4102 in

39 4124 442 4192 animantibus,
498 4134 552 4182 et
600 4129 772 4186 rebus
817 4132 986 4187 etiam
1034 4133 1366 4190 inanimatis
1423 4134 1480 4190 in
1530 4134 1725 4204 aliquo

38 4211 361 4269 hominibus
408 4215 546 4271 utile
602 4217 694 4273 sit.
752 4218 869 4276 Sub
918 4235 1036 4291 qua
1090 4224 1272 4293 specie
1319 4225 1458 4280 dum
1509 4231 1728 4280 montes

1829 3079 2173 3136 mentorum,
2232 3067 2546 3138 reptilium.
2593 3079 2672 3128 ac
2721 3064 3054 3131 bestiarum,
3114 3070 3169 3118 et
3208 3062 3268 3117 in
3301 3060 3519 3132 psalmo

1825 3159 1963 3215 satis
1993 3173 2246 3229 congrue
2275 3157 2384 3212 sub
2407 3155 2593 3226 ﬁgura
2615 3154 2728 3210 alia
2754 3154 3136 3209 denotantur:
3173 3151 3518 3216 Hotocausta,

1828 3249 2036 3321 inquit,
2078 3249 2376 3303 medullata
2423 3245 2717 3302 offerimus
2779 3243 2879 3300 tibi
2936 3259 3055 3298 cum
3109 3244 3322 3296 incenso
3377 3242 3520 3294 arie-

1829 3346 1960 3407 tum,
2010 3339 2234 3407 o/feram
2265 3337 2367 3390 tibi
2423 3335 2574 3390 boves
2603 3349 2722 3388 cum
2776 3333 2942 3386 hircis
2994 3332 3164 3400 (Psat.
3221 3343 3354 3396 va,
3391 3329 3518 3397 15):

1833 3427 2172 3484 Holocausaa
2195 3423 2508 3489 oﬁerimus,
2540 3436 2673 3478 cum
2705 3420 2991 3491 quidquid
3017 3433 3091 3474 ex
3111 3419 3277 3475 nobis
3298 3431 3424 3473 sum
3436 3432 3520 3485 us,

1828 3519 1888 3574 in
1928 3516 2026 3572 Dei
2058 3527 2252 3571 amore
2289 3512 2684 3569 consumimus
2718 3528 2733 3575 ;
2767 3509 3083 3566 medullata
3133 3509 3332 3564 eadem
3365 3514 3520 3573 sunt,

1828 3620 1960 3662 cum
2013 3604 2135 3659 sine
2180 3601 2478 3658 charitatis
2528 3598 2786 3655 interiori
2841 3598 3192 3669 pinguedine
3241 3596 3522 3652 virtutum

1830 3702 2157 3750 nostrarum
2213 3703 2340 3746 0858
2393 3703 2507 3745 non
2552 3696 2724 3744 sunt:
2779 3686 3078 3742 aridusest
3115 3686 3269 3742 enim
3328 3697 3526 3740 ramus

1831 3785 1993 3840 bonae
2041 3779 2298 3846 actionis,
2352 3792 2467 3835 non
2508 3777 2676 3833 habet
2715 3789 2954 3832 succum
3007 3775 3218 3830 divinae
3267 3788 3335 3830 ac
3387 3786 3524 3828 mu-

1830 3881 1946 3929 tuze
2029 3868 2364 3937 charitatis;
2421 3881 2553 3923 cum
2610 3865 2857 3928 incenso,
2921 3865 2976 3920 id
3034 3871 3118 3921 est
3175 3863 3523 3926 incensione,

1831 3959 2267 4028 consumptione
2343 3955 2605 4012 videlicet
2676 3954 2851 4010 totius
2907 3953 3335 4019 cervicositatis,
3397 3966 3528 4021 quae

1832 4063 2010 4119 supra
2065 4061 2167 4118 per
2248 4045 2473 4111 bestias,
2548 4042 2637 4099 his
2704 4056 2806 4113 per
2877 4042 3112 4098 arietem
3168 4042 3529 4113 designatam

1832 4141 2074 4205 scimus;
2099 4136 2428 4192 holocausta
2455 4132 2659 4189 offerre
2685 4132 2977 4198 debemus,
3014 4130 3174 4201 quia,
3207 4129 3532 4186 sidiabolus

1836 4243 1937 4285 rex
1965 4233 2051 4282 est
2077 4239 2250 4295 super
2274 4237 2471 4280 omnes
2513 4222 2654 4278 ﬁlios
2682 4219 2964 4290 superbire
3004 4220 3136 4290 (Job.
3169 4233 3286 4288 xu,
3336 4219 3450 4286 ‘25),
3478 4226 3532 4274 et

37 4301 169 4357 Deus
208 4302 280 4358 de
318 4304 441 4358 suis
470 4307 862 4375 superioribus
886 4310 1106 4382 irrigat,
1149 4327 1248 4382 per
1275 4313 1498 4369 eosdem
1528 4319 1724 4383 potum
1759 4310 1800 4363 D
1840 4317 1994 4373 ﬁlius
2023 4313 2167 4370 tanti
2199 4311 2453 4378 monstri,
2485 4323 2800 4380 servusque
2852 4308 3064 4365 diaboli
3119 4309 3234 4364 Deo
3291 4320 3535 4364 munera

39 4391 216 4446 bestiis
243 4399 301 4447 et
349 4394 583 4463 onagris
629 4396 1008 4469 administrat,
1052 4409 1106 4458 et
1135 4416 1208 4458 ex
1261 4402 1472 4459 eisdem
1525 4402 1722 4458 fenum

41 4493 232 4536 rursus
316 4481 673 4554 herbamque
746 4485 1046 4544 hominum
1095 4489 1357 4547 servituti
1428 4497 1726 4546 convectat

44 4571 187 4624 "Psal.
249 4585 444 4637 CXLVI,
498 4575 572 4638 8).
608 4574 716 4640 Qui
771 4577 925 4633 enim
967 4587 1188 4637 montes
1240 4579 1297 4634 in
1344 4580 1560 4650 quibus
1598 4579 1728 4636 fena

43 4667 305 4715 creantur
332 4660 403 4716 ob
442 4661 652 4720 fastum
680 4666 871 4722 vocati
898 4674 1054 4733 sunt,
1088 4667 1259 4724 iidem
1291 4668 1498 4725 ibidem
1538 4667 1729 4725 bestiae

45 4749 100 4802 ob
123 4749 478 4807 ferocitatem
532 4753 666 4809 dicti
686 4762 843 4811 sunt.

100 4839 286 4895 Habet
315 4853 550 4910 quoque
573 4841 754 4898 ﬁdelis
782 4843 977 4900 anima
1003 4844 1173 4902 etiam
1207 4861 1338 4916 quae
1371 4846 1442 4902 ad
1479 4859 1732 4902 summos

45 4929 156 4984 vitae
187 4930 494 4986 emerserit
540 4933 776 5002 gradus,
811 4933 926 4990 imo
977 4935 1194 5004 patitur
1223 4937 1282 4992 in
1341 4951 1400 4993 se
1431 4937 1534 4993 hos
1571 4949 1735 4992 acer-

45 5015 266 5074 bissime
300 5026 510 5074 motus.
546 5020 752 5076 Insunt
781 5035 1033 5093 namque
1060 5039 1174 5080 non
1207 5026 1372 5082 modo
1416 5027 1601 5091 nobis,
1633 5024 1735 5094 qui

44 5110 126 5164 vix
151 5108 327 5164 initia
357 5111 746 5167 conversionis
808 5112 1109 5182 habemus,
1157 5115 1251 5170 sed
1295 5116 1506 5171 sanctis
1535 5130 1603 5170 ac
1645 5114 1738 5170 in-

45 5197 534 5270 teliigcntissimis,
610 5200 789 5256 Paulo
862 5201 1075 5260 scilicet
1149 5204 1436 5274 apostolo,
1531 5203 1740 5274 suique

38 5289 326 5344 similibus
375 5288 642 5357 jumenta,
695 5289 751 5345 id
804 5298 889 5347 est
943 5291 1239 5348 oneriferze
1302 5292 1478 5363 hujus
1533 5301 1740 5348 nostrae

37 5375 409 5433 mortalitatis
456 5376 850 5442 hebetudines,
900 5379 1117 5449 quibus
1161 5379 1449 5436 interioris
1495 5379 1741 5436 hominis

35 5465 409 5532 obtunditur,
441 5472 496 5521 et
531 5467 726 5524 crebro
759 5476 1035 5539 gravatur
1085 5468 1373 5536 alacritas,
1415 5469 1555 5525 dum
1591 5467 1743 5524 videt

32 5559 207 5613 aliam
282 5554 465 5626 legem
539 5555 596 5611 in
640 5557 913 5614 membris
968 5557 1090 5614 suis
1157 5564 1576 5629 repugnantem
1636 5557 1743 5626 legi

1830 4404 2026 4471 defert,
2083 4402 2222 4473 quid
2278 4401 2380 4471 ipsi
2411 4401 2523 4456 Deo
2576 4398 2756 4454 videri
2815 4397 3017 4467 poterit
3065 4396 3368 4468 ingratius,
3403 4404 3532 4451 tur-

1834 4494 1982 4565 pius,
2048 4489 2384 4560 indignius?
2445 4487 2533 4544 Sic
2587 4495 2780 4544 tamen
2852 4485 2995 4553 dico,
3048 4486 3228 4542 donec
3288 4485 3344 4540 in
3410 4485 3535 4555 ipsa

1835 4582 2034 4639 mortis
2066 4579 2452 4649 profunditate
2476 4578 2666 4648 jacere
2695 4575 2990 4632 deliberat.
3023 4574 3332 4631 Oﬁ'erimus
3361 4575 3533 4640 boves,

1836 4685 1969 4728 cum
2016 4683 2186 4726 omne
2223 4667 2470 4738 pondus,
2521 4672 2577 4721 et
2629 4665 3013 4722 circumstans
3055 4678 3161 4719 nos
3214 4670 3531 4733 peccatum,

1838 4759 1995 4831 quod
2049 4771 2154 4814 nos
2198 4763 2502 4828 aggravat,
2535 4761 2589 4812 et
2637 4753 2913 4811 animales
2971 4753 3314 4821 hebetesque
3348 4764 3450 4806 nos
3479 4750 3536 4805 in

1840 4849 1932 4907 his
1959 4862 2091 4918 quae
2118 4846 2217 4902 Dei
2246 4852 2401 4912 sunt,
2435 4844 2640 4912 reddit,
2672 4843 2912 4910 fervore,
2965 4839 3230 4897 acumine
3277 4837 3534 4903 rationis,

1840 4945 1896 4995 et
1932 4934 2215 5006 spirituali
2245 4933 2550 4989 vivacitate
2591 4939 2902 4996 mutamus,
2935 4938 2991 4985 et
3031 4927 3316 4984 mutando
3346 4941 3540 4997 quan-

1843 5034 1967 5084 tum
1997 5022 2212 5093 patitur
2240 5029 2450 5078 natura
2469 5021 2883 5076 consumimus.
2924 5019 2990 5074 Hi
3021 5032 3121 5087 per
3159 5018 3408 5086 jumenta
3438 5015 3542 5072 de-

1843 5114 2151 5184 signantur
2179 5111 2466 5180 superius.
2503 5110 2701 5165 Hircos
2730 5108 2789 5163 in
2821 5108 2918 5163 Dei
2976 5106 3293 5176 placatione
3348 5104 3541 5160 incen-

1845 5201 2054 5268 dimus,
2087 5213 2220 5255 cum
2269 5199 2327 5255 in
2367 5211 2540 5254 carne
2580 5205 2774 5253 nostra
2801 5203 2857 5252 et
2897 5195 3116 5251 intimis
3169 5195 3378 5250 animae
3408 5192 3559 5249 aﬁ‘e-'

1847 5290 2035 5346 ctihus
2064 5289 2395 5359 petulantia:
2422 5288 2584 5344 ﬁuxa
2615 5285 3016 5356 dispergimus,
3046 5297 3197 5354 quae,
3234 5283 3323 5338 vel
3356 5283 3547 5352 potius

1849 5379 1951 5451 qui
1992 5379 2155 5446 hirci,
2195 5379 2408 5436 scilicet
2453 5385 2590 5435 sunt
2622 5378 2866 5448 ﬁgurate
2892 5377 3116 5445 reptitia
3171 5388 3302 5444 quae
3345 5380 3548 5444 protu-

1847 5467 2042 5536 limus,
2073 5483 2204 5538 qua
2240 5475 2353 5525 tota
2408 5467 2727 5525 secundum
2759 5466 3043 5537 cujusque
3090 5462 3356 5520 animalis
3386 5470 3552 5519 natu-

1851 5571 1975 5614 ram
2026 5557 2176 5612 dicta
2223 5564 2378 5624 sunt,
2413 5556 2552 5626 quia
2583 5555 2732 5611 aries
2765 5554 3079 5624 superbum
3111 5568 3176 5610 ac
3218 5553 3550 5610 bellicosum
