  <div class='ocr_page' id='page_1' title='image "/cluster/home/n/w/nwhite01/storage/ocr_20150623/156/hvd.32044054760145/033.png"; bbox 0 0 3884 6068; ppageno 0'>
   <div class='ocr_carea' id='block_1_1' title="bbox 292 140 3867 210">
    <p class='ocr_par' dir='ltr' id='par_1_1' title="bbox 292 140 3867 210">
     <span class='ocr_line' id='line_1_1' title="bbox 292 140 3867 210; baseline -0.001 -9"><span class='ocrx_word' id='word_1_1' title='bbox 292 154 358 210; x_wconf 78' lang='lat'><strong>55</strong></span> <span class='ocrx_word' id='word_1_2' title='bbox 1194 150 1254 203; x_wconf 86' lang='lat' dir='ltr'><strong>V.</strong></span> <span class='ocrx_word' id='word_1_3' title='bbox 1298 148 1631 207; x_wconf 83' lang='lat' dir='ltr'><strong>GUIBERTI</strong></span> <span class='ocrx_word' id='word_1_4' title='bbox 1674 147 1965 204; x_wconf 63' lang='lat' dir='ltr'><strong>ABBATIS</strong></span> <span class='ocrx_word' id='word_1_5' title='bbox 2002 147 2058 204; x_wconf 91' lang='lat' dir='ltr'><strong>S.</strong></span> <span class='ocrx_word' id='word_1_6' title='bbox 2102 144 2340 203; x_wconf 69' lang='lat' dir='ltr'><strong>MARIE</strong></span> <span class='ocrx_word' id='word_1_7' title='bbox 2379 143 2469 202; x_wconf 87' lang='lat' dir='ltr'><strong>DE</strong></span> <span class='ocrx_word' id='word_1_8' title='bbox 2509 140 2899 202; x_wconf 81' lang='lat' dir='ltr'><strong>NOVIGENTO</strong></span> <span class='ocrx_word' id='word_1_9' title='bbox 3727 147 3804 197; x_wconf 81' lang='lat'><strong>56</strong></span> <span class='ocrx_word' id='word_1_10' title='bbox 3854 140 3867 210; x_wconf 70' lang='grc' dir='ltr'><strong>Ι</strong></span> 
     </span>
    </p>
   </div>
   <div class='ocr_carea' id='block_1_2' title="bbox 290 274 3811 352">
    <p class='ocr_par' dir='ltr' id='par_1_2' title="bbox 290 274 3811 352">
     <span class='ocr_line' id='line_1_2' title="bbox 290 274 3811 352; baseline -0.003 -12"><span class='ocrx_word' id='word_1_11' title='bbox 290 290 376 341; x_wconf 90' lang='lat' dir='ltr'><strong>est</strong></span> <span class='ocrx_word' id='word_1_12' title='bbox 425 283 674 350; x_wconf 81' lang='lat' dir='ltr'><strong>animal;</strong></span> <span class='ocrx_word' id='word_1_13' title='bbox 726 282 828 339; x_wconf 91' lang='lat' dir='ltr'><strong>bos</strong></span> <span class='ocrx_word' id='word_1_14' title='bbox 884 294 1016 338; x_wconf 87' lang='lat' dir='ltr'><strong>vero</strong></span> <span class='ocrx_word' id='word_1_15' title='bbox 1054 279 1433 352; x_wconf 87' lang='lat' dir='ltr'><strong>ponderosum</strong></span> <span class='ocrx_word' id='word_1_16' title='bbox 1479 278 1786 349; x_wconf 78' lang='lat' dir='ltr'><strong>et‘hebes;</strong></span> <span class='ocrx_word' id='word_1_17' title='bbox 1831 277 1986 335; x_wconf 88' lang='lat' dir='ltr'><strong>unde</strong></span> <span class='ocrx_word' id='word_1_18' title='bbox 2014 276 2061 330; x_wconf 82' lang='grc' dir='ltr'><strong>Α</strong></span> <span class='ocrx_word' id='word_1_19' title='bbox 2100 276 2367 332; x_wconf 82' lang='lat' dir='ltr'><strong>machina</strong></span> <span class='ocrx_word' id='word_1_20' title='bbox 2415 279 2561 333; x_wconf 88' lang='lat' dir='ltr'><strong>miro</strong></span> <span class='ocrx_word' id='word_1_21' title='bbox 2610 290 2678 332; x_wconf 90' lang='lat' dir='ltr'><strong>ac</strong></span> <span class='ocrx_word' id='word_1_22' title='bbox 2732 274 3295 348; x_wconf 88' lang='lat' dir='ltr'><strong>incomprehensibili</strong></span> <span class='ocrx_word' id='word_1_23' title='bbox 3356 274 3811 332; x_wconf 78' lang='lat' dir='ltr'><strong>administratur</strong></span> 
     </span>
    </p>
   </div>
   <div class='ocr_carea' id='block_1_3' title="bbox 291 367 1982 439">
    <p class='ocr_par' dir='ltr' id='par_1_3' title="bbox 291 367 1982 439">
     <span class='ocr_line' id='line_1_3' title="bbox 291 367 1982 439; baseline -0.002 -12"><span class='ocrx_word' id='word_1_24' title='bbox 291 371 505 428; x_wconf 91' lang='lat' dir='ltr'><strong>dicitur</strong></span> <span class='ocrx_word' id='word_1_25' title='bbox 544 370 614 426; x_wconf 91' lang='lat' dir='ltr'><strong>de</strong></span> <span class='ocrx_word' id='word_1_26' title='bbox 665 369 838 426; x_wconf 90' lang='lat' dir='ltr'><strong>stulto</strong></span> <span class='ocrx_word' id='word_1_27' title='bbox 881 369 1033 439; x_wconf 87' lang='lat' dir='ltr'><strong>apud</strong></span> <span class='ocrx_word' id='word_1_28' title='bbox 1073 367 1427 424; x_wconf 90' lang='lat' dir='ltr'><strong>Salomonem</strong></span> <span class='ocrx_word' id='word_1_29' title='bbox 1460 383 1473 423; x_wconf 91' lang='lat'><strong>:</strong></span> <span class='ocrx_word' id='word_1_30' title='bbox 1526 368 1838 439; x_wconf 77' lang='lat' dir='ltr'><strong>Sequuntur</strong></span> <span class='ocrx_word' id='word_1_31' title='bbox 1865 384 1982 423; x_wconf 88' lang='lat' dir='ltr'><strong>eam</strong></span> 
     </span>
    </p>
   </div>
   <div class='ocr_carea' id='block_1_4' title="bbox 292 457 1985 530">
    <p class='ocr_par' dir='ltr' id='par_1_4' title="bbox 292 457 1985 530">
     <span class='ocr_line' id='line_1_4' title="bbox 292 457 1985 530; baseline -0.001 -16"><span class='ocrx_word' id='word_1_32' title='bbox 292 462 454 530; x_wconf 86' lang='lat' dir='ltr'><strong>quasi</strong></span> <span class='ocrx_word' id='word_1_33' title='bbox 486 460 577 515; x_wconf 82' lang='lat' dir='ltr'><strong>bos</strong></span> <span class='ocrx_word' id='word_1_34' title='bbox 628 458 821 512; x_wconf 85' lang='lat' dir='ltr'><strong>ductus</strong></span> <span class='ocrx_word' id='word_1_35' title='bbox 852 458 928 511; x_wconf 87' lang='lat' dir='ltr'><strong>ad</strong></span> <span class='ocrx_word' id='word_1_36' title='bbox 975 460 1253 512; x_wconf 79' lang='lat' dir='ltr'><strong>victimam</strong></span> <span class='ocrx_word' id='word_1_37' title='bbox 1284 457 1460 527; x_wconf 88' lang='lat' dir='ltr'><strong>(Prov.</strong></span> <span class='ocrx_word' id='word_1_38' title='bbox 1494 470 1592 525; x_wconf 85' lang='lat' dir='ltr'>v11,</span> <span class='ocrx_word' id='word_1_39' title='bbox 1633 460 1723 524; x_wconf 79' lang='lat'><strong>22)</strong></span> <span class='ocrx_word' id='word_1_40' title='bbox 1748 472 1760 512; x_wconf 92' lang='lat'>:</span> <span class='ocrx_word' id='word_1_41' title='bbox 1787 457 1985 513; x_wconf 85' lang='lat' dir='ltr'><strong>hircus</strong></span> 
     </span>
    </p>
   </div>
   <div class='ocr_carea' id='block_1_5' title="bbox 292 544 1983 619">
    <p class='ocr_par' dir='ltr' id='par_1_5' title="bbox 292 544 1983 619">
     <span class='ocr_line' id='line_1_5' title="bbox 292 544 1983 619; baseline -0.003 -15"><span class='ocrx_word' id='word_1_42' title='bbox 292 557 484 606; x_wconf 89' lang='lat' dir='ltr'><strong>autem</strong></span> <span class='ocrx_word' id='word_1_43' title='bbox 515 548 804 619; x_wconf 90' lang='lat' dir='ltr'><strong>petulcum</strong></span> <span class='ocrx_word' id='word_1_44' title='bbox 834 554 889 602; x_wconf 90' lang='lat' dir='ltr'><strong>et</strong></span> <span class='ocrx_word' id='word_1_45' title='bbox 926 546 1207 602; x_wconf 84' lang='lat' dir='ltr'><strong>lascivum</strong></span> <span class='ocrx_word' id='word_1_46' title='bbox 1239 562 1254 613; x_wconf 67' lang='grc' dir='ltr'>ς</span> <span class='ocrx_word' id='word_1_47' title='bbox 1303 544 1456 601; x_wconf 90' lang='lat' dir='ltr'><strong>unde</strong></span> <span class='ocrx_word' id='word_1_48' title='bbox 1494 546 1734 603; x_wconf 83' lang='lat' dir='ltr'><strong>Ovidius</strong></span> <span class='ocrx_word' id='word_1_49' title='bbox 1762 546 1831 603; x_wconf 92' lang='lat' dir='ltr'><strong>de</strong></span> <span class='ocrx_word' id='word_1_50' title='bbox 1867 544 1983 600; x_wconf 90' lang='lat' dir='ltr'><strong>Ga—</strong></span> 
     </span>
    </p>
   </div>
   <div class='ocr_carea' id='block_1_6' title="bbox 302 633 1665 706">
    <p class='ocr_par' dir='ltr' id='par_1_6' title="bbox 302 633 1665 706">
     <span class='ocr_line' id='line_1_6' title="bbox 302 633 1665 706; baseline -0.001 -13"><span class='ocrx_word' id='word_1_51' title='bbox 302 638 448 693; x_wconf 91' lang='lat' dir='ltr'><strong>latea</strong></span> <span class='ocrx_word' id='word_1_52' title='bbox 473 652 485 691; x_wconf 88' lang='lat'><strong>:</strong></span> <span class='ocrx_word' id='word_1_53' title='bbox 525 637 988 691; x_wconf 81' lang='lat' dir='ltr'><strong>Teneroluscivior</strong></span> <span class='ocrx_word' id='word_1_54' title='bbox 1006 634 1155 689; x_wconf 72' lang='lat' dir='ltr'><strong>haedo</strong></span> <span class='ocrx_word' id='word_1_55' title='bbox 1186 633 1334 705; x_wconf 72' lang='lat' dir='ltr'><strong>(Met.</strong></span> <span class='ocrx_word' id='word_1_56' title='bbox 1358 651 1482 702; x_wconf 82' lang='lat' dir='ltr'><strong>Xlll,</strong></span> <span class='ocrx_word' id='word_1_57' title='bbox 1512 636 1665 706; x_wconf 84' lang='lat'><strong>790).</strong></span> 
     </span>
    </p>
   </div>
   <div class='ocr_carea' id='block_1_7' title="bbox 366 721 1986 795">
    <p class='ocr_par' dir='ltr' id='par_1_7' title="bbox 366 721 1986 795">
     <span class='ocr_line' id='line_1_7' title="bbox 366 721 1986 795; baseline 0 -17"><span class='ocrx_word' id='word_1_58' title='bbox 366 723 497 779; x_wconf 77' lang='lat' dir='ltr'><strong>Haec</strong></span> <span class='ocrx_word' id='word_1_59' title='bbox 554 723 746 793; x_wconf 91' lang='lat' dir='ltr'><strong>itaque</strong></span> <span class='ocrx_word' id='word_1_60' title='bbox 824 721 1031 791; x_wconf 87' lang='lat' dir='ltr'><strong>hisque</strong></span> <span class='ocrx_word' id='word_1_61' title='bbox 1081 721 1290 777; x_wconf 83' lang='lat' dir='ltr'><strong>similia</strong></span> <span class='ocrx_word' id='word_1_62' title='bbox 1342 738 1474 778; x_wconf 92' lang='lat' dir='ltr'><strong>cum</strong></span> <span class='ocrx_word' id='word_1_63' title='bbox 1530 724 1603 779; x_wconf 90' lang='lat' dir='ltr'><strong>ab</strong></span> <span class='ocrx_word' id='word_1_64' title='bbox 1674 725 1755 780; x_wconf 89' lang='lat' dir='ltr'><strong>eis</strong></span> <span class='ocrx_word' id='word_1_65' title='bbox 1807 738 1986 795; x_wconf 91' lang='lat' dir='ltr'><strong>supra</strong></span> 
     </span>
    </p>
   </div>
   <div class='ocr_carea' id='block_1_8' title="bbox 291 805 1991 882">
    <p class='ocr_par' dir='ltr' id='par_1_8' title="bbox 291 805 1991 882">
     <span class='ocr_line' id='line_1_8' title="bbox 291 805 1991 882; baseline 0.001 -15"><span class='ocrx_word' id='word_1_66' title='bbox 291 811 578 880; x_wconf 78' lang='lat' dir='ltr'><strong>expositos</strong></span> <span class='ocrx_word' id='word_1_67' title='bbox 624 805 904 865; x_wconf 79' lang='lat' dir='ltr'><strong>virtutum</strong></span> <span class='ocrx_word' id='word_1_68' title='bbox 956 807 1075 864; x_wconf 88' lang='lat' dir='ltr'><strong>dies</strong></span> <span class='ocrx_word' id='word_1_69' title='bbox 1111 808 1343 877; x_wconf 80' lang='lat' dir='ltr'><strong>habent,</strong></span> <span class='ocrx_word' id='word_1_70' title='bbox 1393 824 1619 882; x_wconf 76' lang='lat' dir='ltr'><strong>maguze</strong></span> <span class='ocrx_word' id='word_1_71' title='bbox 1667 813 1991 869; x_wconf 88' lang='lat' dir='ltr'><strong>autoritatis</strong></span> 
     </span>
    </p>
   </div>
   <div class='ocr_carea' id='block_1_9' title="bbox 292 896 1989 968">
    <p class='ocr_par' dir='ltr' id='par_1_9' title="bbox 292 896 1989 968">
     <span class='ocr_line' id='line_1_9' title="bbox 292 896 1989 968; baseline 0.002 -14"><span class='ocrx_word' id='word_1_72' title='bbox 292 898 444 954; x_wconf 84' lang='lat' dir='ltr'>calce</span> <span class='ocrx_word' id='word_1_73' title='bbox 496 906 860 968; x_wconf 85' lang='lat' dir='ltr'><strong>premuntur,</strong></span> <span class='ocrx_word' id='word_1_74' title='bbox 894 897 1034 952; x_wconf 91' lang='lat' dir='ltr'><strong>dum</strong></span> <span class='ocrx_word' id='word_1_75' title='bbox 1066 896 1186 953; x_wconf 83' lang='lat' dir='ltr'><strong>sive</strong></span> <span class='ocrx_word' id='word_1_76' title='bbox 1234 898 1292 952; x_wconf 91' lang='lat' dir='ltr'><strong>in</strong></span> <span class='ocrx_word' id='word_1_77' title='bbox 1347 899 1642 956; x_wconf 77' lang='lat' dir='ltr'><strong>dexteram</strong></span> <span class='ocrx_word' id='word_1_78' title='bbox 1700 901 1989 958; x_wconf 85' lang='lat' dir='ltr'><strong>declinare</strong></span> 
     </span>
    </p>
   </div>
   <div class='ocr_carea' id='block_1_10' title="bbox 297 986 1988 1058">
    <p class='ocr_par' dir='ltr' id='par_1_10' title="bbox 297 986 1988 1058">
     <span class='ocr_line' id='line_1_10' title="bbox 297 986 1988 1058; baseline 0.004 -17"><span class='ocrx_word' id='word_1_79' title='bbox 297 986 572 1047; x_wconf 81' lang='lat' dir='ltr'><strong>nesciunt,</strong></span> <span class='ocrx_word' id='word_1_80' title='bbox 603 994 703 1041; x_wconf 90' lang='lat' dir='ltr'><strong>aut</strong></span> <span class='ocrx_word' id='word_1_81' title='bbox 744 987 1057 1051; x_wconf 85' lang='lat' dir='ltr'><strong>sinistram,</strong></span> <span class='ocrx_word' id='word_1_82' title='bbox 1094 986 1148 1041; x_wconf 93' lang='lat' dir='ltr'><strong>id</strong></span> <span class='ocrx_word' id='word_1_83' title='bbox 1174 992 1273 1052; x_wconf 89' lang='lat' dir='ltr'><strong>est,</strong></span> <span class='ocrx_word' id='word_1_84' title='bbox 1315 986 1455 1042; x_wconf 92' lang='lat' dir='ltr'><strong>dum</strong></span> <span class='ocrx_word' id='word_1_85' title='bbox 1486 1002 1674 1058; x_wconf 90' lang='lat' dir='ltr'><strong>neque</strong></span> <span class='ocrx_word' id='word_1_86' title='bbox 1705 988 1988 1047; x_wconf 90' lang='lat' dir='ltr'><strong>virtutum</strong></span> 
     </span>
    </p>
   </div>
   <div class='ocr_carea' id='block_1_11' title="bbox 294 1073 1991 1144">
    <p class='ocr_par' dir='ltr' id='par_1_11' title="bbox 294 1073 1991 1144">
     <span class='ocr_line' id='line_1_11' title="bbox 294 1073 1991 1144; baseline 0.005 -16"><span class='ocrx_word' id='word_1_87' title='bbox 294 1074 670 1144; x_wconf 78' lang='lat' dir='ltr'><strong>proventibus</strong></span> <span class='ocrx_word' id='word_1_88' title='bbox 699 1073 914 1141; x_wconf 81' lang='lat' dir='ltr'><strong>extolli,</strong></span> <span class='ocrx_word' id='word_1_89' title='bbox 948 1073 1098 1144; x_wconf 88' lang='lat' dir='ltr'><strong>quod</strong></span> <span class='ocrx_word' id='word_1_90' title='bbox 1131 1080 1213 1129; x_wconf 90' lang='lat' dir='ltr'><strong>est</strong></span> <span class='ocrx_word' id='word_1_91' title='bbox 1261 1074 1517 1142; x_wconf 83' lang='lat' dir='ltr'><strong>dextera,</strong></span> <span class='ocrx_word' id='word_1_92' title='bbox 1565 1091 1671 1132; x_wconf 90' lang='lat' dir='ltr'><strong>nec</strong></span> <span class='ocrx_word' id='word_1_93' title='bbox 1715 1078 1991 1136; x_wconf 88' lang='lat' dir='ltr'><strong>vitiorum</strong></span> 
     </span>
    </p>
   </div>
   <div class='ocr_carea' id='block_1_12' title="bbox 294 1162 1993 1234">
    <p class='ocr_par' dir='ltr' id='par_1_12' title="bbox 294 1162 1993 1234">
     <span class='ocr_line' id='line_1_12' title="bbox 294 1162 1993 1234; baseline 0.005 -17"><span class='ocrx_word' id='word_1_94' title='bbox 294 1163 643 1234; x_wconf 88' lang='lat' dir='ltr'><strong>impulsibus</strong></span> <span class='ocrx_word' id='word_1_95' title='bbox 672 1162 903 1218; x_wconf 77' lang='lat' dir='ltr'><strong>destitui</strong></span> <span class='ocrx_word' id='word_1_96' title='bbox 955 1169 1194 1230; x_wconf 90' lang='lat' dir='ltr'><strong>norunt,</strong></span> <span class='ocrx_word' id='word_1_97' title='bbox 1234 1163 1389 1233; x_wconf 93' lang='lat' dir='ltr'><strong>quod</strong></span> <span class='ocrx_word' id='word_1_98' title='bbox 1432 1172 1515 1219; x_wconf 92' lang='lat' dir='ltr'><strong>est</strong></span> <span class='ocrx_word' id='word_1_99' title='bbox 1543 1166 1792 1222; x_wconf 90' lang='lat' dir='ltr'><strong>sinistra.</strong></span> <span class='ocrx_word' id='word_1_100' title='bbox 1840 1170 1993 1226; x_wconf 87' lang='lat' dir='ltr'><strong>Deus</strong></span> 
     </span>
    </p>
   </div>
   <div class='ocr_carea' id='block_1_13' title="bbox 293 1249 1992 1325">
    <p class='ocr_par' dir='ltr' id='par_1_13' title="bbox 293 1249 1992 1325">
     <span class='ocr_line' id='line_1_13' title="bbox 293 1249 1992 1325; baseline 0.004 -18"><span class='ocrx_word' id='word_1_101' title='bbox 293 1251 394 1321; x_wconf 87' lang='lat' dir='ltr'><strong>qui</strong></span> <span class='ocrx_word' id='word_1_102' title='bbox 427 1252 637 1308; x_wconf 89' lang='lat' dir='ltr'><strong>nostris</strong></span> <span class='ocrx_word' id='word_1_103' title='bbox 667 1249 1074 1322; x_wconf 87' lang='lat' dir='ltr'><strong>aggratulatur</strong></span> <span class='ocrx_word' id='word_1_104' title='bbox 1103 1250 1467 1320; x_wconf 81' lang='lat' dir='ltr'><strong>profectibus,</strong></span> <span class='ocrx_word' id='word_1_105' title='bbox 1500 1264 1813 1325; x_wconf 89' lang='lat' dir='ltr'><strong>augmenta</strong></span> <span class='ocrx_word' id='word_1_106' title='bbox 1838 1272 1992 1314; x_wconf 90' lang='lat' dir='ltr'><strong>sem-</strong></span> 
     </span>
    </p>
   </div>
   <div class='ocr_carea' id='block_1_14' title="bbox 296 1339 1995 1411">
    <p class='ocr_par' dir='ltr' id='par_1_14' title="bbox 296 1339 1995 1411">
     <span class='ocr_line' id='line_1_14' title="bbox 296 1339 1995 1411; baseline 0.004 -16"><span class='ocrx_word' id='word_1_107' title='bbox 296 1354 396 1410; x_wconf 89' lang='lat' dir='ltr'><strong>per</strong></span> <span class='ocrx_word' id='word_1_108' title='bbox 421 1347 737 1411; x_wconf 81' lang='lat' dir='ltr'><strong>exaggerat</strong></span> <span class='ocrx_word' id='word_1_109' title='bbox 782 1340 1123 1410; x_wconf 84' lang='lat' dir='ltr'><strong>gratiarum,</strong></span> <span class='ocrx_word' id='word_1_110' title='bbox 1186 1347 1241 1395; x_wconf 88' lang='lat' dir='ltr'><strong>et</strong></span> <span class='ocrx_word' id='word_1_111' title='bbox 1284 1339 1424 1395; x_wconf 92' lang='lat' dir='ltr'><strong>illud</strong></span> <span class='ocrx_word' id='word_1_112' title='bbox 1474 1342 1700 1398; x_wconf 83' lang='lat' dir='ltr'><strong>tandem</strong></span> <span class='ocrx_word' id='word_1_113' title='bbox 1733 1343 1790 1399; x_wconf 90' lang='lat' dir='ltr'><strong>in</strong></span> <span class='ocrx_word' id='word_1_114' title='bbox 1828 1347 1995 1402; x_wconf 86' lang='lat' dir='ltr'><strong>nobis</strong></span> 
     </span>
    </p>
   </div>
   <div class='ocr_carea' id='block_1_15' title="bbox 299 1425 1991 1499">
    <p class='ocr_par' dir='ltr' id='par_1_15' title="bbox 299 1425 1991 1499">
     <span class='ocr_line' id='line_1_15' title="bbox 299 1425 1991 1499; baseline 0.005 -16"><span class='ocrx_word' id='word_1_115' title='bbox 299 1428 533 1497; x_wconf 83' lang='lat' dir='ltr'><strong>perlicit,</strong></span> <span class='ocrx_word' id='word_1_116' title='bbox 566 1428 636 1483; x_wconf 91' lang='lat' dir='ltr'><strong>ad</strong></span> <span class='ocrx_word' id='word_1_117' title='bbox 666 1427 818 1498; x_wconf 90' lang='lat' dir='ltr'><strong>quod</strong></span> <span class='ocrx_word' id='word_1_118' title='bbox 866 1425 1052 1482; x_wconf 91' lang='lat' dir='ltr'><strong>omnis</strong></span> <span class='ocrx_word' id='word_1_119' title='bbox 1111 1433 1303 1482; x_wconf 83' lang='lat' dir='ltr'><strong>noster</strong></span> <span class='ocrx_word' id='word_1_120' title='bbox 1343 1441 1493 1499; x_wconf 82' lang='lat' dir='ltr'><strong>agon</strong></span> <span class='ocrx_word' id='word_1_121' title='bbox 1538 1437 1592 1485; x_wconf 91' lang='lat' dir='ltr'><strong>et</strong></span> <span class='ocrx_word' id='word_1_122' title='bbox 1647 1430 1991 1491; x_wconf 88' lang='lat' dir='ltr'><strong>desiderium</strong></span> 
     </span>
    </p>
   </div>
   <div class='ocr_carea' id='block_1_16' title="bbox 297 1514 1995 1595">
    <p class='ocr_par' dir='ltr' id='par_1_16' title="bbox 297 1514 1995 1595">
     <span class='ocr_line' id='line_1_16' title="bbox 297 1514 1995 1595; baseline 0.004 -23"><span class='ocrx_word' id='word_1_123' title='bbox 297 1516 494 1572; x_wconf 88' lang='lat' dir='ltr'><strong>tendit.</strong></span> <span class='ocrx_word' id='word_1_124' title='bbox 528 1515 820 1595; x_wconf 86' lang='lat' dir='ltr'><strong>Quidquid</strong></span> <span class='ocrx_word' id='word_1_125' title='bbox 851 1514 1002 1571; x_wconf 91' lang='lat' dir='ltr'><strong>enim</strong></span> <span class='ocrx_word' id='word_1_126' title='bbox 1041 1514 1169 1571; x_wconf 91' lang='lat' dir='ltr'><strong>boni</strong></span> <span class='ocrx_word' id='word_1_127' title='bbox 1199 1514 1535 1586; x_wconf 85' lang='lat' dir='ltr'><strong>arripimus,</strong></span> <span class='ocrx_word' id='word_1_128' title='bbox 1569 1533 1685 1575; x_wconf 92' lang='lat' dir='ltr'><strong>non</strong></span> <span class='ocrx_word' id='word_1_129' title='bbox 1717 1520 1789 1576; x_wconf 92' lang='lat' dir='ltr'><strong>ob</strong></span> <span class='ocrx_word' id='word_1_130' title='bbox 1837 1522 1995 1580; x_wconf 89' lang='lat' dir='ltr'><strong>aliud</strong></span> 
     </span>
    </p>
   </div>
   <div class='ocr_carea' id='block_1_17' title="bbox 297 1604 1990 1677">
    <p class='ocr_par' dir='ltr' id='par_1_17' title="bbox 297 1604 1990 1677">
     <span class='ocr_line' id='line_1_17' title="bbox 297 1604 1990 1677; baseline 0.004 -16"><span class='ocrx_word' id='word_1_131' title='bbox 297 1605 465 1675; x_wconf 88' lang='lat' dir='ltr'><strong>plane</strong></span> <span class='ocrx_word' id='word_1_132' title='bbox 502 1605 747 1677; x_wconf 87' lang='lat' dir='ltr'><strong>agimus,</strong></span> <span class='ocrx_word' id='word_1_133' title='bbox 806 1604 919 1660; x_wconf 93' lang='lat' dir='ltr'><strong>imo</strong></span> <span class='ocrx_word' id='word_1_134' title='bbox 970 1617 1139 1674; x_wconf 89' lang='lat' dir='ltr'><strong>agere</strong></span> <span class='ocrx_word' id='word_1_135' title='bbox 1187 1604 1476 1674; x_wconf 86' lang='lat' dir='ltr'><strong>debemus,</strong></span> <span class='ocrx_word' id='word_1_136' title='bbox 1510 1607 1617 1663; x_wconf 92' lang='lat' dir='ltr'><strong>nisi</strong></span> <span class='ocrx_word' id='word_1_137' title='bbox 1667 1617 1732 1665; x_wconf 93' lang='lat' dir='ltr'><strong>ut</strong></span> <span class='ocrx_word' id='word_1_138' title='bbox 1779 1610 1990 1669; x_wconf 63' lang='lat' dir='ltr'><strong>divina;</strong></span> 
     </span>
    </p>
   </div>
   <div class='ocr_carea' id='block_1_18' title="bbox 298 1692 1987 1767">
    <p class='ocr_par' dir='ltr' id='par_1_18' title="bbox 298 1692 1987 1767">
     <span class='ocr_line' id='line_1_18' title="bbox 298 1692 1987 1767; baseline 0.006 -20"><span class='ocrx_word' id='word_1_139' title='bbox 298 1693 566 1763; x_wconf 87' lang='lat' dir='ltr'><strong>imaginis</strong></span> <span class='ocrx_word' id='word_1_140' title='bbox 624 1706 802 1764; x_wconf 90' lang='lat' dir='ltr'><strong>quam</strong></span> <span class='ocrx_word' id='word_1_141' title='bbox 856 1692 1155 1748; x_wconf 89' lang='lat' dir='ltr'><strong>amisimus</strong></span> <span class='ocrx_word' id='word_1_142' title='bbox 1199 1694 1578 1751; x_wconf 80' lang='lat' dir='ltr'><strong>conformitati</strong></span> <span class='ocrx_word' id='word_1_143' title='bbox 1635 1710 1987 1767; x_wconf 89' lang='lat' dir='ltr'><strong>reparemur.</strong></span> 
     </span>
    </p>
   </div>
   <div class='ocr_carea' id='block_1_19' title="bbox 303 1781 1993 1856">
    <p class='ocr_par' dir='ltr' id='par_1_19' title="bbox 303 1781 1993 1856">
     <span class='ocr_line' id='line_1_19' title="bbox 303 1781 1993 1856; baseline 0.005 -19"><span class='ocrx_word' id='word_1_144' title='bbox 303 1784 452 1838; x_wconf 90' lang='lat' dir='ltr'><strong>Deus</strong></span> <span class='ocrx_word' id='word_1_145' title='bbox 482 1781 658 1853; x_wconf 87' lang='lat' dir='ltr'><strong>igitur</strong></span> <span class='ocrx_word' id='word_1_146' title='bbox 695 1796 842 1852; x_wconf 92' lang='lat' dir='ltr'><strong>quos</strong></span> <span class='ocrx_word' id='word_1_147' title='bbox 872 1788 936 1838; x_wconf 92' lang='lat' dir='ltr'><strong>ut</strong></span> <span class='ocrx_word' id='word_1_148' title='bbox 966 1781 1109 1837; x_wconf 85' lang='lat' dir='ltr'><strong>bene</strong></span> <span class='ocrx_word' id='word_1_149' title='bbox 1138 1795 1307 1852; x_wconf 88' lang='lat' dir='ltr'><strong>agere</strong></span> <span class='ocrx_word' id='word_1_150' title='bbox 1337 1783 1547 1840; x_wconf 89' lang='lat' dir='ltr'><strong>vellent</strong></span> <span class='ocrx_word' id='word_1_151' title='bbox 1588 1787 1791 1856; x_wconf 65' lang='lat' dir='ltr'><strong>gratim</strong></span> <span class='ocrx_word' id='word_1_152' title='bbox 1843 1789 1993 1846; x_wconf 93' lang='lat' dir='ltr'><strong>dono</strong></span> 
     </span>
    </p>
   </div>
   <div class='ocr_carea' id='block_1_20' title="bbox 296 1869 1994 1946">
    <p class='ocr_par' dir='ltr' id='par_1_20' title="bbox 296 1869 1994 1946">
     <span class='ocr_line' id='line_1_20' title="bbox 296 1869 1994 1946; baseline 0.006 -21"><span class='ocrx_word' id='word_1_153' title='bbox 296 1869 591 1940; x_wconf 69' lang='lat' dir='ltr'><strong>praevenit,</strong></span> <span class='ocrx_word' id='word_1_154' title='bbox 640 1878 696 1926; x_wconf 91' lang='lat' dir='ltr'><strong>et</strong></span> <span class='ocrx_word' id='word_1_155' title='bbox 752 1870 995 1940; x_wconf 87' lang='lat' dir='ltr'><strong>gratiam</strong></span> <span class='ocrx_word' id='word_1_156' title='bbox 1041 1870 1162 1925; x_wconf 89' lang='lat' dir='ltr'><strong>suis</strong></span> <span class='ocrx_word' id='word_1_157' title='bbox 1196 1870 1306 1940; x_wconf 91' lang='lat' dir='ltr'><strong>piis</strong></span> <span class='ocrx_word' id='word_1_158' title='bbox 1334 1871 1539 1927; x_wconf 91' lang='lat' dir='ltr'><strong>studiis</strong></span> <span class='ocrx_word' id='word_1_159' title='bbox 1578 1875 1994 1946; x_wconf 90' lang='lat' dir='ltr'><strong>subsequentes</strong></span> 
     </span>
    </p>
   </div>
   <div class='ocr_carea' id='block_1_21' title="bbox 296 1954 1995 2033">
    <p class='ocr_par' dir='ltr' id='par_1_21' title="bbox 296 1954 1995 2033">
     <span class='ocr_line' id='line_1_21' title="bbox 296 1954 1995 2033; baseline 0.005 -22"><span class='ocrx_word' id='word_1_160' title='bbox 296 1955 367 2011; x_wconf 90' lang='lat' dir='ltr'><strong>ad</strong></span> <span class='ocrx_word' id='word_1_161' title='bbox 399 1954 746 2024; x_wconf 84' lang='lat' dir='ltr'><strong>perficienda</strong></span> <span class='ocrx_word' id='word_1_162' title='bbox 777 1968 908 2025; x_wconf 67' lang='lat' dir='ltr'><strong>quae</strong></span> <span class='ocrx_word' id='word_1_163' title='bbox 937 1955 1259 2022; x_wconf 85' lang='lat' dir='ltr'><strong>voluerant,</strong></span> <span class='ocrx_word' id='word_1_164' title='bbox 1285 1955 1458 2024; x_wconf 87' lang='lat' dir='ltr'><strong>juvit,</strong></span> <span class='ocrx_word' id='word_1_165' title='bbox 1515 1958 1586 2013; x_wconf 89' lang='lat' dir='ltr'><strong>ad</strong></span> <span class='ocrx_word' id='word_1_166' title='bbox 1620 1973 1847 2017; x_wconf 91' lang='lat' dir='ltr'><strong>summa</strong></span> <span class='ocrx_word' id='word_1_167' title='bbox 1873 1963 1995 2033; x_wconf 90' lang='lat' dir='ltr'><strong>jam</strong></span> 
     </span>
    </p>
   </div>
   <div class='ocr_carea' id='block_1_22' title="bbox 296 2042 1996 2114">
    <p class='ocr_par' dir='ltr' id='par_1_22' title="bbox 296 2042 1996 2114">
     <span class='ocr_line' id='line_1_22' title="bbox 296 2042 1996 2114; baseline 0.004 -14"><span class='ocrx_word' id='word_1_168' title='bbox 296 2058 416 2100; x_wconf 62' lang='lat' dir='ltr'><strong>suae</strong></span> <span class='ocrx_word' id='word_1_169' title='bbox 466 2042 857 2100; x_wconf 90' lang='lat' dir='ltr'><strong>similitudinis</strong></span> <span class='ocrx_word' id='word_1_170' title='bbox 905 2044 1192 2100; x_wconf 88' lang='lat' dir='ltr'><strong>consortia</strong></span> <span class='ocrx_word' id='word_1_171' title='bbox 1246 2043 1453 2113; x_wconf 84' lang='lat' dir='ltr'><strong>evehit,</strong></span> <span class='ocrx_word' id='word_1_172' title='bbox 1514 2046 1728 2114; x_wconf 87' lang='lat' dir='ltr'><strong>dicens,</strong></span> <span class='ocrx_word' id='word_1_173' title='bbox 1797 2056 1862 2106; x_wconf 93' lang='lat' dir='ltr'><strong>ut</strong></span> <span class='ocrx_word' id='word_1_174' title='bbox 1919 2051 1996 2108; x_wconf 89' lang='lat' dir='ltr'><strong>ita</strong></span> 
     </span>
    </p>
   </div>
   <div class='ocr_carea' id='block_1_23' title="bbox 297 2130 520 2189">
    <p class='ocr_par' dir='ltr' id='par_1_23' title="bbox 297 2130 520 2189">
     <span class='ocr_line' id='line_1_23' title="bbox 297 2130 520 2189; baseline 0 -1"><span class='ocrx_word' id='word_1_175' title='bbox 297 2130 482 2189; x_wconf 89' lang='lat' dir='ltr'><strong>dicam</strong></span> <span class='ocrx_word' id='word_1_176' title='bbox 507 2147 520 2188; x_wconf 93' lang='lat'>:</span> 
     </span>
    </p>
   </div>
   <div class='ocr_carea' id='block_1_24' title="bbox 367 2218 1998 2294">
    <p class='ocr_par' dir='ltr' id='par_1_24' title="bbox 367 2218 1998 2294">
     <span class='ocr_line' id='line_1_24' title="bbox 367 2218 1998 2294; baseline 0.006 -20"><span class='ocrx_word' id='word_1_177' title='bbox 367 2218 538 2275; x_wconf 74' lang='lat' dir='ltr'><strong>Vens.</strong></span> <span class='ocrx_word' id='word_1_178' title='bbox 571 2221 661 2276; x_wconf 83' lang='lat'><strong>26.</strong></span> <span class='ocrx_word' id='word_1_179' title='bbox 716 2250 785 2260; x_wconf 89' lang='lat'><strong><em>—</em></strong></span> <span class='ocrx_word' id='word_1_180' title='bbox 842 2221 1123 2274; x_wconf 78' lang='lat' dir='ltr'><strong>Faciamus</strong></span> <span class='ocrx_word' id='word_1_181' title='bbox 1181 2220 1447 2276; x_wconf 77' lang='lat' dir='ltr'><strong>hominem</strong></span> <span class='ocrx_word' id='word_1_182' title='bbox 1505 2222 1580 2276; x_wconf 85' lang='lat' dir='ltr'><strong>ad</strong></span> <span class='ocrx_word' id='word_1_183' title='bbox 1626 2226 1919 2294; x_wconf 75' lang='lat' dir='ltr'><strong>imaginem</strong></span> <span class='ocrx_word' id='word_1_184' title='bbox 1947 2233 1998 2283; x_wconf 82' lang='lat' dir='ltr'><strong>et</strong></span> 
     </span>
    </p>
   </div>
   <div class='ocr_carea' id='block_1_25' title="bbox 296 2307 1997 2381">
    <p class='ocr_par' dir='ltr' id='par_1_25' title="bbox 296 2307 1997 2381">
     <span class='ocr_line' id='line_1_25' title="bbox 296 2307 1997 2381; baseline 0.008 -22"><span class='ocrx_word' id='word_1_185' title='bbox 296 2307 709 2362; x_wconf 81' lang='lat' dir='ltr'><strong>similitudinem</strong></span> <span class='ocrx_word' id='word_1_186' title='bbox 736 2313 998 2363; x_wconf 80' lang='lat' dir='ltr'><strong>nostram.</strong></span> <span class='ocrx_word' id='word_1_187' title='bbox 1036 2308 1232 2379; x_wconf 85' lang='lat' dir='ltr'><strong>Imago</strong></span> <span class='ocrx_word' id='word_1_188' title='bbox 1268 2316 1321 2365; x_wconf 87' lang='lat' dir='ltr'><strong>et</strong></span> <span class='ocrx_word' id='word_1_189' title='bbox 1350 2309 1687 2381; x_wconf 85' lang='lat' dir='ltr'><strong>similitudo,</strong></span> <span class='ocrx_word' id='word_1_190' title='bbox 1735 2328 1869 2370; x_wconf 87' lang='lat' dir='ltr'><strong>cum</strong></span> <span class='ocrx_word' id='word_1_191' title='bbox 1925 2317 1997 2372; x_wconf 87' lang='lat' dir='ltr'><strong>ab</strong></span> 
     </span>
    </p>
   </div>
   <div class='ocr_carea' id='block_1_26' title="bbox 297 2395 1999 2473">
    <p class='ocr_par' dir='ltr' id='par_1_26' title="bbox 297 2395 1999 2473">
     <span class='ocr_line' id='line_1_26' title="bbox 297 2395 1999 2473; baseline 0.008 -24"><span class='ocrx_word' id='word_1_192' title='bbox 297 2395 591 2465; x_wconf 84' lang='lat' dir='ltr'><strong>aliquibus</strong></span> <span class='ocrx_word' id='word_1_193' title='bbox 640 2396 786 2452; x_wconf 91' lang='lat' dir='ltr'><strong>idem</strong></span> <span class='ocrx_word' id='word_1_194' title='bbox 826 2410 949 2453; x_wconf 91' lang='lat' dir='ltr'><strong>esse</strong></span> <span class='ocrx_word' id='word_1_195' title='bbox 999 2396 1289 2466; x_wconf 88' lang='lat' dir='ltr'><strong>credatur,</strong></span> <span class='ocrx_word' id='word_1_196' title='bbox 1336 2399 1651 2468; x_wconf 89' lang='lat' dir='ltr'><strong>plurimum</strong></span> <span class='ocrx_word' id='word_1_197' title='bbox 1684 2402 1999 2473; x_wconf 90' lang='lat' dir='ltr'><strong>aliquando</strong></span> 
     </span>
    </p>
   </div>
   <div class='ocr_carea' id='block_1_27' title="bbox 297 2482 2000 2564">
    <p class='ocr_par' dir='ltr' id='par_1_27' title="bbox 297 2482 2000 2564">
     <span class='ocr_line' id='line_1_27' title="bbox 297 2482 2000 2564; baseline 0.006 -26"><span class='ocrx_word' id='word_1_198' title='bbox 297 2482 446 2539; x_wconf 91' lang='lat' dir='ltr'><strong>inter</strong></span> <span class='ocrx_word' id='word_1_199' title='bbox 475 2497 534 2539; x_wconf 91' lang='lat' dir='ltr'><strong>se</strong></span> <span class='ocrx_word' id='word_1_200' title='bbox 561 2484 791 2541; x_wconf 85' lang='lat' dir='ltr'><strong>distant.</strong></span> <span class='ocrx_word' id='word_1_201' title='bbox 848 2486 1045 2557; x_wconf 89' lang='lat' dir='ltr'><strong>Imago</strong></span> <span class='ocrx_word' id='word_1_202' title='bbox 1074 2487 1300 2556; x_wconf 90' lang='lat' dir='ltr'><strong>proprie</strong></span> <span class='ocrx_word' id='word_1_203' title='bbox 1329 2486 1540 2544; x_wconf 88' lang='lat' dir='ltr'><strong>dicitur</strong></span> <span class='ocrx_word' id='word_1_204' title='bbox 1597 2491 1754 2560; x_wconf 90' lang='lat' dir='ltr'><strong>quod</strong></span> <span class='ocrx_word' id='word_1_205' title='bbox 1813 2493 2000 2564; x_wconf 90' lang='lat' dir='ltr'><strong>pingi-</strong></span> 
     </span>
    </p>
   </div>
   <div class='ocr_carea' id='block_1_28' title="bbox 298 2572 2002 2652">
    <p class='ocr_par' dir='ltr' id='par_1_28' title="bbox 298 2572 2002 2652">
     <span class='ocr_line' id='line_1_28' title="bbox 298 2572 2002 2652; baseline 0.008 -26"><span class='ocrx_word' id='word_1_206' title='bbox 298 2577 395 2626; x_wconf 87' lang='lat' dir='ltr'><strong>tur</strong></span> <span class='ocrx_word' id='word_1_207' title='bbox 434 2572 522 2626; x_wconf 89' lang='lat' dir='ltr'><strong>vel</strong></span> <span class='ocrx_word' id='word_1_208' title='bbox 568 2572 854 2641; x_wconf 86' lang='lat' dir='ltr'><strong>sculpitur</strong></span> <span class='ocrx_word' id='word_1_209' title='bbox 894 2586 1071 2629; x_wconf 87' lang='lat' dir='ltr'><strong>causa</strong></span> <span class='ocrx_word' id='word_1_210' title='bbox 1119 2573 1368 2645; x_wconf 91' lang='lat' dir='ltr'><strong>alicujus</strong></span> <span class='ocrx_word' id='word_1_211' title='bbox 1398 2578 1731 2634; x_wconf 78' lang='lat' dir='ltr'><strong>memoriam</strong></span> <span class='ocrx_word' id='word_1_212' title='bbox 1784 2594 2002 2652; x_wconf 64' lang='lat' dir='ltr'><strong>reprae-</strong></span> 
     </span>
    </p>
   </div>
   <div class='ocr_carea' id='block_1_29' title="bbox 299 2659 2000 2738">
    <p class='ocr_par' dir='ltr' id='par_1_29' title="bbox 299 2659 2000 2738">
     <span class='ocr_line' id='line_1_29' title="bbox 299 2659 2000 2738; baseline 0.007 -24"><span class='ocrx_word' id='word_1_213' title='bbox 299 2659 580 2724; x_wconf 90' lang='lat' dir='ltr'><strong>sentandi,</strong></span> <span class='ocrx_word' id='word_1_214' title='bbox 613 2660 715 2715; x_wconf 87' lang='lat' dir='ltr'><strong>etsi</strong></span> <span class='ocrx_word' id='word_1_215' title='bbox 767 2675 881 2716; x_wconf 93' lang='lat' dir='ltr'><strong>non</strong></span> <span class='ocrx_word' id='word_1_216' title='bbox 930 2661 1113 2718; x_wconf 89' lang='lat' dir='ltr'><strong>simile</strong></span> <span class='ocrx_word' id='word_1_217' title='bbox 1171 2662 1251 2718; x_wconf 90' lang='lat' dir='ltr'><strong>illi</strong></span> <span class='ocrx_word' id='word_1_218' title='bbox 1307 2677 1411 2733; x_wconf 90' lang='lat' dir='ltr'><strong>pro</strong></span> <span class='ocrx_word' id='word_1_219' title='bbox 1462 2679 1579 2735; x_wconf 92' lang='lat' dir='ltr'><strong>quo</strong></span> <span class='ocrx_word' id='word_1_220' title='bbox 1629 2666 1869 2738; x_wconf 82' lang='lat' dir='ltr'><strong>tingitur</strong></span> <span class='ocrx_word' id='word_1_221' title='bbox 1909 2672 2000 2728; x_wconf 91' lang='lat' dir='ltr'><strong>sit.</strong></span> 
     </span>
    </p>
   </div>
   <div class='ocr_carea' id='block_1_30' title="bbox 300 2747 2002 2828">
    <p class='ocr_par' dir='ltr' id='par_1_30' title="bbox 300 2747 2002 2828">
     <span class='ocr_line' id='line_1_30' title="bbox 300 2747 2002 2828; baseline 0.008 -25"><span class='ocrx_word' id='word_1_222' title='bbox 300 2747 623 2804; x_wconf 88' lang='lat' dir='ltr'><strong>Similitudo</strong></span> <span class='ocrx_word' id='word_1_223' title='bbox 673 2756 867 2805; x_wconf 90' lang='lat' dir='ltr'><strong>autem</strong></span> <span class='ocrx_word' id='word_1_224' title='bbox 896 2750 1290 2807; x_wconf 75' lang='lat' dir='ltr'><strong>indifferenter</strong></span> <span class='ocrx_word' id='word_1_225' title='bbox 1320 2751 1377 2807; x_wconf 93' lang='lat' dir='ltr'><strong>in</strong></span> <span class='ocrx_word' id='word_1_226' title='bbox 1423 2755 1648 2810; x_wconf 92' lang='lat' dir='ltr'><strong>cunctis</strong></span> <span class='ocrx_word' id='word_1_227' title='bbox 1704 2772 1837 2828; x_wconf 63' lang='lat' dir='ltr'><strong>quae</strong></span> <span class='ocrx_word' id='word_1_228' title='bbox 1889 2761 2002 2817; x_wconf 92' lang='lat' dir='ltr'><strong>sibi</strong></span> 
     </span>
    </p>
   </div>
   <div class='ocr_carea' id='block_1_31' title="bbox 2092 363 3803 433">
    <p class='ocr_par' dir='ltr' id='par_1_31' title="bbox 2092 363 3803 433">
     <span class='ocr_line' id='line_1_31' title="bbox 2092 363 3803 433; baseline 0 -13"><span class='ocrx_word' id='word_1_229' title='bbox 2092 365 2311 433; x_wconf 86' lang='lat' dir='ltr'><strong>ordine,</strong></span> <span class='ocrx_word' id='word_1_230' title='bbox 2346 366 2446 422; x_wconf 90' lang='lat' dir='ltr'><strong>ubi</strong></span> <span class='ocrx_word' id='word_1_231' title='bbox 2474 365 2615 422; x_wconf 90' lang='lat' dir='ltr'><strong>nihil</strong></span> <span class='ocrx_word' id='word_1_232' title='bbox 2657 365 3186 422; x_wconf 83' lang='lat' dir='ltr'><strong>extraordinarium</strong></span> <span class='ocrx_word' id='word_1_233' title='bbox 3221 365 3299 433; x_wconf 83' lang='lat' dir='ltr'><strong>ﬁt,</strong></span> <span class='ocrx_word' id='word_1_234' title='bbox 3333 363 3416 421; x_wconf 91' lang='lat' dir='ltr'><strong>nil</strong></span> <span class='ocrx_word' id='word_1_235' title='bbox 3444 364 3567 420; x_wconf 91' lang='lat' dir='ltr'><strong>sine</strong></span> <span class='ocrx_word' id='word_1_236' title='bbox 3594 378 3803 431; x_wconf 86' lang='lat' dir='ltr'><strong>causa,</strong></span> 
     </span>
    </p>
   </div>
   <div class='ocr_carea' id='block_1_32' title="bbox 2094 453 3811 521">
    <p class='ocr_par' dir='ltr' id='par_1_32' title="bbox 2094 453 3811 521">
     <span class='ocr_line' id='line_1_32' title="bbox 2094 453 3811 521; baseline -0.001 -10"><span class='ocrx_word' id='word_1_237' title='bbox 2094 454 2173 511; x_wconf 93' lang='lat' dir='ltr'><strong>nil</strong></span> <span class='ocrx_word' id='word_1_238' title='bbox 2206 454 2617 512; x_wconf 89' lang='lat' dir='ltr'><strong>inconveniens</strong></span> <span class='ocrx_word' id='word_1_239' title='bbox 2661 463 2811 513; x_wconf 90' lang='lat' dir='ltr'><strong>recte</strong></span> <span class='ocrx_word' id='word_1_240' title='bbox 2860 454 3235 511; x_wconf 88' lang='lat' dir='ltr'><strong>sentientibus</strong></span> <span class='ocrx_word' id='word_1_241' title='bbox 3281 455 3566 510; x_wconf 64' lang='lat' dir='ltr'><strong>videatur.</strong></span> <span class='ocrx_word' id='word_1_242' title='bbox 3636 453 3811 521; x_wconf 83' lang='lat' dir='ltr'><strong>Quod</strong></span> 
     </span>
    </p>
   </div>
   <div class='ocr_carea' id='block_1_33' title="bbox 2096 541 3815 612">
    <p class='ocr_par' dir='ltr' id='par_1_33' title="bbox 2096 541 3815 612">
     <span class='ocr_line' id='line_1_33' title="bbox 2096 541 3815 612; baseline -0.003 -11"><span class='ocrx_word' id='word_1_243' title='bbox 2096 545 2289 601; x_wconf 89' lang='lat' dir='ltr'><strong>itidem</strong></span> <span class='ocrx_word' id='word_1_244' title='bbox 2327 554 2382 601; x_wconf 91' lang='lat' dir='ltr'><strong>et</strong></span> <span class='ocrx_word' id='word_1_245' title='bbox 2413 546 2628 601; x_wconf 91' lang='lat' dir='ltr'><strong>homini</strong></span> <span class='ocrx_word' id='word_1_246' title='bbox 2663 551 2884 601; x_wconf 86' lang='lat' dir='ltr'><strong>constat</strong></span> <span class='ocrx_word' id='word_1_247' title='bbox 2917 544 3138 612; x_wconf 89' lang='lat' dir='ltr'><strong>datum,</strong></span> <span class='ocrx_word' id='word_1_248' title='bbox 3180 544 3319 600; x_wconf 89' lang='lat' dir='ltr'><strong>dum</strong></span> <span class='ocrx_word' id='word_1_249' title='bbox 3350 557 3521 599; x_wconf 90' lang='lat' dir='ltr'><strong>suum</strong></span> <span class='ocrx_word' id='word_1_250' title='bbox 3558 541 3815 598; x_wconf 82' lang='lat' dir='ltr'><strong>exterio-</strong></span> 
     </span>
    </p>
   </div>
   <div class='ocr_carea' id='block_1_34' title="bbox 2097 632 3816 705">
    <p class='ocr_par' dir='ltr' id='par_1_34' title="bbox 2097 632 3816 705">
     <span class='ocr_line' id='line_1_34' title="bbox 2097 632 3816 705; baseline -0.003 -15"><span class='ocrx_word' id='word_1_251' title='bbox 2097 649 2213 692; x_wconf 79' lang='lat' dir='ltr'><strong>rem</strong></span> <span class='ocrx_word' id='word_1_252' title='bbox 2241 634 2636 705; x_wconf 81' lang='lat' dir='ltr'><strong>perinterioris</strong></span> <span class='ocrx_word' id='word_1_253' title='bbox 2662 636 2691 688; x_wconf 88' lang='lat' dir='ltr'><strong>h</strong></span> <span class='ocrx_word' id='word_1_254' title='bbox 2721 634 2907 688; x_wconf 77' lang='lat' dir='ltr'><strong>uniuis</strong></span> <span class='ocrx_word' id='word_1_255' title='bbox 2933 633 3475 689; x_wconf 89' lang='lat' dir='ltr'><strong>iutellectualitatem</strong></span> <span class='ocrx_word' id='word_1_256' title='bbox 3498 632 3816 702; x_wconf 90' lang='lat' dir='ltr'><strong>disponere</strong></span> 
     </span>
    </p>
   </div>
   <div class='ocr_carea' id='block_1_35' title="bbox 2096 716 3818 790">
    <p class='ocr_par' dir='ltr' id='par_1_35' title="bbox 2096 716 3818 790">
     <span class='ocr_line' id='line_1_35' title="bbox 2096 716 3818 790; baseline -0.005 -14"><span class='ocrx_word' id='word_1_257' title='bbox 2096 719 2289 790; x_wconf 87' lang='lat' dir='ltr'><strong>possit,</strong></span> <span class='ocrx_word' id='word_1_258' title='bbox 2326 726 2389 775; x_wconf 91' lang='lat' dir='ltr'><strong>ut</strong></span> <span class='ocrx_word' id='word_1_259' title='bbox 2435 719 2515 774; x_wconf 89' lang='lat' dir='ltr'><strong>nil</strong></span> <span class='ocrx_word' id='word_1_260' title='bbox 2549 718 2606 774; x_wconf 93' lang='lat' dir='ltr'><strong>in</strong></span> <span class='ocrx_word' id='word_1_261' title='bbox 2662 719 2751 774; x_wconf 89' lang='lat' dir='ltr'><strong>sui</strong></span> <span class='ocrx_word' id='word_1_262' title='bbox 2797 717 2982 787; x_wconf 85' lang='lat' dir='ltr'><strong>operis</strong></span> <span class='ocrx_word' id='word_1_263' title='bbox 3009 717 3361 773; x_wconf 80' lang='lat' dir='ltr'><strong>exhibitione</strong></span> <span class='ocrx_word' id='word_1_264' title='bbox 3393 716 3652 786; x_wconf 90' lang='lat' dir='ltr'><strong>ineptum</strong></span> <span class='ocrx_word' id='word_1_265' title='bbox 3696 720 3818 769; x_wconf 90' lang='lat' dir='ltr'><strong>aut</strong></span> 
     </span>
    </p>
   </div>
   <div class='ocr_carea' id='block_1_36' title="bbox 2097 803 3814 879">
    <p class='ocr_par' dir='ltr' id='par_1_36' title="bbox 2097 803 3814 879">
     <span class='ocr_line' id='line_1_36' title="bbox 2097 803 3814 879; baseline -0.005 -13"><span class='ocrx_word' id='word_1_266' title='bbox 2097 818 2266 879; x_wconf 92' lang='lat' dir='ltr'><strong>turpe</strong></span> <span class='ocrx_word' id='word_1_267' title='bbox 2298 807 2484 863; x_wconf 89' lang='lat' dir='ltr'><strong>valeat</strong></span> <span class='ocrx_word' id='word_1_268' title='bbox 2523 805 2790 863; x_wconf 88' lang='lat' dir='ltr'><strong>inveniri.</strong></span> <span class='ocrx_word' id='word_1_269' title='bbox 2827 806 2982 862; x_wconf 89' lang='lat' dir='ltr'><strong>Vivit</strong></span> <span class='ocrx_word' id='word_1_270' title='bbox 3037 806 3207 873; x_wconf 92' lang='lat' dir='ltr'><strong>Dcus,</strong></span> <span class='ocrx_word' id='word_1_271' title='bbox 3252 813 3308 860; x_wconf 91' lang='lat' dir='ltr'><strong>et</strong></span> <span class='ocrx_word' id='word_1_272' title='bbox 3348 805 3517 875; x_wconf 89' lang='lat' dir='ltr'><strong>sapit,</strong></span> <span class='ocrx_word' id='word_1_273' title='bbox 3563 803 3814 861; x_wconf 87' lang='lat' dir='ltr'><strong>vitalem</strong></span> 
     </span>
    </p>
   </div>
   <div class='ocr_carea' id='block_1_37' title="bbox 2100 889 3814 965">
    <p class='ocr_par' dir='ltr' id='par_1_37' title="bbox 2100 889 3814 965">
     <span class='ocr_line' id='line_1_37' title="bbox 2100 889 3814 965; baseline -0.005 -15"><span class='ocrx_word' id='word_1_274' title='bbox 2100 908 2201 965; x_wconf 89' lang='lat' dir='ltr'><strong>per</strong></span> <span class='ocrx_word' id='word_1_275' title='bbox 2228 908 2286 949; x_wconf 89' lang='lat' dir='ltr'><strong>se</strong></span> <span class='ocrx_word' id='word_1_276' title='bbox 2308 900 2365 948; x_wconf 92' lang='lat' dir='ltr'><strong>et</strong></span> <span class='ocrx_word' id='word_1_277' title='bbox 2390 891 2677 947; x_wconf 81' lang='lat' dir='ltr'><strong>viviﬁcam</strong></span> <span class='ocrx_word' id='word_1_278' title='bbox 2709 890 2767 947; x_wconf 93' lang='lat' dir='ltr'><strong>in</strong></span> <span class='ocrx_word' id='word_1_279' title='bbox 2798 889 3014 946; x_wconf 90' lang='lat' dir='ltr'><strong>carnali</strong></span> <span class='ocrx_word' id='word_1_280' title='bbox 3060 904 3247 947; x_wconf 87' lang='lat' dir='ltr'><strong>massa</strong></span> <span class='ocrx_word' id='word_1_281' title='bbox 3279 889 3483 946; x_wconf 87' lang='lat' dir='ltr'><strong>indidit</strong></span> <span class='ocrx_word' id='word_1_282' title='bbox 3520 889 3814 953; x_wconf 89' lang='lat' dir='ltr'><strong>animam,</strong></span> 
     </span>
    </p>
   </div>
   <div class='ocr_carea' id='block_1_38' title="bbox 2101 978 3817 1053">
    <p class='ocr_par' dir='ltr' id='par_1_38' title="bbox 2101 978 3817 1053">
     <span class='ocr_line' id='line_1_38' title="bbox 2101 978 3817 1053; baseline -0.003 -14"><span class='ocrx_word' id='word_1_283' title='bbox 2101 998 2232 1053; x_wconf 67' lang='lat' dir='ltr'><strong>quae</strong></span> <span class='ocrx_word' id='word_1_284' title='bbox 2258 981 2484 1052; x_wconf 90' lang='lat' dir='ltr'><strong>pondus</strong></span> <span class='ocrx_word' id='word_1_285' title='bbox 2512 993 2684 1036; x_wconf 87' lang='lat' dir='ltr'><strong>suum</strong></span> <span class='ocrx_word' id='word_1_286' title='bbox 2715 978 2852 1035; x_wconf 86' lang='lat' dir='ltr'><strong>foris</strong></span> <span class='ocrx_word' id='word_1_287' title='bbox 2880 979 3065 1035; x_wconf 90' lang='lat' dir='ltr'><strong>reddit</strong></span> <span class='ocrx_word' id='word_1_288' title='bbox 3117 986 3405 1050; x_wconf 89' lang='lat' dir='ltr'><strong>vegetum,</strong></span> <span class='ocrx_word' id='word_1_289' title='bbox 3454 987 3629 1035; x_wconf 89' lang='lat' dir='ltr'><strong>semet</strong></span> <span class='ocrx_word' id='word_1_290' title='bbox 3662 992 3817 1034; x_wconf 88' lang='lat' dir='ltr'><strong>vero</strong></span> 
     </span>
    </p>
   </div>
   <div class='ocr_carea' id='block_1_39' title="bbox 2099 1066 3817 1142">
    <p class='ocr_par' dir='ltr' id='par_1_39' title="bbox 2099 1066 3817 1142">
     <span class='ocr_line' id='line_1_39' title="bbox 2099 1066 3817 1142; baseline -0.003 -14"><span class='ocrx_word' id='word_1_291' title='bbox 2099 1086 2172 1128; x_wconf 78' lang='lat' dir='ltr'><strong>ex</strong></span> <span class='ocrx_word' id='word_1_292' title='bbox 2208 1069 2505 1142; x_wconf 90' lang='lat' dir='ltr'><strong>participio</strong></span> <span class='ocrx_word' id='word_1_293' title='bbox 2543 1068 2783 1125; x_wconf 65' lang='lat' dir='ltr'><strong>caelestis</strong></span> <span class='ocrx_word' id='word_1_294' title='bbox 2832 1066 3068 1123; x_wconf 92' lang='lat' dir='ltr'><strong>luminis</strong></span> <span class='ocrx_word' id='word_1_295' title='bbox 3126 1067 3275 1123; x_wconf 90' lang='lat' dir='ltr'><strong>intro</strong></span> <span class='ocrx_word' id='word_1_296' title='bbox 3322 1068 3619 1138; x_wconf 90' lang='lat' dir='ltr'><strong>providam</strong></span> <span class='ocrx_word' id='word_1_297' title='bbox 3662 1082 3817 1138; x_wconf 88' lang='lat' dir='ltr'><strong>pos-</strong></span> 
     </span>
    </p>
   </div>
   <div class='ocr_carea' id='block_1_40' title="bbox 2100 1155 3818 1229">
    <p class='ocr_par' dir='ltr' id='par_1_40' title="bbox 2100 1155 3818 1229">
     <span class='ocr_line' id='line_1_40' title="bbox 2100 1155 3818 1229; baseline -0.004 -11"><span class='ocrx_word' id='word_1_298' title='bbox 2100 1162 2262 1218; x_wconf 87' lang='lat' dir='ltr'><strong>sidet.</strong></span> <span class='ocrx_word' id='word_1_299' title='bbox 2298 1161 2495 1229; x_wconf 89' lang='lat' dir='ltr'><strong>Imago</strong></span> <span class='ocrx_word' id='word_1_300' title='bbox 2534 1172 2671 1228; x_wconf 89' lang='lat' dir='ltr'><strong>ergo</strong></span> <span class='ocrx_word' id='word_1_301' title='bbox 2712 1157 2810 1213; x_wconf 90' lang='lat' dir='ltr'><strong>Dei</strong></span> <span class='ocrx_word' id='word_1_302' title='bbox 2861 1171 3084 1223; x_wconf 91' lang='lat' dir='ltr'><strong>sumus,</strong></span> <span class='ocrx_word' id='word_1_303' title='bbox 3139 1156 3317 1225; x_wconf 89' lang='lat' dir='ltr'><strong>ipsius</strong></span> <span class='ocrx_word' id='word_1_304' title='bbox 3373 1155 3567 1227; x_wconf 66' lang='lat' dir='ltr'><strong>gloria:</strong></span> <span class='ocrx_word' id='word_1_305' title='bbox 3599 1163 3654 1211; x_wconf 91' lang='lat' dir='ltr'><strong>et</strong></span> <span class='ocrx_word' id='word_1_306' title='bbox 3699 1156 3818 1212; x_wconf 91' lang='lat' dir='ltr'><strong>ho-</strong></span> 
     </span>
    </p>
   </div>
   <div class='ocr_carea' id='block_1_41' title="bbox 2102 1243 3867 1313">
    <p class='ocr_par' dir='ltr' id='par_1_41' title="bbox 2102 1243 3867 1313">
     <span class='ocr_line' id='line_1_41' title="bbox 2102 1243 3867 1313; baseline -0.003 -9"><span class='ocrx_word' id='word_1_307' title='bbox 2102 1248 2261 1304; x_wconf 90' lang='lat' dir='ltr'><strong>noris</strong></span> <span class='ocrx_word' id='word_1_308' title='bbox 2310 1246 2444 1303; x_wconf 83' lang='lat' dir='ltr'><strong>facti</strong></span> <span class='ocrx_word' id='word_1_309' title='bbox 2498 1260 2722 1313; x_wconf 90' lang='lat' dir='ltr'><strong>sumus,</strong></span> <span class='ocrx_word' id='word_1_310' title='bbox 2762 1259 2878 1300; x_wconf 92' lang='lat' dir='ltr'><strong>non</strong></span> <span class='ocrx_word' id='word_1_311' title='bbox 2925 1244 3103 1300; x_wconf 88' lang='lat' dir='ltr'><strong>nostri</strong></span> <span class='ocrx_word' id='word_1_312' title='bbox 3153 1244 3338 1300; x_wconf 91' lang='lat' dir='ltr'><strong>meriti</strong></span> <span class='ocrx_word' id='word_1_313' title='bbox 3390 1252 3492 1301; x_wconf 90' lang='lat' dir='ltr'><strong>aut</strong></span> <span class='ocrx_word' id='word_1_314' title='bbox 3535 1243 3822 1301; x_wconf 87' lang='lat' dir='ltr'><strong>utilitatis</strong></span> <span class='ocrx_word' id='word_1_315' title='bbox 3866 1246 3867 1255; x_wconf 83' lang='lat'>‘</span> 
     </span>
    </p>
   </div>
   <div class='ocr_carea' id='block_1_42' title="bbox 2103 1332 3819 1406">
    <p class='ocr_par' dir='ltr' id='par_1_42' title="bbox 2103 1332 3819 1406">
     <span class='ocr_line' id='line_1_42' title="bbox 2103 1332 3819 1406; baseline -0.004 -12"><span class='ocrx_word' id='word_1_316' title='bbox 2103 1351 2299 1402; x_wconf 89' lang='lat' dir='ltr'><strong>causa,</strong></span> <span class='ocrx_word' id='word_1_317' title='bbox 2341 1342 2535 1406; x_wconf 87' lang='lat' dir='ltr'><strong>utpote</strong></span> <span class='ocrx_word' id='word_1_318' title='bbox 2585 1334 2688 1404; x_wconf 89' lang='lat' dir='ltr'><strong>qui</strong></span> <span class='ocrx_word' id='word_1_319' title='bbox 2732 1334 3036 1389; x_wconf 88' lang='lat' dir='ltr'><strong>nonnobis</strong></span> <span class='ocrx_word' id='word_1_320' title='bbox 3066 1333 3291 1404; x_wconf 89' lang='lat' dir='ltr'><strong>egebat,</strong></span> <span class='ocrx_word' id='word_1_321' title='bbox 3349 1332 3444 1388; x_wconf 90' lang='lat' dir='ltr'><strong>sed</strong></span> <span class='ocrx_word' id='word_1_322' title='bbox 3504 1347 3605 1388; x_wconf 92' lang='lat' dir='ltr'><strong>nos</strong></span> <span class='ocrx_word' id='word_1_323' title='bbox 3650 1332 3819 1395; x_wconf 75' lang='lat' dir='ltr'><strong>fecit,</strong></span> 
     </span>
    </p>
   </div>
   <div class='ocr_carea' id='block_1_43' title="bbox 2105 1421 3824 1496">
    <p class='ocr_par' dir='ltr' id='par_1_43' title="bbox 2105 1421 3824 1496">
     <span class='ocr_line' id='line_1_43' title="bbox 2105 1421 3824 1496; baseline -0.004 -13"><span class='ocrx_word' id='word_1_324' title='bbox 2105 1434 2168 1483; x_wconf 92' lang='lat' dir='ltr'><strong>ut</strong></span> <span class='ocrx_word' id='word_1_325' title='bbox 2199 1426 2320 1496; x_wconf 91' lang='lat' dir='ltr'><strong>ipso</strong></span> <span class='ocrx_word' id='word_1_326' title='bbox 2361 1426 2522 1480; x_wconf 89' lang='lat' dir='ltr'><strong>beate</strong></span> <span class='ocrx_word' id='word_1_327' title='bbox 2581 1423 2924 1479; x_wconf 89' lang='lat' dir='ltr'><strong>frucremur.</strong></span> <span class='ocrx_word' id='word_1_328' title='bbox 2981 1422 3167 1478; x_wconf 90' lang='lat' dir='ltr'><strong>Causa</strong></span> <span class='ocrx_word' id='word_1_329' title='bbox 3229 1430 3510 1488; x_wconf 88' lang='lat' dir='ltr'><strong>nostrum,</strong></span> <span class='ocrx_word' id='word_1_330' title='bbox 3560 1421 3712 1478; x_wconf 90' lang='lat' dir='ltr'><strong>sicut</strong></span> <span class='ocrx_word' id='word_1_331' title='bbox 3757 1429 3824 1476; x_wconf 90' lang='lat' dir='ltr'><strong>et</strong></span> 
     </span>
    </p>
   </div>
   <div class='ocr_carea' id='block_1_44' title="bbox 2104 1509 3826 1580">
    <p class='ocr_par' dir='ltr' id='par_1_44' title="bbox 2104 1509 3826 1580">
     <span class='ocr_line' id='line_1_44' title="bbox 2104 1509 3826 1580; baseline -0.003 -9"><span class='ocrx_word' id='word_1_332' title='bbox 2104 1515 2362 1571; x_wconf 91' lang='lat' dir='ltr'><strong>omnium</strong></span> <span class='ocrx_word' id='word_1_333' title='bbox 2392 1519 2715 1569; x_wconf 89' lang='lat' dir='ltr'><strong>creatorum</strong></span> <span class='ocrx_word' id='word_1_334' title='bbox 2747 1511 2873 1578; x_wconf 87' lang='lat' dir='ltr'><strong>fuit,</strong></span> <span class='ocrx_word' id='word_1_335' title='bbox 2924 1516 2989 1567; x_wconf 91' lang='lat' dir='ltr'><strong>ut</strong></span> <span class='ocrx_word' id='word_1_336' title='bbox 3034 1509 3248 1567; x_wconf 90' lang='lat' dir='ltr'><strong>scilicet</strong></span> <span class='ocrx_word' id='word_1_337' title='bbox 3274 1509 3704 1580; x_wconf 79' lang='lat' dir='ltr'><strong>gloriﬁcaretur</strong></span> <span class='ocrx_word' id='word_1_338' title='bbox 3736 1524 3826 1565; x_wconf 72' lang='lat' dir='ltr'><strong>ex</strong></span> 
     </span>
    </p>
   </div>
   <div class='ocr_carea' id='block_1_45' title="bbox 2027 1576 3825 1671">
    <p class='ocr_par' dir='ltr' id='par_1_45' title="bbox 2027 1576 3825 1671">
     <span class='ocr_line' id='line_1_45' title="bbox 2027 1576 3825 1671; baseline -0.003 -11"><span class='ocrx_word' id='word_1_339' title='bbox 2027 1576 2070 1631; x_wconf 72' lang='grc' dir='ltr'><strong>Β</strong></span> <span class='ocrx_word' id='word_1_340' title='bbox 2104 1602 2286 1671; x_wconf 87' lang='lat' dir='ltr'><strong>nobis,</strong></span> <span class='ocrx_word' id='word_1_341' title='bbox 2339 1616 2454 1658; x_wconf 92' lang='lat' dir='ltr'><strong>nou</strong></span> <span class='ocrx_word' id='word_1_342' title='bbox 2502 1614 2617 1671; x_wconf 92' lang='lat' dir='ltr'><strong>quo</strong></span> <span class='ocrx_word' id='word_1_343' title='bbox 2667 1576 2866 1656; x_wconf 84' lang='lat' dir='ltr'><strong>nostra</strong></span> <span class='ocrx_word' id='word_1_344' title='bbox 2895 1576 3310 1670; x_wconf 78' lang='lat' dir='ltr'><strong>gloriﬁcatione</strong></span> <span class='ocrx_word' id='word_1_345' title='bbox 3355 1598 3670 1669; x_wconf 86' lang='lat' dir='ltr'><strong>proliceret,</strong></span> <span class='ocrx_word' id='word_1_346' title='bbox 3708 1599 3825 1654; x_wconf 89' lang='lat' dir='ltr'><strong>sed</strong></span> 
     </span>
    </p>
   </div>
   <div class='ocr_carea' id='block_1_46' title="bbox 2098 1687 3828 1764">
    <p class='ocr_par' dir='ltr' id='par_1_46' title="bbox 2098 1687 3828 1764">
     <span class='ocr_line' id='line_1_46' title="bbox 2098 1687 3828 1764; baseline -0.003 -15"><span class='ocrx_word' id='word_1_347' title='bbox 2098 1707 2216 1764; x_wconf 92' lang='lat' dir='ltr'><strong>quo</strong></span> <span class='ocrx_word' id='word_1_348' title='bbox 2238 1705 2370 1747; x_wconf 89' lang='lat' dir='ltr'><strong>eum</strong></span> <span class='ocrx_word' id='word_1_349' title='bbox 2400 1697 2455 1746; x_wconf 92' lang='lat' dir='ltr'><strong>et</strong></span> <span class='ocrx_word' id='word_1_350' title='bbox 2483 1703 2556 1745; x_wconf 82' lang='lat' dir='ltr'><strong>ex</strong></span> <span class='ocrx_word' id='word_1_351' title='bbox 2582 1688 2675 1744; x_wconf 91' lang='lat' dir='ltr'><strong>sui</strong></span> <span class='ocrx_word' id='word_1_352' title='bbox 2705 1687 3182 1755; x_wconf 87' lang='lat' dir='ltr'><strong>consideratione,</strong></span> <span class='ocrx_word' id='word_1_353' title='bbox 3218 1694 3273 1743; x_wconf 92' lang='lat' dir='ltr'><strong>et</strong></span> <span class='ocrx_word' id='word_1_354' title='bbox 3301 1701 3372 1742; x_wconf 83' lang='lat' dir='ltr'><strong>ex</strong></span> <span class='ocrx_word' id='word_1_355' title='bbox 3402 1687 3606 1743; x_wconf 89' lang='lat' dir='ltr'><strong>mundi</strong></span> <span class='ocrx_word' id='word_1_356' title='bbox 3630 1688 3828 1744; x_wconf 88' lang='lat' dir='ltr'><strong>totius</strong></span> 
     </span>
    </p>
   </div>
   <div class='ocr_carea' id='block_1_47' title="bbox 2094 1776 3829 1849">
    <p class='ocr_par' dir='ltr' id='par_1_47' title="bbox 2094 1776 3829 1849">
     <span class='ocr_line' id='line_1_47' title="bbox 2094 1776 3829 1849; baseline -0.003 -11"><span class='ocrx_word' id='word_1_357' title='bbox 2094 1779 2345 1838; x_wconf 88' lang='lat' dir='ltr'><strong>mirabili</strong></span> <span class='ocrx_word' id='word_1_358' title='bbox 2378 1785 2606 1849; x_wconf 90' lang='lat' dir='ltr'><strong>propter</strong></span> <span class='ocrx_word' id='word_1_359' title='bbox 2653 1791 2758 1832; x_wconf 90' lang='lat' dir='ltr'><strong>nos</strong></span> <span class='ocrx_word' id='word_1_360' title='bbox 2792 1776 3149 1833; x_wconf 86' lang='lat' dir='ltr'><strong>institutione</strong></span> <span class='ocrx_word' id='word_1_361' title='bbox 3174 1776 3550 1849; x_wconf 84' lang='lat' dir='ltr'><strong>gloriﬁcaudo</strong></span> <span class='ocrx_word' id='word_1_362' title='bbox 3585 1776 3829 1848; x_wconf 86' lang='lat' dir='ltr'><strong>glorio-</strong></span> 
     </span>
    </p>
   </div>
   <div class='ocr_carea' id='block_1_48' title="bbox 2095 1865 3829 1937">
    <p class='ocr_par' dir='ltr' id='par_1_48' title="bbox 2095 1865 3829 1937">
     <span class='ocr_line' id='line_1_48' title="bbox 2095 1865 3829 1937; baseline -0.002 -10"><span class='ocrx_word' id='word_1_363' title='bbox 2095 1872 2212 1927; x_wconf 92' lang='lat' dir='ltr'><strong>sior</strong></span> <span class='ocrx_word' id='word_1_364' title='bbox 2241 1870 2410 1925; x_wconf 90' lang='lat' dir='ltr'><strong>homo</strong></span> <span class='ocrx_word' id='word_1_365' title='bbox 2441 1868 2621 1923; x_wconf 79' lang='lat' dir='ltr'><strong>fieret.</strong></span> <span class='ocrx_word' id='word_1_366' title='bbox 2654 1866 2768 1923; x_wconf 89' lang='lat' dir='ltr'><strong>Nos</strong></span> <span class='ocrx_word' id='word_1_367' title='bbox 2791 1866 2988 1937; x_wconf 87' lang='lat' dir='ltr'><strong>itaque</strong></span> <span class='ocrx_word' id='word_1_368' title='bbox 3010 1865 3228 1936; x_wconf 91' lang='lat' dir='ltr'><strong>illiquo</strong></span> <span class='ocrx_word' id='word_1_369' title='bbox 3261 1880 3365 1922; x_wconf 92' lang='lat' dir='ltr'><strong>nos</strong></span> <span class='ocrx_word' id='word_1_370' title='bbox 3417 1871 3471 1922; x_wconf 91' lang='lat' dir='ltr'><strong>et</strong></span> <span class='ocrx_word' id='word_1_371' title='bbox 3519 1866 3829 1923; x_wconf 91' lang='lat' dir='ltr'><strong>mundum</strong></span> 
     </span>
    </p>
   </div>
   <div class='ocr_carea' id='block_1_49' title="bbox 2096 1954 3828 2030">
    <p class='ocr_par' dir='ltr' id='par_1_49' title="bbox 2096 1954 3828 2030">
     <span class='ocr_line' id='line_1_49' title="bbox 2096 1954 3828 2030; baseline -0.002 -15"><span class='ocrx_word' id='word_1_372' title='bbox 2096 1958 2244 2030; x_wconf 90' lang='lat' dir='ltr'><strong>regit</strong></span> <span class='ocrx_word' id='word_1_373' title='bbox 2293 1955 2483 2013; x_wconf 91' lang='lat' dir='ltr'><strong>ordini</strong></span> <span class='ocrx_word' id='word_1_374' title='bbox 2529 1955 3015 2022; x_wconf 83' lang='lat' dir='ltr'><strong>conﬁrmando,...</strong></span> <span class='ocrx_word' id='word_1_375' title='bbox 3059 1955 3272 2010; x_wconf 89' lang='lat' dir='ltr'><strong>scilicet</strong></span> <span class='ocrx_word' id='word_1_376' title='bbox 3321 1954 3498 2010; x_wconf 90' lang='lat' dir='ltr'><strong>nostri</strong></span> <span class='ocrx_word' id='word_1_377' title='bbox 3546 1955 3828 2023; x_wconf 86' lang='lat' dir='ltr'><strong>ipsorum</strong></span> 
     </span>
    </p>
   </div>
   <div class='ocr_carea' id='block_1_50' title="bbox 2095 2043 3832 2115">
    <p class='ocr_par' dir='ltr' id='par_1_50' title="bbox 2095 2043 3832 2115">
     <span class='ocr_line' id='line_1_50' title="bbox 2095 2043 3832 2115; baseline -0.002 -11"><span class='ocrx_word' id='word_1_378' title='bbox 2095 2047 2424 2114; x_wconf 80' lang='lat' dir='ltr'><strong>existentes,</strong></span> <span class='ocrx_word' id='word_1_379' title='bbox 2456 2045 2614 2101; x_wconf 90' lang='lat' dir='ltr'><strong>vitiis</strong></span> <span class='ocrx_word' id='word_1_380' title='bbox 2646 2044 3044 2115; x_wconf 84' lang='lat' dir='ltr'><strong>principando,</strong></span> <span class='ocrx_word' id='word_1_381' title='bbox 3098 2050 3152 2099; x_wconf 91' lang='lat' dir='ltr'><strong>et</strong></span> <span class='ocrx_word' id='word_1_382' title='bbox 3198 2058 3333 2099; x_wconf 92' lang='lat' dir='ltr'><strong>cum</strong></span> <span class='ocrx_word' id='word_1_383' title='bbox 3362 2043 3575 2100; x_wconf 90' lang='lat' dir='ltr'><strong>virtute</strong></span> <span class='ocrx_word' id='word_1_384' title='bbox 3612 2045 3832 2100; x_wconf 84' lang='lat' dir='ltr'><strong>omnia</strong></span> 
     </span>
    </p>
   </div>
   <div class='ocr_carea' id='block_1_51' title="bbox 2100 2131 3825 2206">
    <p class='ocr_par' dir='ltr' id='par_1_51' title="bbox 2100 2131 3825 2206">
     <span class='ocr_line' id='line_1_51' title="bbox 2100 2131 3825 2206; baseline -0.002 -15"><span class='ocrx_word' id='word_1_385' title='bbox 2100 2142 2296 2191; x_wconf 91' lang='lat' dir='ltr'><strong>nostra</strong></span> <span class='ocrx_word' id='word_1_386' title='bbox 2325 2133 2573 2206; x_wconf 90' lang='lat' dir='ltr'><strong>gerendo</strong></span> <span class='ocrx_word' id='word_1_387' title='bbox 2605 2147 2869 2203; x_wconf 68' lang='lat' dir='ltr'><strong>superum</strong></span> <span class='ocrx_word' id='word_1_388' title='bbox 2891 2131 3128 2203; x_wconf 89' lang='lat' dir='ltr'><strong>imagini</strong></span> <span class='ocrx_word' id='word_1_389' title='bbox 3174 2146 3592 2202; x_wconf 86' lang='lat' dir='ltr'><strong>comparemur.</strong></span> <span class='ocrx_word' id='word_1_390' title='bbox 3636 2132 3825 2188; x_wconf 89' lang='lat' dir='ltr'><strong>Simi-</strong></span> 
     </span>
    </p>
   </div>
   <div class='ocr_carea' id='block_1_52' title="bbox 2104 2220 3824 2293">
    <p class='ocr_par' dir='ltr' id='par_1_52' title="bbox 2104 2220 3824 2293">
     <span class='ocr_line' id='line_1_52' title="bbox 2104 2220 3824 2293; baseline -0.001 -14"><span class='ocrx_word' id='word_1_391' title='bbox 2104 2224 2405 2281; x_wconf 90' lang='lat' dir='ltr'><strong>litudinem</strong></span> <span class='ocrx_word' id='word_1_392' title='bbox 2447 2237 2625 2293; x_wconf 88' lang='lat' dir='ltr'><strong>supra</strong></span> <span class='ocrx_word' id='word_1_393' title='bbox 2654 2222 2910 2278; x_wconf 84' lang='lat' dir='ltr'><strong>diximus</strong></span> <span class='ocrx_word' id='word_1_394' title='bbox 2959 2221 3019 2276; x_wconf 91' lang='lat' dir='ltr'><strong>in</strong></span> <span class='ocrx_word' id='word_1_395' title='bbox 3066 2220 3324 2277; x_wconf 89' lang='lat' dir='ltr'><strong>moribus</strong></span> <span class='ocrx_word' id='word_1_396' title='bbox 3352 2221 3558 2278; x_wconf 89' lang='lat' dir='ltr'><strong>debere</strong></span> <span class='ocrx_word' id='word_1_397' title='bbox 3588 2223 3824 2291; x_wconf 90' lang='lat' dir='ltr'><strong>putari,</strong></span> 
     </span>
    </p>
   </div>
   <div class='ocr_carea' id='block_1_53' title="bbox 2108 2308 3825 2385">
    <p class='ocr_par' dir='ltr' id='par_1_53' title="bbox 2108 2308 3825 2385">
     <span class='ocr_line' id='line_1_53' title="bbox 2108 2308 3825 2385; baseline -0.002 -17"><span class='ocrx_word' id='word_1_398' title='bbox 2108 2313 2208 2385; x_wconf 90' lang='lat' dir='ltr'><strong>qui</strong></span> <span class='ocrx_word' id='word_1_399' title='bbox 2257 2313 2404 2368; x_wconf 92' lang='lat' dir='ltr'><strong>sicut</strong></span> <span class='ocrx_word' id='word_1_400' title='bbox 2437 2312 2589 2367; x_wconf 92' lang='lat' dir='ltr'><strong>Deus</strong></span> <span class='ocrx_word' id='word_1_401' title='bbox 2618 2318 2703 2367; x_wconf 90' lang='lat' dir='ltr'><strong>est</strong></span> <span class='ocrx_word' id='word_1_402' title='bbox 2732 2324 2910 2377; x_wconf 91' lang='lat' dir='ltr'><strong>amor,</strong></span> <span class='ocrx_word' id='word_1_403' title='bbox 2943 2308 3189 2380; x_wconf 91' lang='lat' dir='ltr'><strong>justitia,</strong></span> <span class='ocrx_word' id='word_1_404' title='bbox 3244 2309 3443 2379; x_wconf 89' lang='lat' dir='ltr'><strong>pietas,</strong></span> <span class='ocrx_word' id='word_1_405' title='bbox 3491 2309 3825 2376; x_wconf 88' lang='lat' dir='ltr'><strong>munditia,</strong></span> 
     </span>
    </p>
   </div>
   <div class='ocr_carea' id='block_1_54' title="bbox 2105 2398 3832 2472">
    <p class='ocr_par' dir='ltr' id='par_1_54' title="bbox 2105 2398 3832 2472">
     <span class='ocr_line' id='line_1_54' title="bbox 2105 2398 3832 2472; baseline -0.002 -14"><span class='ocrx_word' id='word_1_406' title='bbox 2105 2408 2161 2458; x_wconf 90' lang='lat' dir='ltr'><strong>et</strong></span> <span class='ocrx_word' id='word_1_407' title='bbox 2189 2399 2474 2472; x_wconf 90' lang='lat' dir='ltr'><strong>quidquid</strong></span> <span class='ocrx_word' id='word_1_408' title='bbox 2518 2398 2653 2456; x_wconf 92' lang='lat' dir='ltr'><strong>boni</strong></span> <span class='ocrx_word' id='word_1_409' title='bbox 2699 2399 2809 2455; x_wconf 87' lang='lat' dir='ltr'><strong>dici</strong></span> <span class='ocrx_word' id='word_1_410' title='bbox 2842 2405 2943 2454; x_wconf 92' lang='lat' dir='ltr'><strong>aut</strong></span> <span class='ocrx_word' id='word_1_411' title='bbox 2984 2398 3218 2472; x_wconf 88' lang='lat' dir='ltr'><strong>cogitari</strong></span> <span class='ocrx_word' id='word_1_412' title='bbox 3255 2405 3457 2467; x_wconf 86' lang='lat' dir='ltr'><strong>potest,</strong></span> <span class='ocrx_word' id='word_1_413' title='bbox 3492 2398 3571 2453; x_wconf 90' lang='lat' dir='ltr'><strong>ita</strong></span> <span class='ocrx_word' id='word_1_414' title='bbox 3619 2400 3832 2454; x_wconf 89' lang='lat' dir='ltr'><strong>omnis</strong></span> 
     </span>
    </p>
   </div>
   <div class='ocr_carea' id='block_1_55' title="bbox 2110 2486 3832 2561">
    <p class='ocr_par' dir='ltr' id='par_1_55' title="bbox 2110 2486 3832 2561">
     <span class='ocr_line' id='line_1_55' title="bbox 2110 2486 3832 2561; baseline -0.002 -15"><span class='ocrx_word' id='word_1_415' title='bbox 2110 2489 2311 2561; x_wconf 76' lang='lat' dir='ltr'><strong>gratiae</strong></span> <span class='ocrx_word' id='word_1_416' title='bbox 2339 2496 2393 2545; x_wconf 91' lang='lat' dir='ltr'><strong>et</strong></span> <span class='ocrx_word' id='word_1_417' title='bbox 2442 2486 2760 2544; x_wconf 88' lang='lat' dir='ltr'><strong>sanctitatis</strong></span> <span class='ocrx_word' id='word_1_418' title='bbox 2809 2501 3077 2557; x_wconf 87' lang='lat' dir='ltr'><strong>capacem</strong></span> <span class='ocrx_word' id='word_1_419' title='bbox 3136 2486 3383 2544; x_wconf 88' lang='lat' dir='ltr'><strong>hominis</strong></span> <span class='ocrx_word' id='word_1_420' title='bbox 3435 2486 3690 2541; x_wconf 89' lang='lat' dir='ltr'><strong>animam</strong></span> <span class='ocrx_word' id='word_1_421' title='bbox 3727 2486 3832 2542; x_wconf 82' lang='lat' dir='ltr'><strong>fe—</strong></span> 
     </span>
    </p>
   </div>
   <div class='ocr_carea' id='block_1_56' title="bbox 2109 2573 3834 2645">
    <p class='ocr_par' dir='ltr' id='par_1_56' title="bbox 2109 2573 3834 2645">
     <span class='ocr_line' id='line_1_56' title="bbox 2109 2573 3834 2645; baseline -0.002 -11"><span class='ocrx_word' id='word_1_422' title='bbox 2109 2578 2185 2634; x_wconf 91' lang='lat' dir='ltr'><strong>cit</strong></span> <span class='ocrx_word' id='word_1_423' title='bbox 2237 2576 2398 2634; x_wconf 92' lang='lat' dir='ltr'><strong>Unde</strong></span> <span class='ocrx_word' id='word_1_424' title='bbox 2448 2583 2503 2632; x_wconf 90' lang='lat' dir='ltr'><strong>et</strong></span> <span class='ocrx_word' id='word_1_425' title='bbox 2538 2588 2764 2631; x_wconf 89' lang='lat' dir='ltr'><strong>summo</strong></span> <span class='ocrx_word' id='word_1_426' title='bbox 2809 2582 3021 2642; x_wconf 90' lang='lat' dir='ltr'><strong>nostro,</strong></span> <span class='ocrx_word' id='word_1_427' title='bbox 3058 2575 3215 2645; x_wconf 90' lang='lat' dir='ltr'><strong>quod</strong></span> <span class='ocrx_word' id='word_1_428' title='bbox 3268 2589 3372 2629; x_wconf 92' lang='lat' dir='ltr'><strong>nos</strong></span> <span class='ocrx_word' id='word_1_429' title='bbox 3412 2573 3676 2629; x_wconf 90' lang='lat' dir='ltr'><strong>videlicet</strong></span> <span class='ocrx_word' id='word_1_430' title='bbox 3706 2574 3834 2630; x_wconf 87' lang='lat' dir='ltr'><strong>ha-</strong></span> 
     </span>
    </p>
   </div>
   <div class='ocr_carea' id='block_1_57' title="bbox 2111 2660 3828 2732">
    <p class='ocr_par' dir='ltr' id='par_1_57' title="bbox 2111 2660 3828 2732">
     <span class='ocr_line' id='line_1_57' title="bbox 2111 2660 3828 2732; baseline -0.003 -9"><span class='ocrx_word' id='word_1_431' title='bbox 2111 2667 2246 2724; x_wconf 91' lang='lat' dir='ltr'><strong>bere</strong></span> <span class='ocrx_word' id='word_1_432' title='bbox 2274 2664 2597 2732; x_wconf 87' lang='lat' dir='ltr'><strong>conveniat,</strong></span> <span class='ocrx_word' id='word_1_433' title='bbox 2649 2664 2795 2719; x_wconf 92' lang='lat' dir='ltr'><strong>bono</strong></span> <span class='ocrx_word' id='word_1_434' title='bbox 2839 2662 2912 2719; x_wconf 92' lang='lat' dir='ltr'><strong>ab</strong></span> <span class='ocrx_word' id='word_1_435' title='bbox 2953 2664 3171 2719; x_wconf 86' lang='lat' dir='ltr'><strong>Joanne</strong></span> <span class='ocrx_word' id='word_1_436' title='bbox 3218 2661 3462 2718; x_wconf 90' lang='lat' dir='ltr'><strong>dicitur:</strong></span> <span class='ocrx_word' id='word_1_437' title='bbox 3514 2660 3668 2718; x_wconf 83' lang='lat' dir='ltr'><strong>Sicut</strong></span> <span class='ocrx_word' id='word_1_438' title='bbox 3699 2666 3828 2731; x_wconf 83' lang='lat' dir='ltr'><strong>ille,</strong></span> 
     </span>
    </p>
   </div>
   <div class='ocr_carea' id='block_1_58' title="bbox 2114 2749 3823 2825">
    <p class='ocr_par' dir='ltr' id='par_1_58' title="bbox 2114 2749 3823 2825">
     <span class='ocr_line' id='line_1_58' title="bbox 2114 2749 3823 2825; baseline -0.002 -14"><span class='ocrx_word' id='word_1_439' title='bbox 2114 2754 2322 2825; x_wconf 88' lang='lat' dir='ltr'><strong>inquit,</strong></span> <span class='ocrx_word' id='word_1_440' title='bbox 2356 2757 2453 2820; x_wconf 86' lang='lat' dir='ltr'><strong>est,</strong></span> <span class='ocrx_word' id='word_1_441' title='bbox 2486 2757 2537 2806; x_wconf 90' lang='lat' dir='ltr'><strong>et</strong></span> <span class='ocrx_word' id='word_1_442' title='bbox 2559 2767 2655 2806; x_wconf 88' lang='lat' dir='ltr'><strong>nos</strong></span> <span class='ocrx_word' id='word_1_443' title='bbox 2691 2765 2875 2805; x_wconf 88' lang='lat' dir='ltr'><strong>sumus</strong></span> <span class='ocrx_word' id='word_1_444' title='bbox 2903 2753 2961 2805; x_wconf 87' lang='lat' dir='ltr'><strong>in</strong></span> <span class='ocrx_word' id='word_1_445' title='bbox 2992 2750 3086 2804; x_wconf 88' lang='lat' dir='ltr'><strong>hoc</strong></span> <span class='ocrx_word' id='word_1_446' title='bbox 3116 2749 3316 2805; x_wconf 86' lang='lat' dir='ltr'><strong>mundo</strong></span> <span class='ocrx_word' id='word_1_447' title='bbox 3366 2749 3524 2822; x_wconf 82' lang='lat' dir='ltr'><strong>(Joan</strong></span> <span class='ocrx_word' id='word_1_448' title='bbox 3556 2765 3632 2818; x_wconf 89' lang='lat' dir='ltr'><strong>1v,</strong></span> <span class='ocrx_word' id='word_1_449' title='bbox 3700 2752 3823 2823; x_wconf 85' lang='lat' dir='ltr'><strong>l7).</strong></span> 
     </span>
    </p>
   </div>
   <div class='ocr_carea' id='block_1_59' title="bbox 300 2837 3834 2933">
    <p class='ocr_par' dir='ltr' id='par_1_59' title="bbox 300 2837 3834 2933">
     <span class='ocr_line' id='line_1_59' title="bbox 300 2837 3834 2933; baseline 0.001 -40"><span class='ocrx_word' id='word_1_450' title='bbox 300 2837 510 2894; x_wconf 89' lang='lat' dir='ltr'><strong>similia</strong></span> <span class='ocrx_word' id='word_1_451' title='bbox 539 2838 746 2907; x_wconf 91' lang='lat' dir='ltr'><strong>quovis</strong></span> <span class='ocrx_word' id='word_1_452' title='bbox 785 2839 951 2894; x_wconf 90' lang='lat' dir='ltr'><strong>modo</strong></span> <span class='ocrx_word' id='word_1_453' title='bbox 984 2839 1117 2906; x_wconf 90' lang='lat' dir='ltr'><strong>sint,</strong></span> <span class='ocrx_word' id='word_1_454' title='bbox 1167 2840 1398 2908; x_wconf 90' lang='lat' dir='ltr'><strong>dicitur,</strong></span> <span class='ocrx_word' id='word_1_455' title='bbox 1444 2842 1546 2898; x_wconf 89' lang='lat' dir='ltr'><strong>etsi</strong></span> <span class='ocrx_word' id='word_1_456' title='bbox 1579 2844 1757 2901; x_wconf 88' lang='lat' dir='ltr'><strong>altera</strong></span> <span class='ocrx_word' id='word_1_457' title='bbox 1786 2847 2000 2906; x_wconf 85' lang='lat' dir='ltr'><strong>altero-</strong></span> <span class='ocrx_word' id='word_1_458' title='bbox 2033 2877 2074 2933; x_wconf 67' lang='grc' dir='ltr'><strong>ρ</strong></span> <span class='ocrx_word' id='word_1_459' title='bbox 2114 2844 2266 2899; x_wconf 91' lang='lat' dir='ltr'><strong>Deus</strong></span> <span class='ocrx_word' id='word_1_460' title='bbox 2311 2840 2657 2897; x_wconf 89' lang='lat' dir='ltr'><strong>naturaliter</strong></span> <span class='ocrx_word' id='word_1_461' title='bbox 2695 2839 2826 2909; x_wconf 90' lang='lat' dir='ltr'><strong>plus</strong></span> <span class='ocrx_word' id='word_1_462' title='bbox 2852 2838 2932 2894; x_wconf 91' lang='lat' dir='ltr'><strong>sic</strong></span> <span class='ocrx_word' id='word_1_463' title='bbox 2962 2837 3188 2894; x_wconf 91' lang='lat' dir='ltr'><strong>deitatis</strong></span> <span class='ocrx_word' id='word_1_464' title='bbox 3230 2837 3587 2909; x_wconf 87' lang='lat' dir='ltr'><strong>plenitudine</strong></span> <span class='ocrx_word' id='word_1_465' title='bbox 3624 2838 3834 2896; x_wconf 89' lang='lat' dir='ltr'><strong>nobis-</strong></span> 
     </span>
    </p>
   </div>
   <div class='ocr_carea' id='block_1_60' title="bbox 300 2927 2001 3006">
    <p class='ocr_par' dir='ltr' id='par_1_60' title="bbox 300 2927 2001 3006">
     <span class='ocr_line' id='line_1_60' title="bbox 300 2927 2001 3006; baseline 0.008 -24"><span class='ocrx_word' id='word_1_466' title='bbox 300 2941 430 2983; x_wconf 94' lang='lat' dir='ltr'><strong>rum</strong></span> <span class='ocrx_word' id='word_1_467' title='bbox 456 2939 632 2982; x_wconf 90' lang='lat' dir='ltr'><strong>causa</strong></span> <span class='ocrx_word' id='word_1_468' title='bbox 663 2927 810 2983; x_wconf 86' lang='lat' dir='ltr'><strong>facta</strong></span> <span class='ocrx_word' id='word_1_469' title='bbox 841 2941 954 2983; x_wconf 91' lang='lat' dir='ltr'><strong>non</strong></span> <span class='ocrx_word' id='word_1_470' title='bbox 987 2927 1120 2983; x_wconf 91' lang='lat' dir='ltr'><strong>sint.</strong></span> <span class='ocrx_word' id='word_1_471' title='bbox 1171 2928 1397 2985; x_wconf 90' lang='lat' dir='ltr'><strong>Possem</strong></span> <span class='ocrx_word' id='word_1_472' title='bbox 1444 2930 1556 2987; x_wconf 90' lang='lat' dir='ltr'><strong>dici</strong></span> <span class='ocrx_word' id='word_1_473' title='bbox 1606 2932 1795 3005; x_wconf 87' lang='lat' dir='ltr'><strong>imago</strong></span> <span class='ocrx_word' id='word_1_474' title='bbox 1822 2939 2001 3006; x_wconf 88' lang='lat' dir='ltr'><strong>patris</strong></span> 
     </span>
    </p>
   </div>
   <div class='ocr_carea' id='block_1_61' title="bbox 2110 2926 3831 2998">
    <p class='ocr_par' dir='ltr' id='par_1_61' title="bbox 2110 2926 3831 2998">
     <span class='ocr_line' id='line_1_61' title="bbox 2110 2926 3831 2998; baseline -0.002 -9"><span class='ocrx_word' id='word_1_475' title='bbox 2110 2946 2243 2989; x_wconf 89' lang='lat' dir='ltr'><strong>cum</strong></span> <span class='ocrx_word' id='word_1_476' title='bbox 2295 2943 2547 2997; x_wconf 89' lang='lat' dir='ltr'><strong>versans,</strong></span> <span class='ocrx_word' id='word_1_477' title='bbox 2607 2927 3010 2984; x_wconf 62' lang='lat' dir='ltr'><strong>misericordiae</strong></span> <span class='ocrx_word' id='word_1_478' title='bbox 3057 2927 3278 2983; x_wconf 90' lang='lat' dir='ltr'><strong>viscera</strong></span> <span class='ocrx_word' id='word_1_479' title='bbox 3332 2926 3476 2983; x_wconf 92' lang='lat' dir='ltr'><strong>nulli</strong></span> <span class='ocrx_word' id='word_1_480' title='bbox 3509 2934 3704 2998; x_wconf 88' lang='lat' dir='ltr'><strong>negat,</strong></span> <span class='ocrx_word' id='word_1_481' title='bbox 3754 2937 3831 2985; x_wconf 90' lang='lat' dir='ltr'><strong>ut</strong></span> 
     </span>
    </p>
   </div>
   <div class='ocr_carea' id='block_1_62' title="bbox 301 3014 3821 3095">
    <p class='ocr_par' dir='ltr' id='par_1_62' title="bbox 301 3014 3821 3095">
     <span class='ocr_line' id='line_1_62' title="bbox 301 3014 3821 3095; baseline 0 -24"><span class='ocrx_word' id='word_1_482' title='bbox 301 3014 429 3083; x_wconf 90' lang='lat' dir='ltr'><strong>mei,</strong></span> <span class='ocrx_word' id='word_1_483' title='bbox 479 3014 582 3071; x_wconf 90' lang='lat' dir='ltr'><strong>etsi</strong></span> <span class='ocrx_word' id='word_1_484' title='bbox 638 3015 747 3072; x_wconf 90' lang='lat' dir='ltr'><strong>sibi</strong></span> <span class='ocrx_word' id='word_1_485' title='bbox 795 3016 978 3086; x_wconf 88' lang='lat' dir='ltr'><strong>specie</strong></span> <span class='ocrx_word' id='word_1_486' title='bbox 1037 3030 1152 3072; x_wconf 92' lang='lat' dir='ltr'><strong>non</strong></span> <span class='ocrx_word' id='word_1_487' title='bbox 1200 3020 1587 3083; x_wconf 89' lang='lat' dir='ltr'><strong>convenirem,</strong></span> <span class='ocrx_word' id='word_1_488' title='bbox 1643 3023 1784 3093; x_wconf 90' lang='lat' dir='ltr'><strong>quia</strong></span> <span class='ocrx_word' id='word_1_489' title='bbox 1838 3035 2004 3095; x_wconf 84' lang='lat' dir='ltr'><strong>pater</strong></span> <span class='ocrx_word' id='word_1_490' title='bbox 2110 3019 2282 3077; x_wconf 86' lang='lat' dir='ltr'><strong>solem</strong></span> <span class='ocrx_word' id='word_1_491' title='bbox 2314 3033 2488 3075; x_wconf 90' lang='lat' dir='ltr'><strong>suum</strong></span> <span class='ocrx_word' id='word_1_492' title='bbox 2518 3030 2693 3087; x_wconf 92' lang='lat' dir='ltr'><strong>super</strong></span> <span class='ocrx_word' id='word_1_493' title='bbox 2714 3017 2891 3072; x_wconf 90' lang='lat' dir='ltr'><strong>bonos</strong></span> <span class='ocrx_word' id='word_1_494' title='bbox 2918 3020 2974 3072; x_wconf 90' lang='lat' dir='ltr'><strong>et</strong></span> <span class='ocrx_word' id='word_1_495' title='bbox 3011 3015 3192 3071; x_wconf 92' lang='lat' dir='ltr'><strong>malos</strong></span> <span class='ocrx_word' id='word_1_496' title='bbox 3231 3015 3451 3086; x_wconf 89' lang='lat' dir='ltr'><strong>aperiat</strong></span> <span class='ocrx_word' id='word_1_497' title='bbox 3496 3016 3716 3086; x_wconf 77' lang='lat' dir='ltr'><strong>(Matth.</strong></span> <span class='ocrx_word' id='word_1_498' title='bbox 3758 3034 3821 3083; x_wconf 83' lang='lat' dir='ltr'><strong>v,</strong></span> 
     </span>
    </p>
   </div>
   <div class='ocr_carea' id='block_1_63' title="bbox 303 3104 2002 3175">
    <p class='ocr_par' dir='ltr' id='par_1_63' title="bbox 303 3104 2002 3175">
     <span class='ocr_line' id='line_1_63' title="bbox 303 3104 2002 3175; baseline 0.008 -15"><span class='ocrx_word' id='word_1_499' title='bbox 303 3118 464 3161; x_wconf 90' lang='lat' dir='ltr'><strong>meus</strong></span> <span class='ocrx_word' id='word_1_500' title='bbox 502 3118 679 3161; x_wconf 88' lang='lat' dir='ltr'><strong>causa</strong></span> <span class='ocrx_word' id='word_1_501' title='bbox 718 3112 780 3161; x_wconf 94' lang='lat' dir='ltr'><strong>ut</strong></span> <span class='ocrx_word' id='word_1_502' title='bbox 804 3120 985 3162; x_wconf 89' lang='lat' dir='ltr'><strong>essem</strong></span> <span class='ocrx_word' id='word_1_503' title='bbox 1032 3104 1166 3162; x_wconf 92' lang='lat' dir='ltr'><strong>mihi</strong></span> <span class='ocrx_word' id='word_1_504' title='bbox 1221 3107 1349 3164; x_wconf 83' lang='lat' dir='ltr'><strong>fuit.</strong></span> <span class='ocrx_word' id='word_1_505' title='bbox 1384 3109 1545 3165; x_wconf 93' lang='lat' dir='ltr'><strong>Unde</strong></span> <span class='ocrx_word' id='word_1_506' title='bbox 1593 3117 1649 3167; x_wconf 93' lang='lat' dir='ltr'><strong>et</strong></span> <span class='ocrx_word' id='word_1_507' title='bbox 1702 3112 1809 3169; x_wconf 89' lang='lat' dir='ltr'><strong>hoc</strong></span> <span class='ocrx_word' id='word_1_508' title='bbox 1836 3116 2002 3175; x_wconf 92' lang='lat' dir='ltr'><strong>modo</strong></span> 
     </span>
    </p>
   </div>
   <div class='ocr_carea' id='block_1_64' title="bbox 302 3191 1998 3271">
    <p class='ocr_par' dir='ltr' id='par_1_64' title="bbox 302 3191 1998 3271">
     <span class='ocr_line' id='line_1_64' title="bbox 302 3191 1998 3271; baseline 0.008 -24"><span class='ocrx_word' id='word_1_509' title='bbox 302 3191 493 3263; x_wconf 82' lang='lat' dir='ltr'><strong>imago</strong></span> <span class='ocrx_word' id='word_1_510' title='bbox 525 3194 739 3264; x_wconf 89' lang='lat' dir='ltr'><strong>pariter</strong></span> <span class='ocrx_word' id='word_1_511' title='bbox 768 3201 822 3250; x_wconf 91' lang='lat' dir='ltr'><strong>et</strong></span> <span class='ocrx_word' id='word_1_512' title='bbox 873 3194 1185 3251; x_wconf 89' lang='lat' dir='ltr'><strong>similitudo</strong></span> <span class='ocrx_word' id='word_1_513' title='bbox 1219 3195 1289 3252; x_wconf 91' lang='lat' dir='ltr'><strong>de</strong></span> <span class='ocrx_word' id='word_1_514' title='bbox 1337 3210 1398 3252; x_wconf 92' lang='lat' dir='ltr'><strong>re</strong></span> <span class='ocrx_word' id='word_1_515' title='bbox 1446 3212 1565 3254; x_wconf 91' lang='lat' dir='ltr'><strong>una</strong></span> <span class='ocrx_word' id='word_1_516' title='bbox 1613 3199 1724 3256; x_wconf 92' lang='lat' dir='ltr'><strong>dici</strong></span> <span class='ocrx_word' id='word_1_517' title='bbox 1753 3212 1998 3271; x_wconf 92' lang='lat' dir='ltr'><strong>queunt,</strong></span> 
     </span>
    </p>
   </div>
   <div class='ocr_carea' id='block_1_65' title="bbox 300 3282 1996 3360">
    <p class='ocr_par' dir='ltr' id='par_1_65' title="bbox 300 3282 1996 3360">
     <span class='ocr_line' id='line_1_65' title="bbox 300 3282 1996 3360; baseline 0.006 -23"><span class='ocrx_word' id='word_1_518' title='bbox 300 3282 349 3337; x_wconf 90' lang='lat' dir='ltr'><strong>si</strong></span> <span class='ocrx_word' id='word_1_519' title='bbox 406 3289 636 3352; x_wconf 89' lang='lat' dir='ltr'><strong>propter</strong></span> <span class='ocrx_word' id='word_1_520' title='bbox 680 3282 939 3338; x_wconf 90' lang='lat' dir='ltr'><strong>eamdem</strong></span> <span class='ocrx_word' id='word_1_521' title='bbox 986 3290 1042 3338; x_wconf 93' lang='lat' dir='ltr'><strong>et</strong></span> <span class='ocrx_word' id='word_1_522' title='bbox 1095 3283 1242 3340; x_wconf 86' lang='lat' dir='ltr'><strong>facta</strong></span> <span class='ocrx_word' id='word_1_523' title='bbox 1300 3284 1416 3341; x_wconf 90' lang='lat' dir='ltr'><strong>sint</strong></span> <span class='ocrx_word' id='word_1_524' title='bbox 1483 3286 1810 3360; x_wconf 89' lang='lat' dir='ltr'><strong>similiaque</strong></span> <span class='ocrx_word' id='word_1_525' title='bbox 1864 3293 1996 3348; x_wconf 47' lang='lat' dir='ltr'><strong>sint.</strong></span> 
     </span>
    </p>
   </div>
   <div class='ocr_carea' id='block_1_66' title="bbox 303 3369 2000 3441">
    <p class='ocr_par' dir='ltr' id='par_1_66' title="bbox 303 3369 2000 3441">
     <span class='ocr_line' id='line_1_66' title="bbox 303 3369 2000 3441; baseline 0.006 -16"><span class='ocrx_word' id='word_1_526' title='bbox 303 3369 581 3441; x_wconf 89' lang='lat' dir='ltr'><strong>Virgilius</strong></span> <span class='ocrx_word' id='word_1_527' title='bbox 601 3377 789 3426; x_wconf 89' lang='lat' dir='ltr'><strong>tamen</strong></span> <span class='ocrx_word' id='word_1_528' title='bbox 830 3370 1107 3427; x_wconf 90' lang='lat' dir='ltr'><strong>inducens</strong></span> <span class='ocrx_word' id='word_1_529' title='bbox 1159 3373 1615 3431; x_wconf 84' lang='lat' dir='ltr'><strong>Andromacham</strong></span> <span class='ocrx_word' id='word_1_530' title='bbox 1659 3377 1730 3432; x_wconf 92' lang='lat' dir='ltr'><strong>de</strong></span> <span class='ocrx_word' id='word_1_531' title='bbox 1754 3378 2000 3435; x_wconf 83' lang='lat' dir='ltr'><strong>Ascanio</strong></span> 
     </span>
    </p>
   </div>
   <div class='ocr_carea' id='block_1_67' title="bbox 303 3457 1310 3531">
    <p class='ocr_par' dir='ltr' id='par_1_67' title="bbox 303 3457 1310 3531">
     <span class='ocr_line' id='line_1_67' title="bbox 303 3457 1310 3531; baseline 0.003 -18"><span class='ocrx_word' id='word_1_532' title='bbox 303 3457 630 3528; x_wconf 88' lang='lat' dir='ltr'><strong>loquentem</strong></span> <span class='ocrx_word' id='word_1_533' title='bbox 659 3458 739 3513; x_wconf 89' lang='lat' dir='ltr'><strong>ait</strong></span> <span class='ocrx_word' id='word_1_534' title='bbox 779 3459 1006 3522; x_wconf 75' lang='lat' dir='ltr'><strong>(Eneid.</strong></span> <span class='ocrx_word' id='word_1_535' title='bbox 1040 3462 1310 3531; x_wconf 78' lang='lat'><strong>111,489):</strong></span> 
     </span>
    </p>
   </div>
   <div class='ocr_carea' id='block_1_68' title="bbox 506 3549 1810 3622">
    <p class='ocr_par' dir='ltr' id='par_1_68' title="bbox 506 3549 1810 3622">
     <span class='ocr_line' id='line_1_68' title="bbox 506 3549 1810 3622; baseline 0.006 -22"><span class='ocrx_word' id='word_1_536' title='bbox 506 3549 552 3601; x_wconf 91' lang='grc' dir='ltr'><em>Ο</em></span> <span class='ocrx_word' id='word_1_537' title='bbox 578 3549 716 3601; x_wconf 85' lang='lat' dir='ltr'><strong>mihi</strong></span> <span class='ocrx_word' id='word_1_538' title='bbox 742 3550 856 3603; x_wconf 86' lang='lat' dir='ltr'><strong>sola</strong></span> <span class='ocrx_word' id='word_1_539' title='bbox 888 3551 997 3603; x_wconf 87' lang='lat' dir='ltr'><strong>mei</strong></span> <span class='ocrx_word' id='word_1_540' title='bbox 1023 3565 1187 3618; x_wconf 85' lang='lat' dir='ltr'><strong>super</strong></span> <span class='ocrx_word' id='word_1_541' title='bbox 1205 3549 1565 3620; x_wconf 83' lang='lat' dir='ltr'><strong>Astyanactis</strong></span> <span class='ocrx_word' id='word_1_542' title='bbox 1588 3554 1810 3622; x_wconf 89' lang='lat' dir='ltr'><strong>imago!</strong></span> 
     </span>
    </p>
   </div>
   <div class='ocr_carea' id='block_1_69' title="bbox 302 3636 2001 3713">
    <p class='ocr_par' dir='ltr' id='par_1_69' title="bbox 302 3636 2001 3713">
     <span class='ocr_line' id='line_1_69' title="bbox 302 3636 2001 3713; baseline 0.005 -22"><span class='ocrx_word' id='word_1_543' title='bbox 302 3636 478 3703; x_wconf 87' lang='lat' dir='ltr'><strong>Quem</strong></span> <span class='ocrx_word' id='word_1_544' title='bbox 537 3650 738 3693; x_wconf 88' lang='lat' dir='ltr'><strong>revera</strong></span> <span class='ocrx_word' id='word_1_545' title='bbox 794 3651 897 3707; x_wconf 87' lang='lat' dir='ltr'><strong>pro</strong></span> <span class='ocrx_word' id='word_1_546' title='bbox 949 3638 1328 3696; x_wconf 82' lang='lat' dir='ltr'><strong>similitudine</strong></span> <span class='ocrx_word' id='word_1_547' title='bbox 1372 3640 1678 3713; x_wconf 87' lang='lat' dir='ltr'><strong>imaginem</strong></span> <span class='ocrx_word' id='word_1_548' title='bbox 1724 3643 1892 3709; x_wconf 76' lang='lat' dir='ltr'><strong>dixit,</strong></span> <span class='ocrx_word' id='word_1_549' title='bbox 1945 3651 2001 3699; x_wconf 88' lang='lat' dir='ltr'><strong>et</strong></span> 
     </span>
    </p>
   </div>
   <div class='ocr_carea' id='block_1_70' title="bbox 302 3723 2000 3800">
    <p class='ocr_par' dir='ltr' id='par_1_70' title="bbox 302 3723 2000 3800">
     <span class='ocr_line' id='line_1_70' title="bbox 302 3723 2000 3800; baseline 0.004 -19"><span class='ocrx_word' id='word_1_550' title='bbox 302 3723 612 3796; x_wconf 88' lang='lat' dir='ltr'><strong>imaginem</strong></span> <span class='ocrx_word' id='word_1_551' title='bbox 667 3726 859 3781; x_wconf 91' lang='lat' dir='ltr'><strong>adhuc</strong></span> <span class='ocrx_word' id='word_1_552' title='bbox 908 3726 1034 3783; x_wconf 89' lang='lat' dir='ltr'><strong>ideo</strong></span> <span class='ocrx_word' id='word_1_553' title='bbox 1082 3728 1291 3795; x_wconf 87' lang='lat' dir='ltr'><strong>forsan,</strong></span> <span class='ocrx_word' id='word_1_554' title='bbox 1368 3729 1509 3800; x_wconf 88' lang='lat' dir='ltr'><strong>quia</strong></span> <span class='ocrx_word' id='word_1_555' title='bbox 1558 3729 1818 3799; x_wconf 84' lang='lat' dir='ltr'><strong>formam,</strong></span> <span class='ocrx_word' id='word_1_556' title='bbox 1870 3731 2000 3789; x_wconf 88' lang='lat' dir='ltr'><strong>licet</strong></span> 
     </span>
    </p>
   </div>
   <div class='ocr_carea' id='block_1_71' title="bbox 303 3813 2001 3887">
    <p class='ocr_par' dir='ltr' id='par_1_71' title="bbox 303 3813 2001 3887">
     <span class='ocr_line' id='line_1_71' title="bbox 303 3813 2001 3887; baseline 0.005 -18"><span class='ocrx_word' id='word_1_557' title='bbox 303 3813 457 3869; x_wconf 91' lang='lat' dir='ltr'><strong>illius</strong></span> <span class='ocrx_word' id='word_1_558' title='bbox 492 3813 643 3869; x_wconf 80' lang='lat' dir='ltr'><strong>(ilius</strong></span> <span class='ocrx_word' id='word_1_559' title='bbox 672 3828 787 3869; x_wconf 92' lang='lat' dir='ltr'><strong>non</strong></span> <span class='ocrx_word' id='word_1_560' title='bbox 832 3822 994 3879; x_wconf 87' lang='lat' dir='ltr'><strong>esset,</strong></span> <span class='ocrx_word' id='word_1_561' title='bbox 1028 3829 1099 3870; x_wconf 85' lang='lat' dir='ltr'><strong>ex</strong></span> <span class='ocrx_word' id='word_1_562' title='bbox 1130 3815 1256 3885; x_wconf 88' lang='lat' dir='ltr'><strong>ejus</strong></span> <span class='ocrx_word' id='word_1_563' title='bbox 1285 3817 1788 3887; x_wconf 86' lang='lat' dir='ltr'><strong>consanguinitate</strong></span> <span class='ocrx_word' id='word_1_564' title='bbox 1815 3821 2001 3876; x_wconf 86' lang='lat' dir='ltr'><strong>trahe-</strong></span> 
     </span>
    </p>
   </div>
   <div class='ocr_carea' id='block_1_72' title="bbox 304 3902 2000 3973">
    <p class='ocr_par' dir='ltr' id='par_1_72' title="bbox 304 3902 2000 3973">
     <span class='ocr_line' id='line_1_72' title="bbox 304 3902 2000 3973; baseline 0.004 -14"><span class='ocrx_word' id='word_1_565' title='bbox 304 3902 421 3959; x_wconf 89' lang='lat' dir='ltr'><strong>bat.</strong></span> <span class='ocrx_word' id='word_1_566' title='bbox 473 3902 789 3973; x_wconf 90' lang='lat' dir='ltr'><strong>Imaginem</strong></span> <span class='ocrx_word' id='word_1_567' title='bbox 844 3904 941 3959; x_wconf 92' lang='lat' dir='ltr'><strong>Dei</strong></span> <span class='ocrx_word' id='word_1_568' title='bbox 992 3903 1173 3959; x_wconf 87' lang='lat' dir='ltr'><strong>Adam</strong></span> <span class='ocrx_word' id='word_1_569' title='bbox 1223 3904 1400 3960; x_wconf 89' lang='lat' dir='ltr'><strong>habui</strong></span> <span class='ocrx_word' id='word_1_570' title='bbox 1436 3904 1495 3960; x_wconf 94' lang='lat' dir='ltr'><strong>in</strong></span> <span class='ocrx_word' id='word_1_571' title='bbox 1548 3906 1761 3973; x_wconf 90' lang='lat' dir='ltr'><strong>anima,</strong></span> <span class='ocrx_word' id='word_1_572' title='bbox 1811 3922 1885 3965; x_wconf 82' lang='lat' dir='ltr'><strong>ex</strong></span> <span class='ocrx_word' id='word_1_573' title='bbox 1931 3924 2000 3966; x_wconf 90' lang='lat' dir='ltr'><strong>ea</strong></span> 
     </span>
    </p>
   </div>
   <div class='ocr_carea' id='block_1_73' title="bbox 304 3992 2000 4061">
    <p class='ocr_par' dir='ltr' id='par_1_73' title="bbox 304 3992 2000 4061">
     <span class='ocr_line' id='line_1_73' title="bbox 304 3992 2000 4061; baseline 0.008 -19"><span class='ocrx_word' id='word_1_574' title='bbox 304 3994 465 4058; x_wconf 90' lang='lat' dir='ltr'><strong>parte</strong></span> <span class='ocrx_word' id='word_1_575' title='bbox 507 4003 625 4059; x_wconf 90' lang='lat' dir='ltr'><strong>qua</strong></span> <span class='ocrx_word' id='word_1_576' title='bbox 664 3997 889 4046; x_wconf 63' lang='lat' dir='ltr'><strong>aeterna</strong></span> <span class='ocrx_word' id='word_1_577' title='bbox 925 3999 1027 4057; x_wconf 90' lang='lat' dir='ltr'><strong>est,</strong></span> <span class='ocrx_word' id='word_1_578' title='bbox 1083 3992 1222 4061; x_wconf 90' lang='lat' dir='ltr'><strong>quia</strong></span> <span class='ocrx_word' id='word_1_579' title='bbox 1253 3992 1346 4048; x_wconf 92' lang='lat' dir='ltr'><strong>ille</strong></span> <span class='ocrx_word' id='word_1_580' title='bbox 1377 3994 1719 4051; x_wconf 87' lang='lat' dir='ltr'><strong>naturaliter</strong></span> <span class='ocrx_word' id='word_1_581' title='bbox 1746 4004 2000 4055; x_wconf 71' lang='lat' dir='ltr'><strong>aeternus</strong></span> 
     </span>
    </p>
   </div>
   <div class='ocr_carea' id='block_1_74' title="bbox 302 4076 1998 4150">
    <p class='ocr_par' dir='ltr' id='par_1_74' title="bbox 302 4076 1998 4150">
     <span class='ocr_line' id='line_1_74' title="bbox 302 4076 1998 4150; baseline 0.006 -19"><span class='ocrx_word' id='word_1_582' title='bbox 302 4083 405 4143; x_wconf 88' lang='lat' dir='ltr'><strong>est,</strong></span> <span class='ocrx_word' id='word_1_583' title='bbox 461 4076 569 4132; x_wconf 90' lang='lat' dir='ltr'><strong>ista</strong></span> <span class='ocrx_word' id='word_1_584' title='bbox 610 4077 888 4134; x_wconf 91' lang='lat' dir='ltr'><strong>collative.</strong></span> <span class='ocrx_word' id='word_1_585' title='bbox 941 4079 1255 4150; x_wconf 88' lang='lat' dir='ltr'><strong>Imaginem</strong></span> <span class='ocrx_word' id='word_1_586' title='bbox 1317 4094 1572 4150; x_wconf 88' lang='lat' dir='ltr'><strong>namque</strong></span> <span class='ocrx_word' id='word_1_587' title='bbox 1613 4082 1998 4141; x_wconf 87' lang='lat' dir='ltr'><strong>determinant</strong></span> 
     </span>
    </p>
   </div>
   <div class='ocr_carea' id='block_1_75' title="bbox 2106 3103 3826 3179">
    <p class='ocr_par' dir='ltr' id='par_1_75' title="bbox 2106 3103 3826 3179">
     <span class='ocr_line' id='line_1_75' title="bbox 2106 3103 3826 3179; baseline -0.001 -15"><span class='ocrx_word' id='word_1_588' title='bbox 2106 3110 2222 3179; x_wconf 79' lang='lat'><strong>45),</strong></span> <span class='ocrx_word' id='word_1_589' title='bbox 2279 3115 2334 3164; x_wconf 91' lang='lat' dir='ltr'><strong>et</strong></span> <span class='ocrx_word' id='word_1_590' title='bbox 2389 3121 2503 3163; x_wconf 93' lang='lat' dir='ltr'><strong>non</strong></span> <span class='ocrx_word' id='word_1_591' title='bbox 2561 3107 2772 3172; x_wconf 88' lang='lat' dir='ltr'><strong>minus,</strong></span> <span class='ocrx_word' id='word_1_592' title='bbox 2826 3105 2939 3160; x_wconf 92' lang='lat' dir='ltr'><strong>imo</strong></span> <span class='ocrx_word' id='word_1_593' title='bbox 2980 3105 3158 3161; x_wconf 92' lang='lat' dir='ltr'><strong>multo</strong></span> <span class='ocrx_word' id='word_1_594' title='bbox 3217 3105 3400 3160; x_wconf 86' lang='lat' dir='ltr'><strong>satius</strong></span> <span class='ocrx_word' id='word_1_595' title='bbox 3459 3103 3648 3174; x_wconf 90' lang='lat' dir='ltr'><strong>impiis</strong></span> <span class='ocrx_word' id='word_1_596' title='bbox 3702 3119 3826 3162; x_wconf 88' lang='lat' dir='ltr'><strong>sua</strong></span> 
     </span>
    </p>
   </div>
   <div class='ocr_carea' id='block_1_76' title="bbox 2110 3193 3826 3265">
    <p class='ocr_par' dir='ltr' id='par_1_76' title="bbox 2110 3193 3826 3265">
     <span class='ocr_line' id='line_1_76' title="bbox 2110 3193 3826 3265; baseline -0.002 -10"><span class='ocrx_word' id='word_1_597' title='bbox 2110 3210 2372 3264; x_wconf 90' lang='lat' dir='ltr'><strong>munera,</strong></span> <span class='ocrx_word' id='word_1_598' title='bbox 2402 3195 2533 3251; x_wconf 89' lang='lat' dir='ltr'><strong>licet</strong></span> <span class='ocrx_word' id='word_1_599' title='bbox 2551 3207 2844 3265; x_wconf 90' lang='lat' dir='ltr'><strong>corporea,</strong></span> <span class='ocrx_word' id='word_1_600' title='bbox 2876 3193 3094 3249; x_wconf 89' lang='lat' dir='ltr'><strong>tribuat</strong></span> <span class='ocrx_word' id='word_1_601' title='bbox 3133 3208 3310 3264; x_wconf 88' lang='lat' dir='ltr'><strong>quam</strong></span> <span class='ocrx_word' id='word_1_602' title='bbox 3345 3193 3432 3249; x_wconf 90' lang='lat' dir='ltr'><strong>his</strong></span> <span class='ocrx_word' id='word_1_603' title='bbox 3470 3208 3616 3264; x_wconf 91' lang='lat' dir='ltr'><strong>quos</strong></span> <span class='ocrx_word' id='word_1_604' title='bbox 3652 3195 3826 3265; x_wconf 86' lang='lat' dir='ltr'><strong>juste</strong></span> 
     </span>
    </p>
   </div>
   <div class='ocr_carea' id='block_1_77' title="bbox 2109 3282 3823 3354">
    <p class='ocr_par' dir='ltr' id='par_1_77' title="bbox 2109 3282 3823 3354">
     <span class='ocr_line' id='line_1_77' title="bbox 2109 3282 3823 3354; baseline -0.001 -13"><span class='ocrx_word' id='word_1_605' title='bbox 2109 3288 2303 3342; x_wconf 87' lang='lat' dir='ltr'><strong>vivere</strong></span> <span class='ocrx_word' id='word_1_606' title='bbox 2347 3290 2585 3340; x_wconf 91' lang='lat' dir='ltr'><strong>constat.</strong></span> <span class='ocrx_word' id='word_1_607' title='bbox 2642 3282 2799 3339; x_wconf 89' lang='lat' dir='ltr'><strong>Sicut</strong></span> <span class='ocrx_word' id='word_1_608' title='bbox 2841 3282 3021 3354; x_wconf 88' lang='lat' dir='ltr'><strong>igitur</strong></span> <span class='ocrx_word' id='word_1_609' title='bbox 3067 3283 3219 3339; x_wconf 90' lang='lat' dir='ltr'><strong>Deus</strong></span> <span class='ocrx_word' id='word_1_610' title='bbox 3247 3290 3349 3350; x_wconf 91' lang='lat' dir='ltr'><strong>est,</strong></span> <span class='ocrx_word' id='word_1_611' title='bbox 3382 3290 3436 3339; x_wconf 91' lang='lat' dir='ltr'><strong>et</strong></span> <span class='ocrx_word' id='word_1_612' title='bbox 3470 3297 3572 3339; x_wconf 93' lang='lat' dir='ltr'><strong>nos</strong></span> <span class='ocrx_word' id='word_1_613' title='bbox 3601 3298 3823 3340; x_wconf 92' lang='lat' dir='ltr'><strong>sumus</strong></span> 
     </span>
    </p>
   </div>
   <div class='ocr_carea' id='block_1_78' title="bbox 2111 3370 3825 3442">
    <p class='ocr_par' dir='ltr' id='par_1_78' title="bbox 2111 3370 3825 3442">
     <span class='ocr_line' id='line_1_78' title="bbox 2111 3370 3825 3442; baseline -0.001 -11"><span class='ocrx_word' id='word_1_614' title='bbox 2111 3376 2168 3431; x_wconf 91' lang='lat' dir='ltr'><strong>in</strong></span> <span class='ocrx_word' id='word_1_615' title='bbox 2196 3375 2301 3430; x_wconf 88' lang='lat' dir='ltr'><strong>hoc</strong></span> <span class='ocrx_word' id='word_1_616' title='bbox 2331 3371 2567 3438; x_wconf 89' lang='lat' dir='ltr'><strong>mundo,</strong></span> <span class='ocrx_word' id='word_1_617' title='bbox 2600 3371 2739 3442; x_wconf 92' lang='lat' dir='ltr'><strong>quia</strong></span> <span class='ocrx_word' id='word_1_618' title='bbox 2768 3371 2916 3428; x_wconf 89' lang='lat' dir='ltr'><strong>sicut</strong></span> <span class='ocrx_word' id='word_1_619' title='bbox 2949 3370 3165 3427; x_wconf 89' lang='lat' dir='ltr'><strong>nemini</strong></span> <span class='ocrx_word' id='word_1_620' title='bbox 3211 3371 3315 3427; x_wconf 93' lang='lat' dir='ltr'><strong>sibi</strong></span> <span class='ocrx_word' id='word_1_621' title='bbox 3361 3372 3533 3427; x_wconf 91' lang='lat' dir='ltr'><strong>etiam</strong></span> <span class='ocrx_word' id='word_1_622' title='bbox 3569 3385 3825 3442; x_wconf 90' lang='lat' dir='ltr'><strong>prorsus</strong></span> 
     </span>
    </p>
   </div>
   <div class='ocr_carea' id='block_1_79' title="bbox 2109 3458 3821 3531">
    <p class='ocr_par' dir='ltr' id='par_1_79' title="bbox 2109 3458 3821 3531">
     <span class='ocr_line' id='line_1_79' title="bbox 2109 3458 3821 3531; baseline 0.001 -13"><span class='ocrx_word' id='word_1_623' title='bbox 2109 3462 2330 3518; x_wconf 80' lang='lat' dir='ltr'><strong>infenso</strong></span> <span class='ocrx_word' id='word_1_624' title='bbox 2377 3459 2635 3517; x_wconf 79' lang='lat' dir='ltr'><strong>beneficii</strong></span> <span class='ocrx_word' id='word_1_625' title='bbox 2690 3458 2779 3516; x_wconf 91' lang='lat' dir='ltr'><strong>sui</strong></span> <span class='ocrx_word' id='word_1_626' title='bbox 2827 3460 3119 3516; x_wconf 90' lang='lat' dir='ltr'><strong>subtrahit</strong></span> <span class='ocrx_word' id='word_1_627' title='bbox 3166 3459 3509 3531; x_wconf 88' lang='lat' dir='ltr'><strong>largitatem,</strong></span> <span class='ocrx_word' id='word_1_628' title='bbox 3562 3461 3645 3516; x_wconf 93' lang='lat' dir='ltr'><strong>sic</strong></span> <span class='ocrx_word' id='word_1_629' title='bbox 3702 3476 3821 3519; x_wconf 90' lang='lat' dir='ltr'><strong>nos</strong></span> 
     </span>
    </p>
   </div>
   <div class='ocr_carea' id='block_1_80' title="bbox 2107 3548 3819 3622">
    <p class='ocr_par' dir='ltr' id='par_1_80' title="bbox 2107 3548 3819 3622">
     <span class='ocr_line' id='line_1_80' title="bbox 2107 3548 3819 3622; baseline -0.002 -13"><span class='ocrx_word' id='word_1_630' title='bbox 2107 3564 2247 3622; x_wconf 89' lang='lat' dir='ltr'><strong>erga</strong></span> <span class='ocrx_word' id='word_1_631' title='bbox 2273 3564 2369 3607; x_wconf 91' lang='lat' dir='ltr'><strong>eos</strong></span> <span class='ocrx_word' id='word_1_632' title='bbox 2404 3549 2507 3620; x_wconf 91' lang='lat' dir='ltr'><strong>qui</strong></span> <span class='ocrx_word' id='word_1_633' title='bbox 2536 3563 2639 3605; x_wconf 91' lang='lat' dir='ltr'><strong>nos</strong></span> <span class='ocrx_word' id='word_1_634' title='bbox 2667 3549 2916 3605; x_wconf 90' lang='lat' dir='ltr'><strong>oderunt</strong></span> <span class='ocrx_word' id='word_1_635' title='bbox 2973 3548 3183 3606; x_wconf 89' lang='lat' dir='ltr'><strong>habere</strong></span> <span class='ocrx_word' id='word_1_636' title='bbox 3225 3563 3453 3605; x_wconf 90' lang='lat' dir='ltr'><strong>necesse</strong></span> <span class='ocrx_word' id='word_1_637' title='bbox 3490 3555 3572 3605; x_wconf 89' lang='lat' dir='ltr'><strong>est</strong></span> <span class='ocrx_word' id='word_1_638' title='bbox 3606 3550 3819 3606; x_wconf 90' lang='lat' dir='ltr'><strong>chari—</strong></span> 
     </span>
    </p>
   </div>
   <div class='ocr_carea' id='block_1_81' title="bbox 2109 3636 3820 3709">
    <p class='ocr_par' dir='ltr' id='par_1_81' title="bbox 2109 3636 3820 3709">
     <span class='ocr_line' id='line_1_81' title="bbox 2109 3636 3820 3709; baseline 0.002 -15"><span class='ocrx_word' id='word_1_639' title='bbox 2109 3645 2304 3694; x_wconf 90' lang='lat' dir='ltr'><strong>tatem.</strong></span> <span class='ocrx_word' id='word_1_640' title='bbox 2362 3636 2518 3706; x_wconf 85' lang='lat' dir='ltr'><strong>Sicut</strong></span> <span class='ocrx_word' id='word_1_641' title='bbox 2569 3636 2755 3694; x_wconf 89' lang='lat' dir='ltr'><strong>multa</strong></span> <span class='ocrx_word' id='word_1_642' title='bbox 2798 3645 3072 3708; x_wconf 65' lang='lat' dir='ltr'><strong>praeterea</strong></span> <span class='ocrx_word' id='word_1_643' title='bbox 3121 3638 3259 3693; x_wconf 89' lang='lat' dir='ltr'><strong>satis</strong></span> <span class='ocrx_word' id='word_1_644' title='bbox 3313 3638 3516 3706; x_wconf 91' lang='lat' dir='ltr'><strong>ardua,</strong></span> <span class='ocrx_word' id='word_1_645' title='bbox 3571 3653 3706 3709; x_wconf 62' lang='lat' dir='ltr'><strong>quae</strong></span> <span class='ocrx_word' id='word_1_646' title='bbox 3739 3640 3820 3697; x_wconf 90' lang='lat' dir='ltr'><strong>de</strong></span> 
     </span>
    </p>
   </div>
   <div class='ocr_carea' id='block_1_82' title="bbox 2109 3725 3821 3799">
    <p class='ocr_par' dir='ltr' id='par_1_82' title="bbox 2109 3725 3821 3799">
     <span class='ocr_line' id='line_1_82' title="bbox 2109 3725 3821 3799; baseline 0.002 -17"><span class='ocrx_word' id='word_1_647' title='bbox 2109 3726 2217 3783; x_wconf 92' lang='lat' dir='ltr'><strong>hac</strong></span> <span class='ocrx_word' id='word_1_648' title='bbox 2269 3726 2367 3783; x_wconf 92' lang='lat' dir='ltr'><strong>Dei</strong></span> <span class='ocrx_word' id='word_1_649' title='bbox 2418 3726 2669 3798; x_wconf 90' lang='lat' dir='ltr'><strong>imagine</strong></span> <span class='ocrx_word' id='word_1_650' title='bbox 2698 3725 2898 3782; x_wconf 91' lang='lat' dir='ltr'><strong>disseri</strong></span> <span class='ocrx_word' id='word_1_651' title='bbox 2928 3733 3171 3796; x_wconf 90' lang='lat' dir='ltr'><strong>possent,</strong></span> <span class='ocrx_word' id='word_1_652' title='bbox 3204 3726 3301 3781; x_wconf 90' lang='lat' dir='ltr'><strong>sed</strong></span> <span class='ocrx_word' id='word_1_653' title='bbox 3330 3726 3401 3781; x_wconf 91' lang='lat' dir='ltr'><strong>ad</strong></span> <span class='ocrx_word' id='word_1_654' title='bbox 3435 3726 3548 3783; x_wconf 86' lang='lat' dir='ltr'><strong>alia</strong></span> <span class='ocrx_word' id='word_1_655' title='bbox 3595 3741 3821 3799; x_wconf 84' lang='lat' dir='ltr'><strong>prope-</strong></span> 
     </span>
    </p>
   </div>
   <div class='ocr_carea' id='block_1_83' title="bbox 2107 3813 3478 3883">
    <p class='ocr_par' dir='ltr' id='par_1_83' title="bbox 2107 3813 3478 3883">
     <span class='ocr_line' id='line_1_83' title="bbox 2107 3813 3478 3883; baseline -0.003 -11"><span class='ocrx_word' id='word_1_656' title='bbox 2107 3823 2302 3872; x_wconf 89' lang='lat' dir='ltr'><strong>rantes</strong></span> <span class='ocrx_word' id='word_1_657' title='bbox 2329 3814 2591 3871; x_wconf 80' lang='lat' dir='ltr'><strong>sufﬁcere</strong></span> <span class='ocrx_word' id='word_1_658' title='bbox 2622 3814 3006 3870; x_wconf 89' lang='lat' dir='ltr'><strong>mediocribus</strong></span> <span class='ocrx_word' id='word_1_659' title='bbox 3049 3813 3155 3868; x_wconf 90' lang='lat' dir='ltr'><strong>ista</strong></span> <span class='ocrx_word' id='word_1_660' title='bbox 3187 3821 3478 3883; x_wconf 89' lang='lat' dir='ltr'><strong>putamus.</strong></span> 
     </span>
    </p>
   </div>
   <div class='ocr_carea' id='block_1_84' title="bbox 2176 3902 3812 3973">
    <p class='ocr_par' dir='ltr' id='par_1_84' title="bbox 2176 3902 3812 3973">
     <span class='ocr_line' id='line_1_84' title="bbox 2176 3902 3812 3973; baseline -0.001 -14"><span class='ocrx_word' id='word_1_661' title='bbox 2176 3907 2246 3959; x_wconf 87' lang='lat' dir='ltr'><strong>Et</strong></span> <span class='ocrx_word' id='word_1_662' title='bbox 2274 3906 2483 3973; x_wconf 58' lang='lat' dir='ltr'><strong>praesit,</strong></span> <span class='ocrx_word' id='word_1_663' title='bbox 2520 3902 2733 3973; x_wconf 90' lang='lat' dir='ltr'><strong>inquit,</strong></span> <span class='ocrx_word' id='word_1_664' title='bbox 2772 3902 3014 3972; x_wconf 83' lang='lat' dir='ltr'><strong>piscibus</strong></span> <span class='ocrx_word' id='word_1_665' title='bbox 3032 3903 3224 3969; x_wconf 86' lang='lat' dir='ltr'><strong>maris,</strong></span> <span class='ocrx_word' id='word_1_666' title='bbox 3257 3903 3634 3958; x_wconf 79' lang='lat' dir='ltr'><strong>etcolatilibus</strong></span> <span class='ocrx_word' id='word_1_667' title='bbox 3663 3904 3812 3972; x_wconf 63' lang='lat' dir='ltr'><strong>caeli,</strong></span> 
     </span>
    </p>
   </div>
   <div class='ocr_carea' id='block_1_85' title="bbox 2106 3990 3818 4061">
    <p class='ocr_par' dir='ltr' id='par_1_85' title="bbox 2106 3990 3818 4061">
     <span class='ocr_line' id='line_1_85' title="bbox 2106 3990 3818 4061; baseline 0.001 -15"><span class='ocrx_word' id='word_1_668' title='bbox 2106 3997 2158 4046; x_wconf 87' lang='lat' dir='ltr'><strong>et</strong></span> <span class='ocrx_word' id='word_1_669' title='bbox 2215 3990 2418 4059; x_wconf 83' lang='lat' dir='ltr'><strong>bestiis,</strong></span> <span class='ocrx_word' id='word_1_670' title='bbox 2481 3994 2848 4061; x_wconf 57' lang='lat' dir='ltr'><strong>universaque</strong></span> <span class='ocrx_word' id='word_1_671' title='bbox 2872 3996 3048 4056; x_wconf 80' lang='lat' dir='ltr'><strong>terrae,</strong></span> <span class='ocrx_word' id='word_1_672' title='bbox 3106 3995 3157 4045; x_wconf 88' lang='lat' dir='ltr'><strong>et</strong></span> <span class='ocrx_word' id='word_1_673' title='bbox 3215 3994 3362 4045; x_wconf 85' lang='lat' dir='ltr'><strong>omni</strong></span> <span class='ocrx_word' id='word_1_674' title='bbox 3415 3993 3603 4061; x_wconf 83' lang='lat' dir='ltr'><strong>reptili</strong></span> <span class='ocrx_word' id='word_1_675' title='bbox 3658 3995 3818 4061; x_wconf 84' lang='lat' dir='ltr'><strong>quod</strong></span> 
     </span>
    </p>
   </div>
   <div class='ocr_carea' id='block_1_86' title="bbox 2105 4078 3818 4138">
    <p class='ocr_par' dir='ltr' id='par_1_86' title="bbox 2105 4078 3818 4138">
     <span class='ocr_line' id='line_1_86' title="bbox 2105 4078 3818 4138; baseline 0.002 -4"><span class='ocrx_word' id='word_1_676' title='bbox 2105 4084 2347 4134; x_wconf 84' lang='lat' dir='ltr'><strong>movetur</strong></span> <span class='ocrx_word' id='word_1_677' title='bbox 2393 4082 2452 4134; x_wconf 86' lang='lat' dir='ltr'><strong>in</strong></span> <span class='ocrx_word' id='word_1_678' title='bbox 2507 4085 2672 4135; x_wconf 83' lang='lat' dir='ltr'><strong>terra.</strong></span> <span class='ocrx_word' id='word_1_679' title='bbox 2715 4079 2859 4135; x_wconf 90' lang='lat' dir='ltr'><strong>Cum</strong></span> <span class='ocrx_word' id='word_1_680' title='bbox 2907 4079 3051 4135; x_wconf 90' lang='lat' dir='ltr'><strong>bene</strong></span> <span class='ocrx_word' id='word_1_681' title='bbox 3099 4078 3169 4135; x_wconf 90' lang='lat' dir='ltr'><strong>de</strong></span> <span class='ocrx_word' id='word_1_682' title='bbox 3213 4094 3270 4135; x_wconf 89' lang='lat' dir='ltr'><strong>se</strong></span> <span class='ocrx_word' id='word_1_683' title='bbox 3330 4087 3612 4136; x_wconf 90' lang='lat' dir='ltr'><strong>merentes</strong></span> <span class='ocrx_word' id='word_1_684' title='bbox 3654 4080 3818 4138; x_wconf 90' lang='lat' dir='ltr'><strong>Deus</strong></span> 
     </span>
    </p>
   </div>
   <div class='ocr_carea' id='block_1_87' title="bbox 304 4162 3816 4243">
    <p class='ocr_par' dir='ltr' id='par_1_87' title="bbox 304 4162 3816 4243">
     <span class='ocr_line' id='line_1_87' title="bbox 304 4162 3816 4243; baseline 0.002 -27"><span class='ocrx_word' id='word_1_685' title='bbox 304 4162 362 4218; x_wconf 92' lang='lat' dir='ltr'><strong>in</strong></span> <span class='ocrx_word' id='word_1_686' title='bbox 409 4164 722 4220; x_wconf 73' lang='lat' dir='ltr'><strong>aeternitate</strong></span> <span class='ocrx_word' id='word_1_687' title='bbox 763 4165 1197 4221; x_wconf 89' lang='lat' dir='ltr'><strong>similitudinem</strong></span> <span class='ocrx_word' id='word_1_688' title='bbox 1239 4168 1294 4222; x_wconf 94' lang='lat' dir='ltr'><strong>in</strong></span> <span class='ocrx_word' id='word_1_689' title='bbox 1349 4169 1627 4225; x_wconf 89' lang='lat' dir='ltr'><strong>moribus.</strong></span> <span class='ocrx_word' id='word_1_690' title='bbox 1678 4171 1992 4243; x_wconf 89' lang='lat' dir='ltr'><strong>Imaginem</strong></span> <span class='ocrx_word' id='word_1_691' title='bbox 2029 4173 2070 4226; x_wconf 88' lang='lat' dir='ltr'><strong>D</strong></span> <span class='ocrx_word' id='word_1_692' title='bbox 2110 4168 2182 4223; x_wconf 86' lang='lat' dir='ltr'><strong>ad</strong></span> <span class='ocrx_word' id='word_1_693' title='bbox 2211 4168 2298 4223; x_wconf 93' lang='lat' dir='ltr'><strong>sui</strong></span> <span class='ocrx_word' id='word_1_694' title='bbox 2333 4168 2436 4239; x_wconf 92' lang='lat' dir='ltr'><strong>qui</strong></span> <span class='ocrx_word' id='word_1_695' title='bbox 2467 4167 2610 4224; x_wconf 88' lang='lat' dir='ltr'><strong>nihil</strong></span> <span class='ocrx_word' id='word_1_696' title='bbox 2642 4168 2799 4223; x_wconf 91' lang='lat' dir='ltr'><strong>aliud</strong></span> <span class='ocrx_word' id='word_1_697' title='bbox 2843 4181 3023 4238; x_wconf 87' lang='lat' dir='ltr'><strong>quam</strong></span> <span class='ocrx_word' id='word_1_698' title='bbox 3052 4167 3240 4224; x_wconf 87' lang='lat' dir='ltr'><strong>virtus</strong></span> <span class='ocrx_word' id='word_1_699' title='bbox 3278 4176 3381 4234; x_wconf 90' lang='lat' dir='ltr'><strong>est,</strong></span> <span class='ocrx_word' id='word_1_700' title='bbox 3432 4168 3816 4224; x_wconf 79' lang='lat' dir='ltr'><strong>conformita-</strong></span> 
     </span>
    </p>
   </div>
   <div class='ocr_carea' id='block_1_88' title="bbox 305 4252 1995 4329">
    <p class='ocr_par' dir='ltr' id='par_1_88' title="bbox 305 4252 1995 4329">
     <span class='ocr_line' id='line_1_88' title="bbox 305 4252 1995 4329; baseline 0.005 -22"><span class='ocrx_word' id='word_1_701' title='bbox 305 4259 497 4307; x_wconf 91' lang='lat' dir='ltr'><strong>autem</strong></span> <span class='ocrx_word' id='word_1_702' title='bbox 554 4252 653 4307; x_wconf 87' lang='lat' dir='ltr'><strong>Dei</strong></span> <span class='ocrx_word' id='word_1_703' title='bbox 706 4265 808 4307; x_wconf 92' lang='lat' dir='ltr'><strong>nos</strong></span> <span class='ocrx_word' id='word_1_704' title='bbox 856 4254 912 4308; x_wconf 92' lang='lat' dir='ltr'><strong>in</strong></span> <span class='ocrx_word' id='word_1_705' title='bbox 951 4267 1016 4309; x_wconf 92' lang='lat' dir='ltr'><strong>eo</strong></span> <span class='ocrx_word' id='word_1_706' title='bbox 1065 4256 1360 4324; x_wconf 83' lang='lat' dir='ltr'><strong>perspiene</strong></span> <span class='ocrx_word' id='word_1_707' title='bbox 1405 4256 1613 4313; x_wconf 88' lang='lat' dir='ltr'><strong>habere</strong></span> <span class='ocrx_word' id='word_1_708' title='bbox 1641 4258 1829 4315; x_wconf 90' lang='lat' dir='ltr'><strong>dicere</strong></span> <span class='ocrx_word' id='word_1_709' title='bbox 1859 4274 1995 4329; x_wconf 87' lang='lat' dir='ltr'><strong>pos-</strong></span> 
     </span>
    </p>
   </div>
   <div class='ocr_carea' id='block_1_89' title="bbox 304 4341 1996 4414">
    <p class='ocr_par' dir='ltr' id='par_1_89' title="bbox 304 4341 1996 4414">
     <span class='ocr_line' id='line_1_89' title="bbox 304 4341 1996 4414; baseline 0.004 -18"><span class='ocrx_word' id='word_1_710' title='bbox 304 4354 526 4408; x_wconf 90' lang='lat' dir='ltr'><strong>sumus,</strong></span> <span class='ocrx_word' id='word_1_711' title='bbox 559 4341 712 4410; x_wconf 91' lang='lat' dir='ltr'><strong>quod</strong></span> <span class='ocrx_word' id='word_1_712' title='bbox 739 4341 885 4396; x_wconf 90' lang='lat' dir='ltr'><strong>sicut</strong></span> <span class='ocrx_word' id='word_1_713' title='bbox 909 4342 1059 4396; x_wconf 81' lang='lat' dir='ltr'><strong>Deus</strong></span> <span class='ocrx_word' id='word_1_714' title='bbox 1086 4355 1311 4399; x_wconf 89' lang='lat' dir='ltr'><strong>omnem</strong></span> <span class='ocrx_word' id='word_1_715' title='bbox 1337 4344 1578 4414; x_wconf 90' lang='lat' dir='ltr'><strong>implens</strong></span> <span class='ocrx_word' id='word_1_716' title='bbox 1600 4347 1883 4403; x_wconf 89' lang='lat' dir='ltr'><strong>mundum</strong></span> <span class='ocrx_word' id='word_1_717' title='bbox 1915 4346 1996 4403; x_wconf 90' lang='lat' dir='ltr'><strong>sic</strong></span> 
     </span>
    </p>
   </div>
   <div class='ocr_carea' id='block_1_90' title="bbox 303 4428 1994 4503">
    <p class='ocr_par' dir='ltr' id='par_1_90' title="bbox 303 4428 1994 4503">
     <span class='ocr_line' id='line_1_90' title="bbox 303 4428 1994 4503; baseline 0.005 -19"><span class='ocrx_word' id='word_1_718' title='bbox 303 4429 576 4484; x_wconf 89' lang='lat' dir='ltr'><strong>omnibus</strong></span> <span class='ocrx_word' id='word_1_719' title='bbox 608 4428 949 4500; x_wconf 89' lang='lat' dir='ltr'><strong>generaliter</strong></span> <span class='ocrx_word' id='word_1_720' title='bbox 993 4428 1169 4492; x_wconf 87' lang='lat' dir='ltr'><strong>adest,</strong></span> <span class='ocrx_word' id='word_1_721' title='bbox 1203 4439 1266 4486; x_wconf 92' lang='lat' dir='ltr'><strong>ut</strong></span> <span class='ocrx_word' id='word_1_722' title='bbox 1292 4432 1664 4503; x_wconf 81' lang='lat' dir='ltr'><strong>singulariter</strong></span> <span class='ocrx_word' id='word_1_723' title='bbox 1692 4442 1882 4491; x_wconf 90' lang='lat' dir='ltr'><strong>tamen</strong></span> <span class='ocrx_word' id='word_1_724' title='bbox 1914 4437 1994 4492; x_wconf 92' lang='lat' dir='ltr'><strong>rei</strong></span> 
     </span>
    </p>
   </div>
   <div class='ocr_carea' id='block_1_91' title="bbox 306 4517 1997 4589">
    <p class='ocr_par' dir='ltr' id='par_1_91' title="bbox 306 4517 1997 4589">
     <span class='ocr_line' id='line_1_91' title="bbox 306 4517 1997 4589; baseline 0.005 -16"><span class='ocrx_word' id='word_1_725' title='bbox 306 4517 533 4588; x_wconf 78' lang='lat' dir='ltr'><strong>cuiquze</strong></span> <span class='ocrx_word' id='word_1_726' title='bbox 583 4526 733 4574; x_wconf 92' lang='lat' dir='ltr'><strong>totus</strong></span> <span class='ocrx_word' id='word_1_727' title='bbox 790 4517 1017 4586; x_wconf 88' lang='lat' dir='ltr'><strong>proprie</strong></span> <span class='ocrx_word' id='word_1_728' title='bbox 1081 4518 1265 4575; x_wconf 89' lang='lat' dir='ltr'><strong>inesse</strong></span> <span class='ocrx_word' id='word_1_729' title='bbox 1310 4524 1612 4589; x_wconf 90' lang='lat' dir='ltr'><strong>sentiatur,</strong></span> <span class='ocrx_word' id='word_1_730' title='bbox 1674 4523 1751 4579; x_wconf 91' lang='lat' dir='ltr'><strong>ita</strong></span> <span class='ocrx_word' id='word_1_731' title='bbox 1802 4525 1997 4581; x_wconf 89' lang='lat' dir='ltr'><strong>anima</strong></span> 
     </span>
    </p>
   </div>
   <div class='ocr_carea' id='block_1_92' title="bbox 306 4607 1993 4683">
    <p class='ocr_par' dir='ltr' id='par_1_92' title="bbox 306 4607 1993 4683">
     <span class='ocr_line' id='line_1_92' title="bbox 306 4607 1993 4683; baseline 0.005 -22"><span class='ocrx_word' id='word_1_732' title='bbox 306 4614 502 4663; x_wconf 91' lang='lat' dir='ltr'><strong>nostra</strong></span> <span class='ocrx_word' id='word_1_733' title='bbox 530 4607 892 4675; x_wconf 78' lang='lat' dir='ltr'><strong>incorporate</strong></span> <span class='ocrx_word' id='word_1_734' title='bbox 920 4612 1018 4661; x_wconf 59' lang='grc' dir='ltr'><strong>ιτ</strong></span> <span class='ocrx_word' id='word_1_735' title='bbox 1052 4607 1237 4678; x_wconf 91' lang='lat' dir='ltr'><strong>ipsum</strong></span> <span class='ocrx_word' id='word_1_736' title='bbox 1274 4623 1479 4679; x_wconf 90' lang='lat' dir='ltr'><strong>corpus</strong></span> <span class='ocrx_word' id='word_1_737' title='bbox 1514 4611 1747 4681; x_wconf 91' lang='lat' dir='ltr'><strong>quidem</strong></span> <span class='ocrx_word' id='word_1_738' title='bbox 1780 4613 1993 4683; x_wconf 89' lang='lat' dir='ltr'><strong>implet,</strong></span> 
     </span>
    </p>
   </div>
   <div class='ocr_carea' id='block_1_93' title="bbox 306 4693 1998 4770">
    <p class='ocr_par' dir='ltr' id='par_1_93' title="bbox 306 4693 1998 4770">
     <span class='ocr_line' id='line_1_93' title="bbox 306 4693 1998 4770; baseline 0.004 -19"><span class='ocrx_word' id='word_1_739' title='bbox 306 4695 520 4751; x_wconf 88' lang='lat' dir='ltr'><strong>moveri</strong></span> <span class='ocrx_word' id='word_1_740' title='bbox 563 4701 617 4749; x_wconf 89' lang='lat' dir='ltr'><strong>et</strong></span> <span class='ocrx_word' id='word_1_741' title='bbox 664 4693 857 4747; x_wconf 87' lang='lat' dir='ltr'><strong>vivere</strong></span> <span class='ocrx_word' id='word_1_742' title='bbox 902 4693 1054 4762; x_wconf 84' lang='lat' dir='ltr'><strong>facit,</strong></span> <span class='ocrx_word' id='word_1_743' title='bbox 1107 4696 1525 4754; x_wconf 89' lang='lat' dir='ltr'><strong>ordinatissime</strong></span> <span class='ocrx_word' id='word_1_744' title='bbox 1554 4700 1720 4770; x_wconf 86' lang='lat' dir='ltr'><strong>regit,</strong></span> <span class='ocrx_word' id='word_1_745' title='bbox 1748 4709 1805 4758; x_wconf 89' lang='lat' dir='ltr'><strong>et</strong></span> <span class='ocrx_word' id='word_1_746' title='bbox 1849 4701 1998 4758; x_wconf 91' lang='lat' dir='ltr'><strong>sicut</strong></span> 
     </span>
    </p>
   </div>
   <div class='ocr_carea' id='block_1_94' title="bbox 305 4779 1997 4858">
    <p class='ocr_par' dir='ltr' id='par_1_94' title="bbox 305 4779 1997 4858">
     <span class='ocr_line' id='line_1_94' title="bbox 305 4779 1997 4858; baseline 0.004 -19"><span class='ocrx_word' id='word_1_747' title='bbox 305 4783 375 4839; x_wconf 89' lang='lat' dir='ltr'><strong>de</strong></span> <span class='ocrx_word' id='word_1_748' title='bbox 404 4784 516 4839; x_wconf 88' lang='lat' dir='ltr'><strong>Deo</strong></span> <span class='ocrx_word' id='word_1_749' title='bbox 536 4779 790 4851; x_wconf 89' lang='lat' dir='ltr'><strong>dignosci</strong></span> <span class='ocrx_word' id='word_1_750' title='bbox 840 4797 956 4838; x_wconf 91' lang='lat' dir='ltr'><strong>non</strong></span> <span class='ocrx_word' id='word_1_751' title='bbox 985 4791 1166 4853; x_wconf 91' lang='lat' dir='ltr'><strong>potest</strong></span> <span class='ocrx_word' id='word_1_752' title='bbox 1218 4785 1371 4841; x_wconf 91' lang='lat' dir='ltr'><strong>unde</strong></span> <span class='ocrx_word' id='word_1_753' title='bbox 1420 4786 1559 4842; x_wconf 90' lang='lat' dir='ltr'><strong>coelo</strong></span> <span class='ocrx_word' id='word_1_754' title='bbox 1602 4802 1779 4858; x_wconf 90' lang='lat' dir='ltr'><strong>quam</strong></span> <span class='ocrx_word' id='word_1_755' title='bbox 1833 4797 1997 4846; x_wconf 78' lang='lat' dir='ltr'><strong>terrae</strong></span> 
     </span>
    </p>
   </div>
   <div class='ocr_carea' id='block_1_95' title="bbox 307 4868 1997 4948">
    <p class='ocr_par' dir='ltr' id='par_1_95' title="bbox 307 4868 1997 4948">
     <span class='ocr_line' id='line_1_95' title="bbox 307 4868 1997 4948; baseline 0.004 -22"><span class='ocrx_word' id='word_1_756' title='bbox 307 4868 642 4942; x_wconf 64' lang='lat' dir='ltr'><strong>praesentior</strong></span> <span class='ocrx_word' id='word_1_757' title='bbox 684 4869 1017 4940; x_wconf 64' lang='lat' dir='ltr'><strong>aestimetur,</strong></span> <span class='ocrx_word' id='word_1_758' title='bbox 1079 4873 1159 4929; x_wconf 91' lang='lat' dir='ltr'><strong>sic</strong></span> <span class='ocrx_word' id='word_1_759' title='bbox 1208 4872 1328 4942; x_wconf 92' lang='lat' dir='ltr'><strong>ipsa</strong></span> <span class='ocrx_word' id='word_1_760' title='bbox 1358 4875 1692 4932; x_wconf 90' lang='lat' dir='ltr'><strong>nullatenus</strong></span> <span class='ocrx_word' id='word_1_761' title='bbox 1720 4878 1907 4948; x_wconf 89' lang='lat' dir='ltr'><strong>magis</strong></span> <span class='ocrx_word' id='word_1_762' title='bbox 1940 4878 1997 4932; x_wconf 92' lang='lat' dir='ltr'><strong>in</strong></span> 
     </span>
    </p>
   </div>
   <div class='ocr_carea' id='block_1_96' title="bbox 305 4956 2000 5033">
    <p class='ocr_par' dir='ltr' id='par_1_96' title="bbox 305 4956 2000 5033">
     <span class='ocr_line' id='line_1_96' title="bbox 305 4956 2000 5033; baseline 0.001 -17"><span class='ocrx_word' id='word_1_763' title='bbox 305 4958 492 5029; x_wconf 86' lang='lat' dir='ltr'><strong>capite</strong></span> <span class='ocrx_word' id='word_1_764' title='bbox 544 4956 789 5014; x_wconf 86' lang='lat' dir='ltr'><strong>sentitur</strong></span> <span class='ocrx_word' id='word_1_765' title='bbox 809 4973 985 5029; x_wconf 88' lang='lat' dir='ltr'><strong>quam</strong></span> <span class='ocrx_word' id='word_1_766' title='bbox 1017 4960 1075 5017; x_wconf 91' lang='lat' dir='ltr'><strong>in</strong></span> <span class='ocrx_word' id='word_1_767' title='bbox 1106 4961 1344 5016; x_wconf 91' lang='lat' dir='ltr'><strong>minimo</strong></span> <span class='ocrx_word' id='word_1_768' title='bbox 1373 4962 1528 5032; x_wconf 87' lang='lat' dir='ltr'><strong>pedis</strong></span> <span class='ocrx_word' id='word_1_769' title='bbox 1578 4963 1770 5033; x_wconf 86' lang='lat' dir='ltr'><strong>digito.</strong></span> <span class='ocrx_word' id='word_1_770' title='bbox 1806 4964 2000 5018; x_wconf 77' lang='lat' dir='ltr'><strong>Laesus</strong></span> 
     </span>
    </p>
   </div>
   <div class='ocr_carea' id='block_1_97' title="bbox 307 5045 2000 5120">
    <p class='ocr_par' dir='ltr' id='par_1_97' title="bbox 307 5045 2000 5120">
     <span class='ocr_line' id='line_1_97' title="bbox 307 5045 2000 5120; baseline 0.002 -17"><span class='ocrx_word' id='word_1_771' title='bbox 307 5045 595 5117; x_wconf 90' lang='lat' dir='ltr'><strong>quispiam</strong></span> <span class='ocrx_word' id='word_1_772' title='bbox 626 5048 683 5101; x_wconf 90' lang='lat' dir='ltr'><strong>in</strong></span> <span class='ocrx_word' id='word_1_773' title='bbox 724 5048 992 5105; x_wconf 91' lang='lat' dir='ltr'><strong>utrolibet</strong></span> <span class='ocrx_word' id='word_1_774' title='bbox 1023 5064 1136 5104; x_wconf 93' lang='lat' dir='ltr'><strong>non</strong></span> <span class='ocrx_word' id='word_1_775' title='bbox 1191 5050 1540 5106; x_wconf 89' lang='lat' dir='ltr'><strong>dissimiliter</strong></span> <span class='ocrx_word' id='word_1_776' title='bbox 1578 5051 1848 5120; x_wconf 87' lang='lat' dir='ltr'><strong>angitur;</strong></span> <span class='ocrx_word' id='word_1_777' title='bbox 1883 5058 2000 5106; x_wconf 88' lang='lat' dir='ltr'><strong>tota</strong></span> 
     </span>
    </p>
   </div>
   <div class='ocr_carea' id='block_1_98' title="bbox 304 5132 1996 5209">
    <p class='ocr_par' dir='ltr' id='par_1_98' title="bbox 304 5132 1996 5209">
     <span class='ocr_line' id='line_1_98' title="bbox 304 5132 1996 5209; baseline 0.001 -17"><span class='ocrx_word' id='word_1_778' title='bbox 304 5135 458 5192; x_wconf 91' lang='lat' dir='ltr'><strong>enim</strong></span> <span class='ocrx_word' id='word_1_779' title='bbox 494 5132 553 5190; x_wconf 89' lang='lat' dir='ltr'><strong>in</strong></span> <span class='ocrx_word' id='word_1_780' title='bbox 582 5134 1089 5209; x_wconf 89' lang='lat' dir='ltr'><strong>singulisquibusq</strong></span> <span class='ocrx_word' id='word_1_781' title='bbox 1100 5152 1171 5194; x_wconf 90' lang='lat' dir='ltr'><strong>ue</strong></span> <span class='ocrx_word' id='word_1_782' title='bbox 1191 5138 1462 5195; x_wconf 89' lang='lat' dir='ltr'><strong>membris</strong></span> <span class='ocrx_word' id='word_1_783' title='bbox 1478 5138 1672 5193; x_wconf 89' lang='lat' dir='ltr'><strong>anima</strong></span> <span class='ocrx_word' id='word_1_784' title='bbox 1693 5138 1996 5207; x_wconf 90' lang='lat' dir='ltr'><strong>reperitur,</strong></span> 
     </span>
    </p>
   </div>
   <div class='ocr_carea' id='block_1_99' title="bbox 307 5222 1999 5296">
    <p class='ocr_par' dir='ltr' id='par_1_99' title="bbox 307 5222 1999 5296">
     <span class='ocr_line' id='line_1_99' title="bbox 307 5222 1999 5296; baseline 0.002 -18"><span class='ocrx_word' id='word_1_785' title='bbox 307 5235 484 5291; x_wconf 90' lang='lat' dir='ltr'><strong>quam</strong></span> <span class='ocrx_word' id='word_1_786' title='bbox 524 5222 777 5293; x_wconf 89' lang='lat' dir='ltr'><strong>graviter</strong></span> <span class='ocrx_word' id='word_1_787' title='bbox 830 5224 997 5281; x_wconf 73' lang='lat' dir='ltr'><strong>laesus</strong></span> <span class='ocrx_word' id='word_1_788' title='bbox 1050 5225 1107 5281; x_wconf 90' lang='lat' dir='ltr'><strong>in</strong></span> <span class='ocrx_word' id='word_1_789' title='bbox 1139 5239 1334 5296; x_wconf 90' lang='lat' dir='ltr'><strong>ungue</strong></span> <span class='ocrx_word' id='word_1_790' title='bbox 1363 5225 1557 5280; x_wconf 89' lang='lat' dir='ltr'><strong>doleas</strong></span> <span class='ocrx_word' id='word_1_791' title='bbox 1606 5224 1793 5293; x_wconf 89' lang='lat' dir='ltr'><strong>nosti;</strong></span> <span class='ocrx_word' id='word_1_792' title='bbox 1826 5225 1999 5282; x_wconf 89' lang='lat' dir='ltr'><strong>habet</strong></span> 
     </span>
    </p>
   </div>
   <div class='ocr_carea' id='block_1_100' title="bbox 305 5311 2000 5385">
    <p class='ocr_par' dir='ltr' id='par_1_100' title="bbox 305 5311 2000 5385">
     <span class='ocr_line' id='line_1_100' title="bbox 305 5311 2000 5385; baseline 0.002 -18"><span class='ocrx_word' id='word_1_793' title='bbox 305 5324 512 5380; x_wconf 86' lang='lat' dir='ltr'><strong>corpus</strong></span> <span class='ocrx_word' id='word_1_794' title='bbox 541 5311 756 5382; x_wconf 90' lang='lat' dir='ltr'><strong>ubique</strong></span> <span class='ocrx_word' id='word_1_795' title='bbox 792 5314 1081 5383; x_wconf 91' lang='lat' dir='ltr'><strong>spiritum,</strong></span> <span class='ocrx_word' id='word_1_796' title='bbox 1128 5314 1214 5370; x_wconf 90' lang='lat' dir='ltr'><strong>uti</strong></span> <span class='ocrx_word' id='word_1_797' title='bbox 1261 5312 1514 5369; x_wconf 90' lang='lat' dir='ltr'><strong>mundus</strong></span> <span class='ocrx_word' id='word_1_798' title='bbox 1559 5313 1729 5369; x_wconf 88' lang='lat' dir='ltr'><strong>habet</strong></span> <span class='ocrx_word' id='word_1_799' title='bbox 1781 5313 2000 5385; x_wconf 90' lang='lat' dir='ltr'><strong>ubique</strong></span> 
     </span>
    </p>
   </div>
   <div class='ocr_carea' id='block_1_101' title="bbox 289 5398 2000 5472">
    <p class='ocr_par' dir='ltr' id='par_1_101' title="bbox 289 5398 2000 5472">
     <span class='ocr_line' id='line_1_101' title="bbox 289 5398 2000 5472; baseline 0.003 -18"><span class='ocrx_word' id='word_1_800' title='bbox 289 5400 510 5454; x_wconf 86' lang='lat' dir='ltr'><strong>Deum.</strong></span> <span class='ocrx_word' id='word_1_801' title='bbox 570 5400 723 5458; x_wconf 88' lang='lat' dir='ltr'><strong>Deus</strong></span> <span class='ocrx_word' id='word_1_802' title='bbox 769 5403 1142 5459; x_wconf 88' lang='lat' dir='ltr'><strong>autemratio</strong></span> <span class='ocrx_word' id='word_1_803' title='bbox 1183 5398 1529 5456; x_wconf 87' lang='lat' dir='ltr'><strong>universalis</strong></span> <span class='ocrx_word' id='word_1_804' title='bbox 1565 5407 1671 5468; x_wconf 84' lang='lat' dir='ltr'><strong>est,</strong></span> <span class='ocrx_word' id='word_1_805' title='bbox 1702 5415 1835 5472; x_wconf 90' lang='lat' dir='ltr'><strong>qua</strong></span> <span class='ocrx_word' id='word_1_806' title='bbox 1885 5409 2000 5458; x_wconf 89' lang='lat' dir='ltr'><strong>tota</strong></span> 
     </span>
    </p>
   </div>
   <div class='ocr_carea' id='block_1_102' title="bbox 2104 4255 3814 4327">
    <p class='ocr_par' dir='ltr' id='par_1_102' title="bbox 2104 4255 3814 4327">
     <span class='ocr_line' id='line_1_102' title="bbox 2104 4255 3814 4327; baseline 0.001 -15"><span class='ocrx_word' id='word_1_807' title='bbox 2104 4263 2214 4312; x_wconf 89' lang='lat' dir='ltr'><strong>tem</strong></span> <span class='ocrx_word' id='word_1_808' title='bbox 2245 4255 2450 4320; x_wconf 89' lang='lat' dir='ltr'><strong>elevat,</strong></span> <span class='ocrx_word' id='word_1_809' title='bbox 2483 4257 2554 4311; x_wconf 89' lang='lat' dir='ltr'><strong>ad</strong></span> <span class='ocrx_word' id='word_1_810' title='bbox 2578 4256 2685 4310; x_wconf 88' lang='lat' dir='ltr'><strong>hoc</strong></span> <span class='ocrx_word' id='word_1_811' title='bbox 2703 4255 2905 4325; x_wconf 91' lang='lat' dir='ltr'><strong>utique</strong></span> <span class='ocrx_word' id='word_1_812' title='bbox 2930 4255 3007 4320; x_wconf 86' lang='lat' dir='ltr'><strong>nt,</strong></span> <span class='ocrx_word' id='word_1_813' title='bbox 3034 4262 3097 4311; x_wconf 92' lang='lat' dir='ltr'><strong>ut</strong></span> <span class='ocrx_word' id='word_1_814' title='bbox 3126 4255 3505 4312; x_wconf 77' lang='lat' dir='ltr'><strong>illustrations</strong></span> <span class='ocrx_word' id='word_1_815' title='bbox 3529 4271 3814 4327; x_wconf 89' lang='lat' dir='ltr'><strong>superna,</strong></span> 
     </span>
    </p>
   </div>
   <div class='ocr_carea' id='block_1_103' title="bbox 2104 4342 3810 4415">
    <p class='ocr_par' dir='ltr' id='par_1_103' title="bbox 2104 4342 3810 4415">
     <span class='ocr_line' id='line_1_103' title="bbox 2104 4342 3810 4415; baseline 0.002 -15"><span class='ocrx_word' id='word_1_816' title='bbox 2104 4359 2222 4415; x_wconf 90' lang='lat' dir='ltr'><strong>qua</strong></span> <span class='ocrx_word' id='word_1_817' title='bbox 2250 4344 2497 4415; x_wconf 91' lang='lat' dir='ltr'><strong>quisque</strong></span> <span class='ocrx_word' id='word_1_818' title='bbox 2518 4344 2737 4413; x_wconf 85' lang='lat' dir='ltr'><strong>accepit</strong></span> <span class='ocrx_word' id='word_1_819' title='bbox 2762 4343 3138 4399; x_wconf 90' lang='lat' dir='ltr'><strong>subtilitatem</strong></span> <span class='ocrx_word' id='word_1_820' title='bbox 3168 4342 3406 4414; x_wconf 88' lang='lat' dir='ltr'><strong>ingenii,</strong></span> <span class='ocrx_word' id='word_1_821' title='bbox 3431 4344 3492 4400; x_wconf 90' lang='lat' dir='ltr'><strong>in</strong></span> <span class='ocrx_word' id='word_1_822' title='bbox 3544 4345 3810 4415; x_wconf 85' lang='lat' dir='ltr'><strong>Scriptu-</strong></span> 
     </span>
    </p>
   </div>
   <div class='ocr_carea' id='block_1_104' title="bbox 2105 4430 3809 4503">
    <p class='ocr_par' dir='ltr' id='par_1_104' title="bbox 2105 4430 3809 4503">
     <span class='ocr_line' id='line_1_104' title="bbox 2105 4430 3809 4503; baseline 0.001 -14"><span class='ocrx_word' id='word_1_823' title='bbox 2105 4433 2183 4489; x_wconf 89' lang='lat' dir='ltr'><strong>ris</strong></span> <span class='ocrx_word' id='word_1_824' title='bbox 2232 4432 2517 4488; x_wconf 89' lang='lat' dir='ltr'><strong>moderari</strong></span> <span class='ocrx_word' id='word_1_825' title='bbox 2550 4431 2749 4498; x_wconf 88' lang='lat' dir='ltr'><strong>discat,</strong></span> <span class='ocrx_word' id='word_1_826' title='bbox 2809 4431 2965 4502; x_wconf 91' lang='lat' dir='ltr'><strong>quod</strong></span> <span class='ocrx_word' id='word_1_827' title='bbox 3011 4430 3195 4501; x_wconf 91' lang='lat' dir='ltr'><strong>pisces</strong></span> <span class='ocrx_word' id='word_1_828' title='bbox 3226 4432 3402 4487; x_wconf 91' lang='lat' dir='ltr'><strong>maris</strong></span> <span class='ocrx_word' id='word_1_829' title='bbox 3446 4432 3809 4503; x_wconf 75' lang='lat' dir='ltr'><strong>significant;</strong></span> 
     </span>
    </p>
   </div>
   <div class='ocr_carea' id='block_1_105' title="bbox 2103 4520 3808 4592">
    <p class='ocr_par' dir='ltr' id='par_1_105' title="bbox 2103 4520 3808 4592">
     <span class='ocr_line' id='line_1_105' title="bbox 2103 4520 3808 4592; baseline -0.001 -14"><span class='ocrx_word' id='word_1_830' title='bbox 2103 4529 2159 4578; x_wconf 89' lang='lat' dir='ltr'><strong>et</strong></span> <span class='ocrx_word' id='word_1_831' title='bbox 2183 4521 2498 4575; x_wconf 82' lang='lat' dir='ltr'><strong>volatilibus</strong></span> <span class='ocrx_word' id='word_1_832' title='bbox 2543 4521 2661 4575; x_wconf 67' lang='lat' dir='ltr'><strong>ctuti</strong></span> <span class='ocrx_word' id='word_1_833' title='bbox 2681 4532 2923 4590; x_wconf 84' lang='lat' dir='ltr'><strong>praeesse</strong></span> <span class='ocrx_word' id='word_1_834' title='bbox 2952 4520 3197 4587; x_wconf 86' lang='lat' dir='ltr'><strong>noverit,</strong></span> <span class='ocrx_word' id='word_1_835' title='bbox 3227 4520 3283 4576; x_wconf 92' lang='lat' dir='ltr'><strong>id</strong></span> <span class='ocrx_word' id='word_1_836' title='bbox 3327 4528 3411 4577; x_wconf 90' lang='lat' dir='ltr'><strong>est</strong></span> <span class='ocrx_word' id='word_1_837' title='bbox 3452 4522 3808 4592; x_wconf 85' lang='lat' dir='ltr'><strong>contempla-</strong></span> 
     </span>
    </p>
   </div>
   <div class='ocr_carea' id='block_1_106' title="bbox 2106 4607 3805 4685">
    <p class='ocr_par' dir='ltr' id='par_1_106' title="bbox 2106 4607 3805 4685">
     <span class='ocr_line' id='line_1_106' title="bbox 2106 4607 3805 4685; baseline 0 -20"><span class='ocrx_word' id='word_1_838' title='bbox 2106 4609 2274 4665; x_wconf 91' lang='lat' dir='ltr'><strong>tionis</strong></span> <span class='ocrx_word' id='word_1_839' title='bbox 2302 4622 2547 4664; x_wconf 89' lang='lat' dir='ltr'><strong>acumen</strong></span> <span class='ocrx_word' id='word_1_840' title='bbox 2593 4607 2920 4664; x_wconf 88' lang='lat' dir='ltr'><strong>cautissime</strong></span> <span class='ocrx_word' id='word_1_841' title='bbox 2965 4607 3287 4685; x_wconf 87' lang='lat' dir='ltr'><strong>librarein</strong></span> <span class='ocrx_word' id='word_1_842' title='bbox 3339 4608 3542 4664; x_wconf 88' lang='lat' dir='ltr'><strong>divina</strong></span> <span class='ocrx_word' id='word_1_843' title='bbox 3594 4610 3805 4676; x_wconf 84' lang='lat' dir='ltr'><strong>sciens,</strong></span> 
     </span>
    </p>
   </div>
   <div class='ocr_carea' id='block_1_107' title="bbox 2105 4696 3812 4768">
    <p class='ocr_par' dir='ltr' id='par_1_107' title="bbox 2105 4696 3812 4768">
     <span class='ocr_line' id='line_1_107' title="bbox 2105 4696 3812 4768; baseline 0.001 -15"><span class='ocrx_word' id='word_1_844' title='bbox 2105 4697 2249 4753; x_wconf 90' lang='lat' dir='ltr'><strong>nihil</strong></span> <span class='ocrx_word' id='word_1_845' title='bbox 2282 4696 2714 4768; x_wconf 89' lang='lat' dir='ltr'><strong>imaginarium,</strong></span> <span class='ocrx_word' id='word_1_846' title='bbox 2746 4696 2826 4751; x_wconf 90' lang='lat' dir='ltr'><strong>nil</strong></span> <span class='ocrx_word' id='word_1_847' title='bbox 2858 4697 3122 4753; x_wconf 87' lang='lat' dir='ltr'><strong>sensuale</strong></span> <span class='ocrx_word' id='word_1_848' title='bbox 3172 4696 3242 4753; x_wconf 90' lang='lat' dir='ltr'><strong>de</strong></span> <span class='ocrx_word' id='word_1_849' title='bbox 3296 4697 3410 4752; x_wconf 92' lang='lat' dir='ltr'><strong>Deo</strong></span> <span class='ocrx_word' id='word_1_850' title='bbox 3463 4698 3719 4766; x_wconf 89' lang='lat' dir='ltr'><strong>senserit,</strong></span> <span class='ocrx_word' id='word_1_851' title='bbox 3750 4708 3812 4756; x_wconf 90' lang='lat' dir='ltr'><strong>et</strong></span> 
     </span>
    </p>
   </div>
   <div class='ocr_carea' id='block_1_108' title="bbox 2103 4784 3867 4855">
    <p class='ocr_par' dir='ltr' id='par_1_108' title="bbox 2103 4784 3867 4855">
     <span class='ocr_line' id='line_1_108' title="bbox 2103 4784 3867 4855; baseline 0.002 -15"><span class='ocrx_word' id='word_1_852' title='bbox 2103 4798 2238 4840; x_wconf 91' lang='lat' dir='ltr'><strong>cum</strong></span> <span class='ocrx_word' id='word_1_853' title='bbox 2266 4792 2390 4853; x_wconf 90' lang='lat' dir='ltr'><strong>post</strong></span> <span class='ocrx_word' id='word_1_854' title='bbox 2422 4784 2882 4855; x_wconf 88' lang='lat' dir='ltr'><strong>magnitudinem</strong></span> <span class='ocrx_word' id='word_1_855' title='bbox 2929 4784 3368 4853; x_wconf 89' lang='lat' dir='ltr'><strong>revelationum,</strong></span> <span class='ocrx_word' id='word_1_856' title='bbox 3422 4785 3806 4844; x_wconf 89' lang='lat' dir='ltr'><strong>tentationum</strong></span> <span class='ocrx_word' id='word_1_857' title='bbox 3866 4838 3867 4855; x_wconf 40' lang='grc' dir='ltr'><strong>η</strong></span> 
     </span>
    </p>
   </div>
   <div class='ocr_carea' id='block_1_109' title="bbox 2106 4864 3867 4943">
    <p class='ocr_par' dir='ltr' id='par_1_109' title="bbox 2106 4864 3867 4943">
     <span class='ocr_line' id='line_1_109' title="bbox 2106 4864 3867 4943; baseline 0.002 -16"><span class='ocrx_word' id='word_1_858' title='bbox 2106 4872 2404 4939; x_wconf 88' lang='lat' dir='ltr'><strong>acerbitas,</strong></span> <span class='ocrx_word' id='word_1_859' title='bbox 2484 4872 2642 4941; x_wconf 86' lang='lat' dir='ltr'><strong>quod</strong></span> <span class='ocrx_word' id='word_1_860' title='bbox 2714 4886 2860 4942; x_wconf 88' lang='lat' dir='ltr'><strong>pene</strong></span> <span class='ocrx_word' id='word_1_861' title='bbox 2909 4886 3134 4942; x_wconf 86' lang='lat' dir='ltr'><strong>semper</strong></span> <span class='ocrx_word' id='word_1_862' title='bbox 3170 4872 3470 4929; x_wconf 90' lang='lat' dir='ltr'><strong>consuevit</strong></span> <span class='ocrx_word' id='word_1_863' title='bbox 3525 4874 3804 4943; x_wconf 89' lang='lat' dir='ltr'><strong>accidere,</strong></span> <span class='ocrx_word' id='word_1_864' title='bbox 3866 4864 3867 4883; x_wconf 60' lang='grc'><strong>¹</strong></span> 
     </span>
    </p>
   </div>
   <div class='ocr_carea' id='block_1_110' title="bbox 2107 4959 3808 5031">
    <p class='ocr_par' dir='ltr' id='par_1_110' title="bbox 2107 4959 3808 5031">
     <span class='ocr_line' id='line_1_110' title="bbox 2107 4959 3808 5031; baseline 0.002 -16"><span class='ocrx_word' id='word_1_865' title='bbox 2107 4962 2412 5017; x_wconf 87' lang='lat' dir='ltr'><strong>subsecuta</strong></span> <span class='ocrx_word' id='word_1_866' title='bbox 2440 4959 2633 5025; x_wconf 77' lang='lat' dir='ltr'><strong>fuerit,</strong></span> <span class='ocrx_word' id='word_1_867' title='bbox 2685 4961 2878 5018; x_wconf 65' lang='lat' dir='ltr'><strong>bestia)</strong></span> <span class='ocrx_word' id='word_1_868' title='bbox 2931 4960 3172 5029; x_wconf 90' lang='lat' dir='ltr'><strong>irarum,</strong></span> <span class='ocrx_word' id='word_1_869' title='bbox 3208 4961 3636 5031; x_wconf 90' lang='lat' dir='ltr'><strong>superbiarum,</strong></span> <span class='ocrx_word' id='word_1_870' title='bbox 3689 4971 3808 5019; x_wconf 86' lang='lat' dir='ltr'><strong>ter-</strong></span> 
     </span>
    </p>
   </div>
   <div class='ocr_carea' id='block_1_111' title="bbox 2107 5049 3867 5120">
    <p class='ocr_par' dir='ltr' id='par_1_111' title="bbox 2107 5049 3867 5120">
     <span class='ocr_line' id='line_1_111' title="bbox 2107 5049 3867 5120; baseline 0.002 -15"><span class='ocrx_word' id='word_1_871' title='bbox 2107 5062 2496 5118; x_wconf 90' lang='lat' dir='ltr'><strong>renorumque</strong></span> <span class='ocrx_word' id='word_1_872' title='bbox 2539 5056 2823 5117; x_wconf 89' lang='lat' dir='ltr'><strong>motuum,</strong></span> <span class='ocrx_word' id='word_1_873' title='bbox 2876 5050 2931 5105; x_wconf 91' lang='lat' dir='ltr'><strong>id</strong></span> <span class='ocrx_word' id='word_1_874' title='bbox 2969 5057 3054 5106; x_wconf 91' lang='lat' dir='ltr'><strong>est</strong></span> <span class='ocrx_word' id='word_1_875' title='bbox 3097 5049 3502 5119; x_wconf 90' lang='lat' dir='ltr'><strong>cupiditatum,</strong></span> <span class='ocrx_word' id='word_1_876' title='bbox 3548 5051 3808 5120; x_wconf 85' lang='lat' dir='ltr'><strong>reptilia-</strong></span> <span class='ocrx_word' id='word_1_877' title='bbox 3866 5049 3867 5115; x_wconf 72' lang='lat' dir='ltr'><strong>l</strong></span> 
     </span>
    </p>
   </div>
   <div class='ocr_carea' id='block_1_112' title="bbox 2107 5136 3807 5209">
    <p class='ocr_par' dir='ltr' id='par_1_112' title="bbox 2107 5136 3807 5209">
     <span class='ocr_line' id='line_1_112' title="bbox 2107 5136 3807 5209; baseline 0.003 -16"><span class='ocrx_word' id='word_1_878' title='bbox 2107 5151 2222 5208; x_wconf 91' lang='lat' dir='ltr'><strong>que</strong></span> <span class='ocrx_word' id='word_1_879' title='bbox 2252 5136 2582 5204; x_wconf 90' lang='lat' dir='ltr'><strong>libidinum,</strong></span> <span class='ocrx_word' id='word_1_880' title='bbox 2633 5138 2932 5195; x_wconf 90' lang='lat' dir='ltr'><strong>rationalis</strong></span> <span class='ocrx_word' id='word_1_881' title='bbox 2978 5152 3197 5195; x_wconf 87' lang='lat' dir='ltr'><strong>memor</strong></span> <span class='ocrx_word' id='word_1_882' title='bbox 3237 5137 3458 5209; x_wconf 90' lang='lat' dir='ltr'><strong>imperii</strong></span> <span class='ocrx_word' id='word_1_883' title='bbox 3503 5140 3807 5199; x_wconf 91' lang='lat' dir='ltr'><strong>servitium</strong></span> 
     </span>
    </p>
   </div>
   <div class='ocr_carea' id='block_1_113' title="bbox 2107 5225 3806 5298">
    <p class='ocr_par' dir='ltr' id='par_1_113' title="bbox 2107 5225 3806 5298">
     <span class='ocr_line' id='line_1_113' title="bbox 2107 5225 3806 5298; baseline 0.002 -17"><span class='ocrx_word' id='word_1_884' title='bbox 2107 5239 2242 5281; x_wconf 83' lang='lat' dir='ltr'><strong>mox</strong></span> <span class='ocrx_word' id='word_1_885' title='bbox 2267 5225 2523 5296; x_wconf 90' lang='lat' dir='ltr'><strong>imponat</strong></span> <span class='ocrx_word' id='word_1_886' title='bbox 2550 5226 2792 5298; x_wconf 90' lang='lat' dir='ltr'><strong>corpori,</strong></span> <span class='ocrx_word' id='word_1_887' title='bbox 2815 5235 2873 5283; x_wconf 87' lang='lat' dir='ltr'><strong>et</strong></span> <span class='ocrx_word' id='word_1_888' title='bbox 2899 5241 3021 5283; x_wconf 74' lang='lat' dir='ltr'><strong>suae</strong></span> <span class='ocrx_word' id='word_1_889' title='bbox 3058 5226 3362 5284; x_wconf 86' lang='lat' dir='ltr'><strong>vindicans</strong></span> <span class='ocrx_word' id='word_1_890' title='bbox 3410 5227 3688 5284; x_wconf 88' lang='lat' dir='ltr'><strong>libertatis</strong></span> <span class='ocrx_word' id='word_1_891' title='bbox 3713 5229 3806 5285; x_wconf 91' lang='lat' dir='ltr'><strong>di-</strong></span> 
     </span>
    </p>
   </div>
   <div class='ocr_carea' id='block_1_114' title="bbox 2109 5314 3806 5385">
    <p class='ocr_par' dir='ltr' id='par_1_114' title="bbox 2109 5314 3806 5385">
     <span class='ocr_line' id='line_1_114' title="bbox 2109 5314 3806 5385; baseline 0.002 -16"><span class='ocrx_word' id='word_1_892' title='bbox 2109 5314 2383 5385; x_wconf 83' lang='lat' dir='ltr'><strong>gnitatem</strong></span> <span class='ocrx_word' id='word_1_893' title='bbox 2413 5329 2588 5385; x_wconf 91' lang='lat' dir='ltr'><strong>super</strong></span> <span class='ocrx_word' id='word_1_894' title='bbox 2626 5317 2748 5372; x_wconf 82' lang='lat' dir='ltr'><strong>haec</strong></span> <span class='ocrx_word' id='word_1_895' title='bbox 2774 5322 3037 5372; x_wconf 84' lang='lat' dir='ltr'><strong>exerceat</strong></span> <span class='ocrx_word' id='word_1_896' title='bbox 3084 5315 3393 5384; x_wconf 87' lang='lat' dir='ltr'><strong>potestatis.</strong></span> <span class='ocrx_word' id='word_1_897' title='bbox 3452 5315 3607 5370; x_wconf 83' lang='lat' dir='ltr'><strong>Mare</strong></span> <span class='ocrx_word' id='word_1_898' title='bbox 3662 5316 3806 5373; x_wconf 85' lang='lat' dir='ltr'><strong>Scri-</strong></span> 
     </span>
    </p>
   </div>
   <div class='ocr_carea' id='block_1_115' title="bbox 2108 5402 3800 5475">
    <p class='ocr_par' dir='ltr' id='par_1_115' title="bbox 2108 5402 3800 5475">
     <span class='ocr_line' id='line_1_115' title="bbox 2108 5402 3800 5475; baseline 0.002 -16"><span class='ocrx_word' id='word_1_899' title='bbox 2108 5410 2336 5473; x_wconf 89' lang='lat' dir='ltr'><strong>pturam</strong></span> <span class='ocrx_word' id='word_1_900' title='bbox 2368 5404 2637 5475; x_wconf 88' lang='lat' dir='ltr'><strong>intellige,</strong></span> <span class='ocrx_word' id='word_1_901' title='bbox 2684 5419 2817 5474; x_wconf 81' lang='lat' dir='ltr'><strong>quae</strong></span> <span class='ocrx_word' id='word_1_902' title='bbox 2867 5403 3160 5473; x_wconf 86' lang='lat' dir='ltr'><strong>sapientiae</strong></span> <span class='ocrx_word' id='word_1_903' title='bbox 3213 5402 3332 5459; x_wconf 91' lang='lat' dir='ltr'><strong>sale</strong></span> <span class='ocrx_word' id='word_1_904' title='bbox 3368 5402 3517 5459; x_wconf 84' lang='lat' dir='ltr'><strong>salsa</strong></span> <span class='ocrx_word' id='word_1_905' title='bbox 3548 5403 3622 5459; x_wconf 86' lang='lat' dir='ltr'><strong>ad</strong></span> <span class='ocrx_word' id='word_1_906' title='bbox 3647 5404 3800 5463; x_wconf 90' lang='lat' dir='ltr'><strong>sitim</strong></span> 
     </span>
    </p>
   </div>
  </div>
