3874 6048
105 151 173 201 ‘57
1342 150 1708 212 MORALIUM
1747 152 1811 208 ῐΝ
1851 151 2160 211 GENESIN
2204 152 2329 209 LIB.
2375 152 2425 208 ἰ.

103 282 486 352 spiritualem
556 295 661 338 nos
708 288 999 352 provocat,
1049 288 1106 339 et
1157 283 1557 340 commotionis
1602 298 1828 355 magnae
1857 292 1902 345 Α
1939 284 2138 341 crebro
2190 285 2427 357 ponitur
2477 283 2536 341 in
2588 284 2764 341 veteri
2821 284 3035 356 pagina
3103 296 3201 353 pro
3254 285 3333 354 in,
3393 290 3458 340 ut
3509 292 3630 341 est:

104 370 433 441 strepitum
484 371 542 426 in
594 370 864 427 cordibus
906 370 1305 441 pmnitentium
1351 373 1618 440 concitat,
1668 387 1827 429 men-

109 467 332 531 tesque
360 460 659 527 amaricat,
712 460 812 516 ubi
861 460 1009 516 inter
1050 460 1341 517 minarum
1389 461 1566 518 moles
1594 461 1830 518 timidus

106 556 395 619 peccator
448 563 515 605 ac
568 549 617 605 si
666 549 814 605 inter
858 549 1025 605 ﬂetus
1069 556 1366 606 exmstuat.
1416 550 1591 607 Piscis
1636 559 1828 607 autem

106 636 307 707 hujus
342 638 521 693 maris
562 636 863 709 ingenium
916 637 1203 703 naturale,
1261 638 1419 709 quod
1466 638 1592 709 ejus
1634 638 1831 694 abdita

110 724 459 796 investigat.

185 813 372 869 Vens.
426 816 515 868 27.
587 844 657 853 —
706 815 933 869 Creavit
994 828 1132 886 ergo
1210 817 1343 870 Deus
1408 816 1710 870 hominem:
1758 815 1833 870 ad

108 904 423 968 imaginem
474 905 570 958 Dei
633 904 838 957 creavit
896 903 1071 970 illum,
1125 904 1423 958 masculum
1478 909 1529 959 et
1572 905 1833 969 feminam

111 994 342 1046 creavit
384 986 711 1047 eos.’Recte
757 990 942 1061 primo
991 991 1205 1048 dicitur
1250 992 1417 1049 homo
1461 991 1834 1064 singulariter

112 1088 382 1147 creatus,
420 1080 780 1151 postmodum
818 1080 1108 1137 masculus
1144 1089 1199 1137 et
1224 1080 1436 1138 femina
1465 1081 1660 1149 creati,
1693 1081 1833 1153 quia

114 1177 259 1224 ante
291 1169 827 1239 praevaricationem
880 1169 1026 1226 idem
1076 1170 1131 1225 in
1182 1185 1259 1239 se,
1313 1178 1367 1227 et
1412 1185 1705 1243 nusquam
1745 1172 1831 1228 di-

116 1272 337 1313 versus
368 1259 539 1314 homo
564 1265 707 1325 erat,
752 1258 855 1314 uni
910 1273 1014 1315 suo
1068 1259 1355 1315 Conditori
1396 1261 1655 1328 vacabat,
1690 1260 1770 1316 nil
1800 1274 1833 1316 a

116 1360 196 1412 se,
232 1347 324 1401 nil
351 1361 385 1402 a
421 1348 535 1402 Deo
557 1355 900 1403 extraneum
936 1348 1223 1419 cogitabat
1250 1357 1586 1419 ;postquam
1616 1359 1829 1417 autem,

116 1442 455 1506 contempto
481 1436 735 1491 auctoris
749 1436 912 1507 jngo,
948 1437 1035 1492 sui
1062 1437 1213 1508 juris
1243 1452 1364 1493 esse
1396 1438 1597 1505 voluit,
1631 1446 1685 1494 et
1734 1439 1833 1494 Dei

114 1524 370 1591 visione,
406 1538 526 1594 qua
556 1525 757 1580 crebro
806 1525 1194 1595 reficiebatur,
1246 1527 1449 1595 caruit,
1496 1534 1551 1582 et
1583 1527 1832 1598 seipsum

1938 375 2001 431 Si
2027 390 2225 429 memor
2251 377 2341 442 fui
2392 376 2475 429 tui
2517 390 2680 445 super
2708 379 2943 430 stratum
2972 389 3145 427 meum
3198 375 3359 434 (Psal.
3394 389 3524 441 Lxu,
3558 378 3628 437 7).

1938 462 2045 519 hoc
2071 471 2152 519 est
2185 463 2241 518 in
2270 470 2451 519 stratu
2499 478 2642 519 meo.
2694 463 2999 519 Moventur
3028 461 3347 517 animantia
3376 462 3432 517 in
3460 469 3632 528 terra,

1939 552 2174 622 quando
2195 552 2266 607 ad
2298 551 2520 608 illicitos
2549 559 2737 608 motus
2770 551 2942 608 fatua;
2980 550 3352 622 cogitationes
3390 549 3635 607 illiciunt

1939 655 2176 711 corpora
2205 648 2420 697 nostra.
2458 642 2634 712 Super
2658 647 2878 707 terram,
2908 641 2960 696 id
2992 647 3098 708 est,
3120 653 3349 695 carnem
3381 647 3633 695 nostram

1941 730 2254 799 praecedere
2312 745 2451 786 sane
2505 737 2762 801 possunt,
2822 738 2875 786 et
2923 730 2983 786 in
3052 729 3143 786 his
3186 743 3317 800 quae
3361 727 3470 784 sibi
3499 737 3633 784 sunt

1940 818 2231 889 contigua,
2264 818 2432 890 quasi
2481 819 2717 890 quidam
2768 820 3015 875 latrones
3046 818 3267 889 praedas
3309 831 3498 889 agere,
3536 817 3634 873 sed

1942 921 2132 978 regem
2190 906 2582 978 imperiosum,
2660 909 2938 965 rationem
3009 907 3288 974 videlicet,
3355 905 3502 961 absit
3570 912 3634 960 ut

1943 995 2231 1052 ullatenus
2252 1003 2467 1066 queant
2496 996 2781 1065 subigere.

2013 1084 2182 1140 Vens.
2238 1086 2324 1139 29.
2376 1087 2502 1139 Ecce
2553 1085 2684 1139 dedi
2761 1086 2910 1139 vobis
2986 1100 3191 1138 omnem
3245 1084 3465 1137 herbam
3503 1081 3633 1151 απε-

1940 1174 2143 1223 rentem
2188 1184 2362 1223 semen
2407 1186 2569 1238 super
2616 1177 2837 1238 terram,
2888 1175 2938 1225 et
2990 1172 3245 1224 universa
3309 1171 3461 1238 ligna
3517 1184 3636 1237 quae

1944 1257 2141 1311 habent
2196 1260 2255 1312 in
2301 1262 2601 1328 semetipsis
2656 1264 2938 1315 sementem
2998 1263 3207 1328 generis
3264 1261 3371 1326 sui,
3418 1262 3479 1312 ut
3525 1259 3636 1311 sint

1941 1346 2091 1400 vobis
2122 1348 2181 1401 in
2208 1361 2402 1413 escam,
2451 1356 2500 1402 et
2528 1351 2732 1402 cunctis
2774 1348 3144 1402 animantibus
3179 1352 3351 1415 terra,
3387 1348 3636 1415 omnique

1942 1437 2149 1489 volucri
2177 1437 2325 1504 caeli,
2371 1441 2422 1489 et
2468 1439 2733 1491 universis
2781 1452 2899 1505 quae
2946 1440 3225 1490 moventur
3262 1437 3321 1489 in
3367 1439 3534 1498 terra,
3572 1433 3635 1488 in

1945 1524 2140 1593 quibus
2179 1530 2256 1580 est
2308 1526 2495 1579 anima
2536 1528 2742 1591 vivens,
2793 1529 2853 1579 ut
2892 1526 3124 1579 habeant
3178 1524 3252 1577 ad
3302 1521 3632 1577 vescendum.

116 1626 239 1667 non
276 1613 509 1680 habuit,
544 1613 684 1683 quia
714 1628 1020 1685 nunquam
1055 1621 1247 1685 postea
1266 1594 1567 1686 plenersuis
1588 1594 1838 1672 motibus
1868 1594 1904 1647 Β
1945 1612 2133 1669 Primo
2163 1613 2234 1669 ad
2265 1613 2511 1670 litteram
2540 1613 3016 1685 interjaciendum
3051 1613 3205 1684 quod
3237 1612 3473 1668 omnino
3502 1617 3636 1666 ante

117 1699 442 1766 dominari,
496 1700 599 1756 etsi
648 1700 847 1763 voluit.
917 1700 1137 1772 potuit;
1188 1702 1329 1772 quia
1382 1702 1484 1759 etsi
1543 1702 1831 1773 spiritum,

118 1788 282 1858 quod
316 1797 404 1845 est
437 1788 755 1859 masculus,
782 1789 852 1844 ad
888 1789 1107 1845 fortiter
1134 1791 1497 1848 sentiendum
1529 1799 1630 1847 aut
1657 1806 1833 1863 agen-

118 1878 270 1933 dum
322 1879 557 1949 penitus
610 1891 725 1933 non
779 1877 1066 1949 perdidit;
1114 1880 1237 1934 Eva
1287 1886 1497 1947 tamen,
1548 1880 1755 1936 rebelle
1779 1887 1834 1937 et

117 1964 481 2020 indomitum
536 1965 773 2034 animal,
806 1980 1111 2036 nunquam
1151 1968 1435 2024 voluntati
1467 1968 1702 2038 spiritus
1728 1982 1834 2024 vo-

118 2052 385 2108 luntarie
428 2053 762 2124 acquiescit,
812 2054 910 2110 sed
953 2068 1177 2125 semper
1207 2056 1439 2112 virtutis
1470 2056 1658 2111 studio
1687 2056 1835 2112 dura

118 2141 366 2197 resistit.
399 2142 523 2197 Eva
551 2150 744 2198 autem
774 2150 858 2199 est
897 2156 1030 2199 caro
1072 2152 1284 2210 nostra,
1335 2159 1467 2214 quae
1490 2151 1835 2215 suggerente

132 2228 363 2284 liabolo
392 2228 758 2286 lenocinatur
785 2230 1014 2299 rationi,
1049 2238 1103 2287 et
1132 2232 1369 2288 inﬂectit
1390 2232 1459 2287 ad
1492 2247 1832 2289 consensum

133 2317 423 2385 qupetitus
474 2317 779 2374 inhonesti.
831 2318 1012 2373 Adam
1056 2321 1218 2384 enim,
1268 2328 1330 2375 ut
1380 2319 1459 2375 ait
1505 2320 1831 2391 Apostolus,

132 2404 383 2460 seductus
409 2421 515 2459 non
567 2411 665 2469 est,
726 2406 820 2461 sed
875 2408 1021 2472 Eva,
1078 2407 1223 2463 unde
1269 2412 1319 2463 et
1379 2411 1557 2462 virum
1614 2409 1835 2463 seduxit

134 2490 352 2558 (ITim.
397 2508 458 2559 n,
493 2494 600 2563 14).
646 2494 832 2550 Primo
865 2495 924 2550 in
974 2495 1204 2551 homine
1233 2497 1498 2566 quaedam
1534 2496 1639 2552 fuit
1670 2496 1834 2552 iden-

136 2578 285 2641 tius,
337 2580 435 2635 sed
465 2594 539 2635 ex
571 2582 795 2650 peccati
815 2595 984 2652 paena
1014 2583 1218 2639 accidit
1248 2584 1479 2640 demum
1510 2584 1829 2651 diversitas,

136 2671 203 2720 ut
238 2681 281 2722 η
319 2667 435 2722 duo
465 2667 817 2724 divideretur
850 2669 1202 2726 humanitas.

212 2752 373 2809 ναῖε.
428 2758 515 2811 28.
566 2788 635 2796 —
694 2758 767 2811 Et
827 2758 1106 2813 benedixit
1174 2762 1291 2814 eis:
1341 2762 1586 2821 Crescite.
1634 2761 1732 2822 ait,
1785 2766 1834 2814 et

1943 1700 2227 1758 diluvium
2257 1702 2335 1758 illi
2366 1704 2550 1774 primo
2570 1701 2812 1773 tempori
2833 1718 2966 1759 esus
2987 1702 3251 1758 carnium
3287 1701 3343 1756 in
3378 1715 3490 1756 usu
3520 1714 3635 1755 non

1945 1790 2067 1847 fuit.
2099 1790 2487 1862 Signiticative
2516 1800 2706 1848 autem
2759 1792 2905 1860 licet,
2939 1791 3257 1848 secundum
3295 1789 3450 1860 quod
3480 1788 3636 1845 dixi-

1945 1878 2147 1936 musin
2182 1887 2434 1936 tractatu
2477 1880 2584 1936 diei
2638 1880 2805 1947 tertii,
2857 1880 3073 1951 possint
3125 1880 3247 1935 haec
3278 1878 3536 1949 intelligi,
3581 1883 3637 1932 et

1937 1966 2110 2037 juxta
2136 1981 2204 2023 ea
2235 1983 2365 2039 quae
2396 1969 2455 2024 in
2502 1969 2630 2025 aliis
2670 1970 2928 2038 exposita
2975 1976 3111 2024 sunt
3143 1966 3366 2034 diebus,
3401 1980 3531 2036 quae
3564 1965 3632 2019 ad

1943 2057 2289 2113 vescendum
2351 2058 2426 2113 illi
2482 2058 2585 2128 qui
2638 2057 2759 2128 jam
2815 2070 2969 2112 nova
3039 2063 3305 2112 creatura
3354 2061 3438 2110 est
3503 2053 3637 2108 data

1943 2144 2237 2212 dicuntur,
2300 2144 2352 2200 id
2398 2152 2481 2200 est
2541 2145 2611 2199 ad
2664 2145 3009 2200 imitandum
3077 2140 3483 2198 intellectualia
3540 2139 3636 2194 illa

1943 2247 2075 2303 quae
2124 2233 2201 2288 ibi
2248 2232 2674 2297 describuntur,
2727 2247 2979 2302 quorum
3038 2231 3318 2300 exemplis
3357 2239 3633 2298 tanquam

1944 2321 2157 2390 pabulo
2191 2322 2393 2376 debeat
2453 2321 2782 2388 sustentari,
2832 2329 3021 2376 tamen
3067 2327 3122 2375 et
3164 2319 3329 2376 aliter
3371 2316 3632 2384 forsitan,

1943 2409 1989 2464 si
2036 2409 2415 2477 elaboremus,
2482 2424 2767 2479 exponere
2833 2409 3164 2480 poterimus.
3234 2408 3441 2475 Herba,
3495 2405 3637 2477 quia

1944 2496 2134 2553 brevis
2161 2503 2215 2553 et
2262 2498 2331 2553 ad
2383 2510 2615 2552 manum
2663 2497 2936 2568 contigua
2981 2504 3083 2563 est,
3128 2497 3401 2566 quaelibet
3441 2508 3634 2563 corpo-

1945 2583 2087 2640 ralia
2118 2585 2267 2641 bona
2318 2599 2621 2655 possumus
2668 2585 2942 2655 accipere,
2995 2593 3056 2641 ut
3101 2592 3184 2640 est
3208 2584 3494 2655 jejunare,
3540 2582 3634 2637 ho-

1942 2673 2110 2744 spitio
2138 2672 2427 2735 inducere.
2478 2673 2879 2729 eleemosinam
2922 2674 3077 2741 dare,
3134 2673 3350 2727 nescios
3382 2669 3629 2734 erudire,

1941 2768 1994 2817 et
2026 2768 2229 2816 caetera
2259 2776 2390 2832 quze
2422 2762 2754 2817 humanitas
2785 2762 2949 2817 habet
2978 2758 3281 2831 egentibus
3323 2756 3630 2825 exhibere;

138 2844 597 2915 multplicamini,
670 2853 721 2901 et
782 2848 980 2917 replete
1053 2854 1273 2904 terram.
1324 2851 1486 2906 Tunc
1525 2854 1835 2907 crescimus
1865 2890 1906 2945 Β
1943 2864 2074 2920 quae
2105 2849 2335 2919 quidem
2368 2850 2506 2905 satis
2538 2850 2687 2905 bona
2732 2858 2889 2918 sunt,
2938 2850 3036 2905 sed
3070 2858 3257 2905 tamen
3297 2847 3419 2902 sine
3446 2843 3633 2901 admi-

139 2939 192 2987 et
221 2933 693 3003 mtltiplicamur,
729 2950 858 2991 cum
895 2935 1183 3007 replemus
1210 2944 1442 3003 terram,
1490 2939 1544 2994 id
1573 2946 1677 3008 est,
1700 2953 1833 2995 cum

141 3019 277 3075 boni
310 3023 492 3092 (peris
539 3023 892 3080 exhibitione
938 3025 1279 3081 exteriorem
1334 3034 1595 3082 nostrum
1646 3027 1834 3083 homi-

141 3123 276 3165 nem
318 3122 599 3182 msquam
643 3126 850 3169 vacare
880 3114 1283 3184 permittimus.
1317 3115 1433 3172 Aut
1459 3122 1608 3171 certe
1636 3116 1837 3173 cresci-

141 3211 294 3263 mus,
333 3211 456 3254 c1m
487 3213 559 3255 ex
584 3199 934 3256 incremento
963 3209 1175 3258 sanctae
1203 3202 1445 3258 actionis
1473 3216 1572 3272 spe
1602 3203 1834 3260 meliore

141 3286 211 3341 ad
243 3299 490 3355 supe-na
536 3289 905 3360 porrigimur.
956 3289 1412 3360 Multiplicamur
1454 3298 1669 3360 autem,
1698 3307 1833 3348 cum

141 3375 417 3429 virtutun
482 3378 892 3434 numerositate
963 3377 1258 3434 fulcimur.
1319 3380 1389 3435 Et
1452 3379 1531 3436 ita
1581 3380 1835 3451 repletur

144 3471 324 3527 terra,
367 3476 489 3520 cun
532 3479 809 3522 sensuum
854 3472 1182 3523 nostrorum
1236 3468 1582 3524 universitas
1626 3484 1831 3525 secun-

140 3551 279 3607 dum
315 3554 470 3619 quot.
491 3553 705 3622 cuique
728 3554 995 3623 competit
1024 3554 1095 3609 ad
1130 3557 1224 3625 pia
1263 3564 1582 3626 occupatur
1605 3558 1833 3614 exerci-

138 3638 234 3691 tia.
266 3641 371 3690 33
422 3639 481 3692 Ε
534 3640 789 3708 subjicite
823 3656 958 3696 eam.
1015 3642 1367 3713 Subjicimus
1418 3652 1652 3715 terram,
1697 3662 1831 3703 cum

139 3733 351 3780 nostrae
392 3725 579 3783 dit'nni
628 3728 1022 3798 obtemperare
1069 3732 1468 3802 compellimus
1518 3735 1722 3803 Evam,
1767 3744 1831 3792 ut

140 3827 244 3867 non
281 3814 476 3870 ordini
509 3824 856 3887 praepostero
887 3819 1115 3887 ancilla,
1159 3820 1214 3875 id
1249 3830 1352 3888 est,
1386 3836 1521 3878 caro
1551 3823 1829 3879 rationem

141 3901 421 3970 praecedat
470 3904 778 3960 dominam.
827 3907 899 3960 Et
953 3905 1311 3965 dominamini
1371 3910 1611 3980 piscibus
1660 3912 1829 3965 maris

139 3993 187 4042 et
235 3989 552 4047 volatilibus
613 3993 750 4058 cali,
818 3998 868 4047 et
947 3996 1214 4051 universis
1281 3999 1656 4053 animantibus
1710 4014 1830 4069 qua

58 4136 65 4143 η
140 4082 412 4132 πυυεπτιιν
457 4095 614 4150 super
675 4086 896 4135 terram.
973 4081 1160 4139 Pisces
1216 4085 1327 4141 dici
1381 4086 1514 4142 item

298 4082 412 4132 itur
457 4095 614 4150 super
675 4086 896 4135 terram.
973 4081 1160 4139 Pisces
1216 4085 1327 4141 dici
1381 4086 1514 4142 item
1588 4094 1828 4157 possunt

1942 2937 2135 2993 niculo
2164 2937 2496 3006 aliquarum
2525 2938 2915 3008 spiritualium
2960 2937 3241 2993 virtutum
3286 2934 3466 2991 nulla.
3500 2933 3630 2988 Pos-

1942 3033 2079 3082 sunt
2104 3026 2258 3082 enim
2304 3034 2359 3082 et
2407 3026 2558 3083 bono
2597 3034 2653 3083 et
2697 3027 2848 3081 malo
2896 3025 3088 3082 animo
3128 3023 3272 3090 ﬁeri,
3316 3029 3370 3079 et
3412 3021 3553 3085 ideo,
3586 3019 3632 3074 si

1941 3114 2102 3180 bene,
2159 3114 2215 3169 id
2262 3118 2344 3171 est
2391 3128 2505 3170 non
2555 3128 2745 3171 amore
2807 3115 3013 3181 laudis,
3065 3120 3166 3169 aut
3215 3126 3313 3182 per
3357 3109 3632 3166 invidiam

1942 3212 2005 3261 ut
2034 3203 2245 3259 scilicet
2276 3203 2513 3259 alterius
2536 3203 2909 3260 obnubiletur
2926 3204 3164 3269 bonum,
3196 3201 3301 3256 ista
3330 3214 3397 3255 ac
3423 3198 3633 3256 similia

1942 3292 2101 3359 ﬂant,
2149 3291 2315 3348 valde
2355 3292 2520 3348 utilia
2567 3299 2720 3348 sunt.
2790 3291 2895 3347 Sed
2946 3297 3133 3346 tamen
3191 3302 3382 3344 semen
3429 3285 3632 3342 aﬂ'erre

1939 3381 2165 3449 debent,
2200 3395 2333 3452 quae
2362 3382 2579 3436 victum
2611 3380 2744 3436 boni
2764 3378 3011 3450 exempli
3043 3377 3326 3448 spirituali
3356 3382 3632 3432 creaturae

1939 3470 2212 3539 prmbent.
2265 3469 2467 3525 Semen
2530 3468 2708 3524 herba
2769 3468 2941 3523 etiam
3008 3466 3284 3522 moriente
3334 3464 3471 3520 solet
3514 3477 3632 3518 esse

1940 3557 2256 3624 residuum,
2303 3557 2458 3613 unde
2506 3563 2807 3625 reparetur
2845 3569 3048 3625 genus.
3100 3553 3248 3621 Quid
3291 3552 3489 3619 herba,
3521 3550 3631 3606 nisi

1937 3645 2151 3701 bonum
2201 3659 2392 3715 opus;
2437 3642 2577 3714 quid
2623 3644 2815 3699 herbae
2863 3657 3078 3708 semen,
3134 3641 3242 3696 nisi
3288 3639 3424 3696 boni
3448 3638 3633 3708 operis

1938 3734 2259 3804 prtemium,
2319 3732 2491 3803 cujus
2533 3730 2747 3787 intuitu
2795 3738 2849 3786 et
2895 3730 2993 3785 alii
3031 3730 3100 3784 ad
3139 3729 3281 3785 bene
3318 3726 3632 3798 gerendum

1940 3821 2225 3892 priecipue
2258 3827 2666 3891 provocantur.
2699 3819 2882 3875 Potest
2913 3819 3126 3873 bonum
3146 3831 3291 3888 opus
3321 3813 3633 3885 aliquando

1936 3910 2135 3977 videri,
2168 3910 2268 3966 sed
2300 3909 2356 3965 in
2388 3909 2486 3965 Dei
2513 3908 2696 3965 oculis
2743 3906 2979 3978 praemio
3031 3913 3204 3971 caret,
3246 3905 3385 3976 quia
3413 3900 3636 3974 agentis

1936 3999 2175 4054 intentio
2212 3998 2317 4055 etsi
2357 4012 2471 4053 non
2528 4011 2628 4068 pro
2678 3996 2867 4064 laude,
2915 4010 3015 4052 seu
3068 4009 3167 4065 per
3213 3992 3515 4057 invidiam,
3570 3997 3635 4045 ut

1936 4088 2212 4152 diximus,
2243 4093 2347 4154 est,
2401 4093 2588 4142 tamen
2640 4086 2787 4141 bona
2839 4100 2971 4156 quae
3032 4084 3151 4155 agit
3196 4097 3307 4139 non
3355 4078 3636 4136 desiderio

143 4165 354 4221 asutize
399 4169 723 4236 saeculares,
764 4168 983 4238 quibus
1026 4172 1327 4229 hominum
1360 4175 1590 4245 ingenia
1618 4175 1827 4232 callent
1857 4188 1897 4241 ι)
1934 4175 2129 4231 aeterni
2165 4174 2423 4231 muneris
2453 4179 2698 4240 exercet,
2732 4173 2828 4229 sed
2862 4181 2922 4229 ut
2969 4187 3003 4229 a
3047 4174 3160 4228 Deo
3186 4170 3291 4226 sibi
3342 4167 3638 4239 praesentis

145 4267 189 4307 ai
220 4255 591 4326 vestigandas
621 4257 852 4314 semitas
874 4256 1087 4327 5maris,
1123 4260 1174 4315 id
1203 4268 1288 4316 est
1330 4262 1560 4333 negotia
1605 4263 1819 4318 saeculi.

148 4339 404 4398 lblucres
431 4345 602 4402 etiam
634 4346 813 4416 accipi
862 4356 1085 4418 queunt
1108 4347 1292 4404 gelatae
1323 4350 1702 4419 superborum
1729 4365 1823 4406 co-

150 4430 452 4500 gtationes,
495 4434 711 4503 quibus
756 4445 913 4494 tanto
961 4438 1210 4508 quisque
1262 4438 1570 4494 sublimius
1616 4438 1822 4507 evolat,

154 4524 348 4587 manto
378 4519 546 4576 vanis
588 4522 822 4581 inﬂatus
858 4525 1157 4581 eventibus
1185 4525 1253 4580 de
1283 4539 1340 4580 se
1371 4526 1705 4596 gloriosiora
1731 4541 1822 4582 co-

162 4609 297 4675 gtat.
331 4607 666 4666 Animantia
702 4626 839 4669 vero
883 4613 1022 4684 quid
1073 4620 1209 4669 sunt
1255 4613 1363 4669 nisi
1421 4615 1824 4683 animositates,

158 4707 379 4762 quarum
441 4698 617 4753 millia
676 4699 903 4757 infinita
975 4701 1244 4757 cordibus
1316 4700 1497 4757 solent
1557 4702 1827 4757 hnmanis

159 4794 401 4853 erepere
431 4784 460 4839 ?
489 4785 591 4840 Cui
629 4797 903 4845 consonat
943 4789 1096 4860 quod
1130 4790 1378 4856 animus,
1422 4790 1575 4845 unde
1608 4790 1824 4846 animo-

160 4868 261 4926 sias
310 4880 415 4939 est,
481 4873 732 4930 Graecam
786 4877 1003 4933 habens
1063 4878 1485 4949 etymologiam,
1522 4891 1556 4933 a
1601 4878 1828 4934 nomine

163 4959 275 5025 qod
327 4967 411 5015 est
453 4964 643 5015 ventus
702 4962 1019 5021 derivatur.
1085 4967 1158 5022 Et
1214 4966 1352 5036 quid
1418 4966 1823 5033 animositates,

164 5057 272 5113 qus
312 5054 391 5103 tot
447 5055 682 5119 tamque
745 5053 938 5108 varias
1006 5054 1345 5125 ineptasque
1412 5054 1684 5124 patimur,
1717 5054 1827 5110 nisi

165 5135 494 5192 vetositates
532 5140 1052 5210 congruentissime
1103 5142 1213 5197 dici
1263 5142 1489 5211 debent,
1536 5157 1669 5213 quae
1697 5143 1824 5212 qui-

167 5219 248 5275 det
282 5223 485 5280 inania
516 5239 623 5281 nos
646 5235 909 5297 appetere
949 5228 1207 5286 faciendo
1238 5245 1422 5302 usque
1451 5231 1523 5286 ad
1545 5231 1827 5301 crepitum

169 5312 506 5377 nosinﬂant.
552 5321 607 5370 et
652 5316 794 5372 nihil
834 5318 943 5374 nisi
984 5326 1281 5388 peccatum
1329 5319 1669 5389 explicant?
1698 5320 1829 5376 Haec

170 5406 408 5456 notatur
437 5416 602 5472 super
643 5408 863 5472 terram,
899 5405 1003 5462 hoc
1049 5407 1107 5463 in
1134 5415 1219 5464 est
1250 5414 1439 5477 terra;
1483 5423 1646 5478 super
1672 5408 1826 5463 enim

1932 4264 2125 4319 saeculi
2175 4262 2526 4333 prosperitas
2597 4259 2837 4317 uberius
2900 4261 3248 4316 cumuletur.
3302 4259 3464 4316 Unde
3505 4256 3640 4312 dici-

1933 4358 2066 4407 tur:
2115 4352 2303 4408 Oratio
2334 4353 2451 4420 ejus
2481 4354 2580 4420 fiat
2628 4353 2688 4404 in
2729 4355 3007 4419 peccatum
3046 4351 3209 4417 (Psal.
3265 4364 3415 4413 CVIII,
3470 4349 3545 4411 6),
3579 4344 3634 4400 id

1932 4444 2015 4492 est
2042 4452 2144 4508 pro
2173 4437 2308 4494 solis
2346 4436 2758 4507 temporalibus
2798 4443 2939 4491 oret.
2986 4425 3056 4491 Et
3106 4436 3182 4491 ibi
3215 4450 3227 4489 :
3288 4435 3640 4504 Confitebitur

1935 4526 2054 4591 tibi,
2118 4541 2237 4581 cum
2269 4526 2588 4591 bene/ecen's
2628 4526 2679 4578 ei
2721 4525 3103 4594 (Psal.x1.vm.
3160 4527 3263 4590 19).
3310 4524 3381 4579 Et
3425 4520 3638 4579 Judzeis

1933 4614 2265 4670 carnalibus
2294 4606 2454 4670 nihil
2488 4613 2546 4669 in
2596 4613 2717 4684 lege
2747 4612 2859 4668 nisi
2908 4612 3218 4682 temporale
3263 4612 3636 4682 promittitur.

1934 4701 2068 4757 Haec
2096 4701 2276 4756 herba
2302 4707 2368 4756 ut
2392 4714 2584 4756 semen
2630 4699 2859 4767 habeat,
2898 4704 3153 4754 mutetur
3194 4697 3453 4765 intentio,
3486 4711 3638 4767 qua-

1934 4797 2102 4846 tenus
2137 4804 2208 4846 ex
2239 4803 2306 4845 eo
2330 4788 2427 4845 alii
2471 4788 2860 4853 suscitentur;
2890 4788 3071 4843 solent
3113 4785 3264 4842 enim
3299 4785 3641 4842 intentiones

1934 4878 2265 4948 aliquorum
2292 4878 2511 4949 judicio
2544 4877 2643 4933 Dei
2684 4877 2841 4948 justo
2886 4883 2990 4931 aut
3014 4878 3225 4946 apertis
3254 4872 3505 4945 ﬂagitiis,
3538 4880 3641 4928 aut

1934 4967 2218 5036 apostasia
2265 4965 2522 5037 qualibet
2570 4971 2858 5036 patescere
2903 4964 3078 5020 etiam
3145 4963 3203 5019 in
3248 4961 3534 5034 praesenti,
3581 4968 3639 5017 et

1938 5055 2060 5111 ideo
2106 5055 2329 5111 fructus
2377 5055 2510 5110 inde
2556 5053 2755 5110 nullus
2808 5060 2911 5109 est.
2962 5052 3108 5108 Nam
3139 5053 3235 5108 vix
3288 5051 3640 5108 adhibentur

1935 5140 2219 5211 exemplo,
2254 5155 2501 5211 quorum
2540 5140 2671 5197 ﬂnis
2696 5140 2979 5210 reprobus
3008 5147 3110 5195 est.

2007 5229 2115 5284 Per
2144 5230 2296 5297 ligna
2326 5230 2603 5301 pomifera
2652 5228 2998 5300 spirituales,
3034 5242 3165 5298 quae
3192 5242 3304 5284 non
3349 5227 3460 5285 nisi
3490 5229 3639 5286 bono

1938 5317 2130 5374 animo
2152 5318 2314 5383 ﬂunt,
2356 5320 2662 5390 signantur
2710 5318 3121 5387 virtutes;ne.c
3169 5318 3336 5375 malis
3373 5333 3639 5375 commu-

1937 5422 2036 5464 nes
2081 5421 2202 5464 esse
2250 5414 2493 5478 queunt,
2544 5414 2609 5463 ut
2658 5414 2795 5463 sunt
2821 5406 3092 5474 charitas,
3163 5407 3480 5476 humilitas,
3534 5422 3640 5478 pa—

3568 146 3722 210 58'
