3884 6068
211 194 275 247 59
1121 189 1176 242 V.
1217 187 1548 244 GUIBERTI
1577 186 1868 242 ABBATIS
1906 186 1968 243 S.
2015 185 2253 241 MARUE
2292 187 2382 242 DE
2424 185 2810 242 NOVIGENTO
3653 183 3731 235 60

210 329 427 398 tientia,
461 337 515 387 et
544 329 690 398 alias,
724 343 855 401 quae
884 335 938 384 et
969 339 1246 399 magnum
1278 327 1336 383 in
1376 341 1435 382 se
1465 327 1644 383 robur
1691 326 1904 381 habent
1928 327 1975 380 Α
2013 324 2176 380 nobis
2225 324 2577 396 supervenit,
2629 323 2771 394 quid
2810 322 3048 394 spiritus
3092 322 3387 394 malignus
3433 319 3728 392 suggerit,

209 419 562 486 constantia,
629 425 685 475 et
756 417 996 487 gloriam
1054 415 1422 483 excellentiae,
1481 422 1536 472 et
1604 415 1906 470 utilitatem

214 507 439 564 fructus
501 508 570 563 de
622 506 954 562 imitatione.
1022 505 1093 560 Et
1155 520 1404 575 quaeque
1459 513 1649 560 tamen
1696 505 1906 559 harum

209 601 489 652 sementem
521 596 668 652 infra
698 611 756 652 se
793 595 1018 662 habeat,
1054 601 1118 650 ut
1150 609 1267 649 non
1301 608 1401 663 pro
1425 593 1680 650 externis
1711 593 1903 659 rebus,

210 684 307 739 sed
337 699 437 754 pro
464 685 646 739 salute
671 684 761 739 sui
784 690 1021 748 aeterna,
1056 681 1276 737 bonum
1309 680 1498 750 ipsum
1530 681 1683 752 quod
1714 683 1908 751 agitur

210 771 326 828 ﬁat.
378 771 726 828 Volucribus
777 785 932 840 ergo,
986 769 1042 824 id
1089 777 1172 824 est
1233 770 1546 825 eminentia
1590 769 1908 825 sanctitatis

209 858 479 928 praeditis,
513 865 566 914 et
613 859 983 912 animantibus
1021 857 1372 927 quibusque,
1423 857 1634 913 scilicet
1673 871 1745 914 ex
1797 857 1906 913 ﬁde

208 947 556 1013 viventibus,
592 947 690 1017 qui
711 955 900 1002 motus
922 945 1136 1001 habent
1169 945 1330 1000 bonae
1362 946 1622 1013 actionis,
1650 946 1705 1001 in
1733 954 1901 1013 terra,

209 1035 263 1091 id
293 1042 396 1101 est,
421 1035 477 1091 in
509 1036 864 1092 exhibitione
892 1048 1162 1105 corporea
1191 1035 1406 1091 dantur
1436 1036 1506 1090 ad
1533 1036 1902 1097 vescendum,

208 1125 279 1179 ad
310 1138 495 1180 mores
524 1123 807 1189 videlicet,
859 1123 1237 1193 animumque
1275 1137 1448 1180 suum
1494 1123 1600 1194 piis
1627 1123 1906 1194 exemplis

212 1211 412 1268 talium
444 1212 854 1268 roborandum.

282 1301 467 1357 Potest
513 1309 567 1357 et
635 1315 733 1371 per
781 1300 1019 1362 herbam,
1065 1314 1197 1370 qum
1247 1314 1336 1355 res
1385 1299 1527 1355 levis
1567 1306 1667 1369 est,
1719 1299 1907 1355 activa

210 1387 327 1444 vita
355 1388 594 1459 signari,
632 1403 762 1459 quae
795 1388 952 1444 omni
996 1388 1093 1442 Dei
1145 1387 1352 1458 populo
1410 1396 1596 1458 patet;
1627 1403 1727 1458 per
1757 1390 1906 1456 ligna

209 1491 342 1532 vero
372 1491 600 1532 summa
644 1476 776 1533 vitae
824 1477 1301 1547 contemplativa,
1337 1477 1393 1532 in
1421 1491 1539 1547 qua
1563 1477 1728 1547 pauci
1764 1477 1906 1533 litte-

209 1571 487 1629 ratorum,
540 1565 939 1621 illiteratorum
989 1579 1124 1621 vero
1172 1565 1361 1621 nescio
1406 1579 1481 1621 an
1529 1566 1661 1636 quis
1701 1565 1907 1622 mentis

209 1651 408 1723 pedem
441 1651 673 1724 afﬁgere
723 1652 914 1723 possit.
969 1654 1086 1710 Hoc
1129 1653 1186 1710 in
1221 1655 1658 1711 Deuteronomio
1699 1655 1902 1711 intelli-

211 1740 368 1810 gitur
401 1755 501 1811 per
541 1741 595 1796 id
626 1741 781 1812 quod
821 1741 1177 1812 prohibetur,
1207 1757 1278 1799 ne
1308 1743 1459 1814 quis,
1493 1743 1580 1798 vel
1613 1743 1670 1798 in
1703 1744 1906 1799 arbore

209 1829 327 1884 sive
386 1836 537 1885 terra
598 1830 780 1899 posita
830 1844 940 1886 ova
984 1845 1086 1886 seu
1144 1831 1330 1900 pullos
1375 1831 1623 1902 capiens,
1675 1832 1734 1887 in
1773 1832 1906 1888 nido

210 1922 451 1972 matrem
485 1915 575 1972 his
606 1916 973 1974 incubantem
1004 1919 1214 1988 pariter
1242 1918 1428 1988 rapiat
1461 1918 1635 1990 (Deut.
1667 1934 1798 1984 xxn,
1829 1917 1902 1988 6),

213 2011 276 2060 ut
306 2004 475 2074 longo
523 2013 856 2062 mereantur
894 2006 1087 2062 vivere
1135 2014 1404 2076 tempore.
1457 2008 1525 2063 Et
1571 2015 1655 2062 est
1684 2014 1908 2062 senten-

212 2092 327 2149 tia:
360 2093 567 2150 Nostra
595 2109 754 2150 mens
798 2109 930 2151 cum
961 2103 1062 2152 aut
1108 2110 1218 2151 ova
1261 2096 1422 2151 bonze
1468 2095 1826 2167 cogitationis
1853 2103 1909 2151 et

213 2181 486 2252 propositi
519 2183 688 2250 fovet,
742 2191 844 2240 aut
887 2185 1050 2240 bonae
1099 2184 1194 2240 sed
1244 2192 1451 2240 tenerae
1486 2185 1677 2240 adhuc
1705 2199 1905 2255 opera-

212 2271 383 2326 tionis
415 2271 600 2341 pullos
644 2287 824 2342 usque
855 2272 928 2328 ad
971 2288 1295 2344 congruum
1341 2273 1699 2343 perfectionis
1729 2275 1909 2330 robur

213 2358 429 2428 nutrit;
477 2359 523 2415 si
569 2359 700 2430 quis
752 2366 851 2415 ιλιι
893 2361 1240 2431 experiendo
1293 2361 1605 2432 pervideat,
1660 2369 1714 2418 et
1755 2363 1908 2432 piam

212 2447 588 2516 voluntatem,
621 2455 675 2505 et
716 2463 861 2519 opus
892 2448 1223 2520 religiosum
1273 2457 1464 2506 tenere
1499 2449 1775 2507 imitando
1807 2465 1908 2520 po-

213 2541 335 2596 test.
393 2536 489 2592 sed
550 2543 812 2604 matrem,
863 2537 920 2592 id
970 2544 1053 2593 est
1099 2536 1504 2594 conscientiam
1558 2538 1846 2608 operantis
1877 2552 1911 2594 a

213 2625 359 2680 bono
406 2632 585 2694 coepto
631 2625 940 2694 dimovere,
993 2633 1095 2682 aut
1141 2626 1430 2683 dehortari
1478 2641 1593 2682 non
1645 2627 1830 2694 debet,
1865 2627 1909 2684 si

213 2720 493 2769 aeternum
541 2713 778 2770 feliciter
823 2713 1017 2770 vivere
1065 2714 1234 2770 volet.
1295 2714 1400 2771 Per
1457 2722 1666 2772 terram
1719 2724 1909 2772 autem

213 2801 476 2869 actualis,
540 2816 639 2872 per
705 2803 966 2858 arborem
1027 2817 1162 2859 vero
1215 2803 1332 2860 vita
1393 2804 1907 2874 contemplationis,

214 2890 370 2960 quod
391 2889 515 2945 istic
537 2904 637 2960 per
657 2889 892 2946 herbam
917 2900 971 2946 et
999 2891 1260 2947 arborem
1285 2891 1542 2949 diximus
1575 2894 1836 2964 ﬁgurari.

287 2979 453 3036 Vens.
489 2980 575 3033 3i.
631 3008 701 3018 —
747 2981 817 3034 Et
859 2980 1001 3034 vidit
1049 2981 1187 3034 Deus
1216 2986 1408 3035 cuncta
1442 2997 1561 3050 quae
1602 2984 1826 3048 fecerat,
1859 2987 1909 3037 et

213 3073 369 3122 erant
386 3066 544 3121 valde
584 3067 739 3122 bona.
770 3067 954 3136 Videt,
1000 3075 1064 3124 ut
1093 3068 1347 3126 diximus
1369 3066 1572 3141 "supra,
1619 3078 1674 3127 et
1702 3071 1909 3141 saepius

213 3163 319 3222 est,
371 3155 564 3211 videre
609 3170 713 3210 nos
768 3155 917 3212 facit.
956 3155 1162 3213 Videre
1208 3165 1401 3214 autem
1451 3167 1712 3216 nostrum
1761 3159 1908 3215 sicut

213 3242 394 3313 ipsius
424 3244 523 3300 Dei
545 3243 862 3314 approbare
885 3251 987 3311 est,
1020 3244 1160 3315 quia
1194 3244 1330 3301 dum
1366 3261 1650 3302 summam
1678 3246 1909 3303 virtutis

215 3331 572 3403 attingimus,
605 3333 681 3387 ita
715 3333 770 3387 in
808 3340 1078 3389 naturam
1110 3333 1354 3390 vertitur
1383 3335 1516 3392 boni
1539 3350 1717 3401 amor,
1755 3341 1836 3400 ut,
1859 3333 1906 3388 si

214 3421 384 3476 etiam
437 3420 672 3492 impune
726 3435 960 3492 peccare
1007 3421 1220 3488 liceret,
1266 3438 1570 3495 nunquam
1607 3424 1835 3478 animus
1875 3436 1907 3476 a

216 3509 350 3565 recti
380 3516 575 3566 tenore
595 3511 841 3580 gradum
873 3510 1208 3568 deﬂecteret.
1261 3511 1535 3569 Videmus
1574 3525 1710 3581 ergo
1757 3509 1908 3566 bona

216 3612 348 3669 quae
377 3599 528 3654 Deus
551 3599 755 3655 indidit
787 3599 971 3662 nobis,
1022 3599 1073 3654 id
1107 3607 1192 3656 est
1240 3599 1631 3670 intelligimus.
1665 3599 1825 3654 Unde
1853 3607 1908 3655 et

217 3694 413 3744 sextus
441 3686 559 3742 dies
587 3687 856 3754 occurrit,
887 3694 942 3743 et
973 3687 1184 3758 pariter
1210 3705 1241 3744 e
1270 3689 1500 3759 regione
1528 3693 1688 3743 sexta
1720 3689 1907 3760 gratia

218 3775 462 3846 Spiritus
490 3775 808 3832 intellectus
851 3776 1061 3833 illuxit.
1113 3777 1257 3834 Cum
1297 3778 1444 3832 Deus
1473 3790 1591 3831 suae
1617 3775 1903 3834 hominem

219 3864 457 3936 imagini
496 3865 942 3936 conﬁguratum,
991 3873 1055 3922 ut
1100 3867 1247 3922 inter
1311 3865 1487 3934 pisces
1525 3871 1580 3920 et
1628 3865 1902 3931 volatilia,

217 3967 569 4023 rursumque
598 3953 822 4023 reptilia
848 3954 1199 4012 discreturus
1224 3951 1678 4016 lintellectualcm
1709 3969 1908 4024 quam-

218 4042 348 4096 dam
380 4042 710 4098 cathedram
759 4043 1010 4112 haberet,
1039 4043 1174 4114 jura
1195 4040 1398 4112 judicii
1449 4041 1736 4111 possidere
1773 4043 1901 4114 jus-

219 4130 401 4197 sisset,
457 4137 744 4200 quatenus
801 4132 1015 4202 quibus
1077 4128 1398 4187 transitorie
1457 4129 1561 4194 uti,
1621 4131 1908 4200 quibusve

2017 414 2156 485 quid
2187 414 2377 470 carnis
2408 413 2725 484 petulantia
2754 428 2827 470 ex
2872 427 2931 468 se
2979 412 3321 468 naturaliter
3350 410 3514 481 parit.
3547 407 3732 479 Operi

2017 503 2211 572 itaque
2237 503 2344 559 diei
2375 503 2553 574 hujus
2579 503 2659 557 nil
2692 502 2926 558 omnino
2947 500 3137 572 aptius
3158 500 3445 570 competit,
3478 497 3730 568 quando

2016 589 2185 644 homo
2235 590 2545 659 praeficitur
2592 588 2960 658 disponendis
3015 587 3313 652 creaturis,
3347 600 3526 658 quam
3557 583 3729 656 quod

2014 677 2210 734 lumen
2244 685 2458 747 pariter
2488 678 2644 734 adest
2665 676 3050 732 clarissimum
3078 675 3453 732 discretionis.

2084 769 2214 824 CAP.
2251 768 2321 832 II,
2356 783 2508 821 vens.
2566 771 2613 820 l.
2652 768 2833 833 Igitur
2876 769 3107 836 perfecti
3134 771 3262 820 sunt
3303 766 3420 820 ορειί
3447 769 3497 818 et
3544 769 3727 831 terra,

2014 861 2064 911 et
2109 857 2280 910 omnis
2326 861 2550 910 ornatus
2599 871 2798 910 eorum.
2846 854 2982 911 Coeli
3025 854 3424 925 perﬁciuntur,
3480 853 3729 924 quando

2015 951 2231 999 mentes
2262 943 2515 999 ﬁdelium
2564 943 2692 999 totis
2721 943 2959 999 rationis
2996 943 3221 998 viribus
3250 942 3459 998 divinae
3488 941 3725 1011 sapien-

2015 1032 2106 1088 tiae
2140 1032 2524 1102 applicantur.
2565 1032 2738 1087 Terra
2790 1031 3103 1102 perﬁcitur,
3159 1045 3313 1096 cum,
3357 1030 3487 1086 totis
3515 1028 3727 1100 sopitis

2012 1121 2297 1192 perversis
2323 1121 2588 1187 motibus,
2625 1120 2862 1176 rationis
2895 1118 3177 1176 voluntati
3219 1133 3353 1174 caro
3384 1118 3721 1188 subjicitur.

2014 1209 2120 1265 Sed
2151 1210 2283 1280 quis
2317 1209 2374 1264 in
2405 1223 2577 1265 carne
2615 1207 2841 1264 mortali
2882 1207 3097 1278 positus
3146 1208 3266 1263 haec
3296 1207 3366 1262 ad
3399 1206 3725 1276 perfectum

2013 1297 2278 1368 expleat?
2309 1298 2484 1354 Nemo
2531 1297 2704 1352 Paulo
2750 1296 2969 1362 melior,
3005 1297 3106 1367 qui
3137 1295 3292 1351 videt
3334 1295 3506 1350 aliam
3533 1293 3726 1366 legem

2015 1385 2073 1440 in
2105 1385 2376 1441 membris
2412 1385 2532 1440 suis
2574 1392 2995 1456 repugnantem
3030 1384 3137 1457 legi
3169 1385 3373 1440 mentis
3405 1384 3579 1454 (Rom.
3616 1399 3725 1448 v11,

2013 1477 2126 1545 23),
2175 1475 2276 1544 qui
2322 1473 2587 1544 sequitur
2631 1474 2679 1530 si
2741 1475 3205 1544 comprehendat,
3264 1473 3366 1543 qui
3411 1487 3446 1528 a
3490 1487 3547 1528 se
3599 1487 3727 1527 non

2014 1563 2330 1620 arbitratur
2383 1563 2885 1633 comprehendisse
2933 1563 3096 1631 (Phil.
3154 1579 3233 1630 lli,
3285 1563 3390 1629 1'2).
3446 1563 3517 1618 Et
3582 1561 3727 1632 quis

2013 1653 2152 1709 adeo
2197 1665 2387 1708 socors
2441 1652 2605 1708 Pauli
2671 1651 3002 1723 perfectioni
3049 1651 3281 1722 deroget
3318 1652 3348 1705 ?
3386 1652 3509 1722 Ipse
3559 1651 3727 1707 enim

2013 1741 2154 1798 nihil
2179 1740 2290 1796 sibi
2341 1741 2603 1798 conscius
2650 1749 2753 1809 est,
2804 1740 2900 1797 sed
2950 1754 3063 1796 non
3107 1739 3165 1795 in
3216 1741 3321 1796 hoc
3362 1740 3725 1810 justiﬁcatus

2011 1838 2094 1888 est
2122 1833 2170 1897 (Ι
2213 1832 2330 1887 Cor.
2393 1847 2466 1898 xv,
2517 1831 2592 1901 4).
2632 1830 2910 1886 Perfectos
2952 1835 3147 1885 autem
3193 1829 3437 1886 dicimus
3483 1837 3724 1885 sanctos

2011 1919 2188 1988 viros,
2231 1919 2290 1974 in
2335 1927 2624 1989 quantum
2667 1919 2884 1989 patitur
2931 1917 3240 1988 corporalis
3295 1917 3616 1984 inﬁrmitas,
3656 1919 3720 1974 in

2013 2023 2131 2079 qua
2163 2008 2427 2078 quandiu
2451 2015 2607 2075 sunt,
2638 2008 2757 2064 fieri
2796 2022 2910 2063 non
2943 2014 3124 2078 potest
3154 2014 3218 2064 ut
3249 2007 3321 2063 ad
3346 2021 3472 2063 eam
3509 2007 3720 2076 animi,

2014 2095 2320 2166 carnisque
2347 2096 2561 2166 possint
2584 2096 2862 2165 attingere
2894 2109 3112 2165 pacem,
3161 2109 3336 2166 quam
3367 2103 3469 2151 aut
3498 2095 3723 2150 habent

2014 2185 2226 2256 angeli,
2261 2194 2360 2241 aut
2391 2185 2642 2241 habituri
2677 2191 2814 2241 sunt
2842 2192 2968 2254 post
2997 2186 3472 2241 resurrectionem
3511 2185 3718 2241 sancti.

2013 2273 2265 2330 Ornatus
2311 2281 2503 2329 autem
2548 2286 2747 2328 eorum
2813 2280 2897 2329 est
2959 2273 3246 2344 quidquid
3308 2272 3381 2328 ad
3437 2272 3707 2328 virtutetr.

2015 2362 2194 2419 animi
2257 2370 2359 2418 aut
2425 2363 2775 2417 honestatem
2838 2362 3112 2432 corporis,
3177 2369 3278 2418 aut
3342 2375 3441 2431 per
3502 2362 3704 2418 horun

2018 2464 2188 2520 opera
2242 2450 2468 2505 dierum
2532 2448 2818 2518 innuitur,
2881 2458 2982 2507 aut
3053 2450 3193 2506 alias
3254 2450 3490 2518 legendo
3547 2465 3700 2519 repe-

2018 2539 2186 2595 ritur.

2088 2627 2256 2684 Vsus.
2280 2628 2332 2680 2.
2384 2654 2451 2664 ——
2497 2626 2906 2695 Complevitque
2969 2627 3116 2682 Deus
3157 2627 3244 2681 die
3304 2628 3530 2696 septimo
3576 2639 3705 2694 opus

2016 2729 2172 2769 suum
2205 2712 2348 2782 quod
2392 2714 2615 2779 fecerat,
2667 2719 2716 2768 et
2758 2716 3023 2785 requievit
3072 2714 3158 2768 die
3205 2717 3428 2784 septimo
3466 2715 3534 2769 ab
3565 2715 3706 2769 omni

2015 2819 2171 2874 opere
2217 2801 2362 2872 quod
2406 2807 2684 2871 patrarat.
2733 2802 2972 2869 Quando
3019 2818 3124 2859 nos
3170 2803 3469 2874 quidpiam
3515 2815 3704 2873 opera-

2015 2905 2166 2957 mur,
2197 2890 2320 2960 ipsa
2360 2889 2448 2946 die
2480 2905 2599 2961 qua
2639 2891 2989 2961 perﬁcimus,
3039 2892 3159 2961 ipsa
3193 2892 3381 2962 potius
3407 2907 3573 2963 quau
3604 2903 3702 2945 se-

2016 2978 2214 3050 quenti
2235 2993 2338 3035 nos
2369 2979 2680 3049 complesse
2708 2994 2854 3050 opus
2871 2980 3135 3036 dicimus.
3160 2982 3231 3036 Et
3253 2981 3393 3052 quid
3423 2978 3700 3053 sigriﬁcat

2016 3067 2168 3138 quod
2194 3069 2344 3124 Deus
2369 3083 2482 3124 non
2512 3075 2693 3135 sexta,
2727 3069 2823 3124 sed
2845 3069 3084 3140 septima
3109 3070 3199 3125 die
3235 3083 3410 3141 opera
3437 3069 3696 3138 explicat,

2016 3155 2120 3212 nisi
2153 3157 2309 3227 quod
2339 3157 2471 3213 vitae
2520 3157 2816 3227 praesentis
2862 3166 3060 3216 sancta
3090 3174 3221 3230 quae
3264 3174 3363 3230 per
3408 3174 3500 3216 nos
3525 3157 3702 3213 efﬁcit

2014 3245 2307 3312 exercitia,
2357 3260 2473 3301 non
2525 3249 2581 3301 in
2622 3247 2729 3302 hoc
2767 3254 3039 3317 tempore,
3101 3263 3230 3318 quae
3277 3257 3438 3305 sexta
3484 3246 3701 3303 dicitur

2014 3341 2170 3400 retas,
2201 3335 2296 3390 sed
2325 3335 2384 3390 in
2410 3335 2672 3405 septima,
2700 3335 2779 3405 -_in
2811 3350 2929 3407 qua
2968 3336 3352 3393 sabbatismus
3380 3349 3699 3392 anmarum

2015 3421 2226 3492 populo
2268 3423 2365 3478 Dei
2411 3430 2604 3489 restat,
2655 3437 2786 3479 cum
2852 3425 3154 3494 praemium
3211 3425 3522 3490 reddiderit,
3556 3431 3699 3480 tunc

2015 3511 2330 3567 terminat?
2380 3511 2525 3567 Nam
2573 3513 2838 3583 quandiu
2881 3513 2940 3568 in
2980 3515 3087 3569 hoc
3117 3515 3381 3586 degimus
3409 3513 3637 3580 saeculo,
3662 3528 3698 3568 a

2013 3598 2157 3654 bene
2205 3599 2428 3670 agendo
2474 3601 2731 3670 requiem
2783 3615 2897 3656 non
2955 3616 3262 3672 possumus
3324 3602 3540 3666 habere,
3592 3616 3699 3657 nec

2014 3684 2305 3741 debemus.
2359 3686 2424 3741 In
2472 3687 2714 3756 septima
2758 3695 2951 3744 autem
2997 3689 3200 3744 mundi
3238 3697 3390 3758 aetat:
3437 3702 3470 3743 a
3503 3687 3696 3744 labore

2012 3775 2302 3842 laxantur,
2337 3774 2477 3845 quia
2497 3775 2668 3846 juxta
2699 3776 2839 3832 illud
2864 3777 2969 3834 Job
2995 3793 3006 3832 :
3039 3780 3102 3832 In
3131 3781 3358 3848 septima
3378 3795 3484 3833 non
3516 3783 3694 3843 tanget

2011 3878 2107 3918 nos
2145 3865 2348 3918 malum
2391 3863 2531 3932 (Job.
2584 3878 2639 3927 v,
2687 3865 2820 3936 l9);
2874 3866 2972 3922 ubi
3019 3867 3248 3934 mensis,
3289 3867 3343 3922 id
3383 3873 3469 3923 est
3512 3865 3694 3936 perfe-

2013 3952 2124 4008 ctio
2157 3951 2546 4021 beatitudinis,
2571 3953 2678 4010 erit
2718 3954 2948 4024 perfecti
2998 3954 3209 4012 laboris
3240 3971 3446 4024 mense,
3473 3963 3530 4011 et
3556 3954 3688 4010 Sab-

2014 4041 2214 4097 batum
2245 4048 2470 4097 aeternae
2504 4042 2724 4112 requiei
2752 4044 2934 4112 nobis,
2959 4045 3060 4115 qui
3088 4045 3476 4115 requievimus
3506 4057 3538 4099 a
3569 4056 3692 4114 per-

2013 4142 2179 4185 verso
2199 4144 2385 4200 opere.
2416 4130 2482 4185 In
2525 4131 2632 4186 hac
2659 4146 2796 4204 ergo
2823 4133 2940 4188 vita
2989 4144 3211 4202 tempus
3235 4142 3316 4190 est
3341 4131 3687 4204 agonizand,

219 4218 561 4275 mternaliter
590 4219 703 4276 frui
733 4221 982 4289 deberet,
1015 4219 1216 4284 sciret;
1245 4224 1300 4272 et
1332 4232 1462 4287 quae
1497 4218 1554 4273 in
1600 4233 1658 4275 se
1687 4233 1904 4290 rapere,
1941 4228 1982 4281 D
2023 4216 2137 4273 illic
2164 4218 2328 4273 nobis
2371 4226 2544 4275 restat
2581 4221 2866 4276 aeternitas
2911 4222 3242 4277 coronandi.
3283 4223 3512 4279 Vanum
3553 4218 3688 4277 enin

220 4307 434 4377 quibus
477 4322 536 4364 se
583 4308 908 4378 informare,
965 4323 1095 4378 qua:
1153 4304 1256 4361 sibi
1304 4306 1572 4377 subigere
1621 4306 1909 4377 quibusve

219 4395 503 4452 dominari
569 4406 870 4467 oporteret,
939 4401 1289 4465 agnosceret.
1357 4394 1502 4462 Quid
1564 4395 1910 4452 eminentius

219 4492 342 4554 post
398 4484 732 4555 dignitatem
782 4481 1136 4556 Spiritualem
1186 4483 1322 4539 dare
1361 4483 1412 4540 ei
1446 4483 1647 4554 potuit,
1697 4483 1806 4540 nisi
1846 4491 1914 4541 ut

219 4572 553 4643 angelorum
593 4570 1012 4645 quodammodo
1039 4584 1318 4641 suppares
1364 4572 1617 4629 faceret?
1651 4573 1707 4629 Si
1754 4573 1906 4629 enim

219 4659 464 4717 dicimus
489 4663 643 4732 quod
670 4664 725 4716 in
755 4662 860 4716 hoc
890 4657 1082 4714 bestiis
1114 4660 1549 4729 praeeminemus
1573 4662 1729 4732 quod
1753 4661 1910 4732 loqui

221 4763 545 4818 possumus,
575 4747 882 4820 respondeo
932 4747 1164 4817 quidem
1212 4764 1280 4804 ex
1315 4756 1475 4819 parte
1525 4764 1728 4806 verum
1770 4751 1908 4818 fore,

221 4837 316 4892 sed
347 4837 390 4892 si
421 4839 790 4899 advertimus,
826 4833 1076 4903 profecto
1109 4835 1437 4894 invenimus
1460 4838 1601 4909 quia
1622 4839 1722 4895 vix
1753 4839 1914 4897 nobis

220 4924 438 4996 aliquid
472 4926 712 4981 invicem
744 4921 1013 4979 disertius
1033 4923 1318 4995 loquendo
1350 4925 1706 4995 intimamus,
1734 4943 1911 4999 quam

221 5013 330 5071 illae
352 5013 664 5072 secundum
697 5024 870 5068 suum
899 5012 1147 5086 [modum
1189 5021 1353 5085 gestu
1397 5028 1463 5071 ac
1493 5016 1752 5072 vocibus.
1785 5017 1910 5073 Non

220 5117 355 5176 ergo
402 5105 524 5160 haec
571 5098 893 5158 differentia
935 5117 1143 5172 magne
1187 5102 1478 5159 laudanda
1529 5111 1633 5172 est,
1679 5104 1777 5160 sed
1816 5103 1912 5158 illa

220 5203 600 5261 summopere,
636 5203 754 5258 qua
800 5205 899 5260 per
946 5191 1380 5262 intelligentiam
1417 5191 1512 5247 Dei
1543 5199 1598 5248 et
1628 5192 1909 5247 bonorum

222 5281 440 5352 angelis
483 5279 917 5336 concordamus.
958 5281 1090 5335 Haec
1117 5287 1200 5336 est
1229 5295 1360 5352 quae
1391 5281 1463 5336 ab
1506 5280 1774 5349 Apostolo
1805 5294 1912 5350 ap-

223 5370 467 5440 pellatur
529 5366 790 5425 discretio
851 5367 1184 5438 spirituum,
1233 5382 1352 5439 qua
1397 5367 1656 5424 videlicet
1700 5368 1908 5425 intelle-

215 5455 390 5514 ctuali
441 5455 627 5524 palato
684 5457 942 5529 sapimus
1010 5459 1060 5527 (Ι
1101 5460 1222 5515 Cor.
1267 5473 1362 5522 ιιι,
1416 5456 1500 5522 10)
1543 5455 1682 5528 quid
1732 5471 1767 5513 a
1798 5458 1910 5514 Deo

2020 4305 2182 4361 nobis
2205 4306 2367 4362 debet
2399 4307 2581 4364 videri
2612 4316 2742 4364 ante
2774 4309 2916 4365 illud
2943 4324 3109 4366 mane
3143 4310 3432 4374 ultimum,
3463 4324 3579 4381 quo
3609 4308 3687 4364 Dii

2019 4394 2465 4452 misericordiam
2512 4411 2644 4453 cum
2690 4398 2990 4454 Psalmista
3037 4413 3242 4456 sumus
3282 4398 3560 4467 audituri,
3592 4412 3686 4469 qu)

2019 4483 2170 4538 Deus
2199 4483 2546 4540 illuminabit
2575 4485 2908 4541 abscondita
2944 4486 3203 4542 cordium
3244 4488 3408 4558 (Psal.
3436 4503 3595 4554 chn,
3629 4489 3711 4555 3,.

2019 4572 2079 4628 in
2110 4574 2473 4629 securitatem
2507 4575 2764 4645 aliquam
2795 4576 2863 4631 de
2899 4575 3051 4631 bona
3098 4585 3296 4633 nostra
3325 4577 3545 4633 actione
3573 4591 3684 4633 surL

2019 4676 2172 4732 gere,
2221 4661 2278 4718 id
2325 4670 2428 4730 est,
2474 4663 2656 4734 erigi;
2705 4664 2802 4718 sed
2852 4672 3154 4735 postquam
3204 4665 3261 4720 in
3302 4666 3410 4721 hac
3451 4665 3682 4721 conval'e

2019 4750 2428 4820 lacrymarum,
2461 4765 2593 4820 quae
2632 4751 2790 4807 locus
2831 4759 2915 4807 est
2955 4766 3098 4808 auro
3123 4753 3371 4820 Arabia,
3405 4753 3459 4809 id
3490 4759 3574 4809 est
3599 4753 3680 4809 ht-

2019 4838 2256 4895 milibus
2283 4838 2494 4905 electis,
2547 4838 2602 4894 in
2637 4853 2753 4908 quo
2800 4839 3141 4906 conflentur,
3189 4848 3245 4896 et
3278 4839 3450 4910 juxta
3502 4840 3678 4896 Dania-

2019 4926 2130 4982 lem
2165 4926 2504 4982 dealbentur
2533 4927 2702 4994 (Dan.
2752 4943 2828 4992 x1,
2863 4929 2970 4996 35),
3019 4928 3353 4996 sederimus,
3381 4929 3437 4984 in
3476 4928 3682 4985 humii-

2020 5023 2134 5073 tate
2167 5015 2380 5071 scilicet
2413 5029 2517 5071 nos
2557 5015 3024 5085 depresserimus,
3062 5025 3200 5073 tunc
3248 5016 3680 5088 surgendum,id

2019 5112 2100 5160 est
2131 5105 2201 5160 ad
2229 5104 2469 5174 gloriam
2504 5104 2876 5174 aspirandum
2919 5106 3084 5161 nobis
3109 5113 3210 5172 est,
3243 5107 3345 5178 qui
3377 5107 3433 5162 in
3459 5107 3549 5162 his
3576 5118 3681 5178 qia-

2021 5193 2290 5263 draginta
2336 5193 2504 5250 annis
2555 5193 2842 5250 desertum
2909 5195 3160 5250 Idumeae
3216 5193 3677 5263 inhabitando,de

2022 5297 2138 5353 quo
2169 5281 2378 5339 clamat
2427 5283 2646 5338 David:
2699 5285 2858 5347 Deus,
2908 5285 3044 5338 Deus
3079 5298 3246 5350 meus,
3295 5284 3370 5338 ad
3411 5290 3461 5340 te
3497 5283 3676 5338 de‘uce

2021 5369 2189 5438 vigilo
2219 5370 2380 5439 (Psal.
2416 5385 2546 5436 Lm,
2579 5369 2666 5440 2);
2719 5369 2836 5426 solo
2867 5369 3195 5440 spiritualis.
3225 5385 3452 5427 mannae
3483 5368 3670 5443 pabllo,

2022 5457 2330 5528 Scripturis
2359 5458 2571 5514 scilicet
2599 5457 2777 5513 sacris
2806 5456 3178 5526 delectamur,
3207 5465 3262 5515 et
3285 5473 3490 5529 panem
3523 5466 3671 5514 tanen
