3884 6068
128 187 199 238 61
1353 181 1714 241 MORALIUM
1753 182 1829 239 IN

1964 182 2171 242 NESIN
2212 184 2352 242 LIB.
2398 184 2471 241 II.
3142 234 3143 237 η
3597 188 3666 240 62

129 318 368 376 doloris
418 317 842 374 manducamus
906 318 1075 382 (Psal.
1127 333 1309 386 cxxvr,
1360 318 1438 390 2),
1504 319 1644 391 quia
1702 326 1853 377 totus
1881 322 1928 377 Α
1967 319 2342 392 prolongatus
2370 327 2453 377 est
2493 321 2663 390 (Psal.
2696 337 2839 388 cxrx,
2890 322 3005 391 20),
3039 318 3346 392 phrenesin
3380 320 3659 393 gaudium

130 414 349 463 noster
375 406 556 463 lectus
591 405 650 461 in
677 413 875 462 nostra
903 405 1238 462 infirmitate
1267 414 1571 477 versatur;
1604 416 1659 465 et
1687 411 1855 479 panis

131 495 245 551 illo
283 509 389 566 pro
419 510 539 565 quo
552 494 796 564 reprobi,
821 494 996 564 juxta
1022 495 1345 563 Jeremiam,
1370 498 1612 552 Pretiosa
1632 514 1856 570 quaeque

131 584 423 640 dederunt
468 584 685 653 (Thrcn.
731 600 765 646 ι,
805 583 915 653 ll),
974 597 1076 653 pro
1123 584 1422 654 temporali
1471 585 1731 644 videlicet
1761 604 1855 645 vo-

133 672 375 743 luptate
414 671 758 728 insumenda
803 685 969 727 suam
1020 671 1278 743 ipsorum
1309 673 1552 731 salutem
1603 676 1693 732 vel
1723 677 1855 733 ani-

134 775 275 817 mas
304 760 713 829 vendiderunt,
766 760 824 816 in
868 761 988 817 vita
1037 768 1235 817 nostra
1264 762 1325 818 fit
1358 764 1521 820 nobis
1551 764 1855 822 abomina-

132 849 305 918 bilis,
342 850 457 906 heu
510 849 676 906 nobis
708 849 1150 917 conclamantes,
1184 848 1323 920 quia
1354 850 1635 908 incolatus
1664 859 1857 908 noster

1958 408 2233 465 S$CUI3PC
2290 417 2575 479 putantes,
2653 416 2708 466 et
2772 425 2997 467 ΟΟῙἾΠΙΞΒ
3063 424 3297 466 causam
3363 424 3661 480 pressuras

1960 504 2135 568 atque
2168 497 2409 555 dolores.
2445 498 2528 553 Ad
2587 499 2738 554 hanc
2786 499 2965 569 igitur
2991 505 3090 554 τε
3135 497 3434 569 septimam
3484 499 3657 567 diem,

1961 584 2016 641 id
2044 593 2146 649 est,
2177 587 2644 656 perfectissimam
2685 586 2872 643 lucem
2906 601 3036 642 cum
3075 586 3529 656 pervenerimus,
3567 586 3661 642 ium

1960 688 2234 744 supremo
2266 674 2474 746 gradu,
2518 675 2621 746 qui
2651 682 2735 731 est
2779 674 3094 746 sapientize,
3143 675 3338 745 pedem
3368 672 3547 729 animi
3579 674 3661 730 lo-

1962 763 2241 831 cabimus,
2271 762 2411 835 quia
2447 763 2702 819 irradiati
2738 764 2860 820 sine
2893 764 3023 830 line,
3057 771 3111 820 et
3142 762 3318 819 ullius
3350 762 3660 833 interpola-

1963 852 2114 909 tione
2141 851 2457 922 spiritualis
2486 852 2708 922 vesperi
2742 852 2923 909 Deum
2950 852 3259 924 sapiemus.
3292 850 3494 907 Amen.

1288 1230 1643 1306 INCIPIT
1697 1232 1982 1306 LIBER
2042 1232 2541 1307 SECUNDUS

958 1429 1815 1537 MORALIUM
1911 1431 2072 1536 IN
2172 1430 2871 1537 GENESIN.

1747 1659 2055 1675 —

221 1827 523 1898 Superiori
555 1834 877 1884 commento
933 1833 1237 1899 postquam
1278 1827 1430 1883 Deus
1477 1825 1684 1883 coelum
1733 1831 1852 1883 ter-
1887 1825 1929 1881 Β
1966 1824 2244 1883 solvatur.
2287 1825 2454 1883 lnitia
2481 1827 2634 1883 enim
2680 1833 2877 1884 nostra
2920 1826 3088 1885 mista
3116 1835 3253 1886 sunt
3284 1829 3471 1886 malis.
3505 1829 3666 1887 Unde

149 1928 403 1985 ramque
444 1913 814 1982 discreverat,
859 1913 1000 1984 quid
1029 1913 1235 1970 diebus
1281 1912 1615 1985 quibusque
1641 1912 1853 1980 fecerit,

150 2002 297 2059 coelo
347 2010 622 2074 terraque
691 2002 999 2073 procedere
1056 2009 1366 2060 tractatum
1417 2008 1519 2058 est.
1587 2000 1861 2072 Sequitur

152 2105 297 2163 ergo
326 2091 571 2162 mystica
602 2091 858 2148 narratio
888 2091 1119 2148 dicens:

228 2179 401 2235 Vens.
430 2179 485 2235 4.
522 2182 651 2236 Istae
708 2182 1074 2248 generationes
1136 2181 1255 2235 caeli
1300 2184 1351 2235 et
1403 2185 1582 2243 terra,
1642 2179 1860 2250 quando

168 2274 355 2324 creatae
383 2274 512 2324 sunt
549 2272 607 2323 in
637 2269 725 2324 die
777 2284 881 2339 quo
925 2271 1057 2337 fecit
1111 2272 1254 2325 Deus
1301 2270 1485 2324 calum
1531 2272 1581 2323 et
1639 2273 1859 2323 terram.

170 2354 363 2423 hdie,
413 2357 625 2428 inquit,
694 2356 751 2413 id
801 2364 887 2414 est
939 2357 996 2413 in
1051 2357 1148 2414 illa
1197 2358 1403 2414 mentis
1458 2358 1857 2425 illustratione,

172 2458 263 2515 per
293 2460 474 2517 quam
496 2446 565 2502 de
594 2446 941 2503 obscuritate
960 2446 1312 2503 confusionis
1332 2446 1603 2504 vitiorum
1630 2446 1858 2514 coelum,

172 2535 319 2604 quod
363 2543 449 2592 est
495 2534 663 2605 ratio,
710 2548 744 2591 a
800 2542 971 2603 terra,
1022 2534 1241 2591 carnali
1284 2534 1499 2592 scilicet
1550 2535 1864 2592 suscitatur

171 2621 394 2693 afhctu,
450 2624 555 2680 ista
621 2638 753 2695 qum
826 2631 1038 2695 septem
1105 2624 1329 2692 diebus,
1396 2631 1610 2694 septem
1661 2624 1863 2695 utique

174 2712 345 2770 samti
431 2712 679 2783 Spiritus
763 2712 1211 2769 charismatibus
1294 2713 1389 2784 agi
1457 2719 1717 2783 possunt,
1804 2713 1863 2769 in

174 2800 425 2858 interiori
477 2799 704 2858 homine
733 2800 992 2873 generari
1030 2801 1335 2871 incipiunt.
1385 2803 1623 2868 Quando
1660 2808 1863 2858 creatae

175 2896 327 2956 sunt,
375 2891 433 2947 id
480 2897 563 2947 est
613 2891 845 2961 quando
896 2890 1101 2946 horum
1159 2889 1440 2947 bonorum
1490 2890 1709 2946 semina
1764 2904 1866 2960 per

177 2987 504 3050 conaptum
535 2979 698 3036 bonae
731 2978 1042 3036 voluntatis
1070 2979 1250 3036 menti
1286 2979 1630 3036 renovandae
1658 2978 1865 3051 injecta

179 3074 335 3123 sunt.

266 3155 427 3211 γεω.
462 3161 513 3212 5.
559 3185 626 3197 —
661 3158 733 3212 Et
769 3171 925 3212 omne
956 3157 1257 3226 virgultum
1289 3159 1412 3224 agri
1441 3161 1733 3227 antequam
1761 3159 1868 3212 ori-

178 3249 331 3299 retur
359 3246 410 3297 ὑ.
456 3251 624 3310 terra,
665 3249 716 3299 et
760 3260 964 3301 omnem
1022 3246 1244 3301 herbam
1290 3249 1527 3315 regionis
1569 3251 1867 3317 antequam

180 3335 519 3402 germina'et.
554 3333 710 3391 Facit
738 3335 891 3390 Deus
909 3333 1253 3406 virgultum,
1283 3335 1338 3391 id
1372 3341 1457 3391 est
1480 3333 1651 3391 fortia
1680 3334 1863 3391 virtu-

181 3430 303 3479 tum
344 3436 527 3492 opa‘a,
577 3432 888 3495 antequam
952 3424 1220 3480 oriantur
1282 3423 1339 3479 in
1386 3431 1559 3493 terra,
1633 3424 1690 3480 id
1760 3430 1866 3494 est,

182 3518 483 3582 antequan
516 3511 904 3568 exhibeantur
935 3525 1038 3583 per
1085 3510 1389 3568 manifesta
1417 3511 1670 3582 corporis
1697 3527 1870 3569 exer-

185 3599 337 3666 citia,
377 3600 601 3670 quaado
643 3601 715 3657 ad
758 3601 900 3657 bene
952 3600 1242 3672 agendum
1284 3599 1341 3656 in
1370 3608 1522 3657 terra
1554 3601 1872 3671 inspiratur

186 3687 366 3744 fidelis
396 3688 598 3758 anina,
642 3690 738 3746 sed
770 3696 981 3757 tamen,
1014 3689 1396 3761 praepediente
1424 3689 1616 3747 adhuc
1663 3690 1873 3747 veteris

186 3776 431 3833 hominis
475 3778 676 3835 ai‘ectu
719 3778 806 3835 vel
854 3793 988 3847 usu,
1038 3793 1154 3834 non
1213 3778 1485 3849 praevalet
1533 3779 1765 3836 animus
1799 3779 1870 3836 ad

187 3879 376 3935 opera.
428 3866 591 3923 Fimt
641 3881 777 3939 ergo
839 3868 1004 3938 prius
1051 3867 1108 3923 in
1173 3867 1475 3937 proposito.
1546 3867 1685 3924 Inde
1739 3868 1874 3925 dicit

190 3953 527 4024 Apostolus:
585 3957 727 4010 Velle
768 3955 908 4010 mihi
943 3956 1179 4026 adjacet,
1226 3958 1480 4026 perﬁcere
1518 3972 1623 4011 non
1661 3960 1873 4013 invenio

193 4040 355 4111 (Rom.
393 4057 489 4108 vn,
546 4042 648 4110 18).
711 4041 864 4097 Facit
922 4049 978 4098 et
1032 4056 1259 4098 omnem
1308 4042 1558 4114 regionis
1613 4042 1872 4110 herbam,

192 4135 498 4203 antequam
546 4129 835 4201 germinet,
897 4130 1133 4201 quando
1186 4131 1411 4187 minora
1451 4139 1508 4189 et
1559 4131 1875 4188 infirmiora

197 4216 332 4272 bona
358 4216 471 4271 Deo
495 4218 780 4274 animante
809 4218 1183 4289 concipimus,
1219 4234 1350 4290 quae
1381 4226 1567 4275 tamen
1618 4225 1681 4275 ut
1708 4218 1877 4289 cupi-

194 4319 313 4360 nus
345 4312 575 4374 patrare
616 4307 944 4377 nequimus.
989 4308 1172 4364 Potest
1198 4314 1254 4363 et
1299 4321 1401 4377 per
1443 4307 1681 4363 herbam
1720 4306 1878 4363 viror

1969 1920 2118 1971 recte
2173 1914 2480 1972 subditur:
2544 1918 2613 1970 Et
2656 1915 2811 1971 homo
2864 1931 2971 1971 non
3034 1922 3152 1971 erat
3207 1918 3304 1987 qui
3351 1922 3668 1988 operaretur

1967 2018 2104 2058 eam.
2137 2001 2283 2071 Quia
2314 2003 2468 2059 enim
2497 2002 2686 2060 differt
2710 2004 2860 2061 Deus
2888 2004 3195 2061 infusionis
3224 1998 3662 2076 plenitudinem,

1966 2091 2248 2163 fragilitas
2279 2105 2519 2162 operum
2570 2092 2834 2165 designat
2881 2108 2996 2150 non
3050 2108 3173 2150 esse
3218 2092 3528 2163 hominem,
3562 2094 3666 2165 qui

1969 2195 2178 2252 corpus
2204 2195 2318 2237 non
2350 2180 2627 2254 subjugat
2665 2190 2720 2239 et
2748 2182 2957 2239 excolit
3002 2197 3103 2254 per
3132 2183 3372 2240 rationis
3409 2182 3667 2241 auctori-

1970 2275 2163 2326 tatem.
2213 2268 2337 2324 Non
2386 2276 2469 2325 est
2512 2268 2665 2325 enim
2709 2269 2924 2341 dignus
2970 2271 3220 2327 hominis
3268 2271 3518 2340 nomine,
3563 2271 3664 2342 qui

1968 2357 2164 2412 vivere
2195 2370 2310 2412 non
2344 2356 2541 2413 didicit
2572 2357 2793 2429 integra
2823 2358 3061 2415 ratione.

2042 2445 2209 2500 Vens.
2237 2448 2287 2499 6.
2338 2475 2403 2485 —
2437 2444 2545 2502 Sed
2569 2448 2694 2512 fons
2728 2446 3109 2515 egrediebatur
3129 2447 3195 2503 de
3227 2453 3391 2514 terra,
3421 2450 3666 2516 irrigans

1971 2534 2281 2588 universam
2325 2536 2662 2604 superﬁciem
2693 2537 2864 2589 terra.
2914 2535 3060 2591 Mira
3090 2535 3405 2593 subtilitate
3455 2536 3669 2608 cuique

1973 2620 2332 2692 pensandum
2363 2628 2447 2677 est
2475 2636 2551 2677 an
2580 2636 2712 2678 vere
2742 2622 2892 2679 bona
2934 2631 3070 2681 sunt
3101 2639 3232 2695 qua
3262 2624 3414 2681 bona
3456 2624 3669 2682 habere

1972 2724 2031 2766 se
2059 2710 2324 2766 aestimat.
2369 2709 2517 2767 Nam
2563 2710 2607 2767 si
2653 2725 2756 2782 pro
2808 2711 3001 2768 saeculi
3042 2713 3333 2771 honestate
3373 2712 3514 2785 quid
3547 2713 3664 2781 fiat,

1975 2797 2129 2869 quod
2162 2796 2259 2853 Dei
2299 2805 2561 2868 respectu
2586 2813 2701 2855 non
2746 2799 2806 2855 fit
2838 2800 3051 2857 bonum
3084 2801 3216 2873 quis
3245 2801 3443 2858 dicat?
3472 2800 3669 2858 Merito

1975 2886 2126 2942 Deus
2166 2900 2280 2941 non
2329 2887 2575 2957 pluerat,
2626 2894 2680 2944 et
2726 2887 2896 2944 homo
2938 2889 3040 2960 qui
3078 2896 3287 2946 terram
3334 2896 3670 2961 operaretur

1975 2988 2088 3029 non
2120 2981 2262 3042 erat,
2296 2974 2437 3045 quia
2481 2974 2607 3031 fons
2651 2975 2922 3032 humanas
2966 2976 3289 3034 calliditatis
3329 2992 3401 3034 ex
3435 2977 3551 3033 ima
3580 2977 3665 3032 in-

1974 3062 2224 3118 tentione
2268 3070 2511 3129 scatens,
2561 3064 2860 3120 exterioris
2902 3066 3153 3121 hominis
3196 3065 3479 3134 habitum,
3530 3066 3668 3122 uni-

1974 3161 2197 3205 versam
2244 3150 2460 3206 scilicet
2507 3152 2869 3221 superficiem
2913 3160 3079 3210 terrte
3122 3154 3368 3226 rigabat.
3416 3154 3550 3211 Hac
3586 3160 3671 3210 est

1973 3236 2266 3294 szecularis
2295 3238 2583 3310 honestas,
2602 3255 2721 3311 qua
2741 3240 2880 3298 dum
2904 3242 3125 3314 quique
3155 3243 3324 3313 quasi
3355 3242 3672 3313 prudenter

1973 3338 2033 3380 se
2083 3333 2395 3398 contegunt
2450 3328 2558 3384 sub
2620 3329 2806 3386 colore
2867 3345 3095 3402 magna;
3151 3331 3465 3404 religionis,
3526 3331 3697 3389 nihil'

1974 3422 2174 3486 agunt.
2210 3415 2370 3472 Unde
2403 3416 2648 3474 dicitur:
2682 3421 2812 3474 Filii
2849 3420 3008 3489 Agar
3037 3423 3135 3492 qui
3164 3423 3461 3492 exquirunt
3494 3419 3673 3476 scien-

1980 3505 2115 3557 tiam
2144 3519 2263 3575 quae
2291 3504 2356 3560 de
2402 3510 2548 3560 terra
2595 3512 2673 3563 est
2723 3511 2973 3575 (Baruch.
3009 3526 3087 3575 ιιι,
3131 3509 3242 3580 23).
3285 3510 3429 3566 Huic
3478 3508 3671 3566 sensui

1976 3593 2186 3663 optime
2233 3594 2549 3664 capitulum
2598 3597 2998 3669 evangelicum
3045 3599 3224 3666 (Joan.
3261 3616 3319 3665 ιι,
3368 3599 3422 3668 6)
3471 3597 3541 3655 de
3572 3612 3674 3655 sex

1977 3681 2197 3751 hydriis
2238 3682 2531 3740 moraliter
2567 3694 2886 3755 coaptatur.
2938 3685 3085 3753 Quia
3130 3700 3387 3758 namque
3422 3687 3491 3742 de
3519 3694 3674 3743 terra

1977 3769 2102 3826 fons
2131 3779 2274 3840 erat,
2320 3786 2436 3828 non
2485 3772 2746 3843 interius,
2792 3776 2888 3831 sed
2935 3774 3295 3846 superficiem
3329 3783 3496 3831 terrae
3519 3773 3671 3846 riga-

1979 3859 2094 3915 bat.
2127 3859 2270 3916 Sunt
2300 3874 2437 3916 sane
2453 3861 2603 3918 bona
2637 3861 2889 3933 plurima
2917 3878 3048 3936 quae
3079 3862 3509 3931 discernuntur,
3534 3861 3675 3934 quia

1980 3947 2076 4005 Dei
2127 3955 2265 4004 sunt
2323 3948 2635 4007 intentione
2683 3951 2821 4020 sola,
2869 3960 2936 4009 ut
2979 3959 3115 4009 sunt
3164 3952 3361 4024 pietas,
3414 3951 3672 4024 largitas,

1977 4037 2208 4094 castitas
2235 4044 2290 4093 et
2314 4045 2520 4095 caetera
2538 4039 2739 4096 multa.

2053 4125 2217 4181 Vrsas.
2262 4130 2314 4180 7.
2346 4154 2418 4168 —
2460 4129 2737 4183 Formavit
2785 4130 2959 4196 igitur
3004 4130 3264 4185 Dominus
3311 4132 3450 4186 Deus
3499 4129 3669 4184 homi-

1978 4230 2098 4269 nem
2129 4213 2194 4268 de
2220 4216 2348 4270 limo
2379 4219 2552 4282 terra,
2586 4220 2638 4270 et
2656 4218 2948 4286 inspiravit
2992 4219 3052 4272 in
3097 4219 3298 4285 faciem
3327 4218 3445 4287 ejus
3482 4220 3676 4287 spira-

1982 4305 2160 4358 culum
2191 4305 2334 4359 vitae.
2387 4304 2530 4360 Cum
2570 4318 2706 4375 ergo
2757 4304 3016 4361 humana
3066 4304 3303 4362 scientia
3334 4304 3589 4363 exterius
3619 4320 3677 4361 se

199 4393 447 4449 lesiderii
479 4396 708 4466 superni
740 4396 941 4466 accipi,
978 4395 1036 4451 in
1071 4411 1188 4467 quo
1221 4410 1321 4467 per
1351 4396 1472 4466 pios
1518 4403 1681 4453 actus
1719 4394 1873 4451 vivi-
1902 4384 1946 4439 Ι)
1985 4392 2149 4450 bonis
2178 4392 2572 4464 componendo
2620 4392 2880 4449 moribus
2934 4394 3058 4450 sine
3104 4395 3201 4450 Dei
3231 4394 3493 4451 contuitu
3525 4393 3669 4449 nihil

200 4496 282 4538 'ur
311 4481 404 4538 hic
433 4497 549 4552 spe,
578 4482 759 4540 donec
783 4484 841 4540 in
871 4484 1101 4555 regione
1129 4485 1393 4541 vivorum
1440 4486 1702 4557 germina
1751 4499 1877 4556 pro-

203 4577 327 4625 erat
374 4570 610 4642 integrae
662 4572 895 4629 visionis
944 4574 1002 4628 in
1049 4588 1132 4631 re.
1185 4574 1291 4630 Per
1337 4573 1658 4645 virgultum
1703 4573 1874 4631 ctiam

202 4658 623 4728 ontemplativa
664 4660 754 4716 vel
809 4660 1138 4732 spiritualia
1171 4662 1368 4718 studia
1414 4663 1625 4720 sentire
1672 4677 1877 4733 possu-

202 4759 333 4813 nus,
374 4746 448 4802 ob
477 4748 656 4804 robur
686 4748 898 4807 scilicet
928 4750 1019 4807 sui
1045 4765 1112 4807 ac
1140 4751 1523 4820 altitudinem,
1557 4766 1689 4823 quae
1721 4767 1879 4808 nunc

204 4845 223 4887 ε
263 4833 428 4891 nobis
470 4836 675 4908 grandi
729 4838 922 4895 labore
966 4839 1257 4906 coluntur,
1311 4846 1622 4910 antequam
1674 4841 1732 4897 in
1780 4840 1879 4896 illa

206 4935 357 4992 (nam
403 4923 566 4979 mites
615 4925 989 4995 possidebunt
1036 4934 1209 4995 terra,
1261 4935 1478 4984 mterna
1524 4927 1785 4985 videlicet
1827 4934 1882 4985 et

210 5009 601 5080 iicorruptibili
648 5012 954 5070 stabilitate
999 5021 1200 5084 sponte
1260 5028 1566 5084 nunquam
1627 5014 1883 5071 desitura

212 5093 481 5155 oiantur.’
503 5102 621 5156 Non
657 5103 798 5155 enim
839 5103 1057 5172 pluerat
1088 5105 1344 5158 Dominus
1393 5103 1536 5157 Deus
1576 5118 1739 5173 super
1768 5108 1883 5158 ter-

212 5202 322 5245 rm.
360 5188 506 5244 Cum
556 5189 810 5260 primum
862 5191 1028 5248 nobis
1074 5191 1167 5260 pia
1213 5192 1486 5249 voluntas
1530 5190 1879 5261 immittitur,

217 5288 295 5334 nti
349 5284 511 5333 tanta
572 5286 780 5336 nostrae
847 5279 1084 5336 rationis
1148 5281 1368 5352 gratiae,
1420 5281 1475 5337 id
1539 5289 1623 5340 est
1673 5281 1884 5353 pluviae

215 5365 505 5434 stritualis
558 5368 793 5425 ubertas
866 5368 1209 5434 infunditur,
1265 5378 1330 5426 ut
1383 5371 1592 5428 terreni
1648 5370 1886 5428 affectus

217 5452 403 5513 dnitia
459 5454 517 5512 in
568 5458 735 5516 nobis
781 5457 853 5515 ad
898 5457 1033 5515 boni
1098 5457 1411 5514 efficaciam
1459 5471 1886 5530 usquequaque

1981 4478 2212 4548 efficiat,
2246 4478 2378 4549 pius
2410 4478 2626 4536 Auctor
2671 4480 2923 4552 gratuito
2970 4482 3325 4538 formaturus
3366 4488 3548 4538 totum
3579 4482 3677 4539 ho-

1984 4568 2217 4635 minem,
2248 4575 2459 4624 terram
2501 4570 2678 4626 nostri
2706 4576 2805 4625 eo
2854 4570 3099 4641 pectoris
3126 4571 3284 4628 unda
3334 4570 3535 4643 gratiae
3573 4585 3678 4627 ne-

1983 4671 2135 4713 cesse
2163 4664 2247 4712 est
2276 4663 2341 4712 ut
2364 4656 2552 4713 infusa
2577 4658 2865 4728 emolliat;
2901 4658 2997 4716 tali
3026 4659 3180 4715 enim
3209 4658 3346 4715 limo
3378 4672 3482 4713 nec
3510 4658 3678 4715 aliter

1988 4745 2174 4811 homo,
2237 4744 2340 4817 qui
2389 4744 2488 4800 Dei
2540 4744 2647 4800 fert
2705 4745 3037 4818 imaginem,
3100 4761 3234 4803 vere
3276 4752 3532 4802 constat:
3582 4745 3679 4802 sed

1988 4833 2125 4899 huic
2170 4833 2265 4889 illa
2314 4833 2500 4891 inesse
2555 4834 2726 4891 facies
2773 4834 2959 4901 debet,
3009 4849 3188 4906 quam
3231 4833 3338 4891 sibi
3404 4834 3683 4890 Dominus

1987 4923 2309 4979 contuendo
2358 4923 2553 4979 lavare
2606 4922 2885 4993 pracipit,
2931 4930 2986 4979 et
3048 4937 3226 4992 quam
3274 4923 3382 4979 sibi
3427 4921 3681 4994 Sponsus

1987 5010 2208 5069 ostendi
2255 5011 2524 5083 postulat.
2578 5011 2826 5077 Ostende,
2872 5012 3048 5078 aiens,
3093 5013 3290 5078 faciem
3330 5017 3498 5077 tuam,
3551 5012 3683 5079 quia

1987 5102 2159 5169 facies
2209 5107 2307 5156 tua
2368 5101 2561 5157 decora
2608 5101 2787 5173 (Cant.
2852 5118 2906 5162 ιι,
2973 5099 3084 5170 24).
3156 5099 3259 5157 Cui
3325 5099 3680 5171 spiraculum

1990 5189 2121 5245 vitae
2169 5190 2496 5259 adhibetur,
2556 5197 2621 5248 ut
2662 5189 2871 5261 spiritu
2916 5205 3021 5247 suo
3077 5188 3322 5256 deficiat,
3371 5204 3490 5261 qua
3539 5202 3679 5259 pau-

1991 5285 2207 5348 pertate
2254 5279 2456 5336 beatus
2504 5280 2621 5347 fiat,
2666 5287 2722 5335 et
2762 5292 2828 5335 eo
2869 5280 3179 5350 repleatur,
3224 5277 3327 5348 qui
3372 5292 3431 5335 se
3479 5277 3535 5333 in
3572 5284 3682 5333 ter-

1993 5380 2116 5424 ram
2175 5376 2386 5425 rectam
2467 5367 2731 5437 deducat,
2812 5381 2876 5425 os
2950 5366 3338 5425 emundanda;
3421 5380 3521 5438 per
3556 5380 3688 5421 con-

1994 5455 2294 5514 fessionem
2352 5457 2714 5515 eonscientiaa
2770 5458 3008 5529 aperiat,
3065 5463 3132 5514 ut
3185 5456 3453 5529 spiritum
3509 5451 3690 5509 disci-
