3884 6068
172 151 240 209 63
1065 149 1135 207 ν.
1176 150 1510 208 GUIBERTI
1546 150 1843 208 ABBATIS
1879 152 1934 208 S.
1978 151 2219 208 MARUE
2260 151 2350 208 DE
2391 150 2792 209 NOVIGENTO
3611 158 3689 209 64

178 284 368 354 plinze,
421 283 520 353 qui
569 283 766 340 fictum
812 282 1041 355 refugit,
1091 283 1360 352 excipiat,
1410 297 1472 340 os
1502 282 1751 354 denique
1794 283 1863 339 ad
1896 290 1939 341 Α
1979 285 2248 354 creatrix,
2292 300 2423 356 quae
2461 291 2544 341 est
2576 284 2672 341 Dei
2720 284 2917 341 Filius.
2954 286 3084 342 Haec
3128 287 3244 344 duo
3277 288 3530 345 breviter
3559 302 3691 358 per-

176 373 325 429 bona
379 372 698 429 docendum
776 373 1016 429 dilatare
1080 372 1326 439 studeat,
1388 380 1451 429 ut
1509 372 1565 429 id
1624 372 1868 429 caelestis

176 461 465 518 anhelitus
540 461 744 532 placite
818 463 1056 532 illapsus
1124 461 1450 531 adimpleat.
1528 461 1867 531 Inspirando

178 564 430 619 namque
474 550 757 605 trahimus
786 558 841 606 et
879 548 1192 604 emittimus
1238 549 1526 619 spiritum.
1568 550 1727 607 Unde
1775 549 1867 604 di—

177 638 366 693 citur:
403 639 473 694 Os
522 653 692 691 meum
749 640 963 707 aperui,
1016 643 1066 691 et
1123 640 1338 692 attraxi
1385 640 1649 708 spiritum
1698 638 1865 709 (Psat.

179 742 361 793 cxvut,
398 727 504 797 13).
537 729 604 782 Et
630 729 814 794 factus
864 732 940 782 est
978 727 1130 782 homo
1182 729 1241 781 in
1290 729 1531 782 animam
1584 730 1866 782 viventem.

180 813 336 870 Sicut
382 829 592 884 corpus
628 816 751 870 sine
796 815 991 869 anima
1038 814 1232 871 vivere
1280 830 1394 871 non
1454 815 1745 886 praevalet,
1792 814 1873 870 sic

180 902 392 970 anima,
424 902 470 957 si
515 902 626 958 Deo
674 902 998 958 inhabitare
1045 910 1255 970 careat,
1312 902 1575 959 deteriori
1625 917 1874 979 pessum-

179 990 312 1045 data
341 998 521 1047 morte
557 991 744 1061 jacet;
779 991 925 1046 facto
959 991 1138 1062 igitur
1184 982 1341 1060 limo,
1381 1000 1438 1048 et
1466 992 1597 1048 dato
1636 993 1690 1046 in
1733 992 1873 1047 facie

179 1079 305 1148 ejus
333 1078 617 1148 spiracula
647 1086 800 1135 totus
823 1079 946 1150 jam
990 1080 1221 1136 vividus
1251 1088 1473 1137 constat
1519 1081 1707 1136 homo.
1741 1079 1874 1135 Sin-

181 1165 383 1221 ceritas
420 1168 573 1222 enim
623 1166 784 1223 faciei
828 1167 1003 1233 illius,
1059 1181 1179 1238 qua
1225 1168 1408 1225 Deum
1451 1166 1872 1239 cognoscimus,

181 1268 416 1326 quaque
445 1270 479 1311 a
506 1257 616 1312 Deo
656 1254 1076 1325 cognoscimur,
1121 1270 1236 1325 quo
1281 1264 1480 1312 contra
1530 1256 1723 1312 minus
1750 1256 1875 1309 sin-

181 1344 325 1398 ceris
353 1344 704 1415 quibusdam
736 1344 1138 1410 clamantibus,
1174 1347 1414 1411 Domine,
1436 1349 1609 1413 aperi,
1643 1344 1873 1407 dicitur,

181 1434 355 1486 nescio
375 1448 466 1487 vos
496 1434 712 1504 (Matth.
750 1448 875 1498 xxv,
914 1433 1042 1502 1'2);
1096 1432 1192 1488 ubi
1226 1432 1499 1503 pallorem
1548 1432 1878 1489 defectionis

183 1522 387 1577 habeat
417 1535 549 1591 quze
580 1535 749 1591 penes
777 1534 836 1576 se
867 1520 1053 1576 vitalis
1079 1521 1314 1591 spiritus
1340 1521 1545 1576 arrhas
1575 1527 1781 1590 portat.

1973 373 2203 445 stringit
2268 375 2594 444 Apostolus.
2681 375 2802 430 Non
2884 378 3047 439 enim,
3134 380 3381 443 cognovit
3442 377 3689 432 mundus

1975 465 2033 516 in
2070 465 2346 532 sapientia
2375 466 2469 517 Dei
2492 463 2551 531 (I
2564 464 2683 519 Cor.
2722 482 2755 531 i,
2789 464 2879 533 2i)
2908 481 2921 532 ;
2958 478 3056 534 per
3087 466 3423 535 sapientiam
3454 466 3691 522 subau-

1976 551 2064 606 dis
2097 551 2297 606 mundi
2331 552 2533 606 Deum.
2576 550 2865 629 Sapientia
2895 565 3102 607 rursus
3151 561 3389 608 vocatur
3419 553 3475 608 in
3509 567 3691 624 ange-

1980 640 2047 695 lis
2085 653 2152 695 ac
2198 640 2412 695 sanctis
2454 639 2788 696 hominibus
2838 640 3119 696 divinitus
3181 640 3467 696 illustrata
3510 642 3682 697 ratio.

1982 729 2113 785 Hmc
2141 737 2226 785 est
2269 744 2401 798 quae
2449 729 2741 799 loquitur:
2798 730 2861 782 In
2909 731 3224 785 Jerusalem
3268 735 3506 799 potestas
3560 745 3689 783 mea

1981 817 2359 886 (Eccli.xx1v,
2414 820 2526 885 15),
2569 824 2625 873 et
2669 826 2894 873 caetera.
2945 818 3079 874 Haec
3126 817 3348 885 robore,
3401 818 3595 874 fructu
3626 826 3687 873 et

1985 907 2190 963 umbra
2218 907 2340 963 suis
2380 905 2511 962 vitae
2561 905 2848 961 ministrat
2897 906 3257 973 alimentum,
3304 907 3351 961 si
3386 915 3575 962 tamen
3622 907 3682 961 in

1982 994 2169 1051 medio
2199 995 2469 1051 consistat
2510 994 2777 1064 paradisi,
2833 1003 2896 1050 ut
2929 1009 3043 1049 non
3090 1009 3216 1050 eam
3251 1008 3285 1049 a
3328 997 3485 1065 regia
3525 995 3681 1061 sede,

1983 1097 2102 1152 qna
2166 1083 2633 1138 circumstantem
2706 1082 2958 1151 disponit
3013 1082 3355 1147 exercitum,
3429 1082 3685 1138 carnalis

1983 1172 2279 1240 tyrannice
2307 1170 2579 1226 extrudat
2625 1169 2882 1237 affectus,
2916 1169 3012 1225 sed
3053 1170 3239 1225 media
3275 1170 3512 1226 internis
3540 1184 3687 1226 cur-

1985 1273 2115 1315 rens
2146 1260 2227 1315 uti
2257 1258 2507 1315 medulla
2536 1260 2762 1314 ossibus
2789 1273 2989 1314 succos
3014 1257 3215 1314 vitales
3237 1259 3534 1315 attribuat.

2055 1350 2288 1414 Lignum
2352 1363 2560 1418 quoque
2609 1350 2847 1402 scientiae
2904 1347 3028 1402 boni
3091 1352 3142 1401 et
3197 1349 3353 1402 mali.
3419 1348 3552 1403 Haec
3596 1354 3687 1404 est

1986 1436 2256 1492 voluntas
2298 1445 2512 1492 nostra.
2573 1435 2853 1493 Voluntas
2905 1442 3098 1491 autem
3145 1442 3230 1491 est
3289 1443 3477 1491 motus
3503 1435 3688 1491 animi

1987 1532 2221 1597 cogente
2242 1523 2404 1579 nullo
2433 1523 2504 1579 ad
2528 1523 2745 1594 aliquid
2772 1523 3136 1579 eflicicndnm
3161 1523 3250 1579 vel
3271 1523 3683 1592 appetendum.

254 1585 450 1665 Vens:
473 1612 524 1664 8.
559 1585 625 1650 έ-
655 1610 1008 1664 Plantaverat
1051 1585 1230 1663 autem
1268 1609 1536 1663 Dominus
1577 1585 1729 1663 beas
1764 1624 1874 1677 pa-
1909 1585 1947 1639 Β
1987 1585 2226 1669 δίνθυίηι
2257 1612 2483 1684 cogitur
2520 1585 2670 1682 quis,
2709 1612 3007 1667 voluntate
3029 1626 3143 1667 non
3175 1585 3412 1668 duci-tur
3437 1627 3452 1681 ;
3477 1612 3688 1668 diabo-

182 1699 428 1751 radisum
465 1697 762 1767 voluptatis
809 1698 878 1751 ab
922 1699 1103 1763 initio,
1143 1698 1202 1751 in
1250 1713 1354 1765 quo
1399 1699 1582 1766 posuit
1613 1699 1877 1751 hominem

183 1801 339 1855 quem
400 1787 756 1852 formaverat.
838 1784 1143 1842 Paradisus
1213 1785 1540 1855 voluptatis,
1603 1786 1877 1841 serenitas

183 1881 265 1931 est
300 1882 511 1930 sanctae
541 1873 1005 1942 conversationis,
1043 1874 1098 1928 in
1138 1888 1256 1944 qua
1284 1888 1417 1929 cum
1448 1873 1729 1929 virtutum
1762 1888 1878 1928 un-

183 1964 358 2034 dique
408 1962 627 2018 surculi
676 1962 1098 2032 provehuntur,
1145 1970 1199 2018 et
1239 1962 1355 2031 spei
1396 1961 1880 2017 immarcessibilis

184 2050 449 2123 gramina
497 2058 759 2119 vernant,
817 2050 1002 2121 surgit
1057 2050 1188 2106 inde
1231 2050 1429 2121 aquilo
1478 2057 1534 2107 et
1580 2050 1880 2119 temperies

184 2138 399 2194 accedit
459 2137 746 2194 australis.
806 2138 1117 2193 Paradisus
1176 2138 1329 2194 enim
1390 2137 1602 2206 Graece,
1684 2138 1879 2194 Latine

184 2227 396 2283 dicitur
430 2227 647 2283 hortus.
698 2227 751 2282 Si
779 2228 996 2282 ‘autem
1035 2241 1236 2283 secura
1266 2241 1427 2284 mens
1474 2241 1651 2297 quam
1698 2225 1882 2296 turpis

186 2315 354 2385 culpa
400 2330 516 2371 non
550 2316 786 2383 mordet,
826 2315 999 2386 juxta
1045 2315 1405 2371 Salomonem
1439 2318 1616 2385 (Prov.
1649 2331 1739 2381 xv,
1773 2317 1877 2380 15),

186 2403 352 2474 quasi
412 2403 550 2476 juge
595 2403 925 2459 convivium
964 2410 1071 2471 est,
1120 2418 1253 2459 nam
1312 2403 1460 2459 male
1509 2403 1737 2459 conscia
1773 2402 1880 2458 sibi

188 2492 432 2562 propriis
484 2505 709 2561 semper
764 2490 1021 2563 agitatur
1064 2491 1357 2547 stimulis:
1411 2492 1553 2561 quid
1610 2491 1883 2561 simplicis

188 2580 366 2635 animi
399 2580 718 2636 testimonio
748 2579 1071 2650 gloriosius,
1105 2579 1439 2636 amoenius?
1486 2579 1590 2636 Sed
1632 2581 1677 2635 is
1710 2593 1884 2650 para-

187 2669 346 2724 disus
377 2668 624 2724 habetur
645 2682 679 2723 a
709 2668 1009 2738 principio.
1043 2668 1090 2723 A
1121 2683 1257 2738 quo,
1291 2668 1398 2724 nisi
1431 2668 1504 2725 ab
1545 2669 1666 2739 ipso
1686 2669 1883 2738 primze

189 2764 397 2813 nostrae
463 2755 804 2812 conditionis
848 2757 1158 2827 exemplo?
1204 2757 1513 2813 Pensemus
1560 2758 1617 2812 in
1665 2765 1885 2826 quanta

1986 1701 2075 1757 lus
2104 1714 2238 1756 vero
2277 1699 2562 1755 neminem
2612 1699 2980 1770 suggestione
3013 1699 3321 1770 compellit,
3364 1701 3460 1756 sed
3489 1700 3684 1770 potius

1984 1789 2138 1860 quod
2191 1789 2544 1844 desideretur
2591 1788 2865 1854 obtendit,
2924 1795 2980 1844 et
3035 1789 3157 1844 sine
3205 1788 3465 1845 molestia
3492 1795 3595 1845 aut
3624 1788 3687 1843 vi

1984 1881 2357 1944 spontaneam
2431 1880 2679 1928 mentem
2764 1872 2953 1929 trahit.
3002 1872 3132 1929 Sola
3176 1887 3316 1945 ergo
3363 1874 3687 1931 secundum

1986 1962 2141 2018 hunc
2169 1961 2405 2017 modum
2450 1960 2770 2028 voluntate,
2828 1976 2942 2018 non
2989 1963 3323 2018 necessitate
3355 1976 3683 2032 peccamus,

1985 2058 2041 2105 et
2075 2048 2282 2106 liberos
2334 2063 2437 2106 nos
2482 2050 2744 2106 servituti
2797 2050 3135 2106 addicimus.
3176 2051 3454 2107 Voluntas
3484 2059 3686 2123 itaque

1986 2154 2118 2196 cum
2153 2140 2223 2196 ad
2246 2140 2461 2195 bonum
2496 2146 2551 2195 et
2580 2139 2651 2195 ad
2680 2139 2899 2196 malum
2948 2139 3304 2195 circumferri
3349 2140 3557 2206 valeat,
3591 2140 3691 2195 hic

1986 2236 2040 2285 et
2072 2229 2130 2283 in
2162 2229 2538 2299 sequentibus
2585 2229 2643 2283 in
2692 2228 2843 2284 malo
2887 2228 3205 2297 accipitur:
3239 2228 3477 2285 scientia
3506 2228 3685 2296 enim,

1990 2318 2044 2373 id
2074 2325 2157 2373 est
2187 2316 2545 2387 experientia
2577 2316 2710 2372 boni
2742 2324 2796 2373 et
2848 2317 3006 2383 mali,
3062 2317 3415 2386 permaxime
3443 2317 3501 2372 in
3533 2317 3680 2372 malo

1988 2413 2238 2477 prmstat.
2280 2404 2454 2461 Aliud
2482 2412 2567 2461 est
2595 2418 2849 2474 namque
2879 2404 3022 2460 scire
3054 2404 3192 2474 quia
3227 2404 3524 2460 fornicatio
3548 2418 3679 2473 pec-

1990 2503 2182 2551 catum
2211 2501 2314 2562 est,
2348 2493 2506 2549 aliud
2549 2492 2797 2562 experiri
2829 2506 2929 2562 per
2959 2506 3133 2562 opera
3173 2491 3506 2561 qualitatem
3535 2490 3675 2562 ejus,

1991 2584 2166 2638 Porro
2194 2583 2251 2638 in
2289 2581 2643 2652 experientia
2668 2580 2804 2635 mali
2836 2579 3016 2635 multo
3047 2581 3230 2650 magis
3262 2579 3478 2634 bonum
3509 2591 3680 2649 quam

1990 2670 2065 2726 sit
2119 2670 2331 2725 bonum
2390 2668 2546 2738 quod
2595 2667 2939 2733 habebatur,
2990 2667 3342 2737 agnoscitur,
3388 2679 3568 2737 quam
3619 2664 3679 2718 in

1994 2757 2125 2814 boni
2181 2756 2547 2813 observantia
2597 2754 2717 2811 ulla
2773 2754 2987 2810 malum
3048 2754 3391 2825 cogitatione
3446 2754 3675 2816 scia.‘ur,

153 2844 397 2901 'mentis
435 2845 654 2915 requie,
701 2851 1013 2915 antequam
1056 2853 1313 2915 peccaret
1361 2844 1548 2912 homo,
1590 2843 1879 2915 constitit;
1914 2884 1954 2939 ρ
1991 2845 2135 2913 Quid
2164 2858 2418 2914 namque
2464 2842 2595 2899 boni
2641 2842 2714 2898 sit
2745 2841 3005 2911 sospitas,
3055 2841 3261 2897 melius
3287 2840 3682 2935 disciturlan-

187 2940 243 2989 et
269 2931 520 2988 sciamus
550 2931 705 2987 hunc
751 2945 872 2987 esse
903 2933 1234 3001 paradisum
1272 2931 1732 2997 intellectualem,
1766 2938 1885 2987 ter-

190 3037 328 3078 reno
386 3021 697 3086 meliorem,
754 3034 871 3093 quo
930 3035 1033 3076 nos
1096 3021 1248 3077 Deus
1297 3021 1452 3092 poni,
1512 3020 1559 3076 si
1617 3019 1883 3087 velimus,

192 3108 374 3182 cupit.

291 3197 460 3253 vgns,
490 3200 541 3253 9,
584 3228 652 3238 -.
690 3198 1066 3268 Ρνοάυωὶίτιιιθ
1116 3198 1261 3252 Deus
1312 3196 1376 3251 d-
1430 3198 1589 3251 humo
1634 3211 1787 3252 omne
1824 3197 1885 3267 ti-

190 3303 355 3352 gnum
384 3287 670 3356 pulchrum
715 3289 859 3353 visu,
910 3291 960 3342 et
998 3286 1073 3340 ad
1108 3285 1425 3341 vescendum
1451 3301 1632 3340 suave.
1665 3285 1730 3341 In
1760 3284 1888 3340 soli-

191 3373 365 3429 ditate
410 3373 603 3444 itaque
636 3373 730 3429 illa
761 3372 978 3429 homini
1010 3372 1319 3428 constituto
1354 3372 1692 3442 producitur
1718 3384 1887 3426 omne

192 3460 437 3532 lignum,
474 3461 744 3518 fortitudo
771 3468 826 3518 et
862 3461 1175 3517 eminentia
1203 3474 1571 3530 quorumque
1602 3466 1886 3514 rectorum

192 3563 450 3619 operum.
489 3549 801 3606 Pulchrum
816 3549 964 3611 visu.
990 3549 1129 3604 dum
1164 3548 1267 3603 lux
1296 3547 1448 3604 lucet
1468 3555 1659 3602 nostra
1693 3559 1885 3601 coram

195 3637 541 3707 hominibus,
577 3645 641 3695 ut
671 3637 905 3694 videant
931 3638 1142 3707 (Matth.
1176 3653 1230 3705 v,
1265 3636 1368 3705 l6),
1396 3634 1450 3690 id
1477 3642 1559 3691 est
1589 3634 1886 3691 instruan-

195 3735 291 3782 tur
319 3727 387 3782 ad
420 3727 763 3784 vescendum
795 3740 993 3793 suave,
1035 3725 1174 3781 dum
1225 3739 1320 3794 per
1345 3737 1584 3793 operum
1615 3722 1884 3779 imitatio-

194 3827 328 3870 nem
375 3814 471 3870 Dei
515 3814 924 3886 gloriﬁcatione
972 3821 1329 3883 pascuntur;
1374 3810 1565 3868 fructu
1593 3812 1745 3867 cnim
1788 3818 1888 3869 tuo

196 3902 444 3960 vescitur
472 3903 743 3974 quisquis
763 3903 834 3959 ad
856 3902 999 3959 bene
1017 3901 1304 3973 agendum
1326 3900 1407 3956 tui
1436 3901 1889 3957 consideratione

195 3991 569 4048 confortatur.
602 3992 709 4048 Sed
757 4005 934 4047 suave
971 3989 1257 4060 quomodo
1303 3996 1407 4056 est,
1455 4003 1586 4045 cum
1630 3998 1789 4044 arcta
1816 3991 1886 4044 sit

198 4081 294 4135 via
340 4095 472 4151 quae
512 4080 671 4136 ducit
714 4081 784 4136 ad
833 4080 1011 4135 vitam
1061 4078 1278 4140 (Matth.
1328 4093 1424 4144 vn,
1478 4079 1588 4146 14),
1618 4087 1675 4134 et
1702 4078 1889 4134 omnis

1993 2947 2174 3005 guore
2206 2931 2496 3001 magistro.
2548 2929 2794 3000 Lignum
2833 2935 2914 2984 est
2963 2927 3132 2999 cujus
3164 2928 3344 2983 robur
3387 2925 3677 2992 stoliditas,

1995 3022 2217 3077 fructus
2288 3018 2535 3085 iniectio,
2612 3025 2666 3072 et
2751 3016 2960 3072 umbra
3046 3016 3290 3072 caecitas.
3380 3014 3679 3071 Volvntate

1995 3110 2173 3181 igitur
2223 3107 2406 3175 abuti,
2456 3114 2691 3178 tangere
2742 3113 2826 3161 est
2881 3103 3130 3161 scientiae
3187 3103 3411 3174 lignum
3462 3100 3583 3158 bini
3620 3107 3678 3155 et

1996 3198 2151 3254 mali.

2066 3286 2233 3344 Vens.
2270 3287 2352 3339 10.
2389 3312 2447 3325 -
2501 3285 2569 3338 Et
2618 3284 2815 3352 ﬂuvius
2862 3279 3239 3350 egrediebatur
3285 3279 3351 3333 de
3386 3279 3485 3334 (om
3516 3277 3677 3331 votu-

1990 3376 2163 3444 ptatis
2206 3374 2279 3427 ad
2324 3372 2672 3441 irrigandum
2710 3369 3055 3440 paradisum.
3107 3367 3347 3423 Fluvius
3397 3366 3488 3422 ise
3523 3363 3677 3419 sacri

1993 3460 2204 3531 eloquii
2253 3459 2477 3529 copiosa
2525 3459 2781 3527 scientia,
2842 3472 3157 3529 rerumque
3219 3454 3511 3513 moral'um
3558 3451 3676 3507 alta

1993 3549 2241 3621 cognitio
2283 3554 2378 3603 σιτ
2425 3556 2539 3604 est.
2587 3548 2687 3619 qui
2734 3547 3067 3617 paradisum
3112 3544 3333 3617 irrigat,
3393 3540 3532 3612 quia
3572 3553 3678 3609 per

1994 3637 2359 3709 quotidianas
2408 3635 2830 3690 institutionum
2879 3631 3167 3688 doctrinas
3235 3632 3371 3687 viret
3413 3627 3486 3682 ad
3534 3626 3677 3680 bene

1995 3724 2284 3798 agendum
2316 3723 2425 3795 piis
2449 3722 2658 3778 animis
2687 3720 3119 3787 subministrat;
3146 3719 3190 3775 si
3220 3720 3363 3775 enini
3385 3714 3679 3786 sapientize

1996 3813 2187 3871 studio
2229 3812 2429 3868 attinet
2467 3811 2537 3866 de
2575 3811 2688 3865 Deo
2721 3816 2776 3865 et
2806 3808 3134 3865 caelestibus
3168 3821 3344 3879 agere.
3378 3812 3433 3860 et
3462 3810 3674 3859 statum

1994 3903 2128 3959 vitae
2180 3899 2580 3971 praetervolare
2630 3911 2933 3953 commune
2979 3904 3265 3967 quantum
3310 3891 3542 3951 hominis
3571 3896 3673 3957 est,

1996 3991 2243 4048 scientia:
2280 3988 2575 4059 proprium
2615 3993 2699 4042 est
2743 4000 2809 4041 ea
2856 3999 2987 4056 quae
3034 3984 3184 4041 inter
3232 3998 3331 4040 nos
3368 3980 3677 4037 actitantur

1993 4082 2149 4152 justa
2232 4078 2620 4134 moderatione
2714 4075 3051 4145 disponere;
3136 4073 3256 4128 vita
3320 4070 3676 4136 virtutesque

196 4167 499 4238 disciplina
528 4168 585 4225 in
631 4168 899 4238 praesenti
926 4167 997 4223 sit
1046 4165 1305 4221 maeroris
1332 4166 1360 4219 ‘?
1410 4168 1594 4231 (Hebr.
1643 4183 1742 4230 xii,
1780 4167 1884 4235 tl.)
1918 4180 1960 4234 ι)
1998 4170 2342 4235 discernere,
2393 4167 2749 4236 fideliterque
2783 4164 2980 4220 eadem
3030 4162 3351 4233 quibusque
3381 4157 3669 4214 disserere.

201 4257 417 4312 Revera
466 4256 807 4327 imperfectis
848 4269 915 4311 ac
968 4254 1212 4310 rudibus
1260 4261 1436 4320 arcta,
1490 4254 1585 4311 sed
1631 4255 1883 4311 fructum

198 4345 624 4414 pacatissimum
669 4343 906 4415 justitize
951 4349 1144 4412 postea
1192 4342 1388 4399 reddet
1446 4342 1772 4399 exercitatis
1828 4343 1887 4398 in

198 4447 285 4489 ea.
312 4436 511 4503 Jugum
537 4433 679 4488 enim
721 4446 893 4486 meum
941 4444 1104 4484 suave
1149 4434 1227 4485 est
1273 4430 1502 4501 (Matth.
1554 4447 1631 4497 x1,
1674 4431 1783 4500 30),
1833 4437 1888 4487 et

199 4528 420 4576 caetera.
462 4521 532 4577 At
560 4521 629 4575 de
660 4531 778 4588 qua
808 4517 984 4572 humo
1014 4518 1134 4573 haec
1181 4517 1455 4588 prodeant
1500 4519 1885 4575 intendamus.

200 4608 288 4665 Ab
330 4610 507 4666 humo
553 4606 764 4664 dicitur
815 4606 1050 4662 humilis
1125 4606 1430 4662 Humilitas
1474 4621 1611 4679 ergo
1677 4607 1890 4663 humus

203 4698 506 4761 habeatur.
526 4703 581 4752 et
609 4694 746 4751 satis
767 4702 989 4751 constat
1012 4695 1163 4765 quod
1184 4695 1324 4759 haec,
1357 4709 1488 4766 quae
1509 4695 1888 4765 przetulimus,

200 4785 323 4842 sine
352 4786 457 4841 hac
487 4783 698 4839 virtute
732 4782 850 4838 fieri
900 4798 1013 4839 non
1063 4797 1221 4852 posse
1249 4783 1578 4839 credantur.
1626 4784 1890 4853 Superbis

200 4887 405 4943 nempe
451 4873 595 4927 Deus
634 4870 1182 4940 resistitghumitibus
1211 4871 1308 4926 dat
1360 4874 1600 4939 gratiam
1639 4873 1774 4943 (Jac.
1814 4888 1888 4939 ιν,

201 4963 275 5031 6).
304 4962 436 5016 Ideo
460 4961 654 5030 justus
685 4968 749 5017 ut
797 4960 1020 5032 lignum
1052 4959 1205 5029 quod
1263 4960 1559 5030 plantatur
1588 4975 1752 5016 secus
1792 4960 1891 5015 de-

202 5062 406 5105 cursus
433 5061 721 5117 aquarnm
748 5063 763 5113 ;
795 5048 954 5118 impii
987 5055 1052 5104 nt
1083 5048 1290 5117 pulvis,
1319 5063 1491 5120 quem
1518 5048 1741 5119 projicit
1764 5061 1892 5102 ven-

204 5144 294 5192 tus
322 5149 356 5190 a
383 5134 525 5192 facie
549 5143 715 5192 terrae
742 5137 907 5205 (Psat.
944 5153 981 5201 ι,
1017 5139 1064 5200 3,
1093 5135 1170 5203 4).

271 5225 505 5291 Lignum
530 5227 693 5291 etiam
720 5227 846 5280 vita
874 5226 935 5279 in
960 5224 1133 5279 medio
1162 5225 1436 5295 paradisi.
1486 5224 1734 5294 Lignum
1759 5224 1891 5280 vitae

202 5312 477 5384 sapientia
529 5320 632 5380 est,
702 5313 978 5383 sapientia
1037 5322 1231 5370 autem
1273 5312 1574 5383 tripliciter
1638 5311 1888 5368 dicitur:

201 5400 481 5471 sapientia
508 5401 685 5471 hujus
716 5400 935 5468 mundi,
970 5415 1101 5472 quae
1134 5408 1188 5456 et
1218 5398 1425 5455 astutia
1454 5406 1574 5468 est;
1613 5398 1895 5471 sapientia

1998 4259 2159 4315 Unde
2186 4256 2489 4313 subditur:
2526 4257 2623 4325 qui
2651 4253 2926 4308 dividitur
2966 4251 3092 4305 inde
3129 4253 3189 4304 in
3218 4255 3447 4319 quatuor
3472 4246 3671 4314 capita.

1998 4344 2321 4417 Voluptatis
2350 4352 2557 4399 nostrae
2588 4342 2824 4413 quidam
2858 4341 3018 4396 locus
3050 4353 3164 4394 non
3194 4337 3382 4394 localis
3409 4337 3556 4390 Dens
3576 4338 3673 4393 est.

1997 4449 2170 4506 quem
2202 4433 2432 4504 quidem
2474 4430 2814 4503 generaliter
2843 4427 3056 4495 omnia,
3095 4426 3190 4482 sed
3241 4425 3320 4481 illi
3361 4431 3520 4480 tanto
3550 4434 3671 4490 spe-

1996 4522 2219 4590 cialius,
2271 4530 2490 4592 quanto
2537 4518 2894 4589 spiritualius
2936 4515 3215 4581 incolunt,
3264 4511 3363 4584 qui
3392 4511 3577 4567 solum
3624 4508 3670 4562 in

1999 4613 2120 4683 ipso
2149 4611 2523 4676 delectantur,
2557 4622 2630 4663 ex
2670 4607 2777 4662 hoc
2819 4605 2941 4676 ipso
2973 4602 3230 4659 ﬂuminis
3260 4602 3505 4672 impetus
3531 4610 3672 4667 egre

1999 4682 2175 4765 ditur,
2209 4698 2312 4768 qui
2356 4694 2644 4766 nequitias
2687 4691 3012 4764 spirituales
3062 4688 3397 4761 praecipitat,
3441 4692 3497 4741 et
3535 4682 3671 4739 divi-

2001 4787 2158 4843 ditur
2188 4786 2246 4840 in
2278 4791 2532 4856 quatuor
2580 4782 2789 4852 capita,
2829 4794 2960 4850 quae
2992 4786 3129 4835 sunt
3162 4773 3504 4847 principales
3543 4785 3667 4842 qua

2003 4882 2132 4930 tuor
2160 4872 2422 4938 virtutes,
2455 4885 2486 4926 e
2517 4870 2732 4940 quibus
2770 4876 2987 4924 czeterze
3030 4879 3227 4923 omnes
3254 4868 3494 4921 sumunt
3525 4874 3670 4916 exor-

2000 4962 2115 5017 dia.

2075 5050 2240 5104 Vens.
2275 5053 2359 5103 Η.
2411 5078 2477 5088 —
2521 5050 2720 5105 Nomen
2765 5049 2865 5102 uni
2912 5047 3150 5102 Phison:
3190 5044 3307 5111 ipse
3349 5045 3429 5096 est
3455 5041 3553 5109 qui
3579 5040 3669 5092 cr-

2001 5141 2113 5194 cuit
2159 5153 2361 5192 omnem
2402 5142 2604 5191 terram
2652 5136 2899 5192 Evilath.
2951 5134 3159 5190 Phison
3194 5130 3670 5199 interpretaturos

1999 5222 2243 5293 pupillae.
2285 5221 2393 5277 Ore
2425 5229 2615 5277 autem
2660 5220 2975 5291 loquimur,
3027 5215 3246 5289 pupilla
3277 5213 3555 5269 videmus.
3589 5213 3668 5268 ier

2003 5310 2158 5381 quod
2195 5309 2534 5383 intelligitur
2556 5309 2880 5381 prudentia,
2915 5321 3047 5379 quae
3075 5313 3130 5361 et
3147 5304 3267 5375 ipsa
3295 5302 3507 5359 dicitur
3538 5300 3665 5373 qtod

2006 5414 2173 5469 porro
2201 5399 2407 5457 videat.
2456 5400 2608 5458 Vera
2659 5402 2849 5456 autem
2893 5393 3197 5469 prudentia
3225 5398 3331 5458 est,
3364 5405 3481 5462 qua
3510 5390 3664 5448 suiti-
