3884 6068
147 179 228 232 65
1342 176 1699 233 MORALIUM
1756 179 1823 234 ΙΝ
1872 176 2184 236 GENESIN
2241 178 2372 235 LIB.
2434 175 2501 231 II.
3602 183 3671 235 66

139 306 287 366 liter
316 322 572 380 quaque
619 306 980 380 conjicimus,
1031 308 1105 366 ad
1132 322 1279 380 quos
1327 309 1547 380 possint
1593 309 1862 367 devenire
1891 311 1936 363 A
1974 309 2108 379 rint,
2144 317 2199 366 et
2228 308 2368 366 vitia
2415 306 2781 373 mortiﬁcant,
2832 308 3149 379 vitamque,
3192 310 3238 365 si
3281 316 3547 381 suppetat
3574 326 3666 367 oc-

146 405 500 469 proventus.
552 397 703 455 unde
751 411 929 453 nasus
980 397 1244 454 Ecclesia
1292 399 1439 455 turri
1494 406 1867 469 comparatur

148 490 346 553 (Cant.
377 504 474 552 vn,
505 488 586 557 4),
623 486 763 542 dum
788 486 1095 543 imminens
1139 487 1357 543 malum
1388 487 1740 556 providendo
1770 489 1867 546 de-

149 577 436 643 clinatur,
485 581 540 631 et
585 574 821 631 virtutis
868 574 1126 632 studium
1177 575 1269 631 sui
1325 576 1530 632 merito
1568 591 1868 633 successus

150 673 417 721 amatur.
465 663 648 735 Cujus
696 663 957 720 fertilitas
1013 671 1152 721 tunc
1216 666 1444 735 penitus
1489 666 1863 739 approbatur,

150 768 298 809 cum
345 753 504 823 quod
550 753 694 809 bene
739 752 1138 823 prospicimus,
1172 761 1224 810 et
1273 753 1400 810 aliis
1438 754 1736 810 insinuare
1774 768 1865 810 sa-

151 843 439 913 tagimus,
471 848 536 898 ut
566 842 800 912 pupilla
827 841 1104 908 ofﬁcium,
1134 849 1190 898 et
1209 842 1326 897 oris
1349 856 1612 914 agamus.
1646 843 1869 899 Evilath

156 932 585 1001 interpretatur
623 931 820 986 dolens
844 930 936 986 vel
986 930 1332 1001 parturiens.
1388 932 1543 988 Dolet
1572 932 1673 1003 qui
1714 946 1868 1002 pra-

154 1021 346 1075 sentis
391 1019 584 1076 saculi
634 1032 927 1075 arumnas
978 1027 1033 1075 et
1083 1019 1351 1074 exsilium
1401 1034 1553 1091 agre
1594 1019 1723 1084 fert,
1766 1021 1868 1091 qui

155 1122 299 1163 cum
337 1120 557 1178 pauper
595 1107 786 1174 fuerit,
820 1114 875 1163 et
921 1120 1113 1163 coram
1154 1107 1268 1162 Deo
1305 1106 1572 1165 effuderit
1621 1122 1865 1179 precem,

156 1197 350 1253 dicit:
402 1198 697 1251 Percussus
744 1211 863 1250 sum
905 1202 967 1250 ut
1006 1199 1193 1263 fenum
1243 1198 1410 1267 (Psal.
1464 1213 1533 1264 cr,
1573 1200 1649 1265 5),
1688 1206 1743 1254 et
1789 1213 1871 1254 se-

155 1284 427 1355 quentia.
464 1284 718 1340 Parturit
748 1282 870 1354 qui,
903 1283 1034 1339 licet
1080 1283 1259 1340 stellis
1307 1291 1615 1341 coronetur
1646 1284 1870 1341 duode-

156 1371 299 1441 cim,
336 1372 656 1443 lunamque
685 1372 794 1428 sub
836 1372 1080 1442 pedibus
1106 1372 1337 1442 habeat,
1388 1386 1455 1428 ac
1500 1373 1615 1430 sole
1645 1372 1872 1429 amicia-

156 1468 263 1517 tur
296 1460 486 1531 (Apoc.
522 1477 623 1529 xu,
670 1460 742 1531 l),
773 1461 1068 1517 cruciatus
1112 1468 1304 1517 tamen
1335 1461 1450 1517 ait:
1485 1461 1642 1527 Quod
1681 1478 1872 1533 operor

156 1564 271 1604 non
316 1551 565 1618 intelligo
619 1552 793 1613 (Rom.
860 1566 959 1616 vn,
1016 1550 1125 1620 15),
1186 1550 1241 1605 id
1284 1556 1367 1606 est
1413 1564 1530 1606 non
1594 1551 1864 1621 approbo.

164 1639 343 1693 Video
381 1641 524 1692 enim
572 1638 744 1693 aliam
787 1639 952 1706 legem
994 1640 1056 1693 in
1083 1639 1338 1693 membris
1382 1642 1515 1693 meis
1537 1638 1730 1710 (Ibid,
1754 1638 1863 1710 ‘23),

158 1734 218 1783 et
275 1735 502 1783 catera.
559 1727 632 1784 Et
683 1727 858 1784 alibi:
915 1728 1100 1783 Omnis
1145 1733 1398 1782 creatura
1453 1730 1778 1795 mgemiscit,
1818 1733 1869 1782 et

157 1819 418 1887 parturit
459 1832 631 1886 usque
676 1817 854 1872 adhuc
881 1818 1068 1885 (Rom.
1128 1833 1244 1884 vm,
1302 1819 1410 1884 22),
1457 1816 1670 1872 scilicet
1718 1817 1869 1872 bona

162 1918 346 1975 opera
390 1919 523 1961 cum
555 1905 750 1962 dolore
797 1915 1086 1975 operatur.
1138 1904 1354 1961 Circuit
1401 1912 1593 1961 autem
1636 1904 1866 1969 Phison,

162 1992 221 2047 id
255 2002 342 2049 est
362 1992 569 2059 munit,
604 2007 719 2048 non
758 1993 1072 2062 pulverem,
1121 2006 1293 2062 quem
1328 1992 1551 2064 projicit
1584 1993 1870 2064 superbia

163 2088 382 2137 ventus
426 2096 461 2136 a
515 2080 657 2157 facie
711 2088 895 2148 terra,
957 2079 1013 2135 id
1064 2088 1148 2136 est
1193 2080 1422 2149 Christi,
1486 2080 1584 2138 sed
1638 2088 1869 2149 terram,

164 2169 406 2226 stabiles
427 2169 639 2226 scilicet
669 2183 736 2225 ac
764 2169 993 2237 solidos,
1047 2170 1149 2240 qui
1195 2169 1389 2226 dolent
1433 2183 1493 2225 se
1519 2184 1633 2226 non
1660 2169 1873 2226 habere

165 2256 263 2312 hic
319 2264 646 2312 manentem
708 2256 1019 2322 civitatem,
1064 2264 1119 2313 et
1169 2256 1421 2313 clamant
1485 2257 1874 2327 parturientes

167 2358 420 2415 puerum
451 2344 557 2415 qui
604 2344 870 2415 rapiatur
897 2345 968 2399 ad
1001 2347 1179 2401 Deum
1213 2353 1266 2401 et
1308 2345 1381 2401 ad
1419 2346 1546 2417 ejus
1573 2347 1869 2402 thronum.

169 2433 236 2488 In
269 2434 379 2489 hac
410 2441 580 2499 terra,
624 2432 731 2487 hoc
759 2432 958 2488 clausa
984 2432 1325 2497 munimine,
1354 2434 1614 2489 nascitur
1646 2441 1873 2490 sancta-

169 2535 304 2577 rum
334 2521 661 2576 animarum
681 2534 913 2587 aurum,
937 2528 993 2577 et
1013 2520 1121 2577 hoc
1145 2521 1425 2590 optimum
1451 2537 1465 2591 ;
1491 2522 1630 2592 quia
1654 2523 1701 2578 si
1725 2522 1876 2599 bona

168 2617 257 2665 est
287 2617 486 2665 sancta
528 2608 836 2677 rusticitas,
869 2623 1046 2680 quam
1077 2609 1307 2681 dignior
1334 2616 1417 2665 est
1465 2610 1631 2667 docta
1661 2612 1877 2670 sancti-

168 2696 418 2754 tas?Sic
442 2697 599 2753 enim
651 2697 899 2754 dicitur:
953 2699 1052 2752 ubi
1098 2700 1344 2753 nascitur
1399 2715 1594 2753 aurum
1624 2698 1774 2770 (Gen.
1814 2715 1872 2753 ιι.

186 2791 296 2855 ll).

253 2876 424 2966 Vens.
474 2879 559 2930 l2.
589 2906 647 2916 —
816 2890 1012 2930 aurum
1041 2876 1433 2966 “terrauillius
1486 2878 1748 2945 optimum
1779 2882 1875 2935 est.
1913 2912 1954 2966 ρ

175 2964 496 3021 Maximum
539 2971 624 3020 est
667 2964 822 3019 enim
861 2977 975 3019 non
1006 2963 1112 3020 sibi
1161 2962 1282 3032 soli,
1330 2964 1426 3019 sed
1456 2965 1725 3022 omnibus
1753 2974 1883 3022 stu-

175 3054 313 3111 dere
372 3053 656 3124 prodesse.
692 3053 755 3107 ln
785 3065 928 3108 auro
965 3052 1118 3108 enim
1156 3059 1211 3108 et
1240 3051 1510 3122 splendor
1536 3060 1639 3120 est,
1674 3060 1728 3110 et
1761 3069 1883 3123 pre-

171 3142 320 3196 tium
352 3155 369 3210 ;
403 3139 651 3211 pretium
679 3153 817 3209 ergo
845 3153 918 3195 ex
948 3137 1250 3209 religione,
1282 3138 1637 3209 splendorem
1669 3139 1883 3195 habent

177 3229 239 3285 in
298 3228 641 3285 eruditione.
692 3228 777 3283 Ibi
819 3229 1098 3283 invenitur
1146 3228 1421 3296 bdellium,
1468 3234 1517 3282 el
1564 3229 1704 3301 lapis
1747 3242 1878 3295 ony-

177 3318 395 3373 chinus.
429 3317 712 3373 Bdellium
741 3316 1060 3372 secundum
1094 3316 1371 3386 quosdam
1415 3316 1587 3371 arbor
1626 3323 1709 3371 est
1751 3328 1878 3370 aro-

178 3406 410 3472 matica,
443 3405 630 3461 colore
658 3404 846 3474 nigro,
893 3403 1297 3475 magnitudine
1332 3404 1517 3470 oliva,
1563 3403 1694 3458 folio
1723 3401 1875 3470 rubi,

171 3492 369 3549 fructu
416 3492 673 3563 capriﬁci
712 3492 930 3548 similis.
983 3491 1129 3547 Sunt
1176 3490 1354 3561 aliqui
1414 3492 1658 3561 Physon,
1711 3490 1767 3547 id
1797 3498 1881 3547 est

174 3582 419 3652 providi,
471 3589 607 3637 sunt
670 3581 897 3637 Evilath
949 3580 1099 3636 inter
1134 3580 1434 3636 obstacula
1472 3581 1616 3635 bene
1657 3580 1878 3649 agendo

173 3669 372 3735 validi,
426 3676 562 3725 sunt
618 3677 773 3725 terra
826 3671 1257 3738 perseveranter
1321 3667 1560 3736 immoti,
1624 3682 1878 3738 quorum

172 3766 431 3813 aromata
488 3757 594 3827 pia
648 3757 840 3813 ﬂuunt
888 3756 1195 3826 opinionis,
1255 3762 1312 3812 et
1371 3755 1501 3812 licet
1557 3754 1670 3811 sint
1713 3756 1877 3812 elata

176 3846 523 3916 palmarum,
575 3846 756 3915 nigra
803 3852 994 3900 tamen
1055 3845 1222 3915 quasi
1271 3858 1500 3909 corvus,
1551 3844 1641 3899 vel
1689 3845 1878 3900 studio

173 3933 538 3999 humilitatis,
584 3933 676 3988 vel
708 3933 983 3989 memoria
1029 3933 1238 3989 veteris
1282 3933 1750 3998 conversationis,
1783 3946 1879 3988 eos

172 4022 482 4093 exquirere
528 4020 817 4087 nituntur,
873 4020 976 4091 qui
1023 4019 1318 4076 charitatis
1348 4034 1415 4077 ac
1452 4019 1907 4087 misericordia,

176 4110 331 4182 quod
366 4109 635 4180 signatur
659 4109 831 4173 oliva,
864 4108 1090 4165 actibus
1133 4109 1408 4175 eminent,
1452 4117 1506 4165 et
1537 4122 1667 4164 cum
1700 4109 1876 4164 Paulo

1974 398 2143 465 casio,
2184 397 2487 469 sanguinis
2515 396 2791 453 eﬁ’usione
2823 408 3267 455 consummant:
3306 399 3470 456 fusus
3501 413 3671 456 nam-

1976 502 2089 558 que
2113 488 2434 558 nigrescere
2464 487 2602 542 solet
2628 486 2887 557 sanguis.

2053 576 2212 633 Ve’ns.
2252 579 2335 629 l3.
2381 606 2450 616 —
2504 579 2575 631 Et
2619 591 2809 630 nomen
2856 576 3086 631 secundo
3135 580 3299 645 ﬂuvio
3353 575 3470 649 [al.,
3520 581 3678 646 ﬂuvii

1974 664 2216 735 secunda]
2255 666 2472 722 Gehon:
2534 668 2651 734 ipse
2697 670 2776 720 est
2831 669 2926 733 qui
2977 669 3172 720 circuit
3226 681 3431 720 omnem
3470 673 3674 721 terram

1973 757 2281 824 .Ethiopia.
2329 754 2525 810 Gehon
2579 753 2988 824 interpretatur
3040 762 3257 823 pectus,
3313 753 3404 810 vel
3453 771 3673 824 pram—

1973 848 2169 915 ptum;
2202 857 2302 913 per
2334 851 2529 912 pectus
2558 847 2737 912 potest
2770 843 2949 913 accipi
3008 842 3299 911 fortitudo,
3333 857 3464 914 qua
3499 843 3674 900 nullis

1976 947 2107 1002 qua
2137 932 2448 1002 providerit
2483 932 2789 1001 prudentia
2836 938 3102 994 terretur.
3136 922 3245 988 aut
3285 932 3432 988 cedit
3461 933 3673 987 adver-

1975 1023 2071 1076 sis.
2105 1020 2267 1087 Quod
2309 1021 2459 1076 enim
2513 1020 2764 1076 brachiis
2819 1035 2933 1076 non
2992 1035 3319 1090 possumus,
3351 1020 3675 1090 pectoribus

1976 1117 2078 1167 aut
2108 1109 2443 1179 impingere,
2503 1115 2605 1165 aut
2652 1109 2879 1165 trahere
2921 1109 3191 1165 solemus.
3246 1109 3408 1166 Unde
3453 1116 3507 1164 et
3539 1108 3673 1178 qui-

1977 1198 2223 1254 busdam
2252 1196 2600 1253 animalibus
2647 1197 2831 1267 major
2862 1197 3003 1253 inihi
3048 1198 3132 1253 vis
3161 1204 3281 1267 est;
3312 1205 3368 1253 et
3393 1197 3676 1267 archiepi-

1976 1286 2163 1357 scopis
2186 1286 2293 1341 sub
2326 1286 2433 1341 hoc
2475 1293 2611 1356 typo
2660 1285 2898 1355 pallium
2954 1285 3121 1341 isthic
3170 1285 3393 1353 insidet,
3432 1293 3497 1341 ut
3534 1284 3675 1341 alios

1981 1375 2351 1446 pracedendo
2374 1374 2592 1430 fortiter
2618 1374 2873 1429 trahant.
2914 1373 3278 1443 Praruptum
3327 1381 3515 1429 autem
3556 1387 3673 1430 non

1977 1465 2081 1520 abs
2121 1478 2183 1519 re
2230 1463 2462 1530 dicitur,
2513 1463 2653 1533 quia
2686 1462 2731 1517 si
2768 1462 2927 1519 fortis
2970 1461 3027 1517 in
3071 1462 3315 1518 adversa
3354 1461 3475 1517 fore
3521 1462 3674 1517 desi-

1979 1552 2165 1613 deras,
2216 1551 2377 1621 prius
2423 1565 2568 1621 opus
2609 1559 2693 1606 est
2723 1558 2787 1607 ut
2817 1566 2948 1621 qua
2981 1551 3082 1607 tibi
3115 1565 3233 1620 pra
3262 1549 3443 1605 oculis
3473 1558 3679 1619 tempo-

1979 1641 2174 1697 raliter
2206 1640 2591 1695 blandiuntur
2621 1640 2954 1709 abrumpas.
3006 1639 3112 1694 Per
3136 1637 3485 1708 Ethiopiam
3519 1651 3672 1703 vero,

1975 1744 2107 1801 qua
2164 1729 2363 1800 nigros
2419 1728 2589 1784 habet
2661 1727 2924 1798 populos,
2975 1727 3262 1784 contraria
3325 1727 3673 1796 ﬁgurantur,

1976 1817 2060 1875 uti
2111 1829 2384 1887 prospera
2439 1816 2700 1872 candidis
2742 1823 2797 1872 et
2848 1830 3007 1872 nunc
3051 1823 3104 1872 et
3138 1816 3294 1886 apud
3335 1823 3555 1871 veteres
3596 1816 3675 1870 si-

1978 1906 2329 1978 gnabantur.
2362 1905 2578 1961 Circuit
2610 1918 2748 1975 ergo
2777 1904 2976 1960 Gehon
3020 1904 3198 1971 illam,
3245 1903 3383 1974 quia
3414 1902 3593 1959 ambit
3622 1909 3676 1959 et

1977 1994 2169 2064 ampla
2195 1994 2305 2050 sub
2337 1993 2605 2049 sementis
2628 1993 2967 2049 auctoritate
3005 1991 3367 2063 constringit,
3390 1990 3678 2063 quidquid

1977 2082 2232 2140 exterius
2271 2082 2538 2139 molestia
2587 2082 2826 2154 ingruit,
2879 2081 3164 2152 quidquid
3196 2080 3530 2151 [Ethiopica
3560 2087 3677 2136 ter-

1978 2171 2238 2227 renitatis
2263 2171 2530 2238 incurrit,
2566 2169 2778 2240 copiosi
2820 2170 3037 2226 ﬂuento
3082 2169 3303 2225 consilii
3349 2167 3681 2238 circumgy-

1978 2267 2068 2316 rat
2087 2265 2141 2315 et
2173 2258 2379 2315 abluit.

2050 2348 2215 2404 Vnus.
2270 2347 2355 2402 14.
2397 2348 2467 2403 Et
2518 2361 2707 2402 nomen
2753 2347 2994 2414 ﬂuminis
3039 2347 3189 2400 tertii
3242 2347 3439 2414 Tygris
3491 2359 3505 2398 :
3562 2345 3679 2413 ipse

1978 2436 2135 2491 vadit
2183 2441 2371 2491 contra
2421 2436 2698 2504 Assyrios.
2731 2433 2936 2505 Tygris
2985 2433 3398 2504 interpretatur
3447 2434 3674 2500 sagitta.

1982 2524 2088 2581 Per
2137 2528 2236 2579 as
2280 2522 2547 2595 sagittam
2596 2522 2973 2593 temperantia
3029 2536 3143 2578 non
3187 2521 3532 2576 inconcinna
3581 2534 3681 2576 ra-

1985 2612 2135 2669 tione
2163 2613 2459 2683 accipitur,
2484 2611 2862 2682 temperantia
2900 2618 3092 2667 autem
3131 2617 3333 2666 contra
3360 2610 3682 2679 voluptates

1984 2702 2177 2757 carnis
2213 2701 2514 2757 emittitur.
2559 2701 2745 2756 Arcus
2770 2713 3046 2770 namque,
3088 2698 3243 2770 quod
3278 2706 3361 2755 est
3396 2697 3679 2754 stoliditas

1983 2789 2257 2860 corporis,
2291 2789 2543 2845 interiori
2583 2789 2799 2845 virtute
2845 2794 3144 2850 curvatus,
3204 2793 3403 2843 contra
3433 2786 3677 2842 nebulas

1984 2878 2460 2949 concupiscentia
2525 2877 2793 2949 sagittam
2875 2876 3265 2946 temperantia
3331 2875 3377 2930 si
3445 2874 3679 2946 dirigat,

1988 2974 2277 3038 quatenus
2306 2965 2493 3022 videat
2521 2964 2675 3036 quod
2696 2963 2881 3031 feriat,
2917 2977 3105 3034 penna
3134 2962 3418 3019 virtutum
3453 2976 3567 3017 non
3599 2976 3684 3018 ca-

1988 3062 2129 3122 reat,
2161 3054 2402 3111 interius
2444 3052 2777 3110 intentionis
2824 3051 3135 3109 directione
3165 3050 3519 3122 pramineat,
3552 3050 3685 3107 sub-

1988 3143 2101 3200 tilis
2147 3142 2365 3214 ingenii
2412 3141 2678 3198 acumine
2729 3141 2892 3212 quasi
2953 3140 3204 3211 quodam
3267 3139 3416 3195 ferro
3472 3145 3682 3208 tempe-

1986 3231 2171 3288 randa
2214 3231 2447 3298 dividat,
2515 3245 2605 3297 ne,
2655 3230 2794 3286 dum
2852 3242 2990 3285 sane
3034 3227 3318 3298 providet,
3368 3226 3684 3297 saniusque

1986 3320 2207 3386 tolerat,
2239 3319 2435 3374 minus
2462 3332 2599 3374 sane
2645 3317 2785 3373 ﬁsus
2829 3317 2898 3373 de
2951 3330 3009 3373 se
3059 3316 3302 3371 nimium
3349 3322 3512 3371 actus
3554 3328 3687 3370 suos

1986 3407 2361 3463 discernendo
2408 3414 2731 3477 componat.
2780 3405 2926 3461 Nam
2964 3412 3046 3461 est
3097 3404 3289 3475 inepta
3341 3402 3686 3458 abscidenda

1984 3494 2273 3564 voluptas,
2318 3509 2433 3550 non
2488 3493 2716 3564 penitus
2764 3491 3160 3548 subtrahenda
3211 3490 3538 3558 necessitas,
3582 3503 3687 3545 nec

1985 3582 2118 3653 quis
2144 3583 2283 3638 dum
2328 3596 2387 3638 se
2430 3582 2621 3638 valere
2650 3581 2963 3647 existimat,
3003 3580 3249 3635 aliorum
3303 3584 3521 3634 mentes
3549 3593 3684 3633 con-

1986 3678 2201 3727 temnat
2251 3670 2550 3726 invalidas.
2618 3670 2751 3725 Hac
2819 3683 2921 3725 nos
2971 3666 3372 3737 temperantia,
3437 3680 3569 3736 qua
3628 3673 3683 3721 et

1983 3759 2250 3815 discretio
2283 3759 2451 3829 quasi
2506 3772 2705 3815 arcum
2754 3756 2963 3828 sagitta
3008 3754 3325 3826 pravolare
3376 3753 3560 3821 debet,
3608 3768 3685 3809 ne

1984 3845 2126 3917 quid
2183 3847 2552 3917 superveniat
2616 3845 2769 3916 quod
2834 3859 2940 3901 nos
2997 3842 3350 3900 inconsultos
3411 3840 3683 3898 oﬁ‘endat.

1984 3934 2141 3990 Istud
2173 3934 2268 3991 Dei
2300 3934 2515 3991 flumen
2539 3934 2818 4004 repletum
2850 3932 3019 4003 aquis
3043 3945 3157 3987 non
3175 3929 3379 3986 circuit
3403 3929 3683 3999 Assyrios,

1984 4023 2080 4079 sed
2113 4030 2176 4078 ut
2233 4023 2421 4078 hostes
2476 4021 2636 4078 vadit
2693 4020 2748 4076 in
2799 4020 2971 4091 ipsos.
3026 4019 3196 4075 Recte
3246 4018 3397 4074 enim
3458 4018 3685 4087 Physon

1982 4110 2234 4177 Evilath,
2267 4110 2461 4167 Gehon
2511 4109 2857 4180 jEthiopiam
2905 4107 3212 4164 circumire
3269 4106 3500 4172 dicitur,
3554 4119 3687 4161 cum

177 4196 428 4268 apostolo
454 4197 525 4252 ad
556 4210 682 4252 eam
724 4210 898 4267 quam
944 4196 1235 4253 consecuti
1265 4204 1403 4253 sunt
1450 4195 1717 4267 gratiam,
1744 4192 1876 4249 folio
1911 4212 1951 4264 [)
1991 4200 2083 4256 ille
2115 4199 2360 4267 muniat,
2397 4196 2541 4255 alter
2583 4199 2703 4269 juri
2752 4197 3022 4267 subjiciat
3071 4203 3282 4261 nostro,
3333 4201 3387 4251 et
3437 4195 3688 4250 circum-

178 4287 331 4354 rubi,
383 4286 438 4341 id
500 4292 586 4341 est
639 4285 814 4341 verbo
877 4284 1187 4341 Dominica
1241 4284 1542 4355 passionis,
1594 4296 1726 4353 qua
1778 4294 1877 4351 pro

174 4373 573 4443 peccatoribus
630 4372 779 4428 tacta
833 4379 937 4440 est,
998 4380 1053 4429 et
1121 4372 1263 4429 alios
1318 4378 1648 4442 provocant.
1714 4371 1879 4440 Lapis

176 4472 367 4519 autem
397 4476 555 4532 onyx
599 4461 675 4518 ab
706 4461 921 4532 unguis
950 4460 1328 4517 similitudine
1356 4459 1438 4516 sic
1475 4459 1726 4528 dicitur;
1760 4474 1878 4514 un-

180 4565 349 4621 guem
398 4559 592 4607 autem
639 4563 830 4606 meum
880 4549 1128 4616 attendo,
1186 4562 1255 4604 ea
1285 4555 1448 4619 parte
1506 4560 1625 4618 qua
1667 4547 1877 4617 surgit,

180 4646 413 4695 arcuato
447 4638 702 4709 quodam
738 4638 984 4707 primum
1033 4637 1229 4693 albore
1271 4635 1549 4702 suﬁundi,
1586 4635 1641 4690 in
1693 4636 1879 4691 medio

180 4740 416 4784 cernens
455 4727 688 4783 mistum
720 4726 966 4782 candore
992 4726 1285 4792 ruborem,
1319 4724 1588 4794 superius
1616 4723 1715 4779 ubi
1747 4737 1879 4779 car-

180 4830 309 4871 nem
336 4815 561 4872 excedit
589 4814 889 4870 sinceriter
909 4813 1156 4870 elucere.
1186 4812 1414 4868 Primus
1439 4812 1655 4868 candor
1686 4814 1880 4867 noster

180 4919 251 4961 ex
281 4903 564 4974 baptismo
608 4911 714 4968 est,
763 4903 867 4973 qui
913 4909 1105 4958 tamen
1152 4915 1294 4957 arcu
1327 4899 1538 4956 divina
1569 4898 1879 4969 Scriptura

182 4992 477 5063 divinique
499 4991 706 5063 judicii
737 4990 905 5061 quasi
955 4990 1099 5061 jugo
1149 4989 1540 5059 restringitur,
1571 4987 1688 5054 ,sed
1722 4993 1882 5056 post-

180 5082 408 5137 modum
464 5079 678 5137 rubore
727 5080 1017 5145 miscetur,
1065 5078 1394 5148 passionum
1442 5075 1657 5132 scilicet
1710 5076 1880 5132 evin-

180 5169 488 5225 ceudarum
527 5166 860 5223 incursione
891 5166 1183 5234 turbatur,
1208 5165 1397 5222 donec
1435 5163 1626 5220 carnis
1653 5177 1881 5220 carcere

181 5264 477 5328 exemptus
506 5255 688 5313 libera
743 5255 869 5312 cali
925 5255 1053 5313 luce
1098 5254 1345 5321 fruatur,
1387 5253 1583 5311 fructu
1612 5266 1749 5309 vero
1778 5266 1881 5308 ca-

186 5345 359 5416 priﬁci
412 5352 498 5401 est
556 5343 787 5411 similis,
843 5344 946 5415 qui
1017 5343 1119 5401 ubi
1165 5340 1554 5411 permaturuit
1600 5348 1724 5397 ater
1770 5348 1878 5410 est,

185 5434 320 5506 quia
343 5448 477 5493 cum
507 5433 695 5492 sancti
726 5433 838 5491 viri
870 5433 941 5489 ad
973 5431 1287 5501 perfectum
1334 5430 1632 5487 charitatis
1671 5429 1881 5502 attige-

1990 4288 2186 4344 cludat
2225 4287 2486 4354 adversa,
2519 4294 2573 4342 et
2620 4285 2937 4354 specialiter
2988 4284 3257 4353 voluptas
3303 4282 3376 4338 ad
3427 4295 3687 4353 unguem

1987 4384 2357 4447 oppugnetur
2384 4375 2638 4430 exclusa.
2691 4374 2910 4430 Dicitur
2960 4372 3110 4428 enim
3144 4388 3157 4425 :
3192 4371 3391 4438 Fugite
3432 4372 3689 4438 fornica-

1992 4468 2185 4519 tionem
2213 4463 2268 4534 (I
2323 4464 2453 4518 Cor.
2506 4478 2580 4529 vr,
2632 4462 2737 4530 l8),
2793 4461 2947 4532 quod
2997 4468 3081 4517 est
3124 4460 3330 4527 dicere,
3366 4458 3570 4530 Fugite
3601 4458 3689 4513 la-

1989 4566 2129 4623 psus
2155 4551 2683 4622 opportunitatem;
2713 4549 3046 4606 medullitus
3076 4548 3228 4605 enim
3277 4548 3485 4618 injacet
3525 4546 3691 4603 nobis

1988 4641 2098 4697 hoc
2126 4640 2355 4702 vitium.
2387 4638 2513 4695 ideo
2534 4638 2762 4695 cautius
2793 4637 3253 4708 insequendum;
3287 4636 3394 4691 hoc
3419 4642 3502 4691 est
3531 4648 3687 4689 nam-

1988 4744 2103 4800 que
2135 4729 2335 4795 Assur,
2371 4727 2525 4797 quod
2564 4725 2700 4782 aula
2748 4725 3183 4796 interpretatur.
3226 4722 3395 4787 Aula,
3428 4723 3568 4792 quia
3600 4736 3687 4777 re-

1989 4828 2125 4885 gum
2160 4822 2260 4869 aut
2303 4820 2598 4884 potentum
2647 4813 2853 4869 domus
2882 4819 2985 4879 est,
3040 4811 3307 4880 voluptas
3348 4809 3544 4866 saculi
3592 4809 3688 4865 in-

1989 4900 2288 4973 telligitur,
2318 4915 2422 4957 nec
2454 4899 2734 4957 immerito
2758 4915 2775 4970 ;
2817 4899 2877 4954 in
2907 4898 3057 4955 aulis
3085 4899 3238 4953 enim
3284 4897 3458 4953 totius
3486 4897 3689 4953 obsce—

1989 4988 2185 5044 nitatis
2229 4988 2490 5045 videmus
2525 5002 2647 5045 esse
2689 4986 3018 5059 gurgustia.
3065 4984 3226 5041 Unde
3253 4991 3375 5039 est:
3413 4984 3519 5051 Qui
3555 4987 3690 5041 mot-

1990 5076 2131 5130 libus
2188 5081 2516 5146 vestiuntur,
2582 5079 2640 5131 in
2687 5075 2931 5130 domibus
2979 5089 3166 5142 regum
3213 5077 3342 5127 sunt
3389 5075 3565 5140 (Matt.
3608 5090 3688 5140 xi,

1990 5165 2066 5232 8),
2103 5164 2156 5219 id
2185 5171 2269 5220 est
2298 5165 2401 5234 qui
2456 5164 2618 5221 ﬂuxa
2651 5163 3099 5234 amplectuntur,
3156 5160 3450 5217 domestici
3481 5160 3688 5217 damo-

1992 5266 2134 5307 num
2173 5260 2328 5308 sunt.
2386 5252 2447 5306 Hi
2496 5260 2633 5309 sunt
2676 5250 2910 5321 Assyrii,
2954 5249 3011 5305 id
3057 5257 3140 5305 est
3196 5248 3390 5315 aulici,
3437 5262 3688 5318 quorum

1993 5354 2106 5395 non
2136 5339 2333 5395 minus
2362 5339 2758 5411 persequenda
2803 5346 2940 5394 sunt
2968 5337 3235 5408 exempla
3263 5351 3439 5407 quam
3476 5336 3600 5406 ipsa
3632 5336 3691 5392 in

1994 5427 2160 5484 nobis
2190 5428 2345 5485 vitia.
2378 5427 2531 5485 Vitia
2575 5427 2803 5493 etenim,
2837 5441 2970 5497 qua
3006 5425 3199 5497 pudor
3226 5438 3375 5497 sape
3404 5425 3693 5495 reprimit,
