3884 6068
219 167 288 220 67

1116 166 1175 221 ν.
1217 165 1548 222 GUlBERTI
1585 168 1878 223 ABBATIS
1914 168 1977 223 S.
2025 168 2264 225 MARl/E
2305 168 2398 226 DE
2439 166 2830 226 NOVIGENTO

3665 177 3739 229 68

221 293 551 364 exemplum
581 307 831 364 nequam
877 296 1069 352 acrius
1114 298 1429 354 exsuscitat
1471 306 1526 354 et
1557 299 1756 356 nutrit.
1788 301 1917 354 Flu-
1945 302 1986 354 A
2026 300 2325 357 sentimus.
2361 302 2497 358 inde
2525 316 2699 372 super
2735 301 3043 372 psalmum,
3085 302 3375 361 canticum
3407 305 3585 376 Moysi
3621 307 3742 363 ho-

221 386 344 438 vius
373 398 495 437 vero
530 389 758 452 quartus
788 386 904 454 ipse
933 390 1012 439 est
1047 387 1374 456 Euphrates.
1408 387 1515 454 Qui
1545 396 1600 444 et
1632 390 1921 458 interpre-

222 480 396 528 tatur.
429 473 494 527 In
540 474 781 538 frugt'ter
810 487 926 544 quo
969 473 1311 545 intelligitur
1337 476 1582 546 justitia,
1619 491 1735 547 qua
1769 478 1919 533 Deus

219 572 393 629 super
415 573 583 614 omne
629 560 912 630 diligitur,
967 568 1020 617 et
1077 563 1338 632 proximo
1394 579 1500 620 sua
1555 564 1756 632 regula
1802 578 1917 620 non

219 655 483 718 negatur.
530 649 661 704 Hzec
687 657 770 705 est
816 649 1012 716 fomes,
1047 651 1167 708 hzec
1204 660 1287 708 est
1323 653 1472 723 frugi
1504 653 1690 708 tribus
1722 653 1917 722 prtuli-

217 736 383 804 batis,
413 736 657 808 aliisque
697 739 1029 810 quibusque
1059 741 1390 803 virtutibus,
1415 749 1469 797 et
1496 741 1915 811 spiritualibus,

217 824 303 881 uti
345 839 555 882 succus
596 835 651 882 et
696 828 947 884 medulla
1004 829 1329 885 arboribus.
1377 831 1654 886 Definitur
1701 838 1914 893 autem,

217 914 358 984 quia
400 913 634 971 habitus
687 923 772 972 est
831 918 1005 974 animi
1060 919 1354 974 communi
1401 919 1641 974 utilitate
1688 927 1916 976 servata

215 1015 380 1058 suam
435 1004 646 1074 cuique
709 1005 970 1062 tribuens
1035 1006 1392 1077 dignitatem.
1444 1007 1551 1063 Ubi
1601 1008 1915 1077 perfectum

215 1094 493 1165 quiddam
548 1095 791 1163 insonat,
839 1097 922 1152 sic
958 1111 1096 1166 erga
1125 1111 1416 1168 quemque
1449 1112 1508 1153 se
1549 1097 1760 1153 habere
1791 1098 1914 1154 fru-

214 1183 438 1253 galiter,
500 1191 563 1240 ut
628 1185 907 1256 generalis
953 1200 1066 1240 non
1115 1185 1412 1242 deseratur
1464 1187 1700 1243 utilitas.
1751 1185 1913 1254 Quod

213 1286 328 1327 non
356 1271 512 1327 aliud
541 1279 644 1337 est,
693 1273 801 1328 nisi
841 1281 903 1329 ut
947 1273 1195 1344 quisque
1237 1275 1319 1330 sic
1350 1275 1684 1339 honoretur,
1721 1282 1783 1332 ut
1807 1282 1910 1343 est,

215 1368 394 1432 utque
422 1369 694 1429 meretur,
730 1376 800 1416 ne
837 1361 1013 1417 unius
1044 1362 1130 1417 vel
1164 1377 1481 1432 paucorum
1512 1363 1914 1434 aspernatione

213 1463 314 1504 seu
345 1448 504 1502 cultu
541 1447 811 1502 omnibus
849 1449 1189 1505 scandalum
1221 1459 1546 1520 generetur.
1589 1451 1914 1520 Euphrates

213 1535 389 1605 igitur
418 1534 642 1605 frugem
679 1535 809 1590 vitae
854 1534 982 1603 fert,
1031 1537 1169 1607 quia
1195 1538 1388 1608 justus
1432 1538 1491 1594 in
1515 1538 1740 1609 justitia
1781 1554 1908 1608 sua,

211 1635 386 1691 quam
421 1629 692 1691 operatus
720 1631 824 1691 est,
856 1623 1030 1680 vivet.

281 1713 449 1769 Vsus.
505 1716 585 1766 15.
636 1743 707 1752 -
756 1714 900 1768 Tulit
949 1730 1074 1782 ergo
1123 1719 1386 1771 Dominus
1434 1721 1572 1773 Deus
1623 1719 1909 1789 hominem,

209 1805 258 1854 et
313 1803 495 1870 posuit
548 1817 663 1856 eum
695 1804 753 1855 in
809 1803 1074 1871 paradiso
1124 1806 1440 1874 voluptatis,
1486 1812 1547 1860 ut
1579 1812 1908 1876 operaretur,

208 1895 259 1943 et
285 1890 580 1945 custodiret
623 1891 797 1945 illum.
837 1893 1004 1948 Tollit
1059 1894 1209 1949 Deus
1248 1895 1558 1958 hominem,
1605 1910 1739 1952 cum
1774 1910 1909 1952 eum

205 1993 323 2035 suae
352 1979 594 2050 propriae
625 1980 826 2036 adimit
875 1981 1178 2040 voluntati.
1217 1983 1378 2039 Ponit
1409 1983 1468 2040 in
1506 1984 1768 2054 paradiso
1799 1999 1908 2040 vo-

206 2066 461 2138 luptatis,
499 2083 632 2125 cum
664 2083 827 2125 suam
873 2070 1165 2140 inspirans
1214 2072 1396 2128 facere
1426 2073 1779 2130 voluntatem
1821 2074 1909 2129 in-

206 2159 420 2226 sinuat,
479 2159 619 2229 quia
649 2173 708 2215 se
756 2174 920 2216 nosse
965 2160 1179 2226 vivere,
1229 2162 1336 2218 sibi
1403 2163 1615 2218 servire
1663 2177 1906 2234 regnare

206 2245 298 2300 sit.
334 2247 657 2315 Operamur
694 2262 824 2304 vero
877 2249 1232 2318 paradisum,
1283 2264 1418 2304 cum
1467 2251 1749 2307 bonorum
1777 2259 1905 2306 stu-

205 2334 314 2390 diis
352 2349 590 2406 operum
631 2351 808 2408 regno
828 2338 1102 2394 ccelorum
1134 2338 1249 2394 vim
1287 2339 1548 2405 facimus,
1583 2353 1716 2396 cum
1750 2354 1907 2410 quae—

205 2423 390 2480 rimus
447 2425 657 2494 ipsum,
721 2434 775 2482 et
817 2426 1101 2497 justitiam
1150 2428 1276 2499 ejus
1335 2428 1711 2494 custodimus,
1770 2441 1903 2484 cum

207 2510 365 2568 inani
409 2513 603 2585 gloriae
653 2515 799 2571 inter
845 2515 989 2571 bene
1039 2516 1330 2586 agendum
1383 2517 1603 2573 aditum
1645 2517 1902 2573 obstrui-

206 2613 356 2656 mus.

277 2687 445 2746 Vens.
515 2692 598 2744 16.
653 2719 712 2730 -
766 2693 1130 2760 Praecepitque
1208 2694 1259 2745 ei
1315 2695 1456 2748 Deus
1529 2692 1749 2747 dicens:
1804 2694 1902 2748 Ex

203 2781 348 2832 omni
375 2779 520 2846 tigno
549 2779 808 2848 paradisi
842 2780 1086 2834 comede:
1118 2780 1183 2834 de
1236 2782 1384 2850 ligno
1434 2786 1612 2835 autem
1667 2785 1902 2836 scientiae

203 2865 328 2920 boni
353 2872 402 2920 et
459 2868 594 2922 mali
645 2884 711 2922 ne
769 2869 1034 2924 comedas.
1086 2869 1176 2924 Ex
1231 2870 1388 2926 omni
1441 2870 1600 2941 ligno
1648 2870 1900 2941 paradisi

200 2955 575 3024 comedimus,
638 2957 872 3026 quando
916 2959 1094 3014 vitam
1156 2959 1313 3014 omni
1371 2959 1640 3015 refertam
1691 2955 1969 3016 virtute“

201 3045 594 3114 transigimus.
629 3045 808 3117 Ligno
841 3045 1090 3102 scientiae
1136 3046 1272 3102 boni
1301 3054 1354 3103 et
1397 3047 1532 3103 mali
1580 3062 1694 3104 non
1721 3048 1896 3104 vesci-

200 3146 352 3200 mur,
386 3147 521 3190 cum
552 3134 848 3191 voluntate
875 3141 1071 3190 nostra
1117 3135 1176 3190 in
1211 3135 1625 3206 experientiam
1663 3136 1894 3206 peccati,

199 3235 318 3291 qua
363 3222 578 3278 bonum
629 3223 784 3293 quod
844 3223 1202 3280 habebamus
1267 3223 1494 3295 plenius
1541 3225 1896 3295 agnoscitur,

197 3325 313 3365 non
359 3311 677 3368 abutimur.
714 3311 820 3368 Sed
876 3313 944 3368 de
984 3313 1072 3369 his
1101 3315 1370 3384 superius
1405 3328 1472 3369 ac
1513 3314 1648 3370 satis
1680 3313 1894 3370 dictum

195 3404 299 3453 εει.

267 3486 436 3544 Vens.
474 3491 558 3542 l7.
605 3517 670 3529 -
706 3490 770 3543 In
795 3504 1132 3560 quacumque
1187 3491 1330 3544 enim
1384 3489 1473 3544 die
1515 3505 1582 3543 ea:
1633 3504 1689 3543 eo
1719 3504 1894 3544 come-

193 3574 364 3641 deris,
409 3582 578 3631 morte
615 3580 881 3632 morieris.
915 3576 1297 3645 Comedimus,
1327 3592 1459 3634 cum
1499 3591 1705 3647 praevae
1737 3577 1892 3633 dele-

193 3664 461 3720 ctationis
489 3666 660 3721 etiam
707 3664 829 3721 sine
879 3673 1014 3722 actu
1062 3666 1383 3722 extrinseco
1429 3680 1690 3736 saporem
1736 3666 1890 3722 exci-

195 3767 327 3823 pere
362 3755 789 3823 consentimus;
850 3755 944 3811 sed
978 3756 1118 3826 quia
1147 3754 1335 3812 virtus
1380 3755 1596 3824 peccati
1627 3769 1800 3820 mors,
1835 3755 1890 3809 id

191 3850 280 3898 est
327 3843 622 3899 delectatio
657 3857 776 3899 esse
805 3843 1182 3914 dignoscitur,
1211 3851 1391 3900 morte
1423 3845 1723 3911 morimur,
1757 3859 1890 3900 cum

193 3945 227 3985 a
280 3939 436 3987 statu
482 3931 587 4001 pize
632 3931 964 3988 intentionis
1011 3931 1192 3988 divini
1242 3932 1504 3988 desiderii
1554 3931 1888 3987 exclusione

190 4019 512 4091 dejicimur.
562 4020 666 4077 Sed
698 4034 879 4091 quare
914 4020 971 4076 in
1003 4020 1093 4076 die
1132 4034 1263 4076 cum
1297 4034 1413 4075 nox
1464 4027 1760 4090 peccatum
1793 4019 1884 4087 sit,

191 4108 311 4164 dies
349 4109 652 4180 aliquoties
691 4123 790 4179 pro
824 4108 1082 4180 qualibet
1132 4108 1505 4179 prosperitate
1552 4101 1882 4176 asSumitur,

2028 390 2199 446 minis
2234 391 2351 446 Dei.
2386 391 2529 447 Cum
2581 391 2838 462 spiritus,
2883 399 2938 447 et
2990 391 3247 448 homines
3297 393 3455 461 boni,
3501 403 3556 450 et
3591 396 3741 451 mali

2029 479 2126 534 Dei
2150 479 2280 536 sint.
2321 481 2497 536 Homo
2555 480 2646 536 hic
2687 481 2759 536 ob
2801 480 2892 536 sui
2942 480 3326 552 integritatem
3359 484 3616 553 ponitur,
3660 485 3741 540 ob

2027 567 2181 636 quod
2213 574 2266 623 et
2296 568 2392 622 Dei
2422 582 2541 624 esse
2569 568 2796 625 dicitur.
2832 570 2954 626 Illic
2978 571 3188 626 etiam:
3228 573 3293 626 In
3341 573 3432 626 die
3479 574 3578 627 illa
3617 590 3742 628 nu-
3785 604 3789 608 -

2028 658 2154 710 triet
2199 656 2353 710 homo
2405 673 2628 714 vaccam
2698 659 2853 713 boum
2916 660 3081 730 (Isai.
3140 677 3236 725 vn,
3300 664 3415 730 2i):
3463 661 3568 718 Sed
3622 663 3743 719 ista

2026 739 2274 795 hominis
2312 740 2533 809 puritas
2574 739 2620 794 si
2655 740 2892 811 jugiter,
2935 749 3035 797 aut
3073 742 3245 798 etiam
3293 743 3636 814 aliquandiu
3677 745 3739 800 ei

2024 827 2180 894 insit,
2237 842 2531 884 summum
2585 828 2711 900 ejus
2776 829 3098 898 periculum
3158 845 3280 887 esse
3341 838 3541 901 potest,
3585 841 3740 890 teste

2024 916 2224 978 Paulo.
2277 917 2372 973 cui
2420 917 2592 973 datur
2633 917 2903 973 stimulus
2933 919 2993 987 (Ι
3028 920 3157 975 Cor.
3191 936 3287 985 xu,
3330 921 3408 992 7),
3455 935 3527 977 ne
3555 936 3740 978 reve-

2023 1005 2336 1062 lationibus
2365 1006 2692 1062 extollatur.
2727 1006 2847 1062 Etsi
2876 1007 3027 1062 enim
3063 1008 3268 1064 cadum
3297 1009 3479 1065 sancti
3504 1025 3738 1067 vocan-

2024 1102 2138 1162 tur,
2173 1096 2467 1152 silentium
2498 1104 2688 1152 tamen
2733 1096 2790 1151 in
2829 1096 2968 1152 coelo
2997 1097 3097 1152 vix
3130 1098 3317 1154 media
3346 1100 3488 1155 hora
3512 1115 3735 1157 conce-

2022 1184 2200 1240 ditur.
2237 1184 2402 1241 Solus
2417 1198 2554 1254 ergo
2584 1184 2752 1240 homo
2781 1184 2941 1244 foret.
2971 1185 3019 1240 si
3051 1186 3198 1242 hanc
3227 1186 3437 1244 silentii
3469 1189 3736 1258 quietem

2022 1272 2277 1329 haberet.
2307 1273 2434 1330 Non
2480 1281 2566 1329 est
2591 1280 2783 1329 autem
2813 1273 3051 1342 bonum,
3090 1289 3160 1331 ne
3200 1276 3384 1345 pariat
3415 1277 3523 1332 sibi
3555 1291 3736 1334 arro-

2023 1361 2232 1431 gantizc
2280 1370 2501 1431 typum.
2553 1362 2810 1431 Denique
2858 1362 2918 1418 fit
2967 1377 3000 1418 a
3059 1365 3169 1419 Deo
3216 1364 3325 1420 sibi
3367 1365 3732 1436 adjutorium

2020 1449 2220 1504 similis
2266 1449 2393 1516 sibi,
2439 1449 2578 1505 dum
2629 1449 2847 1520 fragilis
2888 1451 3245 1522 originaliter
3292 1454 3432 1523 ipse,
3463 1469 3577 1510 non
3608 1469 3733 1510 na-

2021 1539 2297 1595 turalium
2323 1538 2494 1594 etiam
2523 1537 2897 1610 fragilitatum
2930 1539 3291 1597 immersione
3317 1543 3612 1610 continua,
3649 1559 3730 1601 ex

1942 1608 1982 1662 Β
2022 1627 2236 1698 peccati
2295 1641 2461 1696 paena
2516 1627 2586 1682 ad
2621 1608 2724 1684 sui
2773 1629 3036 1684 notitiam
3080 1638 3405 1686 revocatur.
3455 1608 3606 1688 Cum
3649 1634 3727 1691 sit

1930 2928 1967 2981 C

2018 1715 2172 1772 enim
2230 1715 2484 1786 passibili
2525 1729 2761 1786 corpore
2801 1731 2872 1773 ne
2903 1723 3002 1772 τι)
3031 1717 3100 1774 de
3143 1719 3346 1775 mentis
3381 1720 3576 1790 aliquo
3614 1731 3731 1777 sta-

2021 1813 2084 1861 tu
2123 1804 2413 1874 superbiat
2464 1805 2684 1875 patitur
2720 1805 3007 1862 molestias
3055 1807 3335 1877 passionis
3381 1809 3440 1864 in
3486 1817 3723 1879 mente;

2019 1894 2173 1950 unde
2209 1893 2707 1950 commonitorium
2759 1895 2912 1951 circa
2956 1909 3016 1952 se
3063 1896 3254 1964 habet,
3289 1897 3442 1968 quod
3467 1912 3525 1953 se
3555 1899 3727 1970 adju-

2018 1991 2111 2038 vet
2141 1982 2246 2037 sibi
2279 1997 2380 2052 per
2418 1982 2787 2053 fragilitatem
2827 1982 3030 2040 simile.
3064 1985 3238 2042 Porro
3277 1987 3426 2042 Deus
3470 1987 3525 2042 id
3558 1986 3718 2053 facit,

2018 2085 2150 2126 cum
2184 2071 2305 2127 ﬁeri
2329 2071 2486 2142 justo
2511 2071 2727 2142 judicio
2763 2072 3055 2142 permittit.

2087 2160 2254 2217 Vens.
2294 2163 2376 2215 l9.
2428 2191 2498 2200 ——
2555 2161 2831 2215 Formatis
2891 2161 3065 2230 igitur
3133 2163 3396 2218 Dominus
3441 2164 3506 2219 de
3554 2165 3721 2219 humo

2015 2251 2218 2304 cunctis
2273 2249 2645 2304 animantibus
2731 2255 2888 2304 terra:
2964 2255 3014 2305 et
3070 2254 3338 2306 universis
3397 2253 3720 2308 volatilibus

2015 2340 2157 2406 cccii,
2205 2339 2445 2392 adduxit
2489 2355 2552 2392 ea
2591 2339 2665 2393 ad
2712 2339 2920 2405 Adam,
2966 2345 3027 2393 ut
3075 2340 3281 2395 videret
3323 2341 3456 2409 quid
3499 2348 3722 2395 vocaret

2013 2443 2095 2482 ea.
2157 2430 2230 2482 De
2277 2427 2439 2482 humo
2478 2427 2758 2483 Dominus
2808 2425 3063 2483 volatilia
3121 2427 3244 2483 coeli
3297 2441 3364 2483 ac
3391 2427 3718 2485 animantia

2012 2521 2177 2570 terrae
2208 2513 2434 2583 format,
2475 2514 2614 2570 dum
2649 2514 3161 2585 contemplationis,
3209 2521 3264 2570 et
3294 2515 3538 2570 actualis
3578 2515 3714 2573 vitae

2014 2603 2162 2659 bona
2216 2617 2316 2673 per
2367 2602 2749 2660 humilitatem
2806 2603 3205 2671 tentationum,
3267 2603 3564 2673 nostrique
3615 2619 3712 2661 co-

2011 2692 2322 2762 gnitionem
2393 2692 2466 2748 ad
2542 2691 2936 2761 supercceleste
3006 2691 3304 2761 exemplar
3379 2693 3714 2762 expressius

2011 2779 2176 2836 nobis
2222 2780 2527 2849 instaurat,
2577 2779 2786 2850 suique
2827 2787 2881 2835 et
2929 2779 3172 2850 angelici
3223 2779 3458 2836 habitus
3500 2780 3709 2851 imagi-

2009 2883 2140 2925 nem
2197 2869 2422 2924 format.
2473 2867 2722 2924 Adducit
2777 2876 2969 2924 autem
3029 2868 3104 2922 ad
3156 2868 3355 2934 Adam,
3412 2883 3544 2925 cum
3584 2871 3709 2925 haec

2009 2956 2365 3026 disponenda
2418 2964 2473 3012 et
2533 2956 2793 3012 curanda
2872 2963 3080 3012 nostrae
3155 2956 3392 3026 imperio
3467 2956 3708 3012 rationis

2008 3045 2244 3102 addicit.
2285 3045 2595 3111 Utvideret,
2643 3045 2828 3101 Adam
2868 3045 3081 3101 scilicet
3111 3045 3251 3115 ipse,
3285 3045 3341 3101 id
3379 3051 3461 3102 est
3491 3045 3706 3102 discer-

2008 3140 2188 3202 neret,
2223 3133 2357 3202 quid
2383 3139 2596 3188 vocaret
2629 3150 2712 3199 ea,
2764 3133 2819 3188 id
2847 3141 2930 3189 est
2971 3133 3189 3203 quibus
3220 3147 3481 3204 quasque
3510 3133 3707 3190 virtu-

2008 3229 2089 3279 tes
2153 3221 2500 3292 qualitatum
2569 3221 3071 3278 distributionibus
3148 3222 3470 3293 insigniret.
3539 3223 3706 3278 Omne

2003 3313 2146 3366 enim
2189 3311 2334 3380 quod
2362 3314 2575 3366 vocavit
2619 3310 2824 3378 Adam,
2879 3312 3085 3365 anime
3127 3313 3380 3378 viventis,
3414 3313 3594 3381 ipsum
3621 3317 3704 3367 est

2001 3415 2191 3456 nomen
2251 3400 2388 3469 ejus.
2440 3399 2686 3455 Nomina
2726 3399 3064 3469 quibusque
3112 3399 3450 3455 substantiis
3495 3414 3568 3458 ex
3615 3415 3704 3456 ea-

2004 3488 2267 3544 rumdem
2310 3487 2606 3560 qualitate,
2655 3495 2711 3543 et
2745 3491 2914 3543 etiam
2961 3486 3088 3542 aliis
3139 3502 3256 3543 non
3305 3488 3702 3544 substantiatis

2003 3576 2175 3632 rebus
2217 3575 2429 3645 imponi
2477 3575 2679 3631 solent.
2723 3577 2925 3631 Nomen
2971 3589 3106 3630 vero
3158 3588 3258 3644 pro
3297 3575 3562 3644 opinione
3609 3577 3698 3632 vel

2000 3664 2376 3720 existimatione
2428 3677 2574 3734 saepe
2624 3665 2877 3733 ponitur,
2936 3671 3002 3719 ut
3052 3671 3172 3719 est:
3245 3666 3448 3720 Nomen
3505 3664 3700 3719 bonum

2001 3755 2188 3808 melius
2239 3759 2317 3808 est
2373 3769 2537 3822 quam
2590 3752 2797 3806 divitia:
2844 3753 3026 3807 multa
3075 3752 3254 3822 (Prov.
3303 3768 3438 3817 χχιι,
3476 3752 3545 3823 1).
3580 3752 3694 3809 Vo-

1997 3850 2089 3898 cat
2139 3842 2335 3913 itaque
2390 3842 2574 3898 Adam
2631 3841 2856 3897 animas
2917 3841 3193 3906 viventes,
3249 3840 3306 3895 id
3369 3847 3452 3896 est
3498 3839 3696 3897 vitalia

1997 3931 2281 3988 virtutum
2327 3931 2516 3988 studia
2564 3930 2759 3986 subtili
2817 3930 2888 3986 ad
2938 3928 3375 4000 intelligendum
3451 3929 3695 4001 indaga-

1999 4021 2146 4076 tione
2225 4020 2604 4076 disterminat.
2665 4019 2810 4075 Sunt
2869 4026 3060 4074 autem
3132 4020 3327 4072 anima
3395 4032 3527 4088 qum
3579 4033 3693 4074 non

1995 4109 2219 4174 vivunt,
2249 4109 2390 4179 quia
2437 4116 2573 4164 sunt
2627 4122 2803 4179 opera
2855 4108 3114 4163 exterius
3152 4107 3283 4162 vitae
3340 4121 3547 4162 nomen
3582 4107 3692 4163 ha-

192 4205 256 4253 ut
286 4204 410 4253 est:
462 4198 528 4253 In
571 4197 676 4251 hac
719 4197 806 4251 die
845 4213 963 4266 qua:
995 4197 1070 4250 ad
1093 4213 1282 4266 pacem
1314 4197 1417 4251 tibi
1447 4198 1595 4267 (Luc.
1630 4213 1738 4258 xix,
1770 4196 1879 4263 42).
1915 4226 1956 4280 D
1994 4197 2206 4265 bentia,
2238 4197 2336 4253 sed
2393 4197 2706 4254 introrsum
2748 4210 2850 4266 per
2896 4195 3275 4253 cenodoxiam
3325 4202 3574 4251 mortua.
3604 4197 3690 4252 Ita

192 4285 260 4341 Et
307 4300 540 4354 peccare
590 4285 822 4354 volenti,
863 4303 996 4343 cum
1040 4302 1310 4358 prospere
1359 4286 1603 4343 facultas
1645 4286 1878 4351 arridet,

189 4373 309 4429 dies
337 4375 573 4444 quidam
620 4374 678 4429 in
722 4375 1036 4431 obscurum
1083 4375 1376 4432 rediturus
1416 4375 1618 4431 elucet.
1655 4374 1803 4430 Solet
1831 4382 1886 4431 et

191 4475 291 4530 per
319 4461 467 4518 diem
510 4463 907 4533 intelligentia,
957 4464 1103 4521 sicut
1139 4473 1195 4520 et
1241 4480 1343 4535 per
1368 4470 1590 4520 noctem
1623 4463 1886 4533 ignoran-

190 4550 266 4605 tia
318 4551 518 4620 arcipi.
564 4550 810 4617 Quidam
839 4566 972 4608 vero
1024 4553 1406 4623 quantitatem
1449 4551 1732 4622 cujusque
1779 4553 1886 4606 cri-

191 4637 360 4692 minis
412 4638 483 4693 ad
541 4639 774 4707 plenum
828 4638 1206 4709 intelligentes
1269 4645 1522 4709 peccant,
1571 4638 1639 4694 de
1671 4638 1886 4708 quibus

188 4735 307 4782 est:
371 4727 713 4782 Descendunt
758 4729 814 4782 in
873 4730 1149 4795 infernum
1198 4732 1433 4782 viventes
1491 4729 1662 4797 (Psat.
1729 4744 1878 4792 cxut,

194 4818 298 4884 l7).
347 4815 540 4886 Aliqui
585 4816 641 4872 id
687 4816 874 4872 metiri
930 4817 1214 4884 nesciunt,
1266 4816 1514 4885 caecique
1561 4823 1762 4883 ruunt,
1815 4817 1884 4871 de

189 4904 405 4972 quibus
459 4905 704 4962 dicitur:
763 4906 913 4960 Sicut
967 4921 1087 4960 oves
1166 4908 1223 4959 in
1273 4907 1489 4972 inferno
1533 4907 1704 4974 positi
1757 4911 1884 4958 sunt

189 4993 354 5062 (Psal.
399 5010 582 5062 xum,
620 4994 726 5063 l5).
770 4994 1151 5049 Tantumdem
1205 4994 1397 5064 itaque
1449 4993 1582 5063 quis
1617 4992 1881 5061 moritur,

189 5091 477 5152 quantum
505 5083 660 5153 quod
689 5082 936 5138 admittit
965 5083 1303 5140 intellexisse
1335 5083 1632 5154 probatur.

259 5172 424 5228 Vens.
477 5171 560 5226 l8.
595 5201 663 5212 —-
712 5173 862 5226 Dixit
892 5186 1100 5241 quoque
1127 5174 1382 5227 Dominus
1437 5173 1620 5226 Deus:
1653 5186 1759 5224 non
1803 5174 1881 5223 est

187 5260 381 5314 bonum
422 5276 532 5314 esse
581 5261 846 5337 hominem
892 5261 1098 5327 solum;
1147 5262 1418 5326 faciamus
1460 5264 1510 5314 ei
1545 5253 1880 5327 adjutorium

183 5352 360 5406 simile
389 5353 496 5405 sui.
532 5351 849 5420 Hominem,
899 5352 998 5423 qui
1030 5365 1151 5407 suae
1198 5351 1449 5407 motibus
1493 5348 1684 5403 carnis
1712 5347 1881 5404 ratio-

185 5437 275 5492 nis
330 5437 566 5506 imperio
611 5437 819 5506 praesit,
898 5451 1002 5492 nec
1066 5436 1381 5505 pecuaiiter
1435 5441 1734 5504 evagatur,
1785 5433 1878 5488 llic

1996 4301 2249 4358 namque
2298 4300 2400 4342 nos
2446 4285 2703 4341 moderni
2751 4285 2821 4339 de
2866 4283 3150 4340 virtutum
3195 4284 3432 4340 scientia
3479 4285 3688 4355 cogita-

1996 4391 2143 4441 mus,
2176 4376 2262 4432 uti
2292 4375 2364 4431 ab
2405 4374 2494 4430 his
2520 4373 2622 4444 qui
2664 4372 2784 4429 veri
2826 4372 2983 4428 fuere
3012 4372 3196 4428 Adam
3235 4373 3496 4443 patribus
3532 4388 3689 4430 acce-

1996 4466 2206 4535 pimus.
2259 4464 2364 4520 Sed
2407 4476 2585 4533 quam
2634 4461 2921 4517 subtiliter
2973 4461 3181 4530 ipsum,
3214 4462 3366 4532 quod
3394 4469 3477 4518 est
3509 4462 3688 4518 Adam

1993 4568 2203 4620 nomen,
2235 4551 2329 4608 hic
2359 4549 2669 4606 inducatur
2694 4547 3126 4604 attendendum.
3160 4549 3345 4604 Adam
3373 4549 3689 4606 secundum

1994 4640 2237 4711 quodin
2295 4637 2670 4709 sequentibus
2722 4636 2949 4706 legitur,
3011 4635 3103 4691 vir
3160 4644 3215 4692 et
3275 4637 3545 4693 mulicra
3579 4639 3689 4694 Deo

1997 4728 2180 4784 vocati
2220 4735 2375 4794 sunt,
2433 4733 2487 4782 et
2547 4726 2955 4793 interpretatur
3026 4723 3216 4780 homo.
3290 4726 3398 4791 Qui
3452 4726 3688 4781 adhaeret

1994 4820 2236 4884 Domino,
2275 4816 2448 4886 juxta
2509 4814 2866 4883 Apostolum,
2915 4829 3054 4868 unus
3109 4817 3343 4882 spiritus
3382 4821 3460 4869 est
3490 4817 3538 4884 (1
3568 4817 3683 4871 Cor.

1993 4921 2065 4973 vi,
2102 4905 2211 4973 l7),
2274 4910 2327 4959 et
2376 4902 2702 4958 animalitas
2758 4909 2955 4958 nostra
3011 4903 3174 4972 plene
3231 4904 3480 4958 subnixa
3527 4903 3686 4959 intel-

1992 4993 2182 5059 lectui,
2207 5005 2409 5048 revera
2433 4991 2552 5061 jam
2584 4999 2819 5047 excocta
2869 4991 3193 5062 fragilitatis
3240 4991 3474 5048 mollitie
3520 4992 3686 5048 homo

1991 5089 2094 5138 est.
2151 5083 2319 5138 Recte
2372 5081 2568 5152 igitur,
2622 5089 2925 5151 postquam
2959 5081 3016 5136 in
3056 5089 3252 5137 nostra
3307 5081 3493 5136 facere
3538 5081 3686 5137 Deus

1993 5170 2191 5240 incipit
2225 5170 2558 5226 infirmitate
2588 5170 2882 5237 virtutem,
2924 5177 3228 5240 postquam
3259 5169 3514 5226 volatilia
3539 5171 3681 5237 cmli,

1994 5257 2047 5312 id
2079 5264 2162 5312 est
2206 5257 2536 5327 spirituales
2585 5257 2819 5328 gratias,
2858 5272 2926 5312 ac
2968 5257 3288 5312 animantia
3326 5265 3510 5324 terra),
3549 5257 3685 5312 scili-

1991 5351 2077 5400 cet
2104 5357 2219 5411 eas,
2263 5344 2480 5415 quibus
2523 5345 2785 5401 humana
2836 5344 3163 5401 illustratur
3190 5344 3338 5399 actio
3375 5343 3684 5399 honestatis

1991 5440 2224 5501 sanciat,
2283 5432 2550 5489 scientias
2605 5439 2778 5503 atque
2843 5431 3053 5488 bestias
3113 5439 3279 5488 terrae
3338 5432 3460 5487 suis
3502 5433 3680 5488 Adam
