3884 6068
133 135 214 186 G9

1355 137 1722 195 MORALIUM
1781 137 1849 191 IN
1902 133 2208 193 GENESIN
2266 137 2393 192 LIB.
2451 137 2516 192 ll.

3612 148 3681 201 7U

134 272 539 342 appellaverit
579 271 930 338 nominibus,
977 272 1034 328 id
1080 279 1164 328 est
1193 273 1551 337 calliditates,
1601 274 1691 330 vel
1722 273 1861 328 fero-
1892 280 1938 332 Α
1976 293 2237 350 operum,
2289 281 2594 352 cujusdam
2648 283 2790 340 fiede
2840 285 3240 342 teneritudinis
3290 288 3565 346 fabricam
3617 291 3672 347 in

137 362 275 416 cias
303 361 659 428 daemonum,
711 376 813 417 seu
856 359 1129 417 vitiorum
1163 361 1339 417 variis
1386 361 1666 432 conjicere
1697 377 1866 419 nove-

133 450 223 504 rit
286 450 846 520 disquisitionibus;
901 458 1059 518 tunc,
1133 450 1392 521 inquam,

131 626 256 680 iste
313 628 620 696 perlectus.
672 627 776 682 Sed
825 628 884 683 in
934 627 1024 683 his
1075 629 1397 698 gratiarum
1463 630 1864 687 collationibus

133 729 269 770 non
301 723 391 771 est
413 715 662 786 adjutor,
689 715 789 786 qui
814 731 933 771 suae
954 717 1058 772 sibi
1084 717 1461 774 humanitatis
1482 719 1861 776 humilitatem

138 818 273 874 prae
325 804 511 859 oculis
566 811 798 871 statuat,
828 805 923 860 sed
981 805 1265 862 virtutum
1313 806 1446 862 hinc
1501 815 1554 863 et
1612 809 1741 864 inde
1789 810 1861 864 ad

138 900 362 948 votum
388 894 745 949 exuberante
793 894 955 964 copia
994 909 1157 950 mens
1200 895 1310 950 sibi
1352 911 1492 965 pene
1551 897 1861 968 plusquam

141 981 421 1036 humana
453 982 700 1038 videtur.
760 983 841 1038 Ne
893 983 1088 1053 itaque
1143 983 1264 1040 haec
1316 999 1374 1040 se
1414 986 1580 1042 statio
1617 987 1859 1057 depellat

138 1069 203 1123 in
240 1069 498 1140 lapsum,
530 1071 628 1126 dat
656 1071 708 1126 ei
758 1071 1117 1141 providentia
1155 1073 1355 1129 divina
1396 1074 1658 1141 similem,
1689 1078 1858 1146 cujus

137 1157 480 1214 titillatione
519 1158 806 1230 frequenti
837 1175 1003 1216 suam
1052 1171 1531 1219 commemoretur
1566 1166 1856 1222 attendere

135 1246 562 1303 conditionem.
617 1248 756 1304 Inde
799 1248 1051 1305 dicitur:
1112 1250 1250 1306 Ade
1293 1267 1417 1306 vero
1460 1268 1566 1308 non
1616 1256 1854 1308 invenie-

135 1335 316 1391 batur
341 1335 565 1406 adjutor
589 1339 784 1392 similis
814 1339 948 1407 ejus.
982 1339 1051 1394 Et
1081 1339 1372 1410 deinceps:

213 1425 398 1480 Vens.
455 1428 546 1490 2t,
595 1428 682 1480 2'2.
740 1457 809 1465 —
867 1429 1098 1482 Immisit
1136 1445 1261 1497 ergo
1306 1414 1568 1484 Dominus
1611 1447 1853 1501 soporem

135 1516 195 1565 in
220 1514 435 1580 Adam,
485 1520 536 1568 et
584 1517 708 1568 tulit
749 1532 913 1570 unam
957 1516 1021 1570 de
1068 1520 1225 1572 costis
1273 1518 1411 1588 ejus,
1461 1525 1510 1573 et
1556 1520 1851 1590 aediﬁcavit

1464 460 1613 508 recte
1681 452 1866 522 primo

136 537 462 594 inducitur
507 538 712 605 Adam,
761 538 998 594 scientia
1045 539 1306 596 videlicet
1365 554 1432 596 ac
1476 556 1643 611 opere
1673 549 1866 599 noster

1978 369 2169 424 animo
2227 369 2562 426 ﬂuctuantis
2620 372 2824 442 erigit:
2886 377 3023 428 Deus
3072 379 3170 444 qui
3197 392 3302 430 non
3339 381 3553 446 patitur
3580 395 3673 434 nos

1978 457 2179 511 tentari
2251 474 2421 527 supra
2478 459 2538 512 id
2592 461 2736 529 quod
2805 477 3087 530 possumus
3158 464 3205 534 (Ι
3266 467 3383 521 Cor.
3447 483 3498 533 x,
3563 469 3669 535 13),

1976 546 2124 603 hanc
2155 547 2225 602 ad
2277 562 2378 604 nos
2405 549 2656 617 adducit,
2704 551 2843 620 quia
2879 553 2988 608 sub
3029 553 3161 622 jure
3201 563 3396 610 nostro
3452 569 3552 625 per
3584 571 3666 611 re-

1973 635 2229 691 divivam
2303 636 2542 692 rationis
2625 639 2958 707 potentiam,
3028 646 3126 695 30
3178 657 3406 698 onmem
3465 645 3671 700 mentis

1973 723 2202 780 ﬂuxum
2243 725 2411 795 quasi
2462 739 2695 782 servum
2742 728 3002 799 refugam
3062 729 3288 800 redigit.
3338 733 3406 786 At
3450 732 3518 788 de
3550 732 3671 802 ipsa

1970 821 2235 868 revocata
2259 815 2379 884 jam
2420 814 2641 870 cautior
2687 817 2868 872 Adam
2913 825 3102 873 noster
3133 819 3274 888 quid
3305 819 3530 888 sentiat,
3564 835 3667 877 au-

1969 900 2214 957 diamus.

2040 991 2208 1047 Vens.
2243 993 2331 1046 ‘23.
2369 1020 2436 1033 —
2470 994 2579 1046 Hoc
2617 1009 2759 1047 nunc
2811 1009 2888 1062 os,
2937 995 3149 1065 inquit,
3181 1011 3248 1050 ea:
3278 996 3488 1052 ossibus
3515 999 3667 1066 meis,

1966 1083 2018 1132 et
2071 1095 2196 1134 caro
2245 1080 2311 1133 de
2369 1096 2528 1134 carne
2573 1097 2740 1136 mea:
2799 1083 2906 1136 haec
2960 1083 3242 1137 vocabitur
3287 1087 3500 1152 virago,
3550 1102 3670 1154 qua

1970 1166 2087 1236 [al.,
2144 1169 2316 1239 juxta
2373 1169 2560 1238 Vulg,
2633 1169 2914 1242 quoniam]
2983 1171 3048 1226 de
3111 1174 3228 1226 viro
3277 1179 3496 1243 sumpta
3565 1181 3662 1230 est.

1963 1254 2123 1321 Quod
2149 1265 2230 1312 est
2269 1255 2476 1323 dicere,
2515 1257 2621 1312 hoc
2668 1258 2822 1328 quod
2872 1259 2940 1314 de
2963 1259 3254 1329 {muliebri
3287 1261 3666 1318 inconstantia

1964 1343 2034 1398 ad
2096 1345 2356 1415 regulam
2417 1360 2761 1416 regressum.
2828 1349 2979 1402 Nunc
3037 1365 3110 1408 os.
3174 1349 3227 1403 id
3277 1357 3378 1418 est,
3433 1351 3666 1407 virtutis

1962 1432 2142 1488 robur
2196 1449 2264 1486 ea:
2317 1435 2523 1489 ossibus
2579 1436 2734 1505 quod
2791 1445 2874 1492 est
2929 1451 3003 1492 ex
3056 1437 3337 1493 virtutum
3397 1439 3661 1495 societate

1960 1521 2214 1592 recepit;
2267 1530 2341 1589 et,
2400 1523 2454 1578 id
2507 1532 2589 1580 est
2645 1524 2816 1580 etiam
2877 1542 3002 1580 caro
3051 1528 3118 1580 de
3175 1542 3336 1581 carne
3382 1543 3500 1581 mea
3555 1537 3658 1596 est,

133 1608 373 1672 costam,
407 1607 465 1658 in
503 1605 796 1658 mulierem.
833 1605 1008 1674 Sopor
1037 1605 1174 1663 Adze
1224 1607 1572 1676 immittitur,
1614 1587 1848 1679 quando
1881 1587 1920 1642 Β
1959 1587 2118 1679 quia,
2170 1587 2644 1681 concupiscentiae
2691 1613 2858 1669 ﬂuxu
2919 1614 3096 1670 animi
3163 1615 3553 1671 fortitudinem
3604 1587 3659 1672 in

134 1693 374 1762 ingens,
443 1693 556 1748 Deo
608 1692 930 1760 ordinante,
983 1695 1138 1750 calor
1184 1695 1590 1764 defervescere,
1651 1712 1717 1752 ac
1777 1705 1852 1753 te-

135 1795 278 1850 pere
317 1780 740 1851 aliquantisper
772 1782 1141 1852 permiltitur.
1183 1783 1288 1840 Ubi
1327 1794 1484 1840 costa
1524 1785 1686 1842 lateri
1724 1787 1850 1858 ejus

135 1867 449 1936 adimitur,
495 1883 628 1923 cum
697 1868 1094 1938 dispensativze
1164 1872 1492 1926 tentationis
1550 1873 1845 1944 ingruens,

137 1957 315 2026 quasi
348 1957 586 2026 quidam
620 1957 967 2027 improvisus
1019 1958 1180 2025 latro,
1241 1959 1514 2016 virtutem
1568 1962 1844 2032 aliquam,

134 2045 207 2100 de
246 2047 424 2116 cujus
461 2047 728 2102 lirmitatc
772 2046 998 2115 fidebat,
1047 2047 1256 2103 evellit.
1310 2049 1460 2105 Deus
1489 2058 1680 2106 autem
1717 2051 1848 2108 facit

137 2148 203 2189 eo
239 2135 395 2197 visu,
444 2150 561 2205 quo
608 2135 728 2191 fieri
781 2135 960 2205 sinit;
1009 2149 1044 2190 a
1091 2137 1264 2192 latere
1308 2138 1503 2194 minus
1552 2153 1843 2208 cavemus,

140 2223 286 2293 quia
319 2225 516 2279 minus
549 2223 624 2279 ibi
669 2223 951 2291 videmus,
1007 2231 1062 2280 et
1118 2225 1243 2280 ideo
1295 2233 1508 2282 costam
1541 2227 1682 2284 illud
1712 2229 1846 2284 boni

138 2311 210 2366 de
236 2311 454 2368 damno
502 2312 674 2382 cujus
722 2312 916 2368 minus
962 2312 1068 2367 sibi
1102 2313 1278 2381 timet,
1322 2315 1654 2384 accipimus.
1692 2317 1842 2374 Sole-

137 2417 275 2459 mus
305 2404 478 2458 etiam
508 2409 561 2458 et
614 2402 792 2459 latera
836 2417 930 2458 eos
978 2403 1078 2472 qui
1119 2418 1221 2459 nos
1263 2404 1545 2475 adjuvant
1591 2407 1681 2462 vel
1713 2422 1842 2464 mu-

137 2492 317 2547 niunt
393 2491 700 2562 appellare,
762 2500 826 2548 ut
891 2499 1016 2547 est:
1077 2493 1276 2547 Latera
1326 2495 1619 2564 Aquilonis
1671 2497 1837 2567 (Psal.

136 2595 308 2644 nvn,
358 2581 454 2646 3);
505 2587 596 2635 et:
653 2579 852 2635 Sedebo
916 2582 974 2633 in
1027 2581 1288 2636 lateribus
1340 2583 1625 2650 Aquilonis
1685 2585 1836 2654 (lsai.

131 2685 248 2733 xw,
301 2672 404 2736 l3),
469 2667 529 2723 in
589 2667 807 2739 psalmo
861 2668 1091 2736 scilicet,
1143 2683 1209 2726 ac
1266 2670 1432 2726 Isaia.
1496 2672 1643 2727 Illud
1703 2687 1840 2744 ergo

136 2761 324 2828 magis
353 2757 531 2813 hostis
560 2757 800 2828 impetit,
833 2771 950 2828 quo
978 2757 1162 2829 magis
1208 2773 1310 2815 nos
1358 2760 1575 2816 muniri
1605 2763 1838 2833 conspi-

134 2847 231 2913 cit,
286 2853 341 2902 et
395 2847 453 2902 in
513 2861 630 2916 quo
674 2846 868 2902 minus
921 2861 1025 2903 nos
1078 2847 1518 2918 circumspectos
1575 2851 1832 2908 attendit.
1867 2889 1907 2944 Ο

138 2935 301 2992 Unde
321 2935 430 2992 sub
459 2936 676 3006 optimo
716 2937 1048 3008 improvidae
1100 2937 1304 2993 mentis
1354 2945 1485 3009 typo
1519 2940 1839 3010 percutitur

137 3026 193 3079 in
226 3038 455 3080 carcere
487 3025 632 3081 Petri
682 3024 832 3082 latus
880 3026 950 3081 ab
990 3025 1211 3096 angelo.
1269 3027 1668 3085 Obdormiente
1698 3044 1836 3100 ergo

137 3115 340 3181 Adam,
397 3113 450 3170 id
505 3122 590 3170 est
635 3115 692 3170 in
740 3115 919 3171 nimia
961 3115 1265 3172 securitate
1321 3117 1629 3173 constituto
1681 3125 1835 3175 costa

134 3206 400 3277 eripitur,
448 3205 589 3274 quia
623 3205 889 3261 incautus
925 3217 960 3259 a
1012 3203 1223 3259 virtute
1271 3204 1570 3260 deseritur.
1606 3207 1711 3262 Sed
1739 3223 1835 3264 no-

138 3296 380 3351 tandum
409 3294 564 3364 quod
609 3292 841 3348 additur
872 3307 884 3346 :
917 3292 1162 3360 Replevit
1210 3308 1424 3346 carnem
1449 3309 1552 3364 pro
1594 3310 1676 3347 ea.
1727 3295 1833 3352 Per

134 3400 369 3450 carnem,
404 3397 536 3453 quae
587 3381 773 3437 mollis
821 3388 923 3448 est,
964 3380 1318 3451 intelligatur
1362 3383 1650 3452 remissio;
1691 3385 1831 3440 solet

134 3487 388 3543 namque
419 3471 598 3527 hostis
637 3478 846 3533 noster,
876 3484 1010 3526 cum
1049 3469 1345 3540 quidpiam
1378 3470 1628 3526 arduum
1660 3487 1832 3542 caepe-

135 3563 334 3626 rimus,
368 3561 536 3632 quasi
585 3558 977 3616 ratiocinando
1020 3572 1364 3629 suggerere:
1399 3558 1441 3613 si
1483 3559 1640 3626 huic,
1673 3563 1827 3631 quod

132 3665 437 3723 aggressus
491 3664 570 3717 es,
622 3649 911 3719 proposito
988 3654 1104 3703 tam
1183 3647 1402 3703 intense
1473 3649 1823 3717 incubueris,

134 3741 296 3798 taedio
326 3753 486 3807 sane,
516 3739 607 3794 vel
632 3737 1018 3793 imbecillitate
1049 3737 1236 3792 victus
1266 3737 1338 3792 ad
1371 3737 1475 3792 hoc
1517 3739 1824 3796 subsistere

134 3845 242 3886 non
262 3828 490 3899 poteris.
517 3827 607 3882 Sic
629 3825 803 3895 igitur
827 3825 1058 3880 modum
1081 3825 1237 3894 operi
1262 3832 1360 3880 tuo
1375 3839 1538 3894 pone,
1564 3833 1645 3894 ut,
1674 3826 1815 3899 [per]

133 3916 435 3975 intervalla
485 3915 578 3986 pio
624 3915 761 3970 ludo
803 3928 872 3968 ac
927 3913 1249 3969 remissioni
1300 3913 1624 3984 indulgens,
1668 3917 1738 3971 ad
1770 3918 1822 3972 id

134 4012 255 4078 post
287 4017 514 4075 tempus
561 4003 836 4060 libentius
865 4001 1232 4072 alacriusque
1258 4002 1451 4058 valeas
1480 4003 1682 4058 redire.
1716 4005 1820 4060 Cui

133 4097 319 4152 sensui
368 4094 618 4151 concinit
663 4092 818 4162 quod
889 4091 1120 4159 dicitur,
1167 4106 1268 4159 pro
1322 4106 1404 4144 ea.
1453 4090 1625 4156 Quasi
1666 4091 1817 4146 enim

1959 1697 2248 1754 carnalem
2313 1699 2575 1755 habitum
2627 1699 3023 1767 transferente,
3073 1700 3142 1756 de
3185 1714 3358 1757 carne
3405 1704 3659 1772 peccanti

1959 1801 2089 1856 quae
2120 1795 2401 1858 aggravet
2450 1787 2705 1843 animam
2755 1789 2908 1858 (Sap.
2961 1805 3037 1854 χι,
3093 1791 3200 1859 15),
3250 1803 3403 1857 caro,
3465 1791 3520 1846 id
3576 1800 3660 1849 est

1956 1875 2235 1944 debilitas,
2261 1891 2327 1932 ac
2357 1877 2619 1932 mollities
2663 1877 2828 1947 pravi
2855 1876 3165 1947 appetitus,
3194 1878 3295 1948 qui
3327 1893 3427 1934 nos
3457 1886 3655 1948 tentat,

1955 1972 2156 2019 exorta
2210 1972 2312 2029 est,
2349 1972 2402 2021 et
2451 1965 2606 2035 quod
2652 1965 2756 2021 fuit
2811 1965 3028 2035 pridem
3070 1965 3211 2021 ossis
3254 1965 3511 2033 ﬁrmitas,
3545 1966 3656 2023 im-

1955 2053 2180 2121 proviso
2224 2053 2411 2109 cordis
2457 2062 2615 2109 motu
2666 2054 2727 2108 ﬁt
2771 2053 3018 2110 carnalis
3047 2053 3284 2110 allectus
3328 2055 3650 2112 infirmitas.

1956 2141 2094 2196 Inde
2134 2141 2270 2211 jure
2312 2149 2396 2198 est
2443 2143 2705 2198 vocanda
2751 2145 2962 2208 virago,
3024 2143 3163 2213 quia
3209 2143 3276 2198 de
3313 2146 3450 2210 viro,
3487 2145 3542 2200 id
3571 2152 3654 2201 est

1956 2229 2244 2286 intellectu
2302 2230 2473 2299 vires,
2537 2231 2689 2286 unde
2766 2239 3092 2287 constanter
3159 2240 3314 2302 agat,
3373 2232 3654 2303 fragilitas

1954 2324 2149 2373 nostra
2195 2318 2420 2388 accipit,
2478 2327 2534 2374 et
2586 2322 2774 2374 tamen
2821 2319 3096 2375 feminina
3149 2321 3387 2392 segnitie
3436 2329 3648 2378 statum

1951 2405 2196 2473 virilem,
2263 2406 2374 2462 nisi
2435 2407 2952 2477 circumspiciatur,
3029 2409 3250 2465 evertit.
3309 2409 3358 2465 A
3428 2409 3646 2466 meliori

1949 2509 2084 2566 ergo
2115 2502 2275 2565 parte
2313 2497 2504 2563 virago
2561 2503 2816 2564 vocetur,
2853 2504 2916 2552 ut
2959 2511 3074 2552 non
3130 2496 3370 2553 rationis
3421 2497 3648 2555 viribus

1949 2584 2189 2640 feminee
2218 2585 2515 2652 abutatur,
2569 2585 2666 2640 sed
2731 2585 2858 2641 licet
2910 2584 3216 2655 aliquoties
3279 2599 3352 2643 ex
3415 2587 3648 2643 virtutis

1949 2673 2243 2730 occasione
2288 2682 2580 2740 nascatur,
2620 2687 2734 2729 non
2779 2674 2868 2729 vir
2915 2681 3256 2744 przepostere
3296 2673 3498 2745 ipsam,
3548 2677 3644 2733 sed

1947 2761 2072 2831 ipsa
2099 2776 2231 2818 eum
2264 2761 2736 2832 irrefragabiliter
2763 2762 3020 2835 subjecta
3050 2770 3348 2832 sequatur.

2017 2851 2175 2905 Vens.
2226 2852 2312 2905 2i.
2369 2881 2434 2891 —
2476 2853 2704 2920 Propter
2741 2851 2834 2905 hoc
2894 2851 3160 2920 relinquet
3225 2852 3378 2907 homo
3429 2856 3644 2921 patrem

1945 2953 2102 2994 suum
2144 2944 2195 2994 et
2234 2944 2462 2995 matrem
2525 2954 2680 2994 suam
2737 2945 2786 2994 et
2836 2939 3136 2995 adltwrebit
3192 2941 3357 2994 umori
3403 2955 3542 3009 sua,
3592 2947 3644 2997 et

1944 3033 2101 3083 erunt
2130 3029 2236 3084 duo
2266 3033 2324 3084 in
2353 3045 2513 3084 carne
2541 3045 2669 3083 una.
2695 3031 2926 3098 Propter
2970 3029 3085 3097 hoc,
3120 3028 3328 3099 inquit,
3374 3030 3642 3099 relinquet

1944 3117 2009 3184 is,
2035 3118 2192 3188 quia
2243 3117 2464 3174 bestiali
2512 3124 2765 3174 semotus
2802 3125 2884 3174 est
2918 3117 3036 3173 vita
3069 3122 3282 3187 patrem
3320 3117 3637 3180 diabolum.

1941 3211 2286 3278 matremque
2328 3207 2869 3277 concupiscentiam,
2933 3211 2982 3261 et
3029 3206 3324 3261 adhaerebit
3354 3209 3535 3273 uxori,
3583 3208 3637 3262 id

1938 3300 2040 3360 est,
2101 3294 2384 3351 voluntati
2430 3309 2550 3351 sua;
2601 3294 3018 3351 rationabiliter
3061 3294 3345 3366 regendte,
3386 3300 3438 3349 et
3482 3301 3640 3350 erunt

1939 3381 2064 3449 duo,
2096 3381 2418 3439 intellectus
2456 3382 2719 3439 videlicet
2764 3398 2830 3439 ac
2877 3384 3164 3450 voluntas,
3213 3386 3269 3438 in
3308 3399 3468 3438 carne
3502 3399 3633 3450 una,

1939 3469 1995 3524 id
2020 3477 2104 3526 est
2152 3471 2208 3525 in
2241 3470 2449 3526 ail‘ectu
2500 3486 2653 3528 uno:
2705 3470 2941 3528 allectus
2989 3471 3199 3528 etenim
3249 3479 3442 3528 noster
3495 3473 3636 3541 quia

1935 3556 1993 3613 in
2023 3558 2220 3614 eodem
2250 3567 2404 3616 statu
2431 3573 2733 3630 nunquam
2757 3559 3130 3615 saecularibus
3161 3559 3391 3616 inhians
3414 3559 3630 3630 figitur,

1933 3661 2068 3702 mox
2126 3655 2188 3704 ut
2241 3649 2354 3704 Deo
2411 3661 2618 3704 vacare
2670 3647 2890 3717 incipit,
2949 3648 3084 3703 velit
3138 3648 3278 3704 nolit
3329 3647 3400 3703 ad
3446 3662 3632 3704 unum

1931 3735 2167 3792 sistitur.
2205 3736 2350 3792 Sunt
2384 3736 2577 3807 itaque
2612 3737 2716 3790 duo
2760 3738 2817 3789 in
2862 3751 3022 3790 carne
3053 3752 3182 3804 una,
3236 3751 3368 3791 cum
3397 3735 3632 3806 praefata

1931 3823 2046 3880 duo
2105 3827 2272 3896 quasi
2327 3826 2490 3895 regni
2546 3824 2734 3880 sedem
2781 3823 2891 3880 sibi
2945 3832 3166 3894 ponunt
3225 3824 3283 3880 in
3349 3825 3532 3887 tertio,
3575 3833 3628 3881 et

1930 3911 2003 3967 ad
2066 3913 2214 3969 idem
2291 3913 2406 3970 duo
2482 3912 2834 3984 gradiuntur
2903 3912 3261 3969 concorditer
3333 3911 3629 3970 alTectione

1931 4000 2133 4058 locata.

1999 4089 2167 4146 Vens.
2217 4094 2304 4145 25.
2367 4121 2434 4130 —
2490 4093 2626 4146 Erat
2673 4096 2853 4146 autem
2909 4096 3132 4160 uterque
3201 4091 3402 4157 nudus,
3445 4090 3626 4145 Adam

135 4199 232 4255 pro
273 4183 526 4254 quodam
577 4180 984 4236 conservandae
1035 4178 1323 4249 religionis
1373 4177 1650 4248 suil'ragio
1699 4179 1820 4234 hare
1853 4197 1893 4248 ῃ
1933 4180 2136 4232 scilicet
2183 4183 2232 4232 et
2274 4194 2415 4232 urar
2456 4177 2595 4248 ejus,
2642 4184 2693 4235 et
2739 4195 2846 4233 non
2895 4180 3288 4234 erubescebant.
3351 4177 3627 4235 Voluntas

133 4273 312 4329 dicere
343 4287 401 4327 se
430 4271 682 4327 simulat.
716 4270 863 4324 Dum
897 4267 1092 4337 itaque
1131 4274 1290 4337 grate
1321 4273 1602 4322 venenata
1633 4269 1820 4323 susci—

135 4364 284 4432 pitur
314 4361 476 4426 ratio,
515 4358 680 4429 quasi
713 4371 812 4426 pro
843 4355 1088 4411 remedio
1139 4354 1344 4410 fastidii
1384 4369 1498 4410 non
1527 4356 1820 4425 respuitur

134 4451 309 4506 ruinae
351 4461 527 4505 causa
574 4446 848 4502 remissio.
911 4445 1001 4500 Sic
1041 4445 1272 4499 virtutis
1324 4443 1510 4500 locum
1551 4445 1818 4514 supplere

134 4539 482 4609 dignoscitur
546 4549 699 4590 caro.
756 4534 1016 4604 Denique
1065 4532 1372 4602 aediﬁcatur
1437 4538 1600 4599 costa,
1649 4549 1816 4602 quam

137 4631 320 4682 tulerat
346 4627 602 4680 Dominus
657 4624 718 4678 1e
747 4623 945 4687 Adam,
978 4624 1036 4675 in
1084 4622 1378 4687 mulierem,
1431 4621 1570 4691 quia
1615 4634 1688 4674 ex
1721 4634 1814 4674 oc-

131 4717 345 4772 casione
377 4713 610 4770 virtutis
640 4712 709 4766 ad
741 4719 962 4780 tempus
1013 4709 1236 4764 amissze
1274 4709 1531 4764 nascitur
1588 4707 1647 4763 in
1689 4708 1809 4762 ani-

132 4821 214 4861 mo
241 4803 415 4860 moles
455 4799 785 4858 tentationis
829 4799 1160 4866 immensae;
1217 4810 1542 4867 parumque
1575 4803 1813 4866 putatur

129 4891 401 4966 quidquid
437 4889 702 4947 utilitatis
732 4887 951 4958 pridem
985 4887 1052 4942 de
1084 4885 1284 4941 habitu
1317 4885 1547 4941 virtutis
1575 4899 1809 4940 sensum

129 4990 222 5048 cst,
278 4981 417 5051 quia
465 4979 704 5034 internae
753 4974 1059 5032 debilitatis
1125 4973 1428 5044 impulsus,
1485 4973 1604 5042 jam
1657 4972 1806 5027 ultra

132 5072 266 5126 vires
333 5069 510 5125 totius
568 5065 806 5122 rationis
859 5071 977 5120 est:
1051 5063 1295 5118 aediﬁcat
1343 5061 1558 5130 itaque,
1619 5059 1674 5115 id
1725 5069 1808 5117 est

130 5158 384 5215 tediﬁcari
437 5154 713 5228 permittit
763 5168 835 5209 ex
883 5159 1036 5208 costa
1083 5151 1235 5206 Deus
1287 5149 1624 5215 mulierem;
1668 5149 1808 5219 quia

129 5263 188 5302 ex
213 5248 350 5303 bono
390 5252 587 5301 nostro
619 5241 882 5298 diabolus
913 5238 1166 5296 tentandi
1211 5237 1592 5294 nanciscendo
1622 5245 1804 5292 mate-

132 5337 274 5402 riam,
320 5333 490 5406 quasi
515 5344 589 5390 ex
631 5331 1017 5387 fundamentis
1048 5327 1524 5399 imaginationum
1554 5325 1805 5381 educens

132 5428 188 5480 ad
234 5425 517 5480 exteriora
576 5419 909 5482 verborum,
982 5418 1332 5486 domumque
1389 5414 1458 5470 ad
1512 5427 1799 5469 summam

1913 5235 2284 5290 animantibus
2366 5241 2540 5303 terrae,

1911 5324 2372 5380 continuandum
2424 5334 2536 5395 est;
2591 5325 2834 5394 abrupte
2878 5325 3032 5382 enim
3081 5327 3330 5396 positum
3381 5326 3612 5383 videtur

1912 5411 2072 5479 illud,
2105 5410 2200 5466 sed
2223 5411 2362 5467 nudi
2392 5420 2575 5481 erant,
2609 5421 2662 5468 et
2693 5425 2804 5468 non
2847 5413 3031 5469 soluat
3070 5427 3172 5483 pro
3218 5429 3322 5470 sua
3355 5414 3612 5470 nuditate

1929 4280 2059 4320 cum
2090 4266 2145 4320 in
2192 4267 2403 4321 sanctis
2444 4267 2584 4322 viris
2635 4267 2863 4338 spiritui
2915 4275 2998 4324 est
3027 4282 3284 4334 concors,
3343 4281 3476 4322 cum
3503 4269 3626 4338 ipso

1927 4355 2136 4424 spiritu
2183 4368 2216 4409 a
2264 4355 2435 4412 rebus
2479 4355 2772 4412 forinsecis
2835 4371 2958 4412 sese
3010 4356 3292 4426 exspoliat
3339 4369 3372 4410 a
3413 4356 3624 4412 tunicis

1925 4443 2327 4514 cupiditatum.
2378 4445 2746 4514 maximeque
2788 4445 2860 4500 ab
2915 4445 3036 4516 ipsa
3085 4445 3395 4500 intentione
3438 4443 3624 4501 laudis

1922 4539 2217 4587 exonerat.
2275 4532 2380 4588 Sed
2433 4547 2566 4588 cum
2629 4533 2749 4588 hzec
2805 4541 3204 4598 contemnunt,
3259 4539 3314 4588 et
3379 4531 3520 4588 nihil
3564 4533 3621 4588 in

1923 4621 2140 4676 mundo
2197 4621 2375 4676 videri
2419 4622 2691 4691 gestiunt,
2749 4637 2896 4692 saipe
2954 4637 3050 4678 eos
3106 4621 3365 4677 vilissimi
3401 4623 3620 4692 quique

1922 4705 2261 4776 despiciunt.
2302 4711 2368 4762 At
2435 4721 2569 4763 vero
2617 4722 2730 4763 non
2779 4709 3150 4775 erubescunt,
3213 4709 3355 4779 quia
3401 4717 3620 4779 quanto

1920 4796 2114 4851 verius
2138 4810 2195 4850 se
2236 4809 2513 4866 pauperes
2558 4796 2734 4852 factos
2787 4799 3062 4868 gaudent,
3115 4805 3272 4852 tanto
3301 4797 3344 4852 si
3380 4798 3618 4867 proinde

1918 4883 2351 4952 vllipendantur
2373 4883 2539 4940 etiam
2591 4885 2694 4940 abs
2742 4885 2998 4956 quolibet
3029 4883 3290 4954 improbo
3329 4886 3618 4956 acceptius

1918 4971 2148 5026 habenL

2579 5060 2812 5117 CAPUT
2869 5061 2966 5116 IIl.

1986 5147 2157 5202 Vens.
2197 5151 2242 5202 l.
2306 5178 2373 5188 ——
2416 5149 2527 5202 Sed
2581 5154 2630 5204 et
2675 5165 2891 5218 serpens
2959 5154 3074 5204 erat
3118 5150 3372 5205 callidior
3408 5154 3613 5206 cunctis

2613 5253 2731 5306 qua
2801 5239 3006 5303 fecerat
3070 5241 3228 5293 Deus.
3306 5237 3466 5305 Quod
3537 5239 3613 5295 ita
