  <div class='ocr_page' id='page_1' title='image "/cluster/home/n/w/nwhite01/storage/ocr_20150623/156/hvd.32044054760145/041.png"; bbox 0 0 3874 6048; ppageno 0'>
   <div class='ocr_carea' id='block_1_1' title="bbox 213 160 2850 249">
    <p class='ocr_par' dir='ltr' id='par_1_1' title="bbox 213 160 2850 249">
     <span class='ocr_line' id='line_1_1' title="bbox 213 160 2850 249; baseline -0.004 -25"><span class='ocrx_word' id='word_1_1' title='bbox 213 173 273 224; x_wconf 82' lang='lat' dir='ltr'>7i</span> <span class='ocrx_word' id='word_1_2' title='bbox 1085 164 1145 217; x_wconf 85' lang='lat' dir='ltr'>V.</span> <span class='ocrx_word' id='word_1_3' title='bbox 1188 162 1522 220; x_wconf 81' lang='lat' dir='ltr'>GUIBERTI</span> <span class='ocrx_word' id='word_1_4' title='bbox 1579 161 1871 218; x_wconf 80' lang='lat' dir='ltr'>ABBATIS</span> <span class='ocrx_word' id='word_1_5' title='bbox 1921 163 1977 217; x_wconf 90' lang='lat' dir='ltr'>S.</span> <span class='ocrx_word' id='word_1_6' title='bbox 2034 161 2276 217; x_wconf 69' lang='lat' dir='ltr'>MANE</span> <span class='ocrx_word' id='word_1_7' title='bbox 2317 161 2404 249; x_wconf 83' lang='lat' dir='ltr'>DE</span> <span class='ocrx_word' id='word_1_8' title='bbox 2446 160 2850 218; x_wconf 82' lang='lat' dir='ltr'>NOVIGENTO.</span> 
     </span>
    </p>
   </div>
   <div class='ocr_carea' id='block_1_2' title="bbox 3654 168 3751 217">
    <p class='ocr_par' dir='ltr' id='par_1_2' title="bbox 3654 168 3751 217">
     <span class='ocr_line' id='line_1_2' title="bbox 3654 168 3751 217; baseline 0 0"><span class='ocrx_word' id='word_1_9' title='bbox 3654 168 3751 217; x_wconf 72' lang='lat'>72</span> 
     </span>
    </p>
   </div>
   <div class='ocr_carea' id='block_1_3' title="bbox 210 289 3749 371">
    <p class='ocr_par' dir='ltr' id='par_1_3' title="bbox 210 289 3749 371">
     <span class='ocr_line' id='line_1_3' title="bbox 210 289 3749 371; baseline -0.002 -14"><span class='ocrx_word' id='word_1_10' title='bbox 210 297 631 371; x_wconf 74' lang='lat' dir='ltr'>spernebantur</span> <span class='ocrx_word' id='word_1_11' title='bbox 648 294 923 364; x_wconf 85' lang='lat' dir='ltr'>exterius,</span> <span class='ocrx_word' id='word_1_12' title='bbox 955 293 1050 350; x_wconf 87' lang='lat' dir='ltr'>sed</span> <span class='ocrx_word' id='word_1_13' title='bbox 1084 293 1255 350; x_wconf 88' lang='lat' dir='ltr'>etiam</span> <span class='ocrx_word' id='word_1_14' title='bbox 1291 307 1526 362; x_wconf 84' lang='lat' dir='ltr'>serpens.</span> <span class='ocrx_word' id='word_1_15' title='bbox 1561 292 1661 363; x_wconf 87' lang='lat' dir='ltr'>qui</span> <span class='ocrx_word' id='word_1_16' title='bbox 1692 291 1898 362; x_wconf 90' lang='lat' dir='ltr'>spiritu</span> <span class='ocrx_word' id='word_1_17' title='bbox 1930 296 1975 349; x_wconf 76' lang='grc' dir='ltr'><strong>Α</strong></span> <span class='ocrx_word' id='word_1_18' title='bbox 2012 291 2109 348; x_wconf 91' lang='lat' dir='ltr'>sed</span> <span class='ocrx_word' id='word_1_19' title='bbox 2142 292 2290 347; x_wconf 89' lang='lat' dir='ltr'>hanc</span> <span class='ocrx_word' id='word_1_20' title='bbox 2328 289 2531 361; x_wconf 84' lang='lat' dir='ltr'>typica</span> <span class='ocrx_word' id='word_1_21' title='bbox 2577 289 2980 347; x_wconf 88' lang='lat' dir='ltr'>muliebritatis</span> <span class='ocrx_word' id='word_1_22' title='bbox 3028 290 3323 348; x_wconf 86' lang='lat' dir='ltr'>mollitiem</span> <span class='ocrx_word' id='word_1_23' title='bbox 3377 292 3472 349; x_wconf 90' lang='lat' dir='ltr'>ille</span> <span class='ocrx_word' id='word_1_24' title='bbox 3511 294 3749 351; x_wconf 89' lang='lat' dir='ltr'>subre—</span> 
     </span>
    </p>
   </div>
   <div class='ocr_carea' id='block_1_4' title="bbox 211 381 1903 451">
    <p class='ocr_par' dir='ltr' id='par_1_4' title="bbox 211 381 1903 451">
     <span class='ocr_line' id='line_1_4' title="bbox 211 381 1903 451; baseline -0.007 -5"><span class='ocrx_word' id='word_1_25' title='bbox 211 404 277 446; x_wconf 90' lang='lat' dir='ltr'>ac</span> <span class='ocrx_word' id='word_1_26' title='bbox 326 387 622 444; x_wconf 77' lang='lat' dir='ltr'>voluntate</span> <span class='ocrx_word' id='word_1_27' title='bbox 679 385 739 441; x_wconf 90' lang='lat' dir='ltr'>in</span> <span class='ocrx_word' id='word_1_28' title='bbox 798 385 947 440; x_wconf 93' lang='lat' dir='ltr'>bono</span> <span class='ocrx_word' id='word_1_29' title='bbox 1002 381 1498 439; x_wconf 89' lang='lat' dir='ltr'>commanentibus</span> <span class='ocrx_word' id='word_1_30' title='bbox 1542 395 1643 451; x_wconf 92' lang='lat' dir='ltr'>per</span> <span class='ocrx_word' id='word_1_31' title='bbox 1677 390 1903 437; x_wconf 90' lang='lat' dir='ltr'>terrena</span> 
     </span>
    </p>
   </div>
   <div class='ocr_carea' id='block_1_5' title="bbox 210 468 1903 549">
    <p class='ocr_par' dir='ltr' id='par_1_5' title="bbox 210 468 1903 549">
     <span class='ocr_line' id='line_1_5' title="bbox 210 468 1903 549; baseline -0.006 -15"><span class='ocrx_word' id='word_1_32' title='bbox 210 477 393 549; x_wconf 83' lang='lat' dir='ltr'>fugax</span> <span class='ocrx_word' id='word_1_33' title='bbox 412 475 679 541; x_wconf 83' lang='lat' dir='ltr'>elabitur,</span> <span class='ocrx_word' id='word_1_34' title='bbox 706 472 955 533; x_wconf 87' lang='lat' dir='ltr'>carnalis</span> <span class='ocrx_word' id='word_1_35' title='bbox 979 471 1191 527; x_wconf 87' lang='lat' dir='ltr'>scilicet</span> <span class='ocrx_word' id='word_1_36' title='bbox 1225 468 1464 526; x_wconf 79' lang='lat' dir='ltr'>affectus</span> <span class='ocrx_word' id='word_1_37' title='bbox 1495 469 1760 525; x_wconf 84' lang='lat' dir='ltr'>callidius</span> <span class='ocrx_word' id='word_1_38' title='bbox 1788 469 1903 524; x_wconf 92' lang='lat' dir='ltr'>duo</span> 
     </span>
    </p>
   </div>
   <div class='ocr_carea' id='block_1_6' title="bbox 212 557 1904 630">
    <p class='ocr_par' dir='ltr' id='par_1_6' title="bbox 212 557 1904 630">
     <span class='ocr_line' id='line_1_6' title="bbox 212 557 1904 630; baseline -0.006 -9"><span class='ocrx_word' id='word_1_39' title='bbox 212 566 308 623; x_wconf 89' lang='lat' dir='ltr'>illa</span> <span class='ocrx_word' id='word_1_40' title='bbox 371 562 789 621; x_wconf 83' lang='lat' dir='ltr'>circumvenire</span> <span class='ocrx_word' id='word_1_41' title='bbox 836 560 1153 627; x_wconf 87' lang='lat' dir='ltr'>consuevit,</span> <span class='ocrx_word' id='word_1_42' title='bbox 1204 572 1379 630; x_wconf 87' lang='lat' dir='ltr'>quam</span> <span class='ocrx_word' id='word_1_43' title='bbox 1431 559 1557 614; x_wconf 83' lang='lat' dir='ltr'>alia</span> <span class='ocrx_word' id='word_1_44' title='bbox 1615 557 1904 629; x_wconf 80' lang='lat' dir='ltr'>passiones</span> 
     </span>
    </p>
   </div>
   <div class='ocr_carea' id='block_1_7' title="bbox 211 645 1901 719">
    <p class='ocr_par' dir='ltr' id='par_1_7' title="bbox 211 645 1901 719">
     <span class='ocr_line' id='line_1_7' title="bbox 211 645 1901 719; baseline -0.007 -8"><span class='ocrx_word' id='word_1_45' title='bbox 211 662 475 711; x_wconf 88' lang='lat' dir='ltr'>motuum</span> <span class='ocrx_word' id='word_1_46' title='bbox 521 659 900 715; x_wconf 90' lang='lat' dir='ltr'>terrenorum,</span> <span class='ocrx_word' id='word_1_47' title='bbox 942 662 1071 719; x_wconf 86' lang='lat' dir='ltr'>qua</span> <span class='ocrx_word' id='word_1_48' title='bbox 1119 661 1217 717; x_wconf 88' lang='lat' dir='ltr'>per</span> <span class='ocrx_word' id='word_1_49' title='bbox 1262 647 1581 702; x_wconf 82' lang='lat' dir='ltr'>animantia</span> <span class='ocrx_word' id='word_1_50' title='bbox 1620 654 1785 702; x_wconf 86' lang='lat' dir='ltr'>terra</span> <span class='ocrx_word' id='word_1_51' title='bbox 1828 645 1901 699; x_wconf 83' lang='lat' dir='ltr'>si-</span> 
     </span>
    </p>
   </div>
   <div class='ocr_carea' id='block_1_8' title="bbox 212 732 1905 812">
    <p class='ocr_par' dir='ltr' id='par_1_8' title="bbox 212 732 1905 812">
     <span class='ocr_line' id='line_1_8' title="bbox 212 732 1905 812; baseline -0.005 -16"><span class='ocrx_word' id='word_1_52' title='bbox 212 748 485 812; x_wconf 90' lang='lat' dir='ltr'>gnantur,</span> <span class='ocrx_word' id='word_1_53' title='bbox 502 738 685 794; x_wconf 91' lang='lat' dir='ltr'>facere</span> <span class='ocrx_word' id='word_1_54' title='bbox 708 750 808 808; x_wconf 90' lang='lat' dir='ltr'>per</span> <span class='ocrx_word' id='word_1_55' title='bbox 819 743 1125 806; x_wconf 91' lang='lat' dir='ltr'>sequeant.</span> <span class='ocrx_word' id='word_1_56' title='bbox 1146 734 1370 802; x_wconf 89' lang='lat' dir='ltr'>Quanto</span> <span class='ocrx_word' id='word_1_57' title='bbox 1389 748 1642 804; x_wconf 82' lang='lat' dir='ltr'>namque</span> <span class='ocrx_word' id='word_1_58' title='bbox 1665 732 1905 790; x_wconf 86' lang='lat' dir='ltr'>vicinior</span> 
     </span>
    </p>
   </div>
   <div class='ocr_carea' id='block_1_9' title="bbox 211 823 1905 899">
    <p class='ocr_par' dir='ltr' id='par_1_9' title="bbox 211 823 1905 899">
     <span class='ocr_line' id='line_1_9' title="bbox 211 823 1905 899; baseline -0.006 -13"><span class='ocrx_word' id='word_1_59' title='bbox 211 837 386 899; x_wconf 89' lang='lat' dir='ltr'>atque</span> <span class='ocrx_word' id='word_1_60' title='bbox 433 827 685 893; x_wconf 91' lang='lat' dir='ltr'>interior,</span> <span class='ocrx_word' id='word_1_61' title='bbox 730 832 886 882; x_wconf 89' lang='lat' dir='ltr'>tanto</span> <span class='ocrx_word' id='word_1_62' title='bbox 942 825 1013 880; x_wconf 91' lang='lat' dir='ltr'>ad</span> <span class='ocrx_word' id='word_1_63' title='bbox 1063 824 1429 894; x_wconf 89' lang='lat' dir='ltr'>irrependum</span> <span class='ocrx_word' id='word_1_64' title='bbox 1474 823 1905 891; x_wconf 90' lang='lat' dir='ltr'>fallendumque</span> 
     </span>
    </p>
   </div>
   <div class='ocr_carea' id='block_1_10' title="bbox 208 912 1907 984">
    <p class='ocr_par' dir='ltr' id='par_1_10' title="bbox 208 912 1907 984">
     <span class='ocr_line' id='line_1_10' title="bbox 208 912 1907 984; baseline -0.004 -11"><span class='ocrx_word' id='word_1_65' title='bbox 208 917 509 973; x_wconf 87' lang='lat' dir='ltr'>efficacior.</span> <span class='ocrx_word' id='word_1_66' title='bbox 541 916 653 971; x_wconf 90' lang='lat' dir='ltr'>Iste</span> <span class='ocrx_word' id='word_1_67' title='bbox 676 921 760 970; x_wconf 89' lang='lat' dir='ltr'>est</span> <span class='ocrx_word' id='word_1_68' title='bbox 781 913 881 984; x_wconf 91' lang='lat' dir='ltr'>qui</span> <span class='ocrx_word' id='word_1_69' title='bbox 912 912 1089 982; x_wconf 89' lang='lat' dir='ltr'>serpit</span> <span class='ocrx_word' id='word_1_70' title='bbox 1114 913 1172 968; x_wconf 91' lang='lat' dir='ltr'>in</span> <span class='ocrx_word' id='word_1_71' title='bbox 1195 912 1468 968; x_wconf 88' lang='lat' dir='ltr'>membris</span> <span class='ocrx_word' id='word_1_72' title='bbox 1499 920 1562 969; x_wconf 87' lang='lat' dir='ltr'>ut</span> <span class='ocrx_word' id='word_1_73' title='bbox 1582 918 1907 982; x_wconf 86' lang='lat' dir='ltr'>repugnent</span> 
     </span>
    </p>
   </div>
   <div class='ocr_carea' id='block_1_11' title="bbox 208 1000 1901 1077">
    <p class='ocr_par' dir='ltr' id='par_1_11' title="bbox 208 1000 1901 1077">
     <span class='ocr_line' id='line_1_11' title="bbox 208 1000 1901 1077; baseline -0.004 -16"><span class='ocrx_word' id='word_1_74' title='bbox 208 1005 321 1077; x_wconf 88' lang='lat' dir='ltr'>legi</span> <span class='ocrx_word' id='word_1_75' title='bbox 364 1005 588 1069; x_wconf 90' lang='lat' dir='ltr'>mentis,</span> <span class='ocrx_word' id='word_1_76' title='bbox 629 1017 760 1058; x_wconf 93' lang='lat' dir='ltr'>cum</span> <span class='ocrx_word' id='word_1_77' title='bbox 803 1002 948 1058; x_wconf 88' lang='lat' dir='ltr'>velle</span> <span class='ocrx_word' id='word_1_78' title='bbox 998 1002 1256 1072; x_wconf 89' lang='lat' dir='ltr'>adjaceat</span> <span class='ocrx_word' id='word_1_79' title='bbox 1308 1001 1387 1057; x_wconf 92' lang='lat' dir='ltr'>illi</span> <span class='ocrx_word' id='word_1_80' title='bbox 1432 1001 1605 1072; x_wconf 84' lang='lat' dir='ltr'>(Rom.</span> <span class='ocrx_word' id='word_1_81' title='bbox 1648 1017 1744 1068; x_wconf 83' lang='lat' dir='ltr'>vn,</span> <span class='ocrx_word' id='word_1_82' title='bbox 1796 1000 1901 1071; x_wconf 83' lang='grc'>18),</span> 
     </span>
    </p>
   </div>
   <div class='ocr_carea' id='block_1_12' title="bbox 207 1090 1903 1162">
    <p class='ocr_par' dir='ltr' id='par_1_12' title="bbox 207 1090 1903 1162">
     <span class='ocr_line' id='line_1_12' title="bbox 207 1090 1903 1162; baseline -0.004 -13"><span class='ocrx_word' id='word_1_83' title='bbox 207 1103 261 1149; x_wconf 92' lang='lat' dir='ltr'>et</span> <span class='ocrx_word' id='word_1_84' title='bbox 312 1092 733 1149; x_wconf 87' lang='lat' dir='ltr'>condelectetur</span> <span class='ocrx_word' id='word_1_85' title='bbox 809 1090 919 1162; x_wconf 87' lang='lat' dir='ltr'>legi</span> <span class='ocrx_word' id='word_1_86' title='bbox 1001 1091 1102 1145; x_wconf 89' lang='lat' dir='ltr'>Dei</span> <span class='ocrx_word' id='word_1_87' title='bbox 1179 1091 1501 1147; x_wconf 90' lang='lat' dir='ltr'>secundum</span> <span class='ocrx_word' id='word_1_88' title='bbox 1579 1090 1903 1146; x_wconf 91' lang='lat' dir='ltr'>interiorem</span> 
     </span>
    </p>
   </div>
   <div class='ocr_carea' id='block_1_13' title="bbox 210 1178 1907 1248">
    <p class='ocr_par' dir='ltr' id='par_1_13' title="bbox 210 1178 1907 1248">
     <span class='ocr_line' id='line_1_13' title="bbox 210 1178 1907 1248; baseline -0.002 -12"><span class='ocrx_word' id='word_1_89' title='bbox 210 1181 497 1237; x_wconf 88' lang='lat' dir='ltr'>hominem</span> <span class='ocrx_word' id='word_1_90' title='bbox 543 1180 735 1248; x_wconf 65' lang='lat' dir='ltr'>(Ibid,</span> <span class='ocrx_word' id='word_1_91' title='bbox 794 1182 904 1247; x_wconf 81' lang='lat'>22),</span> <span class='ocrx_word' id='word_1_92' title='bbox 975 1179 1071 1235; x_wconf 92' lang='lat' dir='ltr'>sed</span> <span class='ocrx_word' id='word_1_93' title='bbox 1127 1178 1230 1235; x_wconf 90' lang='lat' dir='ltr'>isto</span> <span class='ocrx_word' id='word_1_94' title='bbox 1290 1179 1579 1236; x_wconf 89' lang='lat' dir='ltr'>obnitente</span> <span class='ocrx_word' id='word_1_95' title='bbox 1638 1179 1907 1248; x_wconf 86' lang='lat' dir='ltr'>perficere</span> 
     </span>
    </p>
   </div>
   <div class='ocr_carea' id='block_1_14' title="bbox 146 1265 1905 1339">
    <p class='ocr_par' dir='ltr' id='par_1_14' title="bbox 146 1265 1905 1339">
     <span class='ocr_line' id='line_1_14' title="bbox 146 1265 1905 1339; baseline -0.001 -15"><span class='ocrx_word' id='word_1_96' title='bbox 146 1268 151 1283; x_wconf 96' lang='lat'><em>&#39;</em></span> <span class='ocrx_word' id='word_1_97' title='bbox 208 1282 323 1324; x_wconf 92' lang='lat' dir='ltr'>non</span> <span class='ocrx_word' id='word_1_98' title='bbox 374 1269 660 1339; x_wconf 87' lang='lat' dir='ltr'>inveniat;</span> <span class='ocrx_word' id='word_1_99' title='bbox 724 1267 820 1323; x_wconf 87' lang='lat' dir='ltr'>sed</span> <span class='ocrx_word' id='word_1_100' title='bbox 893 1267 1059 1324; x_wconf 88' lang='lat' dir='ltr'>multi</span> <span class='ocrx_word' id='word_1_101' title='bbox 1107 1267 1458 1323; x_wconf 87' lang='lat' dir='ltr'>voluntatem</span> <span class='ocrx_word' id='word_1_102' title='bbox 1524 1273 1579 1324; x_wconf 89' lang='lat' dir='ltr'>et</span> <span class='ocrx_word' id='word_1_103' title='bbox 1639 1265 1905 1324; x_wconf 74' lang='lat' dir='ltr'>allectum</span> 
     </span>
    </p>
   </div>
   <div class='ocr_carea' id='block_1_15' title="bbox 209 1355 1906 1428">
    <p class='ocr_par' dir='ltr' id='par_1_15' title="bbox 209 1355 1906 1428">
     <span class='ocr_line' id='line_1_15' title="bbox 209 1355 1906 1428; baseline -0.002 -15"><span class='ocrx_word' id='word_1_104' title='bbox 209 1357 532 1428; x_wconf 89' lang='lat' dir='ltr'>quidquam</span> <span class='ocrx_word' id='word_1_105' title='bbox 589 1357 914 1427; x_wconf 88' lang='lat' dir='ltr'>discrepare</span> <span class='ocrx_word' id='word_1_106' title='bbox 971 1371 1086 1411; x_wconf 91' lang='lat' dir='ltr'>non</span> <span class='ocrx_word' id='word_1_107' title='bbox 1157 1362 1402 1426; x_wconf 88' lang='lat' dir='ltr'>putant;</span> <span class='ocrx_word' id='word_1_108' title='bbox 1481 1355 1720 1412; x_wconf 86' lang='lat' dir='ltr'>audiant</span> <span class='ocrx_word' id='word_1_109' title='bbox 1771 1370 1906 1426; x_wconf 88' lang='lat' dir='ltr'>ergo</span> 
     </span>
    </p>
   </div>
   <div class='ocr_carea' id='block_1_16' title="bbox 209 1445 1901 1516">
    <p class='ocr_par' dir='ltr' id='par_1_16' title="bbox 209 1445 1901 1516">
     <span class='ocr_line' id='line_1_16' title="bbox 209 1445 1901 1516; baseline -0.001 -16"><span class='ocrx_word' id='word_1_110' title='bbox 209 1445 531 1515; x_wconf 90' lang='lat' dir='ltr'>psalmum:</span> <span class='ocrx_word' id='word_1_111' title='bbox 568 1448 885 1516; x_wconf 86' lang='lat' dir='ltr'>Concupivit</span> <span class='ocrx_word' id='word_1_112' title='bbox 912 1448 1099 1500; x_wconf 89' lang='lat' dir='ltr'>anima</span> <span class='ocrx_word' id='word_1_113' title='bbox 1135 1461 1255 1500; x_wconf 88' lang='lat' dir='ltr'>mea</span> <span class='ocrx_word' id='word_1_114' title='bbox 1292 1445 1603 1501; x_wconf 85' lang='lat' dir='ltr'>desiderare</span> <span class='ocrx_word' id='word_1_115' title='bbox 1629 1446 1901 1514; x_wconf 72' lang='lat' dir='ltr'>justiﬁea-</span> 
     </span>
    </p>
   </div>
   <div class='ocr_carea' id='block_1_17' title="bbox 209 1532 1902 1605">
    <p class='ocr_par' dir='ltr' id='par_1_17' title="bbox 209 1532 1902 1605">
     <span class='ocr_line' id='line_1_17' title="bbox 209 1532 1902 1605; baseline 0.001 -19"><span class='ocrx_word' id='word_1_116' title='bbox 209 1536 376 1589; x_wconf 81' lang='lat' dir='ltr'>tiones</span> <span class='ocrx_word' id='word_1_117' title='bbox 407 1539 528 1589; x_wconf 84' lang='lat' dir='ltr'>taas</span> <span class='ocrx_word' id='word_1_118' title='bbox 563 1535 743 1601; x_wconf 89' lang='lat' dir='ltr'>(Psal.</span> <span class='ocrx_word' id='word_1_119' title='bbox 805 1550 993 1599; x_wconf 85' lang='lat' dir='ltr'>cxvm,</span> <span class='ocrx_word' id='word_1_120' title='bbox 1050 1535 1140 1604; x_wconf 88' lang='grc'>20)</span> <span class='ocrx_word' id='word_1_121' title='bbox 1171 1551 1185 1601; x_wconf 87' lang='grc'>;</span> <span class='ocrx_word' id='word_1_122' title='bbox 1220 1534 1375 1605; x_wconf 89' lang='lat' dir='ltr'>quod</span> <span class='ocrx_word' id='word_1_123' title='bbox 1423 1541 1509 1590; x_wconf 92' lang='lat' dir='ltr'>est</span> <span class='ocrx_word' id='word_1_124' title='bbox 1538 1547 1606 1589; x_wconf 89' lang='lat' dir='ltr'>ac</span> <span class='ocrx_word' id='word_1_125' title='bbox 1635 1533 1681 1589; x_wconf 91' lang='lat' dir='ltr'>si</span> <span class='ocrx_word' id='word_1_126' title='bbox 1716 1532 1902 1601; x_wconf 86' lang='lat' dir='ltr'>dicat;</span> 
     </span>
    </p>
   </div>
   <div class='ocr_carea' id='block_1_18' title="bbox 209 1615 1903 1693">
    <p class='ocr_par' dir='ltr' id='par_1_18' title="bbox 209 1615 1903 1693">
     <span class='ocr_line' id='line_1_18' title="bbox 209 1615 1903 1693; baseline -0.003 -12"><span class='ocrx_word' id='word_1_127' title='bbox 209 1623 391 1681; x_wconf 85' lang='lat' dir='ltr'>Vellet</span> <span class='ocrx_word' id='word_1_128' title='bbox 436 1622 630 1678; x_wconf 88' lang='lat' dir='ltr'>anima</span> <span class='ocrx_word' id='word_1_129' title='bbox 685 1636 813 1678; x_wconf 88' lang='lat' dir='ltr'>mea</span> <span class='ocrx_word' id='word_1_130' title='bbox 875 1615 1143 1679; x_wconf 73' lang='lat' dir='ltr'>affectare</span> <span class='ocrx_word' id='word_1_131' title='bbox 1233 1622 1673 1693; x_wconf 85' lang='lat' dir='ltr'>justiticationes</span> <span class='ocrx_word' id='word_1_132' title='bbox 1740 1628 1903 1678; x_wconf 90' lang='lat' dir='ltr'>tuas:</span> 
     </span>
    </p>
   </div>
   <div class='ocr_carea' id='block_1_19' title="bbox 209 1710 1902 1781">
    <p class='ocr_par' dir='ltr' id='par_1_19' title="bbox 209 1710 1902 1781">
     <span class='ocr_line' id='line_1_19' title="bbox 209 1710 1902 1781; baseline -0.002 -13"><span class='ocrx_word' id='word_1_133' title='bbox 209 1726 340 1768; x_wconf 91' lang='lat' dir='ltr'>cum</span> <span class='ocrx_word' id='word_1_134' title='bbox 369 1712 523 1767; x_wconf 91' lang='lat' dir='ltr'>enim</span> <span class='ocrx_word' id='word_1_135' title='bbox 555 1710 857 1781; x_wconf 85' lang='lat' dir='ltr'>Apostolus</span> <span class='ocrx_word' id='word_1_136' title='bbox 890 1711 1139 1768; x_wconf 89' lang='lat' dir='ltr'>diceret:</span> <span class='ocrx_word' id='word_1_137' title='bbox 1193 1712 1454 1767; x_wconf 81' lang='lat' dir='ltr'>Voluntas</span> <span class='ocrx_word' id='word_1_138' title='bbox 1501 1712 1640 1765; x_wconf 79' lang='lat' dir='ltr'>mihi</span> <span class='ocrx_word' id='word_1_139' title='bbox 1668 1710 1902 1781; x_wconf 84' lang='lat' dir='ltr'>adjacet,</span> 
     </span>
    </p>
   </div>
   <div class='ocr_carea' id='block_1_20' title="bbox 207 1800 1906 1871">
    <p class='ocr_par' dir='ltr' id='par_1_20' title="bbox 207 1800 1906 1871">
     <span class='ocr_line' id='line_1_20' title="bbox 207 1800 1906 1871; baseline -0.002 -13"><span class='ocrx_word' id='word_1_140' title='bbox 207 1809 262 1858; x_wconf 91' lang='lat' dir='ltr'>et</span> <span class='ocrx_word' id='word_1_141' title='bbox 317 1800 570 1867; x_wconf 89' lang='lat' dir='ltr'>adderet,</span> <span class='ocrx_word' id='word_1_142' title='bbox 632 1801 885 1870; x_wconf 80' lang='lat' dir='ltr'>perﬁcere</span> <span class='ocrx_word' id='word_1_143' title='bbox 956 1816 1063 1855; x_wconf 90' lang='lat' dir='ltr'>non</span> <span class='ocrx_word' id='word_1_144' title='bbox 1128 1802 1342 1855; x_wconf 80' lang='lat' dir='ltr'>invenio</span> <span class='ocrx_word' id='word_1_145' title='bbox 1389 1800 1570 1871; x_wconf 88' lang='lat' dir='ltr'>(Rom.</span> <span class='ocrx_word' id='word_1_146' title='bbox 1625 1816 1720 1865; x_wconf 72' lang='grc' dir='ltr'>γη,</span> <span class='ocrx_word' id='word_1_147' title='bbox 1794 1802 1906 1869; x_wconf 86' lang='lat' dir='ltr'>l8),</span> 
     </span>
    </p>
   </div>
   <div class='ocr_carea' id='block_1_21' title="bbox 208 1886 1909 1957">
    <p class='ocr_par' dir='ltr' id='par_1_21' title="bbox 208 1886 1909 1957">
     <span class='ocr_line' id='line_1_21' title="bbox 208 1886 1909 1957; baseline -0.002 -12"><span class='ocrx_word' id='word_1_148' title='bbox 208 1888 354 1945; x_wconf 90' lang='lat' dir='ltr'>idem</span> <span class='ocrx_word' id='word_1_149' title='bbox 387 1896 471 1943; x_wconf 91' lang='lat' dir='ltr'>est</span> <span class='ocrx_word' id='word_1_150' title='bbox 500 1901 567 1943; x_wconf 88' lang='lat' dir='ltr'>ac</span> <span class='ocrx_word' id='word_1_151' title='bbox 595 1887 640 1943; x_wconf 92' lang='lat' dir='ltr'>si</span> <span class='ocrx_word' id='word_1_152' title='bbox 674 1894 927 1957; x_wconf 92' lang='lat' dir='ltr'>poneret,</span> <span class='ocrx_word' id='word_1_153' title='bbox 975 1886 1246 1944; x_wconf 86' lang='lat' dir='ltr'>affectum</span> <span class='ocrx_word' id='word_1_154' title='bbox 1289 1901 1404 1944; x_wconf 93' lang='lat' dir='ltr'>non</span> <span class='ocrx_word' id='word_1_155' title='bbox 1450 1887 1701 1951; x_wconf 90' lang='lat' dir='ltr'>invenio,</span> <span class='ocrx_word' id='word_1_156' title='bbox 1733 1887 1909 1957; x_wconf 87' lang='lat' dir='ltr'>serpit</span> 
     </span>
    </p>
   </div>
   <div class='ocr_carea' id='block_1_22' title="bbox 209 1975 1908 2044">
    <p class='ocr_par' dir='ltr' id='par_1_22' title="bbox 209 1975 1908 2044">
     <span class='ocr_line' id='line_1_22' title="bbox 209 1975 1908 2044; baseline -0.001 -12"><span class='ocrx_word' id='word_1_157' title='bbox 209 1978 360 2033; x_wconf 87' lang='lat' dir='ltr'>enim</span> <span class='ocrx_word' id='word_1_158' title='bbox 415 1977 524 2032; x_wconf 91' lang='lat' dir='ltr'>hac</span> <span class='ocrx_word' id='word_1_159' title='bbox 569 1975 719 2032; x_wconf 89' lang='lat' dir='ltr'>illac.</span> <span class='ocrx_word' id='word_1_160' title='bbox 768 1976 906 2032; x_wconf 88' lang='lat' dir='ltr'>Vult</span> <span class='ocrx_word' id='word_1_161' title='bbox 956 1976 1222 2032; x_wconf 84' lang='lat' dir='ltr'>inﬁrmus</span> <span class='ocrx_word' id='word_1_162' title='bbox 1278 1976 1592 2044; x_wconf 89' lang='lat' dir='ltr'>comedere,</span> <span class='ocrx_word' id='word_1_163' title='bbox 1655 1976 1751 2031; x_wconf 89' lang='lat' dir='ltr'>sed</span> <span class='ocrx_word' id='word_1_164' title='bbox 1792 1989 1908 2031; x_wconf 90' lang='lat' dir='ltr'>non</span> 
     </span>
    </p>
   </div>
   <div class='ocr_carea' id='block_1_23' title="bbox 210 2064 1908 2134">
    <p class='ocr_par' dir='ltr' id='par_1_23' title="bbox 210 2064 1908 2134">
     <span class='ocr_line' id='line_1_23' title="bbox 210 2064 1908 2134; baseline -0.001 -13"><span class='ocrx_word' id='word_1_165' title='bbox 210 2066 496 2134; x_wconf 85' lang='lat' dir='ltr'>afficitur;</span> <span class='ocrx_word' id='word_1_166' title='bbox 534 2064 786 2120; x_wconf 82' lang='lat' dir='ltr'>afficitur</span> <span class='ocrx_word' id='word_1_167' title='bbox 827 2065 1053 2121; x_wconf 85' lang='lat' dir='ltr'>sobrius</span> <span class='ocrx_word' id='word_1_168' title='bbox 1082 2065 1253 2122; x_wconf 91' lang='lat' dir='ltr'>nimis</span> <span class='ocrx_word' id='word_1_169' title='bbox 1304 2065 1617 2134; x_wconf 87' lang='lat' dir='ltr'>comedere,</span> <span class='ocrx_word' id='word_1_170' title='bbox 1669 2065 1763 2122; x_wconf 85' lang='lat' dir='ltr'>sed</span> <span class='ocrx_word' id='word_1_171' title='bbox 1795 2079 1908 2121; x_wconf 90' lang='lat' dir='ltr'>non</span> 
     </span>
    </p>
   </div>
   <div class='ocr_carea' id='block_1_24' title="bbox 208 2152 1910 2231">
    <p class='ocr_par' dir='ltr' id='par_1_24' title="bbox 208 2152 1910 2231">
     <span class='ocr_line' id='line_1_24' title="bbox 208 2152 1910 2231; baseline -0.003 -20"><span class='ocrx_word' id='word_1_172' title='bbox 208 2154 369 2211; x_wconf 88' lang='lat' dir='ltr'>vult:</span> <span class='ocrx_word' id='word_1_173' title='bbox 422 2154 569 2209; x_wconf 89' lang='lat' dir='ltr'>idem</span> <span class='ocrx_word' id='word_1_174' title='bbox 632 2153 690 2208; x_wconf 92' lang='lat' dir='ltr'>in</span> <span class='ocrx_word' id='word_1_175' title='bbox 738 2153 934 2209; x_wconf 87' lang='lat' dir='ltr'>multis</span> <span class='ocrx_word' id='word_1_176' title='bbox 976 2153 1219 2223; x_wconf 90' lang='lat' dir='ltr'>probare</span> <span class='ocrx_word' id='word_1_177' title='bbox 1268 2152 1430 2209; x_wconf 90' lang='lat' dir='ltr'>facile</span> <span class='ocrx_word' id='word_1_178' title='bbox 1475 2159 1575 2208; x_wconf 85' lang='lat' dir='ltr'>est.</span> <span class='ocrx_word' id='word_1_179' title='bbox 1630 2152 1910 2231; x_wconf 69' lang='lat' dir='ltr'>Voluntas</span> 
     </span>
    </p>
   </div>
   <div class='ocr_carea' id='block_1_25' title="bbox 208 2240 1909 2319">
    <p class='ocr_par' dir='ltr' id='par_1_25' title="bbox 208 2240 1909 2319">
     <span class='ocr_line' id='line_1_25' title="bbox 208 2240 1909 2319; baseline -0.003 -20"><span class='ocrx_word' id='word_1_180' title='bbox 208 2243 427 2314; x_wconf 89' lang='lat' dir='ltr'>itaque,</span> <span class='ocrx_word' id='word_1_181' title='bbox 454 2240 620 2313; x_wconf 90' lang='lat' dir='ltr'>quasi</span> <span class='ocrx_word' id='word_1_182' title='bbox 655 2241 773 2319; x_wconf 78' lang='lat' dir='ltr'>filia</span> <span class='ocrx_word' id='word_1_183' title='bbox 801 2241 990 2310; x_wconf 88' lang='lat' dir='ltr'>matri,</span> <span class='ocrx_word' id='word_1_184' title='bbox 1046 2249 1265 2312; x_wconf 91' lang='lat' dir='ltr'>quanto</span> <span class='ocrx_word' id='word_1_185' title='bbox 1296 2241 1504 2298; x_wconf 89' lang='lat' dir='ltr'>rationi</span> <span class='ocrx_word' id='word_1_186' title='bbox 1547 2247 1631 2296; x_wconf 93' lang='lat' dir='ltr'>est</span> <span class='ocrx_word' id='word_1_187' title='bbox 1668 2240 1909 2310; x_wconf 89' lang='lat' dir='ltr'>propin-</span> 
     </span>
    </p>
   </div>
   <div class='ocr_carea' id='block_1_26' title="bbox 209 2328 1910 2402">
    <p class='ocr_par' dir='ltr' id='par_1_26' title="bbox 209 2328 1910 2402">
     <span class='ocr_line' id='line_1_26' title="bbox 209 2328 1910 2402; baseline -0.002 -15"><span class='ocrx_word' id='word_1_188' title='bbox 209 2331 396 2402; x_wconf 89' lang='lat' dir='ltr'>quior,</span> <span class='ocrx_word' id='word_1_189' title='bbox 426 2336 581 2386; x_wconf 88' lang='lat' dir='ltr'>tanto</span> <span class='ocrx_word' id='word_1_190' title='bbox 611 2329 970 2400; x_wconf 89' lang='lat' dir='ltr'>pedissequa,</span> <span class='ocrx_word' id='word_1_191' title='bbox 1023 2329 1079 2385; x_wconf 89' lang='lat' dir='ltr'>id</span> <span class='ocrx_word' id='word_1_192' title='bbox 1129 2337 1213 2387; x_wconf 89' lang='lat' dir='ltr'>est</span> <span class='ocrx_word' id='word_1_193' title='bbox 1241 2329 1451 2386; x_wconf 87' lang='lat' dir='ltr'>affectu</span> <span class='ocrx_word' id='word_1_194' title='bbox 1497 2329 1743 2400; x_wconf 84' lang='lat' dir='ltr'>dignior.</span> <span class='ocrx_word' id='word_1_195' title='bbox 1779 2328 1910 2384; x_wconf 86' lang='lat' dir='ltr'>Hac</span> 
     </span>
    </p>
   </div>
   <div class='ocr_carea' id='block_1_27' title="bbox 209 2416 1909 2487">
    <p class='ocr_par' dir='ltr' id='par_1_27' title="bbox 209 2416 1909 2487">
     <span class='ocr_line' id='line_1_27' title="bbox 209 2416 1909 2487; baseline -0.002 -12"><span class='ocrx_word' id='word_1_196' title='bbox 209 2418 335 2476; x_wconf 90' lang='lat' dir='ltr'>licet</span> <span class='ocrx_word' id='word_1_197' title='bbox 380 2417 606 2475; x_wconf 89' lang='lat' dir='ltr'>lubrica</span> <span class='ocrx_word' id='word_1_198' title='bbox 648 2425 705 2473; x_wconf 90' lang='lat' dir='ltr'>et</span> <span class='ocrx_word' id='word_1_199' title='bbox 746 2419 932 2487; x_wconf 87' lang='lat' dir='ltr'>magis</span> <span class='ocrx_word' id='word_1_200' title='bbox 985 2418 1173 2474; x_wconf 88' lang='lat' dir='ltr'>labilis</span> <span class='ocrx_word' id='word_1_201' title='bbox 1218 2425 1476 2475; x_wconf 88' lang='lat' dir='ltr'>materno</span> <span class='ocrx_word' id='word_1_202' title='bbox 1532 2425 1757 2473; x_wconf 91' lang='lat' dir='ltr'>tenetur</span> <span class='ocrx_word' id='word_1_203' title='bbox 1796 2416 1909 2472; x_wconf 90' lang='lat' dir='ltr'>im-</span> 
     </span>
    </p>
   </div>
   <div class='ocr_carea' id='block_1_28' title="bbox 207 2504 1910 2578">
    <p class='ocr_par' dir='ltr' id='par_1_28' title="bbox 207 2504 1910 2578">
     <span class='ocr_line' id='line_1_28' title="bbox 207 2504 1910 2578; baseline -0.001 -15"><span class='ocrx_word' id='word_1_204' title='bbox 207 2508 386 2578; x_wconf 88' lang='lat' dir='ltr'>perio,</span> <span class='ocrx_word' id='word_1_205' title='bbox 471 2507 567 2563; x_wconf 90' lang='lat' dir='ltr'>illa</span> <span class='ocrx_word' id='word_1_206' title='bbox 641 2507 881 2576; x_wconf 88' lang='lat' dir='ltr'>publica</span> <span class='ocrx_word' id='word_1_207' title='bbox 966 2507 1329 2564; x_wconf 89' lang='lat' dir='ltr'>obscenitatis</span> <span class='ocrx_word' id='word_1_208' title='bbox 1389 2507 1623 2562; x_wconf 91' lang='lat' dir='ltr'>victima</span> <span class='ocrx_word' id='word_1_209' title='bbox 1695 2504 1910 2561; x_wconf 86' lang='lat' dir='ltr'>crebris</span> 
     </span>
    </p>
   </div>
   <div class='ocr_carea' id='block_1_29' title="bbox 215 2592 1909 2667">
    <p class='ocr_par' dir='ltr' id='par_1_29' title="bbox 215 2592 1909 2667">
     <span class='ocr_line' id='line_1_29' title="bbox 215 2592 1909 2667; baseline -0.001 -17"><span class='ocrx_word' id='word_1_210' title='bbox 215 2592 374 2667; x_wconf 86' lang='lat' dir='ltr'>[forte</span> <span class='ocrx_word' id='word_1_211' title='bbox 414 2595 673 2651; x_wconf 88' lang='lat' dir='ltr'>crebrius</span> <span class='ocrx_word' id='word_1_212' title='bbox 737 2595 885 2650; x_wconf 89' lang='lat' dir='ltr'>hanc</span> <span class='ocrx_word' id='word_1_213' title='bbox 951 2610 1127 2666; x_wconf 92' lang='lat' dir='ltr'>quam</span> <span class='ocrx_word' id='word_1_214' title='bbox 1176 2595 1468 2666; x_wconf 90' lang='lat' dir='ltr'>juniorem</span> <span class='ocrx_word' id='word_1_215' title='bbox 1518 2593 1909 2650; x_wconf 90' lang='lat' dir='ltr'>seductibilio-</span> 
     </span>
    </p>
   </div>
   <div class='ocr_carea' id='block_1_30' title="bbox 209 2682 1904 2755">
    <p class='ocr_par' dir='ltr' id='par_1_30' title="bbox 209 2682 1904 2755">
     <span class='ocr_line' id='line_1_30' title="bbox 209 2682 1904 2755; baseline 0 -17"><span class='ocrx_word' id='word_1_216' title='bbox 209 2695 331 2738; x_wconf 89' lang='lat' dir='ltr'>rem</span> <span class='ocrx_word' id='word_1_217' title='bbox 373 2683 665 2753; x_wconf 88' lang='lat' dir='ltr'>comperit,</span> <span class='ocrx_word' id='word_1_218' title='bbox 714 2690 768 2738; x_wconf 86' lang='lat' dir='ltr'>et</span> <span class='ocrx_word' id='word_1_219' title='bbox 803 2683 927 2738; x_wconf 89' lang='lat' dir='ltr'>ideo</span> <span class='ocrx_word' id='word_1_220' title='bbox 960 2682 1175 2755; x_wconf 86' lang='lat' dir='ltr'>matris]</span> <span class='ocrx_word' id='word_1_221' title='bbox 1213 2684 1362 2738; x_wconf 89' lang='lat' dir='ltr'>hanc</span> <span class='ocrx_word' id='word_1_222' title='bbox 1393 2696 1570 2753; x_wconf 88' lang='lat' dir='ltr'>quam</span> <span class='ocrx_word' id='word_1_223' title='bbox 1592 2683 1904 2754; x_wconf 91' lang='lat' dir='ltr'>juniorem,</span> 
     </span>
    </p>
   </div>
   <div class='ocr_carea' id='block_1_31' title="bbox 206 2771 1909 2841">
    <p class='ocr_par' dir='ltr' id='par_1_31' title="bbox 206 2771 1909 2841">
     <span class='ocr_line' id='line_1_31' title="bbox 206 2771 1909 2841; baseline 0 -14"><span class='ocrx_word' id='word_1_224' title='bbox 206 2778 263 2827; x_wconf 90' lang='lat' dir='ltr'>et</span> <span class='ocrx_word' id='word_1_225' title='bbox 292 2771 417 2827; x_wconf 90' lang='lat' dir='ltr'>ideo</span> <span class='ocrx_word' id='word_1_226' title='bbox 437 2771 917 2827; x_wconf 91' lang='lat' dir='ltr'>seductibiliorem</span> <span class='ocrx_word' id='word_1_227' title='bbox 971 2772 1263 2841; x_wconf 91' lang='lat' dir='ltr'>comperit,</span> <span class='ocrx_word' id='word_1_228' title='bbox 1312 2771 1511 2828; x_wconf 89' lang='lat' dir='ltr'>matris</span> <span class='ocrx_word' id='word_1_229' title='bbox 1566 2771 1909 2828; x_wconf 87' lang='lat' dir='ltr'>ratiocinan-</span> 
     </span>
    </p>
   </div>
   <div class='ocr_carea' id='block_1_32' title="bbox 2016 379 3371 451">
    <p class='ocr_par' dir='ltr' id='par_1_32' title="bbox 2016 379 3371 451">
     <span class='ocr_line' id='line_1_32' title="bbox 2016 379 3371 451; baseline 0.001 -15"><span class='ocrx_word' id='word_1_230' title='bbox 2016 389 2141 451; x_wconf 92' lang='lat' dir='ltr'>ptor</span> <span class='ocrx_word' id='word_1_231' title='bbox 2169 380 2417 436; x_wconf 83' lang='lat' dir='ltr'>inferens</span> <span class='ocrx_word' id='word_1_232' title='bbox 2444 380 2601 436; x_wconf 88' lang='lat' dir='ltr'>unda</span> <span class='ocrx_word' id='word_1_233' title='bbox 2627 380 2817 435; x_wconf 89' lang='lat' dir='ltr'>adhuc</span> <span class='ocrx_word' id='word_1_234' title='bbox 2849 379 3079 436; x_wconf 85' lang='lat' dir='ltr'>fortiore</span> <span class='ocrx_word' id='word_1_235' title='bbox 3109 381 3371 437; x_wconf 90' lang='lat' dir='ltr'>mollivit.</span> 
     </span>
    </p>
   </div>
   <div class='ocr_carea' id='block_1_33' title="bbox 2084 469 3725 540">
    <p class='ocr_par' dir='ltr' id='par_1_33' title="bbox 2084 469 3725 540">
     <span class='ocr_line' id='line_1_33' title="bbox 2084 469 3725 540; baseline 0.001 -15"><span class='ocrx_word' id='word_1_236' title='bbox 2084 469 2250 526; x_wconf 74' lang='lat' dir='ltr'>Vens.</span> <span class='ocrx_word' id='word_1_237' title='bbox 2304 469 2354 523; x_wconf 70' lang='grc'>4.</span> <span class='ocrx_word' id='word_1_238' title='bbox 2405 472 2459 522; x_wconf 89' lang='lat'>5.</span> <span class='ocrx_word' id='word_1_239' title='bbox 2526 498 2595 510; x_wconf 89' lang='lat'><strong><em>—</em></strong></span> <span class='ocrx_word' id='word_1_240' title='bbox 2653 470 3009 539; x_wconf 85' lang='lat' dir='ltr'>Nequaquam</span> <span class='ocrx_word' id='word_1_241' title='bbox 3092 471 3302 540; x_wconf 89' lang='lat' dir='ltr'>inquit,</span> <span class='ocrx_word' id='word_1_242' title='bbox 3385 473 3725 527; x_wconf 80' lang='lat' dir='ltr'>moriemini.</span> 
     </span>
    </p>
   </div>
   <div class='ocr_carea' id='block_1_34' title="bbox 2012 558 3729 628">
    <p class='ocr_par' dir='ltr' id='par_1_34' title="bbox 2012 558 3729 628">
     <span class='ocr_line' id='line_1_34' title="bbox 2012 558 3729 628; baseline 0.002 -15"><span class='ocrx_word' id='word_1_243' title='bbox 2012 558 2123 613; x_wconf 90' lang='lat' dir='ltr'>Scit</span> <span class='ocrx_word' id='word_1_244' title='bbox 2179 559 2320 611; x_wconf 87' lang='lat' dir='ltr'>enim</span> <span class='ocrx_word' id='word_1_245' title='bbox 2378 562 2520 612; x_wconf 87' lang='lat' dir='ltr'>Deus</span> <span class='ocrx_word' id='word_1_246' title='bbox 2557 560 2694 626; x_wconf 82' lang='lat' dir='ltr'>quia</span> <span class='ocrx_word' id='word_1_247' title='bbox 2742 560 2800 611; x_wconf 84' lang='lat' dir='ltr'>in</span> <span class='ocrx_word' id='word_1_248' title='bbox 2856 573 3175 627; x_wconf 86' lang='lat' dir='ltr'>quacunque</span> <span class='ocrx_word' id='word_1_249' title='bbox 3217 559 3307 613; x_wconf 88' lang='lat' dir='ltr'>die</span> <span class='ocrx_word' id='word_1_250' title='bbox 3351 561 3729 628; x_wconf 85' lang='lat' dir='ltr'>comederitis,</span> 
     </span>
    </p>
   </div>
   <div class='ocr_carea' id='block_1_35' title="bbox 2013 646 3732 716">
    <p class='ocr_par' dir='ltr' id='par_1_35' title="bbox 2013 646 3732 716">
     <span class='ocr_line' id='line_1_35' title="bbox 2013 646 3732 716; baseline 0.003 -17"><span class='ocrx_word' id='word_1_251' title='bbox 2013 649 2326 715; x_wconf 81' lang='lat' dir='ltr'>aperientur</span> <span class='ocrx_word' id='word_1_252' title='bbox 2359 646 2501 699; x_wconf 85' lang='lat' dir='ltr'>oculi</span> <span class='ocrx_word' id='word_1_253' title='bbox 2539 648 2706 700; x_wconf 82' lang='lat' dir='ltr'>vestri</span> <span class='ocrx_word' id='word_1_254' title='bbox 2748 651 2798 699; x_wconf 87' lang='lat' dir='ltr'>et</span> <span class='ocrx_word' id='word_1_255' title='bbox 2836 649 2988 701; x_wconf 82' lang='lat' dir='ltr'>eritis</span> <span class='ocrx_word' id='word_1_256' title='bbox 3020 650 3163 702; x_wconf 87' lang='lat' dir='ltr'>sicut</span> <span class='ocrx_word' id='word_1_257' title='bbox 3203 648 3305 716; x_wconf 87' lang='lat' dir='ltr'>dii,</span> <span class='ocrx_word' id='word_1_258' title='bbox 3363 652 3587 704; x_wconf 78' lang='lat' dir='ltr'>scientes</span> <span class='ocrx_word' id='word_1_259' title='bbox 3621 651 3732 704; x_wconf 90' lang='lat' dir='ltr'>bo-</span> 
     </span>
    </p>
   </div>
   <div class='ocr_carea' id='block_1_36' title="bbox 2012 734 3731 808">
    <p class='ocr_par' dir='ltr' id='par_1_36' title="bbox 2012 734 3731 808">
     <span class='ocr_line' id='line_1_36' title="bbox 2012 734 3731 808; baseline 0.003 -19"><span class='ocrx_word' id='word_1_260' title='bbox 2012 752 2141 790; x_wconf 83' lang='lat' dir='ltr'>num</span> <span class='ocrx_word' id='word_1_261' title='bbox 2159 742 2210 789; x_wconf 86' lang='lat' dir='ltr'>et</span> <span class='ocrx_word' id='word_1_262' title='bbox 2250 735 2470 789; x_wconf 89' lang='lat' dir='ltr'>malum.</span> <span class='ocrx_word' id='word_1_263' title='bbox 2517 734 2661 790; x_wconf 88' lang='lat' dir='ltr'>Cum</span> <span class='ocrx_word' id='word_1_264' title='bbox 2693 735 2905 806; x_wconf 90' lang='lat' dir='ltr'>inquit,</span> <span class='ocrx_word' id='word_1_265' title='bbox 2951 735 3358 808; x_wconf 89' lang='lat' dir='ltr'>cujuscunque</span> <span class='ocrx_word' id='word_1_266' title='bbox 3405 738 3731 808; x_wconf 89' lang='lat' dir='ltr'>experien—</span> 
     </span>
    </p>
   </div>
   <div class='ocr_carea' id='block_1_37' title="bbox 2016 825 3733 895">
    <p class='ocr_par' dir='ltr' id='par_1_37' title="bbox 2016 825 3733 895">
     <span class='ocr_line' id='line_1_37' title="bbox 2016 825 3733 895; baseline 0.002 -15"><span class='ocrx_word' id='word_1_267' title='bbox 2016 825 2107 880; x_wconf 89' lang='lat' dir='ltr'>tia</span> <span class='ocrx_word' id='word_1_268' title='bbox 2169 838 2364 892; x_wconf 88' lang='lat' dir='ltr'>causa,</span> <span class='ocrx_word' id='word_1_269' title='bbox 2425 838 2557 895; x_wconf 85' lang='lat' dir='ltr'>qua</span> <span class='ocrx_word' id='word_1_270' title='bbox 2612 825 2899 881; x_wconf 80' lang='lat' dir='ltr'>duntaxat</span> <span class='ocrx_word' id='word_1_271' title='bbox 2972 825 3230 891; x_wconf 85' lang='lat' dir='ltr'>cautela,</span> <span class='ocrx_word' id='word_1_272' title='bbox 3304 833 3359 881; x_wconf 92' lang='lat' dir='ltr'>et</span> <span class='ocrx_word' id='word_1_273' title='bbox 3416 827 3733 884; x_wconf 65' lang='lat' dir='ltr'>industriae</span> 
     </span>
    </p>
   </div>
   <div class='ocr_carea' id='block_1_38' title="bbox 2015 914 3733 985">
    <p class='ocr_par' dir='ltr' id='par_1_38' title="bbox 2015 914 3733 985">
     <span class='ocr_line' id='line_1_38' title="bbox 2015 914 3733 985; baseline 0.001 -15"><span class='ocrx_word' id='word_1_274' title='bbox 2015 914 2373 985; x_wconf 87' lang='lat' dir='ltr'>capessenda</span> <span class='ocrx_word' id='word_1_275' title='bbox 2404 915 2495 980; x_wconf 86' lang='lat' dir='ltr'>sit,</span> <span class='ocrx_word' id='word_1_276' title='bbox 2540 914 2723 970; x_wconf 90' lang='lat' dir='ltr'>labem</span> <span class='ocrx_word' id='word_1_277' title='bbox 2762 914 2947 985; x_wconf 84' lang='lat' dir='ltr'>culpa</span> <span class='ocrx_word' id='word_1_278' title='bbox 2979 914 3354 984; x_wconf 88' lang='lat' dir='ltr'>admiseritis;</span> <span class='ocrx_word' id='word_1_279' title='bbox 3416 915 3521 971; x_wconf 92' lang='lat' dir='ltr'>hoc</span> <span class='ocrx_word' id='word_1_280' title='bbox 3562 918 3733 973; x_wconf 85' lang='lat' dir='ltr'>enim</span> 
     </span>
    </p>
   </div>
   <div class='ocr_carea' id='block_1_39' title="bbox 2016 1002 3733 1076">
    <p class='ocr_par' dir='ltr' id='par_1_39' title="bbox 2016 1002 3733 1076">
     <span class='ocr_line' id='line_1_39' title="bbox 2016 1002 3733 1076; baseline 0.002 -17"><span class='ocrx_word' id='word_1_281' title='bbox 2016 1017 2370 1074; x_wconf 89' lang='lat' dir='ltr'>quacunque</span> <span class='ocrx_word' id='word_1_282' title='bbox 2415 1003 2506 1059; x_wconf 90' lang='lat' dir='ltr'>die</span> <span class='ocrx_word' id='word_1_283' title='bbox 2553 1002 2860 1074; x_wconf 83' lang='lat' dir='ltr'>significat,</span> <span class='ocrx_word' id='word_1_284' title='bbox 2912 1003 3050 1074; x_wconf 88' lang='lat' dir='ltr'>quia</span> <span class='ocrx_word' id='word_1_285' title='bbox 3110 1003 3427 1074; x_wconf 87' lang='lat' dir='ltr'>plurimum</span> <span class='ocrx_word' id='word_1_286' title='bbox 3482 1019 3733 1076; x_wconf 86' lang='lat' dir='ltr'>quoquo</span> 
     </span>
    </p>
   </div>
   <div class='ocr_carea' id='block_1_40' title="bbox 2015 1090 3727 1162">
    <p class='ocr_par' dir='ltr' id='par_1_40' title="bbox 2015 1090 3727 1162">
     <span class='ocr_line' id='line_1_40' title="bbox 2015 1090 3727 1162; baseline 0.001 -15"><span class='ocrx_word' id='word_1_287' title='bbox 2015 1091 2184 1147; x_wconf 90' lang='lat' dir='ltr'>modo</span> <span class='ocrx_word' id='word_1_288' title='bbox 2232 1091 2477 1161; x_wconf 88' lang='lat' dir='ltr'>indepta</span> <span class='ocrx_word' id='word_1_289' title='bbox 2525 1091 2844 1161; x_wconf 89' lang='lat' dir='ltr'>prudentia</span> <span class='ocrx_word' id='word_1_290' title='bbox 2885 1105 2988 1146; x_wconf 93' lang='lat' dir='ltr'>nos</span> <span class='ocrx_word' id='word_1_291' title='bbox 3041 1090 3238 1147; x_wconf 90' lang='lat' dir='ltr'>lumen</span> <span class='ocrx_word' id='word_1_292' title='bbox 3296 1092 3587 1162; x_wconf 86' lang='lat' dir='ltr'>insigniat,</span> <span class='ocrx_word' id='word_1_293' title='bbox 3621 1094 3727 1148; x_wconf 93' lang='lat' dir='ltr'>di-</span> 
     </span>
    </p>
   </div>
   <div class='ocr_carea' id='block_1_41' title="bbox 2016 1180 3735 1250">
    <p class='ocr_par' dir='ltr' id='par_1_41' title="bbox 2016 1180 3735 1250">
     <span class='ocr_line' id='line_1_41' title="bbox 2016 1180 3735 1250; baseline 0.002 -15"><span class='ocrx_word' id='word_1_294' title='bbox 2016 1180 2363 1236; x_wconf 91' lang='lat' dir='ltr'>scretionum</span> <span class='ocrx_word' id='word_1_295' title='bbox 2408 1188 2736 1237; x_wconf 87' lang='lat' dir='ltr'>vestrarum</span> <span class='ocrx_word' id='word_1_296' title='bbox 2784 1181 3113 1250; x_wconf 89' lang='lat' dir='ltr'>aperientur</span> <span class='ocrx_word' id='word_1_297' title='bbox 3156 1181 3395 1237; x_wconf 90' lang='lat' dir='ltr'>obtutus</span> <span class='ocrx_word' id='word_1_298' title='bbox 3432 1181 3503 1237; x_wconf 91' lang='lat' dir='ltr'>ad</span> <span class='ocrx_word' id='word_1_299' title='bbox 3552 1182 3735 1238; x_wconf 87' lang='lat' dir='ltr'>dein-</span> 
     </span>
    </p>
   </div>
   <div class='ocr_carea' id='block_1_42' title="bbox 2015 1268 3735 1341">
    <p class='ocr_par' dir='ltr' id='par_1_42' title="bbox 2015 1268 3735 1341">
     <span class='ocr_line' id='line_1_42' title="bbox 2015 1268 3735 1341; baseline 0.001 -17"><span class='ocrx_word' id='word_1_300' title='bbox 2015 1282 2148 1338; x_wconf 91' lang='lat' dir='ltr'>ceps</span> <span class='ocrx_word' id='word_1_301' title='bbox 2189 1269 2654 1338; x_wconf 83' lang='lat' dir='ltr'>pracavendum,</span> <span class='ocrx_word' id='word_1_302' title='bbox 2688 1275 2753 1325; x_wconf 91' lang='lat' dir='ltr'>ut</span> <span class='ocrx_word' id='word_1_303' title='bbox 2793 1268 2869 1324; x_wconf 90' lang='lat' dir='ltr'>dii</span> <span class='ocrx_word' id='word_1_304' title='bbox 2899 1268 3130 1325; x_wconf 91' lang='lat' dir='ltr'>demum</span> <span class='ocrx_word' id='word_1_305' title='bbox 3160 1283 3232 1325; x_wconf 86' lang='lat' dir='ltr'>ex</span> <span class='ocrx_word' id='word_1_306' title='bbox 3272 1268 3406 1326; x_wconf 93' lang='lat' dir='ltr'>boni</span> <span class='ocrx_word' id='word_1_307' title='bbox 3441 1284 3542 1341; x_wconf 89' lang='lat' dir='ltr'>per</span> <span class='ocrx_word' id='word_1_308' title='bbox 3579 1285 3735 1326; x_wconf 91' lang='lat' dir='ltr'>con—</span> 
     </span>
    </p>
   </div>
   <div class='ocr_carea' id='block_1_43' title="bbox 2018 1356 3737 1428">
    <p class='ocr_par' dir='ltr' id='par_1_43' title="bbox 2018 1356 3737 1428">
     <span class='ocr_line' id='line_1_43' title="bbox 2018 1356 3737 1428; baseline 0.001 -15"><span class='ocrx_word' id='word_1_309' title='bbox 2018 1357 2351 1413; x_wconf 89' lang='lat' dir='ltr'>tractionem</span> <span class='ocrx_word' id='word_1_310' title='bbox 2379 1356 2664 1413; x_wconf 87' lang='lat' dir='ltr'>malorum</span> <span class='ocrx_word' id='word_1_311' title='bbox 2714 1357 2939 1428; x_wconf 90' lang='lat' dir='ltr'>integra</span> <span class='ocrx_word' id='word_1_312' title='bbox 2985 1357 3222 1414; x_wconf 91' lang='lat' dir='ltr'>scientia</span> <span class='ocrx_word' id='word_1_313' title='bbox 3252 1358 3582 1425; x_wconf 87' lang='lat' dir='ltr'>existentes,</span> <span class='ocrx_word' id='word_1_314' title='bbox 3629 1374 3737 1414; x_wconf 81' lang='lat' dir='ltr'>ne-</span> 
     </span>
    </p>
   </div>
   <div class='ocr_carea' id='block_1_44' title="bbox 2018 1447 3737 1517">
    <p class='ocr_par' dir='ltr' id='par_1_44' title="bbox 2018 1447 3737 1517">
     <span class='ocr_line' id='line_1_44' title="bbox 2018 1447 3737 1517; baseline 0.001 -15"><span class='ocrx_word' id='word_1_315' title='bbox 2018 1459 2317 1517; x_wconf 86' lang='lat' dir='ltr'>quaquam</span> <span class='ocrx_word' id='word_1_316' title='bbox 2382 1454 2563 1502; x_wconf 89' lang='lat' dir='ltr'>morte</span> <span class='ocrx_word' id='word_1_317' title='bbox 2613 1452 2849 1511; x_wconf 72' lang='lat' dir='ltr'>aeterna,</span> <span class='ocrx_word' id='word_1_318' title='bbox 2895 1460 3026 1517; x_wconf 84' lang='lat' dir='ltr'>qua</span> <span class='ocrx_word' id='word_1_319' title='bbox 3066 1447 3517 1503; x_wconf 90' lang='lat' dir='ltr'>antonomastice</span> <span class='ocrx_word' id='word_1_320' title='bbox 3567 1461 3737 1503; x_wconf 89' lang='lat' dir='ltr'>mors</span> 
     </span>
    </p>
   </div>
   <div class='ocr_carea' id='block_1_45' title="bbox 2018 1533 3731 1602">
    <p class='ocr_par' dir='ltr' id='par_1_45' title="bbox 2018 1533 3731 1602">
     <span class='ocr_line' id='line_1_45' title="bbox 2018 1533 3731 1602; baseline -0.001 -12"><span class='ocrx_word' id='word_1_321' title='bbox 2018 1534 2248 1602; x_wconf 91' lang='lat' dir='ltr'>dicitur,</span> <span class='ocrx_word' id='word_1_322' title='bbox 2281 1534 2382 1590; x_wconf 93' lang='lat' dir='ltr'>Dei</span> <span class='ocrx_word' id='word_1_323' title='bbox 2428 1534 2731 1590; x_wconf 88' lang='lat' dir='ltr'>amissione</span> <span class='ocrx_word' id='word_1_324' title='bbox 2758 1533 3124 1601; x_wconf 84' lang='lat' dir='ltr'>lmoriamini,</span> <span class='ocrx_word' id='word_1_325' title='bbox 3167 1549 3298 1590; x_wconf 93' lang='lat' dir='ltr'>cum</span> <span class='ocrx_word' id='word_1_326' title='bbox 3351 1549 3632 1591; x_wconf 88' lang='lat' dir='ltr'>memores</span> <span class='ocrx_word' id='word_1_327' title='bbox 3662 1535 3731 1590; x_wconf 89' lang='lat' dir='ltr'>in</span> 
     </span>
    </p>
   </div>
   <div class='ocr_carea' id='block_1_46' title="bbox 2019 1622 3728 1696">
    <p class='ocr_par' dir='ltr' id='par_1_46' title="bbox 2019 1622 3728 1696">
     <span class='ocr_line' id='line_1_46' title="bbox 2019 1622 3728 1696; baseline 0.001 -17"><span class='ocrx_word' id='word_1_328' title='bbox 2019 1623 2307 1693; x_wconf 90' lang='lat' dir='ltr'>peccando</span> <span class='ocrx_word' id='word_1_329' title='bbox 2375 1622 2751 1694; x_wconf 86' lang='lat' dir='ltr'>malignitatis</span> <span class='ocrx_word' id='word_1_330' title='bbox 2808 1631 3059 1694; x_wconf 87' lang='lat' dir='ltr'>experta</span> <span class='ocrx_word' id='word_1_331' title='bbox 3128 1622 3374 1679; x_wconf 89' lang='lat' dir='ltr'>ulterius</span> <span class='ocrx_word' id='word_1_332' title='bbox 3431 1623 3551 1696; x_wconf 90' lang='lat' dir='ltr'>jam</span> <span class='ocrx_word' id='word_1_333' title='bbox 3600 1639 3728 1680; x_wconf 86' lang='lat' dir='ltr'>non</span> 
     </span>
    </p>
   </div>
   <div class='ocr_carea' id='block_1_47' title="bbox 2019 1710 3731 1783">
    <p class='ocr_par' dir='ltr' id='par_1_47' title="bbox 2019 1710 3731 1783">
     <span class='ocr_line' id='line_1_47' title="bbox 2019 1710 3731 1783; baseline 0 -16"><span class='ocrx_word' id='word_1_334' title='bbox 2019 1725 2253 1782; x_wconf 89' lang='lat' dir='ltr'>peccare</span> <span class='ocrx_word' id='word_1_335' title='bbox 2287 1710 2489 1779; x_wconf 88' lang='lat' dir='ltr'>velitis,</span> <span class='ocrx_word' id='word_1_336' title='bbox 2523 1719 2579 1767; x_wconf 85' lang='lat' dir='ltr'>et</span> <span class='ocrx_word' id='word_1_337' title='bbox 2608 1725 2715 1768; x_wconf 92' lang='lat' dir='ltr'>nec</span> <span class='ocrx_word' id='word_1_338' title='bbox 2738 1711 2911 1768; x_wconf 89' lang='lat' dir='ltr'>etiam</span> <span class='ocrx_word' id='word_1_339' title='bbox 2938 1711 3191 1783; x_wconf 89' lang='lat' dir='ltr'>quadam</span> <span class='ocrx_word' id='word_1_340' title='bbox 3222 1711 3422 1767; x_wconf 89' lang='lat' dir='ltr'>divina</span> <span class='ocrx_word' id='word_1_341' title='bbox 3465 1711 3524 1767; x_wconf 92' lang='lat' dir='ltr'>in</span> <span class='ocrx_word' id='word_1_342' title='bbox 3553 1713 3731 1769; x_wconf 88' lang='lat' dir='ltr'>vobis</span> 
     </span>
    </p>
   </div>
   <div class='ocr_carea' id='block_1_48' title="bbox 2018 1799 2879 1870">
    <p class='ocr_par' dir='ltr' id='par_1_48' title="bbox 2018 1799 2879 1870">
     <span class='ocr_line' id='line_1_48' title="bbox 2018 1799 2879 1870; baseline -0.001 -14"><span class='ocrx_word' id='word_1_343' title='bbox 2018 1800 2308 1856; x_wconf 87' lang='lat' dir='ltr'>transfusa</span> <span class='ocrx_word' id='word_1_344' title='bbox 2336 1806 2607 1870; x_wconf 89' lang='lat' dir='ltr'>potestate</span> <span class='ocrx_word' id='word_1_345' title='bbox 2638 1799 2879 1869; x_wconf 88' lang='lat' dir='ltr'>possitis.</span> 
     </span>
    </p>
   </div>
   <div class='ocr_carea' id='block_1_49' title="bbox 2088 1888 3733 1959">
    <p class='ocr_par' dir='ltr' id='par_1_49' title="bbox 2088 1888 3733 1959">
     <span class='ocr_line' id='line_1_49' title="bbox 2088 1888 3733 1959; baseline -0.001 -14"><span class='ocrx_word' id='word_1_346' title='bbox 2088 1888 2253 1945; x_wconf 73' lang='lat' dir='ltr'>Vens.</span> <span class='ocrx_word' id='word_1_347' title='bbox 2286 1890 2338 1956; x_wconf 90' lang='lat'>6,</span> <span class='ocrx_word' id='word_1_348' title='bbox 2368 1893 2419 1943; x_wconf 88' lang='lat'>7.</span> <span class='ocrx_word' id='word_1_349' title='bbox 2451 1917 2526 1930; x_wconf 95' lang='lat'><strong><em>—</em></strong></span> <span class='ocrx_word' id='word_1_350' title='bbox 2550 1888 2705 1945; x_wconf 86' lang='lat' dir='ltr'>Vidit</span> <span class='ocrx_word' id='word_1_351' title='bbox 2733 1890 2908 1957; x_wconf 80' lang='lat' dir='ltr'>igitur</span> <span class='ocrx_word' id='word_1_352' title='bbox 2945 1890 3139 1943; x_wconf 87' lang='lat' dir='ltr'>mulier</span> <span class='ocrx_word' id='word_1_353' title='bbox 3176 1888 3322 1959; x_wconf 83' lang='lat' dir='ltr'>quod</span> <span class='ocrx_word' id='word_1_354' title='bbox 3353 1888 3545 1944; x_wconf 86' lang='lat' dir='ltr'>bonum</span> <span class='ocrx_word' id='word_1_355' title='bbox 3584 1894 3733 1945; x_wconf 81' lang='lat' dir='ltr'>esset</span> 
     </span>
    </p>
   </div>
   <div class='ocr_carea' id='block_1_50' title="bbox 2018 1976 3729 2047">
    <p class='ocr_par' dir='ltr' id='par_1_50' title="bbox 2018 1976 3729 2047">
     <span class='ocr_line' id='line_1_50' title="bbox 2018 1976 3729 2047; baseline -0.001 -15"><span class='ocrx_word' id='word_1_356' title='bbox 2018 1978 2226 2045; x_wconf 81' lang='lat' dir='ltr'>lignum</span> <span class='ocrx_word' id='word_1_357' title='bbox 2251 1977 2327 2032; x_wconf 88' lang='lat' dir='ltr'>ad</span> <span class='ocrx_word' id='word_1_358' title='bbox 2364 1976 2699 2041; x_wconf 76' lang='lat' dir='ltr'>vescendum,</span> <span class='ocrx_word' id='word_1_359' title='bbox 2755 1983 2807 2031; x_wconf 89' lang='lat' dir='ltr'>et</span> <span class='ocrx_word' id='word_1_360' title='bbox 2852 1977 3141 2046; x_wconf 83' lang='lat' dir='ltr'>pulchrum</span> <span class='ocrx_word' id='word_1_361' title='bbox 3174 1978 3341 2032; x_wconf 90' lang='lat' dir='ltr'>oculis</span> <span class='ocrx_word' id='word_1_362' title='bbox 3388 1982 3729 2047; x_wconf 83' lang='lat' dir='ltr'>aspectuque</span> 
     </span>
    </p>
   </div>
   <div class='ocr_carea' id='block_1_51' title="bbox 2017 2065 3730 2136">
    <p class='ocr_par' dir='ltr' id='par_1_51' title="bbox 2017 2065 3730 2136">
     <span class='ocr_line' id='line_1_51' title="bbox 2017 2065 3730 2136; baseline -0.001 -14"><span class='ocrx_word' id='word_1_363' title='bbox 2017 2067 2346 2135; x_wconf 73' lang='lat' dir='ltr'>delectabile,</span> <span class='ocrx_word' id='word_1_364' title='bbox 2372 2067 2602 2136; x_wconf 85' lang='lat' dir='ltr'>tulitque</span> <span class='ocrx_word' id='word_1_365' title='bbox 2630 2066 2697 2119; x_wconf 86' lang='lat' dir='ltr'>de</span> <span class='ocrx_word' id='word_1_366' title='bbox 2738 2067 2928 2134; x_wconf 85' lang='lat' dir='ltr'>fructu</span> <span class='ocrx_word' id='word_1_367' title='bbox 2953 2067 3122 2133; x_wconf 88' lang='lat' dir='ltr'>illius,</span> <span class='ocrx_word' id='word_1_368' title='bbox 3168 2071 3219 2120; x_wconf 85' lang='lat' dir='ltr'>et</span> <span class='ocrx_word' id='word_1_369' title='bbox 3256 2065 3502 2133; x_wconf 85' lang='lat' dir='ltr'>comedit,</span> <span class='ocrx_word' id='word_1_370' title='bbox 3544 2065 3730 2120; x_wconf 84' lang='lat' dir='ltr'>dedit-</span> 
     </span>
    </p>
   </div>
   <div class='ocr_carea' id='block_1_52' title="bbox 2017 2154 3725 2226">
    <p class='ocr_par' dir='ltr' id='par_1_52' title="bbox 2017 2154 3725 2226">
     <span class='ocr_line' id='line_1_52' title="bbox 2017 2154 3725 2226; baseline -0.001 -16"><span class='ocrx_word' id='word_1_371' title='bbox 2017 2172 2120 2226; x_wconf 88' lang='lat' dir='ltr'>que</span> <span class='ocrx_word' id='word_1_372' title='bbox 2145 2158 2263 2211; x_wconf 86' lang='lat' dir='ltr'>viro</span> <span class='ocrx_word' id='word_1_373' title='bbox 2288 2170 2405 2221; x_wconf 82' lang='lat' dir='ltr'>suo,</span> <span class='ocrx_word' id='word_1_374' title='bbox 2439 2157 2536 2225; x_wconf 86' lang='lat' dir='ltr'>qui</span> <span class='ocrx_word' id='word_1_375' title='bbox 2578 2154 2827 2210; x_wconf 87' lang='lat' dir='ltr'>comedit.</span> <span class='ocrx_word' id='word_1_376' title='bbox 2864 2157 2932 2210; x_wconf 88' lang='lat' dir='ltr'>Et</span> <span class='ocrx_word' id='word_1_377' title='bbox 2975 2156 3157 2224; x_wconf 84' lang='lat' dir='ltr'>aperti</span> <span class='ocrx_word' id='word_1_378' title='bbox 3182 2159 3308 2209; x_wconf 87' lang='lat' dir='ltr'>sunt</span> <span class='ocrx_word' id='word_1_379' title='bbox 3336 2155 3478 2209; x_wconf 85' lang='lat' dir='ltr'>oculi</span> <span class='ocrx_word' id='word_1_380' title='bbox 3522 2155 3725 2208; x_wconf 83' lang='lat' dir='ltr'>ambo-</span> 
     </span>
    </p>
   </div>
   <div class='ocr_carea' id='block_1_53' title="bbox 2015 2241 3721 2313">
    <p class='ocr_par' dir='ltr' id='par_1_53' title="bbox 2015 2241 3721 2313">
     <span class='ocr_line' id='line_1_53' title="bbox 2015 2241 3721 2313; baseline -0.002 -14"><span class='ocrx_word' id='word_1_381' title='bbox 2015 2260 2155 2299; x_wconf 89' lang='lat' dir='ltr'>rum.</span> <span class='ocrx_word' id='word_1_382' title='bbox 2192 2242 2297 2299; x_wconf 89' lang='lat' dir='ltr'>Sed</span> <span class='ocrx_word' id='word_1_383' title='bbox 2336 2257 2407 2299; x_wconf 90' lang='lat' dir='ltr'>ne</span> <span class='ocrx_word' id='word_1_384' title='bbox 2446 2242 2763 2313; x_wconf 88' lang='lat' dir='ltr'>praterisse</span> <span class='ocrx_word' id='word_1_385' title='bbox 2812 2241 3031 2303; x_wconf 87' lang='lat' dir='ltr'>videar.</span> <span class='ocrx_word' id='word_1_386' title='bbox 3085 2241 3211 2310; x_wconf 85' lang='lat' dir='ltr'>scit,</span> <span class='ocrx_word' id='word_1_387' title='bbox 3256 2241 3519 2312; x_wconf 89' lang='lat' dir='ltr'>inquam,</span> <span class='ocrx_word' id='word_1_388' title='bbox 3554 2243 3721 2307; x_wconf 86' lang='lat' dir='ltr'>Deus,</span> 
     </span>
    </p>
   </div>
   <div class='ocr_carea' id='block_1_54' title="bbox 2018 2329 3725 2403">
    <p class='ocr_par' dir='ltr' id='par_1_54' title="bbox 2018 2329 3725 2403">
     <span class='ocr_line' id='line_1_54' title="bbox 2018 2329 3725 2403; baseline -0.004 -12"><span class='ocrx_word' id='word_1_389' title='bbox 2018 2334 2075 2391; x_wconf 91' lang='lat' dir='ltr'>id</span> <span class='ocrx_word' id='word_1_390' title='bbox 2124 2340 2227 2400; x_wconf 87' lang='lat' dir='ltr'>est,</span> <span class='ocrx_word' id='word_1_391' title='bbox 2281 2332 2577 2403; x_wconf 84' lang='lat' dir='ltr'>approbat,</span> <span class='ocrx_word' id='word_1_392' title='bbox 2624 2333 2756 2401; x_wconf 83' lang='lat' dir='ltr'>quia</span> <span class='ocrx_word' id='word_1_393' title='bbox 2800 2333 2859 2384; x_wconf 88' lang='lat' dir='ltr'>in</span> <span class='ocrx_word' id='word_1_394' title='bbox 2914 2345 3233 2400; x_wconf 87' lang='lat' dir='ltr'>quacunque</span> <span class='ocrx_word' id='word_1_395' title='bbox 3274 2331 3381 2398; x_wconf 85' lang='lat' dir='ltr'>die,</span> <span class='ocrx_word' id='word_1_396' title='bbox 3432 2330 3486 2385; x_wconf 93' lang='lat' dir='ltr'>id</span> <span class='ocrx_word' id='word_1_397' title='bbox 3516 2337 3624 2398; x_wconf 89' lang='lat' dir='ltr'>est,</span> <span class='ocrx_word' id='word_1_398' title='bbox 3659 2329 3725 2385; x_wconf 89' lang='lat' dir='ltr'>in</span> 
     </span>
    </p>
   </div>
   <div class='ocr_carea' id='block_1_55' title="bbox 2017 2416 3730 2493">
    <p class='ocr_par' dir='ltr' id='par_1_55' title="bbox 2017 2416 3730 2493">
     <span class='ocr_line' id='line_1_55' title="bbox 2017 2416 3730 2493; baseline -0.004 -14"><span class='ocrx_word' id='word_1_399' title='bbox 2017 2421 2420 2493; x_wconf 86' lang='lat' dir='ltr'>cujuscunque</span> <span class='ocrx_word' id='word_1_400' title='bbox 2464 2418 2854 2489; x_wconf 83' lang='lat' dir='ltr'>intelligentia</span> <span class='ocrx_word' id='word_1_401' title='bbox 2903 2417 3319 2485; x_wconf 86' lang='lat' dir='ltr'>nanciscenda,</span> <span class='ocrx_word' id='word_1_402' title='bbox 3374 2432 3488 2473; x_wconf 90' lang='lat' dir='ltr'>non</span> <span class='ocrx_word' id='word_1_403' title='bbox 3539 2416 3730 2473; x_wconf 91' lang='lat' dir='ltr'>solius</span> 
     </span>
    </p>
   </div>
   <div class='ocr_carea' id='block_1_56' title="bbox 2017 2505 3726 2581">
    <p class='ocr_par' dir='ltr' id='par_1_56' title="bbox 2017 2505 3726 2581">
     <span class='ocr_line' id='line_1_56' title="bbox 2017 2505 3726 2581; baseline -0.002 -16"><span class='ocrx_word' id='word_1_404' title='bbox 2017 2510 2141 2565; x_wconf 89' lang='lat' dir='ltr'>vitii</span> <span class='ocrx_word' id='word_1_405' title='bbox 2170 2510 2355 2581; x_wconf 86' lang='lat' dir='ltr'>gratia</span> <span class='ocrx_word' id='word_1_406' title='bbox 2383 2507 2590 2564; x_wconf 89' lang='lat' dir='ltr'>vitium</span> <span class='ocrx_word' id='word_1_407' title='bbox 2635 2506 2945 2572; x_wconf 86' lang='lat' dir='ltr'>subieritis,</span> <span class='ocrx_word' id='word_1_408' title='bbox 2997 2520 3098 2562; x_wconf 92' lang='lat' dir='ltr'>vos</span> <span class='ocrx_word' id='word_1_409' title='bbox 3146 2505 3291 2562; x_wconf 86' lang='lat' dir='ltr'>nihil</span> <span class='ocrx_word' id='word_1_410' title='bbox 3332 2505 3571 2562; x_wconf 92' lang='lat' dir='ltr'>mortale</span> <span class='ocrx_word' id='word_1_411' title='bbox 3609 2520 3726 2562; x_wconf 82' lang='lat' dir='ltr'>me-</span> 
     </span>
    </p>
   </div>
   <div class='ocr_carea' id='block_1_57' title="bbox 2018 2593 3719 2667">
    <p class='ocr_par' dir='ltr' id='par_1_57' title="bbox 2018 2593 3719 2667">
     <span class='ocr_line' id='line_1_57' title="bbox 2018 2593 3719 2667; baseline -0.003 -12"><span class='ocrx_word' id='word_1_412' title='bbox 2018 2600 2252 2667; x_wconf 89' lang='lat' dir='ltr'>rituros,</span> <span class='ocrx_word' id='word_1_413' title='bbox 2321 2597 2419 2653; x_wconf 91' lang='lat' dir='ltr'>sed</span> <span class='ocrx_word' id='word_1_414' title='bbox 2484 2595 2925 2667; x_wconf 90' lang='lat' dir='ltr'>perspicaciores</span> <span class='ocrx_word' id='word_1_415' title='bbox 2991 2596 3062 2651; x_wconf 90' lang='lat' dir='ltr'>ad</span> <span class='ocrx_word' id='word_1_416' title='bbox 3133 2593 3416 2652; x_wconf 87' lang='lat' dir='ltr'>cautelam</span> <span class='ocrx_word' id='word_1_417' title='bbox 3467 2594 3719 2650; x_wconf 90' lang='lat' dir='ltr'>futuros.</span> 
     </span>
    </p>
   </div>
   <div class='ocr_carea' id='block_1_58' title="bbox 2019 2682 3725 2756">
    <p class='ocr_par' dir='ltr' id='par_1_58' title="bbox 2019 2682 3725 2756">
     <span class='ocr_line' id='line_1_58' title="bbox 2019 2682 3725 2756; baseline -0.003 -12"><span class='ocrx_word' id='word_1_418' title='bbox 2019 2687 2270 2744; x_wconf 71' lang='lat' dir='ltr'>Allectus</span> <span class='ocrx_word' id='word_1_419' title='bbox 2336 2684 2759 2756; x_wconf 89' lang='lat' dir='ltr'>suggestionem</span> <span class='ocrx_word' id='word_1_420' title='bbox 2829 2683 2979 2740; x_wconf 91' lang='lat' dir='ltr'>lente</span> <span class='ocrx_word' id='word_1_421' title='bbox 3043 2692 3368 2754; x_wconf 87' lang='lat' dir='ltr'>susceptam</span> <span class='ocrx_word' id='word_1_422' title='bbox 3421 2682 3725 2739; x_wconf 88' lang='lat' dir='ltr'>delectatio</span> 
     </span>
    </p>
   </div>
   <div class='ocr_carea' id='block_1_59' title="bbox 2017 2771 3720 2848">
    <p class='ocr_par' dir='ltr' id='par_1_59' title="bbox 2017 2771 3720 2848">
     <span class='ocr_line' id='line_1_59' title="bbox 2017 2771 3720 2848; baseline -0.004 -14"><span class='ocrx_word' id='word_1_423' title='bbox 2017 2776 2296 2848; x_wconf 89' lang='lat' dir='ltr'>approbat</span> <span class='ocrx_word' id='word_1_424' title='bbox 2339 2773 2672 2840; x_wconf 88' lang='lat' dir='ltr'>voluntatis,</span> <span class='ocrx_word' id='word_1_425' title='bbox 2734 2773 2874 2844; x_wconf 90' lang='lat' dir='ltr'>quia</span> <span class='ocrx_word' id='word_1_426' title='bbox 2909 2772 3072 2842; x_wconf 77' lang='lat' dir='ltr'>vidit,</span> <span class='ocrx_word' id='word_1_427' title='bbox 3118 2771 3176 2827; x_wconf 89' lang='lat' dir='ltr'>id</span> <span class='ocrx_word' id='word_1_428' title='bbox 3221 2780 3305 2829; x_wconf 91' lang='lat' dir='ltr'>est</span> <span class='ocrx_word' id='word_1_429' title='bbox 3349 2771 3720 2840; x_wconf 88' lang='lat' dir='ltr'>desideravit,</span> 
     </span>
    </p>
   </div>
   <div class='ocr_carea' id='block_1_60' title="bbox 211 2858 3715 2932">
    <p class='ocr_par' dir='ltr' id='par_1_60' title="bbox 211 2858 3715 2932">
     <span class='ocr_line' id='line_1_60' title="bbox 211 2858 3715 2932; baseline -0 -16"><span class='ocrx_word' id='word_1_430' title='bbox 211 2860 281 2917; x_wconf 91' lang='lat' dir='ltr'>tis</span> <span class='ocrx_word' id='word_1_431' title='bbox 304 2859 573 2915; x_wconf 91' lang='lat' dir='ltr'>divellere</span> <span class='ocrx_word' id='word_1_432' title='bbox 612 2866 855 2917; x_wconf 89' lang='lat' dir='ltr'>conatur</span> <span class='ocrx_word' id='word_1_433' title='bbox 907 2873 941 2916; x_wconf 90' lang='lat' dir='ltr'>a</span> <span class='ocrx_word' id='word_1_434' title='bbox 996 2867 1176 2932; x_wconf 88' lang='lat' dir='ltr'>tergo.</span> <span class='ocrx_word' id='word_1_435' title='bbox 1212 2861 1282 2916; x_wconf 91' lang='lat' dir='ltr'>Et</span> <span class='ocrx_word' id='word_1_436' title='bbox 1336 2860 1464 2916; x_wconf 91' lang='lat' dir='ltr'>ideo</span> <span class='ocrx_word' id='word_1_437' title='bbox 1518 2862 1777 2931; x_wconf 90' lang='lat' dir='ltr'>primum</span> <span class='ocrx_word' id='word_1_438' title='bbox 1812 2860 1903 2915; x_wconf 87' lang='lat' dir='ltr'>hic</span> <span class='ocrx_word' id='word_1_439' title='bbox 1935 2867 1974 2921; x_wconf 90' lang='lat' dir='ltr'><strong>C</strong></span> <span class='ocrx_word' id='word_1_440' title='bbox 2013 2870 2125 2925; x_wconf 90' lang='lat' dir='ltr'>imo</span> <span class='ocrx_word' id='word_1_441' title='bbox 2165 2860 2497 2932; x_wconf 88' lang='lat' dir='ltr'>concupivit</span> <span class='ocrx_word' id='word_1_442' title='bbox 2541 2861 2755 2927; x_wconf 82' lang='lat' dir='ltr'>mulier,</span> <span class='ocrx_word' id='word_1_443' title='bbox 2803 2858 3021 2916; x_wconf 81' lang='lat' dir='ltr'>stolida</span> <span class='ocrx_word' id='word_1_444' title='bbox 3067 2858 3402 2931; x_wconf 87' lang='lat' dir='ltr'>voluptatis,</span> <span class='ocrx_word' id='word_1_445' title='bbox 3452 2859 3608 2930; x_wconf 91' lang='lat' dir='ltr'>quod</span> <span class='ocrx_word' id='word_1_446' title='bbox 3637 2873 3715 2915; x_wconf 87' lang='lat' dir='ltr'>ex</span> 
     </span>
    </p>
   </div>
   <div class='ocr_carea' id='block_1_61' title="bbox 210 2946 1760 3019">
    <p class='ocr_par' dir='ltr' id='par_1_61' title="bbox 210 2946 1760 3019">
     <span class='ocr_line' id='line_1_61' title="bbox 210 2946 1760 3019; baseline 0.001 -15"><span class='ocrx_word' id='word_1_447' title='bbox 210 2946 548 3019; x_wconf 82' lang='lat' dir='ltr'>aggreditur</span> <span class='ocrx_word' id='word_1_448' title='bbox 576 2948 896 3015; x_wconf 89' lang='lat' dir='ltr'>mulierem,</span> <span class='ocrx_word' id='word_1_449' title='bbox 931 2948 1111 3019; x_wconf 89' lang='lat' dir='ltr'>ipsam</span> <span class='ocrx_word' id='word_1_450' title='bbox 1141 2948 1350 3005; x_wconf 85' lang='lat' dir='ltr'>scilicet</span> <span class='ocrx_word' id='word_1_451' title='bbox 1382 2949 1760 3005; x_wconf 90' lang='lat' dir='ltr'>voluntatem.</span> 
     </span>
    </p>
   </div>
   <div class='ocr_carea' id='block_1_62' title="bbox 280 3036 1903 3109">
    <p class='ocr_par' dir='ltr' id='par_1_62' title="bbox 280 3036 1903 3109">
     <span class='ocr_line' id='line_1_62' title="bbox 280 3036 1903 3109; baseline -0.001 -16"><span class='ocrx_word' id='word_1_452' title='bbox 280 3036 447 3093; x_wconf 74' lang='lat' dir='ltr'>Vsus.</span> <span class='ocrx_word' id='word_1_453' title='bbox 507 3039 560 3091; x_wconf 89' lang='grc'>2.</span> <span class='ocrx_word' id='word_1_454' title='bbox 609 3065 682 3078; x_wconf 89' lang='grc'><strong>-</strong></span> <span class='ocrx_word' id='word_1_455' title='bbox 719 3038 848 3103; x_wconf 88' lang='lat' dir='ltr'>Cur,</span> <span class='ocrx_word' id='word_1_456' title='bbox 901 3036 1111 3107; x_wconf 88' lang='lat' dir='ltr'>inquit,</span> <span class='ocrx_word' id='word_1_457' title='bbox 1156 3041 1417 3109; x_wconf 70' lang='lat' dir='ltr'>praecepit</span> <span class='ocrx_word' id='word_1_458' title='bbox 1460 3039 1611 3093; x_wconf 84' lang='lat' dir='ltr'>vobis</span> <span class='ocrx_word' id='word_1_459' title='bbox 1660 3041 1797 3092; x_wconf 86' lang='lat' dir='ltr'>Deus</span> <span class='ocrx_word' id='word_1_460' title='bbox 1837 3053 1903 3091; x_wconf 89' lang='lat' dir='ltr'>ne</span> 
     </span>
    </p>
   </div>
   <div class='ocr_carea' id='block_1_63' title="bbox 209 3125 1903 3196">
    <p class='ocr_par' dir='ltr' id='par_1_63' title="bbox 209 3125 1903 3196">
     <span class='ocr_line' id='line_1_63' title="bbox 209 3125 1903 3196; baseline 0.001 -16"><span class='ocrx_word' id='word_1_461' title='bbox 209 3125 549 3180; x_wconf 86' lang='lat' dir='ltr'>comederetis</span> <span class='ocrx_word' id='word_1_462' title='bbox 624 3125 689 3178; x_wconf 88' lang='lat' dir='ltr'>de</span> <span class='ocrx_word' id='word_1_463' title='bbox 754 3128 901 3180; x_wconf 89' lang='lat' dir='ltr'>omni</span> <span class='ocrx_word' id='word_1_464' title='bbox 968 3126 1113 3193; x_wconf 83' lang='lat' dir='ltr'>ligno</span> <span class='ocrx_word' id='word_1_465' title='bbox 1185 3126 1485 3196; x_wconf 78' lang='lat' dir='ltr'>paradisi?</span> <span class='ocrx_word' id='word_1_466' title='bbox 1538 3126 1903 3184; x_wconf 86' lang='lat' dir='ltr'>Consuetudo</span> 
     </span>
    </p>
   </div>
   <div class='ocr_carea' id='block_1_64' title="bbox 208 3214 1905 3284">
    <p class='ocr_par' dir='ltr' id='par_1_64' title="bbox 208 3214 1905 3284">
     <span class='ocr_line' id='line_1_64' title="bbox 208 3214 1905 3284; baseline 0.001 -16"><span class='ocrx_word' id='word_1_467' title='bbox 208 3221 292 3269; x_wconf 88' lang='lat' dir='ltr'>est</span> <span class='ocrx_word' id='word_1_468' title='bbox 346 3226 723 3283; x_wconf 90' lang='lat' dir='ltr'>personarum</span> <span class='ocrx_word' id='word_1_469' title='bbox 772 3214 999 3284; x_wconf 88' lang='lat' dir='ltr'>penitus</span> <span class='ocrx_word' id='word_1_470' title='bbox 1042 3215 1417 3271; x_wconf 89' lang='lat' dir='ltr'>obscurarum</span> <span class='ocrx_word' id='word_1_471' title='bbox 1474 3222 1538 3271; x_wconf 91' lang='lat' dir='ltr'>ut</span> <span class='ocrx_word' id='word_1_472' title='bbox 1591 3214 1905 3284; x_wconf 88' lang='lat' dir='ltr'>procaciter</span> 
     </span>
    </p>
   </div>
   <div class='ocr_carea' id='block_1_65' title="bbox 208 3301 1905 3373">
    <p class='ocr_par' dir='ltr' id='par_1_65' title="bbox 208 3301 1905 3373">
     <span class='ocr_line' id='line_1_65' title="bbox 208 3301 1905 3373; baseline 0.001 -17"><span class='ocrx_word' id='word_1_473' title='bbox 208 3308 264 3356; x_wconf 90' lang='lat' dir='ltr'>et</span> <span class='ocrx_word' id='word_1_474' title='bbox 332 3301 550 3357; x_wconf 88' lang='lat' dir='ltr'>tumide</span> <span class='ocrx_word' id='word_1_475' title='bbox 609 3302 879 3373; x_wconf 83' lang='lat' dir='ltr'>qualibet</span> <span class='ocrx_word' id='word_1_476' title='bbox 952 3317 1181 3359; x_wconf 89' lang='lat' dir='ltr'>summa</span> <span class='ocrx_word' id='word_1_477' title='bbox 1248 3303 1575 3360; x_wconf 86' lang='lat' dir='ltr'>discutiant.</span> <span class='ocrx_word' id='word_1_478' title='bbox 1640 3303 1800 3360; x_wconf 90' lang='lat' dir='ltr'>Unde</span> <span class='ocrx_word' id='word_1_479' title='bbox 1849 3307 1905 3359; x_wconf 87' lang='lat' dir='ltr'>et</span> 
     </span>
    </p>
   </div>
   <div class='ocr_carea' id='block_1_66' title="bbox 208 3390 1903 3462">
    <p class='ocr_par' dir='ltr' id='par_1_66' title="bbox 208 3390 1903 3462">
     <span class='ocr_line' id='line_1_66' title="bbox 208 3390 1903 3462; baseline 0.001 -17"><span class='ocrx_word' id='word_1_480' title='bbox 208 3390 389 3445; x_wconf 91' lang='lat' dir='ltr'>Deum</span> <span class='ocrx_word' id='word_1_481' title='bbox 421 3390 642 3460; x_wconf 91' lang='lat' dir='ltr'>primus</span> <span class='ocrx_word' id='word_1_482' title='bbox 688 3391 948 3447; x_wconf 90' lang='lat' dir='ltr'>omnium</span> <span class='ocrx_word' id='word_1_483' title='bbox 1003 3399 1324 3448; x_wconf 90' lang='lat' dir='ltr'>creatorum</span> <span class='ocrx_word' id='word_1_484' title='bbox 1376 3406 1608 3462; x_wconf 90' lang='lat' dir='ltr'>serpens</span> <span class='ocrx_word' id='word_1_485' title='bbox 1651 3392 1753 3447; x_wconf 91' lang='lat' dir='ltr'>iste</span> <span class='ocrx_word' id='word_1_486' title='bbox 1793 3406 1903 3446; x_wconf 91' lang='lat' dir='ltr'>no-</span> 
     </span>
    </p>
   </div>
   <div class='ocr_carea' id='block_1_67' title="bbox 209 3477 1901 3551">
    <p class='ocr_par' dir='ltr' id='par_1_67' title="bbox 209 3477 1901 3551">
     <span class='ocr_line' id='line_1_67' title="bbox 209 3477 1901 3551; baseline 0.001 -18"><span class='ocrx_word' id='word_1_487' title='bbox 209 3477 412 3545; x_wconf 90' lang='lat' dir='ltr'>minat,</span> <span class='ocrx_word' id='word_1_488' title='bbox 462 3485 517 3535; x_wconf 91' lang='lat' dir='ltr'>et</span> <span class='ocrx_word' id='word_1_489' title='bbox 560 3478 671 3535; x_wconf 92' lang='lat' dir='ltr'>Dco</span> <span class='ocrx_word' id='word_1_490' title='bbox 721 3480 873 3550; x_wconf 92' lang='lat' dir='ltr'>quod</span> <span class='ocrx_word' id='word_1_491' title='bbox 919 3494 1226 3551; x_wconf 91' lang='lat' dir='ltr'>nunquam</span> <span class='ocrx_word' id='word_1_492' title='bbox 1259 3481 1423 3549; x_wconf 88' lang='lat' dir='ltr'>dixit,</span> <span class='ocrx_word' id='word_1_493' title='bbox 1477 3482 1737 3550; x_wconf 89' lang='lat' dir='ltr'>imputat.</span> <span class='ocrx_word' id='word_1_494' title='bbox 1778 3479 1901 3535; x_wconf 91' lang='lat' dir='ltr'>Non</span> 
     </span>
    </p>
   </div>
   <div class='ocr_carea' id='block_1_68' title="bbox 207 3566 1904 3640">
    <p class='ocr_par' dir='ltr' id='par_1_68' title="bbox 207 3566 1904 3640">
     <span class='ocr_line' id='line_1_68' title="bbox 207 3566 1904 3640; baseline 0.001 -19"><span class='ocrx_word' id='word_1_495' title='bbox 207 3567 361 3622; x_wconf 82' lang='lat' dir='ltr'>enim</span> <span class='ocrx_word' id='word_1_496' title='bbox 392 3566 723 3624; x_wconf 89' lang='lat' dir='ltr'>hominibus</span> <span class='ocrx_word' id='word_1_497' title='bbox 751 3582 919 3625; x_wconf 91' lang='lat' dir='ltr'>omne</span> <span class='ocrx_word' id='word_1_498' title='bbox 975 3568 1225 3640; x_wconf 87' lang='lat' dir='ltr'>paradisi</span> <span class='ocrx_word' id='word_1_499' title='bbox 1278 3570 1501 3640; x_wconf 87' lang='lat' dir='ltr'>lignum</span> <span class='ocrx_word' id='word_1_500' title='bbox 1546 3567 1729 3624; x_wconf 89' lang='lat' dir='ltr'>vetuit</span> <span class='ocrx_word' id='word_1_501' title='bbox 1753 3567 1904 3624; x_wconf 89' lang='lat' dir='ltr'>Deus</span> 
     </span>
    </p>
   </div>
   <div class='ocr_carea' id='block_1_69' title="bbox 208 3654 1900 3727">
    <p class='ocr_par' dir='ltr' id='par_1_69' title="bbox 208 3654 1900 3727">
     <span class='ocr_line' id='line_1_69' title="bbox 208 3654 1900 3727; baseline 0.001 -17"><span class='ocrx_word' id='word_1_502' title='bbox 208 3654 305 3710; x_wconf 91' lang='lat' dir='ltr'>sed</span> <span class='ocrx_word' id='word_1_503' title='bbox 338 3669 522 3711; x_wconf 92' lang='lat' dir='ltr'>unum</span> <span class='ocrx_word' id='word_1_504' title='bbox 558 3657 974 3725; x_wconf 88' lang='lat' dir='ltr'>tantummodo,</span> <span class='ocrx_word' id='word_1_505' title='bbox 1026 3656 1180 3727; x_wconf 87' lang='lat' dir='ltr'>quod</span> <span class='ocrx_word' id='word_1_506' title='bbox 1238 3666 1417 3714; x_wconf 90' lang='lat' dir='ltr'>totum</span> <span class='ocrx_word' id='word_1_507' title='bbox 1449 3657 1596 3713; x_wconf 90' lang='lat' dir='ltr'>mira</span> <span class='ocrx_word' id='word_1_508' title='bbox 1630 3656 1786 3713; x_wconf 87' lang='lat' dir='ltr'>rabie</span> <span class='ocrx_word' id='word_1_509' title='bbox 1816 3657 1900 3713; x_wconf 92' lang='lat' dir='ltr'>di-</span> 
     </span>
    </p>
   </div>
   <div class='ocr_carea' id='block_1_70' title="bbox 207 3745 1899 3817">
    <p class='ocr_par' dir='ltr' id='par_1_70' title="bbox 207 3745 1899 3817">
     <span class='ocr_line' id='line_1_70' title="bbox 207 3745 1899 3817; baseline 0.001 -17"><span class='ocrx_word' id='word_1_510' title='bbox 207 3751 363 3800; x_wconf 91' lang='lat' dir='ltr'>ctum</span> <span class='ocrx_word' id='word_1_511' title='bbox 395 3745 471 3801; x_wconf 90' lang='lat' dir='ltr'>ita</span> <span class='ocrx_word' id='word_1_512' title='bbox 492 3745 870 3815; x_wconf 83' lang='lat' dir='ltr'>exprimitur:</span> <span class='ocrx_word' id='word_1_513' title='bbox 896 3749 1033 3815; x_wconf 91' lang='lat' dir='ltr'>Cur,</span> <span class='ocrx_word' id='word_1_514' title='bbox 1058 3747 1267 3817; x_wconf 88' lang='lat' dir='ltr'>inquit,</span> <span class='ocrx_word' id='word_1_515' title='bbox 1294 3748 1464 3813; x_wconf 91' lang='lat' dir='ltr'>Deus,</span> <span class='ocrx_word' id='word_1_516' title='bbox 1488 3762 1619 3803; x_wconf 90' lang='lat' dir='ltr'>cum</span> <span class='ocrx_word' id='word_1_517' title='bbox 1647 3747 1899 3815; x_wconf 85' lang='lat' dir='ltr'>sitDeus,</span> 
     </span>
    </p>
   </div>
   <div class='ocr_carea' id='block_1_71' title="bbox 206 3833 1900 3905">
    <p class='ocr_par' dir='ltr' id='par_1_71' title="bbox 206 3833 1900 3905">
     <span class='ocr_line' id='line_1_71' title="bbox 206 3833 1900 3905; baseline 0.001 -17"><span class='ocrx_word' id='word_1_518' title='bbox 206 3840 261 3888; x_wconf 87' lang='lat' dir='ltr'>et</span> <span class='ocrx_word' id='word_1_519' title='bbox 291 3833 610 3890; x_wconf 88' lang='lat' dir='ltr'>divinitatis</span> <span class='ocrx_word' id='word_1_520' title='bbox 640 3834 918 3904; x_wconf 87' lang='lat' dir='ltr'>dignitate</span> <span class='ocrx_word' id='word_1_521' title='bbox 964 3849 1071 3890; x_wconf 92' lang='lat' dir='ltr'>nec</span> <span class='ocrx_word' id='word_1_522' title='bbox 1110 3834 1245 3890; x_wconf 89' lang='lat' dir='ltr'>velit</span> <span class='ocrx_word' id='word_1_523' title='bbox 1294 3850 1524 3905; x_wconf 88' lang='lat' dir='ltr'>peccare</span> <span class='ocrx_word' id='word_1_524' title='bbox 1565 3850 1668 3890; x_wconf 90' lang='lat' dir='ltr'>nec</span> <span class='ocrx_word' id='word_1_525' title='bbox 1706 3835 1900 3905; x_wconf 89' lang='lat' dir='ltr'>possit.</span> 
     </span>
    </p>
   </div>
   <div class='ocr_carea' id='block_1_72' title="bbox 209 3921 1903 3993">
    <p class='ocr_par' dir='ltr' id='par_1_72' title="bbox 209 3921 1903 3993">
     <span class='ocr_line' id='line_1_72' title="bbox 209 3921 1903 3993; baseline 0.002 -18"><span class='ocrx_word' id='word_1_526' title='bbox 209 3921 372 3976; x_wconf 87' lang='lat' dir='ltr'>nobis</span> <span class='ocrx_word' id='word_1_527' title='bbox 405 3921 664 3988; x_wconf 83' lang='lat' dir='ltr'>terrenis,</span> <span class='ocrx_word' id='word_1_528' title='bbox 697 3929 752 3977; x_wconf 91' lang='lat' dir='ltr'>et</span> <span class='ocrx_word' id='word_1_529' title='bbox 796 3936 1030 3992; x_wconf 93' lang='lat' dir='ltr'>corpore</span> <span class='ocrx_word' id='word_1_530' title='bbox 1071 3930 1125 3979; x_wconf 90' lang='lat' dir='ltr'>et</span> <span class='ocrx_word' id='word_1_531' title='bbox 1177 3924 1369 3978; x_wconf 89' lang='lat' dir='ltr'>animo</span> <span class='ocrx_word' id='word_1_532' title='bbox 1400 3923 1783 3993; x_wconf 85' lang='lat' dir='ltr'>passibilibus,</span> <span class='ocrx_word' id='word_1_533' title='bbox 1822 3930 1903 3979; x_wconf 89' lang='lat' dir='ltr'>tot</span> 
     </span>
    </p>
   </div>
   <div class='ocr_carea' id='block_1_73' title="bbox 208 4009 1901 4080">
    <p class='ocr_par' dir='ltr' id='par_1_73' title="bbox 208 4009 1901 4080">
     <span class='ocr_line' id='line_1_73' title="bbox 208 4009 1901 4080; baseline 0.002 -17"><span class='ocrx_word' id='word_1_534' title='bbox 208 4017 493 4078; x_wconf 77' lang='lat' dir='ltr'>praecepta</span> <span class='ocrx_word' id='word_1_535' title='bbox 516 4010 740 4064; x_wconf 87' lang='lat' dir='ltr'>mortali</span> <span class='ocrx_word' id='word_1_536' title='bbox 776 4009 1164 4080; x_wconf 89' lang='lat' dir='ltr'>importabilia</span> <span class='ocrx_word' id='word_1_537' title='bbox 1194 4020 1418 4067; x_wconf 84' lang='lat' dir='ltr'>natura</span> <span class='ocrx_word' id='word_1_538' title='bbox 1459 4012 1728 4067; x_wconf 86' lang='lat' dir='ltr'>invexit?</span> <span class='ocrx_word' id='word_1_539' title='bbox 1754 4013 1901 4067; x_wconf 92' lang='lat' dir='ltr'>Dum</span> 
     </span>
    </p>
   </div>
   <div class='ocr_carea' id='block_1_74' title="bbox 206 4097 1903 4168">
    <p class='ocr_par' dir='ltr' id='par_1_74' title="bbox 206 4097 1903 4168">
     <span class='ocr_line' id='line_1_74' title="bbox 206 4097 1903 4168; baseline 0.001 -16"><span class='ocrx_word' id='word_1_540' title='bbox 206 4097 359 4152; x_wconf 91' lang='lat' dir='ltr'>enim</span> <span class='ocrx_word' id='word_1_541' title='bbox 399 4097 810 4166; x_wconf 86' lang='lat' dir='ltr'>experientiam</span> <span class='ocrx_word' id='word_1_542' title='bbox 845 4099 1008 4155; x_wconf 89' lang='lat' dir='ltr'>nobis</span> <span class='ocrx_word' id='word_1_543' title='bbox 1038 4100 1192 4166; x_wconf 88' lang='lat' dir='ltr'>mali,</span> <span class='ocrx_word' id='word_1_544' title='bbox 1226 4101 1456 4168; x_wconf 88' lang='lat' dir='ltr'>ademit,</span> <span class='ocrx_word' id='word_1_545' title='bbox 1494 4101 1667 4156; x_wconf 90' lang='lat' dir='ltr'>simul</span> <span class='ocrx_word' id='word_1_546' title='bbox 1711 4100 1903 4155; x_wconf 89' lang='lat' dir='ltr'>omnia</span> 
     </span>
    </p>
   </div>
   <div class='ocr_carea' id='block_1_75' title="bbox 206 4184 1898 4258">
    <p class='ocr_par' dir='ltr' id='par_1_75' title="bbox 206 4184 1898 4258">
     <span class='ocr_line' id='line_1_75' title="bbox 206 4184 1898 4258; baseline 0.003 -20"><span class='ocrx_word' id='word_1_547' title='bbox 206 4185 340 4239; x_wconf 86' lang='lat' dir='ltr'>vita</span> <span class='ocrx_word' id='word_1_548' title='bbox 362 4184 536 4255; x_wconf 90' lang='lat' dir='ltr'>ligna,</span> <span class='ocrx_word' id='word_1_549' title='bbox 560 4185 805 4243; x_wconf 90' lang='lat' dir='ltr'>virtutes</span> <span class='ocrx_word' id='word_1_550' title='bbox 825 4187 1060 4253; x_wconf 88' lang='lat' dir='ltr'>scilicet,</span> <span class='ocrx_word' id='word_1_551' title='bbox 1082 4188 1299 4258; x_wconf 88' lang='lat' dir='ltr'>quibus</span> <span class='ocrx_word' id='word_1_552' title='bbox 1328 4197 1642 4255; x_wconf 88' lang='lat' dir='ltr'>uteremur,</span> <span class='ocrx_word' id='word_1_553' title='bbox 1666 4188 1898 4244; x_wconf 82' lang='lat' dir='ltr'>abstulit</span> 
     </span>
    </p>
   </div>
   <div class='ocr_carea' id='block_1_76' title="bbox 208 4271 1901 4348">
    <p class='ocr_par' dir='ltr' id='par_1_76' title="bbox 208 4271 1901 4348">
     <span class='ocr_line' id='line_1_76' title="bbox 208 4271 1901 4348; baseline 0.003 -22"><span class='ocrx_word' id='word_1_554' title='bbox 208 4271 260 4327; x_wconf 89' lang='lat' dir='ltr'>Si</span> <span class='ocrx_word' id='word_1_555' title='bbox 291 4272 444 4328; x_wconf 89' lang='lat' dir='ltr'>enim</span> <span class='ocrx_word' id='word_1_556' title='bbox 472 4273 611 4344; x_wconf 90' lang='lat' dir='ltr'>quid</span> <span class='ocrx_word' id='word_1_557' title='bbox 640 4275 711 4331; x_wconf 91' lang='lat' dir='ltr'>sit</span> <span class='ocrx_word' id='word_1_558' title='bbox 742 4276 959 4332; x_wconf 89' lang='lat' dir='ltr'>malum</span> <span class='ocrx_word' id='word_1_559' title='bbox 990 4276 1264 4341; x_wconf 88' lang='lat' dir='ltr'>nesciero,</span> <span class='ocrx_word' id='word_1_560' title='bbox 1322 4277 1535 4333; x_wconf 91' lang='lat' dir='ltr'>bonum</span> <span class='ocrx_word' id='word_1_561' title='bbox 1584 4276 1739 4348; x_wconf 93' lang='lat' dir='ltr'>quod</span> <span class='ocrx_word' id='word_1_562' title='bbox 1767 4277 1901 4332; x_wconf 89' lang='lat' dir='ltr'>huic</span> 
     </span>
    </p>
   </div>
   <div class='ocr_carea' id='block_1_77' title="bbox 206 4361 1898 4436">
    <p class='ocr_par' dir='ltr' id='par_1_77' title="bbox 206 4361 1898 4436">
     <span class='ocr_line' id='line_1_77' title="bbox 206 4361 1898 4436; baseline 0.002 -20"><span class='ocrx_word' id='word_1_563' title='bbox 206 4361 549 4418; x_wconf 86' lang='lat' dir='ltr'>adversatur</span> <span class='ocrx_word' id='word_1_564' title='bbox 580 4365 864 4433; x_wconf 92' lang='lat' dir='ltr'>quomodo</span> <span class='ocrx_word' id='word_1_565' title='bbox 911 4369 1000 4419; x_wconf 76' lang='lat'>8|</span> <span class='ocrx_word' id='word_1_566' title='bbox 1048 4364 1292 4421; x_wconf 87' lang='lat' dir='ltr'>amabo?</span> <span class='ocrx_word' id='word_1_567' title='bbox 1328 4365 1434 4421; x_wconf 89' lang='lat' dir='ltr'>Per</span> <span class='ocrx_word' id='word_1_568' title='bbox 1485 4363 1898 4436; x_wconf 89' lang='lat' dir='ltr'>experientiam</span> 
     </span>
    </p>
   </div>
   <div class='ocr_carea' id='block_1_78' title="bbox 205 4449 1898 4524">
    <p class='ocr_par' dir='ltr' id='par_1_78' title="bbox 205 4449 1898 4524">
     <span class='ocr_line' id='line_1_78' title="bbox 205 4449 1898 4524; baseline 0.001 -19"><span class='ocrx_word' id='word_1_569' title='bbox 205 4463 345 4505; x_wconf 90' lang='lat' dir='ltr'>sane</span> <span class='ocrx_word' id='word_1_570' title='bbox 391 4449 576 4507; x_wconf 91' lang='lat' dir='ltr'>morbi</span> <span class='ocrx_word' id='word_1_571' title='bbox 623 4452 945 4509; x_wconf 90' lang='lat' dir='ltr'>custoditur</span> <span class='ocrx_word' id='word_1_572' title='bbox 995 4453 1221 4508; x_wconf 89' lang='lat' dir='ltr'>avidius</span> <span class='ocrx_word' id='word_1_573' title='bbox 1273 4452 1572 4524; x_wconf 88' lang='lat' dir='ltr'>integritas</span> <span class='ocrx_word' id='word_1_574' title='bbox 1620 4451 1898 4508; x_wconf 86' lang='lat' dir='ltr'>sanitatis.</span> 
     </span>
    </p>
   </div>
   <div class='ocr_carea' id='block_1_79' title="bbox 205 4536 1899 4612">
    <p class='ocr_par' dir='ltr' id='par_1_79' title="bbox 205 4536 1899 4612">
     <span class='ocr_line' id='line_1_79' title="bbox 205 4536 1899 4612; baseline 0.001 -18"><span class='ocrx_word' id='word_1_575' title='bbox 205 4536 422 4594; x_wconf 90' lang='lat' dir='ltr'>Malum</span> <span class='ocrx_word' id='word_1_576' title='bbox 477 4553 613 4610; x_wconf 88' lang='lat' dir='ltr'>ergo</span> <span class='ocrx_word' id='word_1_577' title='bbox 685 4540 890 4611; x_wconf 89' lang='lat' dir='ltr'>jubere</span> <span class='ocrx_word' id='word_1_578' title='bbox 968 4540 1206 4608; x_wconf 89' lang='lat' dir='ltr'>nescire,</span> <span class='ocrx_word' id='word_1_579' title='bbox 1294 4540 1632 4612; x_wconf 90' lang='lat' dir='ltr'>bonumque</span> <span class='ocrx_word' id='word_1_580' title='bbox 1695 4540 1899 4609; x_wconf 87' lang='lat' dir='ltr'>facere,</span> 
     </span>
    </p>
   </div>
   <div class='ocr_carea' id='block_1_80' title="bbox 207 4625 1904 4698">
    <p class='ocr_par' dir='ltr' id='par_1_80' title="bbox 207 4625 1904 4698">
     <span class='ocr_line' id='line_1_80' title="bbox 207 4625 1904 4698; baseline 0.002 -18"><span class='ocrx_word' id='word_1_581' title='bbox 207 4625 355 4681; x_wconf 91' lang='lat' dir='ltr'>idem</span> <span class='ocrx_word' id='word_1_582' title='bbox 389 4634 469 4683; x_wconf 89' lang='lat' dir='ltr'>est</span> <span class='ocrx_word' id='word_1_583' title='bbox 517 4641 585 4682; x_wconf 92' lang='lat' dir='ltr'>ac</span> <span class='ocrx_word' id='word_1_584' title='bbox 632 4627 677 4685; x_wconf 93' lang='lat' dir='ltr'>si</span> <span class='ocrx_word' id='word_1_585' title='bbox 726 4628 860 4698; x_wconf 91' lang='lat' dir='ltr'>quis</span> <span class='ocrx_word' id='word_1_586' title='bbox 906 4628 1106 4684; x_wconf 91' lang='lat' dir='ltr'>videns</span> <span class='ocrx_word' id='word_1_587' title='bbox 1166 4641 1233 4684; x_wconf 92' lang='lat' dir='ltr'>ac</span> <span class='ocrx_word' id='word_1_588' title='bbox 1286 4628 1346 4683; x_wconf 90' lang='lat' dir='ltr'>in</span> <span class='ocrx_word' id='word_1_589' title='bbox 1400 4636 1522 4685; x_wconf 88' lang='lat' dir='ltr'>tuto</span> <span class='ocrx_word' id='word_1_590' title='bbox 1558 4627 1904 4685; x_wconf 90' lang='lat' dir='ltr'>constitutus</span> 
     </span>
    </p>
   </div>
   <div class='ocr_carea' id='block_1_81' title="bbox 206 4716 1905 4787">
    <p class='ocr_par' dir='ltr' id='par_1_81' title="bbox 206 4716 1905 4787">
     <span class='ocr_line' id='line_1_81' title="bbox 206 4716 1905 4787; baseline 0.002 -17"><span class='ocrx_word' id='word_1_591' title='bbox 206 4728 421 4771; x_wconf 77' lang='lat' dir='ltr'>cacum</span> <span class='ocrx_word' id='word_1_592' title='bbox 446 4716 644 4787; x_wconf 90' lang='lat' dir='ltr'>jubeat</span> <span class='ocrx_word' id='word_1_593' title='bbox 685 4730 719 4772; x_wconf 90' lang='lat' dir='ltr'>a</span> <span class='ocrx_word' id='word_1_594' title='bbox 768 4716 992 4787; x_wconf 88' lang='lat' dir='ltr'>sagittis</span> <span class='ocrx_word' id='word_1_595' title='bbox 1054 4730 1275 4773; x_wconf 87' lang='lat' dir='ltr'>cavere.</span> <span class='ocrx_word' id='word_1_596' title='bbox 1325 4716 1484 4773; x_wconf 89' lang='lat' dir='ltr'>Hanc</span> <span class='ocrx_word' id='word_1_597' title='bbox 1530 4717 1780 4773; x_wconf 90' lang='lat' dir='ltr'>carnalis</span> <span class='ocrx_word' id='word_1_598' title='bbox 1817 4731 1905 4773; x_wconf 90' lang='lat' dir='ltr'>ra-</span> 
     </span>
    </p>
   </div>
   <div class='ocr_carea' id='block_1_82' title="bbox 208 4801 1905 4876">
    <p class='ocr_par' dir='ltr' id='par_1_82' title="bbox 208 4801 1905 4876">
     <span class='ocr_line' id='line_1_82' title="bbox 208 4801 1905 4876; baseline 0.001 -17"><span class='ocrx_word' id='word_1_599' title='bbox 208 4801 631 4861; x_wconf 89' lang='lat' dir='ltr'>tiocinationem</span> <span class='ocrx_word' id='word_1_600' title='bbox 680 4802 919 4860; x_wconf 73' lang='lat' dir='ltr'>allectus</span> <span class='ocrx_word' id='word_1_601' title='bbox 960 4805 1227 4874; x_wconf 91' lang='lat' dir='ltr'>sequitur</span> <span class='ocrx_word' id='word_1_602' title='bbox 1269 4804 1406 4861; x_wconf 90' lang='lat' dir='ltr'>satis</span> <span class='ocrx_word' id='word_1_603' title='bbox 1454 4805 1645 4875; x_wconf 90' lang='lat' dir='ltr'>tepida</span> <span class='ocrx_word' id='word_1_604' title='bbox 1676 4819 1905 4876; x_wconf 88' lang='lat' dir='ltr'>respon-</span> 
     </span>
    </p>
   </div>
   <div class='ocr_carea' id='block_1_83' title="bbox 208 4882 1903 4963">
    <p class='ocr_par' dir='ltr' id='par_1_83' title="bbox 208 4882 1903 4963">
     <span class='ocr_line' id='line_1_83' title="bbox 208 4882 1903 4963; baseline 0.004 -19"><span class='ocrx_word' id='word_1_605' title='bbox 208 4890 291 4946; x_wconf 91' lang='lat' dir='ltr'>sio</span> <span class='ocrx_word' id='word_1_606' title='bbox 323 4882 655 4956; x_wconf 86' lang='lat' dir='ltr'>voluntatis,</span> <span class='ocrx_word' id='word_1_607' title='bbox 697 4906 815 4961; x_wconf 93' lang='lat' dir='ltr'>qua</span> <span class='ocrx_word' id='word_1_608' title='bbox 843 4891 952 4947; x_wconf 89' lang='lat' dir='ltr'>sibi</span> <span class='ocrx_word' id='word_1_609' title='bbox 981 4892 1160 4948; x_wconf 90' lang='lat' dir='ltr'>solam</span> <span class='ocrx_word' id='word_1_610' title='bbox 1191 4894 1327 4949; x_wconf 87' lang='lat' dir='ltr'>mali</span> <span class='ocrx_word' id='word_1_611' title='bbox 1367 4894 1813 4963; x_wconf 82' lang='lat' dir='ltr'>consensionem,</span> <span class='ocrx_word' id='word_1_612' title='bbox 1848 4893 1903 4949; x_wconf 90' lang='lat' dir='ltr'>id</span> 
     </span>
    </p>
   </div>
   <div class='ocr_carea' id='block_1_84' title="bbox 206 4980 1903 5054">
    <p class='ocr_par' dir='ltr' id='par_1_84' title="bbox 206 4980 1903 5054">
     <span class='ocr_line' id='line_1_84' title="bbox 206 4980 1903 5054; baseline 0.003 -20"><span class='ocrx_word' id='word_1_613' title='bbox 206 4990 291 5035; x_wconf 89' lang='lat' dir='ltr'>est</span> <span class='ocrx_word' id='word_1_614' title='bbox 328 4988 563 5048; x_wconf 92' lang='lat' dir='ltr'>tactum,</span> <span class='ocrx_word' id='word_1_615' title='bbox 613 4980 1034 5049; x_wconf 90' lang='lat' dir='ltr'>comestionem,</span> <span class='ocrx_word' id='word_1_616' title='bbox 1075 4981 1129 5037; x_wconf 93' lang='lat' dir='ltr'>id</span> <span class='ocrx_word' id='word_1_617' title='bbox 1171 4990 1255 5038; x_wconf 91' lang='lat' dir='ltr'>est</span> <span class='ocrx_word' id='word_1_618' title='bbox 1302 4990 1515 5050; x_wconf 88' lang='lat' dir='ltr'>actum,</span> <span class='ocrx_word' id='word_1_619' title='bbox 1562 4983 1701 5054; x_wconf 89' lang='lat' dir='ltr'>quia</span> <span class='ocrx_word' id='word_1_620' title='bbox 1739 4996 1903 5053; x_wconf 90' lang='lat' dir='ltr'>sapo-</span> 
     </span>
    </p>
   </div>
   <div class='ocr_carea' id='block_1_85' title="bbox 206 5068 1610 5140">
    <p class='ocr_par' dir='ltr' id='par_1_85' title="bbox 206 5068 1610 5140">
     <span class='ocr_line' id='line_1_85' title="bbox 206 5068 1610 5140; baseline 0.001 -17"><span class='ocrx_word' id='word_1_621' title='bbox 206 5081 326 5123; x_wconf 88' lang='lat' dir='ltr'>rem</span> <span class='ocrx_word' id='word_1_622' title='bbox 362 5068 570 5140; x_wconf 90' lang='lat' dir='ltr'>ingerit</span> <span class='ocrx_word' id='word_1_623' title='bbox 598 5068 680 5123; x_wconf 88' lang='lat' dir='ltr'>rei</span> <span class='ocrx_word' id='word_1_624' title='bbox 708 5082 905 5135; x_wconf 88' lang='lat' dir='ltr'>sensa,</span> <span class='ocrx_word' id='word_1_625' title='bbox 940 5068 1201 5139; x_wconf 88' lang='lat' dir='ltr'>perhibet</span> <span class='ocrx_word' id='word_1_626' title='bbox 1230 5070 1610 5127; x_wconf 85' lang='lat' dir='ltr'>interdictam.</span> 
     </span>
    </p>
   </div>
   <div class='ocr_carea' id='block_1_86' title="bbox 278 5156 1907 5228">
    <p class='ocr_par' dir='ltr' id='par_1_86' title="bbox 278 5156 1907 5228">
     <span class='ocr_line' id='line_1_86' title="bbox 278 5156 1907 5228; baseline 0.001 -15"><span class='ocrx_word' id='word_1_627' title='bbox 278 5156 450 5213; x_wconf 80' lang='lat' dir='ltr'>Veas.</span> <span class='ocrx_word' id='word_1_628' title='bbox 499 5158 550 5211; x_wconf 86' lang='lat'>3.</span> <span class='ocrx_word' id='word_1_629' title='bbox 598 5184 672 5197; x_wconf 97' lang='lat'><strong><em>—</em></strong></span> <span class='ocrx_word' id='word_1_630' title='bbox 728 5158 1011 5228; x_wconf 74' lang='lat' dir='ltr'>Pracepit,</span> <span class='ocrx_word' id='word_1_631' title='bbox 1074 5158 1284 5227; x_wconf 90' lang='lat' dir='ltr'>inquit,</span> <span class='ocrx_word' id='word_1_632' title='bbox 1341 5159 1494 5213; x_wconf 85' lang='lat' dir='ltr'>nobis</span> <span class='ocrx_word' id='word_1_633' title='bbox 1540 5161 1794 5214; x_wconf 87' lang='lat' dir='ltr'>Dominus</span> <span class='ocrx_word' id='word_1_634' title='bbox 1840 5175 1907 5214; x_wconf 88' lang='lat' dir='ltr'>ne</span> 
     </span>
    </p>
   </div>
   <div class='ocr_carea' id='block_1_87' title="bbox 208 5243 1906 5313">
    <p class='ocr_par' dir='ltr' id='par_1_87' title="bbox 208 5243 1906 5313">
     <span class='ocr_line' id='line_1_87' title="bbox 208 5243 1906 5313; baseline 0.002 -14"><span class='ocrx_word' id='word_1_635' title='bbox 208 5243 597 5299; x_wconf 87' lang='lat' dir='ltr'>comederemus</span> <span class='ocrx_word' id='word_1_636' title='bbox 658 5249 709 5299; x_wconf 88' lang='lat' dir='ltr'>et</span> <span class='ocrx_word' id='word_1_637' title='bbox 776 5260 845 5299; x_wconf 86' lang='lat' dir='ltr'>ne</span> <span class='ocrx_word' id='word_1_638' title='bbox 911 5252 1249 5313; x_wconf 87' lang='lat' dir='ltr'>tangeremus</span> <span class='ocrx_word' id='word_1_639' title='bbox 1306 5246 1465 5301; x_wconf 88' lang='lat' dir='ltr'>illud.</span> <span class='ocrx_word' id='word_1_640' title='bbox 1526 5245 1671 5301; x_wconf 86' lang='lat' dir='ltr'>Sane</span> <span class='ocrx_word' id='word_1_641' title='bbox 1718 5246 1819 5302; x_wconf 91' lang='lat' dir='ltr'>ubi</span> <span class='ocrx_word' id='word_1_642' title='bbox 1872 5260 1906 5301; x_wconf 91' lang='lat' dir='ltr'>a</span> 
     </span>
    </p>
   </div>
   <div class='ocr_carea' id='block_1_88' title="bbox 206 5331 1905 5405">
    <p class='ocr_par' dir='ltr' id='par_1_88' title="bbox 206 5331 1905 5405">
     <span class='ocr_line' id='line_1_88' title="bbox 206 5331 1905 5405; baseline 0.001 -16"><span class='ocrx_word' id='word_1_643' title='bbox 206 5340 363 5389; x_wconf 91' lang='lat' dir='ltr'>tactu</span> <span class='ocrx_word' id='word_1_644' title='bbox 394 5339 448 5388; x_wconf 89' lang='lat' dir='ltr'>et</span> <span class='ocrx_word' id='word_1_645' title='bbox 474 5331 547 5389; x_wconf 91' lang='lat' dir='ltr'>ab</span> <span class='ocrx_word' id='word_1_646' title='bbox 576 5346 679 5389; x_wconf 87' lang='lat' dir='ltr'>esu</span> <span class='ocrx_word' id='word_1_647' title='bbox 703 5335 1133 5391; x_wconf 91' lang='lat' dir='ltr'>morticinorum</span> <span class='ocrx_word' id='word_1_648' title='bbox 1158 5335 1248 5390; x_wconf 87' lang='lat' dir='ltr'>lex</span> <span class='ocrx_word' id='word_1_649' title='bbox 1282 5334 1563 5405; x_wconf 87' lang='lat' dir='ltr'>prohibet,</span> <span class='ocrx_word' id='word_1_650' title='bbox 1594 5348 1628 5389; x_wconf 89' lang='lat' dir='ltr'>a</span> <span class='ocrx_word' id='word_1_651' title='bbox 1652 5341 1905 5391; x_wconf 89' lang='lat' dir='ltr'>mortuo-</span> 
     </span>
    </p>
   </div>
   <div class='ocr_carea' id='block_1_89' title="bbox 208 5419 1906 5491">
    <p class='ocr_par' dir='ltr' id='par_1_89' title="bbox 208 5419 1906 5491">
     <span class='ocr_line' id='line_1_89' title="bbox 208 5419 1906 5491; baseline 0.002 -16"><span class='ocrx_word' id='word_1_652' title='bbox 208 5434 336 5475; x_wconf 92' lang='lat' dir='ltr'>rum</span> <span class='ocrx_word' id='word_1_653' title='bbox 388 5419 634 5489; x_wconf 87' lang='lat' dir='ltr'>profecto</span> <span class='ocrx_word' id='word_1_654' title='bbox 686 5434 926 5491; x_wconf 90' lang='lat' dir='ltr'>operum</span> <span class='ocrx_word' id='word_1_655' title='bbox 970 5421 1168 5479; x_wconf 87' lang='lat' dir='ltr'>favore</span> <span class='ocrx_word' id='word_1_656' title='bbox 1209 5435 1276 5479; x_wconf 89' lang='lat' dir='ltr'>ac</span> <span class='ocrx_word' id='word_1_657' title='bbox 1321 5422 1529 5480; x_wconf 81' lang='lat' dir='ltr'>effectu</span> <span class='ocrx_word' id='word_1_658' title='bbox 1577 5435 1681 5478; x_wconf 91' lang='lat' dir='ltr'>nos</span> <span class='ocrx_word' id='word_1_659' title='bbox 1718 5431 1906 5479; x_wconf 85' lang='lat' dir='ltr'>arcet-</span> 
     </span>
    </p>
   </div>
   <div class='ocr_carea' id='block_1_90' title="bbox 2011 2947 3721 3020">
    <p class='ocr_par' dir='ltr' id='par_1_90' title="bbox 2011 2947 3721 3020">
     <span class='ocr_line' id='line_1_90' title="bbox 2011 2947 3721 3020; baseline -0.005 -8"><span class='ocrx_word' id='word_1_660' title='bbox 2011 2966 2294 3012; x_wconf 90' lang='lat' dir='ltr'>consensu</span> <span class='ocrx_word' id='word_1_661' title='bbox 2348 2949 2655 3020; x_wconf 90' lang='lat' dir='ltr'>cogitando</span> <span class='ocrx_word' id='word_1_662' title='bbox 2712 2949 3055 3005; x_wconf 90' lang='lat' dir='ltr'>induruerat</span> <span class='ocrx_word' id='word_1_663' title='bbox 3095 2950 3319 3017; x_wconf 85' lang='lat' dir='ltr'>lignum,</span> <span class='ocrx_word' id='word_1_664' title='bbox 3385 2950 3596 3011; x_wconf 88' lang='lat' dir='ltr'>bonum,</span> <span class='ocrx_word' id='word_1_665' title='bbox 3657 2947 3721 3004; x_wconf 91' lang='lat' dir='ltr'>id</span> 
     </span>
    </p>
   </div>
   <div class='ocr_carea' id='block_1_91' title="bbox 2011 3037 3724 3113">
    <p class='ocr_par' dir='ltr' id='par_1_91' title="bbox 2011 3037 3724 3113">
     <span class='ocr_line' id='line_1_91' title="bbox 2011 3037 3724 3113; baseline -0.005 -13"><span class='ocrx_word' id='word_1_666' title='bbox 2011 3054 2114 3110; x_wconf 88' lang='lat' dir='ltr'>est,</span> <span class='ocrx_word' id='word_1_667' title='bbox 2162 3042 2282 3113; x_wconf 88' lang='lat' dir='ltr'>jam</span> <span class='ocrx_word' id='word_1_668' title='bbox 2333 3040 2550 3096; x_wconf 83' lang='lat' dir='ltr'>misera</span> <span class='ocrx_word' id='word_1_669' title='bbox 2600 3038 2790 3108; x_wconf 90' lang='lat' dir='ltr'>palato</span> <span class='ocrx_word' id='word_1_670' title='bbox 2836 3037 3041 3093; x_wconf 87' lang='lat' dir='ltr'>mentis</span> <span class='ocrx_word' id='word_1_671' title='bbox 3087 3051 3360 3107; x_wconf 91' lang='lat' dir='ltr'>saporum</span> <span class='ocrx_word' id='word_1_672' title='bbox 3407 3037 3476 3093; x_wconf 92' lang='lat' dir='ltr'>ad</span> <span class='ocrx_word' id='word_1_673' title='bbox 3524 3050 3724 3107; x_wconf 82' lang='lat' dir='ltr'>perpe-</span> 
     </span>
    </p>
   </div>
   <div class='ocr_carea' id='block_1_92' title="bbox 2011 3125 3719 3202">
    <p class='ocr_par' dir='ltr' id='par_1_92' title="bbox 2011 3125 3719 3202">
     <span class='ocr_line' id='line_1_92' title="bbox 2011 3125 3719 3202; baseline -0.005 -13"><span class='ocrx_word' id='word_1_674' title='bbox 2011 3132 2312 3196; x_wconf 84' lang='lat' dir='ltr'>trandum,</span> <span class='ocrx_word' id='word_1_675' title='bbox 2369 3126 2756 3185; x_wconf 88' lang='lat' dir='ltr'>exterioribus</span> <span class='ocrx_word' id='word_1_676' title='bbox 2811 3127 2978 3181; x_wconf 88' lang='lat' dir='ltr'>oculis</span> <span class='ocrx_word' id='word_1_677' title='bbox 3026 3125 3338 3196; x_wconf 83' lang='lat' dir='ltr'>pulchrum,</span> <span class='ocrx_word' id='word_1_678' title='bbox 3400 3125 3719 3202; x_wconf 84' lang='lat' dir='ltr'>delectabile</span> 
     </span>
    </p>
   </div>
   <div class='ocr_carea' id='block_1_93' title="bbox 2007 3211 3719 3291">
    <p class='ocr_par' dir='ltr' id='par_1_93' title="bbox 2007 3211 3719 3291">
     <span class='ocr_line' id='line_1_93' title="bbox 2007 3211 3719 3291; baseline -0.005 -16"><span class='ocrx_word' id='word_1_679' title='bbox 2007 3219 2176 3291; x_wconf 85' lang='lat' dir='ltr'>juxta</span> <span class='ocrx_word' id='word_1_680' title='bbox 2208 3214 2636 3288; x_wconf 86' lang='lat' dir='ltr'>imaginationis</span> <span class='ocrx_word' id='word_1_681' title='bbox 2670 3221 2988 3284; x_wconf 87' lang='lat' dir='ltr'>aspectum,</span> <span class='ocrx_word' id='word_1_682' title='bbox 3037 3214 3288 3281; x_wconf 84' lang='lat' dir='ltr'>tulitque,</span> <span class='ocrx_word' id='word_1_683' title='bbox 3331 3211 3387 3267; x_wconf 89' lang='lat' dir='ltr'>id</span> <span class='ocrx_word' id='word_1_684' title='bbox 3412 3218 3495 3268; x_wconf 92' lang='lat' dir='ltr'>est</span> <span class='ocrx_word' id='word_1_685' title='bbox 3523 3212 3719 3267; x_wconf 90' lang='lat' dir='ltr'>auda-</span> 
     </span>
    </p>
   </div>
   <div class='ocr_carea' id='block_1_94' title="bbox 2011 3299 3720 3376">
    <p class='ocr_par' dir='ltr' id='par_1_94' title="bbox 2011 3299 3720 3376">
     <span class='ocr_line' id='line_1_94' title="bbox 2011 3299 3720 3376; baseline -0.005 -12"><span class='ocrx_word' id='word_1_686' title='bbox 2011 3308 2157 3365; x_wconf 87' lang='lat' dir='ltr'>ciam</span> <span class='ocrx_word' id='word_1_687' title='bbox 2216 3304 2482 3376; x_wconf 91' lang='lat' dir='ltr'>sumpsit,</span> <span class='ocrx_word' id='word_1_688' title='bbox 2557 3303 2852 3360; x_wconf 87' lang='lat' dir='ltr'>diuturnis</span> <span class='ocrx_word' id='word_1_689' title='bbox 2924 3301 3369 3358; x_wconf 88' lang='lat' dir='ltr'>delectalionum</span> <span class='ocrx_word' id='word_1_690' title='bbox 3423 3299 3720 3356; x_wconf 91' lang='lat' dir='ltr'>caloribus</span> 
     </span>
    </p>
   </div>
   <div class='ocr_carea' id='block_1_95' title="bbox 2011 3387 3720 3458">
    <p class='ocr_par' dir='ltr' id='par_1_95' title="bbox 2011 3387 3720 3458">
     <span class='ocr_line' id='line_1_95' title="bbox 2011 3387 3720 3458; baseline -0.004 -7"><span class='ocrx_word' id='word_1_691' title='bbox 2011 3394 2332 3451; x_wconf 84' lang='lat' dir='ltr'>enutritum</span> <span class='ocrx_word' id='word_1_692' title='bbox 2400 3393 2654 3448; x_wconf 90' lang='lat' dir='ltr'>fructum</span> <span class='ocrx_word' id='word_1_693' title='bbox 2733 3389 3120 3447; x_wconf 89' lang='lat' dir='ltr'>exsecutionis</span> <span class='ocrx_word' id='word_1_694' title='bbox 3191 3388 3458 3445; x_wconf 88' lang='lat' dir='ltr'>faucibus</span> <span class='ocrx_word' id='word_1_695' title='bbox 3524 3387 3720 3458; x_wconf 89' lang='lat' dir='ltr'>operis</span> 
     </span>
    </p>
   </div>
   <div class='ocr_carea' id='block_1_96' title="bbox 2011 3475 3719 3555">
    <p class='ocr_par' dir='ltr' id='par_1_96' title="bbox 2011 3475 3719 3555">
     <span class='ocr_line' id='line_1_96' title="bbox 2011 3475 3719 3555; baseline -0.005 -15"><span class='ocrx_word' id='word_1_696' title='bbox 2011 3485 2337 3555; x_wconf 87' lang='lat' dir='ltr'>degustare.</span> <span class='ocrx_word' id='word_1_697' title='bbox 2372 3483 2503 3536; x_wconf 88' lang='lat' dir='ltr'>Post</span> <span class='ocrx_word' id='word_1_698' title='bbox 2550 3478 2766 3550; x_wconf 87' lang='lat' dir='ltr'>peccati</span> <span class='ocrx_word' id='word_1_699' title='bbox 2820 3478 2974 3534; x_wconf 92' lang='lat' dir='ltr'>enim</span> <span class='ocrx_word' id='word_1_700' title='bbox 3004 3484 3222 3534; x_wconf 88' lang='lat' dir='ltr'>tactum</span> <span class='ocrx_word' id='word_1_701' title='bbox 3288 3477 3437 3546; x_wconf 90' lang='lat' dir='ltr'>sapit</span> <span class='ocrx_word' id='word_1_702' title='bbox 3495 3475 3598 3531; x_wconf 89' lang='lat' dir='ltr'>diu</span> <span class='ocrx_word' id='word_1_703' title='bbox 3652 3475 3719 3531; x_wconf 91' lang='lat' dir='ltr'>in</span> 
     </span>
    </p>
   </div>
   <div class='ocr_carea' id='block_1_97' title="bbox 2015 3562 3719 3641">
    <p class='ocr_par' dir='ltr' id='par_1_97' title="bbox 2015 3562 3719 3641">
     <span class='ocr_line' id='line_1_97' title="bbox 2015 3562 3719 3641; baseline -0.005 -14"><span class='ocrx_word' id='word_1_704' title='bbox 2015 3571 2288 3629; x_wconf 88' lang='lat' dir='ltr'>memoria</span> <span class='ocrx_word' id='word_1_705' title='bbox 2314 3568 2470 3641; x_wconf 91' lang='lat' dir='ltr'>quod</span> <span class='ocrx_word' id='word_1_706' title='bbox 2516 3568 2687 3624; x_wconf 90' lang='lat' dir='ltr'>fuerit</span> <span class='ocrx_word' id='word_1_707' title='bbox 2732 3566 3068 3634; x_wconf 91' lang='lat' dir='ltr'>delibatum,</span> <span class='ocrx_word' id='word_1_708' title='bbox 3119 3572 3173 3621; x_wconf 93' lang='lat' dir='ltr'>et</span> <span class='ocrx_word' id='word_1_709' title='bbox 3202 3565 3473 3621; x_wconf 89' lang='lat' dir='ltr'>dentibus</span> <span class='ocrx_word' id='word_1_710' title='bbox 3498 3562 3719 3619; x_wconf 82' lang='lat' dir='ltr'>extrin-</span> 
     </span>
    </p>
   </div>
   <div class='ocr_carea' id='block_1_98' title="bbox 2013 3652 3718 3723">
    <p class='ocr_par' dir='ltr' id='par_1_98' title="bbox 2013 3652 3718 3723">
     <span class='ocr_line' id='line_1_98' title="bbox 2013 3652 3718 3723; baseline -0.006 -6"><span class='ocrx_word' id='word_1_711' title='bbox 2013 3675 2154 3717; x_wconf 84' lang='lat' dir='ltr'>seca</span> <span class='ocrx_word' id='word_1_712' title='bbox 2200 3656 2713 3715; x_wconf 91' lang='lat' dir='ltr'>administrationis</span> <span class='ocrx_word' id='word_1_713' title='bbox 2752 3656 2978 3723; x_wconf 88' lang='lat' dir='ltr'>teritur,</span> <span class='ocrx_word' id='word_1_714' title='bbox 3026 3653 3181 3711; x_wconf 90' lang='lat' dir='ltr'>unde</span> <span class='ocrx_word' id='word_1_715' title='bbox 3210 3652 3471 3723; x_wconf 90' lang='lat' dir='ltr'>pereunti</span> <span class='ocrx_word' id='word_1_716' title='bbox 3503 3652 3718 3707; x_wconf 82' lang='lat' dir='ltr'>anima</span> 
     </span>
    </p>
   </div>
   <div class='ocr_carea' id='block_1_99' title="bbox 2017 3741 3718 3819">
    <p class='ocr_par' dir='ltr' id='par_1_99' title="bbox 2017 3741 3718 3819">
     <span class='ocr_line' id='line_1_99' title="bbox 2017 3741 3718 3819; baseline -0.008 -14"><span class='ocrx_word' id='word_1_717' title='bbox 2017 3748 2355 3819; x_wconf 87' lang='lat' dir='ltr'>pudibunda</span> <span class='ocrx_word' id='word_1_718' title='bbox 2410 3745 2684 3801; x_wconf 88' lang='lat' dir='ltr'>saturitas</span> <span class='ocrx_word' id='word_1_719' title='bbox 2728 3743 3057 3799; x_wconf 86' lang='lat' dir='ltr'>invehatur.</span> <span class='ocrx_word' id='word_1_720' title='bbox 3109 3742 3308 3797; x_wconf 76' lang='lat' dir='ltr'>Mulier</span> <span class='ocrx_word' id='word_1_721' title='bbox 3356 3741 3508 3811; x_wconf 92' lang='lat' dir='ltr'>prior</span> <span class='ocrx_word' id='word_1_722' title='bbox 3536 3755 3718 3794; x_wconf 87' lang='lat' dir='ltr'>come-</span> 
     </span>
    </p>
   </div>
   <div class='ocr_carea' id='block_1_100' title="bbox 2013 3828 3719 3907">
    <p class='ocr_par' dir='ltr' id='par_1_100' title="bbox 2013 3828 3719 3907">
     <span class='ocr_line' id='line_1_100' title="bbox 2013 3828 3719 3907; baseline -0.005 -15"><span class='ocrx_word' id='word_1_723' title='bbox 2013 3838 2120 3906; x_wconf 85' lang='lat' dir='ltr'>dit,</span> <span class='ocrx_word' id='word_1_724' title='bbox 2155 3836 2293 3907; x_wconf 88' lang='lat' dir='ltr'>quia</span> <span class='ocrx_word' id='word_1_725' title='bbox 2317 3834 2503 3905; x_wconf 91' lang='lat' dir='ltr'>prima</span> <span class='ocrx_word' id='word_1_726' title='bbox 2542 3833 2812 3889; x_wconf 90' lang='lat' dir='ltr'>voluntas</span> <span class='ocrx_word' id='word_1_727' title='bbox 2843 3830 3175 3901; x_wconf 85' lang='lat' dir='ltr'>suggerenti</span> <span class='ocrx_word' id='word_1_728' title='bbox 3221 3828 3451 3885; x_wconf 73' lang='lat' dir='ltr'>allectui</span> <span class='ocrx_word' id='word_1_729' title='bbox 3482 3828 3550 3884; x_wconf 90' lang='lat' dir='ltr'>ad</span> <span class='ocrx_word' id='word_1_730' title='bbox 3582 3841 3719 3884; x_wconf 83' lang='lat' dir='ltr'>con-</span> 
     </span>
    </p>
   </div>
   <div class='ocr_carea' id='block_1_101' title="bbox 2014 3916 3717 3992">
    <p class='ocr_par' dir='ltr' id='par_1_101' title="bbox 2014 3916 3717 3992">
     <span class='ocr_line' id='line_1_101' title="bbox 2014 3916 3717 3992; baseline -0.004 -12"><span class='ocrx_word' id='word_1_731' title='bbox 2014 3938 2244 3980; x_wconf 87' lang='lat' dir='ltr'>sensum</span> <span class='ocrx_word' id='word_1_732' title='bbox 2306 3920 2579 3992; x_wconf 90' lang='lat' dir='ltr'>nequitia</span> <span class='ocrx_word' id='word_1_733' title='bbox 2632 3934 2690 3975; x_wconf 90' lang='lat' dir='ltr'>se</span> <span class='ocrx_word' id='word_1_734' title='bbox 2752 3917 3007 3986; x_wconf 87' lang='lat' dir='ltr'>inflectit,</span> <span class='ocrx_word' id='word_1_735' title='bbox 3060 3925 3236 3986; x_wconf 90' lang='lat' dir='ltr'>atque</span> <span class='ocrx_word' id='word_1_736' title='bbox 3288 3920 3407 3972; x_wconf 76' lang='lat' dir='ltr'>viro</span> <span class='ocrx_word' id='word_1_737' title='bbox 3442 3916 3717 3987; x_wconf 87' lang='lat' dir='ltr'>propinat</span> 
     </span>
    </p>
   </div>
   <div class='ocr_carea' id='block_1_102' title="bbox 2014 4005 3714 4079">
    <p class='ocr_par' dir='ltr' id='par_1_102' title="bbox 2014 4005 3714 4079">
     <span class='ocr_line' id='line_1_102' title="bbox 2014 4005 3714 4079; baseline -0.004 -12"><span class='ocrx_word' id='word_1_738' title='bbox 2014 4012 2182 4079; x_wconf 89' lang='lat' dir='ltr'>idem,</span> <span class='ocrx_word' id='word_1_739' title='bbox 2217 4010 2354 4065; x_wconf 91' lang='lat' dir='ltr'>dum</span> <span class='ocrx_word' id='word_1_740' title='bbox 2399 4008 2655 4079; x_wconf 89' lang='lat' dir='ltr'>ejusdem</span> <span class='ocrx_word' id='word_1_741' title='bbox 2706 4019 3007 4061; x_wconf 87' lang='lat' dir='ltr'>venenosa</span> <span class='ocrx_word' id='word_1_742' title='bbox 3063 4005 3385 4061; x_wconf 88' lang='lat' dir='ltr'>dulcedinis</span> <span class='ocrx_word' id='word_1_743' title='bbox 3440 4005 3573 4061; x_wconf 85' lang='lat' dir='ltr'>facit</span> <span class='ocrx_word' id='word_1_744' title='bbox 3622 4017 3714 4060; x_wconf 88' lang='lat' dir='ltr'>se-</span> 
     </span>
    </p>
   </div>
   <div class='ocr_carea' id='block_1_103' title="bbox 2013 4092 3716 4166">
    <p class='ocr_par' dir='ltr' id='par_1_103' title="bbox 2013 4092 3716 4166">
     <span class='ocr_line' id='line_1_103' title="bbox 2013 4092 3716 4166; baseline -0.004 -13"><span class='ocrx_word' id='word_1_745' title='bbox 2013 4097 2153 4153; x_wconf 92' lang='lat' dir='ltr'>dula</span> <span class='ocrx_word' id='word_1_746' title='bbox 2197 4095 2563 4166; x_wconf 87' lang='lat' dir='ltr'>instigatione</span> <span class='ocrx_word' id='word_1_747' title='bbox 2620 4092 2953 4164; x_wconf 88' lang='lat' dir='ltr'>participem</span> <span class='ocrx_word' id='word_1_748' title='bbox 3002 4092 3301 4149; x_wconf 89' lang='lat' dir='ltr'>rationem.</span> <span class='ocrx_word' id='word_1_749' title='bbox 3351 4092 3716 4162; x_wconf 80' lang='lat' dir='ltr'>Aperiuntur</span> 
     </span>
    </p>
   </div>
   <div class='ocr_carea' id='block_1_104' title="bbox 2008 4180 3712 4252">
    <p class='ocr_par' dir='ltr' id='par_1_104' title="bbox 2008 4180 3712 4252">
     <span class='ocr_line' id='line_1_104' title="bbox 2008 4180 3712 4252; baseline -0.001 -13"><span class='ocrx_word' id='word_1_750' title='bbox 2008 4185 2287 4240; x_wconf 89' lang='lat' dir='ltr'>amborum</span> <span class='ocrx_word' id='word_1_751' title='bbox 2344 4183 2505 4246; x_wconf 86' lang='lat' dir='ltr'>oculi,</span> <span class='ocrx_word' id='word_1_752' title='bbox 2555 4182 2695 4239; x_wconf 89' lang='lat' dir='ltr'>dum</span> <span class='ocrx_word' id='word_1_753' title='bbox 2762 4188 3116 4252; x_wconf 89' lang='lat' dir='ltr'>cognoscunt</span> <span class='ocrx_word' id='word_1_754' title='bbox 3167 4181 3322 4237; x_wconf 90' lang='lat' dir='ltr'>unde</span> <span class='ocrx_word' id='word_1_755' title='bbox 3365 4180 3509 4250; x_wconf 89' lang='lat' dir='ltr'>lapsi</span> <span class='ocrx_word' id='word_1_756' title='bbox 3573 4180 3712 4249; x_wconf 84' lang='lat' dir='ltr'>sint,</span> 
     </span>
    </p>
   </div>
   <div class='ocr_carea' id='block_1_105' title="bbox 2006 4268 3712 4345">
    <p class='ocr_par' dir='ltr' id='par_1_105' title="bbox 2006 4268 3712 4345">
     <span class='ocr_line' id='line_1_105' title="bbox 2006 4268 3712 4345; baseline -0.003 -15"><span class='ocrx_word' id='word_1_757' title='bbox 2006 4286 2244 4345; x_wconf 90' lang='lat' dir='ltr'>quoque</span> <span class='ocrx_word' id='word_1_758' title='bbox 2288 4269 2667 4340; x_wconf 91' lang='lat' dir='ltr'>devenerint;</span> <span class='ocrx_word' id='word_1_759' title='bbox 2719 4269 3061 4339; x_wconf 88' lang='lat' dir='ltr'>aperiuntur</span> <span class='ocrx_word' id='word_1_760' title='bbox 3116 4270 3312 4335; x_wconf 90' lang='lat' dir='ltr'>etiam,</span> <span class='ocrx_word' id='word_1_761' title='bbox 3379 4268 3518 4325; x_wconf 88' lang='lat' dir='ltr'>dum</span> <span class='ocrx_word' id='word_1_762' title='bbox 3566 4268 3712 4325; x_wconf 90' lang='lat' dir='ltr'>illud</span> 
     </span>
    </p>
   </div>
   <div class='ocr_carea' id='block_1_106' title="bbox 2009 4356 3714 4432">
    <p class='ocr_par' dir='ltr' id='par_1_106' title="bbox 2009 4356 3714 4432">
     <span class='ocr_line' id='line_1_106' title="bbox 2009 4356 3714 4432; baseline -0.002 -15"><span class='ocrx_word' id='word_1_763' title='bbox 2009 4362 2178 4432; x_wconf 88' lang='lat' dir='ltr'>cujus</span> <span class='ocrx_word' id='word_1_764' title='bbox 2210 4359 2468 4416; x_wconf 90' lang='lat' dir='ltr'>notitiam</span> <span class='ocrx_word' id='word_1_765' title='bbox 2506 4358 2628 4425; x_wconf 90' lang='lat' dir='ltr'>vix,</span> <span class='ocrx_word' id='word_1_766' title='bbox 2672 4364 2739 4415; x_wconf 92' lang='lat' dir='ltr'>ut</span> <span class='ocrx_word' id='word_1_767' title='bbox 2769 4357 2850 4413; x_wconf 92' lang='lat' dir='ltr'>sic</span> <span class='ocrx_word' id='word_1_768' title='bbox 2882 4357 3090 4425; x_wconf 92' lang='lat' dir='ltr'>dicam,</span> <span class='ocrx_word' id='word_1_769' title='bbox 3124 4357 3462 4414; x_wconf 89' lang='lat' dir='ltr'>somniando</span> <span class='ocrx_word' id='word_1_770' title='bbox 3505 4356 3714 4427; x_wconf 86' lang='lat' dir='ltr'>attige-</span> 
     </span>
    </p>
   </div>
   <div class='ocr_carea' id='block_1_107' title="bbox 2010 4444 3715 4518">
    <p class='ocr_par' dir='ltr' id='par_1_107' title="bbox 2010 4444 3715 4518">
     <span class='ocr_line' id='line_1_107' title="bbox 2010 4444 3715 4518; baseline -0.004 -12"><span class='ocrx_word' id='word_1_771' title='bbox 2010 4457 2160 4517; x_wconf 90' lang='lat' dir='ltr'>rant,</span> <span class='ocrx_word' id='word_1_772' title='bbox 2192 4447 2369 4505; x_wconf 91' lang='lat' dir='ltr'>velint</span> <span class='ocrx_word' id='word_1_773' title='bbox 2398 4447 2521 4518; x_wconf 87' lang='lat' dir='ltr'>jam</span> <span class='ocrx_word' id='word_1_774' title='bbox 2566 4446 2751 4502; x_wconf 92' lang='lat' dir='ltr'>nolint</span> <span class='ocrx_word' id='word_1_775' title='bbox 2780 4445 2938 4516; x_wconf 90' lang='lat' dir='ltr'>quod</span> <span class='ocrx_word' id='word_1_776' title='bbox 2986 4445 3159 4502; x_wconf 91' lang='lat' dir='ltr'>semel</span> <span class='ocrx_word' id='word_1_777' title='bbox 3190 4453 3486 4517; x_wconf 86' lang='lat' dir='ltr'>gratanter</span> <span class='ocrx_word' id='word_1_778' title='bbox 3511 4444 3715 4500; x_wconf 87' lang='lat' dir='ltr'>ebibe-</span> 
     </span>
    </p>
   </div>
   <div class='ocr_carea' id='block_1_108' title="bbox 2009 4533 3708 4606">
    <p class='ocr_par' dir='ltr' id='par_1_108' title="bbox 2009 4533 3708 4606">
     <span class='ocr_line' id='line_1_108' title="bbox 2009 4533 3708 4606; baseline -0.005 -12"><span class='ocrx_word' id='word_1_779' title='bbox 2009 4538 2145 4606; x_wconf 91' lang='lat' dir='ltr'>rint,</span> <span class='ocrx_word' id='word_1_780' title='bbox 2176 4550 2292 4606; x_wconf 91' lang='lat' dir='ltr'>pra</span> <span class='ocrx_word' id='word_1_781' title='bbox 2320 4534 2502 4591; x_wconf 90' lang='lat' dir='ltr'>oculis</span> <span class='ocrx_word' id='word_1_782' title='bbox 2542 4533 2818 4604; x_wconf 90' lang='lat' dir='ltr'>scriptum</span> <span class='ocrx_word' id='word_1_783' title='bbox 2865 4540 3041 4604; x_wconf 89' lang='lat' dir='ltr'>atque</span> <span class='ocrx_word' id='word_1_784' title='bbox 3084 4546 3423 4603; x_wconf 88' lang='lat' dir='ltr'>expressum</span> <span class='ocrx_word' id='word_1_785' title='bbox 3457 4538 3708 4602; x_wconf 87' lang='lat' dir='ltr'>portant,</span> 
     </span>
    </p>
   </div>
   <div class='ocr_carea' id='block_1_109' title="bbox 2008 4621 3710 4693">
    <p class='ocr_par' dir='ltr' id='par_1_109' title="bbox 2008 4621 3710 4693">
     <span class='ocr_line' id='line_1_109' title="bbox 2008 4621 3710 4693; baseline 0 -18"><span class='ocrx_word' id='word_1_786' title='bbox 2008 4627 2062 4675; x_wconf 87' lang='lat' dir='ltr'>et</span> <span class='ocrx_word' id='word_1_787' title='bbox 2091 4622 2268 4692; x_wconf 89' lang='lat' dir='ltr'>pejori</span> <span class='ocrx_word' id='word_1_788' title='bbox 2293 4622 2475 4678; x_wconf 92' lang='lat' dir='ltr'>multo</span> <span class='ocrx_word' id='word_1_789' title='bbox 2512 4636 2690 4693; x_wconf 90' lang='lat' dir='ltr'>quam</span> <span class='ocrx_word' id='word_1_790' title='bbox 2742 4621 2924 4692; x_wconf 90' lang='lat' dir='ltr'>prius,</span> <span class='ocrx_word' id='word_1_791' title='bbox 2955 4628 3011 4678; x_wconf 92' lang='lat' dir='ltr'>et</span> <span class='ocrx_word' id='word_1_792' title='bbox 3062 4621 3228 4677; x_wconf 92' lang='lat' dir='ltr'>inviti</span> <span class='ocrx_word' id='word_1_793' title='bbox 3276 4622 3579 4692; x_wconf 91' lang='lat' dir='ltr'>aliquoties</span> <span class='ocrx_word' id='word_1_794' title='bbox 3610 4634 3710 4676; x_wconf 92' lang='lat' dir='ltr'>ru-</span> 
     </span>
    </p>
   </div>
   <div class='ocr_carea' id='block_1_110' title="bbox 2011 4709 3716 4781">
    <p class='ocr_par' dir='ltr' id='par_1_110' title="bbox 2011 4709 3716 4781">
     <span class='ocr_line' id='line_1_110' title="bbox 2011 4709 3716 4781; baseline 0.001 -18"><span class='ocrx_word' id='word_1_795' title='bbox 2011 4709 2322 4766; x_wconf 88' lang='lat' dir='ltr'>minatione</span> <span class='ocrx_word' id='word_1_796' title='bbox 2363 4718 2695 4778; x_wconf 90' lang='lat' dir='ltr'>retractant,</span> <span class='ocrx_word' id='word_1_797' title='bbox 2749 4717 2802 4766; x_wconf 92' lang='lat' dir='ltr'>et</span> <span class='ocrx_word' id='word_1_798' title='bbox 2841 4710 2999 4780; x_wconf 89' lang='lat' dir='ltr'>justo</span> <span class='ocrx_word' id='word_1_799' title='bbox 3042 4710 3263 4781; x_wconf 90' lang='lat' dir='ltr'>judicio</span> <span class='ocrx_word' id='word_1_800' title='bbox 3302 4711 3364 4767; x_wconf 89' lang='lat' dir='ltr'>fit</span> <span class='ocrx_word' id='word_1_801' title='bbox 3394 4716 3458 4766; x_wconf 89' lang='lat' dir='ltr'>ut</span> <span class='ocrx_word' id='word_1_802' title='bbox 3485 4723 3545 4766; x_wconf 88' lang='lat' dir='ltr'>se</span> <span class='ocrx_word' id='word_1_803' title='bbox 3578 4709 3716 4765; x_wconf 91' lang='lat' dir='ltr'>hinc</span> 
     </span>
    </p>
   </div>
   <div class='ocr_carea' id='block_1_111' title="bbox 2010 4797 3709 4870">
    <p class='ocr_par' dir='ltr' id='par_1_111' title="bbox 2010 4797 3709 4870">
     <span class='ocr_line' id='line_1_111' title="bbox 2010 4797 3709 4870; baseline 0 -17"><span class='ocrx_word' id='word_1_804' title='bbox 2010 4797 2262 4855; x_wconf 87' lang='lat' dir='ltr'>volentes</span> <span class='ocrx_word' id='word_1_805' title='bbox 2306 4799 2577 4869; x_wconf 88' lang='lat' dir='ltr'>expedire</span> <span class='ocrx_word' id='word_1_806' title='bbox 2616 4813 2733 4854; x_wconf 92' lang='lat' dir='ltr'>non</span> <span class='ocrx_word' id='word_1_807' title='bbox 2776 4805 3012 4868; x_wconf 90' lang='lat' dir='ltr'>queant,</span> <span class='ocrx_word' id='word_1_808' title='bbox 3055 4799 3158 4870; x_wconf 91' lang='lat' dir='ltr'>qui</span> <span class='ocrx_word' id='word_1_809' title='bbox 3195 4806 3395 4870; x_wconf 90' lang='lat' dir='ltr'>sponte</span> <span class='ocrx_word' id='word_1_810' title='bbox 3435 4797 3709 4864; x_wconf 90' lang='lat' dir='ltr'>cecidere,</span> 
     </span>
    </p>
   </div>
   <div class='ocr_carea' id='block_1_112' title="bbox 2010 4894 3714 4966">
    <p class='ocr_par' dir='ltr' id='par_1_112' title="bbox 2010 4894 3714 4966">
     <span class='ocr_line' id='line_1_112' title="bbox 2010 4894 3714 4966; baseline -0.001 -15"><span class='ocrx_word' id='word_1_811' title='bbox 2010 4909 2142 4951; x_wconf 92' lang='lat' dir='ltr'>cum</span> <span class='ocrx_word' id='word_1_812' title='bbox 2207 4902 2356 4951; x_wconf 87' lang='lat' dir='ltr'>stare</span> <span class='ocrx_word' id='word_1_813' title='bbox 2413 4894 2576 4951; x_wconf 87' lang='lat' dir='ltr'>facile</span> <span class='ocrx_word' id='word_1_814' title='bbox 2620 4902 2902 4965; x_wconf 87' lang='lat' dir='ltr'>poterant.</span> <span class='ocrx_word' id='word_1_815' title='bbox 2965 4897 3203 4966; x_wconf 84' lang='lat' dir='ltr'>Cumque</span> <span class='ocrx_word' id='word_1_816' title='bbox 3250 4898 3618 4963; x_wconf 85' lang='lat' dir='ltr'>cognovissent</span> <span class='ocrx_word' id='word_1_817' title='bbox 3655 4909 3714 4949; x_wconf 83' lang='lat' dir='ltr'>se</span> 
     </span>
    </p>
   </div>
   <div class='ocr_carea' id='block_1_113' title="bbox 2011 4982 3713 5053">
    <p class='ocr_par' dir='ltr' id='par_1_113' title="bbox 2011 4982 3713 5053">
     <span class='ocr_line' id='line_1_113' title="bbox 2011 4982 3713 5053; baseline -0.001 -16"><span class='ocrx_word' id='word_1_818' title='bbox 2011 4997 2121 5037; x_wconf 89' lang='lat' dir='ltr'>esse</span> <span class='ocrx_word' id='word_1_819' title='bbox 2177 4982 2374 5050; x_wconf 88' lang='lat' dir='ltr'>nudos,</span> <span class='ocrx_word' id='word_1_820' title='bbox 2425 4988 2746 5038; x_wconf 84' lang='lat' dir='ltr'>consuerunt</span> <span class='ocrx_word' id='word_1_821' title='bbox 2801 4985 2943 5050; x_wconf 81' lang='lat' dir='ltr'>folia</span> <span class='ocrx_word' id='word_1_822' title='bbox 2987 4986 3138 5053; x_wconf 78' lang='lat' dir='ltr'>ﬁcus,</span> <span class='ocrx_word' id='word_1_823' title='bbox 3196 4988 3248 5038; x_wconf 83' lang='lat' dir='ltr'>et</span> <span class='ocrx_word' id='word_1_824' title='bbox 3300 4985 3545 5050; x_wconf 83' lang='lat' dir='ltr'>fecerunt</span> <span class='ocrx_word' id='word_1_825' title='bbox 3600 4983 3713 5037; x_wconf 87' lang='lat' dir='ltr'>sibi</span> 
     </span>
    </p>
   </div>
   <div class='ocr_carea' id='block_1_114' title="bbox 2007 5070 3712 5143">
    <p class='ocr_par' dir='ltr' id='par_1_114' title="bbox 2007 5070 3712 5143">
     <span class='ocr_line' id='line_1_114' title="bbox 2007 5070 3712 5143; baseline 0.001 -18"><span class='ocrx_word' id='word_1_826' title='bbox 2007 5073 2363 5141; x_wconf 82' lang='lat' dir='ltr'>perizomata.</span> <span class='ocrx_word' id='word_1_827' title='bbox 2415 5070 2482 5127; x_wconf 91' lang='lat' dir='ltr'>Se</span> <span class='ocrx_word' id='word_1_828' title='bbox 2519 5073 2638 5143; x_wconf 88' lang='lat' dir='ltr'>jam</span> <span class='ocrx_word' id='word_1_829' title='bbox 2693 5072 2878 5128; x_wconf 90' lang='lat' dir='ltr'>nudos</span> <span class='ocrx_word' id='word_1_830' title='bbox 2949 5086 3069 5128; x_wconf 91' lang='lat' dir='ltr'>esse</span> <span class='ocrx_word' id='word_1_831' title='bbox 3124 5070 3504 5141; x_wconf 87' lang='lat' dir='ltr'>comperiunt,</span> <span class='ocrx_word' id='word_1_832' title='bbox 3570 5071 3712 5140; x_wconf 89' lang='lat' dir='ltr'>quia</span> 
     </span>
    </p>
   </div>
   <div class='ocr_carea' id='block_1_115' title="bbox 2007 5159 3711 5232">
    <p class='ocr_par' dir='ltr' id='par_1_115' title="bbox 2007 5159 3711 5232">
     <span class='ocr_line' id='line_1_115' title="bbox 2007 5159 3711 5232; baseline 0 -16"><span class='ocrx_word' id='word_1_833' title='bbox 2007 5159 2245 5232; x_wconf 85' lang='lat' dir='ltr'>justitia</span> <span class='ocrx_word' id='word_1_834' title='bbox 2264 5159 2536 5231; x_wconf 90' lang='lat' dir='ltr'>operibus</span> <span class='ocrx_word' id='word_1_835' title='bbox 2584 5174 2643 5216; x_wconf 90' lang='lat' dir='ltr'>se</span> <span class='ocrx_word' id='word_1_836' title='bbox 2689 5160 2986 5217; x_wconf 87' lang='lat' dir='ltr'>fraudatos</span> <span class='ocrx_word' id='word_1_837' title='bbox 3032 5167 3088 5215; x_wconf 90' lang='lat' dir='ltr'>et</span> <span class='ocrx_word' id='word_1_838' title='bbox 3117 5159 3323 5214; x_wconf 77' lang='lat' dir='ltr'>cmiesti</span> <span class='ocrx_word' id='word_1_839' title='bbox 3364 5159 3711 5228; x_wconf 90' lang='lat' dir='ltr'>protectione</span> 
     </span>
    </p>
   </div>
   <div class='ocr_carea' id='block_1_116' title="bbox 2013 5245 3707 5319">
    <p class='ocr_par' dir='ltr' id='par_1_116' title="bbox 2013 5245 3707 5319">
     <span class='ocr_line' id='line_1_116' title="bbox 2013 5245 3707 5319; baseline 0.001 -17"><span class='ocrx_word' id='word_1_840' title='bbox 2013 5255 2388 5318; x_wconf 89' lang='lat' dir='ltr'>cognoscunt,</span> <span class='ocrx_word' id='word_1_841' title='bbox 2439 5255 2494 5304; x_wconf 92' lang='lat' dir='ltr'>et</span> <span class='ocrx_word' id='word_1_842' title='bbox 2537 5249 2828 5319; x_wconf 88' lang='lat' dir='ltr'>expositos</span> <span class='ocrx_word' id='word_1_843' title='bbox 2875 5261 2932 5303; x_wconf 91' lang='lat' dir='ltr'>se</span> <span class='ocrx_word' id='word_1_844' title='bbox 2977 5245 3215 5316; x_wconf 86' lang='lat' dir='ltr'>maligni</span> <span class='ocrx_word' id='word_1_845' title='bbox 3258 5246 3496 5316; x_wconf 88' lang='lat' dir='ltr'>spiritus</span> <span class='ocrx_word' id='word_1_846' title='bbox 3538 5254 3707 5303; x_wconf 88' lang='lat' dir='ltr'>vento</span> 
     </span>
    </p>
   </div>
   <div class='ocr_carea' id='block_1_117' title="bbox 2013 5333 3703 5405">
    <p class='ocr_par' dir='ltr' id='par_1_117' title="bbox 2013 5333 3703 5405">
     <span class='ocr_line' id='line_1_117' title="bbox 2013 5333 3703 5405; baseline 0 -15"><span class='ocrx_word' id='word_1_847' title='bbox 2013 5335 2395 5404; x_wconf 90' lang='lat' dir='ltr'>conspiciunt.</span> <span class='ocrx_word' id='word_1_848' title='bbox 2457 5338 2610 5392; x_wconf 85' lang='lat' dir='ltr'>Folia</span> <span class='ocrx_word' id='word_1_849' title='bbox 2662 5338 2795 5405; x_wconf 75' lang='lat' dir='ltr'>ﬁcus</span> <span class='ocrx_word' id='word_1_850' title='bbox 2842 5341 3150 5400; x_wconf 90' lang='lat' dir='ltr'>consuunt,</span> <span class='ocrx_word' id='word_1_851' title='bbox 3205 5333 3346 5404; x_wconf 92' lang='lat' dir='ltr'>quia</span> <span class='ocrx_word' id='word_1_852' title='bbox 3384 5334 3456 5390; x_wconf 90' lang='lat' dir='ltr'>ad</span> <span class='ocrx_word' id='word_1_853' title='bbox 3510 5344 3703 5391; x_wconf 87' lang='lat' dir='ltr'>conte-</span> 
     </span>
    </p>
   </div>
   <div class='ocr_carea' id='block_1_118' title="bbox 2014 5420 3704 5495">
    <p class='ocr_par' dir='ltr' id='par_1_118' title="bbox 2014 5420 3704 5495">
     <span class='ocr_line' id='line_1_118' title="bbox 2014 5420 3704 5495; baseline 0 -15"><span class='ocrx_word' id='word_1_854' title='bbox 2014 5424 2258 5480; x_wconf 83' lang='lat' dir='ltr'>ctionem</span> <span class='ocrx_word' id='word_1_855' title='bbox 2317 5425 2592 5495; x_wconf 78' lang='lat' dir='ltr'>nequitia</span> <span class='ocrx_word' id='word_1_856' title='bbox 2642 5424 2818 5481; x_wconf 86' lang='lat' dir='ltr'>verba</span> <span class='ocrx_word' id='word_1_857' title='bbox 2883 5420 3151 5491; x_wconf 82' lang='lat' dir='ltr'>religiosa</span> <span class='ocrx_word' id='word_1_858' title='bbox 3215 5430 3563 5491; x_wconf 74' lang='lat' dir='ltr'>praetexunt,</span> <span class='ocrx_word' id='word_1_859' title='bbox 3610 5425 3704 5480; x_wconf 87' lang='lat' dir='ltr'>sed</span> 
     </span>
    </p>
   </div>
  </div>
