3884 6068
101 260 155 309 7:;
1293 256 1648 311 MORALlUtI
1694 255 1767 309 1N
1808 238 2106 312 GENESIN
2154 256 2289 312 ue.
2340 257 2410 309 ιι.
3536 264 3606 314 τί

94 390 228 459 quia
260 389 411 445 ﬁcus
455 388 590 444 folia
620 402 736 443 non
769 395 905 444 sunt
936 388 1021 443 uti
1063 388 1472 460 plerarumque
1518 388 1790 455 rotunda,
1831 392 1875 445 Α
1905 390 2004 456 ait,
2040 393 2275 458 Domine,
2326 391 2521 445 audivi
2549 393 2608 445 in
2649 392 2932 461 paradiso.
2964 392 3147 449 Audio
3190 394 3331 464 quid
3375 395 3598 465 jubeas,

92 477 185 532 sed
214 476 509 548 aperturis
536 476 834 532 hiantibus
863 476 1250 541 anfractuosa,
1287 485 1342 533 et
1367 478 1535 548 quasi
1563 478 1793 549 linguas

94 565 386 633 habentia,
419 572 476 620 et
502 577 726 634 aspera,
773 578 1080 634 possumus
1109 578 1211 634 per
1238 565 1600 635 asperitatem
1650 580 1792 620 con-

93 654 392 710 tinentiam
442 661 712 720 veterem,
760 665 907 723 quas
952 652 1138 721 specie
1182 661 1351 708 tenus
1396 661 1522 723 post
1567 654 1791 723 lapsum

90 749 321 809 servat,
383 740 679 810 accipere;
745 754 846 810 per
904 740 1021 794 folii
1077 738 1414 796 tenuitatem
1472 740 1794 810 hypocrisis

94 831 509 894 subtilitatem,
579 844 711 901 quae
776 836 967 885 tamen
1025 828 1230 899 gravia
1292 836 1593 900 contegere
1653 829 1790 884 vitia

96 933 523 990 usquequaque
566 924 882 987 nequeunt,
920 916 1063 987 quia
1107 917 1230 987 ipsa
1277 917 1508 987 linguas
1554 917 1787 981 habent,

95 1021 371 1147 namLtrte
399 1091 786 1163 superductum
809 1091 980 1144 violat
1000 1090 1322 1159 quandoque
1348 1090 1608 1162 pudorem

228 1183 492 1250 Impietas
523 1185 761 1234 contecta
789 1178 909 1244 diu,
946 1195 1038 1233 nec
1065 1193 1229 1248 passa
1257 1179 1504 1245 recondi;

309 1270 374 1324 Ut
402 1270 501 1324 tua:
538 1269 690 1323 clara
720 1270 943 1335 vitrum,
975 1270 1055 1321 sic
1080 1272 1330 1333 penetrat
1356 1269 1574 1332 faciem.

162 1357 335 1412 Vens.
387 1359 439 1410 8.
473 1385 542 1396 —
574 1357 810 1425 Cumque
854 1355 1225 1409 deambularet
1271 1358 1538 1411 Dominus
1583 1358 1643 1409 in
1689 1370 1789 1423 pa-

92 1444 279 1499 radiso
321 1444 403 1498 ad
433 1459 631 1498 auram
674 1449 796 1513 post
838 1443 1117 1498 meridiem
1164 1444 1447 1498 abscondit
1501 1459 1556 1497 se
1584 1444 1787 1510 Adam,

90 1539 139 1587 et
174 1548 321 1587 umor
348 1534 465 1602 ejus
494 1548 529 1585 a
555 1534 699 1599 facie
747 1532 973 1586 Domini
1001 1534 1101 1587 Dei
1145 1534 1205 1586 in
1232 1532 1407 1586 medio
1438 1533 1579 1601 ligni
1616 1548 1789 1601 para-

89 1622 221 1686 disi,
268 1638 393 1676 cum
435 1620 719 1676 audissent
760 1637 936 1674 vocem
986 1619 1125 1690 ejus.
1171 1621 1296 1677 Vox
1340 1623 1555 1675 Domini
1599 1621 1789 1675 deam-

90 1711 331 1764 bulantis
392 1714 449 1764 in
500 1709 768 1779 paradiso
839 1716 924 1764 est
975 1709 1306 1778 increpatio,
1370 1707 1459 1764 vel
1516 1709 1791 1764 memoria

91 1797 393 1867 prteteritaa
428 1788 675 1868 justitiam:
715 1798 839 1867 jam
886 1810 1001 1852 non
1033 1796 1271 1866 stantis;
1306 1796 1384 1851 nil
1436 1795 1587 1852 enim
1632 1795 1789 1851 aliud

84 1886 309 1954 justitia
354 1886 413 1940 in
469 1886 634 1941 nobis
682 1898 859 1955 quam
909 1884 1064 1940 Deus
1104 1891 1208 1951 est,
1244 1892 1367 1954 post
1412 1884 1790 1955 perpetratio-

93 1987 221 2028 nem
254 1972 472 2042 peccati
506 1972 566 2027 in
597 1979 804 2039 mente,
833 1972 974 2042 quia
1006 1972 1130 2041 ipsa
1161 1972 1230 2027 de
1259 1986 1318 2027 se
1347 1972 1615 2042 queritur
1645 1973 1789 2029 ratio

93 2061 273 2130 lapsa,
314 2060 391 2114 ad
418 2075 614 2114 auram
661 2059 874 2115 scilicet
902 2064 1025 2128 post
1072 2060 1373 2126 meridiem,
1406 2066 1551 2115 testu
1600 2066 1789 2115 tenta-

92 2148 263 2205 tiouis
319 2162 423 2219 per
480 2147 748 2203 effectum
804 2162 976 2204 suum
1037 2148 1157 2217 jam
1216 2147 1672 2215 defervescente,
1734 2155 1789 2203 et

90 2238 303 2307 spiritu
350 2237 601 2293 hominis
643 2237 964 2292 secundum
1014 2236 1113 2292 Dei
1143 2250 1375 2292 sensum
1409 2250 1512 2306 pro
1553 2235 1645 2291 sui
1686 2236 1784 2290 de-

92 2326 242 2383 lectu
291 2325 526 2397 singula
555 2325 744 2381 cordis
785 2324 908 2381 loca
934 2324 1236 2391 lustrante,
1281 2324 1378 2379 sed
1410 2338 1525 2379 non
1553 2331 1638 2379 est
1666 2338 1788 2379 cre-

92 2415 247 2471 ditus
298 2429 431 2470 cum
486 2415 597 2469 Deo
645 2413 897 2469 sentiens
934 2412 1172 2482 spiritus
1218 2411 1345 2482 ejus
1377 2412 1545 2481 (Psal.
1578 2426 1787 2478 Lxxvu,

92 2506 165 2568 8).
218 2502 543 2567 Abscondit,
591 2501 764 2568 enim,
796 2516 852 2555 se
880 2500 1083 2566 Adam,
1114 2505 1162 2554 et
1194 2515 1335 2553 umor
1371 2500 1488 2568 ejus
1527 2502 1584 2553 in
1613 2500 1789 2554 medio

90 2593 229 2659 tigni
270 2589 548 2660 paradisi.
601 2589 849 2661 Lignum
895 2587 1144 2658 paradioi
1187 2587 1427 2644 affectus
1452 2595 1536 2643 est
1584 2588 1798 2655 animi,

90 2680 263 2749 cujus
315 2678 506 2734 medio
562 2676 956 2743 absconditur,
1010 2676 1278 2747 quisquis
1323 2676 1382 2731 in
1430 2675 1557 2746 ejus
1608 2690 1789 2746 prava

90 2766 528 2834 consuetudine,
563 2780 635 2821 ne
674 2765 743 2821 ad
781 2765 878 2821 Dei
928 2764 1161 2834 respiret
1194 2763 1475 2832 notitiam,
1527 2763 1789 2820 libertate

90 2856 353 2925 undique
380 2853 711 2925 egrediendi
744 2861 953 2924 negata
979 2851 1284 2922 sepelitur;
1317 2851 1475 2909 hunc
1501 2854 1655 2908 enim
1682 2866 1788 2907 vo-

90 2952 179 2999 cat
222 2943 555 3013 Apostolus,
604 2947 880 3012 peccatum
908 2943 1116 3009 (Rom.,
1168 2956 1265 3008 vn,
1327 2942 1434 3011 l7),
1486 2941 1626 3012 quia
1672 2955 1785 2996 non

89 3033 314 3089 invenit
365 3033 423 3088 in
452 3046 629 3089 carne
676 3045 782 3088 sua
812 3031 1052 3087 bonum.
1104 3029 1209 3085 Sed
1238 3044 1355 3086 non
1407 3030 1592 3087 Adam
1637 3037 1791 3086 totus

90 3123 260 3177 homo
314 3119 408 3176 ille
436 3120 539 3191 qui
590 3119 905 3190 quondam,
939 3118 1036 3174 sed
1089 3117 1271 3173 Adam
1315 3117 1471 3188 quod
1504 3117 1789 3188 interpre-

88 3218 246 3265 tatur
291 3213 559 3274 terrenus,
596 3207 680 3263 vel
712 3215 865 3263 terra
896 3207 1077 3263 rubra
1120 3214 1366 3275 terrena,
1400 3205 1663 3263 videlicet
1692 3220 1789 3261 sa—

90 3300 275 3367 piens,
298 3304 354 3353 et
385 3295 639 3366 corporis
666 3295 928 3351 addictus
959 3292 1345 3364 passionibus,
1376 3302 1431 3350 et
1463 3308 1613 3350 uxor
1640 3292 1785 3364 ejus,

90 3386 141 3440 id
166 3393 255 3441 est
277 3385 549 3442 voluntas
566 3390 684 3452 82,
718 3398 849 3455 quae
865 3384 998 3439 olim
1025 3382 1135 3438 sibi
1148 3382 1353 3453 juncta
1382 3381 1677 3437 individuo
1690 3382 1787 3437 Dei

88 3474 281 3543 gratia
327 3473 733 3545 agglutinante
778 3472 1104 3542 complexu,
1137 3485 1298 3526 nunc
1329 3471 1470 3526 adeo
1500 3470 1788 3540 disparata

89 3570 251 3619 tanto
280 3561 464 3618 animi
506 3561 730 3617 diabolo
778 3560 1065 3616 mediante
1091 3559 1364 3626 discessu,
1400 3565 1618 3629 quanto
1664 3560 1790 3613 viro

86 3664 188 3705 suo
240 3663 359 3705 non
401 3649 521 3719 jam
552 3662 816 3718 supernae
864 3647 1091 3712 rationi,
1144 3647 1240 3704 sed
1290 3654 1530 3703 terrenae
1569 3646 1791 3703 astutiae

86 3737 141 3793 in
196 3736 607 3807 temporalium
663 3750 855 3792 amore
910 3736 1191 3792 bonorum
1246 3734 1478 3791 arctiori
1526 3735 1787 3805 copulata

85 3839 399 3891 consensu,
430 3824 644 3880 divinae
668 3824 792 3880 voci
825 3831 949 3894 post
971 3832 1132 3894 terga
1161 3823 1416 3879 mouenti
1445 3823 1788 3891 obaudiunt,

83 3914 179 3969 sed
211 3914 602 3970 obduratione
631 3927 749 3983 qua
779 3913 1036 3969 diximus
1062 3927 1120 3970 se
1158 3912 1365 3968 mentis
1407 3911 1786 3968 abscondunt.

83 4002 250 4069 Quod
299 4002 349 4057 si
384 4000 700 4071 accipimus
729 4002 869 4069 ligni
897 4001 1141 4071 positum
1187 4014 1292 4070 pro
1322 4001 1610 4069 tignorum,
1642 4000 1793 4056 sicut

89 4105 425 4160 emnomyam
473 4096 528 4144 et
578 4104 770 4143 ranam
823 4103 923 4158 pro
970 4091 1143 4155 ranis,
1194 4095 1249 4144 et
1296 4090 1588 4157 cenomyis
1615 4101 1793 4143 sacrae

90 4180 296 4234 litterae
351 4184 576 4247 ponunt
625 4176 800 4246 (Psat.
853 4192 1066 4245 LXXVII,
1113 4177 1225 4247 45),
1282 4176 1532 4247 profecto
1578 4178 1638 4230 in
1682 4192 1791 4230 me-

1902 480 1995 547 pia
2038 478 2253 535 scilicet
2282 478 2475 535 studia
2516 486 2788 549 repetere,
2843 480 3095 550 paradisi
3129 480 3414 539 virtutum
3444 487 3600 540 anti-

1900 580 2152 636 quarum
2185 566 2397 622 damna
2441 566 2668 635 deﬂere,
2702 568 2797 623 sed
2828 583 3029 624 vereor
3056 571 3447 628 austeritatem
3477 589 3599 642 pr-

1900 652 2172 719 nitentize,
2222 661 2277 708 et
2308 653 2457 709 hanc
2498 653 2776 710 nuditatis
2813 656 3114 724 penuriam
3148 658 3314 714 novis
3355 672 3596 728 operum

1900 741 2158 796 vestibus
2185 742 2428 811 operire,
2461 748 2518 798 et
2548 742 2674 797 ideo
2720 743 2950 800 interim
2993 759 3095 814 per
3118 746 3421 804 exterioris
3449 748 3593 804 sub-

1900 828 2255 884 ornationem
2299 829 2531 885 habitus
2564 831 2837 898 pudorem
2872 846 3064 888 meum
3096 833 3319 889 decrevi
3352 835 3589 891 abscon-

1898 918 2052 973 dere.

1970 1006 2141 1063 VBRS.
2191 1009 2276 1061 ll.
2306 1037 2374 1045 ——
2421 1007 2554 1072 Quis
2594 1009 2735 1061 enim
2786 1007 3050 1063 indicavit
3094 1010 3198 1065 tibi
3226 1011 3372 1079 quod
3409 1013 3590 1067 nudus

1897 1109 2053 1161 esses,
2103 1097 2216 1148 nisi
2258 1094 2402 1163 quod
2433 1096 2499 1148 de
2546 1095 2713 1161 ligno,
2760 1095 2825 1148 de
2855 1110 2959 1163 quo
3007 1097 3108 1150 tibi
3137 1113 3496 1168 preceperam
3525 1116 3591 1153 ne

1898 1182 2212 1248 comederes,
2272 1182 2592 1238 comedisti?
2647 1182 2807 1249 Quod
2862 1192 2945 1240 est
2992 1185 3175 1241 Deum
3233 1186 3448 1243 homini
3497 1188 3590 1243 di-

1899 1284 2024 1325 cere
2056 1285 2068 1324 :
2098 1269 2389 1337 Quomodo
2441 1273 2552 1326 scis
2605 1278 2656 1326 te
2703 1285 2830 1326 mea
2876 1275 3223 1340 protectione
3279 1274 3588 1342 desertum,

1898 1358 2009 1413 nisi
2053 1359 2207 1428 quod
2257 1368 2310 1415 te
2366 1359 2513 1414 nosti
2560 1372 2662 1428 per
2711 1359 2792 1414 tui
2844 1373 2935 1414 me
2976 1374 3244 1417 excessus
3290 1361 3593 1419 offendisse

1899 1448 2175 1502 reatum?
2228 1448 2380 1502 Reus
2425 1447 2580 1502 enim
2626 1446 2798 1502 etiam
2849 1448 3164 1515 absentem,
3218 1457 3273 1505 et
3321 1450 3591 1520 ignarum

1900 1534 2206 1590 Dominum
2258 1535 2456 1589 timere
2499 1534 2675 1600 solet;
2717 1535 2815 1591 sed
2854 1535 3086 1605 spiritui
3138 1552 3268 1592 cum
3302 1539 3416 1594 Deo
3461 1554 3595 1595 sen-

1903 1622 2061 1678 tienti
2093 1621 2234 1692 quid
2288 1622 2544 1678 humana
2574 1622 2889 1692 pertinacia
2920 1624 3162 1693 referat,
3216 1626 3595 1682 audiendum.

1831 1687 1870 1741 Β
1973 1687 2141 1767 Vens.
2204 1714 2288 1765 l2.
2328 1738 2400 1751 —
2449 1687 2673 1777 Mulier,
2729 1727 2893 1780 quam
2936 1687 3157 1767 dedisti
3188 1714 3328 1767 mihi
3373 1717 3594 1775 sociam.

1899 1798 2049 1853 dedit
2092 1799 2232 1853 mihi
2261 1798 2326 1851 de
2373 1800 2538 1867 ligno,
2573 1804 2625 1853 et
2671 1799 2890 1853 comedi.
2944 1800 3208 1871 Fragilis,
3245 1801 3455 1871 inquit,
3486 1817 3594 1858 nu-

1900 1886 2205 1957 tabilisque
2252 1886 2541 1953 voluntas,
2577 1901 2754 1957 quam
2793 1887 3002 1943 rationi
3035 1888 3287 1944 indidisti
3324 1890 3594 1945 humanae

1901 1974 2022 2030 haec
2067 1975 2312 2040 monuit,
2368 1975 2489 2031 haec
2549 1975 2765 2031 intulit.
2823 1975 2910 2030 Tu
2957 1975 3060 2045 qui
3102 1982 3181 2032 tot
3235 1976 3592 2033 intoleranda

1899 2062 2117 2118 homini
2168 2062 2502 2132 praecepisti,
2556 2062 2857 2132 providere
2904 2062 3205 2129 debueras,
3266 2072 3331 2120 ut
3378 2071 3591 2121 statum

1897 2151 2211 2207 voluntatis
2260 2150 2630 2206 inﬂexibilem
2687 2150 2921 2206 haberet
2969 2151 3039 2207 ad
3094 2152 3404 2221 passiones,
3461 2169 3592 2223 quae

1898 2239 2071 2295 menti
2096 2239 2454 2310 ingruerent,
2488 2239 2859 2308 respuendas.

1972 2329 2142 2384 Vens.
2212 2331 2292 2392 l3,
2366 2328 2450 2381 l4.
2508 2356 2565 2367 —
2621 2328 2700 2381 Et
2745 2327 2893 2381 dicit
2937 2328 3080 2381 Deus
3135 2328 3210 2381 ad
3264 2330 3586 2384 mulierem:

1897 2416 2074 2482 Quare
2112 2418 2206 2469 hoc
2233 2413 2461 2481 fecisti?
2506 2415 2862 2470 Convenitur
2889 2415 3085 2470 eodem
3125 2424 3358 2471 auctore
3391 2417 3592 2473 volun—

1896 2511 2004 2572 tas,
2036 2504 2130 2560 sed
2158 2503 2497 2559 humanitus
2546 2503 2603 2559 in
2630 2502 2899 2559 affectum
2930 2502 3153 2559 derivat
3181 2503 3448 2560 offensas.
3480 2506 3587 2571 Tu,

1900 2593 2108 2662 inquit,
2154 2606 2186 2647 ο
2226 2593 2399 2658 Deus,
2457 2605 2563 2646 cur
2609 2598 2725 2647 tam
2778 2590 3007 2647 labilem
3053 2591 3254 2647 dedisti
3306 2593 3590 2649 voluntati

1898 2679 2186 2749 allectum,
2220 2680 2320 2751 qui
2353 2695 2467 2736 non
2498 2679 2684 2735 solum
2717 2693 2832 2735 non
2872 2679 3113 2750 adjuvat
3138 2694 3172 2735 a
3201 2681 3346 2736 bono
3372 2681 3589 2749 devios,

1898 2769 1991 2824 sed
2024 2770 2193 2825 etiam
2251 2768 2449 2836 illicit;
2484 2775 2541 2823 et
2568 2768 2895 2824 exorbitare
2943 2768 3079 2824 facit
3109 2768 3308 2824 divina
3352 2783 3587 2825 conver-

1897 2858 2115 2913 satione
2167 2856 2488 2926 perfectos‘?
2536 2856 2831 2921 Quomodo
2878 2856 3143 2912 frenatur
3187 2857 3259 2912 ab
3310 2857 3589 2927 improbo,
3694 2908 3699 2909 ,

1829 2983 1869 3037 Ο
1898 2946 2019 3037 qui
2047 2959 2183 3037 non;
2209 2944 2373 3037 plene
2419 2943 2672 3000 cohiberi
2716 2944 2989 3037 praevalet
3020 2944 3200 3037 etiam
3249 2944 3319 3000 ab
3371 2945 3591 3037 integre

1900 3034 2079 3105 probo
2098 3034 2126 3087 ?
2155 3033 2313 3098 Quod
2358 3040 2544 3089 totum
2570 3039 2653 3087 est
2689 3047 2702 3086 :
2734 3033 2965 3101 Serpens
2997 3032 3204 3102 decepit
3245 3048 3341 3087 me.
3375 3032 3589 3090 Verum

1899 3121 2291 3193 querimonias
2332 3121 2389 3177 in
2434 3135 2492 3178 se
2522 3121 2710 3190 inepte
2756 3120 2914 3177 fusas
2952 3121 3105 3177 Deus
3149 3120 3436 3177 intellectu
3476 3136 3590 3177 cor-

1897 3217 2048 3266 recto
2104 3210 2177 3266 ad
2218 3217 2539 3280 respectum
2597 3211 3107 3281 causationemque
3158 3224 3273 3265 non
3320 3211 3432 3279 sui,
3490 3211 3585 3266 sed

1899 3312 2091 3369 pravae
2122 3296 2434 3354 affectionis
2464 3297 2775 3368 intorquet.
2825 3298 2970 3354 Dicit
2997 3312 3136 3369 ergo
3171 3299 3323 3355 Deus
3354 3298 3592 3355 rationis

1903 3386 2175 3442 instinctu
2223 3400 2323 3455 per
2354 3394 2578 3442 terrena
2620 3387 2891 3456 serpenti.
2947 3389 3089 3457 Quia
3115 3388 3303 3451 fecisti
3329 3387 3425 3442 hoc
3466 3403 3590 3441 ma-

1900 3474 2127 3530 ledictus
2179 3491 2235 3529 es
2265 3478 2407 3529 inter
2433 3479 2627 3529 cuncta
2678 3477 3004 3540 animantia,
3065 3480 3116 3530 ct
3160 3476 3357 3530 bestias
3415 3481 3587 3529 terrae.

1898 3562 2063 3628 Quia,
2113 3563 2320 3633 inquit,
2365 3561 2617 3618 ﬁdelium
2654 3563 2971 3618 seductioni
3018 3563 3276 3631 incubas,
3327 3577 3589 3619 exsecra-

1900 3649 2040 3706 tioni
2088 3663 2209 3705 esse
2251 3649 2422 3704 debes
2455 3647 2604 3704 inter
2638 3648 2837 3704 vitalia
2866 3649 3150 3705 virtutum
3197 3648 3409 3715 studia,
3462 3663 3593 3718 quae

1899 3738 2209 3808 signantur
2255 3751 2354 3807 per
2409 3739 2718 3791 animantia
2756 3741 2807 3791 et
2857 3737 3054 3791 bestias
3102 3742 3278 3804 terrae,
3331 3737 3592 3792 ferocitas

1898 3825 2111 3893 carnis,
2174 3824 2388 3881 scilicet
2444 3825 2604 3880 vitia.
2664 3824 2750 3880 Tu
2802 3824 2955 3881 bona
3007 3825 3161 3880 enim
3219 3825 3485 3895 dissipas,
3527 3832 3591 3881 tu

1898 3913 2142 3970 crimina
2201 3913 2456 3983 instigas.
2515 3915 2697 3983 Super
2745 3917 2931 3982 pectus
2988 3918 3139 3967 tuum
3184 3912 3474 3980 gradieris.
3528 3912 3590 3967 In

1902 4009 2122 4072 pectore
2166 4016 2264 4058 cor
2288 4002 2583 4070 habemus,
2614 4010 2669 4058 et
2710 4002 2769 4057 in
2797 4001 2967 4057 corde
3005 4002 3305 4058 rationem.
3341 4000 3594 4057 Aliectus

1901 4091 2096 4161 itaque
2124 4104 2299 4161 super
2325 4099 2524 4160 pectus
2565 4089 2844 4158 ambulat,
2877 4090 3109 4160 quando
3149 4090 3258 4146 sibi
3286 4089 3592 4160 imperium

1901 4179 2141 4234 rationis
2171 4186 2433 4248 usurpat.
2496 4178 2656 4235 Unde
2688 4178 2828 4249 quid
2880 4178 3049 4234 faciat
3090 4179 3314 4244 dextra,
3353 4176 3595 4248 jubetur

87 4266 179 4320 dio
211 4268 487 4333 tignorum
532 4267 789 4335 paradisi
819 4266 1012 4322 nudus
1040 4281 1098 4321 se
1144 4266 1308 4332 celat,
1342 4265 1611 4336 quisquis
1643 4263 1791 4319 male
1830 4276 1875 4330 ο
1905 4267 2123 4322 nescire
2167 4265 2401 4322 sinistra
2444 4267 2669 4335 (Matth.
2725 4282 2801 4331 vr,
2855 4268 2928 4336 3).
2981 4268 3156 4335 Super
3202 4272 3388 4336 pectus
3422 4264 3591 4319 etiam

85 4367 270 4423 agens
314 4360 647 4409 sanctorum
689 4353 948 4409 virorum
983 4353 1246 4409 societate
1280 4367 1338 4408 se
1382 4352 1598 4422 palliat.
1633 4351 1793 4407 Unde

92 4442 230 4511 ipsis
262 4455 297 4496 a
340 4441 694 4512 quibusdam
735 4440 948 4497 dicitur
975 4456 988 4495 :
1024 4444 1160 4496 Date
1187 4441 1343 4495 nobis
1368 4440 1434 4494 de
1460 4441 1571 4495 oleo
1597 4445 1792 4506 vestro,

90 4533 226 4600 quia
272 4529 554 4599 lampades
599 4534 796 4584 nostrae
834 4531 1223 4593 exstinguntur
1254 4528 1472 4597 (Matth.
1525 4543 1659 4595 xxv,
1713 4531 1792 4589 8i.

90 4620 143 4674 id
171 4626 260 4674 est
282 4618 424 4688 quia
452 4631 524 4672 ex
561 4625 753 4673 nostro
784 4631 953 4688 opere
994 4617 1544 4681 obtenebrascimus,
1594 4624 1794 4671 vestrae

92 4705 261 4760 nobis
293 4704 700 4760 familiaritatis
748 4705 1055 4775 impendite
1083 4707 1350 4775 gratiam,
1404 4712 1466 4760 ut
1499 4705 1546 4759 si
1579 4719 1690 4758 non
1724 4718 1792 4759 ex

92 4802 311 4860 nostra,
345 4791 550 4849 saltem
577 4807 651 4848 ex
683 4801 870 4849 vestra
896 4793 1021 4849 luce
1049 4792 1397 4864 fulgeamus.
1706 4856 1709 4861 λ

167 4881 341 4937 Vens.
395 4884 448 4947 9,
500 4882 584 4938 l0.
618 4910 690 4923 —
734 4884 1060 4951 Vocavitque
1104 4881 1372 4937 Dominus
1406 4885 1544 4935 Deus
1592 4881 1796 4950 Adam,

93 4977 143 5024 et
191 4970 348 5024 dixit
390 4971 480 5024 ei:
520 4968 720 5035 Adam,
773 4969 869 5023 ubi
917 4985 970 5024 es
987 4969 1029 5024 ?.
1070 4971 1175 5037 Qui
1221 4972 1303 5024 ait
1339 4984 1351 5024 :
1391 4970 1577 5024 Vocem
1625 4976 1794 5026 tuam.

96 5062 337 5125 Domine,
390 5058 592 5112 audiri
644 5060 703 5111 in
743 5058 1033 5128 paradiso,
1063 5064 1113 5113 et
1157 5060 1319 5112 timui
1344 5073 1403 5112 eo
1432 5057 1577 5126 quod
1619 5057 1818 5111 nudas.

89 5162 279 5215 essem,
332 5152 384 5201 et
436 5146 696 5201 abscondi
732 5162 831 5201 me.
869 5145 1048 5203 Vocat
1094 5146 1373 5203 Dominus
1415 5146 1619 5213 Adam,
1665 5160 1796 5201 cum

92 5238 376 5293 rationem
423 5233 748 5305 cujuspiam
782 5241 909 5304 post
950 5248 1148 5291 casum
1181 5234 1426 5291 interius
1452 5234 1802 5290 conveniens

92 5332 365 5393 provocat
428 5323 499 5378 ad
570 5322 982 5393 paenitentiam.
1068 5323 1172 5379 Ubi
1222 5322 1319 5377 es?
1371 5322 1560 5393 inquit
1613 5322 1800 5379 locum

90 5428 204 5483 quo
236 5415 443 5485 jaceas
494 5411 743 5477 attende,
776 5410 879 5482 qui
932 5424 1050 5467 non
1100 5410 1249 5467 alius
1300 5424 1478 5481 quam
1530 5409 1802 5481 superbia

97 5510 198 5570 est,
229 5500 341 5573 qui
389 5498 529 5555 olim
560 5498 798 5555 humilis
844 5507 996 5555 stare
1035 5497 1361 5555 didiceras?
1415 5500 1595 5555 Vocem
1629 5504 1798 5567 tuam,

458 5600 740 5665 ΡΑτηοι..
794 5599 997 5665 CLVI.

1899 4354 2079 4419 vadit,
2128 4353 2266 4409 dum
2299 4353 2613 4423 appetitum
2660 4354 2825 4424 quasi
2861 4356 3205 4410 naturaliter
3244 4354 3315 4409 ad
3346 4352 3462 4409 ima
3506 4351 3596 4405 de-

1902 4442 2116 4514 primit.
2162 4442 2344 4498 Aliter
2384 4441 2700 4498 benedictio
2733 4442 2789 4497 in
2820 4456 2984 4499 sacro
3033 4442 3280 4513 eloquio,
3314 4441 3462 4497 sicut
3496 4454 3595 4510 pro

1902 4528 2378 4600 multiplicatione
2426 4531 2678 4599 ponitur,
2713 4530 2794 4585 ita
2826 4530 3147 4586 maledictio
3178 4544 3280 4601 pro
3325 4529 3597 4585 defectio—

1904 4632 1995 4673 ne.
2032 4618 2180 4673 Inter
2214 4621 2395 4672 omnia
2435 4618 2611 4687 igitur
2639 4620 2967 4684 animantia,
3009 4620 3149 4675 vitia
3176 4620 3379 4689 utique
3407 4617 3599 4673 carnis

1904 4707 2315 4773 mansuetiora,
2364 4714 2427 4762 ut
2472 4714 2609 4762 sunt
2655 4707 2710 4762 in
2742 4708 2889 4775 cibo,
2924 4716 3083 4777 potu,
3115 4720 3433 4777 somnoque
3488 4717 3598 4759 ex-

1905 4808 2118 4860 cessus,
2185 4799 2236 4848 et
2296 4795 2513 4859 bestias,
2562 4794 2820 4850 crudelia
2886 4795 3119 4863 scilicet,
3186 4802 3241 4850 et
3288 4791 3597 4858 horrenda,

1905 4880 2145 4936 allectus
2207 4882 2327 4949 iste,
2374 4881 2476 4952 qui
2525 4882 2686 4954 origo
2734 4897 2935 4939 eorum
2965 4891 3068 4947 est,
3121 4882 3327 4937 habeat
3371 4889 3600 4937 aeternae

1906 4968 2237 5025 defectionis
2281 4969 2542 5026 exitium.
2603 4973 2822 5027 Terram
2868 4971 3104 5026 comedes
3155 4973 3364 5024 cunctis
3411 4968 3600 5023 diebus

1905 5060 2031 5112 vitae
2057 5063 2161 5113 tua
2193 5075 2205 5112 :
2242 5058 2297 5113 id
2326 5066 2409 5114 est
2438 5059 2495 5114 in
2527 5060 2685 5115 omni
2726 5058 3131 5130 prosperitatis,
3162 5072 3293 5128 quze
3323 5072 3421 5129 per
3451 5056 3600 5113 diem

1907 5145 2210 5216 signatur,
2261 5146 2447 5215 specie
2503 5147 2748 5203 terrenis
2799 5147 3084 5217 pasceris,
3137 5160 3268 5216 quae
3318 5144 3604 5216 prtecipue

1908 5241 2109 5288 contra
2159 5234 2336 5289 vitam
2381 5232 2636 5291 fidelium
2665 5235 2835 5291 vivis.
2886 5236 2990 5298 Qui
3023 5243 3232 5291 terram
3265 5233 3603 5299 manducat,

1908 5328 2431 5391 quantumcunque
2479 5323 2804 5391 comederit,
2857 5324 2988 5393 plus
3042 5323 3147 5379 sibi
3188 5320 3604 5380 comedendum

1910 5423 2089 5479 quam
2136 5409 2387 5479 potuerit
2415 5411 2710 5467 comedere
2741 5418 2937 5480 restat,
2986 5413 3067 5469 sic
3096 5412 3183 5468 his
3213 5412 3317 5483 qui
3367 5410 3607 5479 cupiunt

1912 5504 2434 5568 quantumcunque
2462 5499 2754 5556 obtineant
2784 5500 3067 5571 cupienda
3102 5503 3419 5559 restabant.

3259 5610 3293 5666 3
