3874 6048
249 188 319 240 '75
1165 180 1223 236 V.
1264 178 1596 235 CUIBEBTI
1633 175 1923 234 ABBATIS
1961 177 2016 232 S.
2057 176 2292 232 ΜΑΒΙᾸΞ
2330 173 2420 231 DE
2457 174 2847 232 NOVIGENTO
3700 179 3779 229 76

322 275 497 377 Vens:
535 322 619 373 l5.
676 348 738 359 —
774 317 1101 374 Inimicitias
1145 329 1345 384 ponam
1391 316 1533 367 inter
1569 318 1619 368 te
1671 316 1721 366 et
1750 312 1947 366 mulie-
1984 312 2029 365 A
2060 310 2275 377 stricto,
2327 311 2424 367 Dei
2473 311 2836 382 aliquantula
2885 309 3256 381 inspiratione
3294 311 3367 367 ad
3414 311 3644 382 aliquid
3682 311 3783 366 lu-

252 425 383 474 rem,
436 412 487 463 et
532 422 706 462 semen
738 412 889 460 tuum
935 409 986 458 et
1026 418 1201 457 semen
1249 404 1421 456 illius.
1457 402 1574 457 Hoc
1619 401 1680 457 ﬁt
1722 398 1947 471 quoties

253 498 525 554 voluntas
580 503 777 551 nostra
822 492 1031 549 divinae
1086 491 1355 547 innititur
1412 488 1657 556 rationi,
1704 495 1761 544 et
1808 495 1949 543 tunc

254 587 542 657 appetitus
571 585 760 640 carnis
792 582 941 651 apud
979 580 1154 650 ipsam
1188 586 1504 648 respectum
1547 592 1660 633 non
1703 576 1942 643 invenit,

255 679 396 747 quia
445 688 632 731 semen
666 672 848 728 sancti
880 685 995 741 quo
1037 670 1381 726 fecundatur
1412 668 1694 738 Spiritus,
1748 667 1943 723 diabo-

253 763 376 819 licae
424 759 779 832 suggestioni
821 773 1057 830 prorsus
1107 757 1417 822 infensum,
1470 756 1755 811 inﬁnitam
1802 754 1950 810 inter

254 859 570 915 utrumque
625 848 1068 916 discrepantiam
1119 844 1271 901 facit.
1318 846 1455 913 Ipsa
1507 848 1737 898 conteret
1786 847 1951 912 caput

253 946 423 994 tuum.
487 939 689 1006 Caput,
747 937 795 990 id
844 943 928 990 est
986 934 1212 989 initium
1274 933 1433 1002 pravi
1483 932 1770 1002 appetitus
1817 931 1946 996 fuit,

253 1027 543 1083 communi
599 1025 843 1080 utilitate
898 1023 1113 1087 relicta,
1171 1021 1433 1076 videlicet
1489 1022 1625 1088 Deo,
1683 1020 1946 1090 quaedam

254 1116 361 1172 sibi
406 1114 638 1185 propria
670 1112 830 1168 velle.
883 1110 1045 1167 Unde
1093 1109 1372 1164 Dominus
1417 1122 1570 1175 eum,
1625 1108 1726 1179 qui
1775 1108 1845 1162 ad
1892 1120 1951 1162 se

258 1204 431 1271 venit,
468 1216 583 1257 non
617 1202 939 1271 ejecturum
972 1198 1123 1253 foras
1166 1197 1493 1267 perhibens,
1527 1210 1734 1252 causas
1770 1195 1948 1260 addit,

255 1291 395 1359 quia
434 1304 551 1344 non
580 1288 803 1343 venerit
844 1286 1027 1341 facere
1059 1285 1415 1340 voluntatem
1459 1299 1624 1340 suam
1660 1284 1835 1354 (Joan.
1870 1298 1948 1350 γι,

256 1382 344 1439 37,
379 1377 489 1447 38).
545 1376 720 1432 Recta
764 1374 1035 1430 voluntas
1082 1373 1188 1428 hic
1217 1381 1392 1443 caput
1431 1374 1641 1440 atterit,
1693 1372 1948 1442 quando,

256 1468 314 1521 in
364 1472 649 1534 quantum
707 1461 998 1532 praevalet,
1056 1460 1137 1516 nil
1191 1461 1297 1515 sibi
1355 1461 1601 1530 turpiter
1653 1459 1949 1530 proprium

258 1552 571 1622 relinquit;
641 1551 778 1605 dum
841 1550 992 1604 enim
1040 1562 1074 1604 a
1121 1549 1308 1617 primo
1374 1549 1603 1604 homine
1655 1549 1947 1619 privatum

258 1639 537 1709 quiddam
584 1638 800 1707 petitur
835 1652 846 1690 :
882 1651 915 1691 a
947 1637 1196 1706 paradisi
1227 1651 1426 1692 sereno
1469 1637 1810 1702 demittitur,
1857 1650 1950 1690 se—

258 1740 471 1797 quaces
514 1725 751 1782 secundi
785 1725 921 1780 Adae
966 1732 1110 1781 totos
1139 1739 1196 1781 se
1225 1725 1324 1780 Dei
1356 1725 1564 1795 placito
1609 1725 1953 1780 contraden-

182 1850 185 1853 »
258 1823 340 1870 tes
379 1813 439 1869 in
469 1812 625 1869 omlis
672 1813 1077 1868 admittuntur.
1114 1814 1184 1868 Et
1214 1818 1272 1866 tu
1309 1812 1660 1867 insidiaberis
1708 1814 1956 1867 calcaneo

257 1903 395 1971 ejus.
446 1900 813 1968 Calcaneum,
850 1914 982 1970 qum
1031 1909 1115 1956 est
1150 1900 1339 1956 ﬁnalis
1378 1915 1511 1970 pars
1538 1901 1809 1971 corporis,
1861 1902 1955 1955 in-

258 1991 564 2046 tentionem
620 1989 952 2058 accipimus,
1010 2003 1142 2059 quae
1202 1989 1460 2045 omnium
1519 1990 1810 2046 actionum
1872 1996 1957 2044 est

260 2076 409 2132 finis.
462 2077 610 2131 Dum
659 2075 838 2146 igitur
889 2073 987 2131 Dei
1035 2075 1319 2131 voluntati
1372 2083 1624 2131 nostram
1661 2075 1956 2146 postponi-

260 2179 408 2230 mus,
442 2163 579 2219 dum
611 2163 968 2219 clandestina
1000 2168 1095 2218 33
1122 2172 1175 2219 et
1206 2171 1401 2232 aperta
1427 2165 1566 2219 vitia
1596 2164 1953 2225 abdicamus.

258 2250 316 2305 in
348 2250 629 2305 bonOrum
677 2257 1003 2305 nostrorum
1058 2249 1371 2305 intentione
1410 2248 1730 2303 tendiculas
1759 2246 1956 2317 praeci-

260 2352 371 2408 pue
400 2336 559 2407 ponit
587 2350 719 2407 qum
750 2338 1024 2406 gerimus,
1072 2345 1138 2393 ut
1167 2352 1314 2407 quos
1343 2336 1565 2405 ﬂagitio
1596 2335 1808 2391 irretiri
1838 2350 1957 2391 non

258 2426 431 2493 valet,
471 2426 671 2480 saltem
702 2423 1024 2480 aifectualis
1056 2423 1391 2494 improbitas
1419 2423 1715 2493 popularis
1745 2423 1957 2479 favoris

260 2514 457 2583 aliqua
500 2514 850 2581 respectione
892 2512 1289 2568 commaculet.
1336 2512 1408 2566 At
1432 2510 1551 2580 jam
1603 2511 1726 2580 ipsa
1755 2510 1957 2566 volun-

260 2610 347 2658 tas
377 2600 516 2671 quid
549 2600 618 2655 de
646 2615 707 2655 se
736 2602 905 2655 etiam
939 2601 1151 2655 sentire
1181 2599 1397 2661 debeat.
1427 2598 1709 2654 divinitus
1739 2598 1960 2655 ratione

262 2688 539 2757 magistra
564 2688 878 2757 exaudiat;
908 2688 1121 2744 dicitur
1148 2688 1226 2743 illi
1265 2704 1278 2742 :

332 2777 505 2833 Vnus.
537 2776 618 2831 l6.
641 2805 713 2817 —
737 2776 1116 2846 Multiplicabo
1135 2792 1403 2831 aerumnas
1431 2782 1576 2841 tuas,
1607 2781 1658 2830 et
1678 2779 1957 2845 conceptus

2053 399 2225 455 minis
2277 399 2643 456 sentiendum
2695 398 3028 455 solidamur.
3084 399 3227 455 Nam
3280 399 3429 455 sicut
3473 413 3539 454 eo
3599 407 3779 455 statu

2053 487 2364 556 pascimur,
2396 489 2476 543 sic
2524 487 2959 557 peregrinantes
2986 500 3058 543 ex
3106 486 3215 543 hoc
3243 486 3560 554 deﬁcimus,
3619 487 3783 557 quia

2054 576 2282 646 siliquis
2308 576 2540 643 utendo,
2576 575 2743 631 nobis
2768 589 2884 631 non
2906 575 3011 631 nisi
3045 575 3266 645 pondus
3297 575 3643 645 ingerimus,
3669 575 3779 629 sed

2055 679 2186 721 cum
2220 664 2413 719 labore
2460 663 2515 718 id
2547 664 2799 734 agimus,
2851 664 2991 733 quia
3022 677 3153 719 cum
3187 663 3294 720 Job
3335 663 3481 734 (cap.
3518 678 3604 731 ut,
3644 663 3776 728 24),

2056 760 2368 823 antequam
2417 752 2801 817 comedamus,
2857 751 3239 821 suspiramus,
3280 759 3336 807 et
3378 751 3486 807 hoc
3530 752 3782 806 cunctis

2054 841 2188 897 vitae
2245 848 2452 896 nostrae
2504 840 2727 908 diebus,
2781 839 2834 895 id
2885 848 2971 897 est
3011 840 3235 911 quoties
3282 840 3458 896 vitam
3495 847 3773 895 nostram

2056 930 2288 985 unicam
2320 928 2611 985 Christum
2643 927 3045 999 intelligimus;
3077 942 3177 998 per
3200 928 3318 983 dies
3356 927 3510 983 enim
3540 926 3777 982 intelli-

2059 1018 2307 1087 gentiam
2352 1017 2566 1087 signari
2598 1030 2776 1086 supra
2817 1016 3089 1072 diximus.
3121 1016 3290 1072 Illum
3317 1022 3507 1071 autem
3542 1014 3774 1070 intelli-

2059 1107 2269 1176 gimus,
2300 1120 2429 1162 cum
2462 1104 2940 1176 illisingulariter
2961 1105 3186 1160 interno
3215 1118 3414 1174 sapore
3436 1103 3773 1159 inhiamus.

2058 1194 2201 1250 Cum
2233 1194 2448 1260 labore,
2492 1195 2750 1264 inquam,
2785 1192 3083 1261 comedes;
3116 1192 3192 1247 nil
3221 1192 3373 1247 enim
3405 1191 3526 1247 sine
3559 1191 3779 1246 labore

2060 1289 2233 1338 restat
2282 1281 2622 1338 mortalibus
2663 1281 2832 1337 etiam
2872 1280 2926 1336 in
2969 1280 3248 1349 terrenis;
3298 1280 3438 1350 quia
3483 1281 3687 1349 spinas
3720 1284 3778 1332 et

2060 1371 2285 1425 tribulos
2334 1371 2668 1441 germinabit
2705 1370 2825 1424 tibi.
2881 1370 2968 1425 Tu
3016 1369 3192 1425 menti
3241 1368 3485 1438 propriae
3531 1366 3778 1423 cultum

2061 1459 2374 1529 impendes,
2433 1459 2527 1514 sed
2588 1459 2685 1514 illa
2752 1458 2900 1514 inter
2959 1457 3264 1514 colendum
3335 1457 3658 1527 originario
3718 1463 3780 1511 et

2061 1548 2271 1603 actuali
2343 1555 2615 1617 corrupta
2666 1547 2799 1602 tabo
2845 1548 3042 1616 spinas
3091 1546 3347 1601 avar‘tize
3400 1545 3782 1614 tribulosque

1992 1603 2030 1658 Β
2060 1634 2361 1690 libidinum
2395 1603 2637 1691 feracius
2670 1603 3034 1705 germinabit.
3069 1633 3224 1689 Sicut
3256 1647 3507 1703 namque
3536 1603 3783 1687 densio-

2063 1723 2224 1777 ribus
2253 1723 2488 1778 horrent
2519 1722 2734 1778 aculeis
2765 1722 2960 1777 tribuli
2995 1736 3169 1791 quam
3219 1722 3419 1791 spinae,
3454 1720 3532 1775 ita
3579 1719 3782 1775 animi

2063 1811 2443 1880 plurimorum
2472 1810 2709 1866 luxuria
2731 1810 3090 1879 frequentius
3109 1810 3504 1874 stimulantur,
3532 1808 3651 1862 imo
3674 1821 3786 1862 na-

2066 1899 2330 1959 turalius.
2363 1913 2541 1969 quam
2589 1898 2921 1969 cupiditate,
2952 1905 3007 1952 et
3036 1897 3297 1952 comedas
3331 1897 3540 1952 herbas
3570 1905 3781 1962 terrae,

2063 1989 2201 2058 quia
2258 1987 2452 2044 molles
2511 1995 2567 2043 et
2623 1987 2865 2042 lascivas
2928 1984 3300 2056 cogitationes
3362 1993 3417 2041 et
3475 1984 3780 2041 desideria

2062 2077 2255 2132 carnis
2303 2084 2417 2133 tute
2464 2075 2697 2146 patieris
2727 2081 3023 2144 gratanter
3070 2073 3351 2143 excipere,
3406 2074 3539 2143 ipsis
3572 2071 3777 2143 ‘quasi

2068 2165 2277 2235 pabulo
2310 2173 2362 2220 te
2393 2165 2598 2219 fOVere.

2139 2254 2308 2311 Vnus.
2346 2255 2430 2307 l9.
2462 2284 2530 2292 -—
2557 2243 2849 2307 In'sudore
2889 2252 3073 2305 vultus
3104 2253 3186 2304 tui
3213 2252 3443 2305 vesceris
3476 2266 3622 2320 pane
3651 2255 3771 2304 tuo.

2065 2343 2323 2399 Percutis
2375 2355 2544 2411 poros
2601 2341 2674 2396 ab
2728 2340 2965 2395 internis
3010 2339 3187 2394 sudor
3245 2347 3493 2394 emanat.
3548 2338 3777 2395 Vultus

2061 2440 2254 2488 autem
2285 2446 2319 2486 a
2346 2430 2638 2486 voluntate
2665 2429 2898 2495 dicitur,
2935 2428 3075 2499 quia
3113 2427 3168 2483 in
3201 2428 3367 2482 vultu
3400 2426 3772 2497 potissimum

2064 2520 2334 2575 voluntas
2366 2519 2671 2589 cogitantis
2702 2505 2961 2587 apparet.
2993 2517 3057 2571 In
3102 2515 3310 2571 sudore
3341 2516 3533 2585 itaque
3560 2514 3776 2570 vultus

2063 2623 2267 2678 panem
2312 2608 2684 2673 comedimus,
2724 2604 2957 2677 quando
2987 2605 3058 2660 ab
3088 2603 3295 2659 animae
3334 2601 3574 2659 occultis
3603 2602 3775 2658 omni

2065 2697 2430 2753 voluntatum
2488 2696 2772 2751 exhausta
2830 2694 3080 2760 mollitie,
3144 2700 3200 2748 et
3255 2692 3385 2748 inde
3437 2691 3585 2759 lota,
3642 2705 3771 2760 qua

2064 2787 2245 2843 Deum
2286 2784 2589 2840 videamus
2615 2783 2778 2844 facie.
2826 2782 2930 2852 qui
2960 2782 3030 2837 de
3061 2780 3200 2836 cmlo
3235 2779 3542 2846 descendit,
3576 2780 3773 2834 vesci-

263 2872 396 2919 tuos.
422 2866 763 2935 Multiplices
781 2865 1409 2935 terumnaspatiturqui
1435 2864 1649 2921 bonum
1667 2879 1793 2935 qum

2244 2874 2594 2929 intrinsecus
2625 2886 2793 2942 pane.
2828 2873 3000 2924 Donec
3031 2871 3324 2924 revertaris
3354 2870 3410 2921 in
3439 2874 3661 2930 terram,
3698 2866 3773 2919 de

260 2953 465 3009 debere
501 2953 653 3009 videt
681 2961 735 3009 et
766 2952 949 3008 facere
998 2952 1168 3013 volet.
1208 2953 1451 3008 vanitati
1496 2952 1795 3021 subjectus
1823 2951 1953 3006 velit

261 3042 422 3107 nolit,
493 3042 649 3112 quod
712 3041 995 3097 desiderat
1056 3041 1300 3104 efﬁcere,
1369 3040 1592 3097 mortali
1659 3040 1957 3096 obscessus

259 3130 582 3186 conditione
611 3145 727 3185 non
776 3130 945 3186 valet.
991 3130 1154 3186 Unde
1200 3144 1400 3185 unus:
1432 3131 1600 3185 Miser
1637 3144 1730 3194 ego
1780 3130 1952 3197 homo,

260 3222 383 3286 quis
416 3234 497 3272 me
531 3218 785 3272 liberabit
833 3218 899 3271 de
926 3233 1148 3287 corpore
1187 3221 1376 3273 mortis
1410 3217 1614 3288 hujus?
1642 3218 1817 3280 (Rom.
1853 3232 1949 3285 vn,

262 3307 375 3377 ‘24.)
428 3306 628 3361 Melius
676 3306 737 3361 id
779 3306 1127 3375 experiendo
1165 3306 1398 3374 dicitur,
1459 3320 1638 3377 quam
1694 3306 1948 3361 dicendo.

259 3395 577 3465 Conceptus
640 3395 1118 3464 multiplicantur,
1172 3396 1267 3451 sed
1327 3395 1387 3451 in
1438 3395 1631 3451 dolore
1697 3394 1796 3450 filii
1852 3408 1950 3464 pa-

259 3484 517 3550 riuntur,
558 3483 792 3553 quando
826 3483 944 3552 ipsa
977 3483 1200 3539 tantilla
1226 3483 1375 3540 bona
1402 3484 1524 3539 sine
1555 3497 1767 3555 magna
1794 3484 1952 3554 cogi-

258 3573 538 3630 tationum
583 3573 1001 3630 concertatione
1029 3589 1143 3630 non
1176 3576 1569 3646 proponimus,
1599 3584 1653 3632 et
1682 3576 1953 3632 destituta

257 3662 451 3718 carnis
505 3663 847 3732 impulsibus
878 3678 1010 3719 cum
1051 3663 1245 3720 labore
1296 3666 1651 3735 reponimus,
1701 3665 1795 3721 sed
1848 3664 1950 3720 etsi

256 3763 388 3804 cum
418 3749 617 3819 aliqua
647 3750 1126 3807 delectatiuncula
1151 3752 1437 3821 spirituali
1465 3752 1792 3821 incipimus,
1820 3750 1951 3820 quis

255 3835 460 3903 edicat,
494 3852 610 3907 quo
657 3838 852 3893 dolore
879 3845 934 3894 et
966 3838 1212 3893 clamore
1264 3838 1569 3907 parimus?
1597 3839 1700 3894 Sed
1735 3839 1857 3893 hmo
1903 3837 1948 3892 si

259 3924 449 3994 partui
491 3925 862 3995 primumque
890 3927 1188 3994 conoeptui
1219 3925 1481 3982 sufﬁcere
1509 3926 1685 3997 cupit,
1718 3927 1817 3981 sub
1840 3928 1953 3979 viri

251 4016 534 4082 potestate,
569 4011 625 4067 id
666 4021 749 4067 est
778 4012 1033 4081 rationis,
1071 4020 1264 4081 utpote
1302 4014 1619 4084 disciplinae
1662 4013 1946 4084 indigens,

256 4113 485 4155 necesse
531 4108 633 4165 est,
668 4107 732 4156 ut
781 4101 871 4166 sit,
903 4100 1072 4171 cujus
1112 4100 1323 4157 damno
1364 4101 1641 4172 juvenilis
1679 4102 1944 4172 quaedam

257 4187 491 4243 lascivia
520 4187 885 4243 voluntatum
916 4188 1167 4245 cohiberi
1202 4190 1378 4259 possit
1413 4204 1425 4244 :
1457 4204 1662 4246 verum
1691 4204 1763 4246 ne
1793 4204 1949 4247 men-

257 4274 479 4344 tisipsa
529 4272 938 4346 principalitas,
980 4292 1112 4347 quae
1159 4277 1342 4333 obniti
1385 4278 1583 4335 debuit
1620 4278 1950 4348 cupiditatis

255 4364 602 4429 excessibus,
658 4364 934 4421 immunis
962 4364 1164 4433 abiret,
1214 4365 1399 4423 Adam
1447 4367 1556 4423 sub
1590 4367 1779 4439 figura
1823 4369 1951 4439 ejus

256 4451 545 4522 arguitur.

328 4540 499 4597 Vnus.
535 4544 619 4606 Π,
656 4543 737 4594 18.
771 4569 841 4581 -
872 4541 1035 4607 Quia,
1071 4541 1281 4611 inquit,
1314 4541 1526 4596 audisti
1556 4558 1732 4598 vocem
1761 4547 1949 4600 uxoris

255 4633 359 4681 tum
395 4643 407 4680 :
444 4626 497 4682 id
528 4635 631 4695 est,
686 4627 828 4697 quia
866 4628 967 4698 qui
1014 4627 1221 4698 subjici
1255 4628 1353 4685 tibi
1407 4629 1684 4686 debuerat
1732 4645 1950 4701 pravus

257 4725 357 4772 tuo
404 4717 558 4772 cordi
613 4717 901 4787 appetitus
950 4717 1222 4785 intinniit,
1274 4726 1329 4773 et
1359 4718 1497 4788 jura
1549 4733 1674 4775 mea
1733 4721 1948 4790 peccati

255 4804 598 4860 admissione
646 4804 943 4875 praeteriit,
978 4811 1122 4860 terra
1172 4808 1231 4860 in
1260 4822 1416 4876 opere
1461 4813 1550 4861 tuo
1590 4808 1950 4865 maledicitur

257 4894 394 4962 quia
442 4894 649 4949 mentis
681 4902 792 4949 ture
838 4894 1137 4961 stabilitas,
1171 4909 1301 4965 quae
1346 4895 1442 4950 Dei
1480 4896 1839 4966 agricultura
1867 4905 1949 4952 est

250 4980 420 5049 juxta
471 4983 803 5050 Apostolum
854 4984 927 5053 ((1
973 4984 1103 5037 Cor.
1154 4998 1234 5049 ιιι,
1285 4983 1365 5051 9),
1397 4996 1431 5038 a
1478 4984 1621 5040 bene
1673 4985 1946 5052 operandi

254 5069 451 5123 studia
490 5070 734 5125 defcctui
778 5071 1246 5141 nutabilitatique
1275 5072 1531 5143 subjecta
1576 5073 1944 5143 praepeditur.

254 5156 430 5211 Terra
478 5158 653 5225 enim,
702 5158 843 5229 quia
886 5160 1104 5215 caeteris
1148 5159 1388 5216 solidius
1442 5159 1787 5216 elementum
1840 5168 1943 5228 est,

256 5258 358 5315 pro
410 5244 716 5301 stab‘litate
773 5247 1029 5316 ponitur.
1092 5250 1151 5302 in
1206 5248 1482 5303 laboribus
1538 5248 1773 5303 comcdes
1828 5265 1946 5304 eam

255 5336 459 5388 cunctis
505 5334 694 5388 diebus
738 5337 865 5389 vita
903 5340 1024 5391 tua.
1058 5336 1291 5393 Terram
1338 5349 1469 5392 cum
1515 5334 1708 5392 labore
1753 5351 1945 5393 come-

254 5419 463 5488 dimus,
511 5434 643 5478 cum
690 5420 886 5478 animo
932 5435 967 5478 a
998 5435 1105 5479 sua
1135 5422 1451 5480 mobilitate
1498 5423 1568 5479 ad
1602 5423 1801 5480 horam
1850 5437 1945 5481 re-

2067 2979 2175 3031 qua
2206 2967 2452 3032 sumptus
2483 2977 2555 3016 es.
2603 2961 2740 3016 Pani
2774 2960 2853 3015 illi
2894 2958 3172 3014 vescendo
3204 2957 3573 3020 intendimus,
3618 2955 3765 3010 dum

2065 3053 2123 3107 in
2174 3059 2407 3118 terram,
2458 3049 2832 3106 stabilitatem
2878 3048 3090 3104 scilicet
3139 3059 3207 3100 ac
3249 3044 3766 3114 impassibilitatem

2067 3141 2219 3196 illam
2267 3139 2745 3210 supercoalestem,
2779 3137 3102 3203 redeamus,
3133 3134 3202 3190 de
3240 3148 3357 3204 quo
3387 3132 3516 3188 dolo
3547 3131 3764 3187 diaboli

2064 3229 2135 3285 ad
2168 3227 2409 3284 luendas
2461 3225 2722 3283 miserias
2750 3224 2964 3294 sumpti
3015 3236 3236 3279 sumus.
3274 3221 3461 3277 Potest
3510 3220 3675 3290 panis
3702 3227 3765 3275 et

2064 3315 2176 3370 alio
2225 3314 2403 3383 accipi
2439 3328 2542 3384 pro
2586 3311 2949 3383 perfectionis
2995 3309 3182 3365 modo.
3235 3308 3433 3365 Pulvis
3477 3308 3759 3371 triticeus,

2062 3404 2161 3474 qui
2192 3403 2377 3457 farina
2403 3401 2633 3466 dicitur,
2662 3413 2817 3471 aqua
2848 3398 3274 3469 conspergitur,
3311 3397 3494 3453 multo
3525 3402 3761 3451 versam

2062 3491 2135 3547 ad
2180 3490 2453 3547 duritiam
2511 3502 2699 3545 massa
2728 3488 3052 3554 deducitur,
3108 3485 3336 3542 admoto
3385 3484 3593 3541 dehinc
3634 3482 3758 3555 igni

2060 3579 2243 3635 sudus
2272 3577 2343 3634 ad
2380 3578 2669 3649 integrum
2704 3576 2866 3647 panis
2894 3574 3141 3631 efficitur
3173 3590 3185 3629 :
3220 3574 3299 3630 ita
3330 3587 3432 3629 nos
3460 3571 3758 3643 quondam

2060 3668 2134 3724 ad
2163 3681 2388 3724 omnem
2435 3665 2710 3723 daemonis
2749 3664 2950 3720 flatum
2995 3662 3283 3720 cessibiles
3311 3670 3377 3718 ut
3406 3659 3594 3731 pulvis
3619 3673 3754 3715 era-

2061 3768 2208 3820 mus,
2259 3752 2437 3808 divini
2491 3752 2737 3823 Spiritus
2786 3753 2946 3808 unda
2999 3749 3172 3807 infusi
3214 3763 3436 3814 sumus,
3471 3747 3566 3803 sed
3616 3746 3762 3816 quia

2061 3841 2375 3912 primordia
2417 3849 2613 3896 nostra
2643 3848 2844 3895 tenera
2874 3853 2941 3895 ac
2973 3838 3155 3894 ﬂuida
3196 3845 3351 3904 sunt,
3385 3834 3599 3892 crebris
3639 3842 3763 3890 ten-

2059 3929 2338 3986 tationum
2361 3928 2818 3984 revolutionibus
2848 3926 3239 3990 induruimus,
3264 3925 3497 3981 demum
3532 3923 3758 3980 trituris

2059 4017 2391 4087 passionum
2424 4016 2495 4072 ad
2529 4030 2746 4086 purum
2773 4016 2946 4072 corda
2973 4014 3433 4086 excoquentibus
3464 4012 3621 4083 digni
3650 4025 3757 4068 esu

2058 4104 2335 4172 ﬁdelium,
2371 4104 2424 4160 id
2458 4112 2541 4161 est
2569 4104 2832 4175 exemplo
2868 4104 3094 4160 tandem
3140 4102 3442 4160 efﬁcimur.
3475 4103 3614 4158 Cum
3659 4114 3759 4156 su-

1993 4192 2197 4250 Ddore
2253 4208 2390 4266 ergo
2424 4194 2494 4250 ad
2545 4193 2703 4249 hunc
2751 4192 3134 4263 pertingimus
3190 4204 3419 4261 panem.
3475 4189 3654 4244 Pulvis
3692 4204 3752 4243 es
3848 4216 3849 4225 ι

2057 4281 2230 4348 enim,
2285 4285 2337 4336 et
2386 4282 2444 4336 in
2481 4281 2758 4351 pulverem
2814 4281 3116 4334 reverteris.
3165 4278 3308 4334 Cum
3365 4275 3600 4332 mobiles
3644 4288 3749 4330 na-

2057 4370 2322 4427 turaliter
2388 4368 2443 4425 in
2507 4383 2722 4425 morem
2788 4367 3044 4437 pulveris
3089 4367 3292 4433 simus,
3354 4364 3400 4421 si
3467 4364 3539 4419 ad
3594 4363 3745 4419 hunc

2056 4456 2569 4514 consummationis
2596 4470 2821 4526 panem,
2850 4454 2938 4512 vel
2959 4462 3169 4512 terram
3202 4452 3539 4510 substantiae
3567 4452 3741 4508 redire

2056 4545 2394 4616 satagimus,
2447 4559 2681 4601 necesse
2719 4551 2801 4601 est
2832 4550 2895 4599 ut
2938 4544 2997 4599 in
3027 4542 3324 4613 pulverem
3368 4547 3739 4605 revertamur,

2058 4633 2113 4689 id
2192 4641 2277 4689 est
2336 4639 2659 4703 peccatores
2717 4645 2822 4687 nos
2898 4631 3295 4687 conﬁteamur.
3355 4631 3603 4695 Auferes,
3665 4630 3741 4684 ait

2059 4720 2339 4787 Psalmus,
2388 4722 2647 4789 spiritum
2687 4735 2889 4784 eorum,
2920 4725 2970 4773 et
3000 4723 3057 4773 in
3080 4722 3351 4790 pulverem
3383 4732 3537 4772 suum
3572 4732 3738 4769 rever-

2057 4812 2238 4861 tentur
2286 4808 2450 4875 (Psal.
2511 4823 2624 4872 ειη,
2674 4808 2791 4874 29).
2852 4806 3008 4863 Suda
3052 4821 3188 4877 ergo
3244 4806 3389 4862 facta
3447 4804 3520 4859 ab
3566 4805 3741 4860 omnis

2058 4893 2178 4949 vitii
2210 4894 2453 4949 humore
2500 4900 2698 4949 nostra
2739 4893 3056 4960 voluntate,
3089 4894 3254 4963 quasi
3307 4891 3515 4947 sudore
3553 4890 3741 4946 vultus

2057 4982 2128 5038 ad
2156 4982 2336 5052 hujus
2376 4982 2541 5051 panis'
2571 4989 2806 5052 gustum
2843 4981 2932 5038 vel
2972 4980 3337 5037 existentiam
3369 4979 3734 5048 deducimur;

2056 5071 2126 5127 ad
2158 5084 2374 5141 aquosa
2404 5071 2558 5126 enim
2587 5071 2710 5125 loca
2739 5070 3091 5140 septemplex
3134 5069 3372 5138 spiritus
3403 5067 3732 5137 ingreditur.

2126 5159 2299 5217 Vnus.
2333 5159 2418 5213 20.
2464 5188 2533 5199 —
2582 5161 2652 5213 Et
2698 5162 2912 5213 vocavit
2958 5158 3145 5213 Adam
3188 5172 3376 5211 nomen
3419 5158 3606 5209 umoris
3633 5170 3736 5211 suae

2054 5251 2190 5315 Eva,
2222 5263 2279 5302 eo
2310 5247 2456 5316 quod
2493 5254 2626 5302 esset
2657 5253 2833 5301 mater
2856 5248 3093 5301 omnium
3129 5248 3445 5301 viventium.
3483 5242 3563 5298 Ad
3591 5243 3733 5301 hunc

2055 5335 2248 5407 itaque
2294 5345 2509 5394 statum
2540 5337 2817 5406 correptis
2858 5334 3136 5403 moribus,
3177 5333 3297 5404 jam
3330 5341 3523 5389 noster
3563 5331 3728 5388 Adam

2055 5436 2261 5481 nomen
2292 5425 2492 5482 uxoris
2519 5425 2723 5491 Evam,
2762 5423 2818 5480 id
2849 5429 2933 5480 est
2961 5430 3114 5479 certa
3153 5420 3514 5489 discretione,
3542 5418 3725 5487 vitam,
