3874 6048
46 244 98 293 ἷῖ
1209 235 1581 291 MORALIUM
1619 236 1687 290 IN
1727 234 2019 291 GENESIN
2064 235 2192 290 LIB.
2237 236 2301 289 ll.
3469 238 3535 290 78

43 371 392 427 voluntatem
420 371 635 428 scilicet
655 369 828 442 justas
874 368 1083 425 rationi
1132 368 1466 440 subjectam,
1503 376 1558 425 et
1598 366 1732 425 boni
1772 373 1817 425 Α
1846 361 2041 440 Ejecto
2098 368 2293 440 itaque
2352 368 2539 426 Adam
2583 369 2658 426 ab
2710 369 2810 426 illa
2857 370 3175 427 innocentis
3216 371 3540 428 sinceritate

41 460 222 515 tractu
268 460 460 530 operis
500 459 622 530 jam
686 472 759 515 ex
824 458 946 529 ipsa
998 458 1350 530 subjectione
1397 456 1731 525 fecundam;

36 549 146 604 sine
174 548 335 604 bona
364 549 522 603 enim
570 548 864 603 voluntate
912 546 1075 602 nulla
1119 547 1268 602 bona
1298 561 1431 617 quae
1479 546 1736 617 gerimus

35 637 239 692 habent
290 636 491 692 vitam.
540 637 673 706 Ipsa
710 650 963 705 namque
993 637 1204 691 nostris
1227 635 1502 691 vitalibus
1529 633 1736 690 studiis

32 726 335 781 exordium
404 725 709 791 ministrat,
759 730 832 791 et,
888 731 951 780 ut
998 722 1077 779 ita
1122 722 1388 792 dixerim,
1454 723 1731 778 animam.

35 814 145 869 Eva
164 814 592 884 interpretatur
616 813 757 872 vita.
791 827 923 883 qua:
947 812 993 868 si
1021 812 1166 868 bene
1187 812 1411 883 geritur
1436 825 1469 867 a
1491 811 1731 878 ratione,

37 902 136 956 Deo
159 901 459 971 siquidem
494 901 749 971 primum
791 900 1013 956 ratione
1051 899 1305 956 subnixa
1333 898 1573 970 spiritus
1602 898 1733 955 vitae

35 998 106 1044 est
132 989 369 1045 cunctis
397 989 623 1045 actibus
651 988 1028 1059 sequentibus
1056 987 1199 1058 ipsa.

95 1082 194 1131 34
227 1076 408 1134 Vsus.
440 1079 529 1131 2|.
559 1105 629 1117 —
657 1077 808 1132 Fecit
839 1091 1049 1145 quoque
1081 1077 1339 1131 Dominus
1364 1078 1507 1131 Deus
1530 1074 1666 1129 Adae
1685 1079 1735 1129 et

35 1168 196 1219 uxori
225 1164 347 1234 ejus
389 1167 600 1220 tunicas
641 1163 908 1234 pelticeas,
948 1170 999 1219 et
1032 1163 1217 1219 induit
1241 1178 1345 1218 eos.
1379 1164 1529 1219 Dum
1560 1163 1737 1233 igitur

35 1254 291 1309 ordinem
329 1268 503 1325 quem
554 1253 914 1324 przetulimus
946 1252 1003 1307 in
1036 1251 1323 1309 interioris
1351 1251 1601 1307 hominis
1631 1252 1734 1307 ha-

37 1344 170 1405 bitu.
240 1356 499 1413 quaeque
559 1349 856 1398 sectantur
921 1355 1020 1410 per
1064 1340 1373 1396 vehemens
1414 1340 1735 1396 sanctitatis

37 1429 396 1496 exercitium,
425 1444 540 1485 non
564 1428 752 1485 solum
782 1428 986 1499 prioris
1012 1428 1210 1498 gratiae
1241 1427 1437 1496 recipit
1463 1429 1733 1498 gradum,

38 1518 119 1573 sed
145 1519 329 1573 etiam
370 1518 777 1574 indumentum
827 1524 1082 1573 meretur
1109 1514 1430 1586 pelliceum,
1464 1516 1519 1570 id
1563 1524 1648 1572 est
1676 1517 1733 1573 in

40 1606 364 1675 passibilem
445 1606 660 1675 peccati
740 1605 1092 1671 memoriam,
1149 1612 1204 1660 et
1256 1611 1380 1674 post
1433 1604 1658 1674 lapsum
1716 1620 1729 1658 :

38 1696 167 1750 facta
211 1709 358 1750 sane
414 1695 628 1764 peccati
672 1694 1025 1764 experientia
1070 1693 1148 1748 nil
1194 1693 1380 1765 magis
1436 1693 1734 1749 molestare

39 1783 291 1839 animum
323 1783 483 1850 solet,
513 1797 692 1853 quam
721 1782 847 1852 ejus
872 1781 1168 1838 memoria.
1220 1781 1325 1838 Sed
1371 1782 1418 1837 si
1461 1782 1583 1837 haec
1611 1781 1734 1836 sine

39 1871 293 1926 desiderii
325 1871 590 1940 passione
636 1871 957 1942 contigerit,
1010 1885 1124 1926 non
1174 1870 1360 1927 solum
1388 1884 1505 1927 non
1536 1869 1731 1937 ofﬁcit,

40 1959 122 2015 sed
184 1960 369 2015 etiam
419 1959 491 2014 ad
552 1958 1050 2029 compunctionem
1101 1958 1277 2014 nimis
1334 1959 1736 2029 cautelamque

42 2041 271 2112 proﬁcit.
310 2042 376 2097 In
404 2042 603 2097 tunica
646 2042 884 2112 pellicea
926 2043 1146 2097 corium
1198 2055 1332 2098 cum
1362 2041 1569 2098 vellere
1614 2055 1736 2097 esse

40 2131 352 2187 consuevit.
406 2130 472 2185 In
520 2130 675 2186 corio
723 2129 918 2201 itaque
963 2130 1238 2186 memoria
1281 2129 1493 2186 mortui
1524 2128 1733 2199 operis,

44 2221 90 2274 in
115 2219 333 2275 vellere
360 2217 679 2275 insensibili
718 2217 904 2274 virtus
934 2218 1277 2289 intelligitur
1305 2217 1736 2287 impassibilita-

44 2309 120 2370 iis.
150 2306 377 2378 quibus
407 2321 510 2378 pro
558 2306 760 2362 merito
790 2306 1229 2376 perseverantiae
1258 2305 1577 2362 intellectus
1601 2319 1737 2362 mu-

43 2397 187 2452 nitur
216 2409 353 2451 cum
384 2394 637 2451 secunda
668 2393 979 2450 voluntate.

97 2484 277 2541 Vens.
346 2486 436 2537 22.
488 2512 552 2523 —
584 2485 655 2538 Et
699 2486 779 2537 ait
816 2501 834 2539 :
876 2485 1010 2538 Ecce
1053 2482 1237 2537 Adam
1283 2484 1446 2552 quasi
1482 2496 1622 2536 unus
1669 2497 1737 2536 ea:

38 2572 180 2626 nobis
203 2574 393 2638 factus
437 2574 538 2632 est,
585 2572 755 2625 sciens
797 2570 991 2624 bonum
1020 2573 1071 2623 et
1115 2570 1339 2624 malum.
1384 2597 1444 2611 -
1489 2569 1593 2635 Qui
1629 2567 1738 2622 ad-

39 2664 192 2714 haret
236 2662 468 2715 Domino
528 2673 667 2713 unus
716 2660 947 2727 spiritus
1013 2661 1108 2718 est,
1172 2657 1346 2728 juxta
1396 2656 1736 2727 Apostolnm

40 2751 77 2802 ’l
101 2750 223 2805 Cor.
259 2763 339 2815 vr,
394 2748 500 2816 l7).
546 2747 702 2805 Licet
742 2747 923 2819 igitur
970 2761 1089 2802 non
1146 2760 1250 2802 nos
1298 2746 1610 2803 debeamus
1656 2745 1738 2801 si-

41 2852 164 2893 nere
193 2836 386 2892 delabi
418 2835 477 2891 in
505 2835 744 2904 malum,
783 2844 971 2892 tamen
1000 2834 1068 2891 de
1112 2849 1229 2905 quo
1255 2834 1542 2906 quomodo
1568 2834 1740 2905 lapsis

1843 456 2042 522 animi,
2089 466 2221 513 ante
2260 458 2611 527 paradisum,
2665 457 2721 514 id
2767 465 2853 515 est
2889 458 3251 515 conscientia;
3280 459 3539 517 conside-

1843 547 2144 611 rationem,
2209 545 2521 602 Cberubim
2590 547 2923 615 collocatur,
2973 548 3129 617 quod
3184 550 3540 603 vermiculata

1840 636 2084 704 pictura,
2114 633 2200 688 vel
2246 635 2411 702 quasi
2428 635 2633 704 plures,
2661 634 2750 690 vel
2779 635 3070 689 multitudo
3098 638 3340 690 scientia
3370 637 3541 692 inter-

1844 728 2121 791 pretatur.
2177 720 2539 777 Vermiculus
2572 727 2627 778 et
2672 728 2884 778 natura
2932 723 3122 791 rubet,
3169 730 3225 779 et
3268 723 3541 794 quaslibet

1843 808 2121 864 rubricat.
2172 808 2401 865 Pictura
2438 823 2576 866 vero
2605 810 2839 881 signum
2886 818 2989 878 est,
3023 825 3139 867 non
3170 812 3403 867 veritas.
3436 812 3543 867 Per

1842 888 2226 953 vermiculum
2273 896 2485 968 itaque,
2519 897 2623 968 qui
2662 905 2747 954 est
2802 898 2987 954 colore
3028 899 3367 969 sanguineo,
3404 913 3540 968 pec-

1841 992 2033 1041 catum
2084 986 2323 1055 figurari
2365 992 2565 1054 potest,
2616 1000 2732 1056 quo
2775 986 2966 1042 iniecti
3009 1002 3232 1055 sumus,
3296 996 3352 1044 et
3399 988 3543 1043 alios

1844 1073 2162 1129 infecimus.
2211 1072 2315 1129 Cui
2358 1074 2643 1145 Propheta
2671 1075 2920 1131 concinit
2950 1091 2963 1129 :
2997 1077 3058 1131 Si
3082 1080 3295 1142 fuerint
3320 1080 3541 1145 peccata

1842 1166 2023 1215 vestra
2069 1161 2239 1215 rubra
2289 1164 2451 1230 quasi
2493 1163 2839 1226 vermiculus,
2890 1163 3036 1216 velut
3065 1164 3195 1217 lana
3224 1164 3353 1217 alba
3383 1168 3543 1217 erunt

1842 1250 1974 1318 (Isa.
2026 1264 2062 1315 i,
2124 1252 2229 1316 18).
2286 1249 2393 1304 Per
2436 1249 2723 1318 picturam
2764 1257 3128 1319 peccatorum
3158 1260 3543 1320 repraesenta-

1843 1341 2073 1405 tiouem,
2123 1352 2254 1408 quae
2303 1337 2645 1405 memoriter,
2678 1352 2794 1393 non
2839 1338 3121 1393 veraciter
3150 1338 3316 1394 nobis
3359 1340 3543 1395 inesse

1843 1426 2027 1493 debet,
2063 1426 2218 1497 quod
2242 1432 2425 1482 totum
2454 1434 2539 1482 est
2585 1425 2872 1482 malorum
2908 1441 3040 1496 quae
3068 1427 3294 1496 egimus
3337 1426 3540 1498 imagi-

1843 1514 2124 1580 nationes,
2173 1513 2289 1569 imo
2336 1514 2757 1570 recordationes
2805 1528 2908 1584 per
2952 1513 3297 1570 humilitatis
3345 1528 3543 1585 respe-

1844 1610 2001 1658 ctum
2031 1602 2195 1658 nobis
2225 1601 2430 1657 debere
2456 1616 2683 1671 semper
2713 1602 2915 1657 inesse.
2963 1602 3033 1656 Et
3063 1603 3229 1672 quasi
3261 1603 3330 1658 de
3361 1603 3544 1672 pluri-

1776 1667 1814 1721 Β
1845 1692 1970 1757 bus,
2000 1690 2112 1747 imo
2160 1692 2327 1760 quasi
2354 1690 2546 1760 plures
2590 1705 2704 1745 non
2742 1699 2933 1747 tamen
2986 1667 3186 1746 revera
3232 1706 3336 1746 nos
3361 1667 3544 1761 pute-

1845 1793 2002 1849 mus;
2052 1779 2121 1835 de
2170 1778 2260 1834 his
2300 1779 2577 1845 videlicet,
2628 1778 2733 1848 qui
2777 1779 3143 1849 multiplicati
3192 1786 3328 1836 sunt
3367 1793 3544 1849 super

1845 1881 2178 1937 numerum,
2226 1874 2292 1924 ut
2337 1867 2420 1922 sic
2463 1881 2779 1937 speremus,
2831 1875 3120 1937 quatenus
3172 1866 3292 1923 sine
3339 1866 3543 1923 timore

1843 1969 1961 2011 non
2002 1956 2201 2012 simus.
2255 1955 2386 2013 ideo
2447 1956 2681 2025 ponitur
2748 1955 2993 2024 pictura,
3058 1956 3183 2012 ideo
3252 1956 3419 2025 quasi
3479 1965 3546 2013 ut

1845 2052 2119 2100 neutrum
2177 2043 2301 2100 sine
2348 2044 2527 2099 altero
2574 2043 2666 2110 sit,
2726 2051 2791 2100 ut
2836 2043 3086 2100 timendo
3129 2058 3446 2115 speremus,
3490 2054 3546 2102 et

1843 2133 2124 2203 sperando
2156 2132 2479 2189 timeamus.
2528 2132 2690 2189 Unde
2713 2131 2834 2203 jam
2886 2135 3086 2189 merito
3129 2134 3251 2190 haec
3280 2134 3547 2204 sequitur

1844 2220 2154 2278 multitudo
2200 2220 2469 2287 scientiae,
2521 2220 2579 2276 id
2623 2228 2709 2276 est
2758 2220 3136 2288 discretionis,
3186 2230 3251 2278 ut
3300 2237 3404 2278 nos
3444 2235 3545 2292 per

1844 2309 2089 2366 virtutes
2134 2322 2169 2364 a
2200 2307 2351 2365 vitiis
2390 2308 2769 2378 disparemus.
2800 2307 2962 2374 Quod
3015 2309 3096 2365 ita
3137 2309 3540 2365 connectitur:

1845 2397 2156 2455 criminum
2182 2411 2314 2467 quae
2338 2395 2731 2452 commisimus
2749 2410 2974 2466 semper
2992 2411 3290 2465 memores,
3315 2397 3548 2468 quibus

1845 2501 1960 2558 que
1991 2484 2133 2541 alios
2152 2485 2538 2555 corrupimus,
2567 2484 2767 2541 timere
2795 2484 3072 2541 debemus
3100 2500 3171 2541 ne
3198 2500 3313 2542 non
3339 2486 3408 2541 ad
3441 2500 3547 2541 nu-

1847 2588 2070 2632 merum
2113 2573 2443 2638 electorum,
2494 2572 2649 2644 quod
2696 2580 2781 2629 est
2810 2572 2978 2643 quasi
3009 2573 3222 2643 plures,
3257 2574 3544 2643 pertinea—

1846 2678 1994 2730 mus,
2027 2671 2082 2719 et
2115 2661 2325 2718 idcirco
2354 2662 2424 2717 ad
2455 2661 2858 2717 discernendos
2899 2675 2933 2716 a
2977 2660 3143 2716 malis
3189 2675 3294 2717 nos
3322 2662 3547 2718 actibus

1847 2752 2152 2823 invigilare
2217 2751 2522 2819 debemus;
2589 2750 2745 2806 unde
2787 2756 2843 2805 et
2908 2748 3239 2805 ﬂammeum
3286 2749 3543 2820 gladium

1848 2847 2023 2910 atque
2079 2838 2405 2895 versatilem
2450 2845 2767 2894 teneamus.
2811 2835 3051 2892 Gladius
3097 2849 3228 2890 cum
3278 2842 3429 2891 recte
3473 2834 3545 2889 ad

42 2926 77 2980 εἰ
105 2932 442 2981 constanter
490 2924 946 2995 Dmniluel‘imus.
983 2923 1120 2979 die“
1157 2924 1327 2990 Deus,
1376 2937 1503 2979 ecce
1551 2923 1733 2978 Adam
1777 2961 1818 3015 ο
1849 2928 2169 2984 feriendum
2235 2933 2482 2993 tenetur,
2539 2924 2817 2994 utrinque
2862 2937 3105 2979 acumen
3149 2923 3321 2979 habet
3362 2922 3422 2978 in
3466 2922 3545 2978 fe-

39 3014 222 3083 quasi,
252 3013 315 3068 id
342 3020 448 3077 est,
479 3026 685 3069 revera
716 3026 870 3069 unus
896 3026 970 3069 ex
997 3012 1090 3067 his
1119 3012 1219 3082 qui
1250 3011 1388 3068 mihi
1416 3011 1739 3082 specialiter
1786 3010 1817 3015 '
1845 3016 2104 3080 rientem,
2154 3021 2210 3070 et
2250 3014 2309 3068 in
2350 3027 2484 3069 eum
2535 3011 2637 3082 qui
2668 3011 2890 3079 feritur,
2924 3026 3026 3081 per
3064 3011 3218 3081 quod
3266 3010 3548 3081 accipitur

40 3103 324 3158 inhaerent
368 3115 437 3158 ac
497 3100 806 3169 uniuntur,
851 3100 1036 3157 factus
1096 3107 1201 3167 est,
1267 3100 1371 3171 qui
1419 3100 1491 3156 ad
1540 3113 1735 3155 veram

41 3191 167 3246 boni
195 3189 586 3261 cognitionem
618 3203 721 3259 per
759 3188 1177 3259 experientiam
1228 3187 1362 3243 mali
1403 3187 1622 3259 attigit;
1673 3194 1739 3243 ut

41 3277 464 3348 quodammodo
490 3291 596 3334 nec
622 3277 781 3343 velit,
818 3283 1105 3348 quantum
1132 3276 1189 3331 in
1220 3276 1451 3333 homine
1470 3283 1574 3343 est,
1602 3290 1739 3345 pec-

40 3381 183 3433 care,
216 3381 328 3422 nec
356 3366 551 3437 possit.
599 3365 856 3422 Solemus
897 3364 1052 3421 enim
1082 3365 1153 3421 de
1181 3379 1242 3421 re
1280 3379 1459 3436 quam
1489 3364 1738 3421 multum

44 3455 333 3522 nolumus,
403 3453 592 3510 dicere
654 3470 668 3508 :
734 3453 857 3509 Non
920 3467 1151 3523 possum
1221 3453 1328 3509 hoc
1389 3451 1596 3509 facere.
1671 3452 1741 3507 Et

41 3543 343 3599 abundant
398 3542 664 3612 exempla
738 3541 876 3598 satis
943 3541 1202 3598 fortiores
1277 3540 1505 3611 aliquos
1568 3540 1742 3596 fuisse

42 3639 157 3699 post
222 3644 428 3687 casum
497 3644 674 3701 quam
745 3639 876 3687 ante
933 3628 1170 3686 fuerint.
1235 3629 1429 3700 (Vens.
1500 3630 1614 3695 23.)
1671 3657 1741 3667 —-

38 3721 105 3773 .V'e
162 3721 316 3786 forte
382 3734 508 3787 ergo
564 3723 746 3774 sumat
812 3718 878 3773 de
956 3721 1103 3786 ligno
1179 3720 1304 3773 vite
1370 3723 1421 3773 et
1475 3719 1628 3772 vivat
1683 3720 1741 3771 in

35 3815 318 3867 ztenmm,
393 3809 572 3863 emisit
648 3823 767 3862 eum
836 3809 1091 3862 Dominus
1140 3807 1206 3861 de
1267 3806 1531 3876 paradiso
1581 3806 1738 3859 volu-

37 3900 233 3965 ptatis,
291 3901 356 3951 ut
423 3901 740 3965 operaretur
784 3900 1006 3962 terram,
1068 3895 1134 3949 de
1184 3910 1293 3964 qua
1349 3898 1595 3964 sumptus
1641 3900 1738 3949 est.

43 3985 293 4056 Lignum
341 3983 472 4039 vitae
513 3983 607 4040 hic
636 3984 696 4039 in
740 3983 892 4040 malo
922 3982 1174 4054 positum
1218 3983 1534 4053 accipimus
1562 3982 1746 4039 stulti-

41 4074 176 4128 tiam
236 4071 532 4127 sxecularis
580 4072 890 4138 memoriae,
951 4085 1070 4142 qua
1121 4071 1508 4141 temporaliter
1563 4070 1741 4141 aliqui

40 4158 324 4215 celebrari
378 4158 646 4227 volentes,
691 4158 917 4229 scriptis
965 4158 1141 4229 digna
1188 4172 1358 4229 agere
1395 4156 1741 4219 desiderant,

1846 3118 1988 3160 cura
2016 3102 2194 3158 nostri
2222 3116 2289 3157 ac
2336 3101 2605 3171 proximi,
2650 3109 2713 3156 ut
2741 3114 2872 3155 cum
2917 3100 3107 3155 aliena
3144 3113 3351 3155 curare
3386 3106 3547 3155 sata-

1848 3192 2058 3264 gimus,
2114 3197 2311 3247 nostra
2367 3188 2712 3245 mordaciter
2776 3187 3067 3244 feriamus.
3115 3188 3219 3243 Sed
3270 3187 3328 3242 in
3389 3188 3546 3243 omni

1847 3288 2044 3337 nostra
2071 3278 2292 3335 actione
2329 3276 2710 3334 obstinaciam
2750 3276 3061 3347 fugiamus,
3095 3277 3235 3346 quia
3267 3274 3549 3332 versatilis

1846 3383 1969 3427 esse
1994 3368 2159 3424 debet
2189 3366 2435 3439 gladius,
2488 3364 2755 3422 ﬂexibilis
2800 3366 3014 3420 scilicet
3057 3365 3103 3419 si
3161 3365 3307 3421 ratio
3352 3373 3549 3434 poscat

1846 3464 1902 3514 et
1934 3456 2226 3519 remissus.
2279 3454 2606 3510 Flammeus
2635 3468 2791 3521 vero,
2843 3461 2908 3509 ut
2951 3453 3072 3508 haec
3103 3467 3234 3522 quae
3258 3466 3397 3523 erga
3421 3467 3544 3521 nos,

1846 3551 1903 3600 et
1976 3543 2310 3614 proximum
2375 3541 2649 3612 gerimus,
2716 3542 2978 3597 sincerus
3043 3548 3204 3611 regat
3247 3539 3543 3597 allectus:

1846 3631 2117 3688 omnibus
2170 3644 2309 3687 sane
2367 3629 2665 3685 elementis
2723 3630 2925 3698 purior
2987 3627 3135 3698 ignis
3182 3641 3289 3683 sua
3338 3635 3550 3684 natura

1849 3718 2224 3791 dignoscitur,
2281 3731 2413 3773 cum
2458 3730 2595 3786 ergo
2652 3715 2752 3786 qui
2803 3715 3087 3771 fuerimus
3129 3714 3265 3770 olim
3312 3715 3550 3772 sollicite

1849 3806 2279 3873 attenderimus,
2330 3819 2461 3861 cum
2513 3805 2583 3860 de
2636 3804 2832 3859 futuro
2882 3817 2956 3858 an
3001 3802 3162 3859 electi
3207 3803 3388 3860 simus
3436 3818 3551 3859 non

1850 3895 2047 3951 minus
2102 3892 2576 3964 praecaverimus;
2639 3906 2770 3948 cum
2820 3891 3070 3962 denique
3116 3891 3175 3946 in
3224 3900 3550 3949 nostrorum

1854 3982 2230 4054 temperantia
2268 3995 2509 4051 operum
2549 3979 2978 4036 multitudinem
3011 3980 3259 4037 scientiae
3284 3982 3553 4039 obtinue-

1856 4074 2056 4138 rimus,
2090 4085 2223 4126 cum
2254 4083 2457 4127 curam
2500 4084 2615 4125 non
2649 4069 2843 4125 minus
2875 4069 3040 4125 nobis
3070 4083 3246 4140 quam
3278 4070 3556 4141 proximis

1855 4159 2262 4229 impendimus,
2304 4165 2359 4214 et
2391 4159 2496 4213 hoc
2539 4158 2888 4213 conscientia
2921 4170 3066 4227 pura
3091 4157 3551 4226 exhibuerimus,

43 4248 269 4313 militia,
319 4246 473 4316 poesi
516 4254 572 4302 et
617 4247 837 4303 caeteris
874 4247 1098 4302 artibus
1139 4260 1261 4301 sese
1291 4244 1612 4312 nobilitant,
1649 4258 1751 4314 per
1790 4255 1833 4309 D
1860 4263 2016 4315 cum,
2068 4247 2326 4317 inquam,
2377 4246 2487 4302 ista
2537 4242 2670 4302 ante
2715 4245 3047 4315 paradisum
3098 4246 3304 4303 mentis
3349 4254 3556 4303 nostrae

44 4351 179 4405 quae
224 4335 330 4390 diu
374 4335 664 4391 memoriis
711 4335 1041 4391 mortalium
1074 4333 1293 4390 vivant.
1329 4334 1446 4389 Hoc
1476 4332 1754 4404 religiosis

46 4425 386 4495 quibusque
424 4424 696 4494 surrepit,
729 4431 793 4480 ut
836 4423 1230 4493 elcemosynis,
1274 4421 1527 4478 novitate
1576 4421 1754 4477 bene-

50 4514 341 4579 liciorum,
372 4512 763 4568 exstructione
802 4512 1173 4568 ecclesiarum
1202 4508 1311 4566 sibi
1343 4509 1525 4565 famas
1557 4509 1616 4563 in
1647 4522 1755 4578 po-

50 4608 270 4657 sterum
306 4606 555 4655 struant.
599 4598 682 4655 Nc
727 4612 864 4669 ergo
902 4598 1009 4654 hoc
1050 4603 1404 4667 prmsumant
1433 4594 1758 4651 stoliditatis

51 4702 258 4759 genus,
293 4686 454 4758 quod
497 4700 597 4756 per
634 4685 852 4756 lignum
885 4700 1001 4741 non
1050 4685 1367 4754 incongrue
1399 4683 1756 4753 designatur,

50 4777 261 4831 emittit
291 4775 447 4830 Deus
482 4789 578 4831 eos
625 4774 693 4831 de
724 4775 819 4830 illa
850 4773 1141 4844 praecipua
1171 4786 1239 4829 ac
1281 4772 1625 4842 voluptuosa
1656 4770 1759 4826 ﬂo-

53 4863 310 4919 rulentia
342 4864 567 4930 mentis,
599 4878 730 4933 quze
759 4862 979 4919 nullius
1002 4861 1214 4932 peccati
1240 4860 1460 4931 patitur
1480 4872 1758 4926 morsum,

54 4958 116 5005 ut
175 4948 408 5020 pristini
457 4948 703 5019 contagii
754 4962 813 5004 se
852 4947 1072 5020 jugiter
1096 4954 1519 5017 compungente
1547 4959 1763 5001 memo-

58 5038 161 5105 ria,
197 5048 447 5107 operum
477 5033 598 5091 acri
642 5035 913 5091 exercitio
973 5034 1259 5091 bonorum
1304 5040 1538 5101 terram,
1580 5032 1637 5088 id
1680 5039 1764 5088 est

60 5124 475 5196 impassibilem
525 5122 687 5179 illum
736 5130 954 5193 repetat
976 5131 1211 5191 statum,
1253 5122 1323 5179 de
1351 5136 1469 5193 quo
1497 5127 1764 5192 sumptus

60 5224 161 5281 est,
193 5228 228 5269 a
254 5212 488 5269 diabolo
510 5211 725 5268 scilicet
753 5212 1065 5268 detractus.

128 5301 305 5359 Vnus.
367 5302 459 5355 25.
504 5330 576 5340 —
631 5300 911 5372 Ejecitque
959 5300 1162 5367 Adam,
1215 5303 1265 5354 et
1316 5299 1592 5354 collocavit
1639 5301 1766 5352 ante

62 5390 388 5457 paradisum
425 5389 725 5460 uoluptatis
768 5390 1081 5455 Cherubim,
1108 5393 1158 5442 et
1188 5390 1492 5457 ﬂammeum
1520 5384 1767 5454 gladium

67 5484 222 5549 atque
278 5480 593 5534 versatilem
643 5478 718 5534 ad
764 5478 1171 5535 custodiendam
1228 5479 1377 5531 viam
1425 5477 1564 5549 ligni
1619 5478 1764 5532 vita.

1859 4334 2345 4398 constituerimus,
2378 4347 2604 4390 omnem
2650 4333 2872 4390 aditum
2918 4333 2992 4389 ad
3040 4334 3195 4390 viam
3226 4335 3367 4407 ligni
3402 4338 3554 4404 vitae,

1862 4424 1917 4480 id
1954 4431 2039 4480 est
2065 4422 2136 4478 ad
2184 4422 2585 4493 cogitationem
2617 4421 2913 4478 saecularis
2955 4422 3142 4490 famae,
3192 4437 3311 4494 qua
3349 4424 3408 4480 in
3458 4425 3557 4481 ho-

1865 4511 2088 4568 minum
2148 4509 2438 4566 memoriis
2503 4510 2891 4579 superstitiose
2945 4509 3141 4568 vivere
3187 4511 3558 4580 delectamur,

1864 4601 2156 4657 obstruem
2167 4612 2253 4653 us.

2330 4689 2429 4739 85
2467 4684 2700 4742 CAPUT
2738 4674 3108 4753 QUARTUM.

1938 4774 2120 4831 Vnus.
2158 4777 2206 4839 1,
2240 4775 2295 4827 2.
2347 4803 2416 4812 —-
2468 4774 2548 4828 Et
2591 4777 2839 4843 cognovit
2885 4776 3070 4830 Adam
3116 4776 3300 4830 Evam
3341 4790 3564 4830 uxorem

1867 4877 2043 4927 suam,
2087 4875 2206 4929 qua:
2247 4863 2503 4930 concepit,
2547 4866 2599 4916 et
2634 4865 2850 4934 peperit
2897 4863 3033 4919 Cain
3075 4862 3263 4918 dicens
3303 4879 3316 4917 :
3349 4864 3567 4918 Possedi

1870 4951 2133 5005 hominem
2162 4964 2260 5018 per
2300 4948 2494 5003 Deum.
2538 4949 2888 5020 Rursumque
2924 4952 3135 5020 peperit
3173 4952 3407 5016 fratrem
3449 4953 3567 5021 ejus

1870 5038 2039 5103 Abel;
2088 5039 2307 5107 fuitque
2361 5038 2503 5092 Abel
2546 5044 2739 5107 pastor
2782 5041 2980 5105 ovium,
3021 5043 3071 5092 et
3119 5038 3254 5093 Cain
3295 5042 3562 5107 agricola.

1872 5125 1928 5182 Si
1955 5124 2260 5195 Apostolus
2307 5125 2407 5181 ubi
2441 5126 2576 5182 dicit
2608 5141 2621 5181 :
2654 5127 2931 5196 Absorpta
2971 5131 3050 5180 est
3077 5142 3219 5182 mors
3248 5133 3308 5182 in
3340 5132 3567 5184 victoria

1873 5214 1920 5284 (1
1941 5215 2060 5270 Cor.
2093 5227 2188 5281 xv,
2224 5214 2331 5282 54),
2362 5214 2596 5271 carnale
2636 5214 2983 5272 desiderium
3011 5222 3251 5272 mortem
3297 5218 3566 5288 appellat,

1872 5313 1979 5356 cur
2009 5314 2123 5355 non
2155 5301 2293 5367 Eva,
2336 5314 2468 5371 quae
2506 5300 2720 5357 dicitur
2749 5302 2886 5369 vita,
2921 5300 3073 5357 bona
3102 5303 3373 5360 voluntas
3402 5319 3573 5361 voce-

1877 5387 2010 5445 tur?
2039 5387 2144 5445 Cui
2165 5388 2347 5444 Adam
2381 5388 2524 5445 bene
2554 5389 2818 5460 cognitae.
2847 5388 2903 5445 id
2924 5396 3007 5447 est
3027 5390 3319 5450 inhianter
3346 5400 3571 5460 amatae,

1876 5477 2016 5548 quia
2043 5490 2205 5533 amor
2238 5476 2375 5547 ipse,
2414 5484 2479 5533 ut
2507 5477 2587 5534 ait
2616 5476 2877 5546 quidam,
2910 5477 3112 5536 notitia
3139 5486 3221 5538 est
3249 5494 3443 5538 semen
3474 5480 3573 5537 Dei
