3874 6048
294 213 363 265 79

1204 211 1264 264 V.
1309 210 1641 266 GUlBERTl
1684 211 1974 266 ABBATIS
2012 213 2067 266 S.
2113 211 2349 267 MARL‘E
2387 211 2477 268 DE
2514 213 2906 269 NOVIGENTO

3730 216 3802 267 80

290 342 450 398 verbi
476 355 593 412 quo
624 340 766 397 bene
809 353 978 411 agere
1024 338 1326 409 concipiat,
1378 339 1636 410 suggerit
1684 346 1750 394 ut
1800 339 1988 410 pariat
2023 341 2071 394 A
2100 342 2384 410 nocentia,
2420 351 2474 397 et
2511 341 2691 413 pietas
2740 356 2844 412 pro
2893 341 3196 413 largitione
3240 342 3465 399 velleris
3497 343 3801 413 accipitur.

295 433 453 496 Cain,
500 431 551 485 id
600 437 704 496 est,
752 431 1162 498 possessionem;
1228 429 1501 497 possessio
1559 435 1751 483 autem
1811 429 1991 483 ratio-

297 522 444 576 nalis
472 527 679 574 nostrae
720 516 1031 573 voluntatis
1057 515 1308 570 exterior
1344 515 1511 570 homo
1543 522 1734 570 noster
1764 522 1869 579 est,
1898 514 1991 569 cui

296 611 545 681 regendo
576 623 642 664 ac
678 607 917 663 colendo
949 604 1251 675 praeposita
1279 611 1381 666 est,
1414 603 1566 659 unde
1588 613 1640 659 et
1677 604 1944 674 sequitur
1975 617 1988 656 :

296 699 537 765 Possedi,
569 698 777 766 inquit,
825 697 1109 754 hominem,
1143 707 1257 747 non
1306 692 1442 748 meis
1489 692 1734 759 viribus,
1776 692 1872 748 sed
1895 706 1993 760 per

295 792 485 843 Deum.
527 788 647 852 Quo
675 785 742 840 ad
776 783 1081 839 arbitrium
1112 781 1290 836 animi
1315 781 1559 836 edomito
1590 796 1705 836 non
1737 781 1994 836 humano

296 878 448 942 nisu,
489 875 583 931 sed
633 874 731 929 Dei
776 872 1027 940 auxilio;
1094 872 1339 938 linguam
1380 870 1534 924 enim
1582 871 1765 923 nullus
1813 870 1992 922 homi-

292 980 421 1019 num
454 964 671 1017 domare
709 966 883 1031 potest
918 961 1070 1027 (Jac.
1103 973 1180 1023 ιιι,
1233 958 1310 1026 8),
1341 964 1395 1012 et
1435 956 1480 1012 si
1513 966 1733 1027 partem
1766 956 1988 1028 nequit,

296 1053 581 1124 quomodo
625 1059 807 1106 totum
852 1056 1072 1119 potest:
1123 1047 1385 1117 gignitur
1427 1046 1586 1111 Abel,
1635 1046 1735 1116 qui
1781 1045 1995 1101 dicitur

294 1143 489 1205 luctus,
524 1140 613 1196 vel
650 1141 890 1202 vanitas,
924 1136 1202 1206 quiajam
1236 1142 1373 1189 tunc
1403 1142 1755 1190 amarescere
1798 1133 1994 1203 incipit

294 1231 411 1285 vita
441 1241 714 1298 prinsens,
746 1239 878 1295 quae
921 1224 1147 1279 vanitas
1180 1229 1296 1277 tota
1327 1230 1412 1277 est
1442 1222 1638 1288 menti,
1672 1236 1803 1292 quae
1828 1235 1862 1275 a
1892 1222 1990 1277 Dei

296 1320 507 1392 gaudio
539 1320 717 1374 abest.
776 1316 997 1372 Dicitur
1041 1315 1209 1371 etiam
1242 1313 1380 1368 Abel
1415 1330 1608 1382 vapor,
1640 1314 1728 1369 vel
1758 1316 1992 1393 misera—

296 1409 450 1472 bilis;
486 1405 623 1462 Abel
670 1418 922 1474 namque
974 1401 1257 1458 interioris
1305 1400 1557 1456 hominis
1593 1402 1838 1457 dicimus
1871 1402 1992 1457 vir-

295 1504 473 1551 tutem
518 1494 666 1548 sicut
724 1492 863 1549 Cain
909 1492 1250 1547 exteriorem
1297 1489 1615 1559 accipimus
1679 1490 1989 1546 hominem.

298 1584 421 1651 lpsc
451 1582 605 1636 enim
639 1580 876 1636 interior
914 1579 1070 1649 luget
1117 1593 1175 1632 se
1204 1577 1443 1631 vanitati
1486 1578 1832 1648 subjectum,
1878 1578 1994 1647 ipse

2102 430 2233 485 Haec
2271 438 2407 486 sunt
2439 432 2841 502 primogenita,
2870 446 3004 503 quze
3050 431 3148 487 Dei
3182 432 3491 503 imaginem
3519 432 3804 505 humanae

2104 518 2495 589 principaliter
2525 520 2700 575 menti
2740 520 3101 591 insculpunt;
3140 520 3263 576 hinc
3291 535 3424 576 cum
3453 519 3803 588 olferuntur,

2102 606 2270 676 quasi
2315 621 2435 663 suae
2481 609 2711 678 propria
2758 608 3152 664 similitudinis
3181 623 3215 663 a
3260 610 3368 665 Deo
3398 608 3596 679 agnita
3626 610 3805 678 respi-

2101 697 2364 765 ciuntur;
2414 696 2511 751 sed
2564 698 2747 766 primo
2810 697 3113 766 respicitur
3170 697 3332 764 Abel,
3385 706 3508 766 post
3557 712 3804 753 munera

2099 783 2247 853 ejus,
2294 785 2434 854 quia
2481 786 2642 854 prius
2693 799 2726 840 a
2774 785 2884 840 Deo
2938 793 3216 854 pensatur
3272 786 3492 856 agentis
3540 782 3803 849 intentio,

2102 881 2227 943 post
2262 875 2387 944 ejus
2432 881 2614 929 actus.
2675 875 2749 929 At
2799 873 3050 949 animus
3085 882 3297 938 noster,
3342 872 3437 929 cui
3490 874 3674 945 magis
3726 875 3804 929 ad

2099 961 2461 1017 efliciendum
2493 961 2550 1016 in
2581 969 2850 1035 promptu
2903 970 3035 1018 sunt
3080 976 3355 1032 corporea
3403 977 3581 1033 quam
3629 963 3807 1032 spiri-

2101 1049 2299 1117 tualia,
2335 1051 2474 1120 quia
2500 1058 2554 1106 et
2585 1051 2867 1107 Viciniora
2908 1059 3044 1107 sunt
3080 1051 3258 1119 laudi,
3291 1052 3431 1107 dum
3465 1052 3698 1107 meliora
3732 1066 3806 1106 ac

2102 1138 2488 1208 probabiliora
2535 1140 2665 1207 Deo,
2715 1154 2782 1195 ac
2811 1139 2974 1195 bonis
3024 1140 3406 1211 quibuslibet;
3458 1142 3554 1196 sed
3606 1149 3804 1196 tamen

2102 1224 2423 1281 difficiliora
2470 1228 2574 1282 sibi
2631 1227 2905 1284 interiora
2945 1229 3186 1284 attendit
3225 1242 3402 1299 quam
3454 1230 3739 1284 exteriora
3787 1245 3802 1283 :

2102 1313 2386 1381 irascitur,
2463 1316 2679 1371 carnali
2754 1316 2964 1372 scilicet
3032 1317 3327 1372 voluntate
3405 1317 3694 1384 turbatur,
3750 1324 3808 1371 et

2099 1403 2281 1455 vultus
2327 1403 2444 1471 ejus
2475 1403 2730 1468 concidit,
2774 1404 2913 1473 quia
2961 1404 3231 1460 voluntas
3264 1405 3415 1460 bona
3446 1406 3671 1460 interna
3697 1419 3808 1475 ge—

2102 1490 2284 1557 rendi,
2338 1490 2637 1547 exterioris
2676 1505 2833 1548 aurae
2871 1491 3129 1562 appetitu
3158 1493 3463 1549 obruitur:
3497 1493 3604 1549 sibi
3629 1507 3810 1548 nam-

2102 1592 2215 1649 que
2240 1580 2627 1636 commodiora
2656 1588 2838 1650 putat,
2874 1580 3010 1651 quia
3041 1581 3112 1636 ad
3140 1589 3366 1652 tempus
3393 1590 3446 1637 et
3472 1581 3541 1637 ad
3567 1582 3807 1637 oculum

296 1641 423 1725 licet
456 1669 731 1738 corporali
770 1668 1000 1724 miseria
1022 1672 1370 1732 coerceatur,
1403 1680 1673 1736 vaporem
1705 1666 1987 1723 virtutum
2032 1641 2072 1696 Β
2109 1667 2349 1737 placent.

296 1759 666 1827 multiplicem
696 1758 900 1813 emittit
931 1758 1002 1813 ad
1034 1758 1233 1812 Deum.
1267 1752 1518 1826 Virgula
1549 1756 1701 1812 enim
1735 1755 1876 1810 fumi
1911 1762 1993 1809 est

292 1860 366 1901 ex
415 1847 790 1913 aromatibus,
847 1845 1089 1901 celerius
1170 1860 1309 1903 sane
1376 1846 1570 1901 subest
1621 1843 1874 1909 cuilibet,
1937 1849 1994 1896 et

293 1930 557 1991 exemere
595 1936 838 2008 jejunia,
885 1934 1134 2003 vigilias,
1177 1949 1370 1991 rerum
1405 1932 1854 1996 distributiones,
1887 1944 1992 1998 pa-

295 2023 573 2089 tientiam,
629 2021 1007 2079 humilitatem
1066 2023 1402 2080 charitatem
1452 2022 1797 2077 intrinsecus
1841 2019 1992 2075 obti-

293 2126 445 2167 nere.
481 2113 584 2167 llla
613 2125 864 2181 namque
901 2110 1064 2165 favor
1096 2111 1392 2167 humanus
1418 2111 1762 2181 plerumque
1798 2108 1991 2163 suble-

292 2210 418 2270 vat;
450 2201 569 2256 haec
623 2213 756 2255 vero
800 2207 938 2255 teste
977 2200 1092 2255 Deo
1133 2199 1493 2256 solummodo
1545 2206 1673 2253 acta
1724 2195 1992 2267 graviora

291 2298 445 2345 sunt.
482 2289 689 2344 Etidco
718 2288 855 2344 Cain
889 2296 1020 2343 ante
1051 2288 1184 2344 Abel
1219 2304 1335 2345 non
1369 2289 1684 2359 incongrue
1712 2287 1988 2341 nascitur.

297 2379 618 2445 Diligenter,
651 2378 726 2432 ait
756 2376 1041 2444 Salomon,
1075 2392 1259 2431 ererce
1287 2391 1480 2443 agrum
1519 2382 1694 2443 tuum,
1722 2379 1783 2427 ut
1804 2380 1993 2443 postea

290 2467 525 2535 aediﬁces
576 2466 789 2520 domum
838 2471 993 2519 tuam
1038 2466 1227 2536 (Prov.
1268 2480 1423 2532 xxw,
1464 2465 1571 2532 27).
1615 2464 1757 2518 Abel
1803 2468 1992 2531 pastor

290 2563 373 2610 est
399 2558 598 2619 ovium,
631 2556 770 2623 quia
799 2562 999 2609 auctor
1045 2568 1113 2609 ac
1146 2555 1397 2610 nutritor
1424 2561 1508 2609 est
1555 2553 1724 2608 homo
1755 2550 1992 2606 interior

291 2642 589 2698 charitatis
618 2656 683 2696 ac
728 2642 1105 2712 simplicitatis
1151 2657 1413 2712 operum,
1456 2642 1610 2712 quod
1648 2640 1702 2695 in
1735 2639 1991 2710 qualita-

293 2730 446 2785 tibus
495 2730 795 2799 perspicue
840 2730 1026 2786 elucet
1082 2731 1308 2800 ovium;
1360 2731 1497 2786 mite
1534 2731 1689 2786 enim
1737 2728 1861 2784 ovis
1907 2736 1990 2783 est

291 2821 526 2886 animal,
575 2827 629 2875 et
670 2818 849 2873 fertile
879 2818 1183 2875 vellerum.
1230 2820 1376 2874 Cain
1404 2828 1488 2874 est
1533 2819 1794 2885 agricola,
1836 2816 1991 2887 quod

291 2908 585 2962 evidenter
649 2907 935 2976 signiticet
1005 2907 1263 2977 corporis
1317 2906 1609 2963 exercitia.
1669 2904 1993 2974 Corporalis
2033 2937 2072 2991 ρ

293 3003 485 3050 autem
551 2995 906 3062 exercitatio,
953 2995 1126 3065 juxta
1170 2995 1527 3066 Apostolum,
1582 2994 1654 3050 ad
1706 2993 1990 3048 modicum

293 3084 450 3139 utilis
472 3092 555 3139 est
595 3086 645 3152 (Ι
679 3087 819 3138 Tim.
853 3097 930 3150 1v,
959 3087 1033 3152 8).

367 3172 537 3228 Vsus.
604 3175 657 3240 3,
719 3173 766 3231 4,
812 3172 864 3226 5.
929 3201 1002 3213 -
1045 3175 1268 3227 Factum
1329 3176 1406 3226 est
1475 3175 1655 3225 autem
1700 3177 1823 3240 post
1874 3168 1990 3221 dies

290 3262 503 3326 multos,
555 3267 613 3315 ut
660 3262 796 3317 Cain
843 3260 1057 3329 offerret
1105 3261 1171 3314 de
1231 3260 1505 3328 fructibus
1558 3264 1714 3313 terras
1765 3272 1989 3311 munera

290 3351 533 3403 Domino.
584 3349 721 3404 Abel
749 3355 927 3403 autem
972 3349 1038 3403 de
1071 3351 1447 3418 primogenitis
1475 3349 1659 3415 gregis
1703 3347 1812 3413 sui,
1844 3349 1896 3398 et
1924 3344 1989 3397 de

291 3436 550 3505 adipibus
585 3452 793 3501 eorum;
843 3443 892 3490 et
927 3439 1165 3505 respexit
1201 3438 1457 3490 Dominus
1509 3434 1584 3487 ad
1631 3432 1788 3500 Abel,
1827 3437 1877 3487 et
1915 3432 1988 3486 ad

287 3540 512 3579 munera
557 3526 691 3594 ejus.
735 3525 827 3578 Ad
875 3525 1010 3580 Cain
1056 3539 1197 3592 vero,
1251 3527 1301 3577 et
1349 3523 1425 3576 ad
1462 3536 1687 3576 munera
1722 3521 1839 3589 ejus
1881 3534 1987 3573 non

289 3616 548 3681 respexit.
584 3615 707 3666 Post
754 3612 869 3665 dies
914 3613 1130 3677 multos,
1176 3610 1232 3666 id
1281 3617 1365 3666 est
1410 3617 1534 3680 post
1577 3608 1704 3664 illos
1745 3617 1989 3663 aeternos

288 3700 409 3755 dies
441 3700 807 3769 indefatigato
830 3699 1006 3755 animi
1042 3706 1185 3755 aestu
1213 3698 1423 3764 eundo,
1458 3711 1603 3766 quos
1632 3696 1843 3752 horum
1867 3694 1988 3751 bre-

287 3790 450 3844 vium
479 3788 705 3845 dierum
734 3796 1064 3857 contemptu
1096 3795 1243 3843 recte
1271 3785 1693 3857 prosequimur,
1728 3785 1828 3855 qui
1861 3790 1986 3839 tan-

289 3890 465 3946 quam
494 3876 753 3932 custodia
784 3878 841 3931 in
865 3884 1027 3931 nocte
1046 3876 1353 3943 habentur,
1388 3874 1458 3930 de
1487 3874 1772 3929 fructibus
1801 3881 1985 3939 terrae,

287 3962 345 4019 id
407 3971 494 4020 est
563 3978 796 4020 carnem
859 3964 1092 4020 terendo
1152 3963 1408 4018 exterius
1468 3962 1751 4017 efficimus
1794 3961 1983 4029 bonis;

285 4054 566 4109 sacrificia
595 4054 708 4109 Deo
739 4053 926 4108 laudis
960 4052 1274 4118 ollerimus,
1327 4050 1425 4107 sed
1466 4051 1586 4107 haec
1628 4050 1986 4106 extrinsecus

287 4141 454 4207 facta,
486 4148 541 4196 et
573 4141 828 4196 humano
853 4139 1046 4196 favore
1076 4139 1282 4195 infecta
1322 4146 1388 4195 ut
1416 4138 1620 4195 assolet
1654 4152 1769 4193 non
1800 4136 1985 4207 respi-

284 4229 379 4296 cit,
412 4229 552 4300 quia
580 4242 676 4284 cor
718 4228 1009 4283 offerentis
1049 4242 1117 4283 ea
1147 4241 1266 4298 qua
1293 4227 1590 4282 consuevit
1619 4226 1769 4282 Deus
1800 4224 1983 4295 gratia

285 4331 401 4373 non
430 4316 633 4388 tangit,
686 4330 791 4371 nec
840 4316 1120 4372 bonorum
1153 4328 1523 4389 quorumque
1566 4314 1785 4384 judicio
1815 4311 1983 4368 sicuti

285 4419 389 4460 nec
437 4404 539 4474 ipsi
604 4405 713 4459 Deo
759 4411 990 4474 gratum
1033 4403 1175 4459 fidit.
1206 4402 1489 4467 Illumina,
1530 4404 1738 4473 inquit,
1787 4402 1983 4468 faciem

285 4499 432 4548 tuam
466 4508 629 4561 super
674 4506 886 4546 servum
937 4498 1087 4546 tuum
1117 4492 1282 4562 (Psal.
1316 4506 1509 4559 CXVIII,
1549 4490 1695 4561 135).
1731 4489 1981 4546 Hilarem

281 4581 492 4637 scilicet
539 4580 809 4636 allectum
862 4594 1038 4650 super
1098 4594 1164 4636 ea
1231 4594 1363 4651 quae
1411 4594 1616 4650 operor
1671 4587 1723 4636 te
1772 4579 1984 4634 habere

281 4670 530 4737 ostende,
582 4676 645 4724 ut
694 4669 1018 4737 videantur,
1068 4676 1122 4724 et
1169 4668 1521 4739 glorificeris.
1578 4668 1768 4724 Solent
1810 4669 1981 4724 etiam

282 4759 471 4827 putari
506 4758 691 4827 inepte
720 4757 886 4824 facta,
928 4770 1058 4828 qum
1107 4757 1221 4811 Deo
1261 4771 1373 4812 non
1415 4756 1657 4827 placent,
1693 4756 1765 4811 ab
1800 4756 1983 4811 idiotis

283 4845 633 4900 hominibus.
710 4845 845 4899 Abel
906 4845 972 4899 de
1015 4847 1389 4913 primogenitis
1434 4847 1612 4912 gregis
1664 4846 1752 4899 sui
1796 4842 1979 4909 offert,

282 4933 516 5002 quando
550 4933 839 5003 primzevis
887 4932 1199 4988 virtutibus
1253 4932 1488 4987 interior
1535 4932 1705 4987 homo
1748 4929 1980 4987 redolet.

282 5020 508 5076 Primus
559 5020 713 5075 enim
761 5020 929 5075 homo
975 5019 1098 5075 sine
1142 5019 1299 5074 omni
1344 5018 1724 5075 maceratione
1764 5018 1981 5075 carnali

284 5108 486 5178 plenus
534 5108 921 5178 spiritualium
983 5107 1263 5163 bonorum
1326 5121 1360 5162 a
1408 5108 1522 5163 Deo
1567 5115 1652 5163 est
1699 5107 1980 5175 conditus,

282 5197 433 5253 unde
495 5197 623 5252 licet
669 5198 741 5252 ob
791 5196 982 5253 carnis
1036 5196 1398 5266 postmodum
1456 5194 1687 5265 culpam
1736 5196 1981 5251 restrin-

282 5286 529 5356 gendam
579 5286 935 5341 necessarius
981 5284 1150 5341 fuerit
1201 5284 1363 5341 labor
1405 5298 1734 5353 corporeus,
1793 5291 1981 5339 tamen

281 5374 328 5428 si
375 5373 666 5443 patientia,
711 5372 1025 5438 humilitas,
1077 5370 1413 5441 simplicitas
1461 5370 1539 5425 illi
1584 5377 1981 5440 postponatur,

280 5468 463 5518 totum
510 5468 947 5531 praesposterum
997 5474 1130 5514 mox
1177 5459 1444 5525 habetur,
1490 5466 1545 5514 et
1602 5458 1766 5529 vulgi
1815 5457 1986 5515 laude

280 5550 613 5623 surripitur.
652 5549 713 5604 ln
766 5562 935 5619 grege
967 5555 1156 5603 autem
1203 5547 1400 5603 ovium
1456 5546 1863 5616 mansuetudo,
1907 5548 1989 5601 in-

2181 1755 2357 1811 Vsns.
2397 1756 2452 1811 '7.
2509 1787 2571 1797 —
2623 1758 2821 1823 Quare,
2873 1756 3077 1827 inquit.
3135 1761 3397 1814 Dominus
3444 1759 3813 1815 rationaliter

2102 1843 2313 1900 scilicet
2342 1844 2506 1900 nobis
2554 1845 2936 1916 suggerendo,
2987 1849 3165 1901 iratus
3196 1863 3269 1913 es,
3314 1846 3367 1901 id
3413 1856 3497 1903 est
3537 1848 3707 1918 quasi
3735 1848 3811 1902 de

2100 1932 2485 2001 spiritualium
2537 1933 2989 2003 impossibilitate
3042 1935 3113 1990 ad
3148 1936 3397 1991 furorem
3446 1936 3807 2006 desperatio-

2105 2020 2192 2076 nis
2225 2022 2572 2090 permoveris
2604 2037 2616 2076 :
2665 2028 2714 2076 et
2763 2038 2931 2094 quare
2976 2024 3210 2078 concidit
3247 2024 3423 2088 facies
3469 2024 3601 2078 tua?
3633 2025 3687 2079 id
3718 2033 3806 2080 est

2104 2110 2161 2164 in
2191 2110 2394 2165 habitu
2438 2111 2643 2166 mentis
2694 2113 2757 2166 ut
2802 2111 2944 2180 quid
2976 2111 3335 2168 destitueris?
3368 2114 3552 2169 Nonne
3581 2114 3632 2166 si
3670 2112 3806 2166 bene

2101 2201 2291 2266 egeris,
2325 2199 2385 2253 in
2415 2199 2636 2255 occulto
2666 2199 2944 2266 videlicet,
2977 2204 3204 2270 recipies
3232 2203 3289 2256 in
3322 2201 3537 2268 futuro,
3571 2201 3802 2256 etiamsi

2101 2286 2263 2341 nulla
2309 2286 2436 2342 laus
2480 2287 2738 2343 humana
2793 2295 2893 2343 tua
2938 2301 3114 2357 opera
3154 2289 3546 2359 subsequatur
3599 2288 3658 2342 in
3691 2289 3805 2344 hoc

2101 2374 2309 2430 saeculo
2342 2390 2354 2429 :
2389 2375 2485 2431 Sin
2531 2379 2709 2429 autem
2758 2377 2913 2440 male,
2960 2379 3147 2430 statim
3180 2380 3237 2429 in
3279 2377 3493 2443 foribus
3519 2381 3806 2446 peccatum

2100 2463 2300 2529 aderit,
2332 2463 2439 2519 hoc
2480 2472 2565 2519 est
2610 2464 2657 2519 si
2711 2464 3082 2520 intentionem
3128 2465 3416 2535 opinionis
3454 2478 3631 2521 causa
3666 2478 3809 2534 per-

2102 2552 2359 2619 verteris,
2411 2552 2600 2606 statim
2680 2551 2736 2606 in
2794 2552 2916 2621 ipsa
2965 2552 3140 2608 animi
3189 2553 3374 2622 prima
3430 2555 3811 2624 suggestione

2104 2639 2314 2708 peccati
2372 2639 2771 2708 opportunitas
2830 2639 3054 2694 diabolo
3127 2640 3563 2696 administrante
3614 2654 3813 2711 appa-

2102 2726 2248 2782 rebit
2301 2727 2445 2781 :sed
2493 2741 2564 2782 ne
2607 2726 2898 2783 diabolum
2960 2727 3128 2783 illatae
3176 2728 3460 2783 violentiae
3513 2736 3564 2783 te
3611 2742 3813 2785 excu-

2101 2814 2280 2870 sando
2308 2828 2610 2885 coarguas,
2646 2816 2745 2869 sub
2777 2821 2825 2869 te
2863 2820 2967 2869 erit
3020 2818 3292 2885 appetitus
3344 2817 3528 2887 ipsius
3557 2819 3809 2887 peccati,

2100 2910 2155 2958 et
2187 2910 2285 2958 tuo
2311 2902 2531 2958 suberit
2577 2902 2816 2959 arbitrio
2864 2903 3145 2960 dominari
3202 2903 3375 2960 illius.
3409 2904 3624 2961 Verum
3654 2906 3814 2961 ratio

2099 2990 2379 3046 divinitus
2407 3005 2523 3046 non
2573 2990 2859 3046 illustrata
2903 2992 3042 3062 quia
3076 2991 3263 3047 inanis
3310 3000 3393 3049 est
3429 2992 3592 3062 Cain,
3629 2993 3684 3048 id
3716 3002 3809 3049 est

2100 3071 2392 3148 corpOrale
2416 3086 2676 3135 nostrum
2695 3080 2953 3135 studium
2978 3080 3046 3135 ad
3068 3081 3434 3151 sacrilegium
3466 3081 3808 3137 cenodoxize

2099 3167 2384 3222 contrahit
2407 3166 2568 3235 Abel,
2588 3167 2877 3238 quidquid
2906 3169 3111 3239 utique
3134 3169 3445 3225 introrsum
3476 3169 3810 3240 spiritualis

2099 3255 2466 3326 pinguedinis
2501 3263 2614 3323 est;
2665 3255 3011 3313 sacrificium
3043 3263 3141 3312 36
3170 3258 3324 3314 enim
3370 3258 3510 3314 Abel
3563 3257 3631 3313 de
3670 3258 3803 3313 adi-

2097 3343 2282 3413 pibus,
2316 3344 2373 3399 id
2419 3352 2503 3401 est
2549 3344 2618 3400 de
2661 3344 2887 3400 interna
2917 3346 3103 3416 gratia
3130 3354 3371 3414 constat,
3405 3355 3470 3402 ut
3499 3346 3579 3401 nil
3609 3347 3667 3401 in
3699 3345 3808 3402 ho-

2100 3433 2268 3489 minis
2311 3448 2480 3504 opere
2526 3434 2716 3499 lateat,
2750 3434 2862 3490 nisi
2909 3436 3065 3506 quod
3114 3436 3305 3491 carnis
3344 3435 3525 3492 oculis
3574 3435 3807 3506 placere

2098 3527 2162 3577 ut
2190 3521 2459 3578 laudetur
2487 3531 2680 3593 queat.
2717 3523 2911 3593 (Vsus.
2958 3523 3035 3595 8.)
3063 3553 3138 3566 —
3166 3525 3529 3592 Eqrediamur
3548 3537 3687 3594 ergo
3718 3523 3806 3580 ait

2097 3609 2258 3679 Cain,
2287 3612 2460 3677 foras.
2507 3610 2653 3678 Quia
2690 3611 2905 3668 durum
2936 3612 3108 3668 nimis
3132 3621 3217 3669 est
3247 3613 3421 3668 tantis
3449 3618 3643 3684 totque
3672 3612 3805 3681 spi-

2097 3698 2405 3755 ritualibus
2434 3699 2833 3769 adipiscendis,
2866 3714 2998 3771 quae
3048 3700 3120 3756 ad
3172 3701 3409 3771 plenum
3452 3714 3618 3756 nemo
3648 3713 3805 3756 asse-

2096 3787 2321 3857 quitur,
2364 3787 2638 3855 insistere,
2671 3788 2872 3843 saltem
2903 3788 2993 3843 his
3030 3788 3448 3859 aliquantisper
3475 3788 3701 3844 omissis
3730 3804 3800 3845 ea

2094 3875 2454 3931 extrinsecus
2481 3890 2872 3943 exerceamus,
2923 3891 3055 3947 quae
3087 3877 3314 3933 interim
3362 3885 3556 3932 nostro
3590 3877 3798 3933 honori

2093 3967 2148 4016 et
2176 3960 2472 4015 commodo
2502 3960 2731 4018 valeant
2759 3962 3045 4031 prodesse.
3079 3964 3315 4033 Cumque
3349 3968 3520 4018 essent
3543 3965 3600 4017 in
3634 3978 3801 4031 agro,

2098 4048 2152 4104 id
2203 4055 2288 4104 est
2344 4046 2404 4103 in
2459 4049 2727 4105 exteriori
2783 4049 3075 4119 exercitio,
3147 4052 3332 4107 cordis
3379 4051 3612 4118 intuitu,
3671 4050 3795 4121 jam

2093 4135 2165 4190 ad
2231 4136 2457 4192 interna
2532 4136 2984 4193 consideratione
3044 4137 3307 4205 deducto,
3376 4137 3799 4194 consuetudine

2028 4265 2069 4318 Β
2099 4224 2328 4290 favoris,
2359 4224 2536 4280 animi
2582 4225 2770 4296 rigore
2813 4226 3047 4295 mollito,
3084 4241 3118 4281 a
3146 4227 3447 4297 superficie
3476 4226 3793 4282 forensium

2093 4326 2332 4382 operum
2365 4313 2530 4383 quasi
2561 4313 2701 4370 Abel
2721 4328 2755 4369 a
2775 4314 2915 4371 Cain
2941 4315 3288 4385 opprimitur
3310 4323 3427 4372 tota
3452 4314 3795 4385 simplicitas

2094 4400 2470 4457 internorum.
2502 4401 2765 4472 Cumque
2808 4403 2960 4459 Deus
2989 4403 3059 4459 de
3106 4403 3376 4460 intestina
3410 4411 3590 4459 morte
3618 4402 3794 4458 ratio-

2093 4489 2183 4544 nis
2228 4504 2367 4546 voce
2405 4490 2801 4561 conqueritur,
2854 4492 3112 4548 humana
3157 4492 3462 4562 respondet
3503 4491 3786 4561 nequitia,

2093 4577 2285 4642 (Vsus.
2315 4577 2392 4647 9.)
2426 4609 2491 4618 —
2521 4580 2745 4634 Nescio?
2773 4577 2919 4645 Quia
2971 4579 3039 4635 de
3068 4580 3283 4651 quibus
3330 4593 3444 4635 non
3491 4592 3793 4644 curamus,

2090 4665 2308 4721 nescire
2350 4679 2474 4733 nos,
2525 4680 2656 4722 cum
2707 4680 2911 4722 revera
2960 4666 3231 4734 sciamus,
3272 4667 3615 4738 respondere
3644 4668 3798 4723 sole-

2093 4767 2241 4808 mus.
2277 4753 2474 4821 (Vsns.
2512 4754 2619 4823 lo.)
2651 4785 2719 4794 —
2747 4755 3011 4825 Nunquid
3047 4762 3223 4811 custos
3267 4757 3468 4822 fratris
3523 4757 3629 4809 mei
3674 4770 3798 4810 sum

2091 4842 2224 4909 ego?
2243 4841 2305 4897 Id
2327 4850 2409 4897 est
2440 4841 2711 4912 nunquid
2738 4843 2860 4899 haec
2885 4857 3016 4911 quae
3038 4858 3203 4899 nemo
3227 4843 3532 4899 observare
3558 4843 3797 4909 sufﬁcit,

2090 4942 2196 4999 ego
2244 4928 2399 4985 solus
2450 4928 2774 4998 spiritualia
2834 4944 3072 5000 prorsus
3138 4930 3425 4986 custodire
3479 4930 3800 5001 proposui?

2093 5017 2225 5072 Haec
2252 5017 2539 5072 homicida
2568 5016 2817 5084 animus,
2841 5025 2897 5074 et
2926 5019 3177 5074 carnalis
3206 5018 3403 5090 gloriae
3428 5018 3592 5074 molae
3621 5018 3793 5075 obru-

2094 5112 2186 5160 tus
2228 5104 2420 5161 refert.
2471 5110 2539 5162 At
2585 5113 2786 5162 contra
2832 5106 2978 5162 ratio
3024 5105 3153 5162 licet
3199 5106 3304 5162 sibi
3349 5120 3481 5162 cum
3516 5106 3631 5162 Deo
3662 5120 3792 5162 sen-

2095 5193 2253 5248 tienti
2285 5207 2659 5263 nequaquam
2703 5194 2994 5262 credatur,
3057 5195 3127 5249 de
3162 5195 3459 5265 apostasia:
3509 5195 3796 5251 immensi-

2092 5288 2206 5336 tate
2234 5281 2625 5351 conqueritur.
2661 5281 2860 5349 Pensa,
2894 5283 2988 5343 ait.
3038 5297 3215 5353 quam
3249 5283 3553 5338 criminose
3584 5284 3787 5352 egeris.

2092 5368 2235 5425 Nam
2265 5385 2372 5424 eoa:
2401 5372 2687 5438 sanguinis
2724 5371 2923 5436 fratris
2957 5372 3040 5424 tui
3085 5372 3286 5441 clamat
3309 5370 3385 5424 ad
3413 5386 3494 5425 me
3523 5370 3590 5425 de
3618 5376 3785 5426 terra.

2093 5457 2219 5514 Vox
2268 5458 2462 5514 verbis
2504 5457 2708 5528 praeire
2737 5457 2895 5531 solet,
2945 5466 3010 5514 ut
3051 5459 3262 5516 umbra
3313 5459 3635 5516 veritatem.
3667 5459 3787 5517 Vo-

2091 5560 2215 5602 cem
2243 5560 2378 5617 ergo
2405 5546 2755 5615 accipiamus
2790 5545 3037 5603 dolorem
3082 5546 3266 5618 illum,
3316 5547 3415 5619 qui
3459 5547 3531 5604 de
3559 5555 3786 5619 peccato
