3874 6048
77 212 137 267 8t
1258 201 1613 277 nouitium
1653 214 1723 272 IN
1760 215 2065 274 caussas
2109 218 2238 275 LIB.
2284 217 2350 273 tt.
3508 226 3576 281 8-2
3663 240 3670 249 ι

77 343 128 398 in
178 340 515 414 cujuspiam
571 342 739 400 corde
784 343 1066 410 exoritur,
1117 358 1292 416 quem
1349 353 1540 402 tamen
1598 346 1831 408 nullaA
1946 348 2111 407 Vens.
2160 352 2244 406 13.
2286 381 2353 390 --
2405 352 2585 422 Major
2628 357 2705 406 est
2759 354 3028 422 iniquitas
3093 369 3230 421 mea,
3291 370 3458 425 quam
3513 342 3573 422 ut

77 430 420 501 paenitentiae
440 432 695 488 eflicacia
725 433 890 503 quasi
928 433 1082 488 verbi
1129 433 1339 489 veritas
1367 435 1765 504 subsequitur.

78 520 193 575 Vox
230 520 403 589 ,enint
462 520 585 576 haec
635 522 789 592 apud
836 522 1017 579 Deum
1065 522 1253 592 potius
1294 532 1378 579 est
1436 524 1772 580 irritationis

72 622 247 678 quam
280 610 456 678 pacis.
488 609 628 676 Quae
673 612 873 665 clamat
912 612 978 664 de
1021 618 1187 678 terra,
1223 611 1361 679 quia
1404 612 1474 669 de
1509 614 1766 679 rationis,

71 712 199 767 qum
233 697 348 753 sibi
378 698 619 754 firmiter
647 699 958 755 admodum
997 709 1162 756 terrae
1201 700 1373 756 insita
1402 708 1505 768 est,
1538 700 1773 758 scientia

76 785 372 856 hujusque
401 785 684 842 fructibus
714 788 1060 843 feracissime
1085 788 1392 858 pascimur,
1418 790 1572 845 videt
1592 804 1768 860 quam

76 886 254 943 prava
312 875 651 930 committat.
725 874 885 931 Ratio
926 890 1179 946 namque
1233 878 1333 933 etsi
1389 877 1460 933 ad
1518 892 1770 949 nequam

74 962 485 1032 intorquentur
513 962 803 1029 affectum,
851 979 963 1019 non
997 973 1184 1020 tamen
1218 964 1447 1034 penitus
1472 980 1588 1036 quo
1624 967 1773 1022 bona

74 1058 124 1105 et
153 1050 315 1105 mala
342 1051 631 1106 discernat
657 1052 867 1108 amittit
906 1053 1160 1119 oculum,
1210 1053 1305 1108 scd
1337 1057 1529 1108 scienti
1557 1056 1769 1122 bonum,

74 1146 118 1192 et
146 1156 259 1193 non
306 1142 535 1206 fauenti
574 1147 852 1210 peccatum
890 1148 968 1196 est
1016 1143 1101 1195 illi
1149 1143 1289 1210 (Jac.
1345 1158 1418 1207 tv,
1485 1145 1567 1214 l7)
1643 1145 1771 1199 Clu-

76 1232 182 1279 mat
214 1242 376 1294 vero,
412 1227 547 1298 quia
586 1228 683 1283 Dei
714 1228 958 1284 auribus
1000 1229 1272 1285 horribile
1322 1230 1566 1297 insonat,
1617 1230 1771 1300 quod

75 1316 271 1371 divina
325 1324 377 1371 et
428 1326 627 1372 sancta
677 1331 852 1388 opera
898 1318 1259 1374 extrinsecus
1309 1328 1571 1386 ostentat,
1617 1329 1671 1375 et
1714 1336 1771 1374 se

77 1404 284 1460 diaboli
321 1405 633 1461 delubrum
677 1405 923 1462 scienter
967 1406 1211 1463 interius
1257 1407 1495 1463 dedicat.
1546 1408 1773 1463 Clamor

74 1503 149 1548 est
180 1494 344 1549 enim
393 1494 490 1549 ubi
541 1502 655 1550 tota
684 1495 988 1565 impuritas
1014 1495 1137 1552 sine
1165 1496 1571 1567 redargutione
1596 1496 1771 1552 scien-

75 1590 273 1651 terque
324 1590 379 1637 et
427 1597 497 1637 ex
530 1582 814 1639 industria
842 1584 1161 1655 peragitur.
1200 1584 1331 1640 Haec
1372 1592 1457 1640 est
1498 1601 1601 1639 uua:
1635 1600 1770 1639 san-

70 1672 251 1737 guinis
325 1674 548 1739 fratris,
614 1671 827 1727 scilicet
888 1686 962 1728 ex
1017 1673 1218 1729 eadem
1274 1673 1411 1729 olim
1473 1674 1768 1729 voluntate

76 1758 378 1830 progeniti,
441 1759 653 1815 interni
709 1759 973 1816 videlicet
1024 1760 1161 1816 boni
1212 1777 1225 1816 :
1286 1761 1526 1832 sanguis
1581 1769 1770 1816 autem

78 1856 371 1918 peccatum
400 1856 502 1903 est.
536 1849 649 1903 νοω
673 1863 810 1920 ergo
829 1851 1113 1917 sanguinis
1132 1850 1352 1916 clamat,
1379 1864 1531 1916 cum,
1560 1848 1771 1921 peccati

77 1937 442 2007 querimonia
482 1950 582 2007 per
625 1938 829 1993 mentis
873 1937 1266 2008 arrogantiam
1326 1939 1608 2008 despecta,
1674 1936 1770 1993 Dei

82 2025 415 2096 patientiam
445 2024 653 2081 acriter
683 2025 988 2096 inquietat.

142 2113 323 2170 Vsus.
356 2117 443 2168 11.
482 2144 552 2153 —-
580 2116 732 2170 Nunc
772 2130 899 2183 ergo
939 2115 1255 2170 maledictus
1305 2116 1412 2169 eris
1458 2130 1622 2183 super
1676 2118 1774 2167 ter—

80 2220 210 2271 ram,
245 2219 371 2273 qua
410 2205 626 2273 aperuit
655 2218 712 2258 os
740 2218 919 2271 suum,
951 2210 1000 2259 et
1027 2208 1265 2275 suscepit
1308 2207 1629 2272 sanguinem
1658 2204 1775 2269 fra-

81 2294 175 2346 tris
225 2295 315 2346 tui
341 2292 410 2345 de
440 2307 607 2345 manu
646 2296 759 2346 tua.
804 2292 959 2363 Ergo
1014 2293 1264 2348 innitens
1312 2292 1571 2359 terrenis,
1620 2298 1675 2347 et
1714 2290 1770 2346 in

81 2381 195 2435 sola
221 2379 533 2450 superﬁcie
565 2394 664 2450 per
700 2381 1049 2451 hypocrisim
1080 2381 1244 2438 factis
1284 2381 1557 2452 operibus
1592 2380 1772 2436 male-

79 2469 264 2525 dictus
317 2468 472 2538 eris;
523 2469 578 2524 id
617 2477 700 2525 est
745 2470 974 2540 cognito
1021 2477 1134 2526 tute
1183 2469 1454 2525 vanitatis
1501 2469 1773 2539 figmento

74 2557 458 2614 exsecrationi
495 2557 813 2613 habeberis.
849 2560 981 2623 Quae
1019 2566 1173 2614 terra
1206 2559 1271 2612 de
1296 2573 1460 2612 manu
1493 2562 1588 2612 tua
1638 2572 1772 2611 sun—

71 2649 290 2712 guinem
316 2660 414 2702 ore
460 2654 660 2716 aperto
704 2646 963 2717 suscipit,
1012 2648 1152 2718 quia
1201 2656 1463 2703 terrenus
1510 2644 1769 2709 allectus,

73 2734 409 2804 cupiditatis
447 2733 692 2804 propriae
738 2736 1056 2806 capacitate
1109 2736 1323 2801 laxata,
1373 2734 1438 2787 de
1475 2749 1660 2801 manu,
1716 2733 1771 2789 id

72 2831 151 2878 est
179 2824 252 2878 de
298 2823 550 2879 forastici
593 2824 780 2892 operis
826 2824 1009 2894 gloria
1055 2824 1293 2895 gavisus
1335 2829 1573 2877 mortem
1627 2821 1767 2876 inte-

74 2910 239 2966 rioris
267 2910 536 2977 hominis,
568 2910 623 2965 id
652 2919 736 2967 est
782 2912 1131 2982 sanguinem
1182 2911 1468 2966 inhianter
1514 2909 1769 2979 suscipit.
1800 2949 1839 3000 Ε

146 2999 324 3057 Vens.
346 3000 506 3054 11—
528 3002 668 3054 Cum
691 3005 942 3069 operatus
961 3002 1136 3067 fueris
1153 3017 1289 3067 eam,
1317 3003 1371 3058 id
1391 3014 1475 3061 est
1495 3019 1629 3061 cum
1654 3012 1773 3058 cor-

78 3088 455 3159 pusjejunio,
496 3089 730 3160 vigiliis,
760 3088 1019 3159 aliasque
1059 3088 1239 3162 [rm-le,
1287 3092 1549 3166 aliisque]
1603 3093 1771 3148 attri-

80 3179 256 3247 veris;
295 3179 415 3233 Non
461 3177 618 3231 dabit
644 3180 861 3244 fructus
899 3194 1045 3247 suos,
1078 3186 1318 3236 terrenae
1348 3182 1560 3238 scilicet
1594 3196 1770 3252 quam

79 3266 336 3334 postulas
365 3266 574 3331 laudis,
609 3267 750 3337 quia
778 3282 949 3334 vagus
1001 3283 1170 3337 super
1204 3278 1401 3324 terram
1446 3273 1571 3326 eris.
1610 3270 1771 3337 Quod

76 3363 154 3409 est
200 3355 277 3409 ad
328 3369 523 3409 omnes
568 3355 946 3411 teutationum
993 3356 1276 3426 impulsus
1318 3360 1489 3415 etiam
1540 3359 1597 3414 in
1645 3358 1772 3416 evi-

74 3443 268 3499 dentia
312 3457 552 3512 operum
600 3450 833 3499 tuorum
884 3444 1164 3501 instabilis
1219 3445 1287 3502 de
1337 3447 1473 3503 vitio
1523 3462 1661 3504 sane
1714 3447 1770 3503 in

80 3532 283 3587 vitium
334 3530 633 3587 delaberis.
681 3534 952 3598 Profugus
996 3533 1169 3589 etiam
1222 3538 1345 3600 eris,
1402 3536 1562 3605 dum,
1618 3544 1773 3593 tetra)

74 3619 439 3675 conscientiae
469 3619 735 3690 exigente
764 3627 950 3687 reatu,
978 3620 1051 3675 ad
1081 3635 1310 3678 omnem
1339 3632 1550 3680 nutum
1587 3625 1771 3681 timori

75 3707 453 3780 subjacebis:
519 3707 660 3777 {oga
706 3722 961 3778 namque
1015 3709 1195 3765 animi
1240 3711 1411 3766 timor
1462 3719 1577 3775 est;
1634 3712 1772 3768 solct

72 3811 313 3868 quoque
345 3797 447 3866 qui
482 3796 631 3868 fugit
675 3797 992 3865 praecedere
1038 3811 1172 3853 eum
1221 3798 1323 3868 qui
1375 3800 1768 3869 subsequitur,

72 3900 249 3955 seque
282 3885 450 3955 fugat
486 3900 499 3939 :
536 3885 822 3941 insecutor
854 3893 1046 3941 noster
1084 3885 1348 3942 diabolus
1375 3895 1474 3954 est,
1525 3887 1627 3957 qui
1672 3903 1775 3943 nos

77 3973 377 4044 tripliciter
422 3972 741 4040 insectatui,
783 3973 921 4028 dum
967 3980 1070 4029 aut
1118 3988 1222 4028 nos
1264 3982 1462 4037 tentat,
1507 3983 1609 4032 aut
1654 3975 1773 4031 ille-

76 4063 275 4118 cebras
322 4061 825 4130 opportunitatum
872 4061 1081 4116 nostris
1128 4061 1545 4131 cupiditatibus
1592 4063 1772 4119 admi-

80 4149 305 4215 nistrat,
343 4156 445 4203 aut
468 4149 703 4217 praemia
724 4148 1061 4219 perpetratis
1093 4149 1497 4220 iniquitatibus
1527 4152 1774 4209 subscri-

80 4239 262 4294 bendo
332 4240 730 4293 connumer‘at.
794 4242 1112 4294 Accusatur
1182 4247 1375 4295 autem
1435 4241 1773 4311 plerumque
1809 4244 1846 4295 1)

77 4326 360 4383 fallaciter
391 4324 772 4395 impulsionis,
803 4325 944 4396 quia
973 4326 1238 4395 prmeedit
1264 4342 1442 4397 prava
1472 4328 1777 4400 cogitantis

80 4414 420 4471 adinventio
450 4413 660 4469 diaboli
692 4413 1026 4470 instantiam
1073 4414 1433 4485 impellentis,
1466 4417 1620 4473 unde
1646 4417 1775 4474 cui-

79 4504 207 4559 dam
238 4503 508 4559 dicitur:
543 4505 761 4559 Mittam
787 4507 836 4557 te
873 4502 1024 4559 sicut
1048 4504 1225 4572 pilam
1275 4508 1333 4560 in
1376 4511 1578 4561 terram
1607 4510 1778 4561 latam

80 4593 210 4661 (Ita.
255 4606 404 4657 xxtt,
461 4591 567 4661 18),
610 4592 750 4661 quia
783 4591 898 4661 pila
945 4605 1078 4647 cum
1127 4591 1362 4662 jacitur,
1412 4594 1543 4664 plus
1596 4596 1778 4651 currit

75 4680 385 4750 aliquoties
428 4693 606 4750 quam
648 4679 782 4735 velit
830 4679 943 4734 isa
992 4694 1110 4750 quo
1162 4679 1432 4749 mittitur,
1481 4690 1537 4738 et
1591 4682 1774 4738 alibi:

78 4770 242 4838 Fugit
279 4767 502 4823 stultus
549 4772 759 4822 nemine
792 4772 1141 4837 persequente
1186 4767 1367 4838 (Prov.
1420 4784 1620 4836 XXVIII,
1678 4770 1779 4839 l);

76 4867 127 4912 et
171 4870 436 4913 rursus:
485 4856 755 4911 Abierant
796 4854 999 4925 absque
1042 4858 1374 4923 fortitudine
1412 4863 1537 4913 ante
1581 4860 1780 4926 faciem

77 4946 457 5016 subsequentis
514 4944 729 5014 (Thren.
760 4959 797 5012 ι,
843 4944 918 5014 6).
974 4945 1092 5001 Hoc
1132 4944 1312 5015 igitur
1344 4946 1509 5002 modo
1540 4946 1782 5016 quilibet

81 5033 379 5104 hypocrita
413 5030 687 5103 profugit,
716 5031 856 5088 dum
902 5031 1143 5087 tentanti
1188 5031 1356 5099 cedit,
1402 5041 1504 5090 aut
1554 5041 1782 5090 tentan—

77 5130 177 5177 tem
226 5120 536 5190 prmvenit.
580 5120 714 5186 Ista,
757 5121 897 5176 dum
952 5135 1111 5176 mens
1156 5120 1556 5178 ratiocinando
1605 5122 1771 5191 quasi

84 5210 183 5266 Deo
216 5210 277 5265 in
304 5223 369 5264 se
419 5208 690 5278 loquente
717 5208 889 5265 simul
950 5209 1246 5279 praevidet,
1289 5219 1392 5267 aut
1441 5210 1782 5280 pedetentim

82 5297 430 5369 experiendo
476 5297 767 5367 persentit,
817 5296 958 5366 quia
1002 5298 1331 5353 unctionem
1375 5296 1621 5368 Spiritus
1669 5311 1784 5352 non

87 5386 310 5457 accipit,
371 5385 524 5441 inter
580 5398 641 5440 se
690 5396 758 5440 ac
804 5385 986 5440 Deum
1046 5387 1314 5454 parietem
1372 5384 1789 5455 desperationis

88 5474 368 5531 obtendit.

1880 440 2090 493 veniam
2122 455 2345 494 merear.
2374 440 2557 496 Tanta
2598 447 2682 497 est
2731 441 2939 511 inquit,
2988 444 3250 498 contexto
3301 442 3569 498 vitiorum

1884 535 1945 584 ut
1973 528 2232 598 expediri
2262 542 2296 583 a
2323 542 2411 584 me
2450 536 2698 598 nequeat
2740 529 2858 585 ulla
2885 529 3248 600 congestione
3273 531 3573 586 bonorum.

1954 615 2118 673 Vnus.
2153 617 2242 671 14.
2279 646 2345 656 —-
2376 619 2506 672 Ecce
2533 619 2689 686 ejicis
2723 634 2803 672 me
2835 619 2993 673 hodie
3016 634 3050 672 a
3075 620 3224 685 facie
3268 624 3423 675 terra:
3459 624 3509 673 et
3538 637 3573 674 a

1880 706 2025 771 facie
2045 710 2139 759 tua
2177 706 2503 773 abscondar,
2534 712 2584 761 et
2612 722 2702 761 ero
2733 722 2904 776 vagus
2934 712 2983 761 et
3011 709 3286 776 profugus
3314 710 3374 761 in
3402 712 3569 763 terra.

1886 794 2118 849 Frustra
2144 808 2344 863 nempe
2378 795 2616 863 niterer;
2651 794 2802 864 ejicis
2834 795 2993 851 enim
3021 811 3103 849 me
3140 812 3174 849 a
3217 798 3363 861 facie
3392 800 3568 861 terrae,

1884 881 1937 938 id
1965 889 2051 937 est
2082 895 2117 936 a
2139 881 2462 952 cognitione
2493 883 2622 952 mei,
2645 881 2965 939 fraudando
2995 896 3084 938 me
3107 882 3369 939 videlicet
3385 883 3573 954 gratia

1884 977 2002 1037 tua,
2036 977 2097 1025 ut
2131 984 2185 1024 in
2238 970 2545 1039 reprobum
2599 971 2794 1041 lapsus
2837 985 3068 1027 sensum
3096 975 3357 1039 terram,
3389 971 3444 1027 id
3488 980 3572 1028 est

1886 1066 2232 1129 peccatorem
2270 1073 2358 1114 me
2388 1059 2660 1121 difiitear;
2707 1059 2961 1129 peccanti
2994 1059 3145 1115 enim
3192 1059 3408 1115 dictum
3439 1068 3522 1115 est
3556 1075 3567 1113 :

1886 1152 2055 1203 Terra
2083 1146 2213 1202 es‘et
2244 1150 2303 1201 in
2322 1152 2528 1202 terram
2565 1148 2669 1203 ibis
2704 1149 2851 1217 (Gen.
2893 1163 2974 1212 ιιι,
3008 1151 3115 1215 19),
3152 1156 3384 1218 peccata
3413 1148 3572 1204 scili-

1880 1242 1967 1290 cet
1999 1248 2123 1289 tnea
2161 1249 2272 1289 noti
2305 1234 2550 1301 videam,
2594 1243 2649 1290 et
2697 1234 2801 1290 hoc
2849 1235 3033 1302 hodie,
3083 1236 3136 1290 id
3192 1243 3274 1291 est
3307 1236 3572 1306 quandiu

1885 1321 2258 1392 intelligentia
2317 1322 2676 1378 discretionis
2731 1322 2910 1379 fruor.
2976 1324 3138 1390 Quod
3205 1331 3287 1378 est
3339 1324 3569 1379 dicere:

1880 1409 2024 1466 Cum
2063 1424 2150 1466 me
2179 1411 2519 1466 excaecando
2566 1410 2816 1467 alienum
2848 1425 2882 1467 a
2930 1416 3002 1478 te,
3034 1418 3090 1467 et
3133 1425 3168 1466 a
3208 1425 3298 1467 me
3327 1410 3451 1482 ipso
3494 1412 3572 1466 fa-

1879 1500 2017 1564 cias,
2060 1498 2339 1569 injustum
2372 1498 2537 1555 valde
2567 1499 2747 1556 videri
2776 1508 2975 1570 potest,
3011 1499 3167 1570 quod
3199 1514 3330 1556 cum
3381 1500 3574 1556 adhuc

1881 1588 1950 1644 de
1981 1589 2122 1644 meis
2167 1587 2449 1643 indoleam
2478 1588 2787 1654 erratibus,
2831 1588 2969 1643 facis
3017 1596 3082 1644 ut
3131 1587 3307 1644 etiam
3350 1605 3386 1642 a
3430 1589 3575 1655 facie

1881 1682 1977 1731 tua
2007 1675 2330 1740 abscondar,
2374 1675 2429 1730 id
2457 1683 2542 1731 est
2571 1689 2606 1730 a
2634 1675 2882 1732 videnda
2913 1675 3097 1747 gloria
3147 1684 3246 1731 tua
3293 1683 3573 1746 tanquam

1883 1764 2095 1834 impius
2126 1763 2180 1818 in
2209 1764 2404 1819 futuro
2429 1764 2614 1831 tollar,
2650 1778 2865 1834 vagum
2893 1771 2948 1819 et
2980 1763 3293 1834 profugum
3327 1779 3415 1821 me
3443 1763 3575 1821 effi-

1881 1852 2079 1908 ciendo
2110 1855 2168 1906 in
2199 1858 2367 1920 terra,
2402 1852 2631 1909 labilem
2662 1864 2763 1922 per
2784 1852 2940 1919 vitia,
2974 1866 3040 1906 ac
3072 1852 3244 1908 totius
3270 1853 3405 1909 boni
3430 1854 3575 1908 refu-

1880 1956 2009 2012 gam
2043 1956 2131 1996 me
2164 1942 2284 1997 tieri
2317 1941 2646 2010 permittens
2688 1955 2786 2011 per
2821 1942 3110 1997 evidentia
3152 1955 3345 2011 opera.
3388 1941 3573 1997 Omnis

1882 2031 2055 2097 igitur
2085 2032 2181 2098 qui
2208 2031 2475 2083 invenerit
2511 2044 2611 2097 me,
2653 2029 2859 2083 occidet
2893 2045 2990 2083 me.
3044 2029 3144 2084 Ille
3194 2043 3283 2085 me
3331 2028 3571 2095 invenit,

1882 2116 1984 2187 qui
2013 2132 2135 2173 esse
2158 2132 2352 2173 meum
2392 2116 2448 2172 id
2498 2124 2583 2173 est
2636 2115 2812 2173 vitam
2860 2116 3197 2188 vestigando
3245 2117 3472 2188 reperit,
3518 2126 3574 2173 et

1881 2206 2105 2273 occidit,
2132 2207 2178 2261 si
2208 2205 2519 2262 criminum
2555 2219 2818 2262 meorum
2862 2206 3185 2276 quantitate
3235 2205 3572 2275 perterritus

1881 2309 2039 2365 spem
2069 2294 2254 2350 venite
2285 2292 2425 2349 mihi
2450 2298 2545 2349 ae
2578 2293 2798 2349 adimit.
2828 2293 2934 2350 Sed
2963 2294 3280 2349 notandum
3325 2294 3574 2365 qualiter

1883 2383 1940 2439 in
1964 2383 2294 2451 Deumsuas
2308 2381 2811 2453 homointorqueat
2829 2381 3135 2454 nequitias.
3161 2382 3375 2450 Tu,ait,
3395 2381 3571 2450 ejicis,

1881 2487 1962 2527 me
1991 2488 2027 2527 a
2055 2473 2201 2539 facie
2233 2475 2408 2536 terra,
2450 2470 2505 2527 id
2534 2476 2625 2527 est
2666 2477 2729 2527 tu
2768 2484 2972 2526 curam
3019 2470 3125 2526 mei
3175 2469 3314 2526 mihi
3359 2468 3569 2536 aufers,

1880 2560 2071 2617 ethoc
2091 2566 2156 2616 ut
2184 2573 2218 2615 a
2246 2559 2389 2616 facie
2426 2565 2527 2616 tua
2554 2558 2895 2627 abscondar,
2940 2558 3096 2630 quod
3142 2566 3228 2615 est
3274 2572 3309 2614 a
3353 2557 3436 2614 tui
3488 2558 3571 2614 vi-

1881 2649 2039 2705 sione
2066 2647 2350 2716 secludar,
2399 2654 2455 2703 et
2500 2646 2624 2703 ideo
2675 2647 2746 2702 ab
2780 2646 3113 2703 hominibus
3145 2648 3267 2717 jam
3306 2646 3568 2716 despera-

1883 2736 2137 2792 tissimus
2168 2735 2349 2791 dicar.

1951 2824 2122 2881 Vnus.
2153 2826 2252 2894 .15.
2302 2853 2372 2864 —
2428 2824 2803 2893 Nequaquam,
2861 2824 2944 2876 ait
2995 2825 3273 2889 Dominus,
3340 2826 3421 2876 ita
3453 2823 3569 2892 ﬁet,

1879 2913 1977 2969 sed
2003 2914 2306 2982 quicunque
2345 2912 2598 2967 occiderit
2620 2912 2755 2969 Cain
2781 2909 3093 2981 septuplum
3131 2913 3413 2980 punietur.
3446 2909 3571 2966 Non

1881 3001 1984 3072 qui
2012 3010 2065 3058 te
2103 3000 2390 3069 occiderit,
2437 3000 2535 3056 sed
2567 2999 2669 3070 qui
2712 3001 2849 3057 Cain
2890 3000 3161 3054 occiderit.
3213 2999 3570 3070 Inquantum

1882 3103 2085 3160 nempe
2113 3090 2198 3147 tui
2230 3089 2503 3161 possessio
2529 3103 2608 3157 es,
2644 3089 2991 3159 inquantum
3034 3094 3086 3143 te
3113 3086 3380 3158 castigas,
3430 3093 3485 3142 et
3516 3086 3572 3140 in

1880 3179 2178 3236 servitium
2235 3191 2444 3247 corpus
2498 3176 2729 3247 redigis,
2787 3176 2929 3247 quia
2984 3191 3103 3246 qua
3158 3174 3467 3231 intentione
3517 3173 3573 3229 id

1882 3267 2055 3324 facias
2110 3267 2388 3331 nesciens,
2463 3272 2513 3321 te
2581 3263 2900 3335 hypocrisis
2954 3263 3125 3333 culpa
3187 3262 3567 3328 damnaverit,

1879 3354 2186 3424 septuplum
2235 3354 2516 3422 punietur,
2564 3350 2865 3407 exterioris
2914 3356 2970 3405 et
3029 3349 3316 3405 interioris
3344 3349 3571 3417 fscilicet

1881 3442 2065 3513 operis
2110 3441 2194 3497 tui
2240 3438 2624 3509 peremptione
2669 3452 2801 3494 reus
2842 3437 3169 3493 habebitur.
3204 3437 3572 3506 Septenarius

1882 3531 2096 3600 quippe
2125 3541 2406 3584 numerus
2435 3526 2493 3581 in
2522 3532 2775 3596 quatuor
2800 3531 2856 3581 et
2905 3524 3016 3579 tria
3064 3524 3359 3579 dividitur.
3413 3522 3570 3589 Qua-

1882 3626 2013 3674 tuor
2040 3615 2334 3672 elementis
2363 3627 2592 3682 corpus,
2629 3613 2816 3668 tribus
2860 3612 3274 3681 principalibus
3324 3612 3572 3666 motibus

1884 3705 2192 3770 intellectu,
2243 3701 2539 3767 memoria,
2592 3700 2886 3755 voluntate
2932 3699 3128 3755 anima
3174 3706 3413 3754 constat.
3465 3697 3571 3764 Qui

1879 3809 2016 3865 ergo
2083 3791 2392 3857 hominem,
2474 3789 2602 3845 licet
2675 3787 3032 3857 hypocritam
3102 3786 3229 3843 licet
3280 3787 3570 3853 vitiosum,

1881 3896 2057 3953 quem
2095 3889 2287 3937 tamen
2333 3892 2523 3948 neque
2568 3884 2723 3932 certo
2771 3875 3151 3946 hypocritam,
3216 3890 3321 3930 nec
3375 3888 3574 3931 revera

1883 3972 2149 4028 vitiosutn
2184 3968 2481 4039 comperit,
2515 3966 2847 4038 prtejudicio
2877 3967 3134 4034 damnat,
3184 3966 3573 4036 corporalium

1884 4077 1950 4118 ac
1992 4058 2379 4130 spiritualium
2433 4057 2561 4129 ejus
2609 4057 2913 4124 bonorum,
2963 4055 3185 4111 etiamsi
3233 4054 3396 4111 nulla
3438 4054 3572 4121 sint,

1883 4157 2169 4220 quantum
2198 4160 2304 4203 sua
2341 4146 2590 4213 interest,
2625 4159 2745 4201 sese
2778 4144 3082 4201 homicidio
3132 4142 3377 4215 obligat;
3423 4142 3571 4199 idem

1885 4252 2022 4294 sane
2050 4236 2328 4292 veraciter
2357 4235 2505 4290 bono
2535 4234 2769 4290 cuilibet
2799 4232 2963 4289 facile
2998 4233 3294 4304 irrogaret,
3343 4232 3445 4302 qui
3495 4231 3575 4286 illi

1887 4325 2173 4397 incognito
2242 4323 2543 4379 indiscrete
2622 4322 2938 4379 convitium
3022 4320 3210 4377 infert.
3286 4323 3578 4389 Posuitque

1889 4417 2142 4469 Dominus
2174 4414 2309 4469 Cain
2339 4413 2576 4479 signum,
2607 4414 2668 4464 ut
2718 4426 2823 4464 non
2854 4426 2974 4464 eum
3022 4411 3351 4463 interﬁceret
3403 4412 3576 4463 omnis

1886 4505 1983 4572 qui
2011 4503 2301 4556 invenisset
2339 4515 2476 4554 eum.
2521 4500 2682 4555 Ponit
2729 4498 3005 4581 Dominus
3031 4498 3261 4568 signum
3305 4498 3365 4552 in
3413 4496 3575 4561 Cain,

1886 4593 2025 4647 dum
2057 4605 2244 4660 neque
2277 4589 2577 4645 hominum
2623 4589 2879 4657 signatas
2916 4586 3166 4650 interim,
3206 4586 3261 4641 id
3304 4593 3389 4641 est
3437 4600 3579 4641 con-

1888 4688 2062 4737 tectas
2119 4680 2338 4750 patitur
2381 4691 2501 4732 esse
2557 4675 2866 4747 nequitias,
2928 4683 2991 4732 ut
3046 4689 3081 4731 a
3126 4675 3352 4731 nemine
3403 4674 3581 4743 digna

1890 4776 2070 4824 morte
2089 4775 2301 4824 aeterna
2330 4780 2530 4822 eorum
2576 4764 2632 4819 in
2679 4765 2788 4821 hoc
2814 4763 3024 4821 saeculo
3069 4761 3372 4832 aliquoties
3414 4762 3580 4832 judi-

1888 4857 2007 4913 cari
2038 4856 2212 4926 possit
2242 4854 2534 4925 iniquitas.
2571 4853 2626 4910 Si
2671 4853 2824 4910 enim
2874 4853 3116 4921 abrupte
3156 4851 3577 4921 judicaremus,

1890 4945 2132 5013 dignum
2166 4943 2285 4999 vita
2317 4942 2606 4998 multoties
2636 4940 2808 4997 morti
2840 4939 3258 4995 addiceremus.

1964 5032 2134 5088 Vnus.
2167 5034 2252 5086 16.
2298 5061 2367 5070 -
2405 5033 2773 5099 Egressusque
2819 5029 2954 5085 Cain
2983 5043 3018 5081 a
3053 5028 3199 5093 facie
3228 5028 3447 5080 Domini
3476 5026 3583 5079 ha—

1892 5121 2087 5175 bitavit
2108 5121 2374 5189 profugus
2404 5122 2463 5172 in
2493 5124 2640 5172 terra
2668 5117 2742 5172 ad
2783 5117 3098 5171 orientalem
3137 5116 3363 5186 plagam
3406 5115 3578 5170 Eden.

1890 5207 2037 5274 Quia
2066 5207 2262 5278 itaque
2291 5205 2349 5261 in
2383 5220 2491 5261 sua
2518 5204 2658 5262 Cain
2693 5205 2764 5260 ad
2795 5212 3022 5273 tempus
3049 5203 3188 5260 latet
3213 5203 3584 5269 conscientia,

1892 5309 2132 5353 securus
2160 5294 2456 5365 egreditur
2484 5306 2518 5347 a
2550 5292 2694 5348 facie
2720 5292 2968 5358 Domini,
3011 5291 3067 5349 id
3112 5300 3195 5350 est
3227 5292 3450 5349 favores
3482 5306 3583 5362 per

1896 5385 2180 5440 humanos
2235 5395 2470 5452 sparsus
2516 5396 2629 5435 non
2681 5367 2923 5436 aestimat
2974 5382 3144 5449 mala,
3193 5395 3326 5450 quae
3374 5380 3595 5437 occulte

1897 5472 2034 5543 agit,
2084 5472 2263 5528 Deum
2300 5470 2511 5525 habere
2557 5469 2613 5524 in
2645 5468 2924 5536 notitiam,
2960 5478 3061 5525 aut
3089 5471 3210 5525 haec
3232 5468 3596 5529 dissimulare
