3874 6048
260 186 326 243 83

1158 188 1217 241 V.
1259 186 1587 244 GUIBERTI
1625 184 1915 243 ABBATIS
1949 186 2011 241 S.
2060 184 2296 242 MARIIE
2338 183 2431 242 DE
2473 183 2861 244 NOVIGENTO

3690 187 3785 242 8$

261 319 534 376 Scientem
581 317 787 390 pieque
841 318 1155 390 ignoscere,
1206 318 1475 375 habitans
1520 318 1580 375 in
1625 326 1775 375 terra
1826 297 1951 390 pro-
1987 320 2033 373 A
2061 324 2292 375 vocatos
2329 317 2420 375 sui
2470 317 2768 375 occasione
2816 318 3094 377 devocare
3133 305 3292 376 solet.
3350 321 3599 388 Umorem,
3657 319 3786 387 ait,

262 407 455 477 fugus,
518 406 700 478 figens
762 407 975 463 scilicet
1048 407 1106 463 in
1182 407 1422 464 terrenis
1491 408 1774 475 animum,
1847 423 1953 464 nec

267 495 421 551 illam
481 508 747 565 quarens
796 494 1105 562 civitatem,
1165 495 1336 566 cujus
1398 496 1591 566 opifex
1659 505 1740 552 est
1804 498 1958 554 Deus

266 583 453 655 (Hebr.
487 598 564 651 χι,
605 586 711 651 i0),
742 583 969 640 harens
1009 584 1240 651 intimis,
1285 585 1383 641 sed
1428 586 1645 656 ubique
1684 584 1956 642 vitiorum

265 671 594 743 diffugiens,
669 687 786 742 quo
844 672 1087 729 seminat
1150 672 1408 740 allectus,
1479 681 1748 730 versatur
1805 674 1959 730 circa

267 760 598 817 orientalem
632 760 859 831 plagam
905 761 1085 828 Eden,
1143 761 1299 832 quod
1361 762 1770 831 interpretatur
1815 763 1957 817 deli-

269 851 496 904 ciarum.
549 848 675 905 Non
720 849 897 920 igitur
950 849 1009 904 in
1058 848 1295 916 oriente,
1348 856 1412 905 ut
1477 850 1546 905 de
1586 849 1961 907 orientalibus

268 944 437 1004 esset,
468 936 620 993 inter
662 950 810 1007 quos
858 951 1107 1007 magnus
1153 945 1276 992 erat
1322 937 1444 1003 Job,
1480 944 1536 993 et
1564 938 1686 993 veri
1716 936 1963 995 Orientis

271 1026 488 1082 lumine
512 1025 879 1088 lustraretur,
911 1026 1007 1082 sed
1038 1025 1113 1079 ad
1142 1027 1455 1080 orientalem
1482 1027 1727 1094 plagam,
1784 1026 1836 1082 id
1880 1034 1963 1083 est

272 1114 346 1169 ad
395 1114 819 1170 simulationem
869 1113 1202 1169 intentionis
1246 1128 1467 1180 eorum,
1527 1129 1776 1184 quorum
1820 1129 1963 1170 con-

272 1202 521 1258 versatio
554 1203 611 1257 in
659 1202 815 1258 calls
852 1208 937 1257 est
976 1200 1195 1271 )Philip.
1246 1217 1328 1267 ιιι,
1377 1202 1482 1269 t0),
1516 1202 1733 1273 quibus
1770 1201 1965 1258 vivere

273 1290 537 1347 Christus
570 1297 653 1345 est
685 1289 903 1359 (Philip.
936 1304 973 1357 ι,
1007 1289 1115 1354 2|).
1150 1289 1374 1346 Deliciae
1411 1298 1602 1347 autem
1631 1297 1963 1348 sanctorum

274 1385 412 1434 sunt
449 1391 615 1433 sacra
657 1377 908 1449 eloquia,
951 1377 1008 1434 in
1055 1378 1270 1448 quibus
1306 1393 1365 1435 se
1416 1379 1775 1448 potissimum
1822 1379 1969 1436 dele-

274 1465 437 1533 ctari,
473 1479 650 1536 seque
690 1479 759 1521 ea
804 1474 1049 1523 tractare
1097 1466 1341 1523 libenter
1385 1473 1692 1535 ostentant,
1743 1475 1799 1523 et
1836 1467 1967 1523 inde

275 1554 588 1624 hypocrita
632 1554 1034 1625 spiritualibus
1087 1570 1147 1613 se
1204 1555 1514 1626 Scriptura
1565 1556 1749 1623 dictis,
1800 1555 1965 1626 quasi

276 1615 531 1712 quadam
571 1615 833 1699 orientali
865 1643 991 1700 luce
1033 1615 1370 1700 clariticant.
1417 1645 1481 1701 In
1528 1644 1616 1701 his
1661 1615 1878 1701 deliciis
1908 1646 1968 1700 in
2008 1615 2049 1669 Β

276 1730 512 1787 Cantico
574 1731 785 1787 amoris
839 1745 1048 1802 sponsa
1099 1732 1426 1787 charissima
1485 1739 1727 1788 vocatur
1777 1733 1964 1801 (Cant.

276 1835 376 1885 vn,
422 1819 497 1890 6).
552 1820 713 1876 Unde
758 1820 907 1876 idem
959 1834 1093 1876 cum
1141 1827 1368 1876 terrena
1410 1835 1648 1891 prorsus
1697 1828 1753 1878 et
1799 1834 1973 1892 opera

276 1907 452 1964 totius
511 1908 879 1965 obscuritatis
949 1908 1233 1976 atiectent,
1304 1909 1374 1965 de
1439 1909 1686 1966 videndo
1745 1911 1857 1966 Deo
1919 1916 1972 1967 et

277 1994 757 2064 contemplatione
786 1996 1099 2052 caelestium
1143 1996 1432 2053 subtiliter
1459 1995 1797 2067 eloquendo,
1830 2011 1897 2053 ac
1926 1997 1974 2053 si

278 2084 585 2154 cujusdam
642 2084 998 2153 voluptuosa
1024 2084 1387 2141 claritudinis
1429 2084 1613 2156 gloria
1640 2085 1971 2143 circumfusi

281 2171 482 2227 intima
535 2185 641 2227 sua
678 2172 916 2243 palliare
950 2172 1153 2239 solent,
1201 2180 1257 2229 et
1305 2174 1479 2230 verbo
1525 2174 1790 2244 praferre
1839 2174 1977 2231 libet

279 2260 435 2331 quod
468 2261 759 2318 mentibus
782 2262 923 2318 atris
948 2275 1320 2332 nequaquam
1352 2262 1626 2331 sapiendo
1655 2267 1828 2333 patet.

354 2348 524 2405 Vnus.
563 2350 647 2404 l7.
696 2381 763 2391 —
811 2351 1079 2418 Cognovit
1117 2356 1298 2406 autem
1341 2352 1487 2405 Cain
1530 2366 1752 2405 umorem
1798 2367 1972 2418 suam,

282 2453 401 2507 qua
428 2439 687 2507 concepit,
719 2443 771 2493 et
803 2441 1017 2509 peperit
1044 2441 1274 2493 Henoch.
1328 2438 1480 2494 Licet
1529 2439 1601 2494 ad
1641 2439 1974 2495 orientalem

285 2526 620 2582 deliciarum
694 2534 911 2596 partem
967 2526 1106 2582 Cain
1162 2526 1414 2583 habitari
1465 2527 1749 2594 videatur,
1806 2528 1977 2583 habet

283 2621 477 2669 tamen
521 2628 782 2682 uxorem,
852 2614 1007 2670 illam
1056 2614 1271 2671 scilicet
1318 2629 1450 2685 qua
1490 2614 1561 2670 ad
1607 2629 1828 2671 cauam
1878 2615 1975 2671 Dei

2062 407 2229 473 duxi;
2287 412 2337 461 et
2394 408 2513 462 ideo
2570 424 2676 463 non
2740 423 2956 477 possum
3011 412 3195 463 venire
3266 411 3410 476 (Luc.
3472 411 3687 480 xlv,20)
3762 426 3783 462 :

2065 496 2223 553 Uxor
2255 503 2445 552 autem
2480 496 2602 552 hac
2630 506 2709 551 est
2744 497 3005 565 \‘ttl'iptas
3034 512 3153 567 qua
3183 497 3240 552 in
3276 497 3607 553 transitoria
3640 512 3793 568 pos-

2064 584 2313 640 sessione
2339 591 2394 640 et
2419 584 2589 640 laude
2634 584 3021 653 CORVUhiilU‘,
3074 584 3201 641 licet
3246 585 3358 641 alia
3406 585 3656 652 simulet,
3708 592 3795 641 et

2065 671 2376 728 sinceriora
2404 670 2668 728 affectare
2707 672 2991 729 videatur.
3044 673 3205 731 Unde
3245 680 3299 729 et
3351 672 3521 744 paulo
3564 672 3796 729 subter

2064 760 2322 831 ejusdem
2368 760 2507 817 Cain
2567 761 2934 831 generatione
2980 767 3249 817 contexta
3294 760 3506 817 Noema
3557 760 3798 816 mulier

2065 857 2329 904 extrema
2358 849 2653 916 atlexitur,
2683 864 2813 920 qua
2831 851 3084 920 voluptas
3115 850 3539 920 interpretatur,
3565 849 3622 904 in
3645 862 3797 919 qua

2069 935 2257 992 finalis
2289 937 2659 1006 reproborum
2696 938 2935 994 intentio
2978 938 3302 994 denotatur.
3353 938 3513 992 Hanc
3542 952 3738 1008 cogno
3767 967 3793 976 -

2068 1025 2172 1082 scit
2214 1025 2482 1096 quisquis
2529 1040 2628 1095 pro
2686 1025 2989 1082 dulcedine
3053 1026 3418 1096 praesentium
3472 1025 3796 1095 postponit

2070 1114 2481 1170 beatitudinem
2553 1114 2902 1181 futurorum,
2977 1116 3125 1171 hanc
3186 1115 3498 1185 cognoscit,
3559 1114 3794 1169 misere

2072 1203 2274 1273 utique
2301 1202 2616 1272 experitur,
2650 1203 2751 1273 qui
2794 1202 2840 1258 si
2875 1217 3098 1273 semper
3142 1203 3353 1259 durare
3383 1203 3576 1272 possit,
3609 1216 3794 1258 nun-

2072 1306 2248 1362 quam
2280 1290 2435 1346 aliud
2463 1290 2744 1361 .saculum
2785 1305 2843 1347 se
2874 1292 3015 1346 velle
3053 1291 3279 1347 fatetur.
3314 1292 3451 1347 Inde
3492 1290 3791 1360 concipit,

2071 1391 2126 1434 et
2169 1374 2319 1449 parit
2366 1379 2619 1447 Henoch,
2662 1379 2719 1434 id
2759 1388 2865 1449 est,
2907 1379 3318 1448 dedicationem,
3354 1380 3495 1450 quia
3546 1386 3793 1441 tantus,

2073 1475 2127 1523 et
2152 1476 2267 1524 tam
2304 1468 2570 1538 pestilens
2609 1467 2811 1524 mundi
2842 1482 3004 1524 amor
3028 1468 3234 1524 mentis
3276 1467 3331 1523 in
3382 1467 3546 1524 nobis
3591 1466 3796 1522 efticit

2075 1555 2543 1625 obstinationem;
2579 1556 2821 1612 iacimus
2863 1555 3016 1612 enim
3049 1555 3479 1621 dedicationem,
3530 1569 3665 1611 cum
3698 1553 3795 1609 ad

2078 1645 2272 1701 saculi
2321 1645 2735 1701 oblectamenta
2776 1651 3210 1714 perseveranter
3275 1644 3525 1700 amanda
3588 1642 3798 1699 animi

2079 1733 2435 1789 ostendimus
2493 1732 2972 1789 obﬁrmationem.
3008 1736 3077 1788 Et
3118 1732 3415 1801 adiﬁcavit
3451 1734 3740 1787 civitatem
3774 1748 3793 1796 ;

2082 1824 2134 1875 et
2168 1824 2380 1876 vocavit
2412 1836 2599 1875 nomen
2628 1822 2748 1890 ejus
2784 1836 2852 1877 ex
2883 1823 3095 1875 nomine
3122 1822 3230 1889 ﬁlii
3274 1823 3363 1875 sui
3403 1820 3634 1875 Henoch.
3682 1819 3807 1876 Ci-

2083 1910 2231 1965 vitas
2259 1908 2596 1976 aditicatur,
2628 1924 2763 1965 cum
2810 1908 2916 1965 sibi
2958 1908 3231 1965 similium
3276 1907 3493 1963 homini
3539 1906 3807 1963 cuilibet

2085 2012 2335 2069 nequam
2365 1997 2827 2053 conventiculum
2875 2004 3243 2069 aggregatur.
3294 1999 3382 2052 Ecc
3413 2002 3624 2051 nomine
3669 1997 3808 2058 ﬁlii

2085 2093 2270 2153 vocat,
2314 2100 2446 2142 cum
2495 2087 2562 2141 all
2605 2087 2864 2143 eamdem
2919 2085 3146 2156 pessimi
3204 2085 3475 2156 propositi
3520 2084 3808 2141 destina-

2085 2174 2295 2232 tionem
2331 2174 2694 2245 impanitens
2731 2174 3069 2245 sequacium
3114 2188 3212 2230 cor
3252 2180 3543 2244 provocat.
3597 2173 3810 2228 Multa

2086 2277 2256 2333 super
2301 2264 2389 2319 his
2449 2270 2505 2318 et
2551 2263 2902 2333 quibusdam
2952 2278 3084 2332 qua
3129 2269 3461 2332 sequuntur
3503 2261 3803 2324 dicerem,

2086 2352 2197 2408 nisi
2244 2352 2474 2408 beatum
2525 2352 2918 2422 Augustinum
2969 2359 3024 2408 et
3090 2351 3326 2406 Patrum
3374 2350 3603 2421 aliquos
3646 2349 3810 2405 inde

2087 2448 2358 2497 tractasse
2388 2441 2608 2496 scirem.
2639 2440 2741 2496 Hic
2769 2448 2960 2496 autem
2992 2447 3048 2495 et
3078 2438 3220 2495 alias
3260 2438 3474 2494 evitavi
3507 2438 3808 2494 Hebrae-

2087 2543 2218 2585 rum
2250 2529 2548 2584 nominum
2571 2527 2916 2598 congeriem.
3707 2535 3712 2538 '

1363 2781 1666 2824 ΕΧΡωοιΤ
1712 2781 1904 2824 LIBER
1947 2780 2296 2825 SECUNDUS
2343 2782 2717 2824 MORALIUM.

1472 3096 1827 3169 INCIPIT
1882 3096 2165 3169 LIBER
2221 3095 2626 3168 TERTIUS

1092 3294 1947 3399 MORALIUM

2044 3295 2205 3396 IN
2304 3293 3000 3397 GENESIN.

979 3636 1212 3693 CAPUT
1244 3635 1310 3690 V.

370 3768 468 3819 88
498 3763 671 3819 Vnus.
703 3762 793 3817 3i.
825 3790 893 3800 —
931 3762 1041 3815 Noe
1075 3774 1195 3814 cum
1243 3761 1659 3827 quingentorum
1702 3763 1840 3812 esset
1886 3774 1992 3812 an-

299 3865 509 3916 norum,
568 3850 755 3917 genuit
813 3849 952 3914 Sem,
1018 3847 1206 3912 Cham,
1257 3851 1308 3900 et
1370 3845 1624 3914 Japheth.
1697 3844 1813 3901 Noe
1886 3844 1995 3901 fuit

302 3939 456 3995 filius
475 3936 737 3993 Lamech.
765 3935 1007 3991 Lamech
1029 3933 1329 4002 disciplina
1354 3933 1595 4002 dicitur;
1619 3932 1734 3989 Noe
1757 3935 1989 4001 requies.

303 4027 385 4082 Ex
418 4023 723 4094 disciplina
752 4037 888 4094 ergo
937 4021 1169 4095 requies
1195 4021 1401 4089 oritur,
1434 4035 1565 4091 qua
1607 4020 1711 4076 etsi
1743 4021 1799 4076 in
1842 4034 1993 4091 pra-

302 4114 449 4171 senti
482 4112 742 4168 maeroris
779 4118 883 4176 est,
917 4109 1345 4180 pacatissimam
1376 4116 1568 4164 tamen
1613 4108 1867 4165 fructum
1897 4108 1992 4179 ju-

303 4200 471 4258 stitia
512 4199 708 4256 reddet
754 4198 1079 4255 exercitatis
1127 4197 1186 4253 in
1239 4210 1307 4253 ea
1355 4196 1540 4265 (llebr.
1591 4211 1690 4264 xu,
1738 4196 1844 4260 11).
1894 4196 1993 4251 In—

305 4288 638 4348 tellectualis
662 4288 813 4344 enim
857 4287 961 4344 iste
992 4286 1237 4342 Lamech
1282 4286 1362 4341 sic
1412 4285 1482 4341 de
1528 4286 1644 4342 Noe
1685 4300 1818 4341 cum
1861 4298 1995 4340 eum

305 4382 539 4446 generat
586 4374 708 4431 ait:
773 4377 881 4429 Iste
937 4374 1303 4430 consolabitur
1356 4388 1451 4427 nos
1506 4373 1574 4426 ab
1626 4372 1897 4442 operibus,
1947 4377 1998 4426 et

306 4465 585 4520 laboribus
633 4479 893 4518 manuum
936 4468 1245 4518 nostrarum
1291 4464 1350 4516 in
1395 4467 1560 4527 terra,
1592 4464 1681 4516 cui
1707 4460 1997 4516 maledixit

313 4554 575 4608 Dominus
608 4554 767 4619 (Gen.
798 4567 849 4618 ν,
870 4551 977 4619 29).
1011 4551 1154 4608 Nam
1187 4563 1319 4606 cum
1352 4563 1453 4619 per
1486 4549 1825 4605 exercitium
1869 4562 1996 4604 cer-

308 4641 540 4697 taminis
568 4641 875 4697 devehitur
902 4639 1073 4695 etiam
1116 4639 1174 4694 in
1224 4639 1331 4694 hoc
1377 4637 1585 4693 saculo
1628 4637 1698 4692 ad
1740 4636 1996 4706 requiem

307 4729 685 4800 aliquantula
711 4726 1204 4799 impassibilitatis,
1235 4734 1374 4782 tunc
1421 4738 1623 4781 revera
1653 4724 1791 4791 Noe,
1824 4738 1998 4794 quem

307 4818 613 4888 complexu
646 4816 985 4886 disciplina
1054 4814 1382 4886 genuimus,
1432 4813 1761 4869 consolatur
1807 4827 1910 4868 nos
1962 4826 1997 4867 a

309 4904 590 4975 perpessis
638 4902 953 4969 laboribus,
1005 4901 1166 4967 dum,
1219 4914 1334 4956 non
1375 4913 1565 4955 aerem
1604 4899 1992 4966 verberantes,

308 4993 381 5048 ad
410 4992 631 5064 aliquid
654 4991 898 5062 imperii,
926 4990 1015 5046 vel
1049 4988 1261 5059 quietis
1291 4987 1646 5058 pertigimus,
1679 4991 1736 5043 et
1774 4987 1998 5043 exube-

309 5080 501 5136 rantia
527 5079 728 5151 gratia
762 5087 930 5136 terra
972 5075 1306 5143 maledictis,
1354 5075 1409 5131 id
1464 5081 1549 5131 est
1588 5074 1998 5131 defectionibus

308 5166 595 5237 corporeis
650 5164 1208 5236 superexcrevimus.
1273 5163 1378 5219 Sed
1435 5161 1651 5233 gradus
1715 5163 1997 5233 quosdam

311 5252 481 5309 habet
512 5252 632 5308 hac
656 5253 902 5323 requies.
938 5252 1158 5325 Dicitur
1199 5258 1393 5307 autem
1446 5249 1711 5317 Lamech,
1761 5250 1997 5319 quando

312 5354 413 5410 per
434 5341 499 5395 ch
538 5339 828 5407 scribitur,
870 5339 1147 5396 Hebraice
1181 5354 1514 5409 percussum,
1562 5337 1653 5394 vel
1689 5339 1996 5407 percutien-

310 5434 415 5484 tem
443 5442 675 5495 sonare;
707 5428 1058 5499 disciplinam
1084 5440 1223 5484 vero
1260 5434 1508 5493 tantum,
1563 5440 1697 5482 cum
1740 5439 1843 5496 pro
1882 5425 1995 5483 ele-

2028 3580 2069 3636 C
2101 3587 2291 3636 mento
2319 3580 2570 3650 ponitur,
2614 3587 2669 3636 et
2710 3581 2981 3637 scribitur
3010 3579 3258 3637 ﬁnaliter
3299 3595 3398 3651 per
3445 3582 3500 3637 ἁ.
3553 3582 3810 3639 Percus-

2101 3683 2200 3726 sus
2252 3675 2443 3724 autem
2502 3668 2799 3725 rationalis
2851 3676 2935 3724 est
2991 3668 3238 3736 animus,
3302 3669 3402 3741 qui
3470 3670 3528 3725 in
3578 3671 3688 3727 Job
3752 3681 3811 3727 et

2104 3757 2339 3827 psalmis
2359 3758 2597 3828 sagittas
2625 3757 2729 3812 sibi
2763 3756 2973 3812 inﬁxas
3016 3758 3455 3833 passibilitatum
3506 3760 3810 3829 queritur,

2102 3852 2157 3902 et
2182 3846 2561 3902 tentationum
2600 3844 2810 3915 jaculis
2858 3853 3192 3914 penetratur
3236 3847 3354 3916 (Job
3385 3861 3462 3912 γι,
3511 3846 3575 3918 4;
3631 3847 3811 3903 Psal.

2103 3948 2318 3999 xxxvtt,
2353 3936 2427 4001 3).
2463 3932 2648 3988 Isdem
2678 3947 2915 4003 quoque
2945 3935 3208 4003 percutit.
3234 3949 3365 3990 cum
3393 3935 3817 4005 ingruentibus

2103 4021 2323 4078 fortiter
2372 4033 2573 4076 earum
2635 4020 2904 4076 molestiis
2960 4022 3338 4092 repugnando
3386 4023 3614 4079 resistit.
3667 4024 3814 4081 Noe

2102 4115 2320 4175 autem,
2367 4108 2520 4178 quod
2583 4115 2667 4164 est
2710 4108 2959 4178 requies,
3016 4109 3219 4179 gignit,
3261 4124 3393 4166 cum
3425 4109 3497 4165 ad
3544 4109 3812 4167 victoria

2104 4195 2579 4266 tranquillitatem
2636 4196 2915 4264 pervenit.
2977 4196 3177 4264 Habet,
3255 4198 3517 4267 inquam,
3569 4200 3813 4268 requies

2105 4284 2212 4339 ista
2246 4283 2490 4354 gradus;
2521 4282 2684 4352 prius
2728 4297 2934 4353 nempe
2979 4284 3240 4340 exterius
3292 4285 3365 4341 ab
3412 4299 3579 4356 opere
3620 4300 3812 4355 pravo

2105 4371 2457 4442 quiescimus
2503 4371 2757 4438 demum,
2823 4371 2919 4427 sed
2972 4371 3142 4427 valde
3187 4372 3479 4429 difﬁcilius
3523 4380 3719 4430 tamen
3775 4389 3811 4429 a

2108 4472 2376 4529 perversa
2423 4458 2770 4529 cogitatione
2808 4473 3116 4515 cessamus.
3175 4460 3338 4516 Unde
3384 4464 3813 4531 quingentorum

2106 4563 2370 4602 annorum
2400 4548 2506 4602 Noe
2536 4547 2891 4617 perhibetur.
2945 4547 3054 4603 Per
3101 4547 3439 4618 quinarium
3485 4563 3808 4605 numerum

2105 4634 2467 4692 exterioritas
2484 4635 2557 4690 ob
2586 4635 2849 4705 quinque
2876 4628 3103 4692 sensus‘
3127 4636 3430 4707 accipitur,
3472 4650 3574 4706 per
3618 4644 3812 4692 cente-

2106 4723 2338 4780 narium
2390 4722 2657 4793 perfectio
2689 4723 3000 4794 liguratur,
3048 4724 3203 4794 quod
3251 4731 3336 4780 est
3377 4724 3682 4780 exterioris
3716 4725 3813 4781 be—

2111 4811 2299 4868 neficii
2330 4810 2685 4882 plenitudine
2734 4825 2769 4867 a
2806 4825 3057 4882 nequam
3106 4811 3311 4868 studiis
3358 4823 3597 4869 cessare.
3646 4812 3807 4870 Anni
3850 4810 3851 4851 ἒ

2037 4871 2079 4925 D
2111 4907 2303 4956 autem
2332 4871 2675 4956 .divinorum
2725 4871 2966 4966 lumina,
3011 4907 3066 4956 et
3114 4900 3433 4956 hilaritates
3475 4899 3808 4956 officiorum

2105 4995 2262 5054 sunt,
2317 4988 2534 5059 quibus
2584 4987 2690 5044 iste
2745 4988 2951 5044 mentis
3009 4995 3211 5055 status,
3275 4988 3374 5058 qui
3432 4989 3491 5044 in
3551 4988 3808 5045 Canticis

2107 5076 2345 5132 ﬂoridus
2401 5075 2615 5133 dicitur
2669 5076 2937 5133 Ecclesia
3007 5076 3204 5144 lectus,
3279 5076 3546 5146 impletur
3605 5076 3801 5144 (Cant.

2105 5178 2147 5232 ι,
2174 5162 2278 5232 15).
3461 5201 3477 5215 .

2176 5251 2242 5306 ln
2280 5252 2387 5308 hoc
2439 5251 2634 5323 itaque
2681 5251 2929 5309 Sabbato
2981 5251 3244 5323 gignitur
3297 5251 3445 5320 Scm,
3491 5253 3693 5319 Cham,
3748 5259 3803 5307 et

2104 5339 2367 5409 Japheth.
2401 5339 2527 5396 Sem
2564 5340 2972 5410 interpretatur
2992 5342 3334 5406 nominatus;
3367 5339 3423 5395 in
3471 5354 3589 5410 quo
3639 5337 3801 5395 intel-

2106 5426 2306 5498 ligitur
2349 5427 2508 5495 ﬁdes,
2567 5428 2670 5484 ubi
2725 5441 2937 5484 nomen
3004 5427 3159 5497 quod
3211 5426 3580 5483 benedicetur
3626 5438 3801 5496 super
