  <div class='ocr_page' id='page_1' title='image "/cluster/home/n/w/nwhite01/storage/ocr_20150623/156/hvd.32044054760145/048.png"; bbox 0 0 3874 6048; ppageno 0'>
   <div class='ocr_carea' id='block_1_1' title="bbox 106 145 191 200">
    <p class='ocr_par' dir='ltr' id='par_1_1' title="bbox 106 145 191 200">
     <span class='ocr_line' id='line_1_1' title="bbox 106 145 191 200; baseline 0 0"><span class='ocrx_word' id='word_1_1' title='bbox 106 145 191 200; x_wconf 78' lang='lat'><strong>85</strong></span> 
     </span>
    </p>
   </div>
   <div class='ocr_carea' id='block_1_2' title="bbox 1339 154 2497 222">
    <p class='ocr_par' dir='ltr' id='par_1_2' title="bbox 1339 154 2497 222">
     <span class='ocr_line' id='line_1_2' title="bbox 1339 154 2497 222; baseline 0.009 -10"><span class='ocrx_word' id='word_1_2' title='bbox 1339 154 1705 215; x_wconf 71' lang='lat' dir='ltr'><strong>MORALIUH</strong></span> <span class='ocrx_word' id='word_1_3' title='bbox 1765 158 1834 215; x_wconf 80' lang='lat' dir='ltr'><strong>IN</strong></span> <span class='ocrx_word' id='word_1_4' title='bbox 1884 158 2191 220; x_wconf 79' lang='lat' dir='ltr'><strong>GENESIN</strong></span> <span class='ocrx_word' id='word_1_5' title='bbox 2240 164 2367 221; x_wconf 84' lang='lat' dir='ltr'><strong>LIB.</strong></span> <span class='ocrx_word' id='word_1_6' title='bbox 2404 165 2497 222; x_wconf 87' lang='grc' dir='ltr'>ΙΙῐ.</span> 
     </span>
    </p>
   </div>
   <div class='ocr_carea' id='block_1_3' title="bbox 3592 182 3660 236">
    <p class='ocr_par' dir='ltr' id='par_1_3' title="bbox 3592 182 3660 236">
     <span class='ocr_line' id='line_1_3' title="bbox 3592 182 3660 236; baseline 0 0"><span class='ocrx_word' id='word_1_7' title='bbox 3592 182 3660 236; x_wconf 81' lang='grc'><strong>86</strong></span> 
     </span>
    </p>
   </div>
   <div class='ocr_carea' id='block_1_4' title="bbox 110 284 3661 381">
    <p class='ocr_par' dir='ltr' id='par_1_4' title="bbox 110 284 3661 381">
     <span class='ocr_line' id='line_1_4' title="bbox 110 284 3661 381; baseline 0.01 -44"><span class='ocrx_word' id='word_1_8' title='bbox 110 288 390 381; x_wconf 73' lang='lat' dir='ltr'><strong>terram,</strong></span> <span class='ocrx_word' id='word_1_9' title='bbox 418 284 571 381; x_wconf 78' lang='lat' dir='ltr'><strong>etin</strong></span> <span class='ocrx_word' id='word_1_10' title='bbox 601 300 736 381; x_wconf 21' lang='lat' dir='ltr'><strong>quo;</strong></span> <span class='ocrx_word' id='word_1_11' title='bbox 758 286 876 381; x_wconf 76' lang='lat' dir='ltr'><strong>solo</strong></span> <span class='ocrx_word' id='word_1_12' title='bbox 900 294 1157 359; x_wconf 90' lang='lat' dir='ltr'><strong>oporteat</strong></span> <span class='ocrx_word' id='word_1_13' title='bbox 1189 304 1292 381; x_wconf 87' lang='lat' dir='ltr'><strong>nos</strong></span> <span class='ocrx_word' id='word_1_14' title='bbox 1321 291 1509 381; x_wconf 84' lang='lat' dir='ltr'><strong>salvos</strong></span> <span class='ocrx_word' id='word_1_15' title='bbox 1539 293 1661 351; x_wconf 87' lang='lat' dir='ltr'><strong>ﬁeri</strong></span> <span class='ocrx_word' id='word_1_16' title='bbox 1690 294 1846 355; x_wconf 83' lang='lat' dir='ltr'><strong>acci-</strong></span> <span class='ocrx_word' id='word_1_17' title='bbox 1876 298 1922 352; x_wconf 79' lang='grc' dir='ltr'>Α</span> <span class='ocrx_word' id='word_1_18' title='bbox 1960 307 2155 356; x_wconf 90' lang='lat' dir='ltr'><strong>nostra</strong></span> <span class='ocrx_word' id='word_1_19' title='bbox 2219 302 2534 361; x_wconf 84' lang='lat' dir='ltr'><strong>obtinuisse</strong></span> <span class='ocrx_word' id='word_1_20' title='bbox 2579 306 2955 378; x_wconf 71' lang='lat' dir='ltr'><strong>putabamus,</strong></span> <span class='ocrx_word' id='word_1_21' title='bbox 3027 312 3383 381; x_wconf 81' lang='lat' dir='ltr'><strong>experientia</strong></span> <span class='ocrx_word' id='word_1_22' title='bbox 3439 316 3661 373; x_wconf 85' lang='lat' dir='ltr'><strong>media-</strong></span> 
     </span>
    </p>
   </div>
   <div class='ocr_carea' id='block_1_5' title="bbox 112 370 1852 452">
    <p class='ocr_par' dir='ltr' id='par_1_5' title="bbox 112 370 1852 452">
     <span class='ocr_line' id='line_1_5' title="bbox 112 370 1852 452; baseline 0.009 -27"><span class='ocrx_word' id='word_1_23' title='bbox 112 370 341 441; x_wconf 84' lang='lat' dir='ltr'><strong>pimns</strong></span> <span class='ocrx_word' id='word_1_24' title='bbox 369 375 512 440; x_wconf 76' lang='lat' dir='ltr'><strong>(Act.</strong></span> <span class='ocrx_word' id='word_1_25' title='bbox 558 389 634 442; x_wconf 85' lang='lat' dir='ltr'><strong>iv,</strong></span> <span class='ocrx_word' id='word_1_26' title='bbox 684 377 793 446; x_wconf 79' lang='lat' dir='ltr'><strong>t2.)</strong></span> <span class='ocrx_word' id='word_1_27' title='bbox 824 376 942 433; x_wconf 84' lang='lat' dir='ltr'><strong>Hoc</strong></span> <span class='ocrx_word' id='word_1_28' title='bbox 977 392 1050 434; x_wconf 87' lang='lat' dir='ltr'><strong>ex</strong></span> <span class='ocrx_word' id='word_1_29' title='bbox 1093 378 1289 436; x_wconf 90' lang='lat' dir='ltr'><strong>usuris</strong></span> <span class='ocrx_word' id='word_1_30' title='bbox 1322 387 1376 437; x_wconf 93' lang='lat' dir='ltr'><strong>et</strong></span> <span class='ocrx_word' id='word_1_31' title='bbox 1423 380 1726 452; x_wconf 74' lang='lat' dir='ltr'><strong>iniquitate</strong></span> <span class='ocrx_word' id='word_1_32' title='bbox 1769 398 1852 440; x_wconf 90' lang='lat' dir='ltr'><strong>re-</strong></span> 
     </span>
    </p>
   </div>
   <div class='ocr_carea' id='block_1_6' title="bbox 110 459 1845 541">
    <p class='ocr_par' dir='ltr' id='par_1_6' title="bbox 110 459 1845 541">
     <span class='ocr_line' id='line_1_6' title="bbox 110 459 1845 541; baseline 0.007 -27"><span class='ocrx_word' id='word_1_33' title='bbox 110 459 518 531; x_wconf 81' lang='lat' dir='ltr'><strong>demptorum</strong></span> <span class='ocrx_word' id='word_1_34' title='bbox 575 463 912 521; x_wconf 89' lang='lat' dir='ltr'><strong>honorabile</strong></span> <span class='ocrx_word' id='word_1_35' title='bbox 967 480 1176 522; x_wconf 87' lang='lat' dir='ltr'><strong>nomen</strong></span> <span class='ocrx_word' id='word_1_36' title='bbox 1229 482 1424 524; x_wconf 90' lang='lat' dir='ltr'><strong>coram</strong></span> <span class='ocrx_word' id='word_1_37' title='bbox 1488 469 1612 540; x_wconf 93' lang='lat' dir='ltr'><strong>ipso</strong></span> <span class='ocrx_word' id='word_1_38' title='bbox 1680 472 1845 541; x_wconf 86' lang='lat' dir='ltr'><strong>(Psal.</strong></span> 
     </span>
    </p>
   </div>
   <div class='ocr_carea' id='block_1_7' title="bbox 112 551 1852 627">
    <p class='ocr_par' dir='ltr' id='par_1_7' title="bbox 112 551 1852 627">
     <span class='ocr_line' id='line_1_7' title="bbox 112 551 1852 627; baseline 0.007 -25"><span class='ocrx_word' id='word_1_39' title='bbox 112 562 292 615; x_wconf 80' lang='lat' dir='ltr'><strong>Lxxt,</strong></span> <span class='ocrx_word' id='word_1_40' title='bbox 343 554 404 605; x_wconf 80' lang='lat' dir='ltr'><strong>I4</strong></span> <span class='ocrx_word' id='word_1_41' title='bbox 432 551 450 620; x_wconf 95' lang='lat'><strong>)</strong></span> <span class='ocrx_word' id='word_1_42' title='bbox 480 565 492 605; x_wconf 92' lang='lat'>:</span> <span class='ocrx_word' id='word_1_43' title='bbox 524 552 580 607; x_wconf 87' lang='lat' dir='ltr'><strong>Si</strong></span> <span class='ocrx_word' id='word_1_44' title='bbox 622 554 776 608; x_wconf 87' lang='lat' dir='ltr'><strong>enim</strong></span> <span class='ocrx_word' id='word_1_45' title='bbox 816 553 873 608; x_wconf 88' lang='lat' dir='ltr'><strong>hi</strong></span> <span class='ocrx_word' id='word_1_46' title='bbox 917 556 1015 623; x_wconf 89' lang='lat' dir='ltr'><strong>qui</strong></span> <span class='ocrx_word' id='word_1_47' title='bbox 1050 556 1110 609; x_wconf 88' lang='lat' dir='ltr'><strong>in</strong></span> <span class='ocrx_word' id='word_1_48' title='bbox 1152 555 1376 611; x_wconf 80' lang='lat' dir='ltr'><strong>Christo</strong></span> <span class='ocrx_word' id='word_1_49' title='bbox 1419 563 1547 613; x_wconf 83' lang='lat' dir='ltr'><strong>sunt</strong></span> <span class='ocrx_word' id='word_1_50' title='bbox 1573 567 1852 627; x_wconf 83' lang='lat' dir='ltr'><strong>resurgent</strong></span> 
     </span>
    </p>
   </div>
   <div class='ocr_carea' id='block_1_8' title="bbox 108 639 1852 714">
    <p class='ocr_par' dir='ltr' id='par_1_8' title="bbox 108 639 1852 714">
     <span class='ocr_line' id='line_1_8' title="bbox 108 639 1852 714; baseline 0.008 -24"><span class='ocrx_word' id='word_1_51' title='bbox 108 639 316 706; x_wconf 80' lang='lat' dir='ltr'><strong>primi</strong></span> <span class='ocrx_word' id='word_1_52' title='bbox 345 639 404 705; x_wconf 87' lang='grc' dir='ltr'><strong>(Ι</strong></span> <span class='ocrx_word' id='word_1_53' title='bbox 442 640 618 695; x_wconf 72' lang='lat' dir='ltr'><strong>Thess.</strong></span> <span class='ocrx_word' id='word_1_54' title='bbox 669 655 745 706; x_wconf 87' lang='lat' dir='ltr'><strong>iv,</strong></span> <span class='ocrx_word' id='word_1_55' title='bbox 796 642 905 709; x_wconf 87' lang='grc'><strong>15),</strong></span> <span class='ocrx_word' id='word_1_56' title='bbox 948 642 1019 698; x_wconf 93' lang='lat' dir='ltr'><strong>ob</strong></span> <span class='ocrx_word' id='word_1_57' title='bbox 1070 642 1405 714; x_wconf 88' lang='lat' dir='ltr'><strong>dignitatem</strong></span> <span class='ocrx_word' id='word_1_58' title='bbox 1448 645 1710 703; x_wconf 77' lang='lat' dir='ltr'><strong>videlicet</strong></span> <span class='ocrx_word' id='word_1_59' title='bbox 1747 662 1852 704; x_wconf 84' lang='lat' dir='ltr'><strong>no-</strong></span> 
     </span>
    </p>
   </div>
   <div class='ocr_carea' id='block_1_9' title="bbox 116 726 1848 806">
    <p class='ocr_par' dir='ltr' id='par_1_9' title="bbox 116 726 1848 806">
     <span class='ocr_line' id='line_1_9' title="bbox 116 726 1848 806; baseline 0.006 -26"><span class='ocrx_word' id='word_1_60' title='bbox 116 726 322 781; x_wconf 84' lang='lat' dir='ltr'><strong>minis</strong></span> <span class='ocrx_word' id='word_1_61' title='bbox 352 727 685 796; x_wconf 89' lang='lat' dir='ltr'><strong>Christiani,</strong></span> <span class='ocrx_word' id='word_1_62' title='bbox 723 737 784 784; x_wconf 91' lang='lat' dir='ltr'><strong>ut</strong></span> <span class='ocrx_word' id='word_1_63' title='bbox 816 729 956 800; x_wconf 89' lang='lat' dir='ltr'><strong>quid</strong></span> <span class='ocrx_word' id='word_1_64' title='bbox 983 730 1325 803; x_wconf 85' lang='lat' dir='ltr'><strong>ambiguum</strong></span> <span class='ocrx_word' id='word_1_65' title='bbox 1362 733 1663 802; x_wconf 81' lang='lat' dir='ltr'><strong>habeatur,</strong></span> <span class='ocrx_word' id='word_1_66' title='bbox 1695 736 1848 806; x_wconf 90' lang='lat' dir='ltr'><strong>quod</strong></span> 
     </span>
    </p>
   </div>
   <div class='ocr_carea' id='block_1_10' title="bbox 111 808 1849 888">
    <p class='ocr_par' dir='ltr' id='par_1_10' title="bbox 111 808 1849 888">
     <span class='ocr_line' id='line_1_10' title="bbox 111 808 1849 888; baseline 0.007 -20"><span class='ocrx_word' id='word_1_67' title='bbox 111 822 177 868; x_wconf 87' lang='lat' dir='ltr'><strong>et</strong></span> <span class='ocrx_word' id='word_1_68' title='bbox 224 814 351 884; x_wconf 86' lang='lat' dir='ltr'><strong>ipsi</strong></span> <span class='ocrx_word' id='word_1_69' title='bbox 386 808 689 886; x_wconf 82' lang='lat' dir='ltr'><strong>quoddam</strong></span> <span class='ocrx_word' id='word_1_70' title='bbox 733 818 1020 886; x_wconf 90' lang='lat' dir='ltr'><strong>potentius</strong></span> <span class='ocrx_word' id='word_1_71' title='bbox 1072 820 1371 888; x_wconf 78' lang='lat' dir='ltr'><strong>praemium</strong></span> <span class='ocrx_word' id='word_1_72' title='bbox 1418 822 1476 878; x_wconf 92' lang='lat' dir='ltr'><strong>in</strong></span> <span class='ocrx_word' id='word_1_73' title='bbox 1516 822 1670 879; x_wconf 76' lang='lat' dir='ltr'><strong>ctelis</strong></span> <span class='ocrx_word' id='word_1_74' title='bbox 1705 823 1849 880; x_wconf 85' lang='lat' dir='ltr'><strong>obti-</strong></span> 
     </span>
    </p>
   </div>
   <div class='ocr_carea' id='block_1_11' title="bbox 116 905 1852 978">
    <p class='ocr_par' dir='ltr' id='par_1_11' title="bbox 116 905 1852 978">
     <span class='ocr_line' id='line_1_11' title="bbox 116 905 1852 978; baseline 0.006 -20"><span class='ocrx_word' id='word_1_75' title='bbox 116 911 322 959; x_wconf 86' lang='lat' dir='ltr'><strong>neant</strong></span> <span class='ocrx_word' id='word_1_76' title='bbox 366 919 441 960; x_wconf 86' lang='lat' dir='ltr'><strong>ex</strong></span> <span class='ocrx_word' id='word_1_77' title='bbox 491 905 788 976; x_wconf 89' lang='lat' dir='ltr'><strong>participio</strong></span> <span class='ocrx_word' id='word_1_78' title='bbox 850 906 1108 978; x_wconf 87' lang='lat' dir='ltr'><strong>insignes</strong></span> <span class='ocrx_word' id='word_1_79' title='bbox 1154 910 1299 965; x_wconf 90' lang='lat' dir='ltr'><strong>tanti</strong></span> <span class='ocrx_word' id='word_1_80' title='bbox 1352 911 1648 968; x_wconf 83' lang='lat' dir='ltr'><strong>nominis?</strong></span> <span class='ocrx_word' id='word_1_81' title='bbox 1692 913 1852 970; x_wconf 89' lang='lat' dir='ltr'><strong>Unde</strong></span> 
     </span>
    </p>
   </div>
   <div class='ocr_carea' id='block_1_12' title="bbox 119 991 1853 1071">
    <p class='ocr_par' dir='ltr' id='par_1_12' title="bbox 119 991 1853 1071">
     <span class='ocr_line' id='line_1_12' title="bbox 119 991 1853 1071; baseline 0.007 -25"><span class='ocrx_word' id='word_1_82' title='bbox 119 991 189 1047; x_wconf 87' lang='lat' dir='ltr'><strong>in</strong></span> <span class='ocrx_word' id='word_1_83' title='bbox 230 992 534 1062; x_wconf 88' lang='lat' dir='ltr'><strong>baptismo</strong></span> <span class='ocrx_word' id='word_1_84' title='bbox 575 1008 786 1050; x_wconf 87' lang='lat' dir='ltr'><strong>nomen</strong></span> <span class='ocrx_word' id='word_1_85' title='bbox 835 995 1084 1066; x_wconf 91' lang='lat' dir='ltr'><strong>quisque</strong></span> <span class='ocrx_word' id='word_1_86' title='bbox 1127 997 1309 1053; x_wconf 91' lang='lat' dir='ltr'><strong>ﬁdelis</strong></span> <span class='ocrx_word' id='word_1_87' title='bbox 1349 998 1578 1069; x_wconf 90' lang='lat' dir='ltr'><strong>accipit,</strong></span> <span class='ocrx_word' id='word_1_88' title='bbox 1626 1000 1685 1056; x_wconf 94' lang='lat' dir='ltr'><strong>in</strong></span> <span class='ocrx_word' id='word_1_89' title='bbox 1735 1016 1853 1071; x_wconf 90' lang='lat' dir='ltr'><strong>quo</strong></span> 
     </span>
    </p>
   </div>
   <div class='ocr_carea' id='block_1_13' title="bbox 119 1081 1852 1159">
    <p class='ocr_par' dir='ltr' id='par_1_13' title="bbox 119 1081 1852 1159">
     <span class='ocr_line' id='line_1_13' title="bbox 119 1081 1852 1159; baseline 0.006 -24"><span class='ocrx_word' id='word_1_90' title='bbox 119 1081 203 1135; x_wconf 82' lang='lat' dir='ltr'><strong>ad</strong></span> <span class='ocrx_word' id='word_1_91' title='bbox 227 1082 615 1152; x_wconf 78' lang='lat' dir='ltr'><strong>exsequenda</strong></span> <span class='ocrx_word' id='word_1_92' title='bbox 646 1082 855 1139; x_wconf 84' lang='lat' dir='ltr'><strong>Christi</strong></span> <span class='ocrx_word' id='word_1_93' title='bbox 886 1085 1055 1155; x_wconf 87' lang='lat' dir='ltr'><strong>signa</strong></span> <span class='ocrx_word' id='word_1_94' title='bbox 1099 1085 1415 1155; x_wconf 91' lang='lat' dir='ltr'><strong>spiritualis</strong></span> <span class='ocrx_word' id='word_1_95' title='bbox 1454 1088 1670 1145; x_wconf 72' lang='lat' dir='ltr'><strong>militiai</strong></span> <span class='ocrx_word' id='word_1_96' title='bbox 1717 1104 1852 1159; x_wconf 92' lang='lat' dir='ltr'><strong>pro-</strong></span> 
     </span>
    </p>
   </div>
   <div class='ocr_carea' id='block_1_14' title="bbox 122 1169 1853 1248">
    <p class='ocr_par' dir='ltr' id='par_1_14' title="bbox 122 1169 1853 1248">
     <span class='ocr_line' id='line_1_14' title="bbox 122 1169 1853 1248; baseline 0.006 -24"><span class='ocrx_word' id='word_1_97' title='bbox 122 1169 389 1225; x_wconf 88' lang='lat' dir='ltr'><strong>fessione</strong></span> <span class='ocrx_word' id='word_1_98' title='bbox 420 1170 751 1227; x_wconf 84' lang='lat' dir='ltr'><strong>subscribit.</strong></span> <span class='ocrx_word' id='word_1_99' title='bbox 801 1171 908 1228; x_wconf 87' lang='lat' dir='ltr'><strong>Sed</strong></span> <span class='ocrx_word' id='word_1_100' title='bbox 956 1173 1056 1243; x_wconf 91' lang='lat' dir='ltr'><strong>qui</strong></span> <span class='ocrx_word' id='word_1_101' title='bbox 1099 1174 1181 1230; x_wconf 93' lang='lat' dir='ltr'><strong>sic</strong></span> <span class='ocrx_word' id='word_1_102' title='bbox 1207 1174 1277 1231; x_wconf 93' lang='lat' dir='ltr'><strong>de</strong></span> <span class='ocrx_word' id='word_1_103' title='bbox 1307 1175 1624 1246; x_wconf 83' lang='lat' dir='ltr'><strong>ignominia</strong></span> <span class='ocrx_word' id='word_1_104' title='bbox 1663 1178 1853 1248; x_wconf 88' lang='lat' dir='ltr'><strong>Baby-</strong></span> 
     </span>
    </p>
   </div>
   <div class='ocr_carea' id='block_1_15' title="bbox 122 1255 1853 1334">
    <p class='ocr_par' dir='ltr' id='par_1_15' title="bbox 122 1255 1853 1334">
     <span class='ocr_line' id='line_1_15' title="bbox 122 1255 1853 1334; baseline 0.005 -22"><span class='ocrx_word' id='word_1_105' title='bbox 122 1257 290 1313; x_wconf 89' lang='lat' dir='ltr'><strong>lonis</strong></span> <span class='ocrx_word' id='word_1_106' title='bbox 313 1255 547 1329; x_wconf 81' lang='lat' dir='ltr'><strong>fugiens</strong></span> <span class='ocrx_word' id='word_1_107' title='bbox 577 1259 930 1327; x_wconf 92' lang='lat' dir='ltr'><strong>nominatur,</strong></span> <span class='ocrx_word' id='word_1_108' title='bbox 974 1261 1081 1317; x_wconf 89' lang='lat' dir='ltr'><strong>sibi</strong></span> <span class='ocrx_word' id='word_1_109' title='bbox 1120 1262 1297 1319; x_wconf 88' lang='lat' dir='ltr'><strong>Cham</strong></span> <span class='ocrx_word' id='word_1_110' title='bbox 1343 1278 1492 1334; x_wconf 91' lang='lat' dir='ltr'><strong>opus</strong></span> <span class='ocrx_word' id='word_1_111' title='bbox 1523 1273 1607 1322; x_wconf 87' lang='lat' dir='ltr'><strong>est</strong></span> <span class='ocrx_word' id='word_1_112' title='bbox 1645 1266 1853 1323; x_wconf 79' lang='lat' dir='ltr'><strong>fcedere</strong></span> 
     </span>
    </p>
   </div>
   <div class='ocr_carea' id='block_1_16' title="bbox 122 1347 1850 1423">
    <p class='ocr_par' dir='ltr' id='par_1_16' title="bbox 122 1347 1850 1423">
     <span class='ocr_line' id='line_1_16' title="bbox 122 1347 1850 1423; baseline 0.005 -21"><span class='ocrx_word' id='word_1_113' title='bbox 122 1347 550 1417; x_wconf 82' lang='lat' dir='ltr'><strong>germanitatis</strong></span> <span class='ocrx_word' id='word_1_114' title='bbox 586 1348 854 1417; x_wconf 88' lang='lat' dir='ltr'><strong>addatur,</strong></span> <span class='ocrx_word' id='word_1_115' title='bbox 903 1350 1006 1421; x_wconf 89' lang='lat' dir='ltr'><strong>qui</strong></span> <span class='ocrx_word' id='word_1_116' title='bbox 1047 1352 1260 1406; x_wconf 85' lang='lat' dir='ltr'><strong>calidus</strong></span> <span class='ocrx_word' id='word_1_117' title='bbox 1300 1353 1714 1423; x_wconf 88' lang='lat' dir='ltr'><strong>interpretatur</strong></span> <span class='ocrx_word' id='word_1_118' title='bbox 1754 1354 1850 1412; x_wconf 92' lang='lat' dir='ltr'><strong>ubi</strong></span> 
     </span>
    </p>
   </div>
   <div class='ocr_carea' id='block_1_17' title="bbox 122 1436 1854 1514">
    <p class='ocr_par' dir='ltr' id='par_1_17' title="bbox 122 1436 1854 1514">
     <span class='ocr_line' id='line_1_17' title="bbox 122 1436 1854 1514; baseline 0.005 -24"><span class='ocrx_word' id='word_1_119' title='bbox 122 1448 266 1504; x_wconf 86' lang='lat' dir='ltr'><strong>spes</strong></span> <span class='ocrx_word' id='word_1_120' title='bbox 299 1448 424 1491; x_wconf 90' lang='lat' dir='ltr'><strong>non</strong></span> <span class='ocrx_word' id='word_1_121' title='bbox 456 1436 794 1493; x_wconf 89' lang='lat' dir='ltr'><strong>inconcinne</strong></span> <span class='ocrx_word' id='word_1_122' title='bbox 832 1445 1089 1495; x_wconf 91' lang='lat' dir='ltr'><strong>notatur.</strong></span> <span class='ocrx_word' id='word_1_123' title='bbox 1123 1439 1183 1495; x_wconf 92' lang='lat' dir='ltr'><strong>Si</strong></span> <span class='ocrx_word' id='word_1_124' title='bbox 1212 1440 1366 1497; x_wconf 89' lang='lat' dir='ltr'><strong>enim</strong></span> <span class='ocrx_word' id='word_1_125' title='bbox 1402 1440 1558 1498; x_wconf 86' lang='lat' dir='ltr'><strong>calor</strong></span> <span class='ocrx_word' id='word_1_126' title='bbox 1595 1443 1668 1499; x_wconf 92' lang='lat' dir='ltr'><strong>ab</strong></span> <span class='ocrx_word' id='word_1_127' title='bbox 1705 1443 1854 1514; x_wconf 86' lang='lat' dir='ltr'><strong>ignis</strong></span> 
     </span>
    </p>
   </div>
   <div class='ocr_carea' id='block_1_18' title="bbox 125 1524 1854 1600">
    <p class='ocr_par' dir='ltr' id='par_1_18' title="bbox 125 1524 1854 1600">
     <span class='ocr_line' id='line_1_18' title="bbox 125 1524 1854 1600; baseline 0.005 -21"><span class='ocrx_word' id='word_1_128' title='bbox 125 1531 364 1580; x_wconf 87' lang='lat' dir='ltr'><strong>natura</strong></span> <span class='ocrx_word' id='word_1_129' title='bbox 421 1524 692 1592; x_wconf 87' lang='lat' dir='ltr'><strong>trahitur,</strong></span> <span class='ocrx_word' id='word_1_130' title='bbox 753 1532 809 1582; x_wconf 89' lang='lat' dir='ltr'><strong>et</strong></span> <span class='ocrx_word' id='word_1_131' title='bbox 861 1525 1010 1597; x_wconf 81' lang='lat' dir='ltr'><strong>ignis</strong></span> <span class='ocrx_word' id='word_1_132' title='bbox 1062 1527 1421 1600; x_wconf 89' lang='lat' dir='ltr'><strong>originaliter</strong></span> <span class='ocrx_word' id='word_1_133' title='bbox 1476 1530 1548 1586; x_wconf 92' lang='lat' dir='ltr'><strong>ad</strong></span> <span class='ocrx_word' id='word_1_134' title='bbox 1602 1545 1854 1600; x_wconf 89' lang='lat' dir='ltr'><strong>superna</strong></span> 
     </span>
    </p>
   </div>
   <div class='ocr_carea' id='block_1_19' title="bbox 126 1596 1922 1688">
    <p class='ocr_par' dir='ltr' id='par_1_19' title="bbox 126 1596 1922 1688">
     <span class='ocr_line' id='line_1_19' title="bbox 126 1596 1922 1688; baseline 0.004 -20"><span class='ocrx_word' id='word_1_135' title='bbox 126 1612 540 1684; x_wconf 85' lang='lat' dir='ltr'><strong>progreditur,</strong></span> <span class='ocrx_word' id='word_1_136' title='bbox 590 1627 691 1683; x_wconf 91' lang='lat' dir='ltr'><strong>per</strong></span> <span class='ocrx_word' id='word_1_137' title='bbox 728 1596 973 1670; x_wconf 87' lang='lat' dir='ltr'><strong>calorem</strong></span> <span class='ocrx_word' id='word_1_138' title='bbox 1015 1596 1333 1687; x_wconf 36' lang='lat' dir='ltr'><strong>ergo&#39;jure</strong></span> <span class='ocrx_word' id='word_1_139' title='bbox 1379 1632 1507 1688; x_wconf 88' lang='lat' dir='ltr'><strong>spes</strong></span> <span class='ocrx_word' id='word_1_140' title='bbox 1547 1596 1845 1688; x_wconf 76' lang='lat' dir='ltr'><strong>accipitur,</strong></span> <span class='ocrx_word' id='word_1_141' title='bbox 1883 1596 1922 1651; x_wconf 76' lang='grc' dir='ltr'><strong>Β</strong></span> 
     </span>
    </p>
   </div>
   <div class='ocr_carea' id='block_1_20' title="bbox 126 1698 1849 1769">
    <p class='ocr_par' dir='ltr' id='par_1_20' title="bbox 126 1698 1849 1769">
     <span class='ocr_line' id='line_1_20' title="bbox 126 1698 1849 1769; baseline 0.005 -15"><span class='ocrx_word' id='word_1_142' title='bbox 126 1714 273 1769; x_wconf 64' lang='lat' dir='ltr'><strong>quae</strong></span> <span class='ocrx_word' id='word_1_143' title='bbox 313 1698 545 1755; x_wconf 77' lang='lat' dir='ltr'><strong>fervore</strong></span> <span class='ocrx_word' id='word_1_144' title='bbox 591 1700 886 1757; x_wconf 85' lang='lat' dir='ltr'><strong>charitatis</strong></span> <span class='ocrx_word' id='word_1_145' title='bbox 934 1702 1006 1757; x_wconf 90' lang='lat' dir='ltr'><strong>ad</strong></span> <span class='ocrx_word' id='word_1_146' title='bbox 1040 1704 1221 1759; x_wconf 87' lang='lat' dir='ltr'><strong>Deum</strong></span> <span class='ocrx_word' id='word_1_147' title='bbox 1263 1704 1552 1761; x_wconf 89' lang='lat' dir='ltr'><strong>inhianter</strong></span> <span class='ocrx_word' id='word_1_148' title='bbox 1600 1706 1849 1763; x_wconf 88' lang='lat' dir='ltr'><strong>intendi-</strong></span> 
     </span>
    </p>
   </div>
   <div class='ocr_carea' id='block_1_21' title="bbox 129 1787 1847 1863">
    <p class='ocr_par' dir='ltr' id='par_1_21' title="bbox 129 1787 1847 1863">
     <span class='ocr_line' id='line_1_21' title="bbox 129 1787 1847 1863; baseline 0.005 -20"><span class='ocrx_word' id='word_1_149' title='bbox 129 1796 252 1844; x_wconf 86' lang='lat' dir='ltr'><strong>tur.</strong></span> <span class='ocrx_word' id='word_1_150' title='bbox 326 1787 435 1854; x_wconf 85' lang='lat' dir='ltr'><strong>Qui</strong></span> <span class='ocrx_word' id='word_1_151' title='bbox 481 1789 725 1859; x_wconf 82' lang='lat' dir='ltr'><strong>Japheth</strong></span> <span class='ocrx_word' id='word_1_152' title='bbox 772 1789 1135 1862; x_wconf 88' lang='lat' dir='ltr'><strong>adjungitur,</strong></span> <span class='ocrx_word' id='word_1_153' title='bbox 1191 1793 1293 1862; x_wconf 93' lang='lat' dir='ltr'><strong>qui</strong></span> <span class='ocrx_word' id='word_1_154' title='bbox 1337 1794 1568 1849; x_wconf 79' lang='lat' dir='ltr'><strong>latitudo</strong></span> <span class='ocrx_word' id='word_1_155' title='bbox 1618 1794 1847 1863; x_wconf 87' lang='lat' dir='ltr'><strong>dicitur,</strong></span> 
     </span>
    </p>
   </div>
   <div class='ocr_carea' id='block_1_22' title="bbox 132 1876 1848 1952">
    <p class='ocr_par' dir='ltr' id='par_1_22' title="bbox 132 1876 1848 1952">
     <span class='ocr_line' id='line_1_22' title="bbox 132 1876 1848 1952; baseline 0.005 -21"><span class='ocrx_word' id='word_1_156' title='bbox 132 1890 237 1946; x_wconf 89' lang='lat' dir='ltr'><strong>per</strong></span> <span class='ocrx_word' id='word_1_157' title='bbox 291 1876 453 1946; x_wconf 85' lang='lat' dir='ltr'><strong>quod</strong></span> <span class='ocrx_word' id='word_1_158' title='bbox 503 1876 798 1933; x_wconf 86' lang='lat' dir='ltr'><strong>evidenter</strong></span> <span class='ocrx_word' id='word_1_159' title='bbox 840 1878 1090 1934; x_wconf 83' lang='lat' dir='ltr'><strong>Charitas</strong></span> <span class='ocrx_word' id='word_1_160' title='bbox 1139 1880 1497 1951; x_wconf 84' lang='lat' dir='ltr'><strong>intelligitur,</strong></span> <span class='ocrx_word' id='word_1_161' title='bbox 1550 1897 1680 1952; x_wconf 68' lang='lat' dir='ltr'><strong>quae</strong></span> <span class='ocrx_word' id='word_1_162' title='bbox 1733 1898 1848 1939; x_wconf 90' lang='lat' dir='ltr'><strong>non</strong></span> 
     </span>
    </p>
   </div>
   <div class='ocr_carea' id='block_1_23' title="bbox 133 1964 1850 2039">
    <p class='ocr_par' dir='ltr' id='par_1_23' title="bbox 133 1964 1850 2039">
     <span class='ocr_line' id='line_1_23' title="bbox 133 1964 1850 2039; baseline 0.005 -20"><span class='ocrx_word' id='word_1_163' title='bbox 133 1965 344 2020; x_wconf 89' lang='lat' dir='ltr'><strong>minus</strong></span> <span class='ocrx_word' id='word_1_164' title='bbox 371 1979 474 2035; x_wconf 88' lang='lat' dir='ltr'><strong>per</strong></span> <span class='ocrx_word' id='word_1_165' title='bbox 510 1964 774 2021; x_wconf 89' lang='lat' dir='ltr'><strong>inimicos</strong></span> <span class='ocrx_word' id='word_1_166' title='bbox 802 1980 977 2036; x_wconf 87' lang='lat' dir='ltr'><strong>quam</strong></span> <span class='ocrx_word' id='word_1_167' title='bbox 1008 1981 1111 2037; x_wconf 92' lang='lat' dir='ltr'><strong>per</strong></span> <span class='ocrx_word' id='word_1_168' title='bbox 1134 1968 1349 2024; x_wconf 91' lang='lat' dir='ltr'><strong>amicos</strong></span> <span class='ocrx_word' id='word_1_169' title='bbox 1372 1970 1672 2039; x_wconf 87' lang='lat' dir='ltr'><strong>spatiatur.</strong></span> <span class='ocrx_word' id='word_1_170' title='bbox 1719 1971 1850 2027; x_wconf 72' lang='lat' dir='ltr'><strong>Haec</strong></span> 
     </span>
    </p>
   </div>
   <div class='ocr_carea' id='block_1_24' title="bbox 134 2052 1850 2128">
    <p class='ocr_par' dir='ltr' id='par_1_24' title="bbox 134 2052 1850 2128">
     <span class='ocr_line' id='line_1_24' title="bbox 134 2052 1850 2128; baseline 0.005 -22"><span class='ocrx_word' id='word_1_171' title='bbox 134 2054 346 2123; x_wconf 79' lang='lat' dir='ltr'><strong>itaque</strong></span> <span class='ocrx_word' id='word_1_172' title='bbox 392 2052 526 2119; x_wconf 85' lang='lat' dir='ltr'><strong>tria,</strong></span> <span class='ocrx_word' id='word_1_173' title='bbox 574 2067 707 2123; x_wconf 67' lang='lat' dir='ltr'><strong>qua:</strong></span> <span class='ocrx_word' id='word_1_174' title='bbox 755 2052 1016 2122; x_wconf 90' lang='lat' dir='ltr'><strong>latitudo,</strong></span> <span class='ocrx_word' id='word_1_175' title='bbox 1048 2055 1370 2128; x_wconf 85' lang='lat' dir='ltr'><strong>longitudo,</strong></span> <span class='ocrx_word' id='word_1_176' title='bbox 1415 2058 1742 2114; x_wconf 87' lang='lat' dir='ltr'><strong>sublimitas</strong></span> <span class='ocrx_word' id='word_1_177' title='bbox 1776 2060 1850 2116; x_wconf 88' lang='lat' dir='ltr'><strong>ab</strong></span> 
     </span>
    </p>
   </div>
   <div class='ocr_carea' id='block_1_25' title="bbox 134 2140 1851 2214">
    <p class='ocr_par' dir='ltr' id='par_1_25' title="bbox 134 2140 1851 2214">
     <span class='ocr_line' id='line_1_25' title="bbox 134 2140 1851 2214; baseline 0.003 -18"><span class='ocrx_word' id='word_1_178' title='bbox 134 2140 414 2210; x_wconf 77' lang='lat' dir='ltr'><strong>Apostolo</strong></span> <span class='ocrx_word' id='word_1_179' title='bbox 480 2149 877 2198; x_wconf 87' lang='lat' dir='ltr'><strong>memorantur</strong></span> <span class='ocrx_word' id='word_1_180' title='bbox 948 2143 1173 2212; x_wconf 84' lang='lat' dir='ltr'><strong>(Ephes.</strong></span> <span class='ocrx_word' id='word_1_181' title='bbox 1242 2159 1322 2212; x_wconf 91' lang='grc' dir='ltr'>ιιι,</span> <span class='ocrx_word' id='word_1_182' title='bbox 1394 2146 1502 2214; x_wconf 79' lang='lat'><strong>12),</strong></span> <span class='ocrx_word' id='word_1_183' title='bbox 1579 2161 1612 2201; x_wconf 94' lang='lat' dir='ltr'><strong>a</strong></span> <span class='ocrx_word' id='word_1_184' title='bbox 1686 2146 1851 2203; x_wconf 89' lang='lat' dir='ltr'><strong>nobis</strong></span> 
     </span>
    </p>
   </div>
   <div class='ocr_carea' id='block_1_26' title="bbox 134 2227 1848 2300">
    <p class='ocr_par' dir='ltr' id='par_1_26' title="bbox 134 2227 1848 2300">
     <span class='ocr_line' id='line_1_26' title="bbox 134 2227 1848 2300; baseline 0.005 -18"><span class='ocrx_word' id='word_1_185' title='bbox 134 2243 273 2283; x_wconf 89' lang='lat' dir='ltr'><strong>cum</strong></span> <span class='ocrx_word' id='word_1_186' title='bbox 332 2228 457 2283; x_wconf 84' lang='lat' dir='ltr'><strong>veri</strong></span> <span class='ocrx_word' id='word_1_187' title='bbox 513 2227 630 2284; x_wconf 85' lang='lat' dir='ltr'><strong>Noe</strong></span> <span class='ocrx_word' id='word_1_188' title='bbox 688 2244 807 2285; x_wconf 89' lang='lat' dir='ltr'><strong>esse</strong></span> <span class='ocrx_word' id='word_1_189' title='bbox 856 2231 1218 2300; x_wconf 77' lang='lat' dir='ltr'><strong>cmperimus,</strong></span> <span class='ocrx_word' id='word_1_190' title='bbox 1268 2233 1324 2289; x_wconf 87' lang='lat' dir='ltr'><strong>id</strong></span> <span class='ocrx_word' id='word_1_191' title='bbox 1381 2240 1465 2289; x_wconf 92' lang='lat' dir='ltr'><strong>est</strong></span> <span class='ocrx_word' id='word_1_192' title='bbox 1523 2248 1656 2290; x_wconf 90' lang='lat' dir='ltr'><strong>cum</strong></span> <span class='ocrx_word' id='word_1_193' title='bbox 1714 2234 1848 2291; x_wconf 92' lang='lat' dir='ltr'><strong>boni</strong></span> 
     </span>
    </p>
   </div>
   <div class='ocr_carea' id='block_1_27' title="bbox 131 2316 1847 2391">
    <p class='ocr_par' dir='ltr' id='par_1_27' title="bbox 131 2316 1847 2391">
     <span class='ocr_line' id='line_1_27' title="bbox 131 2316 1847 2391; baseline 0.004 -19"><span class='ocrx_word' id='word_1_194' title='bbox 131 2316 501 2372; x_wconf 80' lang='lat' dir='ltr'><strong>exhibitione</strong></span> <span class='ocrx_word' id='word_1_195' title='bbox 527 2324 692 2372; x_wconf 89' lang='lat' dir='ltr'><strong>actus</strong></span> <span class='ocrx_word' id='word_1_196' title='bbox 730 2318 802 2373; x_wconf 93' lang='lat' dir='ltr'><strong>ab</strong></span> <span class='ocrx_word' id='word_1_197' title='bbox 849 2318 1041 2375; x_wconf 89' lang='lat' dir='ltr'><strong>inutili</strong></span> <span class='ocrx_word' id='word_1_198' title='bbox 1068 2321 1604 2391; x_wconf 88' lang='lat' dir='ltr'><strong>conquieverimus;</strong></span> <span class='ocrx_word' id='word_1_199' title='bbox 1652 2322 1847 2379; x_wconf 88' lang='lat' dir='ltr'><strong>feriari</strong></span> 
     </span>
    </p>
   </div>
   <div class='ocr_carea' id='block_1_28' title="bbox 130 2404 1849 2480">
    <p class='ocr_par' dir='ltr' id='par_1_28' title="bbox 130 2404 1849 2480">
     <span class='ocr_line' id='line_1_28' title="bbox 130 2404 1849 2480; baseline 0.003 -18"><span class='ocrx_word' id='word_1_200' title='bbox 130 2408 294 2462; x_wconf 89' lang='lat' dir='ltr'><strong>enim</strong></span> <span class='ocrx_word' id='word_1_201' title='bbox 329 2420 364 2462; x_wconf 85' lang='lat' dir='ltr'><strong>a</strong></span> <span class='ocrx_word' id='word_1_202' title='bbox 394 2404 564 2472; x_wconf 91' lang='lat' dir='ltr'><strong>malo,</strong></span> <span class='ocrx_word' id='word_1_203' title='bbox 594 2421 701 2463; x_wconf 90' lang='lat' dir='ltr'><strong>nec</strong></span> <span class='ocrx_word' id='word_1_204' title='bbox 725 2414 915 2463; x_wconf 88' lang='lat' dir='ltr'><strong>tamen</strong></span> <span class='ocrx_word' id='word_1_205' title='bbox 952 2408 1168 2465; x_wconf 89' lang='lat' dir='ltr'><strong>bonum</strong></span> <span class='ocrx_word' id='word_1_206' title='bbox 1203 2408 1456 2480; x_wconf 84' lang='lat' dir='ltr'><strong>aggredi,</strong></span> <span class='ocrx_word' id='word_1_207' title='bbox 1492 2409 1678 2480; x_wconf 91' lang='lat' dir='ltr'><strong>ipsum</strong></span> <span class='ocrx_word' id='word_1_208' title='bbox 1720 2426 1849 2467; x_wconf 90' lang='lat' dir='ltr'><strong>ma-</strong></span> 
     </span>
    </p>
   </div>
   <div class='ocr_carea' id='block_1_29' title="bbox 135 2494 1848 2569">
    <p class='ocr_par' dir='ltr' id='par_1_29' title="bbox 135 2494 1848 2569">
     <span class='ocr_line' id='line_1_29' title="bbox 135 2494 1848 2569; baseline 0.005 -20"><span class='ocrx_word' id='word_1_209' title='bbox 135 2494 262 2550; x_wconf 86' lang='lat' dir='ltr'><strong>lum</strong></span> <span class='ocrx_word' id='word_1_210' title='bbox 290 2501 403 2561; x_wconf 89' lang='lat' dir='ltr'><strong>est,</strong></span> <span class='ocrx_word' id='word_1_211' title='bbox 439 2501 578 2549; x_wconf 91' lang='lat' dir='ltr'><strong>tunc</strong></span> <span class='ocrx_word' id='word_1_212' title='bbox 606 2509 740 2550; x_wconf 90' lang='lat' dir='ltr'><strong>vere</strong></span> <span class='ocrx_word' id='word_1_213' title='bbox 784 2496 1088 2564; x_wconf 89' lang='lat' dir='ltr'><strong>prodeunt,</strong></span> <span class='ocrx_word' id='word_1_214' title='bbox 1127 2497 1265 2567; x_wconf 89' lang='lat' dir='ltr'><strong>quia</strong></span> <span class='ocrx_word' id='word_1_215' title='bbox 1305 2511 1408 2554; x_wconf 90' lang='lat' dir='ltr'><strong>nec</strong></span> <span class='ocrx_word' id='word_1_216' title='bbox 1445 2499 1669 2569; x_wconf 87' lang='lat' dir='ltr'><strong>absque</strong></span> <span class='ocrx_word' id='word_1_217' title='bbox 1699 2500 1848 2557; x_wconf 91' lang='lat' dir='ltr'><strong>bono</strong></span> 
     </span>
    </p>
   </div>
   <div class='ocr_carea' id='block_1_30' title="bbox 132 2582 1846 2655">
    <p class='ocr_par' dir='ltr' id='par_1_30' title="bbox 132 2582 1846 2655">
     <span class='ocr_line' id='line_1_30' title="bbox 132 2582 1846 2655; baseline 0.003 -16"><span class='ocrx_word' id='word_1_218' title='bbox 132 2596 333 2652; x_wconf 87' lang='lat' dir='ltr'><strong>opere,</strong></span> <span class='ocrx_word' id='word_1_219' title='bbox 364 2582 505 2637; x_wconf 88' lang='lat' dir='ltr'><strong>ﬁdes</strong></span> <span class='ocrx_word' id='word_1_220' title='bbox 547 2589 680 2651; x_wconf 91' lang='lat' dir='ltr'><strong>stat,</strong></span> <span class='ocrx_word' id='word_1_221' title='bbox 733 2597 837 2639; x_wconf 90' lang='lat' dir='ltr'><strong>nec</strong></span> <span class='ocrx_word' id='word_1_222' title='bbox 874 2585 998 2641; x_wconf 88' lang='lat' dir='ltr'><strong>sine</strong></span> <span class='ocrx_word' id='word_1_223' title='bbox 1035 2585 1144 2641; x_wconf 88' lang='lat' dir='ltr'><strong>ﬁde</strong></span> <span class='ocrx_word' id='word_1_224' title='bbox 1184 2600 1329 2655; x_wconf 83' lang='lat' dir='ltr'><strong>spes,</strong></span> <span class='ocrx_word' id='word_1_225' title='bbox 1371 2601 1478 2642; x_wconf 85' lang='lat' dir='ltr'><strong>nec</strong></span> <span class='ocrx_word' id='word_1_226' title='bbox 1515 2589 1638 2644; x_wconf 91' lang='lat' dir='ltr'><strong>sine</strong></span> <span class='ocrx_word' id='word_1_227' title='bbox 1683 2596 1846 2644; x_wconf 88' lang='lat' dir='ltr'><strong>utro-</strong></span> 
     </span>
    </p>
   </div>
   <div class='ocr_carea' id='block_1_31' title="bbox 135 2671 818 2740">
    <p class='ocr_par' dir='ltr' id='par_1_31' title="bbox 135 2671 818 2740">
     <span class='ocr_line' id='line_1_31' title="bbox 135 2671 818 2740; baseline 0 -13"><span class='ocrx_word' id='word_1_228' title='bbox 135 2686 257 2740; x_wconf 88' lang='lat' dir='ltr'><strong>que</strong></span> <span class='ocrx_word' id='word_1_229' title='bbox 277 2671 535 2726; x_wconf 87' lang='lat' dir='ltr'><strong>cbaritas</strong></span> <span class='ocrx_word' id='word_1_230' title='bbox 566 2678 818 2740; x_wconf 66' lang='lat' dir='ltr'><strong>praestat.</strong></span> 
     </span>
    </p>
   </div>
   <div class='ocr_carea' id='block_1_32' title="bbox 820 2778 1177 2835">
    <p class='ocr_par' dir='ltr' id='par_1_32' title="bbox 820 2778 1177 2835">
     <span class='ocr_line' id='line_1_32' title="bbox 820 2778 1177 2835; baseline 0.006 -3"><span class='ocrx_word' id='word_1_231' title='bbox 820 2778 1050 2835; x_wconf 81' lang='lat' dir='ltr'><strong>CAPUT</strong></span> <span class='ocrx_word' id='word_1_232' title='bbox 1087 2780 1177 2835; x_wconf 86' lang='lat' dir='ltr'><strong>VI.</strong></span> 
     </span>
    </p>
   </div>
   <div class='ocr_carea' id='block_1_33' title="bbox 1962 386 3659 473">
    <p class='ocr_par' dir='ltr' id='par_1_33' title="bbox 1962 386 3659 473">
     <span class='ocr_line' id='line_1_33' title="bbox 1962 386 3659 473; baseline 0.011 -31"><span class='ocrx_word' id='word_1_233' title='bbox 1962 386 2098 444; x_wconf 91' lang='lat' dir='ltr'><strong>trice</strong></span> <span class='ocrx_word' id='word_1_234' title='bbox 2140 388 2402 461; x_wconf 90' lang='lat' dir='ltr'><strong>loquitur</strong></span> <span class='ocrx_word' id='word_1_235' title='bbox 2444 393 2610 449; x_wconf 90' lang='lat' dir='ltr'><strong>nobis</strong></span> <span class='ocrx_word' id='word_1_236' title='bbox 2657 394 2971 454; x_wconf 87' lang='lat' dir='ltr'><strong>introrsum</strong></span> <span class='ocrx_word' id='word_1_237' title='bbox 3021 399 3189 467; x_wconf 87' lang='lat' dir='ltr'><strong>Deus,</strong></span> <span class='ocrx_word' id='word_1_238' title='bbox 3225 415 3339 457; x_wconf 91' lang='lat' dir='ltr'><strong>non</strong></span> <span class='ocrx_word' id='word_1_239' title='bbox 3389 417 3659 473; x_wconf 89' lang='lat' dir='ltr'><strong>perman-</strong></span> 
     </span>
    </p>
   </div>
   <div class='ocr_carea' id='block_1_34' title="bbox 1959 476 3658 550">
    <p class='ocr_par' dir='ltr' id='par_1_34' title="bbox 1959 476 3658 550">
     <span class='ocr_line' id='line_1_34' title="bbox 1959 476 3658 550; baseline 0.012 -24"><span class='ocrx_word' id='word_1_240' title='bbox 1959 486 2162 528; x_wconf 86' lang='lat' dir='ltr'><strong>surum</strong></span> <span class='ocrx_word' id='word_1_241' title='bbox 2197 476 2459 535; x_wconf 90' lang='lat' dir='ltr'><strong>videlicet</strong></span> <span class='ocrx_word' id='word_1_242' title='bbox 2502 481 2766 550; x_wconf 89' lang='lat' dir='ltr'><strong>spiritum</strong></span> <span class='ocrx_word' id='word_1_243' title='bbox 2811 498 2981 541; x_wconf 89' lang='lat' dir='ltr'><strong>suum</strong></span> <span class='ocrx_word' id='word_1_244' title='bbox 3027 487 3080 541; x_wconf 88' lang='lat' dir='ltr'><strong>in</strong></span> <span class='ocrx_word' id='word_1_245' title='bbox 3126 488 3454 546; x_wconf 61' lang='lat' dir='ltr'><strong>homine‘in</strong></span> <span class='ocrx_word' id='word_1_246' title='bbox 3486 499 3658 547; x_wconf 76' lang='lat' dir='ltr'><strong>aeter-</strong></span> 
     </span>
    </p>
   </div>
   <div class='ocr_carea' id='block_1_35' title="bbox 1960 563 3648 635">
    <p class='ocr_par' dir='ltr' id='par_1_35' title="bbox 1960 563 3648 635">
     <span class='ocr_line' id='line_1_35' title="bbox 1960 563 3648 635; baseline 0.012 -20"><span class='ocrx_word' id='word_1_247' title='bbox 1960 574 2123 630; x_wconf 86' lang='lat' dir='ltr'><strong>num,</strong></span> <span class='ocrx_word' id='word_1_248' title='bbox 2182 563 2239 619; x_wconf 94' lang='lat' dir='ltr'><strong>id</strong></span> <span class='ocrx_word' id='word_1_249' title='bbox 2280 573 2365 623; x_wconf 91' lang='lat' dir='ltr'><strong>est</strong></span> <span class='ocrx_word' id='word_1_250' title='bbox 2418 567 2537 624; x_wconf 89' lang='lat' dir='ltr'><strong>vim</strong></span> <span class='ocrx_word' id='word_1_251' title='bbox 2602 570 2840 626; x_wconf 90' lang='lat' dir='ltr'><strong>rationis</strong></span> <span class='ocrx_word' id='word_1_252' title='bbox 2891 572 2947 628; x_wconf 93' lang='lat' dir='ltr'><strong>in</strong></span> <span class='ocrx_word' id='word_1_253' title='bbox 3008 573 3266 632; x_wconf 88' lang='lat' dir='ltr'><strong>humano</strong></span> <span class='ocrx_word' id='word_1_254' title='bbox 3313 578 3481 633; x_wconf 89' lang='lat' dir='ltr'><strong>corde</strong></span> <span class='ocrx_word' id='word_1_255' title='bbox 3533 594 3648 635; x_wconf 89' lang='lat' dir='ltr'><strong>non</strong></span> 
     </span>
    </p>
   </div>
   <div class='ocr_carea' id='block_1_36' title="bbox 1959 661 3649 734">
    <p class='ocr_par' dir='ltr' id='par_1_36' title="bbox 1959 661 3649 734">
     <span class='ocr_line' id='line_1_36' title="bbox 1959 661 3649 734; baseline 0.008 -27"><span class='ocrx_word' id='word_1_256' title='bbox 1959 663 2475 725; x_wconf 90' lang='lat' dir='ltr'><strong>perseveraturam,</strong></span> <span class='ocrx_word' id='word_1_257' title='bbox 2525 673 2629 715; x_wconf 92' lang='lat' dir='ltr'><strong>nec</strong></span> <span class='ocrx_word' id='word_1_258' title='bbox 2674 661 2829 716; x_wconf 90' lang='lat' dir='ltr'><strong>enim</strong></span> <span class='ocrx_word' id='word_1_259' title='bbox 2872 664 3162 732; x_wconf 88' lang='lat' dir='ltr'><strong>expedire,</strong></span> <span class='ocrx_word' id='word_1_260' title='bbox 3211 668 3344 734; x_wconf 84' lang='lat' dir='ltr'><strong>quia</strong></span> <span class='ocrx_word' id='word_1_261' title='bbox 3387 682 3513 721; x_wconf 83' lang='lat' dir='ltr'><strong>caro</strong></span> <span class='ocrx_word' id='word_1_262' title='bbox 3555 674 3649 731; x_wconf 81' lang='lat' dir='ltr'><strong>est,</strong></span> 
     </span>
    </p>
   </div>
   <div class='ocr_carea' id='block_1_37' title="bbox 1957 742 3653 827">
    <p class='ocr_par' dir='ltr' id='par_1_37' title="bbox 1957 742 3653 827">
     <span class='ocr_line' id='line_1_37' title="bbox 1957 742 3653 827; baseline 0.006 -26"><span class='ocrx_word' id='word_1_263' title='bbox 1957 743 2014 801; x_wconf 88' lang='lat' dir='ltr'><strong>id</strong></span> <span class='ocrx_word' id='word_1_264' title='bbox 2045 746 2130 800; x_wconf 91' lang='lat' dir='ltr'><strong>est</strong></span> <span class='ocrx_word' id='word_1_265' title='bbox 2158 742 2397 815; x_wconf 83' lang='lat' dir='ltr'><strong>fragilis,</strong></span> <span class='ocrx_word' id='word_1_266' title='bbox 2448 753 2503 803; x_wconf 90' lang='lat' dir='ltr'><strong>et</strong></span> <span class='ocrx_word' id='word_1_267' title='bbox 2530 748 2599 803; x_wconf 94' lang='lat' dir='ltr'><strong>de</strong></span> <span class='ocrx_word' id='word_1_268' title='bbox 2632 762 2737 804; x_wconf 92' lang='lat' dir='ltr'><strong>suo</strong></span> <span class='ocrx_word' id='word_1_269' title='bbox 2776 756 2929 806; x_wconf 90' lang='lat' dir='ltr'><strong>statu</strong></span> <span class='ocrx_word' id='word_1_270' title='bbox 2967 750 3075 807; x_wconf 89' lang='lat' dir='ltr'><strong>sibi</strong></span> <span class='ocrx_word' id='word_1_271' title='bbox 3128 753 3353 820; x_wconf 91' lang='lat' dir='ltr'><strong>pariens</strong></span> <span class='ocrx_word' id='word_1_272' title='bbox 3390 768 3463 810; x_wconf 89' lang='lat' dir='ltr'><strong>ex</strong></span> <span class='ocrx_word' id='word_1_273' title='bbox 3495 760 3653 827; x_wconf 86' lang='lat' dir='ltr'><strong>inge-</strong></span> 
     </span>
    </p>
   </div>
   <div class='ocr_carea' id='block_1_38' title="bbox 1958 833 3654 911">
    <p class='ocr_par' dir='ltr' id='par_1_38' title="bbox 1958 833 3654 911">
     <span class='ocr_line' id='line_1_38' title="bbox 1958 833 3654 911; baseline 0.007 -23"><span class='ocrx_word' id='word_1_274' title='bbox 1958 833 2081 889; x_wconf 91' lang='lat' dir='ltr'><strong>nita</strong></span> <span class='ocrx_word' id='word_1_275' title='bbox 2134 835 2517 892; x_wconf 86' lang='lat' dir='ltr'><strong>mutabilitate</strong></span> <span class='ocrx_word' id='word_1_276' title='bbox 2564 836 2816 893; x_wconf 91' lang='lat' dir='ltr'><strong>ruinam.</strong></span> <span class='ocrx_word' id='word_1_277' title='bbox 2867 838 3133 908; x_wconf 89' lang='lat' dir='ltr'><strong>Superbit</strong></span> <span class='ocrx_word' id='word_1_278' title='bbox 3168 840 3319 897; x_wconf 91' lang='lat' dir='ltr'><strong>enim</strong></span> <span class='ocrx_word' id='word_1_279' title='bbox 3375 842 3423 897; x_wconf 92' lang='lat' dir='ltr'><strong>si</strong></span> <span class='ocrx_word' id='word_1_280' title='bbox 3480 845 3654 911; x_wconf 90' lang='lat' dir='ltr'><strong>probe</strong></span> 
     </span>
    </p>
   </div>
   <div class='ocr_carea' id='block_1_39' title="bbox 1958 921 3651 1000">
    <p class='ocr_par' dir='ltr' id='par_1_39' title="bbox 1958 921 3651 1000">
     <span class='ocr_line' id='line_1_39' title="bbox 1958 921 3651 1000; baseline 0.006 -23"><span class='ocrx_word' id='word_1_281' title='bbox 1958 921 2282 992; x_wconf 84' lang='lat' dir='ltr'><strong>quidquam</strong></span> <span class='ocrx_word' id='word_1_282' title='bbox 2340 923 2449 978; x_wconf 92' lang='lat' dir='ltr'><strong>sibi</strong></span> <span class='ocrx_word' id='word_1_283' title='bbox 2504 924 2686 994; x_wconf 88' lang='lat' dir='ltr'><strong>egisse</strong></span> <span class='ocrx_word' id='word_1_284' title='bbox 2743 925 3027 993; x_wconf 85' lang='lat' dir='ltr'><strong>videatur,</strong></span> <span class='ocrx_word' id='word_1_285' title='bbox 3089 927 3237 984; x_wconf 87' lang='lat' dir='ltr'><strong>sicut</strong></span> <span class='ocrx_word' id='word_1_286' title='bbox 3310 943 3530 1000; x_wconf 90' lang='lat' dir='ltr'><strong>pauper</strong></span> <span class='ocrx_word' id='word_1_287' title='bbox 3604 933 3651 987; x_wconf 91' lang='lat' dir='ltr'><strong>si</strong></span> 
     </span>
    </p>
   </div>
   <div class='ocr_carea' id='block_1_40' title="bbox 1957 1009 3651 1085">
    <p class='ocr_par' dir='ltr' id='par_1_40' title="bbox 1957 1009 3651 1085">
     <span class='ocr_line' id='line_1_40' title="bbox 1957 1009 3651 1085; baseline 0.005 -21"><span class='ocrx_word' id='word_1_288' title='bbox 1957 1009 2147 1065; x_wconf 90' lang='lat' dir='ltr'><strong>subito</strong></span> <span class='ocrx_word' id='word_1_289' title='bbox 2188 1010 2261 1065; x_wconf 92' lang='lat' dir='ltr'><strong>ad</strong></span> <span class='ocrx_word' id='word_1_290' title='bbox 2309 1010 2693 1068; x_wconf 88' lang='lat' dir='ltr'><strong>inelaboratas</strong></span> <span class='ocrx_word' id='word_1_291' title='bbox 2757 1016 3073 1083; x_wconf 86' lang='lat' dir='ltr'><strong>pervenerit</strong></span> <span class='ocrx_word' id='word_1_292' title='bbox 3120 1030 3272 1085; x_wconf 89' lang='lat' dir='ltr'><strong>opes.</strong></span> <span class='ocrx_word' id='word_1_293' title='bbox 3323 1017 3651 1074; x_wconf 86' lang='lat' dir='ltr'><strong>Necessaria</strong></span> 
     </span>
    </p>
   </div>
   <div class='ocr_carea' id='block_1_41' title="bbox 1959 1099 3653 1170">
    <p class='ocr_par' dir='ltr' id='par_1_41' title="bbox 1959 1099 3653 1170">
     <span class='ocr_line' id='line_1_41' title="bbox 1959 1099 3653 1170; baseline 0.005 -16"><span class='ocrx_word' id='word_1_294' title='bbox 1959 1111 2097 1168; x_wconf 89' lang='lat' dir='ltr'><strong>ergo</strong></span> <span class='ocrx_word' id='word_1_295' title='bbox 2141 1104 2225 1153; x_wconf 92' lang='lat' dir='ltr'><strong>est</strong></span> <span class='ocrx_word' id='word_1_296' title='bbox 2270 1099 2510 1169; x_wconf 90' lang='lat' dir='ltr'><strong>spiritus</strong></span> <span class='ocrx_word' id='word_1_297' title='bbox 2570 1100 2677 1157; x_wconf 91' lang='lat' dir='ltr'><strong>ista</strong></span> <span class='ocrx_word' id='word_1_298' title='bbox 2737 1103 2999 1170; x_wconf 88' lang='lat' dir='ltr'><strong>desertio,</strong></span> <span class='ocrx_word' id='word_1_299' title='bbox 3057 1105 3103 1159; x_wconf 92' lang='lat' dir='ltr'><strong>si</strong></span> <span class='ocrx_word' id='word_1_300' title='bbox 3149 1112 3340 1160; x_wconf 88' lang='lat' dir='ltr'><strong>tamen</strong></span> <span class='ocrx_word' id='word_1_301' title='bbox 3397 1119 3511 1161; x_wconf 92' lang='lat' dir='ltr'><strong>non</strong></span> <span class='ocrx_word' id='word_1_302' title='bbox 3577 1107 3653 1164; x_wconf 92' lang='lat' dir='ltr'><strong>sit</strong></span> 
     </span>
    </p>
   </div>
   <div class='ocr_carea' id='block_1_42' title="bbox 1956 1185 3650 1263">
    <p class='ocr_par' dir='ltr' id='par_1_42' title="bbox 1956 1185 3650 1263">
     <span class='ocr_line' id='line_1_42' title="bbox 1956 1185 3650 1263; baseline 0.004 -20"><span class='ocrx_word' id='word_1_303' title='bbox 1956 1185 2211 1254; x_wconf 89' lang='lat' dir='ltr'><strong>omnino,</strong></span> <span class='ocrx_word' id='word_1_304' title='bbox 2241 1187 2431 1258; x_wconf 83' lang='lat' dir='ltr'><strong>juxta,</strong></span> <span class='ocrx_word' id='word_1_305' title='bbox 2465 1189 2620 1259; x_wconf 92' lang='lat' dir='ltr'><strong>quod</strong></span> <span class='ocrx_word' id='word_1_306' title='bbox 2652 1190 2831 1245; x_wconf 91' lang='lat' dir='ltr'><strong>David</strong></span> <span class='ocrx_word' id='word_1_307' title='bbox 2853 1204 2968 1246; x_wconf 90' lang='lat' dir='ltr'><strong>non</strong></span> <span class='ocrx_word' id='word_1_308' title='bbox 2992 1206 3051 1247; x_wconf 89' lang='lat' dir='ltr'><strong>se</strong></span> <span class='ocrx_word' id='word_1_309' title='bbox 3078 1192 3400 1263; x_wconf 89' lang='lat' dir='ltr'><strong>derelinqui</strong></span> <span class='ocrx_word' id='word_1_310' title='bbox 3440 1207 3650 1263; x_wconf 90' lang='lat' dir='ltr'><strong>usque-</strong></span> 
     </span>
    </p>
   </div>
   <div class='ocr_carea' id='block_1_43' title="bbox 1961 1277 3651 1348">
    <p class='ocr_par' dir='ltr' id='par_1_43' title="bbox 1961 1277 3651 1348">
     <span class='ocr_line' id='line_1_43' title="bbox 1961 1277 3651 1348; baseline 0.001 -17"><span class='ocrx_word' id='word_1_311' title='bbox 1961 1289 2196 1345; x_wconf 88' lang='lat' dir='ltr'><strong>quaque</strong></span> <span class='ocrx_word' id='word_1_312' title='bbox 2227 1283 2388 1347; x_wconf 81' lang='lat' dir='ltr'><strong>rogat</strong></span> <span class='ocrx_word' id='word_1_313' title='bbox 2422 1277 2477 1331; x_wconf 93' lang='lat' dir='ltr'><strong>in</strong></span> <span class='ocrx_word' id='word_1_314' title='bbox 2521 1278 2739 1346; x_wconf 88' lang='lat' dir='ltr'><strong>psalmo</strong></span> <span class='ocrx_word' id='word_1_315' title='bbox 2782 1279 2958 1342; x_wconf 82' lang='lat' dir='ltr'><strong>(Psal.</strong></span> <span class='ocrx_word' id='word_1_316' title='bbox 3008 1294 3198 1346; x_wconf 86' lang='lat' dir='ltr'><strong>cxvm,</strong></span> <span class='ocrx_word' id='word_1_317' title='bbox 3233 1280 3311 1348; x_wconf 89' lang='lat'><strong>8).</strong></span> <span class='ocrx_word' id='word_1_318' title='bbox 3366 1281 3651 1348; x_wconf 80' lang='lat' dir='ltr'><strong>Erantque</strong></span> 
     </span>
    </p>
   </div>
   <div class='ocr_carea' id='block_1_44' title="bbox 1960 1363 3647 1434">
    <p class='ocr_par' dir='ltr' id='par_1_44' title="bbox 1960 1363 3647 1434">
     <span class='ocr_line' id='line_1_44' title="bbox 1960 1363 3647 1434; baseline 0.004 -16"><span class='ocrx_word' id='word_1_319' title='bbox 1960 1363 2075 1418; x_wconf 84' lang='lat' dir='ltr'><strong>dies</strong></span> <span class='ocrx_word' id='word_1_320' title='bbox 2108 1365 2257 1418; x_wconf 82' lang='lat' dir='ltr'><strong>illius</strong></span> <span class='ocrx_word' id='word_1_321' title='bbox 2285 1373 2495 1419; x_wconf 80' lang='lat' dir='ltr'><strong>centum</strong></span> <span class='ocrx_word' id='word_1_322' title='bbox 2532 1367 2732 1434; x_wconf 82' lang='lat' dir='ltr'><strong>viginti</strong></span> <span class='ocrx_word' id='word_1_323' title='bbox 2765 1382 3048 1421; x_wconf 78' lang='lat' dir='ltr'><strong>annorum.</strong></span> <span class='ocrx_word' id='word_1_324' title='bbox 3103 1369 3207 1423; x_wconf 89' lang='lat' dir='ltr'><strong>Per</strong></span> <span class='ocrx_word' id='word_1_325' title='bbox 3254 1369 3647 1424; x_wconf 83' lang='lat' dir='ltr'><strong>centenarium</strong></span> 
     </span>
    </p>
   </div>
   <div class='ocr_carea' id='block_1_45' title="bbox 1959 1451 3652 1525">
    <p class='ocr_par' dir='ltr' id='par_1_45' title="bbox 1959 1451 3652 1525">
     <span class='ocr_line' id='line_1_45' title="bbox 1959 1451 3652 1525; baseline 0.002 -18"><span class='ocrx_word' id='word_1_326' title='bbox 1959 1464 2139 1521; x_wconf 90' lang='lat' dir='ltr'><strong>supra</strong></span> <span class='ocrx_word' id='word_1_327' title='bbox 2184 1451 2440 1508; x_wconf 86' lang='lat' dir='ltr'><strong>diximus</strong></span> <span class='ocrx_word' id='word_1_328' title='bbox 2488 1452 2897 1522; x_wconf 88' lang='lat' dir='ltr'><strong>plenitudinem</strong></span> <span class='ocrx_word' id='word_1_329' title='bbox 2950 1455 3207 1525; x_wconf 88' lang='lat' dir='ltr'><strong>ﬁgurari,</strong></span> <span class='ocrx_word' id='word_1_330' title='bbox 3263 1470 3361 1525; x_wconf 92' lang='lat' dir='ltr'><strong>per</strong></span> <span class='ocrx_word' id='word_1_331' title='bbox 3416 1456 3652 1511; x_wconf 87' lang='lat' dir='ltr'><strong>vicena-</strong></span> 
     </span>
    </p>
   </div>
   <div class='ocr_carea' id='block_1_46' title="bbox 1961 1537 3652 1613">
    <p class='ocr_par' dir='ltr' id='par_1_46' title="bbox 1961 1537 3652 1613">
     <span class='ocr_line' id='line_1_46' title="bbox 1961 1537 3652 1613; baseline 0.001 -20"><span class='ocrx_word' id='word_1_332' title='bbox 1961 1537 2114 1594; x_wconf 92' lang='lat' dir='ltr'><strong>rium</strong></span> <span class='ocrx_word' id='word_1_333' title='bbox 2172 1553 2481 1595; x_wconf 90' lang='lat' dir='ltr'><strong>numerum</strong></span> <span class='ocrx_word' id='word_1_334' title='bbox 2529 1539 2834 1609; x_wconf 91' lang='lat' dir='ltr'><strong>duplicitas</strong></span> <span class='ocrx_word' id='word_1_335' title='bbox 2884 1542 3243 1613; x_wconf 84' lang='lat' dir='ltr'><strong>designatur,</strong></span> <span class='ocrx_word' id='word_1_336' title='bbox 3305 1550 3367 1598; x_wconf 90' lang='lat' dir='ltr'><strong>ut</strong></span> <span class='ocrx_word' id='word_1_337' title='bbox 3412 1549 3540 1598; x_wconf 88' lang='lat' dir='ltr'><strong>est:</strong></span> <span class='ocrx_word' id='word_1_338' title='bbox 3590 1543 3652 1598; x_wconf 91' lang='lat' dir='ltr'><strong>Si</strong></span> 
     </span>
    </p>
   </div>
   <div class='ocr_carea' id='block_1_47' title="bbox 1952 1628 3654 1700">
    <p class='ocr_par' dir='ltr' id='par_1_47' title="bbox 1952 1628 3654 1700">
     <span class='ocr_line' id='line_1_47' title="bbox 1952 1628 3654 1700; baseline 0.002 -20"><span class='ocrx_word' id='word_1_339' title='bbox 1952 1629 2129 1696; x_wconf 83' lang='lat' dir='ltr'><strong>possit</strong></span> <span class='ocrx_word' id='word_1_340' title='bbox 2159 1643 2278 1681; x_wconf 88' lang='lat' dir='ltr'><strong>cum</strong></span> <span class='ocrx_word' id='word_1_341' title='bbox 2306 1628 2481 1681; x_wconf 85' lang='lat' dir='ltr'><strong>decem</strong></span> <span class='ocrx_word' id='word_1_342' title='bbox 2512 1629 2759 1684; x_wconf 79' lang='lat' dir='ltr'><strong>millibus</strong></span> <span class='ocrx_word' id='word_1_343' title='bbox 2778 1645 3052 1685; x_wconf 80' lang='lat' dir='ltr'><strong>occurrere</strong></span> <span class='ocrx_word' id='word_1_344' title='bbox 3078 1633 3128 1684; x_wconf 90' lang='lat' dir='ltr'><strong>ei</strong></span> <span class='ocrx_word' id='word_1_345' title='bbox 3171 1633 3267 1700; x_wconf 90' lang='lat' dir='ltr'><strong>qui</strong></span> <span class='ocrx_word' id='word_1_346' title='bbox 3293 1646 3414 1684; x_wconf 86' lang='lat' dir='ltr'><strong>cum</strong></span> <span class='ocrx_word' id='word_1_347' title='bbox 3450 1631 3654 1696; x_wconf 80' lang='lat' dir='ltr'><strong>viginti</strong></span> 
     </span>
    </p>
   </div>
   <div class='ocr_carea' id='block_1_48' title="bbox 1959 1716 3649 1788">
    <p class='ocr_par' dir='ltr' id='par_1_48' title="bbox 1959 1716 3649 1788">
     <span class='ocr_line' id='line_1_48' title="bbox 1959 1716 3649 1788; baseline 0.003 -20"><span class='ocrx_word' id='word_1_348' title='bbox 1959 1716 2198 1770; x_wconf 72' lang='lat' dir='ltr'><strong>millibus</strong></span> <span class='ocrx_word' id='word_1_349' title='bbox 2244 1718 2390 1769; x_wconf 73' lang='lat' dir='ltr'><strong>venit</strong></span> <span class='ocrx_word' id='word_1_350' title='bbox 2444 1716 2519 1769; x_wconf 78' lang='lat' dir='ltr'><strong>ad</strong></span> <span class='ocrx_word' id='word_1_351' title='bbox 2562 1732 2618 1770; x_wconf 85' lang='lat' dir='ltr'><strong>se</strong></span> <span class='ocrx_word' id='word_1_352' title='bbox 2674 1718 2824 1785; x_wconf 83' lang='lat' dir='ltr'><strong>(Luc.</strong></span> <span class='ocrx_word' id='word_1_353' title='bbox 2876 1733 2990 1785; x_wconf 79' lang='lat' dir='ltr'><strong>xw,</strong></span> <span class='ocrx_word' id='word_1_354' title='bbox 3034 1718 3143 1788; x_wconf 91' lang='lat' dir='ltr'><strong>3t).</strong></span> <span class='ocrx_word' id='word_1_355' title='bbox 3199 1721 3270 1775; x_wconf 90' lang='lat' dir='ltr'><strong>Et</strong></span> <span class='ocrx_word' id='word_1_356' title='bbox 3318 1717 3377 1773; x_wconf 91' lang='lat' dir='ltr'><strong>in</strong></span> <span class='ocrx_word' id='word_1_357' title='bbox 3426 1720 3649 1787; x_wconf 79' lang='lat' dir='ltr'><strong>Apoca-</strong></span> 
     </span>
    </p>
   </div>
   <div class='ocr_carea' id='block_1_49' title="bbox 1960 1802 3647 1875">
    <p class='ocr_par' dir='ltr' id='par_1_49' title="bbox 1960 1802 3647 1875">
     <span class='ocr_line' id='line_1_49' title="bbox 1960 1802 3647 1875; baseline -0.001 -17"><span class='ocrx_word' id='word_1_358' title='bbox 1960 1802 2153 1872; x_wconf 90' lang='lat' dir='ltr'><strong>lypsi:</strong></span> <span class='ocrx_word' id='word_1_359' title='bbox 2221 1805 2397 1870; x_wconf 76' lang='lat' dir='ltr'><strong>Vigics</strong></span> <span class='ocrx_word' id='word_1_360' title='bbox 2450 1805 2664 1858; x_wconf 74' lang='lat' dir='ltr'><strong>millies.</strong></span> <span class='ocrx_word' id='word_1_361' title='bbox 2730 1805 2869 1859; x_wconf 83' lang='lat' dir='ltr'><strong>dena</strong></span> <span class='ocrx_word' id='word_1_362' title='bbox 2926 1807 3104 1860; x_wconf 81' lang='lat' dir='ltr'><strong>millia</strong></span> <span class='ocrx_word' id='word_1_363' title='bbox 3157 1806 3355 1875; x_wconf 77' lang='lat' dir='ltr'><strong>(Apoc.</strong></span> <span class='ocrx_word' id='word_1_364' title='bbox 3417 1820 3494 1873; x_wconf 85' lang='lat' dir='ltr'><strong>ix,</strong></span> <span class='ocrx_word' id='word_1_365' title='bbox 3540 1806 3647 1875; x_wconf 83' lang='lat' dir='ltr'><strong>l6).</strong></span> 
     </span>
    </p>
   </div>
   <div class='ocr_carea' id='block_1_50' title="bbox 1960 1891 3648 1962">
    <p class='ocr_par' dir='ltr' id='par_1_50' title="bbox 1960 1891 3648 1962">
     <span class='ocr_line' id='line_1_50' title="bbox 1960 1891 3648 1962; baseline 0.002 -17"><span class='ocrx_word' id='word_1_366' title='bbox 1960 1891 2273 1961; x_wconf 89' lang='lat' dir='ltr'><strong>Duplicitas</strong></span> <span class='ocrx_word' id='word_1_367' title='bbox 2306 1899 2498 1947; x_wconf 85' lang='lat' dir='ltr'><strong>autem</strong></span> <span class='ocrx_word' id='word_1_368' title='bbox 2528 1906 2643 1948; x_wconf 91' lang='lat' dir='ltr'><strong>non</strong></span> <span class='ocrx_word' id='word_1_369' title='bbox 2675 1892 2983 1962; x_wconf 80' lang='lat' dir='ltr'><strong>hypocrisis</strong></span> <span class='ocrx_word' id='word_1_370' title='bbox 3022 1894 3113 1950; x_wconf 85' lang='lat' dir='ltr'><strong>hic</strong></span> <span class='ocrx_word' id='word_1_371' title='bbox 3142 1908 3175 1949; x_wconf 90' lang='lat' dir='ltr'><strong>a</strong></span> <span class='ocrx_word' id='word_1_372' title='bbox 3214 1908 3304 1949; x_wconf 92' lang='lat' dir='ltr'><strong>me</strong></span> <span class='ocrx_word' id='word_1_373' title='bbox 3348 1893 3648 1962; x_wconf 89' lang='lat' dir='ltr'><strong>accipitur,</strong></span> 
     </span>
    </p>
   </div>
   <div class='ocr_carea' id='block_1_51' title="bbox 1959 1980 3649 2052">
    <p class='ocr_par' dir='ltr' id='par_1_51' title="bbox 1959 1980 3649 2052">
     <span class='ocr_line' id='line_1_51' title="bbox 1959 1980 3649 2052; baseline 0 -16"><span class='ocrx_word' id='word_1_374' title='bbox 1959 1980 2056 2036; x_wconf 87' lang='lat' dir='ltr'><strong>sed</strong></span> <span class='ocrx_word' id='word_1_375' title='bbox 2116 1980 2213 2035; x_wconf 91' lang='lat' dir='ltr'><strong>illa</strong></span> <span class='ocrx_word' id='word_1_376' title='bbox 2272 1980 2521 2036; x_wconf 84' lang='lat' dir='ltr'><strong>violenta</strong></span> <span class='ocrx_word' id='word_1_377' title='bbox 2566 1980 2888 2050; x_wconf 86' lang='lat' dir='ltr'><strong>impuritas,</strong></span> <span class='ocrx_word' id='word_1_378' title='bbox 2940 1996 3071 2051; x_wconf 76' lang='lat' dir='ltr'><strong>quae</strong></span> <span class='ocrx_word' id='word_1_379' title='bbox 3110 1996 3211 2052; x_wconf 90' lang='lat' dir='ltr'><strong>per</strong></span> <span class='ocrx_word' id='word_1_380' title='bbox 3257 1982 3649 2038; x_wconf 88' lang='lat' dir='ltr'><strong>necessitatem</strong></span> 
     </span>
    </p>
   </div>
   <div class='ocr_carea' id='block_1_52' title="bbox 1961 2068 3647 2139">
    <p class='ocr_par' dir='ltr' id='par_1_52' title="bbox 1961 2068 3647 2139">
     <span class='ocr_line' id='line_1_52' title="bbox 1961 2068 3647 2139; baseline -0.001 -14"><span class='ocrx_word' id='word_1_381' title='bbox 1961 2068 2233 2139; x_wconf 89' lang='lat' dir='ltr'><strong>peccandi</strong></span> <span class='ocrx_word' id='word_1_382' title='bbox 2277 2082 2349 2124; x_wconf 89' lang='lat' dir='ltr'><strong>ex</strong></span> <span class='ocrx_word' id='word_1_383' title='bbox 2403 2069 2686 2125; x_wconf 90' lang='lat' dir='ltr'><strong>malorum</strong></span> <span class='ocrx_word' id='word_1_384' title='bbox 2733 2070 3079 2125; x_wconf 90' lang='lat' dir='ltr'><strong>irruentium</strong></span> <span class='ocrx_word' id='word_1_385' title='bbox 3124 2069 3466 2125; x_wconf 90' lang='lat' dir='ltr'><strong>admistione</strong></span> <span class='ocrx_word' id='word_1_386' title='bbox 3505 2083 3647 2124; x_wconf 90' lang='lat' dir='ltr'><strong>con-</strong></span> 
     </span>
    </p>
   </div>
   <div class='ocr_carea' id='block_1_53' title="bbox 1961 2156 3646 2227">
    <p class='ocr_par' dir='ltr' id='par_1_53' title="bbox 1961 2156 3646 2227">
     <span class='ocr_line' id='line_1_53' title="bbox 1961 2156 3646 2227; baseline -0.002 -13"><span class='ocrx_word' id='word_1_387' title='bbox 1961 2158 2228 2225; x_wconf 89' lang='lat' dir='ltr'><strong>trahitur,</strong></span> <span class='ocrx_word' id='word_1_388' title='bbox 2258 2158 2577 2213; x_wconf 89' lang='lat' dir='ltr'><strong>secundum</strong></span> <span class='ocrx_word' id='word_1_389' title='bbox 2606 2173 2781 2227; x_wconf 90' lang='lat' dir='ltr'><strong>quam</strong></span> <span class='ocrx_word' id='word_1_390' title='bbox 2816 2172 2928 2212; x_wconf 91' lang='lat' dir='ltr'><strong>non</strong></span> <span class='ocrx_word' id='word_1_391' title='bbox 2960 2157 3232 2213; x_wconf 90' lang='lat' dir='ltr'><strong>habitura</strong></span> <span class='ocrx_word' id='word_1_392' title='bbox 3250 2164 3331 2213; x_wconf 91' lang='lat' dir='ltr'><strong>est</strong></span> <span class='ocrx_word' id='word_1_393' title='bbox 3363 2156 3419 2211; x_wconf 92' lang='lat' dir='ltr'><strong>in</strong></span> <span class='ocrx_word' id='word_1_394' title='bbox 3451 2156 3646 2211; x_wconf 89' lang='lat' dir='ltr'><strong>futuro</strong></span> 
     </span>
    </p>
   </div>
   <div class='ocr_carea' id='block_1_54' title="bbox 1960 2244 3642 2315">
    <p class='ocr_par' dir='ltr' id='par_1_54' title="bbox 1960 2244 3642 2315">
     <span class='ocr_line' id='line_1_54' title="bbox 1960 2244 3642 2315; baseline -0.004 -13"><span class='ocrx_word' id='word_1_395' title='bbox 1960 2246 2212 2303; x_wconf 89' lang='lat' dir='ltr'><strong>Ecclesia</strong></span> <span class='ocrx_word' id='word_1_396' title='bbox 2255 2245 2560 2311; x_wconf 88' lang='lat' dir='ltr'><strong>maculam,</strong></span> <span class='ocrx_word' id='word_1_397' title='bbox 2607 2253 2708 2301; x_wconf 91' lang='lat' dir='ltr'><strong>aut</strong></span> <span class='ocrx_word' id='word_1_398' title='bbox 2763 2259 2969 2315; x_wconf 84' lang='lat' dir='ltr'><strong>rugam</strong></span> <span class='ocrx_word' id='word_1_399' title='bbox 3001 2247 3216 2315; x_wconf 84' lang='lat' dir='ltr'><strong>(Ephes.</strong></span> <span class='ocrx_word' id='word_1_400' title='bbox 3250 2260 3302 2311; x_wconf 90' lang='lat' dir='ltr'><strong>v,</strong></span> <span class='ocrx_word' id='word_1_401' title='bbox 3353 2244 3464 2310; x_wconf 82' lang='lat'><strong>27),</strong></span> <span class='ocrx_word' id='word_1_402' title='bbox 3528 2256 3642 2297; x_wconf 89' lang='lat' dir='ltr'><strong>non</strong></span> 
     </span>
    </p>
   </div>
   <div class='ocr_carea' id='block_1_55' title="bbox 1956 2330 3647 2404">
    <p class='ocr_par' dir='ltr' id='par_1_55' title="bbox 1956 2330 3647 2404">
     <span class='ocr_line' id='line_1_55' title="bbox 1956 2330 3647 2404; baseline -0.003 -14"><span class='ocrx_word' id='word_1_403' title='bbox 1956 2334 2111 2404; x_wconf 92' lang='lat' dir='ltr'><strong>quod</strong></span> <span class='ocrx_word' id='word_1_404' title='bbox 2173 2335 2231 2389; x_wconf 90' lang='lat' dir='ltr'><strong>in</strong></span> <span class='ocrx_word' id='word_1_405' title='bbox 2284 2332 2546 2404; x_wconf 69' lang='lat' dir='ltr'><strong>praesenti</strong></span> <span class='ocrx_word' id='word_1_406' title='bbox 2604 2346 2810 2403; x_wconf 85' lang='lat' dir='ltr'><strong>rugam</strong></span> <span class='ocrx_word' id='word_1_407' title='bbox 2878 2332 3193 2402; x_wconf 70' lang='lat' dir='ltr'><strong>hypocrisis</strong></span> <span class='ocrx_word' id='word_1_408' title='bbox 3240 2331 3465 2397; x_wconf 88' lang='lat' dir='ltr'><strong>habeat,</strong></span> <span class='ocrx_word' id='word_1_409' title='bbox 3526 2330 3647 2386; x_wconf 66' lang='lat' dir='ltr'><strong>haec</strong></span> 
     </span>
    </p>
   </div>
   <div class='ocr_carea' id='block_1_56' title="bbox 1956 2419 3647 2492">
    <p class='ocr_par' dir='ltr' id='par_1_56' title="bbox 1956 2419 3647 2492">
     <span class='ocr_line' id='line_1_56' title="bbox 1956 2419 3647 2492; baseline -0.004 -12"><span class='ocrx_word' id='word_1_410' title='bbox 1956 2422 2110 2480; x_wconf 90' lang='lat' dir='ltr'><strong>enim</strong></span> <span class='ocrx_word' id='word_1_411' title='bbox 2158 2423 2219 2477; x_wconf 92' lang='lat' dir='ltr'><strong>ﬁt</strong></span> <span class='ocrx_word' id='word_1_412' title='bbox 2260 2422 2491 2492; x_wconf 90' lang='lat' dir='ltr'><strong>penitus</strong></span> <span class='ocrx_word' id='word_1_413' title='bbox 2531 2421 2777 2477; x_wconf 83' lang='lat' dir='ltr'><strong>extorris</strong></span> <span class='ocrx_word' id='word_1_414' title='bbox 2823 2421 2895 2477; x_wconf 91' lang='lat' dir='ltr'><strong>ab</strong></span> <span class='ocrx_word' id='word_1_415' title='bbox 2950 2420 3091 2490; x_wconf 90' lang='lat' dir='ltr'><strong>ipsa,</strong></span> <span class='ocrx_word' id='word_1_416' title='bbox 3140 2420 3239 2477; x_wconf 91' lang='lat' dir='ltr'><strong>sed</strong></span> <span class='ocrx_word' id='word_1_417' title='bbox 3284 2419 3441 2491; x_wconf 92' lang='lat' dir='ltr'><strong>quod</strong></span> <span class='ocrx_word' id='word_1_418' title='bbox 3489 2433 3647 2475; x_wconf 91' lang='lat' dir='ltr'><strong>nunc</strong></span> 
     </span>
    </p>
   </div>
   <div class='ocr_carea' id='block_1_57' title="bbox 1955 2507 3646 2581">
    <p class='ocr_par' dir='ltr' id='par_1_57' title="bbox 1955 2507 3646 2581">
     <span class='ocr_line' id='line_1_57' title="bbox 1955 2507 3646 2581; baseline -0.004 -12"><span class='ocrx_word' id='word_1_419' title='bbox 1955 2510 2328 2581; x_wconf 89' lang='lat' dir='ltr'><strong>occupatione</strong></span> <span class='ocrx_word' id='word_1_420' title='bbox 2359 2510 2738 2566; x_wconf 90' lang='lat' dir='ltr'><strong>tentationum</strong></span> <span class='ocrx_word' id='word_1_421' title='bbox 2786 2518 2840 2565; x_wconf 90' lang='lat' dir='ltr'><strong>et</strong></span> <span class='ocrx_word' id='word_1_422' title='bbox 2867 2509 3077 2571; x_wconf 89' lang='lat' dir='ltr'><strong>carnis.</strong></span> <span class='ocrx_word' id='word_1_423' title='bbox 3120 2508 3481 2575; x_wconf 84' lang='lat' dir='ltr'><strong>contractior,</strong></span> <span class='ocrx_word' id='word_1_424' title='bbox 3531 2507 3646 2562; x_wconf 88' lang='lat' dir='ltr'><strong>mi-</strong></span> 
     </span>
    </p>
   </div>
   <div class='ocr_carea' id='block_1_58' title="bbox 1956 2594 3644 2670">
    <p class='ocr_par' dir='ltr' id='par_1_58' title="bbox 1956 2594 3644 2670">
     <span class='ocr_line' id='line_1_58' title="bbox 1956 2594 3644 2670; baseline -0.004 -14"><span class='ocrx_word' id='word_1_425' title='bbox 1956 2615 2183 2670; x_wconf 88' lang='lat' dir='ltr'><strong>nusque</strong></span> <span class='ocrx_word' id='word_1_426' title='bbox 2214 2599 2394 2655; x_wconf 88' lang='lat' dir='ltr'><strong>libera</strong></span> <span class='ocrx_word' id='word_1_427' title='bbox 2440 2598 2707 2654; x_wconf 62' lang='lat' dir='ltr'><strong>videatur</strong></span> <span class='ocrx_word' id='word_1_428' title='bbox 2749 2597 2822 2653; x_wconf 88' lang='lat' dir='ltr'><strong>ad</strong></span> <span class='ocrx_word' id='word_1_429' title='bbox 2872 2600 3070 2654; x_wconf 91' lang='lat' dir='ltr'><strong>Deum.</strong></span> <span class='ocrx_word' id='word_1_430' title='bbox 3122 2597 3359 2652; x_wconf 86' lang='lat' dir='ltr'><strong>Centum</strong></span> <span class='ocrx_word' id='word_1_431' title='bbox 3391 2609 3528 2666; x_wconf 88' lang='lat' dir='ltr'><strong>ergo</strong></span> <span class='ocrx_word' id='word_1_432' title='bbox 3572 2594 3644 2649; x_wconf 92' lang='lat' dir='ltr'><strong>ad</strong></span> 
     </span>
    </p>
   </div>
   <div class='ocr_carea' id='block_1_59' title="bbox 1959 2682 3644 2759">
    <p class='ocr_par' dir='ltr' id='par_1_59' title="bbox 1959 2682 3644 2759">
     <span class='ocr_line' id='line_1_59' title="bbox 1959 2682 3644 2759; baseline -0.004 -16"><span class='ocrx_word' id='word_1_433' title='bbox 1959 2687 2342 2759; x_wconf 89' lang='lat' dir='ltr'><strong>integritatem</strong></span> <span class='ocrx_word' id='word_1_434' title='bbox 2380 2686 2544 2741; x_wconf 67' lang='lat' dir='ltr'><strong>bonae</strong></span> <span class='ocrx_word' id='word_1_435' title='bbox 2592 2685 2926 2752; x_wconf 88' lang='lat' dir='ltr'><strong>voluntatis,</strong></span> <span class='ocrx_word' id='word_1_436' title='bbox 2976 2684 3182 2756; x_wconf 88' lang='lat' dir='ltr'><strong>viginti</strong></span> <span class='ocrx_word' id='word_1_437' title='bbox 3249 2684 3529 2740; x_wconf 90' lang='lat' dir='ltr'><strong>habemus</strong></span> <span class='ocrx_word' id='word_1_438' title='bbox 3573 2682 3644 2737; x_wconf 91' lang='lat' dir='ltr'><strong>ad</strong></span> 
     </span>
    </p>
   </div>
   <div class='ocr_carea' id='block_1_60' title="bbox 1953 2771 3641 2846">
    <p class='ocr_par' dir='ltr' id='par_1_60' title="bbox 1953 2771 3641 2846">
     <span class='ocr_line' id='line_1_60' title="bbox 1953 2771 3641 2846; baseline -0.005 -13"><span class='ocrx_word' id='word_1_439' title='bbox 1953 2791 2102 2843; x_wconf 88' lang='lat' dir='ltr'><strong>eam,</strong></span> <span class='ocrx_word' id='word_1_440' title='bbox 2130 2789 2309 2846; x_wconf 85' lang='lat' dir='ltr'><strong>quam</strong></span> <span class='ocrx_word' id='word_1_441' title='bbox 2362 2774 2736 2845; x_wconf 67' lang='lat' dir='ltr'><strong>prmtulimus,</strong></span> <span class='ocrx_word' id='word_1_442' title='bbox 2770 2774 3161 2844; x_wconf 89' lang='lat' dir='ltr'><strong>impuritatem</strong></span> <span class='ocrx_word' id='word_1_443' title='bbox 3201 2772 3461 2839; x_wconf 88' lang='lat' dir='ltr'><strong>actionis,</strong></span> <span class='ocrx_word' id='word_1_444' title='bbox 3502 2771 3641 2826; x_wconf 90' lang='lat' dir='ltr'><strong>dum</strong></span> 
     </span>
    </p>
   </div>
   <div class='ocr_carea' id='block_1_61' title="bbox 210 2857 3641 2942">
    <p class='ocr_par' dir='ltr' id='par_1_61' title="bbox 210 2857 3641 2942">
     <span class='ocr_line' id='line_1_61' title="bbox 210 2857 3641 2942; baseline -0.002 -24"><span class='ocrx_word' id='word_1_445' title='bbox 210 2863 390 2919; x_wconf 73' lang='lat' dir='ltr'><strong>Vnus.</strong></span> <span class='ocrx_word' id='word_1_446' title='bbox 426 2868 475 2931; x_wconf 87' lang='grc'><strong>1,</strong></span> <span class='ocrx_word' id='word_1_447' title='bbox 510 2868 562 2920; x_wconf 76' lang='lat'><strong>2.</strong></span> <span class='ocrx_word' id='word_1_448' title='bbox 598 2895 664 2906; x_wconf 88' lang='lat'><strong><em>—</em></strong></span> <span class='ocrx_word' id='word_1_449' title='bbox 695 2867 942 2936; x_wconf 84' lang='lat' dir='ltr'><strong>Cumque</strong></span> <span class='ocrx_word' id='word_1_450' title='bbox 970 2869 1252 2936; x_wconf 67' lang='lat' dir='ltr'><strong>coepissent</strong></span> <span class='ocrx_word' id='word_1_451' title='bbox 1300 2868 1538 2923; x_wconf 80' lang='lat' dir='ltr'><strong>homines</strong></span> <span class='ocrx_word' id='word_1_452' title='bbox 1568 2868 1843 2937; x_wconf 86' lang='lat' dir='ltr'><strong>multipli-</strong></span> <span class='ocrx_word' id='word_1_453' title='bbox 1876 2889 1916 2942; x_wconf 72' lang='grc' dir='ltr'>ο</span> <span class='ocrx_word' id='word_1_454' title='bbox 1949 2866 2123 2937; x_wconf 86' lang='lat' dir='ltr'><strong>juxta</strong></span> <span class='ocrx_word' id='word_1_455' title='bbox 2177 2863 2532 2934; x_wconf 85' lang='lat' dir='ltr'><strong>Apostolum,</strong></span> <span class='ocrx_word' id='word_1_456' title='bbox 2583 2862 2738 2933; x_wconf 91' lang='lat' dir='ltr'><strong>quod</strong></span> <span class='ocrx_word' id='word_1_457' title='bbox 2781 2863 3054 2919; x_wconf 91' lang='lat' dir='ltr'><strong>nolumus</strong></span> <span class='ocrx_word' id='word_1_458' title='bbox 3098 2861 3312 2917; x_wconf 89' lang='lat' dir='ltr'><strong>malum</strong></span> <span class='ocrx_word' id='word_1_459' title='bbox 3355 2860 3461 2916; x_wconf 90' lang='lat' dir='ltr'><strong>hoc</strong></span> <span class='ocrx_word' id='word_1_460' title='bbox 3516 2857 3641 2928; x_wconf 87' lang='lat' dir='ltr'><strong>agi-</strong></span> 
     </span>
    </p>
   </div>
   <div class='ocr_carea' id='block_1_62' title="bbox 138 2954 1842 3026">
    <p class='ocr_par' dir='ltr' id='par_1_62' title="bbox 138 2954 1842 3026">
     <span class='ocr_line' id='line_1_62' title="bbox 138 2954 1842 3026; baseline 0.002 -21"><span class='ocrx_word' id='word_1_461' title='bbox 138 2954 259 3006; x_wconf 85' lang='lat' dir='ltr'><strong>cari</strong></span> <span class='ocrx_word' id='word_1_462' title='bbox 286 2967 455 3021; x_wconf 88' lang='lat' dir='ltr'><strong>super</strong></span> <span class='ocrx_word' id='word_1_463' title='bbox 483 2955 705 3021; x_wconf 75' lang='lat' dir='ltr'><strong>terram,</strong></span> <span class='ocrx_word' id='word_1_464' title='bbox 733 2958 784 3008; x_wconf 86' lang='lat' dir='ltr'><strong>et</strong></span> <span class='ocrx_word' id='word_1_465' title='bbox 813 2956 965 3025; x_wconf 81' lang='lat' dir='ltr'><strong>ﬁlios</strong></span> <span class='ocrx_word' id='word_1_466' title='bbox 1000 2960 1394 3022; x_wconf 82' lang='lat' dir='ltr'><strong>procreassent,</strong></span> <span class='ocrx_word' id='word_1_467' title='bbox 1440 2956 1683 3011; x_wconf 82' lang='lat' dir='ltr'><strong>videntes</strong></span> <span class='ocrx_word' id='word_1_468' title='bbox 1714 2957 1842 3026; x_wconf 71' lang='lat' dir='ltr'><strong>ﬁlii</strong></span> 
     </span>
    </p>
   </div>
   <div class='ocr_carea' id='block_1_63' title="bbox 143 3041 1830 3113">
    <p class='ocr_par' dir='ltr' id='par_1_63' title="bbox 143 3041 1830 3113">
     <span class='ocr_line' id='line_1_63' title="bbox 143 3041 1830 3113; baseline 0.003 -20"><span class='ocrx_word' id='word_1_469' title='bbox 143 3042 247 3094; x_wconf 82' lang='lat' dir='ltr'><strong>Dei</strong></span> <span class='ocrx_word' id='word_1_470' title='bbox 262 3041 427 3109; x_wconf 76' lang='lat' dir='ltr'><strong>ﬁlias</strong></span> <span class='ocrx_word' id='word_1_471' title='bbox 459 3042 758 3109; x_wconf 82' lang='lat' dir='ltr'><strong>hominum,</strong></span> <span class='ocrx_word' id='word_1_472' title='bbox 802 3043 950 3112; x_wconf 87' lang='lat' dir='ltr'><strong>quod</strong></span> <span class='ocrx_word' id='word_1_473' title='bbox 992 3047 1166 3098; x_wconf 74' lang='lat' dir='ltr'><strong>essent</strong></span> <span class='ocrx_word' id='word_1_474' title='bbox 1208 3045 1471 3113; x_wconf 77' lang='lat' dir='ltr'><strong>pulchrae,</strong></span> <span class='ocrx_word' id='word_1_475' title='bbox 1511 3049 1830 3113; x_wconf 87' lang='lat' dir='ltr'><strong>acceperunt</strong></span> 
     </span>
    </p>
   </div>
   <div class='ocr_carea' id='block_1_64' title="bbox 139 3128 1842 3203">
    <p class='ocr_par' dir='ltr' id='par_1_64' title="bbox 139 3128 1842 3203">
     <span class='ocr_line' id='line_1_64' title="bbox 139 3128 1842 3203; baseline 0.004 -20"><span class='ocrx_word' id='word_1_476' title='bbox 139 3128 247 3183; x_wconf 83' lang='lat' dir='ltr'><strong>sibi</strong></span> <span class='ocrx_word' id='word_1_477' title='bbox 274 3144 477 3183; x_wconf 65' lang='lat' dir='ltr'><strong>uxores</strong></span> <span class='ocrx_word' id='word_1_478' title='bbox 495 3146 565 3184; x_wconf 78' lang='lat' dir='ltr'><strong>ea:</strong></span> <span class='ocrx_word' id='word_1_479' title='bbox 588 3131 835 3185; x_wconf 84' lang='lat' dir='ltr'><strong>omnibus</strong></span> <span class='ocrx_word' id='word_1_480' title='bbox 864 3146 1001 3200; x_wconf 88' lang='lat' dir='ltr'><strong>quas</strong></span> <span class='ocrx_word' id='word_1_481' title='bbox 1031 3133 1320 3200; x_wconf 85' lang='lat' dir='ltr'><strong>elegerant.</strong></span> <span class='ocrx_word' id='word_1_482' title='bbox 1352 3133 1644 3189; x_wconf 87' lang='lat' dir='ltr'><strong>Virtutum</strong></span> <span class='ocrx_word' id='word_1_483' title='bbox 1666 3132 1842 3203; x_wconf 85' lang='lat' dir='ltr'><strong>igitur</strong></span> 
     </span>
    </p>
   </div>
   <div class='ocr_carea' id='block_1_65' title="bbox 140 3218 1841 3290">
    <p class='ocr_par' dir='ltr' id='par_1_65' title="bbox 140 3218 1841 3290">
     <span class='ocr_line' id='line_1_65' title="bbox 140 3218 1841 3290; baseline 0.002 -18"><span class='ocrx_word' id='word_1_484' title='bbox 140 3225 539 3274; x_wconf 87' lang='lat' dir='ltr'><strong>succrescente</strong></span> <span class='ocrx_word' id='word_1_485' title='bbox 567 3218 758 3274; x_wconf 91' lang='lat' dir='ltr'><strong>studio</strong></span> <span class='ocrx_word' id='word_1_486' title='bbox 786 3218 1046 3275; x_wconf 90' lang='lat' dir='ltr'><strong>homines</strong></span> <span class='ocrx_word' id='word_1_487' title='bbox 1085 3234 1201 3276; x_wconf 92' lang='lat' dir='ltr'><strong>non</strong></span> <span class='ocrx_word' id='word_1_488' title='bbox 1241 3221 1408 3277; x_wconf 93' lang='lat' dir='ltr'><strong>modo</strong></span> <span class='ocrx_word' id='word_1_489' title='bbox 1447 3220 1841 3290; x_wconf 91' lang='lat' dir='ltr'><strong>multiplican-</strong></span> 
     </span>
    </p>
   </div>
   <div class='ocr_carea' id='block_1_66' title="bbox 144 3307 1839 3379">
    <p class='ocr_par' dir='ltr' id='par_1_66' title="bbox 144 3307 1839 3379">
     <span class='ocr_line' id='line_1_66' title="bbox 144 3307 1839 3379; baseline 0.002 -17"><span class='ocrx_word' id='word_1_490' title='bbox 144 3315 236 3363; x_wconf 89' lang='lat' dir='ltr'><strong>tur</strong></span> <span class='ocrx_word' id='word_1_491' title='bbox 270 3307 331 3361; x_wconf 90' lang='lat' dir='ltr'><strong>in</strong></span> <span class='ocrx_word' id='word_1_492' title='bbox 366 3314 539 3372; x_wconf 90' lang='lat' dir='ltr'><strong>terra,</strong></span> <span class='ocrx_word' id='word_1_493' title='bbox 583 3308 679 3362; x_wconf 90' lang='lat' dir='ltr'><strong>sed</strong></span> <span class='ocrx_word' id='word_1_494' title='bbox 722 3321 899 3377; x_wconf 87' lang='lat' dir='ltr'><strong>super</strong></span> <span class='ocrx_word' id='word_1_495' title='bbox 939 3315 1171 3376; x_wconf 89' lang='lat' dir='ltr'><strong>terram,</strong></span> <span class='ocrx_word' id='word_1_496' title='bbox 1212 3309 1353 3379; x_wconf 89' lang='lat' dir='ltr'><strong>quia</strong></span> <span class='ocrx_word' id='word_1_497' title='bbox 1400 3309 1738 3366; x_wconf 85' lang='lat' dir='ltr'><strong>densissima</strong></span> <span class='ocrx_word' id='word_1_498' title='bbox 1781 3310 1839 3365; x_wconf 92' lang='lat' dir='ltr'><strong>in</strong></span> 
     </span>
    </p>
   </div>
   <div class='ocr_carea' id='block_1_67' title="bbox 140 3395 1839 3463">
    <p class='ocr_par' dir='ltr' id='par_1_67' title="bbox 140 3395 1839 3463">
     <span class='ocr_line' id='line_1_67' title="bbox 140 3395 1839 3463; baseline 0.001 -12"><span class='ocrx_word' id='word_1_499' title='bbox 140 3395 397 3451; x_wconf 85' lang='lat' dir='ltr'><strong>animam</strong></span> <span class='ocrx_word' id='word_1_500' title='bbox 454 3396 842 3451; x_wconf 88' lang='lat' dir='ltr'><strong>humanorum</strong></span> <span class='ocrx_word' id='word_1_501' title='bbox 898 3403 1162 3452; x_wconf 90' lang='lat' dir='ltr'><strong>motuum</strong></span> <span class='ocrx_word' id='word_1_502' title='bbox 1222 3397 1493 3453; x_wconf 88' lang='lat' dir='ltr'><strong>feruntur</strong></span> <span class='ocrx_word' id='word_1_503' title='bbox 1549 3398 1839 3463; x_wconf 90' lang='lat' dir='ltr'><strong>examina,</strong></span> 
     </span>
    </p>
   </div>
   <div class='ocr_carea' id='block_1_68' title="bbox 142 3483 1840 3556">
    <p class='ocr_par' dir='ltr' id='par_1_68' title="bbox 142 3483 1840 3556">
     <span class='ocr_line' id='line_1_68' title="bbox 142 3483 1840 3556; baseline 0.002 -17"><span class='ocrx_word' id='word_1_504' title='bbox 142 3498 243 3539; x_wconf 87' lang='lat' dir='ltr'><strong>uec</strong></span> <span class='ocrx_word' id='word_1_505' title='bbox 270 3483 436 3546; x_wconf 89' lang='lat' dir='ltr'><strong>talia,</strong></span> <span class='ocrx_word' id='word_1_506' title='bbox 468 3497 601 3552; x_wconf 70' lang='lat' dir='ltr'><strong>qum</strong></span> <span class='ocrx_word' id='word_1_507' title='bbox 631 3483 796 3538; x_wconf 85' lang='lat' dir='ltr'><strong>facile</strong></span> <span class='ocrx_word' id='word_1_508' title='bbox 836 3484 1082 3539; x_wconf 88' lang='lat' dir='ltr'><strong>rationis</strong></span> <span class='ocrx_word' id='word_1_509' title='bbox 1124 3484 1530 3554; x_wconf 89' lang='lat' dir='ltr'><strong>deprimantur</strong></span> <span class='ocrx_word' id='word_1_510' title='bbox 1568 3486 1840 3556; x_wconf 90' lang='lat' dir='ltr'><strong>potentia,</strong></span> 
     </span>
    </p>
   </div>
   <div class='ocr_carea' id='block_1_69' title="bbox 142 3570 1843 3643">
    <p class='ocr_par' dir='ltr' id='par_1_69' title="bbox 142 3570 1843 3643">
     <span class='ocr_line' id='line_1_69' title="bbox 142 3570 1843 3643; baseline 0.002 -18"><span class='ocrx_word' id='word_1_511' title='bbox 142 3571 235 3625; x_wconf 89' lang='lat' dir='ltr'><strong>sed</strong></span> <span class='ocrx_word' id='word_1_512' title='bbox 266 3584 405 3639; x_wconf 61' lang='lat' dir='ltr'><strong>quae</strong></span> <span class='ocrx_word' id='word_1_513' title='bbox 434 3576 666 3635; x_wconf 88' lang='lat' dir='ltr'><strong>terram,</strong></span> <span class='ocrx_word' id='word_1_514' title='bbox 696 3570 749 3625; x_wconf 92' lang='lat' dir='ltr'><strong>id</strong></span> <span class='ocrx_word' id='word_1_515' title='bbox 789 3578 872 3626; x_wconf 91' lang='lat' dir='ltr'><strong>est</strong></span> <span class='ocrx_word' id='word_1_516' title='bbox 910 3571 1124 3626; x_wconf 91' lang='lat' dir='ltr'><strong>mentis</strong></span> <span class='ocrx_word' id='word_1_517' title='bbox 1167 3572 1496 3628; x_wconf 88' lang='lat' dir='ltr'><strong>ﬁrmitatem</strong></span> <span class='ocrx_word' id='word_1_518' title='bbox 1525 3573 1843 3643; x_wconf 85' lang='lat' dir='ltr'><strong>subjugare</strong></span> 
     </span>
    </p>
   </div>
   <div class='ocr_carea' id='block_1_70' title="bbox 144 3648 1836 3730">
    <p class='ocr_par' dir='ltr' id='par_1_70' title="bbox 144 3648 1836 3730">
     <span class='ocr_line' id='line_1_70' title="bbox 144 3648 1836 3730; baseline 0.002 -18"><span class='ocrx_word' id='word_1_519' title='bbox 144 3648 652 3728; x_wconf 75' lang='lat' dir='ltr'><strong>possintad&#39;vitia.</strong></span> <span class='ocrx_word' id='word_1_520' title='bbox 697 3661 796 3711; x_wconf 77' lang='lat'><strong>39</strong></span> <span class='ocrx_word' id='word_1_521' title='bbox 833 3657 1033 3714; x_wconf 88' lang='lat' dir='ltr'><strong>Virtus</strong></span> <span class='ocrx_word' id='word_1_522' title='bbox 1084 3671 1337 3727; x_wconf 89' lang='lat' dir='ltr'><strong>namque</strong></span> <span class='ocrx_word' id='word_1_523' title='bbox 1374 3673 1488 3714; x_wconf 88' lang='lat' dir='ltr'><strong>non</strong></span> <span class='ocrx_word' id='word_1_524' title='bbox 1540 3661 1836 3730; x_wconf 90' lang='lat' dir='ltr'><strong>probatur,</strong></span> 
     </span>
    </p>
   </div>
   <div class='ocr_carea' id='block_1_71' title="bbox 143 3744 1838 3818">
    <p class='ocr_par' dir='ltr' id='par_1_71' title="bbox 143 3744 1838 3818">
     <span class='ocr_line' id='line_1_71' title="bbox 143 3744 1838 3818; baseline 0.001 -16"><span class='ocrx_word' id='word_1_525' title='bbox 143 3745 247 3803; x_wconf 89' lang='lat' dir='ltr'><strong>nisi</strong></span> <span class='ocrx_word' id='word_1_526' title='bbox 280 3746 446 3801; x_wconf 89' lang='lat' dir='ltr'><strong>hoste</strong></span> <span class='ocrx_word' id='word_1_527' title='bbox 476 3745 682 3801; x_wconf 88' lang='lat' dir='ltr'><strong>vicino.</strong></span> <span class='ocrx_word' id='word_1_528' title='bbox 713 3744 814 3801; x_wconf 92' lang='lat' dir='ltr'><strong>Sed</strong></span> <span class='ocrx_word' id='word_1_529' title='bbox 849 3745 1017 3801; x_wconf 90' lang='lat' dir='ltr'><strong>iidem</strong></span> <span class='ocrx_word' id='word_1_530' title='bbox 1050 3746 1311 3802; x_wconf 89' lang='lat' dir='ltr'><strong>homines</strong></span> <span class='ocrx_word' id='word_1_531' title='bbox 1343 3746 1491 3803; x_wconf 87' lang='lat' dir='ltr'><strong>filias</strong></span> <span class='ocrx_word' id='word_1_532' title='bbox 1519 3756 1838 3818; x_wconf 87' lang='lat' dir='ltr'><strong>procreant,</strong></span> 
     </span>
    </p>
   </div>
   <div class='ocr_carea' id='block_1_72' title="bbox 142 3831 1844 3905">
    <p class='ocr_par' dir='ltr' id='par_1_72' title="bbox 142 3831 1844 3905">
     <span class='ocr_line' id='line_1_72' title="bbox 142 3831 1844 3905; baseline 0.001 -14"><span class='ocrx_word' id='word_1_533' title='bbox 142 3848 275 3891; x_wconf 88' lang='lat' dir='ltr'><strong>cum</strong></span> <span class='ocrx_word' id='word_1_534' title='bbox 359 3832 656 3905; x_wconf 86' lang='lat' dir='ltr'><strong>fragilium</strong></span> <span class='ocrx_word' id='word_1_535' title='bbox 744 3831 1040 3889; x_wconf 89' lang='lat' dir='ltr'><strong>mollitiem</strong></span> <span class='ocrx_word' id='word_1_536' title='bbox 1119 3835 1533 3905; x_wconf 89' lang='lat' dir='ltr'><strong>cogitationum</strong></span> <span class='ocrx_word' id='word_1_537' title='bbox 1606 3837 1844 3893; x_wconf 89' lang='lat' dir='ltr'><strong>internis</strong></span> 
     </span>
    </p>
   </div>
   <div class='ocr_carea' id='block_1_73' title="bbox 143 3919 1842 3992">
    <p class='ocr_par' dir='ltr' id='par_1_73' title="bbox 143 3919 1842 3992">
     <span class='ocr_line' id='line_1_73' title="bbox 143 3919 1842 3992; baseline -0.001 -13"><span class='ocrx_word' id='word_1_538' title='bbox 143 3920 473 3992; x_wconf 85' lang='lat' dir='ltr'><strong>aspectibus</strong></span> <span class='ocrx_word' id='word_1_539' title='bbox 505 3920 836 3990; x_wconf 89' lang='lat' dir='ltr'><strong>frequenter</strong></span> <span class='ocrx_word' id='word_1_540' title='bbox 891 3919 1198 3990; x_wconf 89' lang='lat' dir='ltr'><strong>objectant.</strong></span> <span class='ocrx_word' id='word_1_541' title='bbox 1262 3920 1389 3977; x_wconf 90' lang='lat' dir='ltr'><strong>Filii</strong></span> <span class='ocrx_word' id='word_1_542' title='bbox 1439 3922 1533 3977; x_wconf 91' lang='lat' dir='ltr'><strong>Dei</strong></span> <span class='ocrx_word' id='word_1_543' title='bbox 1588 3924 1692 3978; x_wconf 90' lang='lat' dir='ltr'><strong>has</strong></span> <span class='ocrx_word' id='word_1_544' title='bbox 1750 3925 1842 3978; x_wconf 92' lang='lat' dir='ltr'><strong>vi-</strong></span> 
     </span>
    </p>
   </div>
   <div class='ocr_carea' id='block_1_74' title="bbox 145 4007 1842 4075">
    <p class='ocr_par' dir='ltr' id='par_1_74' title="bbox 145 4007 1842 4075">
     <span class='ocr_line' id='line_1_74' title="bbox 145 4007 1842 4075; baseline 0.001 -10"><span class='ocrx_word' id='word_1_545' title='bbox 145 4011 300 4075; x_wconf 91' lang='lat' dir='ltr'><strong>dent,</strong></span> <span class='ocrx_word' id='word_1_546' title='bbox 357 4023 493 4065; x_wconf 90' lang='lat' dir='ltr'><strong>cum</strong></span> <span class='ocrx_word' id='word_1_547' title='bbox 546 4007 1020 4064; x_wconf 89' lang='lat' dir='ltr'><strong>intellectualium</strong></span> <span class='ocrx_word' id='word_1_548' title='bbox 1066 4008 1403 4064; x_wconf 81' lang='lat' dir='ltr'><strong>excellentia</strong></span> <span class='ocrx_word' id='word_1_549' title='bbox 1447 4024 1721 4065; x_wconf 89' lang='lat' dir='ltr'><strong>sensuum</strong></span> <span class='ocrx_word' id='word_1_550' title='bbox 1771 4010 1842 4066; x_wconf 91' lang='lat' dir='ltr'><strong>ad</strong></span> 
     </span>
    </p>
   </div>
   <div class='ocr_carea' id='block_1_75' title="bbox 144 4095 1840 4170">
    <p class='ocr_par' dir='ltr' id='par_1_75' title="bbox 144 4095 1840 4170">
     <span class='ocr_line' id='line_1_75' title="bbox 144 4095 1840 4170; baseline 0 -17"><span class='ocrx_word' id='word_1_551' title='bbox 144 4097 586 4170; x_wconf 81' lang='lat' dir='ltr'><strong>suggestionum</strong></span> <span class='ocrx_word' id='word_1_552' title='bbox 654 4095 968 4152; x_wconf 88' lang='lat' dir='ltr'><strong>illationem</strong></span> <span class='ocrx_word' id='word_1_553' title='bbox 1048 4096 1217 4167; x_wconf 91' lang='lat' dir='ltr'><strong>quasi</strong></span> <span class='ocrx_word' id='word_1_554' title='bbox 1292 4098 1364 4152; x_wconf 92' lang='lat' dir='ltr'><strong>ad</strong></span> <span class='ocrx_word' id='word_1_555' title='bbox 1441 4098 1840 4161; x_wconf 90' lang='lat' dir='ltr'><strong>meretriciam,</strong></span> 
     </span>
    </p>
   </div>
   <div class='ocr_carea' id='block_1_76' title="bbox 149 4182 1913 4256">
    <p class='ocr_par' dir='ltr' id='par_1_76' title="bbox 149 4182 1913 4256">
     <span class='ocr_line' id='line_1_76' title="bbox 149 4182 1913 4256; baseline 0.001 -13"><span class='ocrx_word' id='word_1_556' title='bbox 149 4185 601 4243; x_wconf 88' lang='lat' dir='ltr'><strong>lenocinantium</strong></span> <span class='ocrx_word' id='word_1_557' title='bbox 688 4185 933 4255; x_wconf 90' lang='lat' dir='ltr'><strong>speciem</strong></span> <span class='ocrx_word' id='word_1_558' title='bbox 1019 4186 1516 4256; x_wconf 89' lang='lat' dir='ltr'><strong>contemplationis</strong></span> <span class='ocrx_word' id='word_1_559' title='bbox 1599 4187 1842 4244; x_wconf 91' lang='lat' dir='ltr'><strong>declinat</strong></span> <span class='ocrx_word' id='word_1_560' title='bbox 1872 4182 1913 4236; x_wconf 82' lang='grc' dir='ltr'><strong>Ι)</strong></span> 
     </span>
    </p>
   </div>
   <div class='ocr_carea' id='block_1_77' title="bbox 149 4272 1844 4345">
    <p class='ocr_par' dir='ltr' id='par_1_77' title="bbox 149 4272 1844 4345">
     <span class='ocr_line' id='line_1_77' title="bbox 149 4272 1844 4345; baseline -0.001 -14"><span class='ocrx_word' id='word_1_561' title='bbox 149 4276 347 4331; x_wconf 82' lang='lat' dir='ltr'><strong>aciem.</strong></span> <span class='ocrx_word' id='word_1_562' title='bbox 379 4272 527 4340; x_wconf 88' lang='lat' dir='ltr'><strong>Quid</strong></span> <span class='ocrx_word' id='word_1_563' title='bbox 551 4287 805 4344; x_wconf 90' lang='lat' dir='ltr'><strong>namque</strong></span> <span class='ocrx_word' id='word_1_564' title='bbox 836 4280 974 4330; x_wconf 90' lang='lat' dir='ltr'><strong>sunt</strong></span> <span class='ocrx_word' id='word_1_565' title='bbox 1004 4272 1485 4345; x_wconf 90' lang='lat' dir='ltr'><strong>imaginationum</strong></span> <span class='ocrx_word' id='word_1_566' title='bbox 1517 4274 1844 4331; x_wconf 89' lang='lat' dir='ltr'><strong>delectatio-</strong></span> 
     </span>
    </p>
   </div>
   <div class='ocr_carea' id='block_1_78' title="bbox 148 4361 1844 4432">
    <p class='ocr_par' dir='ltr' id='par_1_78' title="bbox 148 4361 1844 4432">
     <span class='ocr_line' id='line_1_78' title="bbox 148 4361 1844 4432; baseline -0.002 -11"><span class='ocrx_word' id='word_1_567' title='bbox 148 4378 264 4431; x_wconf 87' lang='lat' dir='ltr'><strong>nes,</strong></span> <span class='ocrx_word' id='word_1_568' title='bbox 298 4362 411 4419; x_wconf 90' lang='lat' dir='ltr'><strong>nisi</strong></span> <span class='ocrx_word' id='word_1_569' title='bbox 440 4361 707 4431; x_wconf 77' lang='lat' dir='ltr'><strong>quaedam</strong></span> <span class='ocrx_word' id='word_1_570' title='bbox 740 4361 1016 4431; x_wconf 69' lang='lat' dir='ltr'><strong>pulchris,</strong></span> <span class='ocrx_word' id='word_1_571' title='bbox 1051 4376 1184 4432; x_wconf 75' lang='lat' dir='ltr'><strong>quae</strong></span> <span class='ocrx_word' id='word_1_572' title='bbox 1214 4376 1316 4418; x_wconf 92' lang='lat' dir='ltr'><strong>nos</strong></span> <span class='ocrx_word' id='word_1_573' title='bbox 1348 4362 1609 4431; x_wconf 90' lang='lat' dir='ltr'><strong>illiciunt,</strong></span> <span class='ocrx_word' id='word_1_574' title='bbox 1634 4363 1844 4418; x_wconf 79' lang='lat' dir='ltr'><strong>facies?</strong></span> 
     </span>
    </p>
   </div>
   <div class='ocr_carea' id='block_1_79' title="bbox 154 4450 1845 4522">
    <p class='ocr_par' dir='ltr' id='par_1_79' title="bbox 154 4450 1845 4522">
     <span class='ocr_line' id='line_1_79' title="bbox 154 4450 1845 4522; baseline -0.002 -12"><span class='ocrx_word' id='word_1_575' title='bbox 154 4454 263 4510; x_wconf 79' lang='lat' dir='ltr'><strong>llas</strong></span> <span class='ocrx_word' id='word_1_576' title='bbox 292 4451 440 4507; x_wconf 85' lang='lat' dir='ltr'><strong>ﬁlias</strong></span> <span class='ocrx_word' id='word_1_577' title='bbox 468 4464 571 4506; x_wconf 88' lang='lat' dir='ltr'><strong>rex</strong></span> <span class='ocrx_word' id='word_1_578' title='bbox 606 4450 824 4506; x_wconf 87' lang='lat' dir='ltr'><strong>Pharao</strong></span> <span class='ocrx_word' id='word_1_579' title='bbox 860 4451 1045 4506; x_wconf 86' lang='lat' dir='ltr'><strong>fovere</strong></span> <span class='ocrx_word' id='word_1_580' title='bbox 1076 4451 1219 4518; x_wconf 91' lang='lat' dir='ltr'><strong>vult,</strong></span> <span class='ocrx_word' id='word_1_581' title='bbox 1254 4465 1386 4507; x_wconf 86' lang='lat' dir='ltr'><strong>cum</strong></span> <span class='ocrx_word' id='word_1_582' title='bbox 1410 4451 1577 4522; x_wconf 91' lang='lat' dir='ltr'><strong>jubet</strong></span> <span class='ocrx_word' id='word_1_583' title='bbox 1607 4451 1845 4508; x_wconf 88' lang='lat' dir='ltr'><strong>interﬁci</strong></span> 
     </span>
    </p>
   </div>
   <div class='ocr_carea' id='block_1_80' title="bbox 152 4538 1848 4610">
    <p class='ocr_par' dir='ltr' id='par_1_80' title="bbox 152 4538 1848 4610">
     <span class='ocr_line' id='line_1_80' title="bbox 152 4538 1848 4610; baseline -0.002 -13"><span class='ocrx_word' id='word_1_584' title='bbox 152 4538 562 4608; x_wconf 77' lang='lat' dir='ltr'><strong>mares(Ea:od.</strong></span> <span class='ocrx_word' id='word_1_585' title='bbox 609 4553 647 4606; x_wconf 90' lang='grc' dir='ltr'>ι,</span> <span class='ocrx_word' id='word_1_586' title='bbox 701 4538 787 4607; x_wconf 87' lang='grc'><strong>17)</strong></span> <span class='ocrx_word' id='word_1_587' title='bbox 839 4539 925 4594; x_wconf 89' lang='lat' dir='ltr'><strong>Ex</strong></span> <span class='ocrx_word' id='word_1_588' title='bbox 961 4539 1232 4595; x_wconf 90' lang='lat' dir='ltr'><strong>omnibus</strong></span> <span class='ocrx_word' id='word_1_589' title='bbox 1278 4539 1388 4605; x_wconf 88' lang='lat' dir='ltr'><strong>his,</strong></span> <span class='ocrx_word' id='word_1_590' title='bbox 1439 4552 1587 4609; x_wconf 91' lang='lat' dir='ltr'><strong>quas</strong></span> <span class='ocrx_word' id='word_1_591' title='bbox 1623 4539 1848 4610; x_wconf 88' lang='lat' dir='ltr'><strong>eligunt</strong></span> 
     </span>
    </p>
   </div>
   <div class='ocr_carea' id='block_1_81' title="bbox 155 4625 1845 4698">
    <p class='ocr_par' dir='ltr' id='par_1_81' title="bbox 155 4625 1845 4698">
     <span class='ocr_line' id='line_1_81' title="bbox 155 4625 1845 4698; baseline -0.002 -13"><span class='ocrx_word' id='word_1_592' title='bbox 155 4629 249 4686; x_wconf 88' lang='lat' dir='ltr'><strong>ﬁlii</strong></span> <span class='ocrx_word' id='word_1_593' title='bbox 297 4627 394 4683; x_wconf 91' lang='lat' dir='ltr'><strong>Dei</strong></span> <span class='ocrx_word' id='word_1_594' title='bbox 453 4625 562 4681; x_wconf 91' lang='lat' dir='ltr'><strong>sibi</strong></span> <span class='ocrx_word' id='word_1_595' title='bbox 612 4626 936 4681; x_wconf 88' lang='lat' dir='ltr'><strong>sortiuntur</strong></span> <span class='ocrx_word' id='word_1_596' title='bbox 984 4640 1215 4693; x_wconf 87' lang='lat' dir='ltr'><strong>uxores,</strong></span> <span class='ocrx_word' id='word_1_597' title='bbox 1262 4626 1422 4697; x_wconf 88' lang='lat' dir='ltr'><strong>quia,</strong></span> <span class='ocrx_word' id='word_1_598' title='bbox 1479 4628 1652 4697; x_wconf 81' lang='lat' dir='ltr'><strong>juxta</strong></span> <span class='ocrx_word' id='word_1_599' title='bbox 1690 4628 1845 4698; x_wconf 91' lang='lat' dir='ltr'><strong>quod</strong></span> 
     </span>
    </p>
   </div>
   <div class='ocr_carea' id='block_1_82' title="bbox 153 4713 1848 4785">
    <p class='ocr_par' dir='ltr' id='par_1_82' title="bbox 153 4713 1848 4785">
     <span class='ocr_line' id='line_1_82' title="bbox 153 4713 1848 4785; baseline -0.001 -12"><span class='ocrx_word' id='word_1_600' title='bbox 153 4713 534 4785; x_wconf 73' lang='lat' dir='ltr'><strong>wnspersioni</strong></span> <span class='ocrx_word' id='word_1_601' title='bbox 563 4720 666 4769; x_wconf 90' lang='lat' dir='ltr'><strong>aut</strong></span> <span class='ocrx_word' id='word_1_602' title='bbox 706 4713 929 4769; x_wconf 86' lang='lat' dir='ltr'><strong>libidini</strong></span> <span class='ocrx_word' id='word_1_603' title='bbox 975 4716 1225 4783; x_wconf 78' lang='lat' dir='ltr'><strong>proprize</strong></span> <span class='ocrx_word' id='word_1_604' title='bbox 1262 4715 1501 4785; x_wconf 86' lang='lat' dir='ltr'><strong>adjacet,</strong></span> <span class='ocrx_word' id='word_1_605' title='bbox 1543 4714 1848 4771; x_wconf 88' lang='lat' dir='ltr'><strong>rationales</strong></span> 
     </span>
    </p>
   </div>
   <div class='ocr_carea' id='block_1_83' title="bbox 156 4802 1848 4873">
    <p class='ocr_par' dir='ltr' id='par_1_83' title="bbox 156 4802 1848 4873">
     <span class='ocr_line' id='line_1_83' title="bbox 156 4802 1848 4873; baseline -0.001 -13"><span class='ocrx_word' id='word_1_606' title='bbox 156 4812 333 4861; x_wconf 89' lang='lat' dir='ltr'><strong>motus</strong></span> <span class='ocrx_word' id='word_1_607' title='bbox 362 4802 654 4872; x_wconf 90' lang='lat' dir='ltr'><strong>appositas</strong></span> <span class='ocrx_word' id='word_1_608' title='bbox 700 4802 895 4857; x_wconf 90' lang='lat' dir='ltr'><strong>animo</strong></span> <span class='ocrx_word' id='word_1_609' title='bbox 944 4803 1270 4872; x_wconf 90' lang='lat' dir='ltr'><strong>petulanter</strong></span> <span class='ocrx_word' id='word_1_610' title='bbox 1318 4802 1688 4873; x_wconf 85' lang='lat' dir='ltr'><strong>agglutinant</strong></span> <span class='ocrx_word' id='word_1_611' title='bbox 1742 4818 1848 4858; x_wconf 89' lang='lat' dir='ltr'><strong>vo-</strong></span> 
     </span>
    </p>
   </div>
   <div class='ocr_carea' id='block_1_84' title="bbox 157 4889 1848 4963">
    <p class='ocr_par' dir='ltr' id='par_1_84' title="bbox 157 4889 1848 4963">
     <span class='ocr_line' id='line_1_84' title="bbox 157 4889 1848 4963; baseline -0.002 -14"><span class='ocrx_word' id='word_1_612' title='bbox 157 4895 358 4963; x_wconf 86' lang='lat' dir='ltr'><strong>luptas,</strong></span> <span class='ocrx_word' id='word_1_613' title='bbox 391 4891 462 4946; x_wconf 90' lang='lat' dir='ltr'><strong>de</strong></span> <span class='ocrx_word' id='word_1_614' title='bbox 492 4891 706 4961; x_wconf 89' lang='lat' dir='ltr'><strong>quibus</strong></span> <span class='ocrx_word' id='word_1_615' title='bbox 751 4889 981 4945; x_wconf 89' lang='lat' dir='ltr'><strong>infamis</strong></span> <span class='ocrx_word' id='word_1_616' title='bbox 1034 4891 1290 4961; x_wconf 90' lang='lat' dir='ltr'><strong>prodeat,</strong></span> <span class='ocrx_word' id='word_1_617' title='bbox 1338 4890 1586 4947; x_wconf 87' lang='lat' dir='ltr'><strong>obscena</strong></span> <span class='ocrx_word' id='word_1_618' title='bbox 1635 4890 1848 4947; x_wconf 90' lang='lat' dir='ltr'><strong>scilicet</strong></span> 
     </span>
    </p>
   </div>
   <div class='ocr_carea' id='block_1_85' title="bbox 156 4976 1842 5048">
    <p class='ocr_par' dir='ltr' id='par_1_85' title="bbox 156 4976 1842 5048">
     <span class='ocr_line' id='line_1_85' title="bbox 156 4976 1842 5048; baseline -0.001 -14"><span class='ocrx_word' id='word_1_619' title='bbox 156 4992 339 5048; x_wconf 86' lang='lat' dir='ltr'><strong>opera,</strong></span> <span class='ocrx_word' id='word_1_620' title='bbox 392 4978 610 5046; x_wconf 89' lang='lat' dir='ltr'><strong>proles;</strong></span> <span class='ocrx_word' id='word_1_621' title='bbox 674 4976 804 5032; x_wconf 89' lang='lat' dir='ltr'><strong>aliis</strong></span> <span class='ocrx_word' id='word_1_622' title='bbox 856 4978 1010 5033; x_wconf 89' lang='lat' dir='ltr'><strong>enim</strong></span> <span class='ocrx_word' id='word_1_623' title='bbox 1067 4978 1329 5045; x_wconf 90' lang='lat' dir='ltr'><strong>avaritia,</strong></span> <span class='ocrx_word' id='word_1_624' title='bbox 1376 4977 1506 5033; x_wconf 89' lang='lat' dir='ltr'><strong>aliis</strong></span> <span class='ocrx_word' id='word_1_625' title='bbox 1554 4977 1842 5048; x_wconf 90' lang='lat' dir='ltr'><strong>superbia,</strong></span> 
     </span>
    </p>
   </div>
   <div class='ocr_carea' id='block_1_86' title="bbox 160 5064 1445 5137">
    <p class='ocr_par' dir='ltr' id='par_1_86' title="bbox 160 5064 1445 5137">
     <span class='ocr_line' id='line_1_86' title="bbox 160 5064 1445 5137; baseline 0.001 -16"><span class='ocrx_word' id='word_1_626' title='bbox 160 5067 441 5136; x_wconf 85' lang='lat' dir='ltr'><strong>plerisque</strong></span> <span class='ocrx_word' id='word_1_627' title='bbox 470 5064 712 5121; x_wconf 88' lang='lat' dir='ltr'><strong>luxuria</strong></span> <span class='ocrx_word' id='word_1_628' title='bbox 742 5065 815 5120; x_wconf 91' lang='lat' dir='ltr'><strong>ad</strong></span> <span class='ocrx_word' id='word_1_629' title='bbox 846 5079 1085 5122; x_wconf 89' lang='lat' dir='ltr'><strong>manum</strong></span> <span class='ocrx_word' id='word_1_630' title='bbox 1119 5066 1305 5137; x_wconf 88' lang='lat' dir='ltr'><strong>magis</strong></span> <span class='ocrx_word' id='word_1_631' title='bbox 1341 5073 1445 5122; x_wconf 91' lang='lat' dir='ltr'><strong>est.</strong></span> 
     </span>
    </p>
   </div>
   <div class='ocr_carea' id='block_1_87' title="bbox 222 5153 1847 5224">
    <p class='ocr_par' dir='ltr' id='par_1_87' title="bbox 222 5153 1847 5224">
     <span class='ocr_line' id='line_1_87' title="bbox 222 5153 1847 5224; baseline -0.001 -13"><span class='ocrx_word' id='word_1_632' title='bbox 222 5153 391 5211; x_wconf 75' lang='lat' dir='ltr'><strong>Vitas.</strong></span> <span class='ocrx_word' id='word_1_633' title='bbox 425 5155 477 5207; x_wconf 85' lang='lat'><strong>3.</strong></span> <span class='ocrx_word' id='word_1_634' title='bbox 511 5181 583 5191; x_wconf 90' lang='lat'><em>—</em></span> <span class='ocrx_word' id='word_1_635' title='bbox 613 5154 869 5222; x_wconf 65' lang='lat' dir='ltr'><strong>Dixitque</strong></span> <span class='ocrx_word' id='word_1_636' title='bbox 904 5156 1035 5208; x_wconf 82' lang='lat' dir='ltr'><strong>Deus</strong></span> <span class='ocrx_word' id='word_1_637' title='bbox 1063 5167 1076 5207; x_wconf 92' lang='lat'>:</span> <span class='ocrx_word' id='word_1_638' title='bbox 1113 5156 1229 5208; x_wconf 76' lang='lat' dir='ltr'><strong>Non</strong></span> <span class='ocrx_word' id='word_1_639' title='bbox 1256 5155 1593 5224; x_wconf 82' lang='lat' dir='ltr'><strong>permanebit</strong></span> <span class='ocrx_word' id='word_1_640' title='bbox 1615 5156 1847 5223; x_wconf 85' lang='lat' dir='ltr'><strong>spiritus</strong></span> 
     </span>
    </p>
   </div>
   <div class='ocr_carea' id='block_1_88' title="bbox 162 5240 1845 5312">
    <p class='ocr_par' dir='ltr' id='par_1_88' title="bbox 162 5240 1845 5312">
     <span class='ocr_line' id='line_1_88' title="bbox 162 5240 1845 5312; baseline 0 -16"><span class='ocrx_word' id='word_1_641' title='bbox 162 5255 294 5296; x_wconf 67' lang='lat' dir='ltr'><strong>metis</strong></span> <span class='ocrx_word' id='word_1_642' title='bbox 323 5243 384 5293; x_wconf 85' lang='lat' dir='ltr'><strong>in</strong></span> <span class='ocrx_word' id='word_1_643' title='bbox 423 5240 637 5294; x_wconf 83' lang='lat' dir='ltr'><strong>homine</strong></span> <span class='ocrx_word' id='word_1_644' title='bbox 660 5240 721 5293; x_wconf 86' lang='lat' dir='ltr'><strong>in</strong></span> <span class='ocrx_word' id='word_1_645' title='bbox 762 5245 1039 5305; x_wconf 65' lang='lat' dir='ltr'><strong>eternum,</strong></span> <span class='ocrx_word' id='word_1_646' title='bbox 1093 5244 1226 5310; x_wconf 86' lang='lat' dir='ltr'><strong>quia</strong></span> <span class='ocrx_word' id='word_1_647' title='bbox 1269 5258 1394 5296; x_wconf 86' lang='lat' dir='ltr'><strong>caro</strong></span> <span class='ocrx_word' id='word_1_648' title='bbox 1433 5246 1534 5297; x_wconf 84' lang='lat' dir='ltr'><strong>est.</strong></span> <span class='ocrx_word' id='word_1_649' title='bbox 1571 5241 1845 5312; x_wconf 82' lang='lat' dir='ltr'><strong>Requiein</strong></span> 
     </span>
    </p>
   </div>
   <div class='ocr_carea' id='block_1_89' title="bbox 162 5325 1849 5401">
    <p class='ocr_par' dir='ltr' id='par_1_89' title="bbox 162 5325 1849 5401">
     <span class='ocr_line' id='line_1_89' title="bbox 162 5325 1849 5401; baseline 0.001 -16"><span class='ocrx_word' id='word_1_650' title='bbox 162 5336 404 5385; x_wconf 87' lang='lat' dir='ltr'><strong>nostram</strong></span> <span class='ocrx_word' id='word_1_651' title='bbox 462 5325 740 5384; x_wconf 85' lang='lat' dir='ltr'><strong>vitiorum</strong></span> <span class='ocrx_word' id='word_1_652' title='bbox 791 5328 1063 5385; x_wconf 90' lang='lat' dir='ltr'><strong>turbante</strong></span> <span class='ocrx_word' id='word_1_653' title='bbox 1116 5342 1449 5401; x_wconf 88' lang='lat' dir='ltr'><strong>congressu.</strong></span> <span class='ocrx_word' id='word_1_654' title='bbox 1497 5344 1677 5400; x_wconf 90' lang='lat' dir='ltr'><strong>quam</strong></span> <span class='ocrx_word' id='word_1_655' title='bbox 1746 5345 1849 5387; x_wconf 91' lang='lat' dir='ltr'><strong>nos</strong></span> 
     </span>
    </p>
   </div>
   <div class='ocr_carea' id='block_1_90' title="bbox 164 5414 1849 5490">
    <p class='ocr_par' dir='ltr' id='par_1_90' title="bbox 164 5414 1849 5490">
     <span class='ocr_line' id='line_1_90' title="bbox 164 5414 1849 5490; baseline 0 -17"><span class='ocrx_word' id='word_1_656' title='bbox 164 5416 361 5488; x_wconf 81' lang='lat' dir='ltr'><strong>gladio,</strong></span> <span class='ocrx_word' id='word_1_657' title='bbox 404 5423 460 5472; x_wconf 89' lang='lat' dir='ltr'><strong>et</strong></span> <span class='ocrx_word' id='word_1_658' title='bbox 507 5429 675 5477; x_wconf 85' lang='lat' dir='ltr'><strong>arcu,</strong></span> <span class='ocrx_word' id='word_1_659' title='bbox 730 5414 786 5470; x_wconf 90' lang='lat' dir='ltr'><strong>id</strong></span> <span class='ocrx_word' id='word_1_660' title='bbox 834 5423 920 5471; x_wconf 90' lang='lat' dir='ltr'><strong>est</strong></span> <span class='ocrx_word' id='word_1_661' title='bbox 970 5416 1331 5483; x_wconf 89' lang='lat' dir='ltr'><strong>discretione,</strong></span> <span class='ocrx_word' id='word_1_662' title='bbox 1395 5424 1453 5474; x_wconf 91' lang='lat' dir='ltr'><strong>et</strong></span> <span class='ocrx_word' id='word_1_663' title='bbox 1487 5418 1849 5490; x_wconf 85' lang='lat' dir='ltr'><strong>providentia</strong></span> 
     </span>
    </p>
   </div>
   <div class='ocr_carea' id='block_1_91' title="bbox 1952 2946 3642 3022">
    <p class='ocr_par' dir='ltr' id='par_1_91' title="bbox 1952 2946 3642 3022">
     <span class='ocr_line' id='line_1_91' title="bbox 1952 2946 3642 3022; baseline -0.006 -12"><span class='ocrx_word' id='word_1_664' title='bbox 1952 2968 2101 3021; x_wconf 92' lang='lat' dir='ltr'><strong>mus,</strong></span> <span class='ocrx_word' id='word_1_665' title='bbox 2135 2953 2224 3009; x_wconf 93' lang='lat' dir='ltr'><strong>vel</strong></span> <span class='ocrx_word' id='word_1_666' title='bbox 2262 2952 2470 3022; x_wconf 85' lang='lat' dir='ltr'><strong>viginti</strong></span> <span class='ocrx_word' id='word_1_667' title='bbox 2521 2952 2693 3008; x_wconf 90' lang='lat' dir='ltr'><strong>etiam</strong></span> <span class='ocrx_word' id='word_1_668' title='bbox 2739 2951 2812 3006; x_wconf 92' lang='lat' dir='ltr'><strong>ob</strong></span> <span class='ocrx_word' id='word_1_669' title='bbox 2874 2949 3387 3021; x_wconf 88' lang='lat' dir='ltr'><strong>transgressionem</strong></span> <span class='ocrx_word' id='word_1_670' title='bbox 3430 2946 3642 3002; x_wconf 69' lang='lat' dir='ltr'><strong>divinae</strong></span> 
     </span>
    </p>
   </div>
   <div class='ocr_carea' id='block_1_92' title="bbox 1950 3037 3644 3113">
    <p class='ocr_par' dir='ltr' id='par_1_92' title="bbox 1950 3037 3644 3113">
     <span class='ocr_line' id='line_1_92' title="bbox 1950 3037 3644 3113; baseline -0.006 -15"><span class='ocrx_word' id='word_1_671' title='bbox 1950 3042 2112 3113; x_wconf 90' lang='lat' dir='ltr'><strong>legis,</strong></span> <span class='ocrx_word' id='word_1_672' title='bbox 2137 3041 2276 3096; x_wconf 92' lang='lat' dir='ltr'><strong>dum</strong></span> <span class='ocrx_word' id='word_1_673' title='bbox 2318 3052 2646 3109; x_wconf 91' lang='lat' dir='ltr'><strong>operamus,</strong></span> <span class='ocrx_word' id='word_1_674' title='bbox 2684 3039 2839 3108; x_wconf 90' lang='lat' dir='ltr'><strong>quod</strong></span> <span class='ocrx_word' id='word_1_675' title='bbox 2879 3054 2994 3093; x_wconf 93' lang='lat' dir='ltr'><strong>non</strong></span> <span class='ocrx_word' id='word_1_676' title='bbox 3035 3037 3442 3108; x_wconf 89' lang='lat' dir='ltr'><strong>approbamus,</strong></span> <span class='ocrx_word' id='word_1_677' title='bbox 3479 3048 3644 3103; x_wconf 89' lang='lat' dir='ltr'><strong>repu-</strong></span> 
     </span>
    </p>
   </div>
   <div class='ocr_carea' id='block_1_93' title="bbox 1948 3126 3637 3200">
    <p class='ocr_par' dir='ltr' id='par_1_93' title="bbox 1948 3126 3637 3200">
     <span class='ocr_line' id='line_1_93' title="bbox 1948 3126 3637 3200; baseline -0.006 -14"><span class='ocrx_word' id='word_1_678' title='bbox 1948 3137 2162 3200; x_wconf 88' lang='lat' dir='ltr'><strong>gnante</strong></span> <span class='ocrx_word' id='word_1_679' title='bbox 2228 3130 2350 3199; x_wconf 87' lang='lat' dir='ltr'><strong>lege</strong></span> <span class='ocrx_word' id='word_1_680' title='bbox 2415 3129 2806 3184; x_wconf 89' lang='lat' dir='ltr'><strong>membrorum</strong></span> <span class='ocrx_word' id='word_1_681' title='bbox 2870 3128 2980 3198; x_wconf 90' lang='lat' dir='ltr'><strong>legi</strong></span> <span class='ocrx_word' id='word_1_682' title='bbox 3042 3126 3247 3182; x_wconf 91' lang='lat' dir='ltr'><strong>mentis</strong></span> <span class='ocrx_word' id='word_1_683' title='bbox 3307 3126 3477 3194; x_wconf 87' lang='lat' dir='ltr'><strong>(Rom.</strong></span> <span class='ocrx_word' id='word_1_684' title='bbox 3538 3136 3637 3188; x_wconf 83' lang='lat' dir='ltr'><strong>vu,</strong></span> 
     </span>
    </p>
   </div>
   <div class='ocr_carea' id='block_1_94' title="bbox 1954 3210 3641 3286">
    <p class='ocr_par' dir='ltr' id='par_1_94' title="bbox 1954 3210 3641 3286">
     <span class='ocr_line' id='line_1_94' title="bbox 1954 3210 3641 3286; baseline -0.006 -12"><span class='ocrx_word' id='word_1_685' title='bbox 1954 3220 2165 3283; x_wconf 71' lang='lat'><strong>19-23).</strong></span> <span class='ocrx_word' id='word_1_686' title='bbox 2216 3218 2289 3273; x_wconf 91' lang='lat' dir='ltr'><strong>Et</strong></span> <span class='ocrx_word' id='word_1_687' title='bbox 2335 3216 2545 3272; x_wconf 89' lang='lat' dir='ltr'><strong>aliter:</strong></span> <span class='ocrx_word' id='word_1_688' title='bbox 2591 3216 2775 3272; x_wconf 91' lang='lat' dir='ltr'><strong>Octies</strong></span> <span class='ocrx_word' id='word_1_689' title='bbox 2825 3214 3103 3286; x_wconf 91' lang='lat' dir='ltr'><strong>quindeni</strong></span> <span class='ocrx_word' id='word_1_690' title='bbox 3159 3222 3390 3269; x_wconf 91' lang='lat' dir='ltr'><strong>centum</strong></span> <span class='ocrx_word' id='word_1_691' title='bbox 3436 3210 3641 3281; x_wconf 78' lang='lat' dir='ltr'><strong>Viginti</strong></span> 
     </span>
    </p>
   </div>
   <div class='ocr_carea' id='block_1_95' title="bbox 1949 3299 3642 3376">
    <p class='ocr_par' dir='ltr' id='par_1_95' title="bbox 1949 3299 3642 3376">
     <span class='ocr_line' id='line_1_95' title="bbox 1949 3299 3642 3376; baseline -0.006 -13"><span class='ocrx_word' id='word_1_692' title='bbox 1949 3306 2250 3376; x_wconf 88' lang='lat' dir='ltr'><strong>complent.</strong></span> <span class='ocrx_word' id='word_1_693' title='bbox 2303 3305 2409 3362; x_wconf 89' lang='lat' dir='ltr'><strong>Per</strong></span> <span class='ocrx_word' id='word_1_694' title='bbox 2456 3304 2836 3372; x_wconf 91' lang='lat' dir='ltr'><strong>octonarium,</strong></span> <span class='ocrx_word' id='word_1_695' title='bbox 2888 3302 3296 3373; x_wconf 86' lang='lat' dir='ltr'><strong>temporalitas,</strong></span> <span class='ocrx_word' id='word_1_696' title='bbox 3356 3314 3453 3370; x_wconf 89' lang='lat' dir='ltr'><strong>per</strong></span> <span class='ocrx_word' id='word_1_697' title='bbox 3506 3299 3642 3369; x_wconf 90' lang='lat' dir='ltr'><strong>qui—</strong></span> 
     </span>
    </p>
   </div>
   <div class='ocr_carea' id='block_1_96' title="bbox 1950 3385 3641 3464">
    <p class='ocr_par' dir='ltr' id='par_1_96' title="bbox 1950 3385 3641 3464">
     <span class='ocr_line' id='line_1_96' title="bbox 1950 3385 3641 3464; baseline -0.007 -13"><span class='ocrx_word' id='word_1_698' title='bbox 1950 3395 2182 3451; x_wconf 90' lang='lat' dir='ltr'><strong>narium</strong></span> <span class='ocrx_word' id='word_1_699' title='bbox 2215 3393 2604 3464; x_wconf 86' lang='lat' dir='ltr'><strong>corporalitas,</strong></span> <span class='ocrx_word' id='word_1_700' title='bbox 2631 3406 2733 3463; x_wconf 91' lang='lat' dir='ltr'><strong>per</strong></span> <span class='ocrx_word' id='word_1_701' title='bbox 2750 3391 3073 3457; x_wconf 90' lang='lat' dir='ltr'><strong>denarium,</strong></span> <span class='ocrx_word' id='word_1_702' title='bbox 3099 3389 3476 3459; x_wconf 86' lang='lat' dir='ltr'><strong>spiritualitas</strong></span> <span class='ocrx_word' id='word_1_703' title='bbox 3495 3385 3641 3442; x_wconf 87' lang='lat' dir='ltr'><strong>acci-</strong></span> 
     </span>
    </p>
   </div>
   <div class='ocr_carea' id='block_1_97' title="bbox 1952 3473 3638 3554">
    <p class='ocr_par' dir='ltr' id='par_1_97' title="bbox 1952 3473 3638 3554">
     <span class='ocr_line' id='line_1_97' title="bbox 1952 3473 3638 3554; baseline -0.007 -15"><span class='ocrx_word' id='word_1_704' title='bbox 1952 3484 2127 3554; x_wconf 88' lang='lat' dir='ltr'><strong>pitur.</strong></span> <span class='ocrx_word' id='word_1_705' title='bbox 2172 3483 2442 3550; x_wconf 89' lang='lat' dir='ltr'><strong>Quandiu</strong></span> <span class='ocrx_word' id='word_1_706' title='bbox 2490 3481 2671 3552; x_wconf 90' lang='lat' dir='ltr'><strong>igitur</strong></span> <span class='ocrx_word' id='word_1_707' title='bbox 2718 3479 3102 3550; x_wconf 90' lang='lat' dir='ltr'><strong>temporaliter</strong></span> <span class='ocrx_word' id='word_1_708' title='bbox 3153 3478 3425 3543; x_wconf 87' lang='lat' dir='ltr'><strong>vivimus,</strong></span> <span class='ocrx_word' id='word_1_709' title='bbox 3466 3473 3638 3545; x_wconf 88' lang='lat' dir='ltr'><strong>spiri-</strong></span> 
     </span>
    </p>
   </div>
   <div class='ocr_carea' id='block_1_98' title="bbox 1950 3562 3639 3631">
    <p class='ocr_par' dir='ltr' id='par_1_98' title="bbox 1950 3562 3639 3631">
     <span class='ocr_line' id='line_1_98' title="bbox 1950 3562 3639 3631; baseline -0.008 -2"><span class='ocrx_word' id='word_1_710' title='bbox 1950 3572 2105 3629; x_wconf 88' lang='lat' dir='ltr'><strong>tuale</strong></span> <span class='ocrx_word' id='word_1_711' title='bbox 2133 3571 2386 3628; x_wconf 88' lang='lat' dir='ltr'><strong>studium</strong></span> <span class='ocrx_word' id='word_1_712' title='bbox 2427 3577 2686 3625; x_wconf 89' lang='lat' dir='ltr'><strong>nostrum</strong></span> <span class='ocrx_word' id='word_1_713' title='bbox 2726 3569 3006 3625; x_wconf 87' lang='lat' dir='ltr'><strong>forinseca</strong></span> <span class='ocrx_word' id='word_1_714' title='bbox 3047 3567 3418 3623; x_wconf 89' lang='lat' dir='ltr'><strong>sensualitate</strong></span> <span class='ocrx_word' id='word_1_715' title='bbox 3459 3562 3639 3631; x_wconf 89' lang='lat' dir='ltr'><strong>depri-</strong></span> 
     </span>
    </p>
   </div>
   <div class='ocr_carea' id='block_1_99' title="bbox 1949 3654 3638 3728">
    <p class='ocr_par' dir='ltr' id='par_1_99' title="bbox 1949 3654 3638 3728">
     <span class='ocr_line' id='line_1_99' title="bbox 1949 3654 3638 3728; baseline -0.008 -13"><span class='ocrx_word' id='word_1_716' title='bbox 1949 3659 2144 3723; x_wconf 90' lang='lat' dir='ltr'><strong>mitur,</strong></span> <span class='ocrx_word' id='word_1_717' title='bbox 2178 3657 2344 3728; x_wconf 83' lang='lat' dir='ltr'><strong>quasi</strong></span> <span class='ocrx_word' id='word_1_718' title='bbox 2374 3656 2648 3712; x_wconf 88' lang='lat' dir='ltr'><strong>denarius</strong></span> <span class='ocrx_word' id='word_1_719' title='bbox 2693 3654 2960 3726; x_wconf 91' lang='lat' dir='ltr'><strong>quinario</strong></span> <span class='ocrx_word' id='word_1_720' title='bbox 2985 3661 3316 3723; x_wconf 82' lang='lat' dir='ltr'><strong>superatur,</strong></span> <span class='ocrx_word' id='word_1_721' title='bbox 3350 3656 3638 3720; x_wconf 86' lang='lat' dir='ltr'><strong>quatenus</strong></span> 
     </span>
    </p>
   </div>
   <div class='ocr_carea' id='block_1_100' title="bbox 1951 3736 3638 3817">
    <p class='ocr_par' dir='ltr' id='par_1_100' title="bbox 1951 3736 3638 3817">
     <span class='ocr_line' id='line_1_100' title="bbox 1951 3736 3638 3817; baseline -0.007 -14"><span class='ocrx_word' id='word_1_722' title='bbox 1951 3746 2095 3817; x_wconf 87' lang='lat' dir='ltr'><strong>quid</strong></span> <span class='ocrx_word' id='word_1_723' title='bbox 2152 3746 2224 3801; x_wconf 90' lang='lat' dir='ltr'><strong>sit</strong></span> <span class='ocrx_word' id='word_1_724' title='bbox 2276 3745 2416 3812; x_wconf 90' lang='lat' dir='ltr'><strong>dies,</strong></span> <span class='ocrx_word' id='word_1_725' title='bbox 2476 3745 2532 3800; x_wconf 90' lang='lat' dir='ltr'><strong>id</strong></span> <span class='ocrx_word' id='word_1_726' title='bbox 2583 3752 2667 3800; x_wconf 91' lang='lat' dir='ltr'><strong>est</strong></span> <span class='ocrx_word' id='word_1_727' title='bbox 2713 3744 2900 3799; x_wconf 89' lang='lat' dir='ltr'><strong>virtus</strong></span> <span class='ocrx_word' id='word_1_728' title='bbox 2965 3744 3222 3798; x_wconf 84' lang='lat' dir='ltr'><strong>humana</strong></span> <span class='ocrx_word' id='word_1_729' title='bbox 3278 3740 3350 3795; x_wconf 90' lang='lat' dir='ltr'><strong>ab</strong></span> <span class='ocrx_word' id='word_1_730' title='bbox 3408 3736 3638 3793; x_wconf 89' lang='lat' dir='ltr'><strong>homine</strong></span> 
     </span>
    </p>
   </div>
   <div class='ocr_carea' id='block_1_101' title="bbox 1951 3825 3638 3905">
    <p class='ocr_par' dir='ltr' id='par_1_101' title="bbox 1951 3825 3638 3905">
     <span class='ocr_line' id='line_1_101' title="bbox 1951 3825 3638 3905; baseline -0.007 -15"><span class='ocrx_word' id='word_1_731' title='bbox 1951 3840 2329 3905; x_wconf 88' lang='lat' dir='ltr'><strong>agnoscatur;</strong></span> <span class='ocrx_word' id='word_1_732' title='bbox 2362 3848 2493 3903; x_wconf 63' lang='lat' dir='ltr'><strong>quae</strong></span> <span class='ocrx_word' id='word_1_733' title='bbox 2524 3833 2764 3889; x_wconf 88' lang='lat' dir='ltr'><strong>altitudo</strong></span> <span class='ocrx_word' id='word_1_734' title='bbox 2802 3832 2912 3887; x_wconf 89' lang='lat' dir='ltr'><strong>diei</strong></span> <span class='ocrx_word' id='word_1_735' title='bbox 2949 3832 3021 3888; x_wconf 93' lang='lat' dir='ltr'><strong>ob</strong></span> <span class='ocrx_word' id='word_1_736' title='bbox 3067 3830 3400 3887; x_wconf 86' lang='lat' dir='ltr'><strong>brevitatem</strong></span> <span class='ocrx_word' id='word_1_737' title='bbox 3443 3825 3638 3898; x_wconf 65' lang='lat' dir='ltr'><strong>gloriae</strong></span> 
     </span>
    </p>
   </div>
   <div class='ocr_carea' id='block_1_102' title="bbox 1952 3919 2927 3991">
    <p class='ocr_par' dir='ltr' id='par_1_102' title="bbox 1952 3919 2927 3991">
     <span class='ocr_line' id='line_1_102' title="bbox 1952 3919 2927 3991; baseline -0.004 -14"><span class='ocrx_word' id='word_1_738' title='bbox 1952 3921 2010 3977; x_wconf 92' lang='lat' dir='ltr'><strong>in</strong></span> <span class='ocrx_word' id='word_1_739' title='bbox 2043 3922 2257 3991; x_wconf 92' lang='lat' dir='ltr'><strong>psalmo</strong></span> <span class='ocrx_word' id='word_1_740' title='bbox 2282 3921 2707 3991; x_wconf 86' lang='lat' dir='ltr'><strong>vocatur(Psal.</strong></span> <span class='ocrx_word' id='word_1_741' title='bbox 2736 3935 2825 3987; x_wconf 85' lang='lat' dir='ltr'><strong>LV,</strong></span> <span class='ocrx_word' id='word_1_742' title='bbox 2852 3919 2927 3987; x_wconf 78' lang='grc'><strong>4).</strong></span> 
     </span>
    </p>
   </div>
   <div class='ocr_carea' id='block_1_103' title="bbox 2023 4005 3639 4077">
    <p class='ocr_par' dir='ltr' id='par_1_103' title="bbox 2023 4005 3639 4077">
     <span class='ocr_line' id='line_1_103' title="bbox 2023 4005 3639 4077; baseline -0.006 -11"><span class='ocrx_word' id='word_1_743' title='bbox 2023 4010 2193 4067; x_wconf 71' lang='lat' dir='ltr'><strong>Vens.</strong></span> <span class='ocrx_word' id='word_1_744' title='bbox 2224 4012 2277 4065; x_wconf 79' lang='grc'><strong>4.</strong></span> <span class='ocrx_word' id='word_1_745' title='bbox 2312 4039 2382 4050; x_wconf 92' lang='grc'><strong>-</strong></span> <span class='ocrx_word' id='word_1_746' title='bbox 2414 4012 2677 4077; x_wconf 87' lang='lat' dir='ltr'><strong>Gigantes</strong></span> <span class='ocrx_word' id='word_1_747' title='bbox 2720 4014 2898 4063; x_wconf 84' lang='lat' dir='ltr'><strong>autem</strong></span> <span class='ocrx_word' id='word_1_748' title='bbox 2946 4012 3102 4062; x_wconf 79' lang='lat' dir='ltr'><strong>erant</strong></span> <span class='ocrx_word' id='word_1_749' title='bbox 3142 4022 3305 4076; x_wconf 86' lang='lat' dir='ltr'><strong>super</strong></span> <span class='ocrx_word' id='word_1_750' title='bbox 3341 4011 3544 4061; x_wconf 87' lang='lat' dir='ltr'><strong>terram</strong></span> <span class='ocrx_word' id='word_1_751' title='bbox 3584 4005 3639 4056; x_wconf 84' lang='lat' dir='ltr'><strong>in</strong></span> 
     </span>
    </p>
   </div>
   <div class='ocr_carea' id='block_1_104' title="bbox 1952 4092 3641 4167">
    <p class='ocr_par' dir='ltr' id='par_1_104' title="bbox 1952 4092 3641 4167">
     <span class='ocr_line' id='line_1_104' title="bbox 1952 4092 3641 4167; baseline -0.004 -14"><span class='ocrx_word' id='word_1_752' title='bbox 1952 4099 2140 4154; x_wconf 84' lang='lat' dir='ltr'><strong>diebus</strong></span> <span class='ocrx_word' id='word_1_753' title='bbox 2177 4100 2307 4153; x_wconf 89' lang='lat' dir='ltr'><strong>illis.</strong></span> <span class='ocrx_word' id='word_1_754' title='bbox 2339 4098 2404 4154; x_wconf 91' lang='lat' dir='ltr'><strong>In</strong></span> <span class='ocrx_word' id='word_1_755' title='bbox 2438 4099 2523 4154; x_wconf 88' lang='lat' dir='ltr'><strong>bis</strong></span> <span class='ocrx_word' id='word_1_756' title='bbox 2549 4099 2831 4167; x_wconf 84' lang='lat' dir='ltr'><strong>virtutum</strong></span> <span class='ocrx_word' id='word_1_757' title='bbox 2860 4096 3165 4159; x_wconf 90' lang='lat' dir='ltr'><strong>exercitiis,</strong></span> <span class='ocrx_word' id='word_1_758' title='bbox 3196 4109 3343 4164; x_wconf 89' lang='lat' dir='ltr'><strong>quas</strong></span> <span class='ocrx_word' id='word_1_759' title='bbox 3382 4107 3483 4162; x_wconf 90' lang='lat' dir='ltr'><strong>per</strong></span> <span class='ocrx_word' id='word_1_760' title='bbox 3522 4092 3641 4148; x_wconf 91' lang='lat' dir='ltr'><strong>dies</strong></span> 
     </span>
    </p>
   </div>
   <div class='ocr_carea' id='block_1_105' title="bbox 1954 4180 3638 4258">
    <p class='ocr_par' dir='ltr' id='par_1_105' title="bbox 1954 4180 3638 4258">
     <span class='ocr_line' id='line_1_105' title="bbox 1954 4180 3638 4258; baseline -0.005 -16"><span class='ocrx_word' id='word_1_761' title='bbox 1954 4186 2350 4258; x_wconf 88' lang='lat' dir='ltr'><strong>intelligimus,</strong></span> <span class='ocrx_word' id='word_1_762' title='bbox 2390 4188 2657 4254; x_wconf 84' lang='lat' dir='ltr'><strong>gigantes,</strong></span> <span class='ocrx_word' id='word_1_763' title='bbox 2700 4184 2758 4241; x_wconf 92' lang='lat' dir='ltr'><strong>id</strong></span> <span class='ocrx_word' id='word_1_764' title='bbox 2803 4191 2888 4240; x_wconf 88' lang='lat' dir='ltr'><strong>est</strong></span> <span class='ocrx_word' id='word_1_765' title='bbox 2936 4182 3169 4253; x_wconf 91' lang='lat' dir='ltr'><strong>superbi</strong></span> <span class='ocrx_word' id='word_1_766' title='bbox 3220 4190 3410 4237; x_wconf 89' lang='lat' dir='ltr'><strong>motus</strong></span> <span class='ocrx_word' id='word_1_767' title='bbox 3439 4180 3638 4244; x_wconf 88' lang='lat' dir='ltr'><strong>animi,</strong></span> 
     </span>
    </p>
   </div>
   <div class='ocr_carea' id='block_1_106' title="bbox 1954 4270 3641 4344">
    <p class='ocr_par' dir='ltr' id='par_1_106' title="bbox 1954 4270 3641 4344">
     <span class='ocr_line' id='line_1_106' title="bbox 1954 4270 3641 4344; baseline -0.005 -14"><span class='ocrx_word' id='word_1_768' title='bbox 1954 4275 2011 4331; x_wconf 90' lang='lat' dir='ltr'><strong>in</strong></span> <span class='ocrx_word' id='word_1_769' title='bbox 2056 4274 2422 4331; x_wconf 86' lang='lat' dir='ltr'><strong>mirabilibus</strong></span> <span class='ocrx_word' id='word_1_770' title='bbox 2464 4287 2640 4344; x_wconf 90' lang='lat' dir='ltr'><strong>super</strong></span> <span class='ocrx_word' id='word_1_771' title='bbox 2685 4288 2744 4329; x_wconf 86' lang='lat' dir='ltr'><strong>se</strong></span> <span class='ocrx_word' id='word_1_772' title='bbox 2788 4270 3169 4338; x_wconf 90' lang='lat' dir='ltr'><strong>ambulantes,</strong></span> <span class='ocrx_word' id='word_1_773' title='bbox 3224 4285 3387 4340; x_wconf 85' lang='lat' dir='ltr'><strong>super</strong></span> <span class='ocrx_word' id='word_1_774' title='bbox 3440 4275 3641 4323; x_wconf 87' lang='lat' dir='ltr'><strong>terram</strong></span> 
     </span>
    </p>
   </div>
   <div class='ocr_carea' id='block_1_107' title="bbox 1952 4356 3639 4433">
    <p class='ocr_par' dir='ltr' id='par_1_107' title="bbox 1952 4356 3639 4433">
     <span class='ocr_line' id='line_1_107' title="bbox 1952 4356 3639 4433; baseline -0.005 -15"><span class='ocrx_word' id='word_1_775' title='bbox 1952 4368 2126 4431; x_wconf 87' lang='lat' dir='ltr'><strong>erant,</strong></span> <span class='ocrx_word' id='word_1_776' title='bbox 2169 4363 2310 4432; x_wconf 89' lang='lat' dir='ltr'><strong>quia</strong></span> <span class='ocrx_word' id='word_1_777' title='bbox 2350 4363 2408 4418; x_wconf 93' lang='lat' dir='ltr'><strong>in</strong></span> <span class='ocrx_word' id='word_1_778' title='bbox 2451 4362 2753 4433; x_wconf 87' lang='lat' dir='ltr'><strong>superﬁcie</strong></span> <span class='ocrx_word' id='word_1_779' title='bbox 2783 4360 3037 4431; x_wconf 90' lang='lat' dir='ltr'><strong>corporis</strong></span> <span class='ocrx_word' id='word_1_780' title='bbox 3086 4359 3239 4416; x_wconf 88' lang='lat' dir='ltr'><strong>bona</strong></span> <span class='ocrx_word' id='word_1_781' title='bbox 3267 4356 3639 4419; x_wconf 89' lang='lat' dir='ltr'><strong>exhibentur,</strong></span> 
     </span>
    </p>
   </div>
   <div class='ocr_carea' id='block_1_108' title="bbox 1953 4446 3641 4523">
    <p class='ocr_par' dir='ltr' id='par_1_108' title="bbox 1953 4446 3641 4523">
     <span class='ocr_line' id='line_1_108' title="bbox 1953 4446 3641 4523; baseline -0.005 -16"><span class='ocrx_word' id='word_1_782' title='bbox 1953 4466 2085 4523; x_wconf 67' lang='lat' dir='ltr'><strong>quae</strong></span> <span class='ocrx_word' id='word_1_783' title='bbox 2117 4450 2291 4507; x_wconf 91' lang='lat' dir='ltr'><strong>menti</strong></span> <span class='ocrx_word' id='word_1_784' title='bbox 2325 4450 2571 4507; x_wconf 93' lang='lat' dir='ltr'><strong>inaniter</strong></span> <span class='ocrx_word' id='word_1_785' title='bbox 2598 4449 2760 4506; x_wconf 75' lang='lat' dir='ltr'><strong>elatae</strong></span> <span class='ocrx_word' id='word_1_786' title='bbox 2797 4456 2962 4519; x_wconf 83' lang='lat' dir='ltr'><strong>typos</strong></span> <span class='ocrx_word' id='word_1_787' title='bbox 2998 4447 3068 4503; x_wconf 94' lang='lat' dir='ltr'><strong>de</strong></span> <span class='ocrx_word' id='word_1_788' title='bbox 3114 4446 3355 4503; x_wconf 90' lang='lat' dir='ltr'><strong>laudum</strong></span> <span class='ocrx_word' id='word_1_789' title='bbox 3401 4457 3641 4503; x_wconf 88' lang='lat' dir='ltr'><strong>suarum</strong></span> 
     </span>
    </p>
   </div>
   <div class='ocr_carea' id='block_1_109' title="bbox 1953 4535 3644 4610">
    <p class='ocr_par' dir='ltr' id='par_1_109' title="bbox 1953 4535 3644 4610">
     <span class='ocr_line' id='line_1_109' title="bbox 1953 4535 3644 4610; baseline -0.006 -15"><span class='ocrx_word' id='word_1_790' title='bbox 1953 4538 2437 4610; x_wconf 86' lang='lat' dir='ltr'><strong>gratulationibus</strong></span> <span class='ocrx_word' id='word_1_791' title='bbox 2511 4538 2777 4594; x_wconf 87' lang='lat' dir='ltr'><strong>inferant.</strong></span> <span class='ocrx_word' id='word_1_792' title='bbox 2861 4540 3157 4607; x_wconf 86' lang='lat' dir='ltr'><strong>Postquam</strong></span> <span class='ocrx_word' id='word_1_793' title='bbox 3202 4538 3346 4590; x_wconf 87' lang='lat' dir='ltr'><strong>enim</strong></span> <span class='ocrx_word' id='word_1_794' title='bbox 3409 4535 3644 4602; x_wconf 80' lang='lat' dir='ltr'><strong>ingressi</strong></span> 
     </span>
    </p>
   </div>
   <div class='ocr_carea' id='block_1_110' title="bbox 1952 4626 3641 4698">
    <p class='ocr_par' dir='ltr' id='par_1_110' title="bbox 1952 4626 3641 4698">
     <span class='ocr_line' id='line_1_110' title="bbox 1952 4626 3641 4698; baseline -0.005 -16"><span class='ocrx_word' id='word_1_795' title='bbox 1952 4632 2078 4682; x_wconf 88' lang='lat' dir='ltr'><strong>sunt</strong></span> <span class='ocrx_word' id='word_1_796' title='bbox 2104 4626 2215 4698; x_wconf 75' lang='lat' dir='ltr'><strong>ﬁlii</strong></span> <span class='ocrx_word' id='word_1_797' title='bbox 2251 4628 2351 4681; x_wconf 84' lang='lat' dir='ltr'><strong>Dei</strong></span> <span class='ocrx_word' id='word_1_798' title='bbox 2387 4627 2463 4680; x_wconf 78' lang='lat' dir='ltr'><strong>ad</strong></span> <span class='ocrx_word' id='word_1_799' title='bbox 2503 4626 2650 4698; x_wconf 78' lang='lat' dir='ltr'><strong>ﬁlias</strong></span> <span class='ocrx_word' id='word_1_800' title='bbox 2700 4628 2998 4693; x_wconf 86' lang='lat' dir='ltr'><strong>hominum,</strong></span> <span class='ocrx_word' id='word_1_801' title='bbox 3050 4626 3264 4695; x_wconf 70' lang='lat' dir='ltr'><strong>illasque</strong></span> <span class='ocrx_word' id='word_1_802' title='bbox 3310 4627 3641 4691; x_wconf 86' lang='lat' dir='ltr'><strong>genuerunt;</strong></span> 
     </span>
    </p>
   </div>
   <div class='ocr_carea' id='block_1_111' title="bbox 1955 4711 3643 4786">
    <p class='ocr_par' dir='ltr' id='par_1_111' title="bbox 1955 4711 3643 4786">
     <span class='ocr_line' id='line_1_111' title="bbox 1955 4711 3643 4786; baseline -0.004 -15"><span class='ocrx_word' id='word_1_803' title='bbox 1955 4720 2050 4771; x_wconf 86' lang='lat' dir='ltr'><strong>isti</strong></span> <span class='ocrx_word' id='word_1_804' title='bbox 2076 4722 2203 4771; x_wconf 87' lang='lat' dir='ltr'><strong>sunt</strong></span> <span class='ocrx_word' id='word_1_805' title='bbox 2225 4721 2468 4786; x_wconf 84' lang='lat' dir='ltr'><strong>potentes</strong></span> <span class='ocrx_word' id='word_1_806' title='bbox 2499 4732 2534 4770; x_wconf 91' lang='lat' dir='ltr'><strong>a</strong></span> <span class='ocrx_word' id='word_1_807' title='bbox 2559 4717 2748 4771; x_wconf 73' lang='lat' dir='ltr'><strong>saeculo</strong></span> <span class='ocrx_word' id='word_1_808' title='bbox 2776 4718 2887 4770; x_wconf 80' lang='lat' dir='ltr'><strong>viri</strong></span> <span class='ocrx_word' id='word_1_809' title='bbox 2913 4717 3131 4782; x_wconf 80' lang='lat' dir='ltr'><strong>famosi.</strong></span> <span class='ocrx_word' id='word_1_810' title='bbox 3163 4712 3287 4769; x_wconf 87' lang='lat' dir='ltr'><strong>Filii</strong></span> <span class='ocrx_word' id='word_1_811' title='bbox 3329 4711 3423 4767; x_wconf 91' lang='lat' dir='ltr'><strong>Dei</strong></span> <span class='ocrx_word' id='word_1_812' title='bbox 3453 4712 3643 4780; x_wconf 86' lang='lat' dir='ltr'><strong>ingre-</strong></span> 
     </span>
    </p>
   </div>
   <div class='ocr_carea' id='block_1_112' title="bbox 1954 4798 3646 4871">
    <p class='ocr_par' dir='ltr' id='par_1_112' title="bbox 1954 4798 3646 4871">
     <span class='ocr_line' id='line_1_112' title="bbox 1954 4798 3646 4871; baseline -0.004 -12"><span class='ocrx_word' id='word_1_813' title='bbox 1954 4804 2196 4860; x_wconf 89' lang='lat' dir='ltr'><strong>diuntur</strong></span> <span class='ocrx_word' id='word_1_814' title='bbox 2225 4804 2297 4859; x_wconf 91' lang='lat' dir='ltr'><strong>ad</strong></span> <span class='ocrx_word' id='word_1_815' title='bbox 2326 4803 2470 4858; x_wconf 90' lang='lat' dir='ltr'><strong>ﬁlias</strong></span> <span class='ocrx_word' id='word_1_816' title='bbox 2499 4804 2819 4871; x_wconf 91' lang='lat' dir='ltr'><strong>hominum,</strong></span> <span class='ocrx_word' id='word_1_817' title='bbox 2851 4817 2982 4858; x_wconf 92' lang='lat' dir='ltr'><strong>cum</strong></span> <span class='ocrx_word' id='word_1_818' title='bbox 3013 4801 3191 4857; x_wconf 91' lang='lat' dir='ltr'><strong>nostri</strong></span> <span class='ocrx_word' id='word_1_819' title='bbox 3235 4798 3646 4856; x_wconf 89' lang='lat' dir='ltr'><strong>intellectuales</strong></span> 
     </span>
    </p>
   </div>
   <div class='ocr_carea' id='block_1_113' title="bbox 1954 4888 3645 4960">
    <p class='ocr_par' dir='ltr' id='par_1_113' title="bbox 1954 4888 3645 4960">
     <span class='ocr_line' id='line_1_113' title="bbox 1954 4888 3645 4960; baseline -0.005 -13"><span class='ocrx_word' id='word_1_820' title='bbox 1954 4898 2166 4957; x_wconf 89' lang='lat' dir='ltr'><strong>motus,</strong></span> <span class='ocrx_word' id='word_1_821' title='bbox 2230 4898 2378 4960; x_wconf 86' lang='lat' dir='ltr'><strong>quos</strong></span> <span class='ocrx_word' id='word_1_822' title='bbox 2432 4891 2535 4946; x_wconf 85' lang='lat' dir='ltr'><strong>Job</strong></span> <span class='ocrx_word' id='word_1_823' title='bbox 2608 4899 2776 4947; x_wconf 89' lang='lat' dir='ltr'><strong>vocat</strong></span> <span class='ocrx_word' id='word_1_824' title='bbox 2836 4891 3080 4946; x_wconf 86' lang='lat' dir='ltr'><strong>robustos</strong></span> <span class='ocrx_word' id='word_1_825' title='bbox 3125 4888 3453 4956; x_wconf 84' lang='lat' dir='ltr'><strong>fortitudine</strong></span> <span class='ocrx_word' id='word_1_826' title='bbox 3528 4888 3645 4953; x_wconf 85' lang='lat' dir='ltr'><strong>(Job</strong></span> 
     </span>
    </p>
   </div>
   <div class='ocr_carea' id='block_1_114' title="bbox 1953 4979 3646 5050">
    <p class='ocr_par' dir='ltr' id='par_1_114' title="bbox 1953 4979 3646 5050">
     <span class='ocr_line' id='line_1_114' title="bbox 1953 4979 3646 5050; baseline -0.004 -15"><span class='ocrx_word' id='word_1_827' title='bbox 1953 4994 2148 5045; x_wconf 76' lang='lat' dir='ltr'><strong>xxxvr,</strong></span> <span class='ocrx_word' id='word_1_828' title='bbox 2219 4979 2328 5048; x_wconf 87' lang='lat' dir='ltr'><strong>t9),</strong></span> <span class='ocrx_word' id='word_1_829' title='bbox 2397 4979 2498 5050; x_wconf 92' lang='lat' dir='ltr'><strong>qui</strong></span> <span class='ocrx_word' id='word_1_830' title='bbox 2555 4992 2589 5034; x_wconf 92' lang='lat' dir='ltr'><strong>a</strong></span> <span class='ocrx_word' id='word_1_831' title='bbox 2649 4981 2757 5035; x_wconf 91' lang='lat' dir='ltr'><strong>Deo</strong></span> <span class='ocrx_word' id='word_1_832' title='bbox 2818 4979 2879 5035; x_wconf 92' lang='lat' dir='ltr'><strong>in</strong></span> <span class='ocrx_word' id='word_1_833' title='bbox 2944 4979 3105 5034; x_wconf 91' lang='lat' dir='ltr'><strong>nobis</strong></span> <span class='ocrx_word' id='word_1_834' title='bbox 3163 4983 3536 5048; x_wconf 86' lang='lat' dir='ltr'><strong>generantur,</strong></span> <span class='ocrx_word' id='word_1_835' title='bbox 3588 4988 3646 5030; x_wconf 87' lang='lat' dir='ltr'><strong>se</strong></span> 
     </span>
    </p>
   </div>
   <div class='ocr_carea' id='block_1_115' title="bbox 1954 5063 3645 5138">
    <p class='ocr_par' dir='ltr' id='par_1_115' title="bbox 1954 5063 3645 5138">
     <span class='ocr_line' id='line_1_115' title="bbox 1954 5063 3645 5138; baseline -0.003 -16"><span class='ocrx_word' id='word_1_836' title='bbox 1954 5067 2307 5138; x_wconf 89' lang='lat' dir='ltr'><strong>immergunt</strong></span> <span class='ocrx_word' id='word_1_837' title='bbox 2336 5067 2406 5123; x_wconf 92' lang='lat' dir='ltr'><strong>ad</strong></span> <span class='ocrx_word' id='word_1_838' title='bbox 2439 5067 2813 5132; x_wconf 84' lang='lat' dir='ltr'><strong>experiendos</strong></span> <span class='ocrx_word' id='word_1_839' title='bbox 2847 5066 3044 5122; x_wconf 86' lang='lat' dir='ltr'><strong>ﬂuxus</strong></span> <span class='ocrx_word' id='word_1_840' title='bbox 3069 5063 3392 5121; x_wconf 88' lang='lat' dir='ltr'><strong>carnalium</strong></span> <span class='ocrx_word' id='word_1_841' title='bbox 3424 5063 3645 5119; x_wconf 89' lang='lat' dir='ltr'><strong>deside-</strong></span> 
     </span>
    </p>
   </div>
   <div class='ocr_carea' id='block_1_116' title="bbox 1954 5152 3646 5229">
    <p class='ocr_par' dir='ltr' id='par_1_116' title="bbox 1954 5152 3646 5229">
     <span class='ocr_line' id='line_1_116' title="bbox 1954 5152 3646 5229; baseline -0.002 -20"><span class='ocrx_word' id='word_1_842' title='bbox 1954 5154 2193 5210; x_wconf 91' lang='lat' dir='ltr'><strong>riorum.</strong></span> <span class='ocrx_word' id='word_1_843' title='bbox 2234 5154 2350 5229; x_wconf 90' lang='lat' dir='ltr'><strong>Sed</strong></span> <span class='ocrx_word' id='word_1_844' title='bbox 2388 5157 2485 5210; x_wconf 88' lang='lat' dir='ltr'><strong>isti</strong></span> <span class='ocrx_word' id='word_1_845' title='bbox 2527 5162 2655 5210; x_wconf 87' lang='lat' dir='ltr'><strong>sunt</strong></span> <span class='ocrx_word' id='word_1_846' title='bbox 2692 5159 2931 5225; x_wconf 85' lang='lat' dir='ltr'><strong>potentes</strong></span> <span class='ocrx_word' id='word_1_847' title='bbox 2977 5169 3012 5207; x_wconf 90' lang='lat' dir='ltr'><strong>a</strong></span> <span class='ocrx_word' id='word_1_848' title='bbox 3063 5153 3277 5221; x_wconf 77' lang='lat' dir='ltr'><strong>saeculo,</strong></span> <span class='ocrx_word' id='word_1_849' title='bbox 3323 5152 3464 5222; x_wconf 93' lang='lat' dir='ltr'><strong>quia</strong></span> <span class='ocrx_word' id='word_1_850' title='bbox 3498 5154 3646 5221; x_wconf 88' lang='lat' dir='ltr'><strong>post-</strong></span> 
     </span>
    </p>
   </div>
   <div class='ocr_carea' id='block_1_117' title="bbox 1955 5239 3651 5313">
    <p class='ocr_par' dir='ltr' id='par_1_117' title="bbox 1955 5239 3651 5313">
     <span class='ocr_line' id='line_1_117' title="bbox 1955 5239 3651 5313; baseline -0.002 -16"><span class='ocrx_word' id='word_1_851' title='bbox 1955 5257 2132 5313; x_wconf 87' lang='lat' dir='ltr'><strong>quam</strong></span> <span class='ocrx_word' id='word_1_852' title='bbox 2163 5243 2450 5313; x_wconf 72' lang='lat' dir='ltr'><strong>spurcitize</strong></span> <span class='ocrx_word' id='word_1_853' title='bbox 2485 5245 2658 5300; x_wconf 90' lang='lat' dir='ltr'><strong>totius</strong></span> <span class='ocrx_word' id='word_1_854' title='bbox 2690 5243 2868 5313; x_wconf 89' lang='lat' dir='ltr'><strong>illapsi</strong></span> <span class='ocrx_word' id='word_1_855' title='bbox 2910 5242 3123 5298; x_wconf 81' lang='lat' dir='ltr'><strong>fuerint</strong></span> <span class='ocrx_word' id='word_1_856' title='bbox 3154 5241 3447 5306; x_wconf 89' lang='lat' dir='ltr'><strong>barathro,</strong></span> <span class='ocrx_word' id='word_1_857' title='bbox 3482 5239 3651 5309; x_wconf 84' lang='lat' dir='ltr'><strong>potis-</strong></span> 
     </span>
    </p>
   </div>
   <div class='ocr_carea' id='block_1_118' title="bbox 1955 5329 3645 5408">
    <p class='ocr_par' dir='ltr' id='par_1_118' title="bbox 1955 5329 3645 5408">
     <span class='ocr_line' id='line_1_118' title="bbox 1955 5329 3645 5408; baseline -0.003 -21"><span class='ocrx_word' id='word_1_858' title='bbox 1955 5332 2168 5387; x_wconf 89' lang='lat' dir='ltr'><strong>simum</strong></span> <span class='ocrx_word' id='word_1_859' title='bbox 2202 5333 2261 5387; x_wconf 89' lang='lat' dir='ltr'><strong>in</strong></span> <span class='ocrx_word' id='word_1_860' title='bbox 2289 5345 2489 5387; x_wconf 91' lang='lat' dir='ltr'><strong>eorum</strong></span> <span class='ocrx_word' id='word_1_861' title='bbox 2514 5332 2783 5388; x_wconf 86' lang='lat' dir='ltr'><strong>cordibus</strong></span> <span class='ocrx_word' id='word_1_862' title='bbox 2810 5337 3013 5402; x_wconf 88' lang='lat' dir='ltr'><strong>regnat</strong></span> <span class='ocrx_word' id='word_1_863' title='bbox 3060 5330 3355 5387; x_wconf 67' lang='lat' dir='ltr'><strong>saecularis</strong></span> <span class='ocrx_word' id='word_1_864' title='bbox 3400 5329 3645 5408; x_wconf 86' lang='lat' dir='ltr'><strong>devotio,</strong></span> 
     </span>
    </p>
   </div>
   <div class='ocr_carea' id='block_1_119' title="bbox 1955 5415 3650 5492">
    <p class='ocr_par' dir='ltr' id='par_1_119' title="bbox 1955 5415 3650 5492">
     <span class='ocr_line' id='line_1_119' title="bbox 1955 5415 3650 5492; baseline -0.002 -16"><span class='ocrx_word' id='word_1_865' title='bbox 1955 5426 2025 5476; x_wconf 92' lang='lat' dir='ltr'><strong>ut</strong></span> <span class='ocrx_word' id='word_1_866' title='bbox 2050 5419 2195 5479; x_wconf 90' lang='lat' dir='ltr'><strong>nulli</strong></span> <span class='ocrx_word' id='word_1_867' title='bbox 2225 5419 2536 5476; x_wconf 78' lang='lat' dir='ltr'><strong>videantur</strong></span> <span class='ocrx_word' id='word_1_868' title='bbox 2572 5419 2995 5492; x_wconf 84' lang='lat' dir='ltr'><strong>desperationes</strong></span> <span class='ocrx_word' id='word_1_869' title='bbox 3032 5419 3090 5476; x_wconf 91' lang='lat' dir='ltr'><strong>in</strong></span> <span class='ocrx_word' id='word_1_870' title='bbox 3121 5419 3338 5476; x_wconf 91' lang='lat' dir='ltr'><strong>mundo</strong></span> <span class='ocrx_word' id='word_1_871' title='bbox 3381 5430 3561 5491; x_wconf 90' lang='lat' dir='ltr'><strong>quam</strong></span> <span class='ocrx_word' id='word_1_872' title='bbox 3593 5415 3650 5473; x_wconf 89' lang='lat' dir='ltr'><strong>hi</strong></span> 
     </span>
    </p>
   </div>
  </div>
