3884 6068
172 144 270 214 ,ετ
676 164 679 169 -
1118 143 1173 195 ν.
1213 141 1540 198 GUIBERTI
1574 106 1864 199 seems
1901 142 1963 200 s.
2014 141 2249 199 suam:
2291 142 2378 199 ne
2422 141 2804 200 sovncnnro
3641 148 3710 199 ea

206 281 310 353 qui
330 280 645 354 aliquando
669 280 775 337 visi
797 286 933 338 sunt
952 280 1167 337 vixisse
1187 281 1318 336 Deo.
1352 282 1531 337 Tanto
1567 279 1720 338 enim
1740 280 1901 337 dete-
1938 283 1983 336 A
2013 294 2048 337 a
2112 279 2366 352 pristinis
2432 286 2651 337 semota
2727 278 3094 349 tumultibus,
3166 279 3455 353 spirituali
3521 295 3722 340 coram

208 370 458 427 rioribus
490 369 644 426 vitiis
669 385 729 427 se
759 370 1040 437 inserunt,
1071 377 1291 440 quanto
1323 370 1393 426 de
1435 369 1676 426 arctiore
1706 384 1897 440 prono.

210 459 318 515 sito
346 459 417 515 ad
447 458 642 515 saeculi
672 458 850 515 luxus
875 457 1104 514 avidius
1133 465 1511 528 proruerunt;
1530 461 1768 513 istisunt
1794 461 1904 513 viri

211 548 430 614 famosi.
480 547 621 618 quia
673 547 989 603 humanam
1044 546 1399 612 excedentes,
1447 547 1904 616 diabolicamque

216 634 500 692 imitantes
526 634 862 705 nequitiam,
897 640 952 688 et
986 633 1054 689 de
1095 632 1339 689 crimine
1379 641 1672 689 sumentes
1718 635 1905 690 auda-

215 724 383 789 ciam,
419 722 571 778 unde
598 729 651 777 et
680 722 941 793 gigantes
971 722 1270 787 dicuntur,
1311 729 1612 793 postquam
1662 722 1802 792 lapsi
1848 724 1904 778 in

217 811 523 880 reprobum
580 824 813 866 sensum
870 809 1104 876 fuerint,
1170 823 1361 880 prava:
1426 810 1712 880 opinionis
1743 811 1908 882 pt-jus

216 912 391 972 quam
422 896 516 953 alii
549 911 801 968 nequam
833 898 1005 953 fetore
1037 898 1374 969 vulgantur.

289 986 457 1043 Vens.
489 990 544 1052 5,
590 988 642 1052 6,
674 990 728 1041 7.
769 1016 837 1026 -
897 985 1092 1041 Videns
1144 990 1322 1041 autem
1374 989 1508 1041 Deus
1557 988 1702 1058 quod
1739 989 1911 1043 multa

217 1075 433 1130 malitia
486 1075 760 1129 hominum
815 1079 951 1129 esset
1004 1075 1064 1129 in
1110 1079 1277 1141 terra,
1318 1079 1368 1129 et
1418 1081 1611 1131 cuncta
1656 1078 1910 1144 cogitatio

220 1162 396 1218 cordis
442 1178 623 1217 eorum
666 1166 876 1217 intenta
916 1167 1050 1217 esset
1097 1162 1172 1216 ad
1212 1164 1416 1218 malum
1461 1166 1615 1218 omni
1656 1170 1907 1233 tempore,

220 1254 473 1321 paenituit
499 1267 637 1317 eum,
671 1250 817 1320 quod
851 1253 1066 1317 fecisset
1107 1251 1372 1306 hominem
1404 1254 1462 1305 in
1493 1256 1639 1306 terra
1701 1253 1766 1308 In
1807 1253 1914 1308 hac

220 1339 678 1410 desperatissima
734 1338 1019 1408 Babylone
1065 1339 1389 1395 constitutis
1437 1339 1591 1396 videt
1637 1341 1807 1407 Deus,
1856 1340 1912 1396 id

216 1436 300 1484 est
329 1427 522 1483 videre
552 1441 646 1483 eos
676 1426 829 1494 facit,
874 1439 1053 1497 quam
1099 1427 1366 1498 nequiter
1408 1427 1731 1483 carnalium
1773 1427 1915 1485 effe-

220 1516 407 1573 ctibus
472 1528 712 1586 operum
773 1513 985 1572 instent
1037 1514 1313 1582 exterius,
1363 1530 1659 1586 quamque
1699 1514 1917 1588 jugiter

223 1578 546 1674 proponant
591 1603 877 1674 nequiora
936 1603 1194 1659 interius.
1244 1578 1411 1659 Videt
1468 1578 1802 1674 itaque,'i(lv
1834 1611 1918 1660 est
1951 1578 1988 1631 Β

223 1692 511 1759 discernit,
551 1691 905 1763 demumque
943 1691 1178 1762 poenitet
1216 1692 1384 1748 Deus.
1436 1690 1490 1747 Si
1538 1693 1691 1747 enim
1730 1691 1918 1763 pumi-

225 1782 402 1838 tentia
435 1782 652 1837 bonum
700 1788 803 1847 est,
843 1788 897 1836 et
946 1780 1198 1851 idipsum
1231 1781 1445 1837 bonum
1491 1795 1609 1836 non
1657 1795 1692 1837 a
1737 1780 1915 1849 nobis,

227 1870 323 1926 sed
352 1884 424 1926 ex
472 1871 587 1926 Deo
633 1876 737 1926 est.
772 1870 925 1940 Ergo
964 1884 1079 1925 non
1122 1870 1194 1925 ab
1252 1883 1313 1926 re
1351 1868 1609 1926 dicitur:
1662 1871 1921 1925 Paenituit

225 1974 366 2021 eum.
433 1973 569 2014 cum
634 1973 747 2013 non
817 1957 929 2013 nisi
997 1972 1101 2013 nos
1143 1958 1433 2028 paeniteat,
1504 1958 1651 2027 quod
1705 1961 1921 2027 fecisset

229 2048 492 2101 hominem
536 2062 698 2115 super
742 2052 1138 2114 terram;eum
1187 2046 1290 2116 qui
1340 2047 1581 2117 resipuit
1630 2049 1921 2118 pmnituit.

230 2133 369 2203 quia
404 2133 645 2189 interius
687 2147 859 2189 suum
905 2147 1041 2189 cum
1086 2133 1381 2200 exteriori,
1431 2135 1587 2205 quod
1637 2144 1721 2192 est
1770 2143 1923 2193 totus
1966 2176 1971 2185 .

228 2221 419 2287 homo,
447 2221 585 2277 dum
618 2220 707 2277 his
743 2236 876 2292 quae
901 2222 1205 2292 superficie
1253 2230 1421 2279 tenus
1451 2223 1725 2280 videntur
1753 2225 1924 2283 rebus

229 2309 524 2380 applicuit,
558 2310 627 2366 de
670 2309 941 2366 exteriori
982 2311 1052 2366 ad
1100 2310 1363 2378 interius,
1411 2310 1468 2367 id
1511 2319 1593 2368 est
1643 2313 1710 2368 ad
1764 2314 1926 2385 spiri-

233 2406 356 2455 tum
406 2412 670 2455 reversus
711 2398 1013 2470 ingemuit.
1064 2401 1136 2455 Et
1174 2404 1347 2455 tactus
1396 2400 1576 2455 dolore
1619 2402 1798 2457 cordis
1847 2405 1926 2458 in-

232 2490 513 2554 trinsecus,
543 2501 991 2558 praecavensque
1023 2486 1079 2542 in
1131 2487 1416 2553 futurum,
1462 2489 1672 2549 Detebo,
1724 2492 1921 2558 inquit,

232 2577 514 2643 hominem,
545 2591 702 2645 quem
752 2580 931 2631 creavi
965 2592 1002 2629 a
1030 2578 1174 2642 facie
1210 2586 1368 2631 terra:
1396 2579 1464 2631 ab
1508 2577 1718 2632 homine
1745 2595 1927 2650 ,usque

233 2664 308 2718 ad
329 2663 567 2718 volucres
598 2665 715 2718 coeli
740 2661 857 2736 [a|.,
879 2664 955 2718 ad
969 2662 1325 2735 animantia],
1362 2680 1395 2718 a
1422 2666 1613 2733 reptili
1641 2670 1741 2720 40
1758 2681 1928 2735 usque

234 2752 308 2807 ad
343 2754 674 2807 animantem
709 2752 823 2824 [al.,
871 2753 1111 2807 volucres
1161 2751 1328 2825 cwti].
1369 2753 1551 2824 Tangi
1602 2752 1818 2822 dolore,
1869 2755 1925 2810 in

234 2841 497 2897 futurum
542 2854 885 2910 praecavere,
921 2846 977 2897 et
1013 2839 1126 2897 alia
1167 2856 1282 2896 non
1324 2840 1421 2897 Dei
1462 2841 1771 2910 passiones,
1828 2843 1922 2899 sed
1955 2875 1979 2924 ί

238 2930 335 2985 Dei
392 2928 451 2984 in
512 2929 673 2984 nobis
726 2936 861 2985 sunt
925 2929 1193 2986 actiones.
1245 2928 1351 2996 Qui
1398 2928 1594 2999 itaque
1640 2931 1925 2999 paenituit,

239 3016 584 3073 intrinsecus
608 3017 869 3096 tangitur
894 3017 1087 3073 dolore
1124 3018 1333 3085 cordis,
1367 3024 1430 3073 ut
1456 3031 1571 3072 non
1602 3026 1927 3075 momenta-

238 3120 383 3162 neus
433 3105 521 3162 vel
568 3106 641 3161 ad
698 3105 930 3161 oculum
979 3105 1050 3162 sit
1098 3106 1257 3162 dolor
1308 3105 1783 3175 compunctionis,
1834 3108 1926 3164 sed

241 3200 496 3265 penetret
548 3193 828 3249 medullas
872 3193 1098 3260 animae,
1155 3193 1351 3249 abdita
1399 3192 1610 3249 scilicet
1654 3193 1928 3251 intentio-

241 3282 349 3349 nis,
390 3289 445 3338 et
490 3281 719 3338 futuras
767 3289 1084 3351 praecaveat
1125 3280 1520 3352 obligationes,
1572 3296 1647 3338 ne
1687 3283 1925 3340 verbum

237 3371 400 3427 iteret
437 3369 730 3425 orationis.
781 3369 833 3425 Si
860 3369 1016 3425 enim
1065 3369 1196 3424 ﬂeat
1239 3369 1391 3439 quis,
1445 3383 1549 3425 nec
1579 3370 1733 3440 quod
1772 3372 1931 3428 ﬂevit

241 3458 511 3530 corrigat,
548 3472 607 3514 se
649 3458 841 3528 potius
886 3457 1086 3514 ludere
1128 3470 1307 3526 quam
1349 3455 1540 3512 dolere
1593 3457 1933 3513 intrinsecus

242 3551 536 3602 monstrat.
580 3545 879 3601 Hominem
910 3559 1009 3615 pro
1047 3544 1384 3600 carnalitate
1414 3545 1544 3614 poni
1592 3559 1735 3601 usus
1780 3544 1924 3601 Scri-

242 3641 428 3707 pturat
474 3641 577 3690 est.
628 3634 785 3690 Delet
830 3647 967 3705 ergo
1011 3632 1323 3700 hominem,
1369 3634 1469 3704 qui
1520 3648 1619 3703 per
1659 3633 1934 3704 imagina-

154 3760 165 3763 -
244 3724 423 3779 tiones
469 3721 576 3778 sibi
644 3721 993 3791 insculptum
1069 3720 1360 3777 carnalem
1425 3721 1714 3790 affectum,
1765 3722 1931 3793 quasi

244 3811 590 3867 charaxatas
646 3809 873 3866 tabulas
926 3808 1238 3866 obliterans
1283 3809 1491 3879 deplet,
1546 3824 1717 3882 quem
1768 3824 1934 3867 crea-

244 3898 346 3966 vit,
379 3898 437 3954 id
478 3906 563 3955 est
592 3911 765 3968 quem
811 3896 884 3952 ad
924 3897 1104 3954 robur
1138 3897 1556 3967 explendarum
1601 3898 1933 3969 passionum

245 3987 314 4042 de
342 3986 534 4042 carnis
579 3985 829 4040 motibus
866 3985 1165 4041 excitavit.
1206 3987 1377 4041 Creas
1403 3986 1578 4053 enim,
1628 3994 1693 4042 ut
1723 3986 1936 4042 dicitur

244 4074 455 4140 Graece,
481 4086 614 4128 caro
641 4078 744 4138 est,
779 4071 931 4127 unde
963 4085 1158 4128 creare
1198 4072 1517 4140 derivatur,
1560 4079 1615 4128 et
1663 4081 1934 4129 artocreze

2009 370 2270 436 Domino,
2316 370 2424 426 hoc
2459 377 2543 426 est
2594 369 2648 424 in
2681 368 2916 437 intimis,
2987 370 3085 426 ubi
3144 370 3301 427 solus
3350 371 3500 427 Deus
3538 371 3720 437 videt,

2012 457 2314 515 serenitate
2340 457 2723 527 perfunditur.
2775 459 2877 511 l'bi
2928 457 3079 514 enim
3122 458 3428 529 requiescit
3473 458 3729 529 Spiritus

2014 548 2133 615 Dei,
2160 546 2270 605 nisi
2296 560 2473 617 super
2515 546 2800 617 quietum,
2843 546 3013 617 cujus
3060 560 3224 603 mens
3263 546 3538 604 vitiorum
3568 554 3726 604 stre-

2017 636 2140 705 pitu
2198 650 2313 691 non
2365 634 2692 702 obsurduit,
2747 642 2803 692 et
2870 633 3172 702 humilem,
3239 635 3341 706 qui
3396 635 3465 691 de
3515 650 3725 692 eorum

2015 724 2256 780 victoria
2283 738 2398 780 non
2432 722 2730 793 superbit?
2760 725 2890 788 (lsa.
2924 737 3076 790 va1,
3109 724 3183 792 2.)

2085 812 2258 869 Vnus.
2288 814 2343 878 9,
2381 811 2467 880 10,
2502 815 2585 869 il.
2635 842 2703 851 —
2752 814 2844 866 Hae
2885 814 3255 880 generationes
3283 813 3393 868 Noe
3425 826 3437 866 :
3486 812 3593 867 Noe
3637 813 3738 865 vir

2012 902 2213 970 iustus,
2238 906 2400 969 atque
2424 903 2693 970 perfectus
2724 902 2836 967 fuit
2888 903 2946 954 in
2985 901 3424 968 generationibus
3476 902 3612 955 suis.
3652 902 3725 954 Et

2017 992 2202 1059 genuit
2229 995 2337 1045 tres
2369 990 2533 1055 filios,
2567 991 2708 1054 Sem,
2742 990 2915 1046 Cham
2936 993 2986 1043 et
3031 990 3282 1058 Japheth.
3316 988 3728 1046 Generationes

2020 1085 2227 1134 nostrae
2271 1086 2408 1134 sunt
2449 1077 2841 1148 cogitationes,
2905 1076 3269 1143 intentiones,
3309 1083 3365 1133 et
3424 1090 3617 1147 opera,
3665 1084 3728 1133 et

2019 1166 2063 1222 si
2096 1179 2214 1237 qua
2251 1172 2388 1222 sunt
2427 1180 2558 1235 quae
2590 1165 2739 1221 intro
2786 1164 3075 1221 oriuntur.
3118 1167 3181 1221 In
3232 1165 3321 1221 his
3364 1165 3559 1236 justus
3604 1172 3715 1226 est,

2019 1253 2122 1324 qui
2153 1254 2234 1309 sic
2262 1253 2579 1309 secundum
2620 1252 2915 1309 scientiam
2965 1253 3302 1310 humanitus
3330 1255 3401 1310 ad
3433 1269 3511 1321 se,
3559 1262 3615 1310 et
3647 1253 3725 1309 ad

2024 1341 2353 1413 proximum
2406 1341 2657 1413 gerenda
2714 1341 2987 1411 disponit,
3054 1350 3119 1398 ut
3188 1356 3410 1409 eorum,
3461 1356 3594 1413 quae
3653 1341 3730 1397 ad

2025 1433 2201 1488 Deum
2233 1428 2690 1501 dignoscendum
2721 1429 3265 1501 observandumque
3296 1430 3560 1496 attinent,
3605 1444 3734 1485 me-

2028 1519 2277 1585 minerit,
2323 1518 2540 1589 quibus
2580 1518 2877 1588 sapientiae
2917 1518 3147 1576 habitus
3192 1519 3479 1590 congruit.
3533 1518 3739 1575 Perfe-

2027 1614 2155 1663 ctus
2183 1614 2285 1670 est,
2333 1606 2435 1678 qui
2484 1605 2585 1662 etsi
2620 1606 2895 1663 universa
2937 1607 3224 1677 complere
3272 1622 3387 1663 non
3440 1606 3614 1677 possit
3654 1606 3739 1661 ad

2031 1697 2338 1767 integrum,
2372 1709 2469 1751 cor
2493 1702 2681 1751 tamen
2727 1695 3116 1752 benevolendo
3160 1696 3232 1752 ad
3278 1710 3348 1751 ea
3384 1694 3743 1765 capessenda

2032 1784 2200 1840 habet
2228 1783 2483 1849 plenum,
2527 1783 2806 1852 nullaque
2849 1797 2920 1839 ex
2966 1791 3125 1854 parte
3171 1782 3533 1852 mutilatum;
3593 1796 3738 1838 cum

2032 1874 2144 1929 Deo
2193 1871 2473 1941 ambulat,
2529 1871 2633 1942 qui
2684 1871 2757 1927 ab
2802 1872 2891 1927 his
2933 1873 3080 1942 'quze
3130 1871 3405 1927 irradiata
3446 1870 3744 1926 divinitus

2029 1960 2174 2017 ratio
2221 1961 2445 2031 agenda
2491 1960 2769 2031 suggerit,
2815 1959 2976 2016 nullo
3032 1960 3198 2016 modo
3245 1959 3560 2021 discordat;
3590 1965 3746 2014 tunc

2030 2049 2259 2105 demum
2325 2053 2437 2103 tres
2494 2046 2645 2103 ﬁlios
2708 2055 2965 2118 generat,
3029 2062 3161 2103 cum
3213 2048 3357 2104 liber
3417 2061 3453 2103 a
3516 2046 3739 2102 forensi

2032 2137 2223 2193 labore
2262 2137 2377 2191 Deo
2431 2150 2529 2206 per
2568 2135 2758 2203 fidem,
2808 2150 2987 2206 spem,
3040 2136 3497 2206 cbaritatemque
3539 2142 3739 2190 vocat.

2031 2227 2299 2294 Corrupta
2345 2229 2423 2278 est
2464 2228 2645 2278 autem
2694 2228 2839 2278 terra
2889 2240 3069 2278 coram
3114 2226 3237 2288 Deo,
3289 2228 3341 2278 et
3389 2223 3594 2292 repleta
3652 2227 3743 2275 est

2031 2315 2342 2381 iniquitate.

2104 2401 2275 2458 Vens.
2322 2400 2625 2467 12,13.—
2675 2402 2909 2469 Cumque
2955 2399 3181 2453 vidisset
3228 2398 3375 2451 Deus
3416 2403 3745 2468 corruptam

2035 2493 2260 2553 terram;
2295 2489 2466 2542 omnis
2496 2489 2697 2556 quippe
2723 2502 2849 2541 caro
2877 2491 3195 2555 corruperat
3232 2489 3377 2540 ciam
3415 2501 3582 2555 super
3612 2491 3742 2540 ter-

2033 2592 2172 2642 ram,
2226 2575 2373 2629 dixit
2436 2574 2511 2628 ad
2569 2576 2725 2629 Noe:
2791 2576 2943 2628 Finis
3009 2576 3273 2628 universae
3331 2578 3513 2629 carnis
3585 2578 3744 2629 venit

2034 2680 2212 2719 coram
2240 2679 2348 2729 me;
2380 2664 2586 2732 repleta
2629 2667 2709 2716 est
2746 2667 2892 2717 terra
2938 2664 3233 2731 iniquitate
3263 2678 3298 2716 a
3342 2666 3488 2729 facie
3511 2678 3737 2726 eorum;

2033 2757 2083 2806 et
2118 2768 2212 2820 ego
2257 2750 2572 2820 disperdam
2618 2765 2704 2804 eos
2752 2764 2873 2804 cum
2919 2753 3083 2803 terra.
3129 2750 3215 2806 Ab
3260 2750 3490 2806 homine
3541 2764 3741 2820 usque

2033 2840 2104 2896 ad
2131 2839 2503 2906 animantem,
2528 2851 2562 2892 a
2589 2836 2776 2907 reptili
2809 2852 2993 2908 usque
3022 2837 3093 2893 ad
3126 2838 3390 2894 volucres
3421 2838 3545 2894 C(Bll
3578 2845 3738 2893 terra

2032 2935 2118 2984 est
2155 2932 2445 2996 corrupta,
2499 2925 2554 2981 id
2604 2933 2689 2981 est
2732 2940 2767 2981 a
2823 2926 3054 2996 propria
3101 2926 3410 2982 stabilitate
3458 2926 3739 2982 distracta

2034 3029 2194 3071 mens
2236 3015 2307 3070 ad
2352 3013 2656 3084 voragines
2694 3014 2866 3070 totius
2912 3013 3185 3084 nequitiae
3229 3017 3533 3084 prostituta
3585 3014 3743 3069 dela-

2036 3103 2208 3160 bitur.
2243 3103 2427 3159 Omnis
2466 3102 2619 3158 enim
2651 3118 2777 3157 caro
2822 3108 3140 3173 corruperat
3185 3105 3333 3157 viam
3373 3118 3548 3167 suam,
3591 3102 3735 3173 quia

2038 3190 2298 3248 mollities
2349 3190 2597 3247 carnalis
2645 3191 2931 3261 appetitus
2986 3190 3293 3261 dissiparat
3346 3190 3737 3260 inl'eceratque

2036 3279 2192 3336 illam
2239 3279 2311 3335 ad
2358 3279 2527 3349 cujus
2573 3279 2739 3335 debet
2770 3279 2940 3350 dirigi
2994 3278 3278 3349 regulam,
3324 3286 3381 3335 et
3409 3293 3540 3349 qua:
3591 3292 3735 3334 vera

2038 3375 2186 3423 recte
2211 3366 2386 3423 eundi
2422 3366 2514 3422 via
2552 3373 2654 3434 est,
2710 3366 2924 3423 scilicet
2967 3366 3266 3433 rationem,
3316 3374 3371 3423 et
3418 3366 3523 3423 hoc
3568 3383 3742 3437 super

2039 3461 2260 3520 terram,
2297 3455 2351 3510 id
2375 3461 2459 3511 est
2490 3468 2603 3511 non
2636 3454 2822 3511 solum
2864 3455 3012 3511 inter
3057 3455 3262 3511 mentis
3306 3455 3523 3522 abdita,
3554 3456 3649 3511 sed
3682 3464 3742 3511 et

2040 3557 2225 3614 usque
2255 3543 2327 3599 ad
2354 3543 2660 3609 evidentia,
2694 3558 2826 3614 quae
2866 3557 2967 3613 per
2996 3558 3225 3613 corpus.
3273 3551 3481 3599 terram
3523 3542 3741 3599 scilicet

2041 3639 2314 3699 nostram,
2363 3631 2844 3687 administrantur
2908 3631 3208 3701 pravitatis
3262 3632 3545 3701 exempla.
3591 3631 3739 3689 Cum

2040 3735 2174 3792 ergo
2222 3720 2342 3775 haec
2391 3720 2541 3775 Deus
2593 3719 2845 3786 vidisset,
2899 3719 2955 3775 id
2995 3727 3080 3775 est
3131 3720 3379 3775 vivenda
3417 3720 3477 3775 in
3524 3719 3742 3790 quibus

2041 3816 2370 3864 versaretur
2427 3807 2580 3863 mala
2628 3822 2777 3863 caeco
2821 3805 3098 3877 peccatori
3161 3807 3566 3878 pr0posuisset,
3638 3823 3742 3878 per

2043 3896 2279 3952 internas
2301 3894 2663 3966 aspirationis
2684 3895 2967 3951 monitum
3000 3895 3083 3951 illi
3104 3894 3363 3966 suggerit
3409 3895 3551 3966 quid
3589 3896 3737 3953 facto

2040 3999 2186 4056 opus
2220 3991 2385 4049 esset,
2438 3984 2484 4038 si
2541 3983 2658 4040 Noe
2712 3983 3113 4040 intellectualis
3172 3983 3292 4039 fieri
3348 3985 3548 4054 vellet;
3604 3984 3737 4055 ﬁnis

2040 4076 2182 4127 enim
2218 4075 2481 4127 universe
2508 4072 2694 4128 carnis
2736 4075 2883 4126 venit
2932 4087 3113 4127 coram
3153 4088 3255 4138 me,
3309 4074 3734 4130 consummatio

242 4170 298 4218 et
327 4174 578 4232 creagraa
615 4166 917 4215 vocantur.
952 4159 1057 4215 Sed
1100 4160 1214 4227 hic,
1259 4177 1294 4214 α
1343 4162 1488 4227 facie
1536 4166 1713 4226 terrae,
1761 4161 1817 4217 id
1850 4169 1929 4217 est
1968 4167 2008 4220 D
2045 4159 2247 4229 utique
2270 4159 2590 4230 omnigenze
2619 4159 2874 4229 corporis
2915 4160 3225 4230 voluptatis
3254 4161 3334 4224 fit,
3381 4160 3425 4216 si
3466 4161 3737 4217 veniatur

246 4250 316 4305 ab
361 4246 691 4312 intentione,
736 4254 790 4304 et
829 4261 1023 4303 amore
1063 4255 1420 4305 terrenorum
1469 4249 1787 4306 abolendus
1828 4258 1931 4310 est.

243 4338 311 4391 ab
332 4337 562 4400 homine,
594 4334 667 4389 ab
701 4333 790 4390 his
813 4335 1026 4391 scilicet
1054 4336 1264 4392 animm
1314 4336 1582 4402 motibus,
1624 4352 1756 4406 quae
1799 4345 1934 4393 sunt

244 4424 411 4495 quasi
458 4422 734 4479 rationem
786 4423 1072 4490 habentia,
1126 4433 1187 4481 ut
1239 4433 1375 4480 sunt
1405 4425 1689 4492 honestas,
1721 4434 1776 4481 et
1807 4440 1934 4481 mo-

243 4512 422 4568 destia
448 4525 562 4566 non
603 4524 706 4580 pro
746 4510 860 4567 Deo
891 4511 987 4567 sed
1019 4511 1372 4568 szeculariter
1403 4512 1615 4579 habita,
1647 4528 1817 4582 usque
1861 4514 1936 4568 ad

241 4602 589 4665 animantem,
632 4612 817 4669 usque
866 4599 938 4655 ad
988 4599 1423 4670 exstirpandam
1456 4600 1717 4658 videlicet
1765 4603 1934 4673 cupi-

242 4689 496 4753 ditatem,
557 4700 688 4757 quze
758 4687 830 4742 ad
887 4694 1099 4743 terram
1162 4688 1395 4758 quidem
1465 4689 1795 4756 inclinatur,
1837 4690 1931 4746 sed

241 4788 416 4832 causa
473 4774 874 4831 necessitatum
926 4782 1261 4842 excusatur,
1312 4782 1366 4831 et
1426 4776 1594 4847 quasi
1640 4778 1936 4848 suspendi-

245 4871 357 4929 tur,
408 4878 444 4916 a
506 4863 694 4931 reptiti
743 4860 1094 4931 flagitiorum
1138 4861 1283 4918 caeni
1329 4862 1612 4925 fetoribus
1648 4863 1937 4920 immerso-

244 4964 373 5007 rum
399 4964 568 5020 usque
611 4949 686 5002 ad
718 4950 950 5003 volucres
995 4950 1131 5015 aceti,
1166 4950 1219 5005 id
1249 4957 1334 5006 est
1362 4950 1681 5021 hypocrisis
1730 4951 1930 5019 fastus,

243 5037 344 5109 qui
391 5036 645 5093 vanitate
698 5036 985 5105 feruntur,
1035 5038 1501 5106 pessumdandos,
1554 5038 1611 5093 in
1660 5052 1779 5109 qua
1818 5053 1935 5093 om-

242 5124 405 5181 nium
481 5124 861 5180 exstinctione
923 5125 1350 5195 comprobatur,
1410 5126 1563 5196 quod
1621 5126 1929 5197 sequitur:

240 5214 461 5268 Pwnitet
489 5214 629 5265 enim
659 5227 741 5266 me
767 5213 961 5277 fecisse
984 5228 1088 5267 eos.

309 5301 483 5357 Vnus.
511 5302 563 5355 8.
608 5327 681 5342 -—
727 5301 836 5355 Noe
878 5316 1002 5356 vero
1050 5303 1256 5356 invenit
1292 5303 1532 5368 gratiam
1579 5317 1759 5355 eorum
1804 5305 1928 5358 Deo.

241 5387 339 5443 His
365 5388 558 5457 itaque
587 5388 752 5444 malis
777 5389 1153 5454 cessantibus,
1207 5395 1389 5457 erepta
1435 5387 1640 5446 mentis
1685 5389 1927 5460 requies,

2040 4262 2221 4303 coram
2272 4262 2374 4313 me,
2424 4248 2530 4304 hoc
2577 4255 2661 4304 est
2703 4248 2763 4303 in
2806 4248 3013 4317 placito
3069 4262 3213 4305 meo.
3272 4249 3430 4314 Quod
3480 4263 3735 4320 namque

2044 4335 2182 4391 mihi
2239 4336 2431 4392 animo
2467 4337 2637 4399 sedet,
2700 4337 2804 4393 hoc
2873 4350 3063 4392 coram
3117 4351 3227 4402 me,
3277 4344 3333 4392 et
3390 4351 3508 4406 prae
3555 4338 3738 4395 oculis

2043 4424 2252 4481 habere
2282 4424 2427 4480 volo.
2461 4423 2586 4491 Quo
2614 4432 2813 4480 contra
2844 4440 2858 4479 :
2891 4426 3173 4492 Quoniam.
3209 4424 3419 4495 inquit,
3449 4440 3613 4494 pones
3649 4442 3734 4482 eos

2042 4515 2262 4567 dorsum
2291 4513 2459 4579 (Psat.
2492 4526 2588 4576 xx,
2636 4514 2743 4581 13).
2776 4512 2921 4569 Cum
2968 4513 3166 4584 itaque
3197 4513 3269 4568 ad
3313 4513 3413 4569 Dei
3459 4513 3730 4583 placitum

2040 4601 2291 4667 venitur,
2323 4599 2610 4670 quidquid
2641 4600 2835 4655 carnis
2866 4600 3044 4656 luxus
3081 4601 3408 4671 expostulat
3447 4603 3734 4673 extemplo

2043 4687 2351 4758 respuitur.
2440 4691 2487 4742 Α
2552 4689 2699 4755 facie
2764 4704 2966 4752 eorum,
3026 4688 3410 4746 animantium
3502 4689 3732 4755 scilicet,

2042 4775 2339 4832 hominum
2371 4783 2545 4847 atque
2585 4776 2897 4847 reptilium,
2942 4776 2998 4833 id
3042 4785 3127 4833 cst
3167 4777 3480 4834 intentione
3507 4778 3737 4848 cupidi-

2042 4871 2247 4928 talum,
2289 4869 2463 4934 atque
2511 4862 2839 4930 libidinum,
2879 4864 3021 4921 facie
3061 4864 3214 4921 enim
3263 4872 3318 4920 et
3368 4864 3734 4934 intendimus,

2041 4958 2217 5022 atque
2270 4950 2648 5007 intendimur.
2701 4951 2973 5022 Repletur
3019 4959 3172 5008 terra
3220 4952 3541 5023 iniquitate,
3599 4953 3739 5023 quia

2041 5039 2179 5094 dum
2244 5038 2411 5094 homo
2472 5038 2709 5095 interior
2777 5039 3072 5097 desideriis
3138 5040 3408 5110 turpibus
3473 5040 3736 5098 innititur

2044 5128 2211 5183 homo
2236 5126 2486 5183 exterior
2527 5132 2677 5183 terra
2726 5128 2986 5185 videlicet
3030 5128 3300 5197 operibus
3344 5127 3580 5185 nefariis
3607 5130 3733 5185 efti-
3786 5126 3831 5163 ὀ

2040 5213 2253 5274 ciendis
2293 5214 2679 5273 indifferenter
2707 5216 3060 5287 exponitur.
3089 5216 3386 5287 [Disperdit
3418 5225 3611 5274 autem
3640 5232 3731 5273 eos

2040 5316 2170 5359 cum
2196 5310 2366 5370 terra,
2394 5303 2532 5360 dum
2555 5316 2920 5368 'mansorem.
2954 5304 3166 5361 scilicet
3192 5304 3468 5367 animam,
3507 5312 3562 5360 et
3608 5320 3726 5361 cor-

2040 5405 2167 5461 pus,
2209 5397 2493 5451 terrenam
2548 5393 2743 5461 procnl
2794 5392 2970 5449 dubio
3023 5393 3397 5458 mansionem,
3450 5400 3728 5464 quantum
