3884 6068
111 171 179 224 89
1270 169 1624 228 MOHAIJUM
1667 171 1732 228 IN
1769 169 2073 230 GENESIN
2120 171 2249 228 LIB.
2292 170 2395 227 ω.
3550 174 3617 225 90

115 320 220 363 sua
249 314 640 377 utrorumque
697 304 950 373 interest,
1010 318 1046 362 a
1103 305 1344 363 terrenis
1405 306 1650 380 negotiis
1699 307 1809 365 eli-
1848 312 1890 366 A
1918 321 2089 378 opere
2118 307 2506 380 quiescamus,
2539 315 2594 365 et
2635 314 2876 378 septem,
2912 306 2968 365 id
2994 314 3080 365 est
3124 320 3355 380 corpus,
3396 315 3452 366 et
3488 309 3615 366 ani-

117 397 319 453 minat.

184 484 366 542 Vsus.
424 485 505 538 li.
555 512 628 526 —-
662 485 770 539 Fac
817 484 919 538 tibi
950 498 1136 538 arcam
1184 482 1250 537 de
1304 484 1469 551 lignis
1515 484 1809 553 (abigatis,

113 574 526 628 mansiuncutas
574 574 633 626 in
660 589 791 627 arca
825 574 997 639 facies
1049 577 1101 627 et
1127 573 1391 627 bitumine
1420 574 1578 629 linies
1606 576 1808 629 intrin-

112 678 265 716 secus
302 667 355 716 et
396 664 747 715 emtrinsecus.
801 662 949 717 Area
990 660 1204 717 dicitur
1250 661 1323 717 ab
1361 662 1613 729 arcendo,
1664 663 1812 719 sicut

112 759 169 806 et
197 764 305 805 arx
332 750 504 805 arcis.
538 749 805 805 Facimus
832 748 1008 820 igitur
1053 764 1260 817 arcam,
1281 763 1414 805 cum
1443 749 1613 805 talem
1644 763 1807 818 para-

115 852 247 893 mus
304 837 738 904 conscientiam,
809 852 940 906 quze
996 850 1031 893 a
1095 852 1155 893 se
1212 837 1473 907 impuros
1526 837 1813 908 appetitus

113 934 333 991 arceat,
381 934 438 983 et
482 926 586 995 piae
645 925 960 982 voluntatis
1015 927 1277 996 operisve
1326 927 1663 995 mysterium
1700 928 1812 983 sub

115 1015 249 1071 fidei
307 1016 475 1086 signo
518 1015 779 1072 retineat.
858 1015 961 1071 Sed
1025 1016 1146 1072 haec
1195 1015 1262 1069 de
1318 1018 1485 1082 tignis
1546 1018 1812 1084 taeigatis

114 1103 452 1167 instruitur.
491 1118 626 1159 cum
697 1104 1010 1161 virtutibus
1075 1113 1315 1161 terrenas
1364 1104 1553 1161 laudis
1598 1120 1809 1171 amore,

113 1192 489 1262 carnalisque
537 1191 854 1248 affectionis
901 1192 1047 1249 mole
1093 1192 1286 1249 exutis
1313 1192 1659 1249 conscientia
1701 1193 1813 1249 suf-

115 1281 381 1336 fulcitur.
439 1282 855 1335 Mausiuncutas
903 1281 960 1340 in
1009 1295 1145 1336 arca
1195 1281 1457 1345 facimus,
1489 1295 1621 1336 cum
1675 1296 1814 1351 qua-

114 1383 375 1439 rumque
398 1376 732 1425 sanctarum
771 1367 1186 1439 professionum
1225 1369 1512 1439 proposita
1556 1369 1814 1426 institui-

115 1472 267 1525 mus,
305 1471 441 1513 cum
491 1472 747 1527 namque
790 1457 847 1513 in
877 1458 1119 1513 adversa
1155 1457 1556 1527 praestruimus
1604 1458 1816 1527 patien-

116 1547 277 1613 tiam,
304 1550 353 1601 4
369 1553 397 1600 I
420 1546 490 1602 ad
515 1544 1249 1610 libidinessanctimoniam,
1266 1546 1463 1616 sicque
1479 1546 1813 1616 quibusque

114 1648 286 1690 suam
311 1634 563 1705 profecto
598 1634 926 1690 invenimus
975 1635 1126 1690 intra
1159 1650 1261 1690 nos
1289 1635 1359 1690 ad
1398 1634 1648 1705 singula,
1681 1650 1812 1704 quas

115 1739 220 1779 nos
284 1723 474 1779 foveat
531 1722 834 1794 fugientes,
893 1724 1129 1779 domum
1205 1724 1435 1780 factam.
1484 1723 1813 1780 Notandum

116 1826 253 1868 vero
276 1812 435 1882 quod
468 1819 525 1867 et
550 1811 967 1868 mansiunculaa
997 1826 1032 1867 a
1075 1812 1360 1878 manendo,
1393 1820 1448 1869 et
1473 1812 1815 1869 diminutive

116 1899 421 1955 dicuntur.
470 1899 534 1954 In
568 1899 860 1954 mansione
900 1914 1037 1971 ergo
1068 1907 1224 1955 certa
1253 1898 1590 1970 stabilisque
1623 1913 1817 1969 perse-

118 1988 406 2053 verantia,
468 1990 523 2042 in
580 1986 961 2044 diminutione
1039 1987 1335 2044 humilitas
1394 1988 1697 2058 accipitur,
1760 1987 1816 2043 in

119 2076 342 2146 quibus
383 2075 457 2131 ad
490 2090 659 2132 omne
699 2076 982 2148 ingruens
1030 2076 1353 2147 periculum
1384 2083 1648 2132 constant
1694 2076 1815 2132 dis-

120 2174 275 2221 creta
347 2165 635 2236 profugia.
713 2166 982 2220 Bitumine
1066 2165 1271 2221 linitur
1344 2164 1688 2229 intrinsecus,
1764 2172 1818 2221 et

121 2257 481 2318 extrinsecus,
528 2254 667 2323 quia
728 2253 1025 2310 charitatis
1077 2254 1267 2324 gratia
1302 2254 1402 2310 etsi
1435 2253 1693 2310 exterius
1721 2254 1815 2309 be-

122 2343 331 2398 neficia
371 2342 651 2411 proximis
699 2342 1035 2412 impertitur,
1089 2357 1203 2398 non
1257 2350 1447 2398 tamen
1504 2341 1816 2399 introrsum

121 2431 244 2499 ipso
317 2431 667 2487 charismate
746 2438 1078 2487 sanctorum
1149 2431 1379 2487 animus
1448 2431 1816 2498 exinanitur;

121 2519 505 2575 beneficentia
535 2519 768 2590 quippe,
793 2519 967 2588 juxta
1008 2520 1365 2590 Apostolum,
1414 2518 1689 2586 exterius,
1734 2519 1858 2587 in»,

122 2608 306 2664 terius
362 2615 648 2677 quantum
707 2608 777 2663 ad
849 2608 1286 2664 unanimitatem
1362 2607 1564 2663 attinet
1599 2607 1817 2677 ,(tlebr.

123 2712 243 2762 xm,
284 2699 388 2762 16),
422 2695 506 2752 ιιιί
544 2697 950 2753 communione
991 2712 1104 2753 non
1147 2695 1589 2763 obliviscuntur,
1642 2696 1819 2752 alter-

127 2794 328 2841 utrum
371 2798 627 2855 namque
682 2784 806 2841 sine
862 2785 1062 2854 altero,
1114 2792 1214 2841 aut
1245 2799 1473 2855 parum,
1526 2792 1628 2842 aut
1678 2784 1821 2840 nihil

1920 411 2071 453 mam
2104 404 2353 453 nostram
2387 396 2702 467 septiformi
2733 397 2933 469 gratiae
2982 396 3362 469 subigamus;
3404 412 3617 469 corpus

1918 485 2094 551 enim,
2157 492 2219 541 ut
2250 485 2392 541 alias
2423 486 2699 552 diximus,
2760 492 3019 554 quatuor
3044 485 3360 553 elementis,
3418 486 3618 543 anima

1921 574 2108 630 tribus
2159 574 2577 645 principalibus
2632 574 2883 631 motibus
2922 582 3166 644 constat,
3230 589 3363 646 quae
3395 574 3617 632 faciunt

1920 669 2155 732 septem.
2197 662 2337 718 Cum
2393 662 2569 733 igitur
2618 676 2720 717 nos
2770 661 2947 730 intus,
3000 670 3057 718 et
3100 670 3265 718 extra
3324 662 3613 732 spirituali

1920 747 2118 818 gratiae
2138 747 2554 815 addixerimus,
2584 755 2722 804 tunc
2750 749 2981 804 demum
3004 748 3077 804 ad
3100 748 3261 804 illum
3296 763 3477 805 unum
3502 757 3616 805 toto

1919 851 2113 892 amore
2139 837 2534 893 contuendum
2558 851 2771 908 magna
2790 837 2976 894 cordis
2995 837 3398 907 amplitudine,
3434 838 3615 894 Deum

1920 925 2132 981 scilicet
2163 925 2476 981 veniemus.
2517 927 2821 995 Postquam
2853 927 3048 996 itaque
3072 926 3126 981 in
3151 927 3250 982 Dei
3293 926 3618 997 cognitione

1922 1013 2396 1081 laboraverimus,
2437 1014 2825 1070 necessarium
2899 1022 3003 1082 est,
3038 1021 3102 1070 ut
3150 1014 3324 1070 etiam
3382 1013 3619 1084 triginta

1921 1101 2242 1158 altitudinis
2280 1102 2505 1158 cubitus
2571 1101 2629 1156 iu
2681 1101 2857 1157 nostri
2908 1102 3362 1158 consideratione
3408 1102 3617 1158 metia-

1921 1204 2081 1257 mur;
2112 1190 2295 1246 sexies
2324 1191 2487 1261 quini
2515 1189 2751 1261 triginta
2779 1191 2945 1246 liunt.
2981 1191 3086 1247 Per
3114 1192 3406 1246 senarium
3482 1202 3618 1247 vero

1922 1293 2252 1347 numerum,
2284 1279 2549 1347 perfectio
2578 1280 2881 1348 accipitur,
2916 1280 3059 1349 quia
3081 1281 3235 1336 Deus
3276 1295 3375 1336 sex
3417 1279 3620 1337 diebus

1922 1382 2034 1424 sua
2064 1367 2296 1437 perfecit
2326 1382 2538 1438 opera;
2569 1374 2625 1423 et
2654 1367 2767 1423 hoc
2801 1367 2922 1439 ipso
2954 1368 3124 1424 homo
3167 1367 3383 1440 signari
3416 1374 3615 1438 potest,

1922 1455 2025 1525 qui
2058 1455 2148 1510 die
2174 1455 2358 1510 factus
2385 1462 2468 1510 est
2495 1462 2657 1511 sexta
2691 1469 2702 1509 :
2742 1468 2841 1525 per
2893 1453 3230 1525 quinarium
3284 1453 3621 1526 intelligitur

1926 1543 2151 1599 forense
2196 1543 2495 1613 ingenium
2572 1543 2645 1599 ob
2698 1542 2959 1599 notitiam
3001 1542 3266 1614 quinque
3310 1555 3618 1610 sensuum;

1922 1631 2247 1688 continetur
2276 1635 2467 1687 autem
2521 1638 2605 1688 ter
2637 1633 2693 1687 in
2756 1631 3066 1703 trigenario
3108 1630 3401 1688 denarius.
3461 1630 3621 1698 Quod

1924 1727 2106 1776 totum
2152 1727 2234 1776 est
2294 1736 2394 1776 nos
2450 1720 2660 1776 debere
2739 1720 3042 1776 exterioris
3128 1719 3385 1776 hominis
3441 1719 3620 1776 nostri

1921 1809 2216 1865 scientiam
2247 1810 2318 1865 ad
2374 1809 2695 1865 contuitum
2746 1809 2944 1880 primae
3002 1817 3210 1867 nostrae
3265 1808 3525 1880 originis,
3558 1822 3625 1863 ac

1923 1897 2217 1969 dignitatis
2271 1905 2603 1954 convertere
2650 1904 2705 1954 et
2779 1897 3206 1969 cogitationem,
3281 1897 3620 1953 locutionem

1925 1987 2431 2057 operationemque
2479 1986 2692 2043 divinae
2724 1986 2867 2058 legis
2916 1986 3231 2057 praeceptis,
3267 2000 3399 2056 quae
3428 1985 3623 2042 decem

1925 2076 2219 2142 dicuntur,
2281 2075 2596 2131 instituere.
2670 2075 2929 2131 Altitudo
2990 2089 3128 2147 ergo
3204 2075 3326 2131 hac
3395 2088 3625 2131 summa

1927 2171 2134 2219 nostrae
2165 2163 2506 2219 conditionis
2545 2170 2652 2233 est,
2698 2163 2791 2220 cui
2849 2164 3048 2220 crebro
3103 2164 3376 2220 debemus
3432 2163 3623 2219 inten—

1926 2252 2078 2319 dere,
2104 2265 2280 2322 quam
2313 2251 2561 2320 perfecta
2590 2265 2625 2306 a
2670 2252 2786 2308 Deo
2826 2252 2976 2307 facta
3000 2252 3090 2307 sit.

2000 2340 2169 2396 Vnus.
2207 2343 2290 2394 l6.
2324 2368 2393 2380 -—-
2427 2340 2736 2394 Fenestram
2781 2343 2838 2395 in
2864 2356 2997 2395 arca
3022 2342 3214 2406 facies,
3246 2342 3297 2393 et
3330 2342 3391 2394 in
3444 2339 3623 2394 cubito

1928 2430 2319 2485 consummabis
2359 2432 2723 2485 summitatem
2781 2431 2918 2500 ejus.
2978 2432 3246 2487 Fenestra
3316 2430 3376 2485 in
3422 2429 3622 2485 domos

1928 2518 2151 2575 admitti
2203 2526 2258 2575 et
2311 2519 2541 2575 excludi
2584 2519 2725 2575 solet
2774 2519 3003 2586 lumen;
3086 2532 3185 2589 per
3231 2516 3387 2588 quod
3445 2524 3625 2587 potest

1929 2606 2191 2665 discretio
2223 2621 2338 2662 non
2363 2607 2612 2662 absurde
2642 2606 2904 2678 intelligi,
2934 2622 3052 2678 qua
3076 2614 3133 2663 et
3170 2606 3393 2662 malum
3440 2605 3624 2661 ratio-

1929 2695 2175 2752 cinando
2204 2695 2552 2765 repellimus,
2589 2697 2923 2766 bonumque
2981 2696 3160 2766 digna
3186 2695 3459 2751 electione
3490 2693 3625 2750 reci-
3652 2692 3657 2701 “

1933 2783 2140 2855 pimus.
2179 2784 2296 2839 Hac
2327 2798 2441 2840 non
2468 2785 2654 2841 solum
2686 2783 2969 2850 tenebras,
3016 2784 3112 2840 sed
3138 2791 3194 2839 et
3222 2783 3439 2849 lumen,
3491 2795 3622 2836 cum

123 2880 225 2928 est.
274 2872 540 2928 Bitumen
602 2881 796 2928 autem
827 2873 1042 2928 tenacis
1099 2873 1408 2929 admodum
1441 2880 1664 2929 naturae
1715 2880 1818 2939 est,
1860 2906 1901 2960 ο
1930 2872 2125 2937 officit,
2147 2886 2429 2939 arcemus,
2463 2873 2604 2942 quia
2624 2888 2756 2929 cum
2779 2888 2851 2929 ex
2878 2872 3152 2929 memoria
3180 2872 3463 2928 bonorum
3493 2884 3624 2939 quas

124 2969 177 3015 et
208 2962 361 3016 inter
391 2974 578 3030 aquas
619 2961 1042 3030 indissolubile;
1092 2962 1436 3031 obsequium
1468 2960 1621 3017 enim
1673 2961 1823 3031 parit

123 3057 177 3104 et
205 3048 501 3104 contrahit
537 3048 647 3104 sibi
677 3049 911 3115 amicos,
969 3057 1025 3105 et
1053 3049 1306 3105 charitas
1346 3064 1478 3104 cum
1512 3048 1821 3105 terribilem

126 3137 299 3193 faciat
334 3144 669 3192 sanctorum
717 3144 985 3203 mentem,
1046 3144 1109 3192 ut
1138 3137 1457 3193 ordinatam
1505 3143 1823 3193 castrorum

129 3225 333 3293 aciem,
370 3224 528 3280 nullo
560 3224 831 3281 vitiorum
878 3225 1154 3294 impulsu,
1196 3225 1285 3280 vel
1321 3225 1490 3281 ﬂuxu
1545 3224 1825 3294 irrumpi-

130 3321 244 3380 tnr,
280 3310 424 3383 quia
460 3326 594 3368 vero
640 3320 696 3369 et
742 3313 999 3370 bitumen
1035 3328 1108 3369 ex
1154 3314 1289 3370 limo
1331 3320 1435 3381 est,
1485 3313 1826 3370 humilitatis

128 3401 318 3473 gratia
350 3401 661 3472 figuratur,
695 3415 814 3472 qua
834 3402 1030 3457 omnia
1051 3402 1193 3458 bene
1220 3410 1344 3457 acta
1379 3402 1751 3458 condiuntur.

199 3491 381 3547 Vsus.
425 3493 510 3544 l5.
545 3521 612 3530 —
646 3493 1019 3547 Trecentorum
1060 3492 1361 3546 cubitorum
1392 3494 1499 3546 erit
1547 3491 1825 3560 longitudo

130 3596 293 3644 arcae,
330 3578 738 3648 quinquaginta
787 3580 1094 3634 cubitorum
1124 3580 1378 3648 latitudo,
1422 3582 1655 3648 triginta
1682 3580 1827 3635 cubi-

132 3668 309 3723 torum
370 3666 606 3722 altitudo
646 3669 814 3722 illius.
878 3668 984 3724 Per
1030 3668 1345 3725 ternarium
1395 3667 1672 3736 Trinitas;
1731 3682 1829 3739 per

129 3755 534 3811 centenarium
564 3754 899 3827 integritas;
931 3770 1030 3825 per
1057 3756 1314 3813 cubitum
1338 3756 1526 3827 operis
1560 3756 1825 3824 firmitas;

136 3858 235 3913 per
284 3842 703 3913 longitudinem
735 3843 1077 3914 intelligitur
1125 3844 1456 3900 intentionis
1504 3844 1825 3914 prolixitas.

131 3932 256 3987 Non
306 3944 446 4001 ergo
492 3931 640 3987 male
681 3932 901 4003 agendo
935 3932 1005 3988 de
1052 3932 1148 3989 Dei
1200 3931 1585 3988 misericordia
1634 3946 1829 4001 spere-

133 4033 284 4083 mus,
316 4016 415 4072 Sed
462 4018 640 4075 firmis
705 4019 1059 4091 integrisque
1105 4021 1376 4092 operibus
1445 4020 1707 4076 innixam
1756 4019 1827 4075 ad

135 4108 341 4172 Deum,
375 4106 476 4177 qui
504 4107 751 4164 Trinitas
772 4117 876 4176 est,
938 4109 1304 4165 intentionem
1339 4109 1517 4164 animi
1563 4108 1829 4179 porriga-

1929 2961 2156 3032 egimus
2188 2960 2375 3030 inepta
2405 2960 2617 3025 laetitia,
2672 2976 2774 3017 seu
2816 2961 3026 3017 fiducia
3059 2960 3225 3017 nobis
3280 2958 3619 3024 innascitur,

1935 3056 2299 3118 peccatorum
2322 3053 2581 3104 veterum
2614 3049 2687 3104 ad
2713 3048 2975 3105 animum
3012 3048 3228 3105 mentio
3265 3047 3433 3118 quasi
3463 3061 3620 3116 qua:-

1930 3137 2064 3193 dam
2096 3136 2303 3193 umbra
2335 3137 2534 3192 merito
2563 3145 2887 3194 revocatur.
2922 3139 3094 3202 Pone,
3126 3137 3208 3193 ait
3235 3137 3433 3203 Isaias,
3465 3137 3624 3204 quasi

1930 3230 2134 3281 noctem
2192 3225 2441 3280 umbram
2491 3230 2639 3280 tuam
2691 3226 2822 3297 (lsa.
2894 3240 3010 3290 xw,
3070 3225 3144 3295 3).
3205 3223 3371 3281 Creat
3447 3222 3619 3278 etiam

1931 3324 2105 3384 super
2135 3327 2363 3369 omnem
2401 3313 2590 3370 locum
2648 3312 2858 3370 montis
2904 3313 3040 3369 Sion
3081 3312 3292 3369 nubem
3342 3324 3442 3382 per
3468 3310 3620 3366 diem

1934 3403 2102 3467 Deus,
2139 3401 2198 3457 in
2244 3401 2437 3458 cubito
2466 3403 2769 3458 summitas
2815 3403 3022 3458 horum
3052 3400 3313 3458 omnium
3345 3413 3622 3457 consum-

1934 3497 2146 3555 matur,
2181 3489 2324 3558 quia
2362 3489 2419 3544 iu
2449 3490 2649 3560 requie
2678 3490 3026 3560 sempiterna
3075 3488 3398 3555 summitas,
3436 3487 3492 3544 id
3539 3494 3623 3544 est

1934 3576 2065 3632 finis
2089 3577 2395 3634 elaboratae
2426 3579 2803 3648 perfectaeque
2830 3578 3192 3634 conscientiae
3220 3577 3439 3648 sperari
3465 3577 3627 3647 jube-

1936 3672 2059 3735 tur;
2100 3679 2135 3720 a
2188 3666 2381 3722 cubito
2448 3666 2602 3722 enim
2655 3666 2982 3722 accubitare
3040 3666 3307 3722 dicimus.
3362 3665 3520 3722 Unde
3565 3665 3625 3721 in

1932 3753 2183 3811 Canticis
2227 3754 2634 3809 rectinatorium
2687 3770 2911 3809 aureum
2962 3756 3140 3826 (Cant.
3198 3768 3278 3820 ιιι,
3333 3751 3439 3822 10),
3480 3758 3535 3807 et
3566 3750 3624 3806 in

1937 3842 2249 3913 Evangelia
2275 3880 2289 3894 .
2364 3843 2545 3897 Faciet
2602 3842 2722 3896 illos
2798 3842 3134 3896 discumbere
3218 3839 3431 3898 dicitur
3474 3840 3622 3909 (Luc.

1935 3945 2034 3998 χιι,
2060 3931 2187 4000 37);
2223 3930 2299 3986 ibi
2326 3929 2480 3986 enim
2512 3930 2925 4000 perficiendum
2956 3930 3080 3987 sine
3119 3929 3313 3986 labore
3335 3935 3440 3995 est,
3471 3927 3624 3999 quod

1939 4021 2030 4077 hic
2053 4027 2381 4089 exercetur;
2419 4018 2478 4074 in
2512 4017 2867 4075 Hierusalem
2893 4019 3048 4074 enim
3101 4025 3301 4075 votum
3333 4017 3623 4074 reddetur.

1938 4109 2145 4164 Ostium
2198 4113 2375 4163 autem
2435 4123 2575 4162 arcae
2608 4122 2771 4176 pones
2825 4123 2894 4162 ea:
2922 4107 3093 4163 latere
3143 4109 3410 4169 deorsum,
3448 4120 3630 4161 .ccena-

135 4209 280 4250 mus.
336 4195 581 4251 Possunt
630 4196 799 4252 etiam
848 4210 947 4266 per
981 4204 1261 4253 trecentos
1317 4197 1541 4252 cubitus
1588 4204 1703 4252 tres
1747 4193 1825 4249 illi
1869 4201 1912 4256 Ι)
1939 4198 2061 4250 cuta
2079 4202 2129 4250 et
2159 4198 2384 4264 tristega
2413 4197 2583 4263 facies
2604 4197 2663 4248 in
2708 4210 2791 4249 ea.
2824 4196 3035 4252 Ostium
3081 4211 3221 4251 arcae
3265 4210 3329 4250 os
3369 4202 3626 4251 nostrum

136 4281 413 4351 praecipui
466 4280 814 4353 perfectique
863 4296 1162 4351 processus
1199 4283 1400 4352 accipi,
1452 4297 1601 4353 quos
1641 4282 1827 4338 Domi-

136 4383 250 4426 nus
291 4369 467 4425 dicit:
516 4370 707 4435 Petite,
766 4374 1011 4440 quaerite,
1065 4372 1281 4439 pulsate
1321 4373 1535 4440 (Matth.
1595 4387 1694 4437 vn,
1742 4375 1826 4442 7);

132 4461 319 4527 petite,
387 4457 601 4514 scilicet
664 4459 913 4527 orando;
950 4461 1194 4528 quaerite,
1278 4459 1543 4531 legendo;
1593 4460 1827 4529 pulsate,

137 4545 448 4614 operando.
481 4544 618 4613 Quae
675 4546 812 4603 dum
863 4547 1138 4603 continuo
1195 4546 1399 4603 effectu
1431 4546 1827 4618 exsequimur,

137 4646 264 4701 spes
310 4632 563 4701 profecto
611 4641 806 4689 nostro
855 4634 927 4689 ad
977 4650 1110 4690 eum
1168 4649 1268 4706 pro
1328 4636 1380 4690 id
1433 4635 1629 4706 agitur
1677 4635 1832 4704 juste

139 4720 479 4776 intenditur.
572 4720 1124 4793 Qninquagenarius
1213 4736 1512 4785 numerus,
1614 4728 1830 4792 septem

138 4808 342 4877 septies
395 4808 607 4876 ductis,
664 4823 898 4878 unoque
936 4810 1129 4866 addito
1169 4824 1304 4866 cum
1347 4817 1585 4879 constet,
1642 4824 1744 4880 per
1772 4824 1831 4866 se

139 4904 325 4952 tamen
369 4896 633 4966 requiem
662 4896 892 4968 signare
937 4899 1255 4964 consuevit,
1302 4906 1365 4954 ut
1415 4907 1500 4954 est
1530 4898 1829 4965 Juhilmus,

142 4992 201 5040 ut
225 4986 399 5041 etiam
422 4985 581 5055 quod
620 4984 1024 5056 quinquageni
1063 4985 1135 5040 ad
1165 4999 1329 5041 esum
1371 4994 1582 5055 septem
1614 5000 1829 5056 panum

141 5072 578 5143 dispertiuntur.
611 5073 718 5129 Per
743 5071 1104 5128 latitudinem
1151 5080 1345 5129 autem
1401 5073 1829 5144 contemplatio-

143 5175 265 5216 nem
298 5161 641 5230 accipimus,
676 5175 797 5231 qua
825 5162 882 5217 in
918 5162 1013 5217 Dei
1048 5160 1266 5218 visione
1310 5161 1832 5232 quantulacunque

140 5248 476 5317 spatiamur.
553 5271 573 5297 ι
663 5249 921 5320 Augusta
966 5257 1052 5307 est
1102 5250 1256 5306 enim
1312 5249 1500 5304 omnis
1566 5257 1833 5305 creatura

118 5336 353 5395 'tideuti
404 5336 741 5394 Creatorem
792 5336 1061 5406 (Euneon.
1121 5339 1272 5395 Dial.
1334 5337 1432 5393 lib.
1464 5351 1524 5403 ιι,
1557 5352 1607 5392 c.
1667 5339 1768 5405 35).
1805 5360 1825 5385 ι

148 5423 243 5479 Sed
267 5427 314 5480 si
345 5424 421 5480 ad
448 5425 600 5481 hanc
629 5424 913 5496 attingere
950 5426 1244 5495 cupimus,
1301 5439 1335 5481 a
1366 5438 1546 5496 pravo
1572 5439 1719 5496 opus
1749 5433 1833 5481 est

1938 4284 2213 4340 debemus
2248 4284 2523 4353 accipere,
2559 4298 2675 4362 quo
2704 4284 3044 4353 panduntur
3081 4291 3298 4339 secreta
3332 4281 3631 4339 conscien-

1940 4370 2068 4440 tize;
2123 4371 2333 4428 ostium
2389 4385 2644 4442 namque
2697 4371 2770 4427 ab
2812 4371 3136 4427 ostendendo
3183 4371 3416 4437 dicitur,
3478 4369 3632 4425 unde

1933 4460 2173 4530 jnbetur
2201 4474 2313 4516 non
2344 4461 2476 4530 poni
2508 4460 2618 4516 sub
2645 4460 2833 4516 modio
2887 4460 3081 4516 lumen
3137 4459 3356 4525 (Matth.
3409 4474 3462 4526 ν,
3520 4456 3626 4527 15),

1941 4555 2005 4604 ιιι
2034 4547 2133 4619 qui
2175 4546 2607 4618 ingrediuntur,
2656 4548 2760 4618 qui
2821 4548 3035 4604 scilicet
3082 4546 3505 4603 confabulando
3559 4545 3631 4600 ad

1938 4636 2116 4692 nostri
2145 4634 2403 4697 notitiam
2435 4636 2839 4701 admittuntur,
2880 4635 3130 4701 videant,
3166 4635 3221 4690 id
3253 4642 3338 4692 est
3383 4635 3633 4690 docean-

1940 4732 2036 4780 tur
2067 4723 2218 4780 unde
2238 4730 2364 4779 est:
2423 4726 2544 4780 Non
2589 4740 2794 4779 omnem
2834 4725 3101 4779 hominem
3147 4724 3378 4777 inducas
3423 4725 3484 4776 in
3535 4723 3631 4777 do-

1937 4828 2084 4866 mum
2140 4817 2290 4866 tuam
2335 4813 2525 4877 (Eccli.
2579 4827 2658 4879 xr,
2716 4812 2827 4880 3|),
2882 4812 3038 4883 quod
3092 4818 3177 4867 est
3208 4826 3321 4868 non
3363 4811 3633 4867 omnibus

1941 4900 2150 4970 prodas
2175 4908 2423 4957 mentem
2480 4908 2658 4957 tuam.
2704 4900 2823 4956 Hoc
2863 4899 3075 4955 ostium
3131 4916 3200 4954 ea:
3252 4898 3422 4953 latere
3464 4899 3633 4969 poni-

1939 5003 2090 5054 mus,
2117 4989 2257 5045 dum
2295 4996 2495 5045 contra
2542 4988 2927 5058 subripientes
2954 4986 3212 5043 fallacias
3240 4986 3394 5043 cauti
3445 4987 3634 5043 unde-

1939 5091 2170 5146 cunque
2201 5076 2595 5147 prospicimus,
2648 5090 2780 5146 quaa
2820 5083 3023 5141 tacere,
3051 5088 3185 5144 quae
3241 5074 3395 5144 loqui
3426 5073 3634 5130 debea-

1941 5179 2102 5229 mus;
2153 5164 2401 5218 deorsum
2422 5178 2657 5234 quoque
2686 5162 2971 5233 ponimus,
3001 5161 3141 5217 dum
3172 5169 3274 5218 aut
3303 5161 3477 5218 nimis
3520 5162 3635 5217 alta

1941 5252 2183 5308 scrutari
2222 5252 2560 5323 refugimus,
2601 5258 2700 5307 aut
2749 5264 2881 5319 quae
2899 5250 3140 5306 dicenda
3170 5257 3326 5319 sunt,
3375 5265 3637 5321 congrua

1942 5337 2148 5394 mentis
2175 5339 2469 5409 etlinguaa
2524 5337 2846 5395 humilitate
2910 5337 3297 5408 proferimus;
3368 5340 3639 5393 camacula

1942 5426 2202 5487 facimus.
2259 5432 2357 5481 4%
2411 5426 2550 5482 dum
2606 5433 2725 5482 tota
2757 5432 2948 5482 nostra
2997 5425 3278 5484 desideria
3332 5439 3367 5481 a
3413 5433 3641 5484 terrena
