  <div class='ocr_page' id='page_1' title='image "/cluster/home/n/w/nwhite01/storage/ocr_20150623/156/hvd.32044054760145/051.png"; bbox 0 0 3884 6068; ppageno 0'>
   <div class='ocr_carea' id='block_1_1' title="bbox 239 223 3733 284">
    <p class='ocr_par' dir='ltr' id='par_1_1' title="bbox 239 223 3733 284">
     <span class='ocr_line' id='line_1_1' title="bbox 239 223 3733 284; baseline -0.001 -3"><span class='ocrx_word' id='word_1_1' title='bbox 239 229 297 282; x_wconf 85' lang='lat' dir='ltr'><strong>9l</strong></span> <span class='ocrx_word' id='word_1_2' title='bbox 1139 228 1198 281; x_wconf 90' lang='lat' dir='ltr'><strong>V.</strong></span> <span class='ocrx_word' id='word_1_3' title='bbox 1235 225 1570 284; x_wconf 78' lang='lat' dir='ltr'><strong>GUIBERTI</strong></span> <span class='ocrx_word' id='word_1_4' title='bbox 1615 224 1906 282; x_wconf 76' lang='lat' dir='ltr'><strong>ABBATIS</strong></span> <span class='ocrx_word' id='word_1_5' title='bbox 1956 223 2013 281; x_wconf 83' lang='lat' dir='ltr'><strong>S.</strong></span> <span class='ocrx_word' id='word_1_6' title='bbox 2056 224 2293 281; x_wconf 67' lang='lat' dir='ltr'><strong>MARIJ&#39;I</strong></span> <span class='ocrx_word' id='word_1_7' title='bbox 2327 223 2423 281; x_wconf 88' lang='lat' dir='ltr'><strong>DE</strong></span> <span class='ocrx_word' id='word_1_8' title='bbox 2464 224 2851 282; x_wconf 75' lang='lat' dir='ltr'><strong>NOVIGENTO</strong></span> <span class='ocrx_word' id='word_1_9' title='bbox 3666 228 3733 281; x_wconf 77' lang='lat'><strong>92</strong></span> 
     </span>
    </p>
   </div>
   <div class='ocr_carea' id='block_1_2' title="bbox 239 356 3737 434">
    <p class='ocr_par' dir='ltr' id='par_1_2' title="bbox 239 356 3737 434">
     <span class='ocr_line' id='line_1_2' title="bbox 239 356 3737 434; baseline -0.001 -14"><span class='ocrx_word' id='word_1_10' title='bbox 239 356 613 421; x_wconf 85' lang='lat' dir='ltr'><strong>delectatione</strong></span> <span class='ocrx_word' id='word_1_11' title='bbox 662 362 1089 434; x_wconf 88' lang='lat' dir='ltr'><strong>suspendimus.</strong></span> <span class='ocrx_word' id='word_1_12' title='bbox 1149 364 1397 429; x_wconf 86' lang='lat' dir='ltr'><strong>Tristega</strong></span> <span class='ocrx_word' id='word_1_13' title='bbox 1461 374 1600 419; x_wconf 90' lang='lat' dir='ltr'><strong>vero</strong></span> <span class='ocrx_word' id='word_1_14' title='bbox 1651 375 1685 418; x_wconf 92' lang='lat' dir='ltr'><strong>a</strong></span> <span class='ocrx_word' id='word_1_15' title='bbox 1745 361 1932 418; x_wconf 86' lang='lat' dir='ltr'><strong>tribus</strong></span> <span class='ocrx_word' id='word_1_16' title='bbox 1966 359 2015 414; x_wconf 75' lang='grc' dir='ltr'>Α</span> <span class='ocrx_word' id='word_1_17' title='bbox 2045 360 2274 418; x_wconf 91' lang='lat' dir='ltr'><strong>duobus</strong></span> <span class='ocrx_word' id='word_1_18' title='bbox 2325 360 2623 431; x_wconf 84' lang='lat' dir='ltr'><strong>discipulis</strong></span> <span class='ocrx_word' id='word_1_19' title='bbox 2685 361 2761 418; x_wconf 92' lang='lat' dir='ltr'><strong>ad</strong></span> <span class='ocrx_word' id='word_1_20' title='bbox 2806 368 3250 419; x_wconf 79' lang='lat' dir='ltr'><strong>monumentum</strong></span> <span class='ocrx_word' id='word_1_21' title='bbox 3304 374 3473 419; x_wconf 87' lang='lat' dir='ltr'><strong>mane</strong></span> <span class='ocrx_word' id='word_1_22' title='bbox 3513 361 3737 424; x_wconf 82' lang='lat' dir='ltr'><strong>venisse</strong></span> 
     </span>
    </p>
   </div>
   <div class='ocr_carea' id='block_1_3' title="bbox 239 449 1933 518">
    <p class='ocr_par' dir='ltr' id='par_1_3' title="bbox 239 449 1933 518">
     <span class='ocr_line' id='line_1_3' title="bbox 239 449 1933 518; baseline -0.002 -11"><span class='ocrx_word' id='word_1_23' title='bbox 239 452 512 509; x_wconf 88' lang='lat' dir='ltr'><strong>videntur</strong></span> <span class='ocrx_word' id='word_1_24' title='bbox 561 452 672 509; x_wconf 90' lang='lat' dir='ltr'><strong>dici</strong></span> <span class='ocrx_word' id='word_1_25' title='bbox 729 452 1001 518; x_wconf 92' lang='lat' dir='ltr'><strong>statibus;</strong></span> <span class='ocrx_word' id='word_1_26' title='bbox 1063 458 1248 508; x_wconf 89' lang='lat' dir='ltr'><strong>status</strong></span> <span class='ocrx_word' id='word_1_27' title='bbox 1305 458 1501 507; x_wconf 88' lang='lat' dir='ltr'><strong>autem</strong></span> <span class='ocrx_word' id='word_1_28' title='bbox 1564 449 1744 508; x_wconf 81' lang='lat' dir='ltr'><strong>nostri</strong></span> <span class='ocrx_word' id='word_1_29' title='bbox 1817 457 1933 505; x_wconf 91' lang='lat' dir='ltr'><strong>tres</strong></span> 
     </span>
    </p>
   </div>
   <div class='ocr_carea' id='block_1_4' title="bbox 241 538 1934 610">
    <p class='ocr_par' dir='ltr' id='par_1_4' title="bbox 241 538 1934 610">
     <span class='ocr_line' id='line_1_4' title="bbox 241 538 1934 610; baseline -0.002 -13"><span class='ocrx_word' id='word_1_30' title='bbox 241 555 440 598; x_wconf 78' lang='lat' dir='ltr'><strong>revera</strong></span> <span class='ocrx_word' id='word_1_31' title='bbox 466 549 621 597; x_wconf 89' lang='lat' dir='ltr'><strong>sunt.</strong></span> <span class='ocrx_word' id='word_1_32' title='bbox 683 542 910 598; x_wconf 84' lang='lat' dir='ltr'><strong>Primus</strong></span> <span class='ocrx_word' id='word_1_33' title='bbox 958 541 1016 596; x_wconf 91' lang='lat' dir='ltr'><strong>in</strong></span> <span class='ocrx_word' id='word_1_34' title='bbox 1048 540 1268 597; x_wconf 84' lang='lat' dir='ltr'><strong>visione</strong></span> <span class='ocrx_word' id='word_1_35' title='bbox 1310 554 1610 610; x_wconf 85' lang='lat' dir='ltr'><strong>corporea;</strong></span> <span class='ocrx_word' id='word_1_36' title='bbox 1646 538 1934 595; x_wconf 88' lang='lat' dir='ltr'><strong>secundus</strong></span> 
     </span>
    </p>
   </div>
   <div class='ocr_carea' id='block_1_5' title="bbox 244 626 1929 697">
    <p class='ocr_par' dir='ltr' id='par_1_5' title="bbox 244 626 1929 697">
     <span class='ocr_line' id='line_1_5' title="bbox 244 626 1929 697; baseline 0 -15"><span class='ocrx_word' id='word_1_37' title='bbox 244 626 721 697; x_wconf 85' lang='lat' dir='ltr'><strong>imaginationum</strong></span> <span class='ocrx_word' id='word_1_38' title='bbox 747 627 1051 697; x_wconf 86' lang='lat' dir='ltr'><strong>memoria;</strong></span> <span class='ocrx_word' id='word_1_39' title='bbox 1098 629 1300 684; x_wconf 89' lang='lat' dir='ltr'><strong>tertius</strong></span> <span class='ocrx_word' id='word_1_40' title='bbox 1347 627 1721 683; x_wconf 90' lang='lat' dir='ltr'><strong>intellectuali</strong></span> <span class='ocrx_word' id='word_1_41' title='bbox 1788 641 1929 697; x_wconf 84' lang='lat' dir='ltr'><strong>pru-</strong></span> 
     </span>
    </p>
   </div>
   <div class='ocr_carea' id='block_1_6' title="bbox 241 715 1935 786">
    <p class='ocr_par' dir='ltr' id='par_1_6' title="bbox 241 715 1935 786">
     <span class='ocr_line' id='line_1_6' title="bbox 241 715 1935 786; baseline 0 -16"><span class='ocrx_word' id='word_1_42' title='bbox 241 715 455 771; x_wconf 90' lang='lat' dir='ltr'><strong>dentia.</strong></span> <span class='ocrx_word' id='word_1_43' title='bbox 520 716 589 771; x_wconf 89' lang='lat' dir='ltr'><strong>Et</strong></span> <span class='ocrx_word' id='word_1_44' title='bbox 644 715 855 772; x_wconf 89' lang='lat' dir='ltr'><strong>habent</strong></span> <span class='ocrx_word' id='word_1_45' title='bbox 910 716 1173 785; x_wconf 90' lang='lat' dir='ltr'><strong>proprias</strong></span> <span class='ocrx_word' id='word_1_46' title='bbox 1215 716 1500 772; x_wconf 91' lang='lat' dir='ltr'><strong>trinitates</strong></span> <span class='ocrx_word' id='word_1_47' title='bbox 1543 715 1736 779; x_wconf 89' lang='lat' dir='ltr'><strong>etiam,</strong></span> <span class='ocrx_word' id='word_1_48' title='bbox 1786 730 1935 786; x_wconf 88' lang='lat' dir='ltr'><strong>quas</strong></span> 
     </span>
    </p>
   </div>
   <div class='ocr_carea' id='block_1_7' title="bbox 241 803 1931 876">
    <p class='ocr_par' dir='ltr' id='par_1_7' title="bbox 241 803 1931 876">
     <span class='ocr_line' id='line_1_7' title="bbox 241 803 1931 876; baseline 0 -18"><span class='ocrx_word' id='word_1_49' title='bbox 241 803 512 873; x_wconf 77' lang='lat' dir='ltr'><strong>prosequi</strong></span> <span class='ocrx_word' id='word_1_50' title='bbox 545 804 782 874; x_wconf 88' lang='lat' dir='ltr'><strong>longum</strong></span> <span class='ocrx_word' id='word_1_51' title='bbox 812 811 915 872; x_wconf 89' lang='lat' dir='ltr'><strong>est,</strong></span> <span class='ocrx_word' id='word_1_52' title='bbox 941 804 1146 860; x_wconf 90' lang='lat' dir='ltr'><strong>horum</strong></span> <span class='ocrx_word' id='word_1_53' title='bbox 1187 805 1438 876; x_wconf 85' lang='lat' dir='ltr'><strong>singula,</strong></span> <span class='ocrx_word' id='word_1_54' title='bbox 1472 818 1723 874; x_wconf 90' lang='lat' dir='ltr'><strong>quorum</strong></span> <span class='ocrx_word' id='word_1_55' title='bbox 1738 804 1931 874; x_wconf 89' lang='lat' dir='ltr'><strong>quali-</strong></span> 
     </span>
    </p>
   </div>
   <div class='ocr_carea' id='block_1_8' title="bbox 214 890 1935 962">
    <p class='ocr_par' dir='ltr' id='par_1_8' title="bbox 214 890 1935 962">
     <span class='ocr_line' id='line_1_8' title="bbox 214 890 1935 962; baseline 0.001 -16"><span class='ocrx_word' id='word_1_56' title='bbox 214 890 458 946; x_wconf 81' lang='lat' dir='ltr'><strong>tatibus</strong></span> <span class='ocrx_word' id='word_1_57' title='bbox 483 890 733 961; x_wconf 84' lang='lat' dir='ltr'><strong>quisque</strong></span> <span class='ocrx_word' id='word_1_58' title='bbox 790 891 1095 960; x_wconf 70' lang='lat' dir='ltr'><strong>diligenter</strong></span> <span class='ocrx_word' id='word_1_59' title='bbox 1145 892 1421 962; x_wconf 83' lang='lat' dir='ltr'><strong>pensatis,</strong></span> <span class='ocrx_word' id='word_1_60' title='bbox 1452 892 1567 948; x_wconf 91' lang='lat' dir='ltr'><strong>duo</strong></span> <span class='ocrx_word' id='word_1_61' title='bbox 1614 891 1800 961; x_wconf 90' lang='lat' dir='ltr'><strong>prima</strong></span> <span class='ocrx_word' id='word_1_62' title='bbox 1833 905 1935 960; x_wconf 89' lang='lat' dir='ltr'><strong>pro</strong></span> 
     </span>
    </p>
   </div>
   <div class='ocr_carea' id='block_1_9' title="bbox 240 976 1930 1050">
    <p class='ocr_par' dir='ltr' id='par_1_9' title="bbox 240 976 1930 1050">
     <span class='ocr_line' id='line_1_9' title="bbox 240 976 1930 1050; baseline 0 -17"><span class='ocrx_word' id='word_1_63' title='bbox 240 976 327 1034; x_wconf 89' lang='lat' dir='ltr'><strong>sui</strong></span> <span class='ocrx_word' id='word_1_64' title='bbox 357 977 601 1034; x_wconf 80' lang='lat' dir='ltr'><strong>utilitate</strong></span> <span class='ocrx_word' id='word_1_65' title='bbox 661 985 982 1049; x_wconf 86' lang='lat' dir='ltr'><strong>postponat,</strong></span> <span class='ocrx_word' id='word_1_66' title='bbox 1033 985 1088 1034; x_wconf 91' lang='lat' dir='ltr'><strong>et</strong></span> <span class='ocrx_word' id='word_1_67' title='bbox 1145 993 1279 1035; x_wconf 90' lang='lat' dir='ltr'><strong>cum</strong></span> <span class='ocrx_word' id='word_1_68' title='bbox 1330 979 1508 1036; x_wconf 89' lang='lat' dir='ltr'><strong>Paulo</strong></span> <span class='ocrx_word' id='word_1_69' title='bbox 1565 979 1820 1050; x_wconf 84' lang='lat' dir='ltr'><strong>apostolo</strong></span> <span class='ocrx_word' id='word_1_70' title='bbox 1861 979 1930 1035; x_wconf 88' lang='lat' dir='ltr'><strong>ad</strong></span> 
     </span>
    </p>
   </div>
   <div class='ocr_carea' id='block_1_10' title="bbox 242 1065 1936 1139">
    <p class='ocr_par' dir='ltr' id='par_1_10' title="bbox 242 1065 1936 1139">
     <span class='ocr_line' id='line_1_10' title="bbox 242 1065 1936 1139; baseline 0.001 -18"><span class='ocrx_word' id='word_1_71' title='bbox 242 1066 476 1122; x_wconf 90' lang='lat' dir='ltr'><strong>tertium</strong></span> <span class='ocrx_word' id='word_1_72' title='bbox 507 1065 739 1135; x_wconf 77' lang='lat' dir='ltr'><strong>cmlum,</strong></span> <span class='ocrx_word' id='word_1_73' title='bbox 768 1067 1153 1123; x_wconf 86' lang='lat' dir='ltr'><strong>intellectuale</strong></span> <span class='ocrx_word' id='word_1_74' title='bbox 1202 1067 1415 1124; x_wconf 87' lang='lat' dir='ltr'><strong>scilicet</strong></span> <span class='ocrx_word' id='word_1_75' title='bbox 1446 1068 1782 1139; x_wconf 85' lang='lat' dir='ltr'><strong>mysterium</strong></span> <span class='ocrx_word' id='word_1_76' title='bbox 1815 1082 1936 1123; x_wconf 84' lang='lat' dir='ltr'><strong>sese</strong></span> 
     </span>
    </p>
   </div>
   <div class='ocr_carea' id='block_1_11' title="bbox 242 1154 1937 1225">
    <p class='ocr_par' dir='ltr' id='par_1_11' title="bbox 242 1154 1937 1225">
     <span class='ocr_line' id='line_1_11' title="bbox 242 1154 1937 1225; baseline 0.002 -16"><span class='ocrx_word' id='word_1_77' title='bbox 242 1154 521 1225; x_wconf 89' lang='lat' dir='ltr'><strong>proripiat</strong></span> <span class='ocrx_word' id='word_1_78' title='bbox 550 1156 638 1213; x_wconf 81' lang='grc'><strong>(11</strong></span> <span class='ocrx_word' id='word_1_79' title='bbox 675 1156 794 1211; x_wconf 85' lang='lat' dir='ltr'><strong>Cor.</strong></span> <span class='ocrx_word' id='word_1_80' title='bbox 854 1170 954 1220; x_wconf 84' lang='lat' dir='ltr'><strong>xu,</strong></span> <span class='ocrx_word' id='word_1_81' title='bbox 1013 1158 1088 1224; x_wconf 78' lang='lat'><strong>2).</strong></span> <span class='ocrx_word' id='word_1_82' title='bbox 1118 1156 1342 1212; x_wconf 90' lang='lat' dir='ltr'><strong>Dicitur</strong></span> <span class='ocrx_word' id='word_1_83' title='bbox 1397 1155 1549 1212; x_wconf 89' lang='lat' dir='ltr'><strong>enim</strong></span> <span class='ocrx_word' id='word_1_84' title='bbox 1611 1156 1937 1224; x_wconf 83' lang='lat' dir='ltr'><strong>aplurimis</strong></span> 
     </span>
    </p>
   </div>
   <div class='ocr_carea' id='block_1_12' title="bbox 244 1242 1930 1315">
    <p class='ocr_par' dir='ltr' id='par_1_12' title="bbox 244 1242 1930 1315">
     <span class='ocr_line' id='line_1_12' title="bbox 244 1242 1930 1315; baseline 0.001 -18"><span class='ocrx_word' id='word_1_85' title='bbox 244 1242 300 1299; x_wconf 91' lang='lat' dir='ltr'><strong>in</strong></span> <span class='ocrx_word' id='word_1_86' title='bbox 349 1243 517 1299; x_wconf 90' lang='lat' dir='ltr'><strong>tertia</strong></span> <span class='ocrx_word' id='word_1_87' title='bbox 550 1244 807 1299; x_wconf 87' lang='lat' dir='ltr'><strong>homines</strong></span> <span class='ocrx_word' id='word_1_88' title='bbox 842 1243 1128 1299; x_wconf 85' lang='lat' dir='ltr'><strong>habitasse</strong></span> <span class='ocrx_word' id='word_1_89' title='bbox 1153 1258 1401 1310; x_wconf 89' lang='lat' dir='ltr'><strong>camera,</strong></span> <span class='ocrx_word' id='word_1_90' title='bbox 1459 1259 1566 1300; x_wconf 90' lang='lat' dir='ltr'><strong>nec</strong></span> <span class='ocrx_word' id='word_1_91' title='bbox 1595 1244 1650 1300; x_wconf 90' lang='lat' dir='ltr'><strong>id</strong></span> <span class='ocrx_word' id='word_1_92' title='bbox 1686 1244 1930 1315; x_wconf 86' lang='lat' dir='ltr'><strong>injuria;</strong></span> 
     </span>
    </p>
   </div>
   <div class='ocr_carea' id='block_1_13' title="bbox 246 1330 1933 1403">
    <p class='ocr_par' dir='ltr' id='par_1_13' title="bbox 246 1330 1933 1403">
     <span class='ocr_line' id='line_1_13' title="bbox 246 1330 1933 1403; baseline 0 -17"><span class='ocrx_word' id='word_1_93' title='bbox 246 1345 378 1387; x_wconf 88' lang='lat' dir='ltr'><strong>nam</strong></span> <span class='ocrx_word' id='word_1_94' title='bbox 412 1338 467 1387; x_wconf 91' lang='lat' dir='ltr'><strong>et</strong></span> <span class='ocrx_word' id='word_1_95' title='bbox 512 1330 779 1398; x_wconf 85' lang='lat' dir='ltr'><strong>visiones,</strong></span> <span class='ocrx_word' id='word_1_96' title='bbox 833 1339 888 1387; x_wconf 90' lang='lat' dir='ltr'><strong>et</strong></span> <span class='ocrx_word' id='word_1_97' title='bbox 938 1331 1381 1403; x_wconf 89' lang='lat' dir='ltr'><strong>imaginationes</strong></span> <span class='ocrx_word' id='word_1_98' title='bbox 1435 1346 1744 1402; x_wconf 88' lang='lat' dir='ltr'><strong>corporum</strong></span> <span class='ocrx_word' id='word_1_99' title='bbox 1801 1346 1933 1387; x_wconf 89' lang='lat' dir='ltr'><strong>cum</strong></span> 
     </span>
    </p>
   </div>
   <div class='ocr_carea' id='block_1_14' title="bbox 244 1418 1935 1491">
    <p class='ocr_par' dir='ltr' id='par_1_14' title="bbox 244 1418 1935 1491">
     <span class='ocr_line' id='line_1_14' title="bbox 244 1418 1935 1491; baseline -0.001 -16"><span class='ocrx_word' id='word_1_100' title='bbox 244 1419 437 1475; x_wconf 76' lang='lat' dir='ltr'><strong>bestiis</strong></span> <span class='ocrx_word' id='word_1_101' title='bbox 463 1418 744 1475; x_wconf 86' lang='lat' dir='ltr'><strong>habemus</strong></span> <span class='ocrx_word' id='word_1_102' title='bbox 772 1420 1126 1486; x_wconf 88' lang='lat' dir='ltr'><strong>communia,</strong></span> <span class='ocrx_word' id='word_1_103' title='bbox 1179 1421 1277 1476; x_wconf 91' lang='lat' dir='ltr'><strong>sed</strong></span> <span class='ocrx_word' id='word_1_104' title='bbox 1328 1434 1461 1476; x_wconf 90' lang='lat' dir='ltr'><strong>cum</strong></span> <span class='ocrx_word' id='word_1_105' title='bbox 1496 1421 1605 1476; x_wconf 88' lang='lat' dir='ltr'><strong>Deo</strong></span> <span class='ocrx_word' id='word_1_106' title='bbox 1629 1428 1685 1477; x_wconf 86' lang='lat' dir='ltr'><strong>et</strong></span> <span class='ocrx_word' id='word_1_107' title='bbox 1714 1419 1935 1491; x_wconf 80' lang='lat' dir='ltr'><strong>angelis</strong></span> 
     </span>
    </p>
   </div>
   <div class='ocr_carea' id='block_1_15' title="bbox 244 1507 1935 1580">
    <p class='ocr_par' dir='ltr' id='par_1_15' title="bbox 244 1507 1935 1580">
     <span class='ocr_line' id='line_1_15' title="bbox 244 1507 1935 1580; baseline 0 -17"><span class='ocrx_word' id='word_1_108' title='bbox 244 1507 664 1578; x_wconf 87' lang='lat' dir='ltr'><strong>participamur</strong></span> <span class='ocrx_word' id='word_1_109' title='bbox 691 1507 928 1564; x_wconf 86' lang='lat' dir='ltr'><strong>rationis</strong></span> <span class='ocrx_word' id='word_1_110' title='bbox 971 1507 1173 1579; x_wconf 88' lang='lat' dir='ltr'><strong>gloria.</strong></span> <span class='ocrx_word' id='word_1_111' title='bbox 1206 1508 1431 1565; x_wconf 90' lang='lat' dir='ltr'><strong>Dicitur</strong></span> <span class='ocrx_word' id='word_1_112' title='bbox 1482 1523 1717 1580; x_wconf 89' lang='lat' dir='ltr'><strong>quoque</strong></span> <span class='ocrx_word' id='word_1_113' title='bbox 1750 1509 1935 1579; x_wconf 89' lang='lat' dir='ltr'><strong>prima</strong></span> 
     </span>
    </p>
   </div>
   <div class='ocr_carea' id='block_1_16' title="bbox 242 1595 1925 1666">
    <p class='ocr_par' dir='ltr' id='par_1_16' title="bbox 242 1595 1925 1666">
     <span class='ocr_line' id='line_1_16' title="bbox 242 1595 1925 1666; baseline -0.002 -13"><span class='ocrx_word' id='word_1_114' title='bbox 242 1596 411 1653; x_wconf 85' lang='lat' dir='ltr'><strong>statio</strong></span> <span class='ocrx_word' id='word_1_115' title='bbox 463 1595 641 1652; x_wconf 84' lang='lat' dir='ltr'><strong>fuisse</strong></span> <span class='ocrx_word' id='word_1_116' title='bbox 687 1596 1044 1659; x_wconf 89' lang='lat' dir='ltr'><strong>stercoraria.</strong></span> <span class='ocrx_word' id='word_1_117' title='bbox 1107 1612 1225 1666; x_wconf 92' lang='lat' dir='ltr'><strong>quo</strong></span> <span class='ocrx_word' id='word_1_118' title='bbox 1277 1597 1447 1653; x_wconf 90' lang='lat' dir='ltr'><strong>ﬁmus</strong></span> <span class='ocrx_word' id='word_1_119' title='bbox 1500 1597 1713 1653; x_wconf 86' lang='lat' dir='ltr'><strong>scilicet</strong></span> <span class='ocrx_word' id='word_1_120' title='bbox 1786 1596 1925 1652; x_wconf 89' lang='lat' dir='ltr'><strong>inihi</strong></span> 
     </span>
    </p>
   </div>
   <div class='ocr_carea' id='block_1_17' title="bbox 246 1683 1928 1755">
    <p class='ocr_par' dir='ltr' id='par_1_17' title="bbox 246 1683 1928 1755">
     <span class='ocr_line' id='line_1_17' title="bbox 246 1683 1928 1755; baseline 0.001 -15"><span class='ocrx_word' id='word_1_121' title='bbox 246 1683 576 1754; x_wconf 85' lang='lat' dir='ltr'><strong>degentium</strong></span> <span class='ocrx_word' id='word_1_122' title='bbox 630 1683 971 1741; x_wconf 88' lang='lat' dir='ltr'><strong>animalium</strong></span> <span class='ocrx_word' id='word_1_123' title='bbox 1014 1692 1069 1740; x_wconf 91' lang='lat' dir='ltr'><strong>et</strong></span> <span class='ocrx_word' id='word_1_124' title='bbox 1135 1685 1435 1741; x_wconf 88' lang='lat' dir='ltr'><strong>hominum</strong></span> <span class='ocrx_word' id='word_1_125' title='bbox 1491 1686 1928 1755; x_wconf 82' lang='lat' dir='ltr'><strong>exponebatur;</strong></span> 
     </span>
    </p>
   </div>
   <div class='ocr_carea' id='block_1_18' title="bbox 242 1772 1937 1844">
    <p class='ocr_par' dir='ltr' id='par_1_18' title="bbox 242 1772 1937 1844">
     <span class='ocr_line' id='line_1_18' title="bbox 242 1772 1937 1844; baseline -0.001 -16"><span class='ocrx_word' id='word_1_126' title='bbox 242 1772 495 1828; x_wconf 87' lang='lat' dir='ltr'><strong>secunda</strong></span> <span class='ocrx_word' id='word_1_127' title='bbox 523 1773 908 1843; x_wconf 89' lang='lat' dir='ltr'><strong>apothecaria,</strong></span> <span class='ocrx_word' id='word_1_128' title='bbox 938 1788 1054 1843; x_wconf 92' lang='lat' dir='ltr'><strong>quo</strong></span> <span class='ocrx_word' id='word_1_129' title='bbox 1086 1772 1265 1829; x_wconf 87' lang='lat' dir='ltr'><strong>victui</strong></span> <span class='ocrx_word' id='word_1_130' title='bbox 1298 1773 1560 1844; x_wconf 90' lang='lat' dir='ltr'><strong>utrisque</strong></span> <span class='ocrx_word' id='word_1_131' title='bbox 1589 1781 1724 1844; x_wconf 87' lang='lat' dir='ltr'><strong>apta</strong></span> <span class='ocrx_word' id='word_1_132' title='bbox 1753 1788 1937 1830; x_wconf 88' lang='lat' dir='ltr'><strong>serva-</strong></span> 
     </span>
    </p>
   </div>
   <div class='ocr_carea' id='block_1_19' title="bbox 245 1857 1932 1928">
    <p class='ocr_par' dir='ltr' id='par_1_19' title="bbox 245 1857 1932 1928">
     <span class='ocr_line' id='line_1_19' title="bbox 245 1857 1932 1928; baseline 0.001 -16"><span class='ocrx_word' id='word_1_133' title='bbox 245 1857 488 1927; x_wconf 87' lang='lat' dir='ltr'><strong>bantur;</strong></span> <span class='ocrx_word' id='word_1_134' title='bbox 516 1857 682 1914; x_wconf 88' lang='lat' dir='ltr'><strong>tertia</strong></span> <span class='ocrx_word' id='word_1_135' title='bbox 712 1859 1122 1925; x_wconf 88' lang='lat' dir='ltr'><strong>mansionaria,</strong></span> <span class='ocrx_word' id='word_1_136' title='bbox 1158 1872 1274 1928; x_wconf 93' lang='lat' dir='ltr'><strong>quo</strong></span> <span class='ocrx_word' id='word_1_137' title='bbox 1297 1858 1401 1913; x_wconf 90' lang='lat' dir='ltr'><strong>soli</strong></span> <span class='ocrx_word' id='word_1_138' title='bbox 1453 1858 1710 1915; x_wconf 87' lang='lat' dir='ltr'><strong>homines</strong></span> <span class='ocrx_word' id='word_1_139' title='bbox 1733 1873 1932 1915; x_wconf 81' lang='lat' dir='ltr'><strong>versa-</strong></span> 
     </span>
    </p>
   </div>
   <div class='ocr_carea' id='block_1_20' title="bbox 245 1943 1936 2003">
    <p class='ocr_par' dir='ltr' id='par_1_20' title="bbox 245 1943 1936 2003">
     <span class='ocr_line' id='line_1_20' title="bbox 245 1943 1936 2003; baseline 0.002 -3"><span class='ocrx_word' id='word_1_140' title='bbox 245 1943 477 2001; x_wconf 88' lang='lat' dir='ltr'><strong>bantur.</strong></span> <span class='ocrx_word' id='word_1_141' title='bbox 527 1945 754 2001; x_wconf 88' lang='lat' dir='ltr'><strong>Primus</strong></span> <span class='ocrx_word' id='word_1_142' title='bbox 806 1946 979 2003; x_wconf 90' lang='lat' dir='ltr'><strong>etiam</strong></span> <span class='ocrx_word' id='word_1_143' title='bbox 1033 1954 1228 2002; x_wconf 90' lang='lat' dir='ltr'><strong>noster</strong></span> <span class='ocrx_word' id='word_1_144' title='bbox 1268 1953 1452 2002; x_wconf 86' lang='lat' dir='ltr'><strong>status</strong></span> <span class='ocrx_word' id='word_1_145' title='bbox 1510 1947 1570 2003; x_wconf 92' lang='lat' dir='ltr'><strong>in</strong></span> <span class='ocrx_word' id='word_1_146' title='bbox 1640 1948 1936 2003; x_wconf 89' lang='lat' dir='ltr'><strong>vocatione</strong></span> 
     </span>
    </p>
   </div>
   <div class='ocr_carea' id='block_1_21' title="bbox 243 2033 1936 2106">
    <p class='ocr_par' dir='ltr' id='par_1_21' title="bbox 243 2033 1936 2106">
     <span class='ocr_line' id='line_1_21' title="bbox 243 2033 1936 2106; baseline -0.002 -16"><span class='ocrx_word' id='word_1_147' title='bbox 243 2033 518 2090; x_wconf 91' lang='lat' dir='ltr'><strong>confessio</strong></span> <span class='ocrx_word' id='word_1_148' title='bbox 587 2035 799 2104; x_wconf 87' lang='lat' dir='ltr'><strong>peccati</strong></span> <span class='ocrx_word' id='word_1_149' title='bbox 872 2043 983 2104; x_wconf 90' lang='lat' dir='ltr'><strong>est;</strong></span> <span class='ocrx_word' id='word_1_150' title='bbox 1034 2035 1342 2103; x_wconf 88' lang='lat' dir='ltr'><strong>secundus,</strong></span> <span class='ocrx_word' id='word_1_151' title='bbox 1392 2035 1450 2090; x_wconf 93' lang='lat' dir='ltr'><strong>in</strong></span> <span class='ocrx_word' id='word_1_152' title='bbox 1528 2035 1936 2106; x_wconf 80' lang='lat' dir='ltr'><strong>justillcalione</strong></span> 
     </span>
    </p>
   </div>
   <div class='ocr_carea' id='block_1_22' title="bbox 242 2122 1935 2195">
    <p class='ocr_par' dir='ltr' id='par_1_22' title="bbox 242 2122 1935 2195">
     <span class='ocr_line' id='line_1_22' title="bbox 242 2122 1935 2195; baseline 0.001 -17"><span class='ocrx_word' id='word_1_153' title='bbox 242 2123 535 2178; x_wconf 82' lang='lat' dir='ltr'><strong>exsecutio</strong></span> <span class='ocrx_word' id='word_1_154' title='bbox 555 2122 818 2179; x_wconf 87' lang='lat' dir='ltr'><strong>vitalium</strong></span> <span class='ocrx_word' id='word_1_155' title='bbox 853 2138 1093 2194; x_wconf 79' lang='lat' dir='ltr'><strong>cperam</strong></span> <span class='ocrx_word' id='word_1_156' title='bbox 1131 2131 1245 2189; x_wconf 88' lang='lat' dir='ltr'><strong>est;</strong></span> <span class='ocrx_word' id='word_1_157' title='bbox 1304 2124 1508 2180; x_wconf 87' lang='lat' dir='ltr'><strong>tertius</strong></span> <span class='ocrx_word' id='word_1_158' title='bbox 1532 2125 1617 2182; x_wconf 72' lang='lat' dir='ltr'><strong>fin</strong></span> <span class='ocrx_word' id='word_1_159' title='bbox 1645 2124 1935 2195; x_wconf 89' lang='lat' dir='ltr'><strong>gloriﬁca-</strong></span> 
     </span>
    </p>
   </div>
   <div class='ocr_carea' id='block_1_23' title="bbox 243 2209 1684 2284">
    <p class='ocr_par' dir='ltr' id='par_1_23' title="bbox 243 2209 1684 2284">
     <span class='ocr_line' id='line_1_23' title="bbox 243 2209 1684 2284; baseline 0.001 -18"><span class='ocrx_word' id='word_1_160' title='bbox 243 2209 415 2274; x_wconf 88' lang='lat' dir='ltr'><strong>tione,</strong></span> <span class='ocrx_word' id='word_1_161' title='bbox 449 2212 682 2281; x_wconf 86' lang='lat' dir='ltr'><strong>quando</strong></span> <span class='ocrx_word' id='word_1_162' title='bbox 708 2212 989 2267; x_wconf 87' lang='lat' dir='ltr'><strong>solielccti</strong></span> <span class='ocrx_word' id='word_1_163' title='bbox 1024 2212 1081 2267; x_wconf 92' lang='lat' dir='ltr'><strong>in</strong></span> <span class='ocrx_word' id='word_1_164' title='bbox 1113 2226 1291 2284; x_wconf 83' lang='lat' dir='ltr'><strong>regno</strong></span> <span class='ocrx_word' id='word_1_165' title='bbox 1315 2212 1550 2279; x_wconf 88' lang='lat' dir='ltr'><strong>erimus,</strong></span> <span class='ocrx_word' id='word_1_166' title='bbox 1582 2220 1684 2269; x_wconf 92' lang='lat' dir='ltr'><strong>est.</strong></span> 
     </span>
    </p>
   </div>
   <div class='ocr_carea' id='block_1_24' title="bbox 316 2298 1936 2372">
    <p class='ocr_par' dir='ltr' id='par_1_24' title="bbox 316 2298 1936 2372">
     <span class='ocr_line' id='line_1_24' title="bbox 316 2298 1936 2372; baseline 0.001 -18"><span class='ocrx_word' id='word_1_167' title='bbox 316 2298 487 2355; x_wconf 74' lang='lat' dir='ltr'><strong>Vnus.</strong></span> <span class='ocrx_word' id='word_1_168' title='bbox 542 2303 626 2354; x_wconf 89' lang='lat' dir='ltr'><strong>l7.</strong></span> <span class='ocrx_word' id='word_1_169' title='bbox 683 2328 754 2340; x_wconf 94' lang='lat'><strong>—-</strong></span> <span class='ocrx_word' id='word_1_170' title='bbox 828 2302 961 2354; x_wconf 85' lang='lat' dir='ltr'><strong>Ecce</strong></span> <span class='ocrx_word' id='word_1_171' title='bbox 1036 2316 1132 2369; x_wconf 86' lang='lat' dir='ltr'><strong>ego</strong></span> <span class='ocrx_word' id='word_1_172' title='bbox 1199 2301 1471 2355; x_wconf 85' lang='lat' dir='ltr'><strong>adducam</strong></span> <span class='ocrx_word' id='word_1_173' title='bbox 1505 2302 1706 2356; x_wconf 78' lang='lat' dir='ltr'><strong>diluvii</strong></span> <span class='ocrx_word' id='word_1_174' title='bbox 1764 2317 1936 2372; x_wconf 70' lang='lat' dir='ltr'><strong>aquas</strong></span> 
     </span>
    </p>
   </div>
   <div class='ocr_carea' id='block_1_25' title="bbox 242 2391 1938 2460">
    <p class='ocr_par' dir='ltr' id='par_1_25' title="bbox 242 2391 1938 2460">
     <span class='ocr_line' id='line_1_25' title="bbox 242 2391 1938 2460; baseline 0.002 -21"><span class='ocrx_word' id='word_1_175' title='bbox 242 2401 406 2456; x_wconf 84' lang='lat' dir='ltr'><strong>super</strong></span> <span class='ocrx_word' id='word_1_176' title='bbox 450 2392 672 2453; x_wconf 88' lang='lat' dir='ltr'><strong>terram,</strong></span> <span class='ocrx_word' id='word_1_177' title='bbox 717 2394 779 2443; x_wconf 86' lang='lat' dir='ltr'><strong>ut</strong></span> <span class='ocrx_word' id='word_1_178' title='bbox 835 2391 1157 2458; x_wconf 79' lang='lat' dir='ltr'><strong>interﬁciam</strong></span> <span class='ocrx_word' id='word_1_179' title='bbox 1185 2404 1389 2444; x_wconf 87' lang='lat' dir='ltr'><strong>omnem</strong></span> <span class='ocrx_word' id='word_1_180' title='bbox 1441 2405 1675 2456; x_wconf 88' lang='lat' dir='ltr'><strong>carnem,</strong></span> <span class='ocrx_word' id='word_1_181' title='bbox 1722 2392 1784 2444; x_wconf 88' lang='lat' dir='ltr'><strong>in</strong></span> <span class='ocrx_word' id='word_1_182' title='bbox 1828 2406 1938 2460; x_wconf 82' lang='lat' dir='ltr'><strong>qua</strong></span> 
     </span>
    </p>
   </div>
   <div class='ocr_carea' id='block_1_26' title="bbox 243 2477 1939 2547">
    <p class='ocr_par' dir='ltr' id='par_1_26' title="bbox 243 2477 1939 2547">
     <span class='ocr_line' id='line_1_26' title="bbox 243 2477 1939 2547; baseline 0.002 -18"><span class='ocrx_word' id='word_1_183' title='bbox 243 2477 475 2544; x_wconf 77' lang='lat' dir='ltr'><strong>spiritus</strong></span> <span class='ocrx_word' id='word_1_184' title='bbox 522 2479 648 2531; x_wconf 75' lang='lat' dir='ltr'><strong>vitae</strong></span> <span class='ocrx_word' id='word_1_185' title='bbox 696 2482 774 2531; x_wconf 89' lang='lat' dir='ltr'><strong>est</strong></span> <span class='ocrx_word' id='word_1_186' title='bbox 807 2477 990 2532; x_wconf 80' lang='lat' dir='ltr'><strong>subter</strong></span> <span class='ocrx_word' id='word_1_187' title='bbox 1019 2479 1236 2544; x_wconf 69' lang='lat' dir='ltr'><strong>coelum;</strong></span> <span class='ocrx_word' id='word_1_188' title='bbox 1265 2481 1520 2532; x_wconf 85' lang='lat' dir='ltr'><strong>universa</strong></span> <span class='ocrx_word' id='word_1_189' title='bbox 1555 2494 1676 2547; x_wconf 74' lang='lat' dir='ltr'><strong>qua:</strong></span> <span class='ocrx_word' id='word_1_190' title='bbox 1702 2481 1760 2531; x_wconf 87' lang='lat' dir='ltr'><strong>in</strong></span> <span class='ocrx_word' id='word_1_191' title='bbox 1792 2483 1939 2532; x_wconf 85' lang='lat' dir='ltr'><strong>terra</strong></span> 
     </span>
    </p>
   </div>
   <div class='ocr_carea' id='block_1_27' title="bbox 244 2565 1939 2634">
    <p class='ocr_par' dir='ltr' id='par_1_27' title="bbox 244 2565 1939 2634">
     <span class='ocr_line' id='line_1_27' title="bbox 244 2565 1939 2634; baseline 0.002 -17"><span class='ocrx_word' id='word_1_192' title='bbox 244 2567 372 2617; x_wconf 86' lang='lat' dir='ltr'><strong>sunt</strong></span> <span class='ocrx_word' id='word_1_193' title='bbox 395 2569 788 2620; x_wconf 71' lang='lat' dir='ltr'><strong>consumantur.</strong></span> <span class='ocrx_word' id='word_1_194' title='bbox 822 2566 1008 2634; x_wconf 64' lang='lat' dir='ltr'><strong>Aqua:</strong></span> <span class='ocrx_word' id='word_1_195' title='bbox 1041 2565 1246 2622; x_wconf 87' lang='lat' dir='ltr'><strong>diluvii</strong></span> <span class='ocrx_word' id='word_1_196' title='bbox 1275 2566 1518 2622; x_wconf 73' lang='lat' dir='ltr'><strong>caelestis</strong></span> <span class='ocrx_word' id='word_1_197' title='bbox 1558 2573 1641 2622; x_wconf 89' lang='lat' dir='ltr'><strong>est</strong></span> <span class='ocrx_word' id='word_1_198' title='bbox 1702 2566 1939 2623; x_wconf 87' lang='lat' dir='ltr'><strong>scientia</strong></span> 
     </span>
    </p>
   </div>
   <div class='ocr_carea' id='block_1_28' title="bbox 245 2652 1938 2724">
    <p class='ocr_par' dir='ltr' id='par_1_28' title="bbox 245 2652 1938 2724">
     <span class='ocr_line' id='line_1_28' title="bbox 245 2652 1938 2724; baseline 0.002 -18"><span class='ocrx_word' id='word_1_199' title='bbox 245 2652 610 2720; x_wconf 88' lang='lat' dir='ltr'><strong>sacramenti,</strong></span> <span class='ocrx_word' id='word_1_200' title='bbox 673 2666 792 2724; x_wconf 88' lang='lat' dir='ltr'><strong>qua</strong></span> <span class='ocrx_word' id='word_1_201' title='bbox 839 2653 1148 2710; x_wconf 90' lang='lat' dir='ltr'><strong>diluuntur</strong></span> <span class='ocrx_word' id='word_1_202' title='bbox 1177 2668 1355 2723; x_wconf 90' lang='lat' dir='ltr'><strong>super</strong></span> <span class='ocrx_word' id='word_1_203' title='bbox 1385 2662 1619 2723; x_wconf 88' lang='lat' dir='ltr'><strong>terram,</strong></span> <span class='ocrx_word' id='word_1_204' title='bbox 1678 2654 1732 2710; x_wconf 91' lang='lat' dir='ltr'><strong>id</strong></span> <span class='ocrx_word' id='word_1_205' title='bbox 1763 2662 1849 2710; x_wconf 91' lang='lat' dir='ltr'><strong>est</strong></span> <span class='ocrx_word' id='word_1_206' title='bbox 1880 2655 1938 2710; x_wconf 93' lang='lat' dir='ltr'><strong>in</strong></span> 
     </span>
    </p>
   </div>
   <div class='ocr_carea' id='block_1_29' title="bbox 246 2741 1935 2813">
    <p class='ocr_par' dir='ltr' id='par_1_29' title="bbox 246 2741 1935 2813">
     <span class='ocr_line' id='line_1_29' title="bbox 246 2741 1935 2813; baseline 0.001 -17"><span class='ocrx_word' id='word_1_207' title='bbox 246 2753 481 2810; x_wconf 87' lang='lat' dir='ltr'><strong>corpore</strong></span> <span class='ocrx_word' id='word_1_208' title='bbox 510 2741 1047 2812; x_wconf 82' lang='lat' dir='ltr'><strong>nostrocujuslibet</strong></span> <span class='ocrx_word' id='word_1_209' title='bbox 1073 2743 1320 2799; x_wconf 90' lang='lat' dir='ltr'><strong>obscena</strong></span> <span class='ocrx_word' id='word_1_210' title='bbox 1353 2743 1582 2813; x_wconf 85' lang='lat' dir='ltr'><strong>peccati.</strong></span> <span class='ocrx_word' id='word_1_211' title='bbox 1619 2743 1935 2811; x_wconf 74' lang='lat' dir='ltr'><strong>E‘fundam,</strong></span> 
     </span>
    </p>
   </div>
   <div class='ocr_carea' id='block_1_30' title="bbox 247 2828 1940 2900">
    <p class='ocr_par' dir='ltr' id='par_1_30' title="bbox 247 2828 1940 2900">
     <span class='ocr_line' id='line_1_30' title="bbox 247 2828 1940 2900; baseline 0.002 -17"><span class='ocrx_word' id='word_1_212' title='bbox 247 2828 456 2899; x_wconf 86' lang='lat' dir='ltr'><strong>inquit,</strong></span> <span class='ocrx_word' id='word_1_213' title='bbox 504 2845 669 2898; x_wconf 84' lang='lat' dir='ltr'><strong>super</strong></span> <span class='ocrx_word' id='word_1_214' title='bbox 695 2846 788 2885; x_wconf 80' lang='lat' dir='ltr'><strong>vos</strong></span> <span class='ocrx_word' id='word_1_215' title='bbox 846 2847 1053 2900; x_wconf 87' lang='lat' dir='ltr'><strong>aquam</strong></span> <span class='ocrx_word' id='word_1_216' title='bbox 1109 2832 1391 2893; x_wconf 85' lang='lat' dir='ltr'><strong>mundam.</strong></span> <span class='ocrx_word' id='word_1_217' title='bbox 1429 2840 1479 2886; x_wconf 87' lang='lat' dir='ltr'><strong>et</strong></span> <span class='ocrx_word' id='word_1_218' title='bbox 1536 2832 1940 2887; x_wconf 76' lang='lat' dir='ltr'><strong>mundabimini</strong></span> 
     </span>
    </p>
   </div>
   <div class='ocr_carea' id='block_1_31' title="bbox 2040 449 3737 521">
    <p class='ocr_par' dir='ltr' id='par_1_31' title="bbox 2040 449 3737 521">
     <span class='ocr_line' id='line_1_31' title="bbox 2040 449 3737 521; baseline -0.001 -14"><span class='ocrx_word' id='word_1_219' title='bbox 2040 449 2386 507; x_wconf 90' lang='lat' dir='ltr'><strong>describitur</strong></span> <span class='ocrx_word' id='word_1_220' title='bbox 2427 450 2616 521; x_wconf 88' lang='lat' dir='ltr'><strong>(Joan.</strong></span> <span class='ocrx_word' id='word_1_221' title='bbox 2665 464 2765 515; x_wconf 83' lang='lat' dir='ltr'><strong>xx,</strong></span> <span class='ocrx_word' id='word_1_222' title='bbox 2826 451 2948 521; x_wconf 85' lang='lat' dir='ltr'><strong>l-3)</strong></span> <span class='ocrx_word' id='word_1_223' title='bbox 2982 465 2994 504; x_wconf 91' lang='lat'><strong><em>:</em></strong></span> <span class='ocrx_word' id='word_1_224' title='bbox 3043 464 3196 506; x_wconf 82' lang='lat' dir='ltr'><strong>uxor</strong></span> <span class='ocrx_word' id='word_1_225' title='bbox 3231 457 3425 506; x_wconf 89' lang='lat' dir='ltr'><strong>nostra</strong></span> <span class='ocrx_word' id='word_1_226' title='bbox 3468 449 3737 506; x_wconf 88' lang='lat' dir='ltr'><strong>voluntas</strong></span> 
     </span>
    </p>
   </div>
   <div class='ocr_carea' id='block_1_32' title="bbox 2040 538 3738 610">
    <p class='ocr_par' dir='ltr' id='par_1_32' title="bbox 2040 538 3738 610">
     <span class='ocr_line' id='line_1_32' title="bbox 2040 538 3738 610; baseline -0.002 -15"><span class='ocrx_word' id='word_1_227' title='bbox 2040 546 2143 607; x_wconf 91' lang='lat' dir='ltr'><strong>est,</strong></span> <span class='ocrx_word' id='word_1_228' title='bbox 2177 554 2309 610; x_wconf 68' lang='lat' dir='ltr'><strong>quae</strong></span> <span class='ocrx_word' id='word_1_229' title='bbox 2350 553 2579 595; x_wconf 83' lang='lat' dir='ltr'><strong>annexa</strong></span> <span class='ocrx_word' id='word_1_230' title='bbox 2645 539 2886 595; x_wconf 89' lang='lat' dir='ltr'><strong>ﬁdeliter</strong></span> <span class='ocrx_word' id='word_1_231' title='bbox 2935 539 3142 595; x_wconf 89' lang='lat' dir='ltr'><strong>rationi</strong></span> <span class='ocrx_word' id='word_1_232' title='bbox 3195 539 3415 608; x_wconf 86' lang='lat' dir='ltr'><strong>pietatis</strong></span> <span class='ocrx_word' id='word_1_233' title='bbox 3467 538 3738 608; x_wconf 89' lang='lat' dir='ltr'><strong>operibus</strong></span> 
     </span>
    </p>
   </div>
   <div class='ocr_carea' id='block_1_33' title="bbox 2041 627 3735 698">
    <p class='ocr_par' dir='ltr' id='par_1_33' title="bbox 2041 627 3735 698">
     <span class='ocr_line' id='line_1_33' title="bbox 2041 627 3735 698; baseline -0.001 -14"><span class='ocrx_word' id='word_1_234' title='bbox 2041 629 2415 694; x_wconf 82' lang='lat' dir='ltr'><strong>fecundatur;</strong></span> <span class='ocrx_word' id='word_1_235' title='bbox 2449 642 2659 684; x_wconf 87' lang='lat' dir='ltr'><strong>uxores</strong></span> <span class='ocrx_word' id='word_1_236' title='bbox 2690 627 2938 683; x_wconf 91' lang='lat' dir='ltr'><strong>ﬁliorum</strong></span> <span class='ocrx_word' id='word_1_237' title='bbox 2968 634 3104 683; x_wconf 91' lang='lat' dir='ltr'><strong>sunt</strong></span> <span class='ocrx_word' id='word_1_238' title='bbox 3130 627 3259 693; x_wconf 65' lang='lat' dir='ltr'><strong>illae,</strong></span> <span class='ocrx_word' id='word_1_239' title='bbox 3303 641 3435 698; x_wconf 65' lang='lat' dir='ltr'><strong>quae</strong></span> <span class='ocrx_word' id='word_1_240' title='bbox 3477 627 3735 698; x_wconf 83' lang='lat' dir='ltr'><strong>singula-</strong></span> 
     </span>
    </p>
   </div>
   <div class='ocr_carea' id='block_1_34' title="bbox 2044 715 3735 788">
    <p class='ocr_par' dir='ltr' id='par_1_34' title="bbox 2044 715 3735 788">
     <span class='ocr_line' id='line_1_34' title="bbox 2044 715 3735 788; baseline -0.002 -15"><span class='ocrx_word' id='word_1_241' title='bbox 2044 731 2174 773; x_wconf 92' lang='lat' dir='ltr'><strong>rum</strong></span> <span class='ocrx_word' id='word_1_242' title='bbox 2194 731 2568 788; x_wconf 85' lang='lat' dir='ltr'><strong>quarumque</strong></span> <span class='ocrx_word' id='word_1_243' title='bbox 2602 716 3015 785; x_wconf 78' lang='lat' dir='ltr'><strong>professionum</strong></span> <span class='ocrx_word' id='word_1_244' title='bbox 3044 716 3523 772; x_wconf 90' lang='lat' dir='ltr'><strong>destinationibus</strong></span> <span class='ocrx_word' id='word_1_245' title='bbox 3540 715 3735 786; x_wconf 89' lang='lat' dir='ltr'><strong>subja-</strong></span> 
     </span>
    </p>
   </div>
   <div class='ocr_carea' id='block_1_35' title="bbox 2041 803 3739 868">
    <p class='ocr_par' dir='ltr' id='par_1_35' title="bbox 2041 803 3739 868">
     <span class='ocr_line' id='line_1_35' title="bbox 2041 803 3739 868; baseline -0.002 -7"><span class='ocrx_word' id='word_1_246' title='bbox 2041 813 2170 861; x_wconf 89' lang='lat' dir='ltr'><strong>cent</strong></span> <span class='ocrx_word' id='word_1_247' title='bbox 2196 803 2538 861; x_wconf 87' lang='lat' dir='ltr'><strong>voluntates.</strong></span> <span class='ocrx_word' id='word_1_248' title='bbox 2572 805 2698 861; x_wconf 88' lang='lat' dir='ltr'><strong>Una</strong></span> <span class='ocrx_word' id='word_1_249' title='bbox 2724 811 2809 860; x_wconf 90' lang='lat' dir='ltr'><strong>est</strong></span> <span class='ocrx_word' id='word_1_250' title='bbox 2848 803 3119 868; x_wconf 87' lang='lat' dir='ltr'><strong>Ecclesia,</strong></span> <span class='ocrx_word' id='word_1_251' title='bbox 3152 803 3279 859; x_wconf 92' lang='lat' dir='ltr'><strong>licet</strong></span> <span class='ocrx_word' id='word_1_252' title='bbox 3310 803 3505 860; x_wconf 60' lang='lat' dir='ltr'><strong>multa;</strong></span> <span class='ocrx_word' id='word_1_253' title='bbox 3532 803 3739 859; x_wconf 88' lang='lat' dir='ltr'><strong>dican-</strong></span> 
     </span>
    </p>
   </div>
   <div class='ocr_carea' id='block_1_36' title="bbox 2044 890 3735 962">
    <p class='ocr_par' dir='ltr' id='par_1_36' title="bbox 2044 890 3735 962">
     <span class='ocr_line' id='line_1_36' title="bbox 2044 890 3735 962; baseline -0.002 -13"><span class='ocrx_word' id='word_1_254' title='bbox 2044 900 2141 949; x_wconf 89' lang='lat' dir='ltr'><strong>tur</strong></span> <span class='ocrx_word' id='word_1_255' title='bbox 2166 892 2240 947; x_wconf 94' lang='lat' dir='ltr'><strong>ob</strong></span> <span class='ocrx_word' id='word_1_256' title='bbox 2280 892 2492 962; x_wconf 90' lang='lat' dir='ltr'><strong>situm;</strong></span> <span class='ocrx_word' id='word_1_257' title='bbox 2553 892 2632 947; x_wconf 88' lang='lat' dir='ltr'><strong>ita</strong></span> <span class='ocrx_word' id='word_1_258' title='bbox 2671 892 2936 962; x_wconf 65' lang='lat' dir='ltr'><strong>plurimae</strong></span> <span class='ocrx_word' id='word_1_259' title='bbox 2987 898 3124 947; x_wconf 90' lang='lat' dir='ltr'><strong>sunt</strong></span> <span class='ocrx_word' id='word_1_260' title='bbox 3172 891 3338 948; x_wconf 73' lang='lat' dir='ltr'><strong>dictae</strong></span> <span class='ocrx_word' id='word_1_261' title='bbox 3392 890 3735 956; x_wconf 82' lang='lat' dir='ltr'><strong>voluntates,</strong></span> 
     </span>
    </p>
   </div>
   <div class='ocr_carea' id='block_1_37' title="bbox 2043 977 3734 1049">
    <p class='ocr_par' dir='ltr' id='par_1_37' title="bbox 2043 977 3734 1049">
     <span class='ocr_line' id='line_1_37' title="bbox 2043 977 3734 1049; baseline -0.002 -12"><span class='ocrx_word' id='word_1_262' title='bbox 2043 981 2171 1038; x_wconf 91' lang='lat' dir='ltr'><strong>licet</strong></span> <span class='ocrx_word' id='word_1_263' title='bbox 2202 996 2319 1037; x_wconf 89' lang='lat' dir='ltr'><strong>una</strong></span> <span class='ocrx_word' id='word_1_264' title='bbox 2350 980 2422 1036; x_wconf 90' lang='lat' dir='ltr'><strong>sit</strong></span> <span class='ocrx_word' id='word_1_265' title='bbox 2449 981 2521 1036; x_wconf 95' lang='lat' dir='ltr'><strong>ob</strong></span> <span class='ocrx_word' id='word_1_266' title='bbox 2552 980 2953 1042; x_wconf 75' lang='lat' dir='ltr'><strong>differentiam,</strong></span> <span class='ocrx_word' id='word_1_267' title='bbox 3010 992 3160 1049; x_wconf 89' lang='lat' dir='ltr'><strong>quas</strong></span> <span class='ocrx_word' id='word_1_268' title='bbox 3198 977 3467 1035; x_wconf 90' lang='lat' dir='ltr'><strong>volumus</strong></span> <span class='ocrx_word' id='word_1_269' title='bbox 3506 992 3734 1045; x_wconf 89' lang='lat' dir='ltr'><strong>rerum;</strong></span> 
     </span>
    </p>
   </div>
   <div class='ocr_carea' id='block_1_38' title="bbox 2042 1065 3737 1138">
    <p class='ocr_par' dir='ltr' id='par_1_38' title="bbox 2042 1065 3737 1138">
     <span class='ocr_line' id='line_1_38' title="bbox 2042 1065 3737 1138; baseline -0.002 -14"><span class='ocrx_word' id='word_1_270' title='bbox 2042 1069 2322 1125; x_wconf 67' lang='lat' dir='ltr'><strong>distinctae</strong></span> <span class='ocrx_word' id='word_1_271' title='bbox 2352 1075 2545 1124; x_wconf 89' lang='lat' dir='ltr'><strong>autem</strong></span> <span class='ocrx_word' id='word_1_272' title='bbox 2574 1075 2871 1138; x_wconf 89' lang='lat' dir='ltr'><strong>ponuntur</strong></span> <span class='ocrx_word' id='word_1_273' title='bbox 2919 1082 3020 1137; x_wconf 90' lang='lat' dir='ltr'><strong>per</strong></span> <span class='ocrx_word' id='word_1_274' title='bbox 3044 1082 3103 1123; x_wconf 89' lang='lat' dir='ltr'><strong>se</strong></span> <span class='ocrx_word' id='word_1_275' title='bbox 3133 1067 3268 1134; x_wconf 88' lang='lat' dir='ltr'><strong>Noe,</strong></span> <span class='ocrx_word' id='word_1_276' title='bbox 3320 1074 3374 1122; x_wconf 88' lang='lat' dir='ltr'><strong>et</strong></span> <span class='ocrx_word' id='word_1_277' title='bbox 3406 1066 3527 1134; x_wconf 91' lang='lat' dir='ltr'><strong>ﬁlii,</strong></span> <span class='ocrx_word' id='word_1_278' title='bbox 3576 1065 3737 1122; x_wconf 90' lang='lat' dir='ltr'><strong>scili-</strong></span> 
     </span>
    </p>
   </div>
   <div class='ocr_carea' id='block_1_39' title="bbox 2042 1154 3737 1226">
    <p class='ocr_par' dir='ltr' id='par_1_39' title="bbox 2042 1154 3737 1226">
     <span class='ocr_line' id='line_1_39' title="bbox 2042 1154 3737 1226; baseline -0.002 -14"><span class='ocrx_word' id='word_1_279' title='bbox 2042 1165 2129 1213; x_wconf 91' lang='lat' dir='ltr'><strong>cet</strong></span> <span class='ocrx_word' id='word_1_280' title='bbox 2161 1171 2329 1225; x_wconf 87' lang='lat' dir='ltr'><strong>uxor,</strong></span> <span class='ocrx_word' id='word_1_281' title='bbox 2379 1164 2434 1213; x_wconf 90' lang='lat' dir='ltr'><strong>et</strong></span> <span class='ocrx_word' id='word_1_282' title='bbox 2481 1171 2694 1213; x_wconf 84' lang='lat' dir='ltr'><strong>uxores</strong></span> <span class='ocrx_word' id='word_1_283' title='bbox 2742 1155 3014 1221; x_wconf 89' lang='lat' dir='ltr'><strong>ﬁliorum,</strong></span> <span class='ocrx_word' id='word_1_284' title='bbox 3069 1156 3210 1226; x_wconf 86' lang='lat' dir='ltr'><strong>quia</strong></span> <span class='ocrx_word' id='word_1_285' title='bbox 3241 1154 3439 1211; x_wconf 90' lang='lat' dir='ltr'><strong>subtili</strong></span> <span class='ocrx_word' id='word_1_286' title='bbox 3498 1154 3737 1211; x_wconf 89' lang='lat' dir='ltr'><strong>omnino</strong></span> 
     </span>
    </p>
   </div>
   <div class='ocr_carea' id='block_1_40' title="bbox 2043 1243 3734 1315">
    <p class='ocr_par' dir='ltr' id='par_1_40' title="bbox 2043 1243 3734 1315">
     <span class='ocr_line' id='line_1_40' title="bbox 2043 1243 3734 1315; baseline -0.002 -15"><span class='ocrx_word' id='word_1_287' title='bbox 2043 1253 2171 1301; x_wconf 87' lang='lat' dir='ltr'><strong>astu</strong></span> <span class='ocrx_word' id='word_1_288' title='bbox 2208 1245 2584 1302; x_wconf 90' lang='lat' dir='ltr'><strong>discernenda</strong></span> <span class='ocrx_word' id='word_1_289' title='bbox 2613 1252 2748 1300; x_wconf 90' lang='lat' dir='ltr'><strong>sunt</strong></span> <span class='ocrx_word' id='word_1_290' title='bbox 2777 1244 3015 1315; x_wconf 88' lang='lat' dir='ltr'><strong>spiritus</strong></span> <span class='ocrx_word' id='word_1_291' title='bbox 3044 1252 3257 1311; x_wconf 90' lang='lat' dir='ltr'><strong>noster,</strong></span> <span class='ocrx_word' id='word_1_292' title='bbox 3282 1257 3350 1299; x_wconf 88' lang='lat' dir='ltr'><strong>ac</strong></span> <span class='ocrx_word' id='word_1_293' title='bbox 3374 1243 3502 1314; x_wconf 87' lang='lat' dir='ltr'><strong>ejus</strong></span> <span class='ocrx_word' id='word_1_294' title='bbox 3537 1255 3734 1312; x_wconf 84' lang='lat' dir='ltr'><strong>opera,</strong></span> 
     </span>
    </p>
   </div>
   <div class='ocr_carea' id='block_1_41' title="bbox 2044 1331 3733 1404">
    <p class='ocr_par' dir='ltr' id='par_1_41' title="bbox 2044 1331 3733 1404">
     <span class='ocr_line' id='line_1_41' title="bbox 2044 1331 3733 1404; baseline -0.002 -14"><span class='ocrx_word' id='word_1_295' title='bbox 2044 1341 2181 1390; x_wconf 90' lang='lat' dir='ltr'><strong>tunc</strong></span> <span class='ocrx_word' id='word_1_296' title='bbox 2233 1335 2465 1390; x_wconf 90' lang='lat' dir='ltr'><strong>demum</strong></span> <span class='ocrx_word' id='word_1_297' title='bbox 2512 1334 2781 1389; x_wconf 90' lang='lat' dir='ltr'><strong>voluntas</strong></span> <span class='ocrx_word' id='word_1_298' title='bbox 2834 1333 2961 1404; x_wconf 85' lang='lat' dir='ltr'><strong>ejus</strong></span> <span class='ocrx_word' id='word_1_299' title='bbox 3009 1331 3340 1402; x_wconf 87' lang='lat' dir='ltr'><strong>principalis</strong></span> <span class='ocrx_word' id='word_1_300' title='bbox 3396 1332 3467 1387; x_wconf 83' lang='lat' dir='ltr'><strong>ad</strong></span> <span class='ocrx_word' id='word_1_301' title='bbox 3530 1332 3733 1397; x_wconf 88' lang='lat' dir='ltr'><strong>Deum,</strong></span> 
     </span>
    </p>
   </div>
   <div class='ocr_carea' id='block_1_42' title="bbox 2043 1420 3738 1493">
    <p class='ocr_par' dir='ltr' id='par_1_42' title="bbox 2043 1420 3738 1493">
     <span class='ocr_line' id='line_1_42' title="bbox 2043 1420 3738 1493; baseline -0.002 -15"><span class='ocrx_word' id='word_1_302' title='bbox 2043 1422 2622 1493; x_wconf 90' lang='lat' dir='ltr'><strong>promiscuarumque</strong></span> <span class='ocrx_word' id='word_1_303' title='bbox 2669 1422 3039 1478; x_wconf 89' lang='lat' dir='ltr'><strong>voluntatum</strong></span> <span class='ocrx_word' id='word_1_304' title='bbox 3076 1422 3379 1486; x_wconf 85' lang='lat' dir='ltr'><strong>examina;</strong></span> <span class='ocrx_word' id='word_1_305' title='bbox 3412 1428 3550 1477; x_wconf 91' lang='lat' dir='ltr'><strong>sunt</strong></span> <span class='ocrx_word' id='word_1_306' title='bbox 3581 1420 3738 1475; x_wconf 91' lang='lat' dir='ltr'><strong>enim</strong></span> 
     </span>
    </p>
   </div>
   <div class='ocr_carea' id='block_1_43' title="bbox 2043 1509 3736 1581">
    <p class='ocr_par' dir='ltr' id='par_1_43' title="bbox 2043 1509 3736 1581">
     <span class='ocr_line' id='line_1_43' title="bbox 2043 1509 3736 1581; baseline -0.002 -15"><span class='ocrx_word' id='word_1_307' title='bbox 2043 1510 2102 1567; x_wconf 93' lang='lat' dir='ltr'><strong>in</strong></span> <span class='ocrx_word' id='word_1_308' title='bbox 2134 1511 2351 1581; x_wconf 89' lang='lat' dir='ltr'><strong>quibus</strong></span> <span class='ocrx_word' id='word_1_309' title='bbox 2393 1510 2834 1567; x_wconf 89' lang='lat' dir='ltr'><strong>confunduntur</strong></span> <span class='ocrx_word' id='word_1_310' title='bbox 2887 1509 3111 1576; x_wconf 89' lang='lat' dir='ltr'><strong>omnia;</strong></span> <span class='ocrx_word' id='word_1_311' title='bbox 3155 1510 3275 1565; x_wconf 75' lang='lat' dir='ltr'><strong>haec</strong></span> <span class='ocrx_word' id='word_1_312' title='bbox 3310 1509 3505 1565; x_wconf 86' lang='lat' dir='ltr'><strong>omnia</strong></span> <span class='ocrx_word' id='word_1_313' title='bbox 3536 1509 3736 1579; x_wconf 84' lang='lat' dir='ltr'><strong>igitur,</strong></span> 
     </span>
    </p>
   </div>
   <div class='ocr_carea' id='block_1_44' title="bbox 2044 1596 3743 1666">
    <p class='ocr_par' dir='ltr' id='par_1_44' title="bbox 2044 1596 3743 1666">
     <span class='ocr_line' id='line_1_44' title="bbox 2044 1596 3743 1666; baseline -0.002 -11"><span class='ocrx_word' id='word_1_314' title='bbox 2044 1598 2389 1666; x_wconf 89' lang='lat' dir='ltr'><strong>voluntates,</strong></span> <span class='ocrx_word' id='word_1_315' title='bbox 2435 1596 2697 1653; x_wconf 79' lang='lat' dir='ltr'><strong>videlicet</strong></span> <span class='ocrx_word' id='word_1_316' title='bbox 2742 1596 3179 1654; x_wconf 88' lang='lat' dir='ltr'><strong>exsecutionum</strong></span> <span class='ocrx_word' id='word_1_317' title='bbox 3221 1610 3289 1651; x_wconf 92' lang='lat' dir='ltr'><strong>ac</strong></span> <span class='ocrx_word' id='word_1_318' title='bbox 3341 1598 3743 1652; x_wconf 85' lang='lat' dir='ltr'><strong>exsecutiones</strong></span> 
     </span>
    </p>
   </div>
   <div class='ocr_carea' id='block_1_45' title="bbox 2044 1684 3740 1755">
    <p class='ocr_par' dir='ltr' id='par_1_45' title="bbox 2044 1684 3740 1755">
     <span class='ocr_line' id='line_1_45' title="bbox 2044 1684 3740 1755; baseline 0.001 -17"><span class='ocrx_word' id='word_1_319' title='bbox 2044 1686 2424 1752; x_wconf 83' lang='lat' dir='ltr'><strong>voluntatum,</strong></span> <span class='ocrx_word' id='word_1_320' title='bbox 2454 1685 2605 1740; x_wconf 87' lang='lat' dir='ltr'><strong>intra</strong></span> <span class='ocrx_word' id='word_1_321' title='bbox 2662 1693 2908 1740; x_wconf 89' lang='lat' dir='ltr'><strong>mentem</strong></span> <span class='ocrx_word' id='word_1_322' title='bbox 2934 1684 3055 1755; x_wconf 89' lang='lat' dir='ltr'><strong>jam</strong></span> <span class='ocrx_word' id='word_1_323' title='bbox 3098 1684 3380 1754; x_wconf 86' lang='lat' dir='ltr'><strong>placidam</strong></span> <span class='ocrx_word' id='word_1_324' title='bbox 3413 1685 3740 1740; x_wconf 86' lang='lat' dir='ltr'><strong>recondun-</strong></span> 
     </span>
    </p>
   </div>
   <div class='ocr_carea' id='block_1_46' title="bbox 2045 1772 3741 1846">
    <p class='ocr_par' dir='ltr' id='par_1_46' title="bbox 2045 1772 3741 1846">
     <span class='ocr_line' id='line_1_46' title="bbox 2045 1772 3741 1846; baseline -0.003 -15"><span class='ocrx_word' id='word_1_325' title='bbox 2045 1783 2160 1842; x_wconf 88' lang='lat' dir='ltr'><strong>tur,</strong></span> <span class='ocrx_word' id='word_1_326' title='bbox 2193 1791 2323 1846; x_wconf 72' lang='lat' dir='ltr'><strong>quae</strong></span> <span class='ocrx_word' id='word_1_327' title='bbox 2355 1789 2465 1829; x_wconf 90' lang='lat' dir='ltr'><strong>non</strong></span> <span class='ocrx_word' id='word_1_328' title='bbox 2500 1774 2750 1830; x_wconf 90' lang='lat' dir='ltr'><strong>inaniter</strong></span> <span class='ocrx_word' id='word_1_329' title='bbox 2780 1774 2930 1829; x_wconf 88' lang='lat' dir='ltr'><strong>foras</strong></span> <span class='ocrx_word' id='word_1_330' title='bbox 2973 1773 3290 1844; x_wconf 85' lang='lat' dir='ltr'><strong>spargitur,</strong></span> <span class='ocrx_word' id='word_1_331' title='bbox 3335 1774 3432 1829; x_wconf 89' lang='lat' dir='ltr'><strong>sed</strong></span> <span class='ocrx_word' id='word_1_332' title='bbox 3463 1772 3741 1829; x_wconf 90' lang='lat' dir='ltr'><strong>intrinse-</strong></span> 
     </span>
    </p>
   </div>
   <div class='ocr_carea' id='block_1_47' title="bbox 2045 1863 2828 1934">
    <p class='ocr_par' dir='ltr' id='par_1_47' title="bbox 2045 1863 2828 1934">
     <span class='ocr_line' id='line_1_47' title="bbox 2045 1863 2828 1934; baseline -0.004 -14"><span class='ocrx_word' id='word_1_333' title='bbox 2045 1878 2146 1920; x_wconf 89' lang='lat' dir='ltr'><strong>cus</strong></span> <span class='ocrx_word' id='word_1_334' title='bbox 2172 1865 2233 1919; x_wconf 90' lang='lat' dir='ltr'><strong>in</strong></span> <span class='ocrx_word' id='word_1_335' title='bbox 2265 1863 2506 1919; x_wconf 90' lang='lat' dir='ltr'><strong>Domino</strong></span> <span class='ocrx_word' id='word_1_336' title='bbox 2528 1863 2828 1934; x_wconf 85' lang='lat' dir='ltr'><strong>gloriatur.</strong></span> 
     </span>
    </p>
   </div>
   <div class='ocr_carea' id='block_1_48' title="bbox 2116 1950 3746 2009">
    <p class='ocr_par' dir='ltr' id='par_1_48' title="bbox 2116 1950 3746 2009">
     <span class='ocr_line' id='line_1_48' title="bbox 2116 1950 3746 2009; baseline -0.003 0"><span class='ocrx_word' id='word_1_337' title='bbox 2116 1953 2284 2009; x_wconf 72' lang='lat' dir='ltr'><strong>Vnus.</strong></span> <span class='ocrx_word' id='word_1_338' title='bbox 2343 1954 2425 2007; x_wconf 86' lang='lat' dir='ltr'><strong>l9.</strong></span> <span class='ocrx_word' id='word_1_339' title='bbox 2460 1982 2527 1992; x_wconf 97' lang='lat'><strong>—</strong></span> <span class='ocrx_word' id='word_1_340' title='bbox 2573 1953 2652 2006; x_wconf 85' lang='lat' dir='ltr'><strong>Et</strong></span> <span class='ocrx_word' id='word_1_341' title='bbox 2681 1968 2749 2006; x_wconf 77' lang='lat' dir='ltr'><strong>ea:</strong></span> <span class='ocrx_word' id='word_1_342' title='bbox 2809 1953 3016 2006; x_wconf 86' lang='lat' dir='ltr'><strong>cunctis</strong></span> <span class='ocrx_word' id='word_1_343' title='bbox 3064 1950 3438 2006; x_wconf 78' lang='lat' dir='ltr'><strong>animantibus</strong></span> <span class='ocrx_word' id='word_1_344' title='bbox 3470 1952 3746 2005; x_wconf 76' lang='lat' dir='ltr'><strong>universae</strong></span> 
     </span>
    </p>
   </div>
   <div class='ocr_carea' id='block_1_49' title="bbox 2044 2041 3748 2106">
    <p class='ocr_par' dir='ltr' id='par_1_49' title="bbox 2044 2041 3748 2106">
     <span class='ocr_line' id='line_1_49' title="bbox 2044 2041 3748 2106; baseline -0.002 -10"><span class='ocrx_word' id='word_1_345' title='bbox 2044 2044 2226 2096; x_wconf 84' lang='lat' dir='ltr'><strong>carnis</strong></span> <span class='ocrx_word' id='word_1_346' title='bbox 2256 2041 2385 2096; x_wconf 85' lang='lat' dir='ltr'><strong>bina</strong></span> <span class='ocrx_word' id='word_1_347' title='bbox 2413 2041 2632 2095; x_wconf 77' lang='lat' dir='ltr'><strong>induces</strong></span> <span class='ocrx_word' id='word_1_348' title='bbox 2663 2044 2722 2095; x_wconf 88' lang='lat' dir='ltr'><strong>in</strong></span> <span class='ocrx_word' id='word_1_349' title='bbox 2750 2057 2954 2106; x_wconf 87' lang='lat' dir='ltr'><strong>arcam,</strong></span> <span class='ocrx_word' id='word_1_350' title='bbox 3004 2044 3066 2095; x_wconf 92' lang='lat' dir='ltr'><strong>ut</strong></span> <span class='ocrx_word' id='word_1_351' title='bbox 3095 2044 3284 2095; x_wconf 84' lang='lat' dir='ltr'><strong>vivant</strong></span> <span class='ocrx_word' id='word_1_352' title='bbox 3315 2045 3485 2095; x_wconf 81' lang='lat' dir='ltr'><strong>tecum</strong></span> <span class='ocrx_word' id='word_1_353' title='bbox 3533 2054 3748 2093; x_wconf 86' lang='lat' dir='ltr'><strong>mascu-</strong></span> 
     </span>
    </p>
   </div>
   <div class='ocr_carea' id='block_1_50' title="bbox 2047 2127 3745 2199">
    <p class='ocr_par' dir='ltr' id='par_1_50' title="bbox 2047 2127 3745 2199">
     <span class='ocr_line' id='line_1_50' title="bbox 2047 2127 3745 2199; baseline -0.002 -14"><span class='ocrx_word' id='word_1_354' title='bbox 2047 2129 2150 2185; x_wconf 87' lang='lat' dir='ltr'><strong>lini</strong></span> <span class='ocrx_word' id='word_1_355' title='bbox 2202 2144 2383 2196; x_wconf 67' lang='lat' dir='ltr'><strong>sea-us,</strong></span> <span class='ocrx_word' id='word_1_356' title='bbox 2435 2134 2487 2183; x_wconf 86' lang='lat' dir='ltr'><strong>et</strong></span> <span class='ocrx_word' id='word_1_357' title='bbox 2536 2131 2747 2196; x_wconf 82' lang='lat' dir='ltr'><strong>femini.</strong></span> <span class='ocrx_word' id='word_1_358' title='bbox 2800 2130 2890 2184; x_wconf 77' lang='lat' dir='ltr'><strong>Ex</strong></span> <span class='ocrx_word' id='word_1_359' title='bbox 2938 2128 3295 2199; x_wconf 85' lang='lat' dir='ltr'><strong>quibuslibet</strong></span> <span class='ocrx_word' id='word_1_360' title='bbox 3352 2127 3745 2197; x_wconf 86' lang='lat' dir='ltr'><strong>cupiditatum</strong></span> 
     </span>
    </p>
   </div>
   <div class='ocr_carea' id='block_1_51' title="bbox 2044 2216 3744 2289">
    <p class='ocr_par' dir='ltr' id='par_1_51' title="bbox 2044 2216 3744 2289">
     <span class='ocr_line' id='line_1_51' title="bbox 2044 2216 3744 2289; baseline -0.003 -15"><span class='ocrx_word' id='word_1_361' title='bbox 2044 2217 2372 2287; x_wconf 77' lang='lat' dir='ltr'><strong>generibus,</strong></span> <span class='ocrx_word' id='word_1_362' title='bbox 2403 2231 2477 2274; x_wconf 82' lang='lat' dir='ltr'><strong>ex</strong></span> <span class='ocrx_word' id='word_1_363' title='bbox 2503 2231 2856 2288; x_wconf 85' lang='lat' dir='ltr'><strong>quacunque</strong></span> <span class='ocrx_word' id='word_1_364' title='bbox 2876 2217 3061 2289; x_wconf 87' lang='lat' dir='ltr'><strong>fragili</strong></span> <span class='ocrx_word' id='word_1_365' title='bbox 3082 2216 3489 2273; x_wconf 80' lang='lat' dir='ltr'><strong>allectualitate</strong></span> <span class='ocrx_word' id='word_1_366' title='bbox 3505 2230 3744 2270; x_wconf 85' lang='lat' dir='ltr'><strong>nascen-</strong></span> 
     </span>
    </p>
   </div>
   <div class='ocr_carea' id='block_1_52' title="bbox 2046 2303 3748 2376">
    <p class='ocr_par' dir='ltr' id='par_1_52' title="bbox 2046 2303 3748 2376">
     <span class='ocr_line' id='line_1_52' title="bbox 2046 2303 3748 2376; baseline -0.002 -14"><span class='ocrx_word' id='word_1_367' title='bbox 2046 2306 2201 2363; x_wconf 91' lang='lat' dir='ltr'><strong>tibus</strong></span> <span class='ocrx_word' id='word_1_368' title='bbox 2231 2306 2366 2362; x_wconf 88' lang='lat' dir='ltr'><strong>bina</strong></span> <span class='ocrx_word' id='word_1_369' title='bbox 2390 2307 2450 2362; x_wconf 92' lang='lat' dir='ltr'><strong>in</strong></span> <span class='ocrx_word' id='word_1_370' title='bbox 2481 2320 2675 2363; x_wconf 91' lang='lat' dir='ltr'><strong>arcam</strong></span> <span class='ocrx_word' id='word_1_371' title='bbox 2706 2306 3058 2371; x_wconf 89' lang='lat' dir='ltr'><strong>inducimus,</strong></span> <span class='ocrx_word' id='word_1_372' title='bbox 3090 2305 3147 2361; x_wconf 90' lang='lat' dir='ltr'><strong>in</strong></span> <span class='ocrx_word' id='word_1_373' title='bbox 3170 2305 3385 2376; x_wconf 92' lang='lat' dir='ltr'><strong>quibus</strong></span> <span class='ocrx_word' id='word_1_374' title='bbox 3412 2311 3496 2361; x_wconf 90' lang='lat' dir='ltr'><strong>est</strong></span> <span class='ocrx_word' id='word_1_375' title='bbox 3527 2303 3748 2359; x_wconf 86' lang='lat' dir='ltr'><strong>femina</strong></span> 
     </span>
    </p>
   </div>
   <div class='ocr_carea' id='block_1_53' title="bbox 2045 2392 3748 2463">
    <p class='ocr_par' dir='ltr' id='par_1_53' title="bbox 2045 2392 3748 2463">
     <span class='ocr_line' id='line_1_53' title="bbox 2045 2392 3748 2463; baseline -0.003 -12"><span class='ocrx_word' id='word_1_376' title='bbox 2045 2402 2101 2451; x_wconf 90' lang='lat' dir='ltr'><strong>et</strong></span> <span class='ocrx_word' id='word_1_377' title='bbox 2129 2395 2442 2461; x_wconf 91' lang='lat' dir='ltr'><strong>masculus,</strong></span> <span class='ocrx_word' id='word_1_378' title='bbox 2474 2409 2607 2450; x_wconf 93' lang='lat' dir='ltr'><strong>cum</strong></span> <span class='ocrx_word' id='word_1_379' title='bbox 2660 2394 2849 2449; x_wconf 83' lang='lat' dir='ltr'><strong>ﬂuxos</strong></span> <span class='ocrx_word' id='word_1_380' title='bbox 2895 2401 2949 2449; x_wconf 89' lang='lat' dir='ltr'><strong>et</strong></span> <span class='ocrx_word' id='word_1_381' title='bbox 3014 2393 3178 2463; x_wconf 88' lang='lat' dir='ltr'><strong>quasi</strong></span> <span class='ocrx_word' id='word_1_382' title='bbox 3231 2392 3500 2448; x_wconf 91' lang='lat' dir='ltr'><strong>femineos</strong></span> <span class='ocrx_word' id='word_1_383' title='bbox 3546 2392 3748 2446; x_wconf 90' lang='lat' dir='ltr'><strong>carnis</strong></span> 
     </span>
    </p>
   </div>
   <div class='ocr_carea' id='block_1_54' title="bbox 2047 2478 3748 2551">
    <p class='ocr_par' dir='ltr' id='par_1_54' title="bbox 2047 2478 3748 2551">
     <span class='ocr_line' id='line_1_54' title="bbox 2047 2478 3748 2551; baseline -0.004 -12"><span class='ocrx_word' id='word_1_384' title='bbox 2047 2490 2237 2539; x_wconf 92' lang='lat' dir='ltr'><strong>motus</strong></span> <span class='ocrx_word' id='word_1_385' title='bbox 2263 2497 2337 2538; x_wconf 83' lang='lat' dir='ltr'><strong>ex</strong></span> <span class='ocrx_word' id='word_1_386' title='bbox 2378 2482 2710 2539; x_wconf 87' lang='lat' dir='ltr'><strong>necessitate</strong></span> <span class='ocrx_word' id='word_1_387' title='bbox 2761 2480 3052 2551; x_wconf 87' lang='lat' dir='ltr'><strong>peccandi,</strong></span> <span class='ocrx_word' id='word_1_388' title='bbox 3093 2480 3342 2536; x_wconf 89' lang='lat' dir='ltr'><strong>velimus</strong></span> <span class='ocrx_word' id='word_1_389' title='bbox 3394 2478 3748 2549; x_wconf 88' lang='lat' dir='ltr'><strong>plerumque</strong></span> 
     </span>
    </p>
   </div>
   <div class='ocr_carea' id='block_1_55' title="bbox 2048 2566 3747 2638">
    <p class='ocr_par' dir='ltr' id='par_1_55' title="bbox 2048 2566 3747 2638">
     <span class='ocr_line' id='line_1_55' title="bbox 2048 2566 3747 2638; baseline -0.004 -11"><span class='ocrx_word' id='word_1_390' title='bbox 2048 2571 2316 2638; x_wconf 89' lang='lat' dir='ltr'><strong>nolimus,</strong></span> <span class='ocrx_word' id='word_1_391' title='bbox 2374 2571 2567 2626; x_wconf 90' lang='lat' dir='ltr'><strong>animo</strong></span> <span class='ocrx_word' id='word_1_392' title='bbox 2619 2570 3016 2635; x_wconf 86' lang='lat' dir='ltr'><strong>admovemus,</strong></span> <span class='ocrx_word' id='word_1_393' title='bbox 3075 2568 3172 2624; x_wconf 92' lang='lat' dir='ltr'><strong>sed</strong></span> <span class='ocrx_word' id='word_1_394' title='bbox 3220 2575 3410 2623; x_wconf 88' lang='lat' dir='ltr'><strong>tamen</strong></span> <span class='ocrx_word' id='word_1_395' title='bbox 3443 2566 3593 2622; x_wconf 90' lang='lat' dir='ltr'><strong>illico</strong></span> <span class='ocrx_word' id='word_1_396' title='bbox 3619 2566 3747 2637; x_wconf 90' lang='lat' dir='ltr'><strong>juri</strong></span> 
     </span>
    </p>
   </div>
   <div class='ocr_carea' id='block_1_56' title="bbox 2048 2654 3752 2728">
    <p class='ocr_par' dir='ltr' id='par_1_56' title="bbox 2048 2654 3752 2728">
     <span class='ocr_line' id='line_1_56' title="bbox 2048 2654 3752 2728; baseline -0.003 -12"><span class='ocrx_word' id='word_1_397' title='bbox 2048 2660 2175 2717; x_wconf 90' lang='lat' dir='ltr'><strong>illos</strong></span> <span class='ocrx_word' id='word_1_398' title='bbox 2207 2659 2447 2715; x_wconf 89' lang='lat' dir='ltr'><strong>masculi</strong></span> <span class='ocrx_word' id='word_1_399' title='bbox 2479 2658 2896 2728; x_wconf 90' lang='lat' dir='ltr'><strong>mancipemus,</strong></span> <span class='ocrx_word' id='word_1_400' title='bbox 2957 2655 3193 2712; x_wconf 89' lang='lat' dir='ltr'><strong>rationis</strong></span> <span class='ocrx_word' id='word_1_401' title='bbox 3244 2654 3524 2723; x_wconf 87' lang='lat' dir='ltr'><strong>videlicet,</strong></span> <span class='ocrx_word' id='word_1_402' title='bbox 3573 2656 3752 2726; x_wconf 91' lang='lat' dir='ltr'><strong>cujus</strong></span> 
     </span>
    </p>
   </div>
   <div class='ocr_carea' id='block_1_57' title="bbox 2047 2742 3746 2819">
    <p class='ocr_par' dir='ltr' id='par_1_57' title="bbox 2047 2742 3746 2819">
     <span class='ocr_line' id='line_1_57' title="bbox 2047 2742 3746 2819; baseline -0.004 -15"><span class='ocrx_word' id='word_1_403' title='bbox 2047 2749 2104 2804; x_wconf 91' lang='lat' dir='ltr'><strong>vi</strong></span> <span class='ocrx_word' id='word_1_404' title='bbox 2138 2748 2211 2804; x_wconf 89' lang='lat' dir='ltr'><strong>ad</strong></span> <span class='ocrx_word' id='word_1_405' title='bbox 2238 2747 2498 2819; x_wconf 83' lang='lat' dir='ltr'><strong>regulam</strong></span> <span class='ocrx_word' id='word_1_406' title='bbox 2533 2745 3024 2816; x_wconf 86' lang='lat' dir='ltr'><strong>constringantur,</strong></span> <span class='ocrx_word' id='word_1_407' title='bbox 3071 2751 3135 2800; x_wconf 90' lang='lat' dir='ltr'><strong>ut</strong></span> <span class='ocrx_word' id='word_1_408' title='bbox 3179 2743 3374 2799; x_wconf 87' lang='lat' dir='ltr'><strong>vivere</strong></span> <span class='ocrx_word' id='word_1_409' title='bbox 3412 2742 3746 2810; x_wconf 90' lang='lat' dir='ltr'><strong>nobiscum,</strong></span> 
     </span>
    </p>
   </div>
   <div class='ocr_carea' id='block_1_58' title="bbox 2049 2824 3747 2899">
    <p class='ocr_par' dir='ltr' id='par_1_58' title="bbox 2049 2824 3747 2899">
     <span class='ocr_line' id='line_1_58' title="bbox 2049 2824 3747 2899; baseline -0.004 -5"><span class='ocrx_word' id='word_1_410' title='bbox 2049 2837 2105 2894; x_wconf 87' lang='lat' dir='ltr'><strong>id</strong></span> <span class='ocrx_word' id='word_1_411' title='bbox 2131 2844 2215 2893; x_wconf 90' lang='lat' dir='ltr'><strong>est</strong></span> <span class='ocrx_word' id='word_1_412' title='bbox 2245 2843 2309 2892; x_wconf 92' lang='lat' dir='ltr'><strong>ut</strong></span> <span class='ocrx_word' id='word_1_413' title='bbox 2363 2824 2507 2891; x_wconf 80' lang='lat' dir='ltr'><strong>vitii</strong></span> <span class='ocrx_word' id='word_1_414' title='bbox 2544 2834 2708 2890; x_wconf 90' lang='lat' dir='ltr'><strong>virus</strong></span> <span class='ocrx_word' id='word_1_415' title='bbox 2773 2847 2888 2890; x_wconf 92' lang='lat' dir='ltr'><strong>non</strong></span> <span class='ocrx_word' id='word_1_416' title='bbox 2942 2832 3265 2899; x_wconf 87' lang='lat' dir='ltr'><strong>infundere,</strong></span> <span class='ocrx_word' id='word_1_417' title='bbox 3300 2832 3399 2887; x_wconf 92' lang='lat' dir='ltr'><strong>sed</strong></span> <span class='ocrx_word' id='word_1_418' title='bbox 3427 2832 3501 2887; x_wconf 89' lang='lat' dir='ltr'><strong>ad</strong></span> <span class='ocrx_word' id='word_1_419' title='bbox 3558 2832 3747 2887; x_wconf 88' lang='lat' dir='ltr'><strong>vitam</strong></span> 
     </span>
    </p>
   </div>
   <div class='ocr_carea' id='block_1_59' title="bbox 245 2917 3744 3007">
    <p class='ocr_par' dir='ltr' id='par_1_59' title="bbox 245 2917 3744 3007">
     <span class='ocr_line' id='line_1_59' title="bbox 245 2917 3744 3007; baseline 0.001 -35"><span class='ocrx_word' id='word_1_420' title='bbox 245 2917 460 3007; x_wconf 62' lang='grc' dir='ltr'><strong>(ξηρὴ.</strong></span> <span class='ocrx_word' id='word_1_421' title='bbox 492 2932 688 2986; x_wconf 73' lang='lat' dir='ltr'><strong>xxxvr,</strong></span> <span class='ocrx_word' id='word_1_422' title='bbox 719 2917 839 2989; x_wconf 79' lang='lat'><strong>25.)</strong></span> <span class='ocrx_word' id='word_1_423' title='bbox 874 2920 1006 2975; x_wconf 66' lang='lat' dir='ltr'><strong>Haec</strong></span> <span class='ocrx_word' id='word_1_424' title='bbox 1035 2934 1210 2991; x_wconf 90' lang='lat' dir='ltr'><strong>aqua,</strong></span> <span class='ocrx_word' id='word_1_425' title='bbox 1246 2920 1301 2976; x_wconf 91' lang='lat' dir='ltr'><strong>id</strong></span> <span class='ocrx_word' id='word_1_426' title='bbox 1329 2928 1413 2976; x_wconf 89' lang='lat' dir='ltr'><strong>est</strong></span> <span class='ocrx_word' id='word_1_427' title='bbox 1441 2921 1719 2991; x_wconf 89' lang='lat' dir='ltr'><strong>sapientia</strong></span> <span class='ocrx_word' id='word_1_428' title='bbox 1750 2920 1936 2976; x_wconf 88' lang='lat' dir='ltr'><strong>addu—</strong></span> <span class='ocrx_word' id='word_1_429' title='bbox 1976 2952 2014 3007; x_wconf 68' lang='grc' dir='ltr'>ο</span> <span class='ocrx_word' id='word_1_430' title='bbox 2050 2924 2408 2996; x_wconf 89' lang='lat' dir='ltr'><strong>pertinentia,</strong></span> <span class='ocrx_word' id='word_1_431' title='bbox 2440 2931 2496 2979; x_wconf 93' lang='lat' dir='ltr'><strong>et</strong></span> <span class='ocrx_word' id='word_1_432' title='bbox 2525 2923 2736 2978; x_wconf 89' lang='lat' dir='ltr'><strong>sentire</strong></span> <span class='ocrx_word' id='word_1_433' title='bbox 2778 2921 3074 2978; x_wconf 90' lang='lat' dir='ltr'><strong>nobiscum</strong></span> <span class='ocrx_word' id='word_1_434' title='bbox 3123 2930 3179 2977; x_wconf 88' lang='lat' dir='ltr'><strong>et</strong></span> <span class='ocrx_word' id='word_1_435' title='bbox 3209 2934 3379 2991; x_wconf 88' lang='lat' dir='ltr'><strong>agere</strong></span> <span class='ocrx_word' id='word_1_436' title='bbox 3434 2926 3744 2990; x_wconf 84' lang='lat' dir='ltr'><strong>cogantur.</strong></span> 
     </span>
    </p>
   </div>
   <div class='ocr_carea' id='block_1_60' title="bbox 248 3006 1941 3081">
    <p class='ocr_par' dir='ltr' id='par_1_60' title="bbox 248 3006 1941 3081">
     <span class='ocr_line' id='line_1_60' title="bbox 248 3006 1941 3081; baseline 0.002 -20"><span class='ocrx_word' id='word_1_437' title='bbox 248 3006 401 3062; x_wconf 88' lang='lat' dir='ltr'><strong>citur</strong></span> <span class='ocrx_word' id='word_1_438' title='bbox 424 3022 588 3077; x_wconf 84' lang='lat' dir='ltr'><strong>super</strong></span> <span class='ocrx_word' id='word_1_439' title='bbox 618 3011 840 3073; x_wconf 85' lang='lat' dir='ltr'><strong>terram,</strong></span> <span class='ocrx_word' id='word_1_440' title='bbox 862 3008 1096 3078; x_wconf 87' lang='lat' dir='ltr'><strong>quando</strong></span> <span class='ocrx_word' id='word_1_441' title='bbox 1121 3008 1441 3079; x_wconf 88' lang='lat' dir='ltr'><strong>spiritualis</strong></span> <span class='ocrx_word' id='word_1_442' title='bbox 1469 3008 1719 3081; x_wconf 86' lang='lat' dir='ltr'><strong>dignitas</strong></span> <span class='ocrx_word' id='word_1_443' title='bbox 1745 3017 1941 3066; x_wconf 89' lang='lat' dir='ltr'><strong>tenore</strong></span> 
     </span>
    </p>
   </div>
   <div class='ocr_carea' id='block_1_61' title="bbox 243 3095 1941 3168">
    <p class='ocr_par' dir='ltr' id='par_1_61' title="bbox 243 3095 1941 3168">
     <span class='ocr_line' id='line_1_61' title="bbox 243 3095 1941 3168; baseline 0.001 -18"><span class='ocrx_word' id='word_1_444' title='bbox 243 3095 483 3167; x_wconf 73' lang='lat' dir='ltr'><strong>justitiae</strong></span> <span class='ocrx_word' id='word_1_445' title='bbox 522 3103 828 3166; x_wconf 85' lang='lat' dir='ltr'><strong>exsuperat</strong></span> <span class='ocrx_word' id='word_1_446' title='bbox 855 3110 1118 3166; x_wconf 88' lang='lat' dir='ltr'><strong>carnem;</strong></span> <span class='ocrx_word' id='word_1_447' title='bbox 1163 3097 1351 3153; x_wconf 91' lang='lat' dir='ltr'><strong>omnis</strong></span> <span class='ocrx_word' id='word_1_448' title='bbox 1393 3112 1546 3166; x_wconf 89' lang='lat' dir='ltr'><strong>caro,</strong></span> <span class='ocrx_word' id='word_1_449' title='bbox 1591 3100 1650 3152; x_wconf 87' lang='lat' dir='ltr'><strong>in</strong></span> <span class='ocrx_word' id='word_1_450' title='bbox 1675 3114 1785 3167; x_wconf 88' lang='lat' dir='ltr'><strong>qua</strong></span> <span class='ocrx_word' id='word_1_451' title='bbox 1824 3100 1941 3168; x_wconf 76' lang='lat' dir='ltr'><strong>spi-</strong></span> 
     </span>
    </p>
   </div>
   <div class='ocr_carea' id='block_1_62' title="bbox 247 3183 1944 3251">
    <p class='ocr_par' dir='ltr' id='par_1_62' title="bbox 247 3183 1944 3251">
     <span class='ocr_line' id='line_1_62' title="bbox 247 3183 1944 3251; baseline 0.002 -15"><span class='ocrx_word' id='word_1_452' title='bbox 247 3184 390 3237; x_wconf 85' lang='lat' dir='ltr'><strong>ritus</strong></span> <span class='ocrx_word' id='word_1_453' title='bbox 417 3186 543 3238; x_wconf 72' lang='lat' dir='ltr'><strong>vitz</strong></span> <span class='ocrx_word' id='word_1_454' title='bbox 571 3188 650 3238; x_wconf 85' lang='lat' dir='ltr'><strong>est</strong></span> <span class='ocrx_word' id='word_1_455' title='bbox 678 3184 862 3238; x_wconf 85' lang='lat' dir='ltr'><strong>subter</strong></span> <span class='ocrx_word' id='word_1_456' title='bbox 898 3184 1084 3239; x_wconf 72' lang='lat' dir='ltr'><strong>cozlum</strong></span> <span class='ocrx_word' id='word_1_457' title='bbox 1123 3183 1485 3251; x_wconf 88' lang='lat' dir='ltr'><strong>interﬁcitur,</strong></span> <span class='ocrx_word' id='word_1_458' title='bbox 1520 3200 1655 3241; x_wconf 89' lang='lat' dir='ltr'><strong>cum</strong></span> <span class='ocrx_word' id='word_1_459' title='bbox 1684 3186 1944 3243; x_wconf 90' lang='lat' dir='ltr'><strong>membra</strong></span> 
     </span>
    </p>
   </div>
   <div class='ocr_carea' id='block_1_63' title="bbox 249 3274 1943 3342">
    <p class='ocr_par' dir='ltr' id='par_1_63' title="bbox 249 3274 1943 3342">
     <span class='ocr_line' id='line_1_63' title="bbox 249 3274 1943 3342; baseline 0.001 -15"><span class='ocrx_word' id='word_1_460' title='bbox 249 3278 463 3339; x_wconf 88' lang='lat' dir='ltr'><strong>nostra,</strong></span> <span class='ocrx_word' id='word_1_461' title='bbox 525 3287 657 3342; x_wconf 66' lang='lat' dir='ltr'><strong>qua</strong></span> <span class='ocrx_word' id='word_1_462' title='bbox 707 3280 845 3329; x_wconf 90' lang='lat' dir='ltr'><strong>sunt</strong></span> <span class='ocrx_word' id='word_1_463' title='bbox 882 3287 1057 3342; x_wconf 91' lang='lat' dir='ltr'><strong>super</strong></span> <span class='ocrx_word' id='word_1_464' title='bbox 1107 3282 1337 3340; x_wconf 84' lang='lat' dir='ltr'><strong>terram,</strong></span> <span class='ocrx_word' id='word_1_465' title='bbox 1397 3280 1452 3329; x_wconf 91' lang='lat' dir='ltr'><strong>et</strong></span> <span class='ocrx_word' id='word_1_466' title='bbox 1477 3274 1680 3329; x_wconf 75' lang='lat' dir='ltr'><strong>adhuc</strong></span> <span class='ocrx_word' id='word_1_467' title='bbox 1736 3274 1943 3330; x_wconf 91' lang='lat' dir='ltr'><strong>vivunt</strong></span> 
     </span>
    </p>
   </div>
   <div class='ocr_carea' id='block_1_64' title="bbox 248 3359 1945 3431">
    <p class='ocr_par' dir='ltr' id='par_1_64' title="bbox 248 3359 1945 3431">
     <span class='ocr_line' id='line_1_64' title="bbox 248 3359 1945 3431; baseline 0.002 -16"><span class='ocrx_word' id='word_1_468' title='bbox 248 3359 561 3431; x_wconf 87' lang='lat' dir='ltr'><strong>vigentque</strong></span> <span class='ocrx_word' id='word_1_469' title='bbox 616 3360 675 3416; x_wconf 92' lang='lat' dir='ltr'><strong>in</strong></span> <span class='ocrx_word' id='word_1_470' title='bbox 703 3360 885 3427; x_wconf 90' lang='lat' dir='ltr'><strong>nobis,</strong></span> <span class='ocrx_word' id='word_1_471' title='bbox 958 3361 1382 3417; x_wconf 88' lang='lat' dir='ltr'><strong>mortiﬁcantur</strong></span> <span class='ocrx_word' id='word_1_472' title='bbox 1433 3361 1563 3431; x_wconf 77' lang='lat' dir='ltr'><strong>(Col.</strong></span> <span class='ocrx_word' id='word_1_473' title='bbox 1624 3377 1704 3429; x_wconf 88' lang='grc' dir='ltr'>ιιι,</span> <span class='ocrx_word' id='word_1_474' title='bbox 1748 3362 1820 3430; x_wconf 82' lang='grc'><strong>5),</strong></span> <span class='ocrx_word' id='word_1_475' title='bbox 1880 3371 1945 3418; x_wconf 86' lang='grc' dir='ltr'><strong>ιιι</strong></span> 
     </span>
    </p>
   </div>
   <div class='ocr_carea' id='block_1_65' title="bbox 249 3447 1945 3520">
    <p class='ocr_par' dir='ltr' id='par_1_65' title="bbox 249 3447 1945 3520">
     <span class='ocr_line' id='line_1_65' title="bbox 249 3447 1945 3520; baseline 0.001 -16"><span class='ocrx_word' id='word_1_476' title='bbox 249 3447 436 3505; x_wconf 88' lang='lat' dir='ltr'><strong>dicere</strong></span> <span class='ocrx_word' id='word_1_477' title='bbox 474 3449 759 3518; x_wconf 88' lang='lat' dir='ltr'><strong>possimus</strong></span> <span class='ocrx_word' id='word_1_478' title='bbox 800 3463 935 3505; x_wconf 91' lang='lat' dir='ltr'><strong>cum</strong></span> <span class='ocrx_word' id='word_1_479' title='bbox 981 3449 1159 3506; x_wconf 90' lang='lat' dir='ltr'><strong>Paulo</strong></span> <span class='ocrx_word' id='word_1_480' title='bbox 1216 3448 1504 3520; x_wconf 87' lang='lat' dir='ltr'><strong>apostolo:</strong></span> <span class='ocrx_word' id='word_1_481' title='bbox 1578 3452 1711 3506; x_wconf 85' lang='lat' dir='ltr'><strong>Vivo</strong></span> <span class='ocrx_word' id='word_1_482' title='bbox 1766 3454 1945 3506; x_wconf 86' lang='lat' dir='ltr'><strong>autem</strong></span> 
     </span>
    </p>
   </div>
   <div class='ocr_carea' id='block_1_66' title="bbox 246 3537 1940 3607">
    <p class='ocr_par' dir='ltr' id='par_1_66' title="bbox 246 3537 1940 3607">
     <span class='ocr_line' id='line_1_66' title="bbox 246 3537 1940 3607; baseline 0.002 -16"><span class='ocrx_word' id='word_1_483' title='bbox 246 3538 365 3606; x_wconf 84' lang='lat' dir='ltr'><strong>jam</strong></span> <span class='ocrx_word' id='word_1_484' title='bbox 403 3552 511 3591; x_wconf 89' lang='lat' dir='ltr'><strong>non</strong></span> <span class='ocrx_word' id='word_1_485' title='bbox 538 3552 661 3605; x_wconf 86' lang='lat' dir='ltr'><strong>ego;</strong></span> <span class='ocrx_word' id='word_1_486' title='bbox 711 3540 849 3592; x_wconf 80' lang='lat' dir='ltr'><strong>vivit</strong></span> <span class='ocrx_word' id='word_1_487' title='bbox 903 3553 1026 3592; x_wconf 84' lang='lat' dir='ltr'><strong>vero</strong></span> <span class='ocrx_word' id='word_1_488' title='bbox 1057 3541 1114 3592; x_wconf 84' lang='lat' dir='ltr'><strong>in</strong></span> <span class='ocrx_word' id='word_1_489' title='bbox 1142 3553 1224 3592; x_wconf 88' lang='lat' dir='ltr'><strong>me</strong></span> <span class='ocrx_word' id='word_1_490' title='bbox 1261 3539 1509 3594; x_wconf 83' lang='lat' dir='ltr'><strong>Christus</strong></span> <span class='ocrx_word' id='word_1_491' title='bbox 1554 3537 1707 3607; x_wconf 78' lang='lat' dir='ltr'><strong>(Gul.</strong></span> <span class='ocrx_word' id='word_1_492' title='bbox 1742 3553 1799 3606; x_wconf 86' lang='lat' dir='ltr'><strong>ll,</strong></span> <span class='ocrx_word' id='word_1_493' title='bbox 1832 3542 1940 3605; x_wconf 85' lang='lat'><strong>20).</strong></span> 
     </span>
    </p>
   </div>
   <div class='ocr_carea' id='block_1_67' title="bbox 253 3626 1946 3698">
    <p class='ocr_par' dir='ltr' id='par_1_67' title="bbox 253 3626 1946 3698">
     <span class='ocr_line' id='line_1_67' title="bbox 253 3626 1946 3698; baseline 0.002 -17"><span class='ocrx_word' id='word_1_494' title='bbox 253 3626 542 3682; x_wconf 81' lang='lat' dir='ltr'><strong>Hactenus</strong></span> <span class='ocrx_word' id='word_1_495' title='bbox 588 3632 781 3682; x_wconf 89' lang='lat' dir='ltr'><strong>autem</strong></span> <span class='ocrx_word' id='word_1_496' title='bbox 831 3640 900 3682; x_wconf 89' lang='lat' dir='ltr'><strong>ea</strong></span> <span class='ocrx_word' id='word_1_497' title='bbox 956 3626 1395 3693; x_wconf 89' lang='lat' dir='ltr'><strong>mortiﬁcantur,</strong></span> <span class='ocrx_word' id='word_1_498' title='bbox 1429 3640 1542 3682; x_wconf 92' lang='lat' dir='ltr'><strong>non</strong></span> <span class='ocrx_word' id='word_1_499' title='bbox 1599 3634 1663 3683; x_wconf 91' lang='lat' dir='ltr'><strong>ut</strong></span> <span class='ocrx_word' id='word_1_500' title='bbox 1712 3642 1946 3698; x_wconf 88' lang='lat' dir='ltr'><strong>prorsus</strong></span> 
     </span>
    </p>
   </div>
   <div class='ocr_carea' id='block_1_68' title="bbox 251 3713 1939 3786">
    <p class='ocr_par' dir='ltr' id='par_1_68' title="bbox 251 3713 1939 3786">
     <span class='ocr_line' id='line_1_68' title="bbox 251 3713 1939 3786; baseline 0.001 -18"><span class='ocrx_word' id='word_1_501' title='bbox 251 3713 680 3783; x_wconf 89' lang='lat' dir='ltr'><strong>interimantur,</strong></span> <span class='ocrx_word' id='word_1_502' title='bbox 739 3722 1028 3785; x_wconf 89' lang='lat' dir='ltr'><strong>quatenus</strong></span> <span class='ocrx_word' id='word_1_503' title='bbox 1064 3714 1121 3769; x_wconf 91' lang='lat' dir='ltr'><strong>in</strong></span> <span class='ocrx_word' id='word_1_504' title='bbox 1156 3713 1316 3769; x_wconf 93' lang='lat' dir='ltr'><strong>nullo</strong></span> <span class='ocrx_word' id='word_1_505' title='bbox 1371 3728 1617 3786; x_wconf 88' lang='lat' dir='ltr'><strong>regnare</strong></span> <span class='ocrx_word' id='word_1_506' title='bbox 1656 3716 1939 3773; x_wconf 82' lang='lat' dir='ltr'><strong>feruntur.</strong></span> 
     </span>
    </p>
   </div>
   <div class='ocr_carea' id='block_1_69' title="bbox 252 3803 1945 3876">
    <p class='ocr_par' dir='ltr' id='par_1_69' title="bbox 252 3803 1945 3876">
     <span class='ocr_line' id='line_1_69' title="bbox 252 3803 1945 3876; baseline 0.002 -18"><span class='ocrx_word' id='word_1_507' title='bbox 252 3803 447 3859; x_wconf 89' lang='lat' dir='ltr'><strong>Subter</strong></span> <span class='ocrx_word' id='word_1_508' title='bbox 475 3805 662 3858; x_wconf 69' lang='lat' dir='ltr'><strong>castum</strong></span> <span class='ocrx_word' id='word_1_509' title='bbox 683 3812 874 3860; x_wconf 89' lang='lat' dir='ltr'><strong>autem</strong></span> <span class='ocrx_word' id='word_1_510' title='bbox 933 3803 1169 3873; x_wconf 87' lang='lat' dir='ltr'><strong>spiritus</strong></span> <span class='ocrx_word' id='word_1_511' title='bbox 1217 3803 1376 3871; x_wconf 85' lang='lat' dir='ltr'><strong>vivit,</strong></span> <span class='ocrx_word' id='word_1_512' title='bbox 1413 3819 1545 3860; x_wconf 92' lang='lat' dir='ltr'><strong>cum</strong></span> <span class='ocrx_word' id='word_1_513' title='bbox 1600 3805 1729 3862; x_wconf 90' lang='lat' dir='ltr'><strong>licet</strong></span> <span class='ocrx_word' id='word_1_514' title='bbox 1784 3820 1945 3876; x_wconf 87' lang='lat' dir='ltr'><strong>pres-</strong></span> 
     </span>
    </p>
   </div>
   <div class='ocr_carea' id='block_1_70' title="bbox 249 3890 1946 3964">
    <p class='ocr_par' dir='ltr' id='par_1_70' title="bbox 249 3890 1946 3964">
     <span class='ocr_line' id='line_1_70' title="bbox 249 3890 1946 3964; baseline 0.002 -17"><span class='ocrx_word' id='word_1_515' title='bbox 249 3906 348 3947; x_wconf 89' lang='lat' dir='ltr'><strong>sus</strong></span> <span class='ocrx_word' id='word_1_516' title='bbox 397 3892 633 3948; x_wconf 91' lang='lat' dir='ltr'><strong>rationis</strong></span> <span class='ocrx_word' id='word_1_517' title='bbox 662 3891 918 3962; x_wconf 89' lang='lat' dir='ltr'><strong>imperio,</strong></span> <span class='ocrx_word' id='word_1_518' title='bbox 986 3906 1118 3962; x_wconf 64' lang='lat' dir='ltr'><strong>qua:</strong></span> <span class='ocrx_word' id='word_1_519' title='bbox 1155 3890 1363 3947; x_wconf 68' lang='lat' dir='ltr'><strong>coelum</strong></span> <span class='ocrx_word' id='word_1_520' title='bbox 1422 3892 1495 3948; x_wconf 90' lang='lat' dir='ltr'><strong>ob</strong></span> <span class='ocrx_word' id='word_1_521' title='bbox 1526 3892 1744 3961; x_wconf 91' lang='lat' dir='ltr'><strong>divina,</strong></span> <span class='ocrx_word' id='word_1_522' title='bbox 1813 3909 1946 3964; x_wconf 78' lang='lat' dir='ltr'><strong>quze</strong></span> 
     </span>
    </p>
   </div>
   <div class='ocr_carea' id='block_1_71' title="bbox 251 3979 1947 4050">
    <p class='ocr_par' dir='ltr' id='par_1_71' title="bbox 251 3979 1947 4050">
     <span class='ocr_line' id='line_1_71' title="bbox 251 3979 1947 4050; baseline 0.001 -14"><span class='ocrx_word' id='word_1_523' title='bbox 251 3979 522 4050; x_wconf 87' lang='lat' dir='ltr'><strong>continet,</strong></span> <span class='ocrx_word' id='word_1_524' title='bbox 579 3980 853 4050; x_wconf 89' lang='lat' dir='ltr'><strong>mysteria</strong></span> <span class='ocrx_word' id='word_1_525' title='bbox 912 3987 1172 4046; x_wconf 89' lang='lat' dir='ltr'><strong>vocatur,</strong></span> <span class='ocrx_word' id='word_1_526' title='bbox 1238 3980 1570 4037; x_wconf 90' lang='lat' dir='ltr'><strong>tentationis</strong></span> <span class='ocrx_word' id='word_1_527' title='bbox 1622 3996 1727 4038; x_wconf 91' lang='lat' dir='ltr'><strong>nos</strong></span> <span class='ocrx_word' id='word_1_528' title='bbox 1773 3982 1947 4039; x_wconf 88' lang='lat' dir='ltr'><strong>ﬂatus</strong></span> 
     </span>
    </p>
   </div>
   <div class='ocr_carea' id='block_1_72' title="bbox 256 4067 1944 4140">
    <p class='ocr_par' dir='ltr' id='par_1_72' title="bbox 256 4067 1944 4140">
     <span class='ocr_line' id='line_1_72' title="bbox 256 4067 1944 4140; baseline 0.001 -17"><span class='ocrx_word' id='word_1_529' title='bbox 256 4068 507 4139; x_wconf 89' lang='lat' dir='ltr'><strong>impellit.</strong></span> <span class='ocrx_word' id='word_1_530' title='bbox 545 4070 650 4125; x_wconf 89' lang='lat' dir='ltr'><strong>Per</strong></span> <span class='ocrx_word' id='word_1_531' title='bbox 687 4069 845 4125; x_wconf 89' lang='lat' dir='ltr'><strong>hunc</strong></span> <span class='ocrx_word' id='word_1_532' title='bbox 903 4067 1101 4138; x_wconf 89' lang='lat' dir='ltr'><strong>itaque</strong></span> <span class='ocrx_word' id='word_1_533' title='bbox 1156 4083 1418 4139; x_wconf 85' lang='lat' dir='ltr'><strong>saporem</strong></span> <span class='ocrx_word' id='word_1_534' title='bbox 1472 4070 1767 4140; x_wconf 69' lang='lat' dir='ltr'><strong>sapientiae</strong></span> <span class='ocrx_word' id='word_1_535' title='bbox 1809 4071 1944 4126; x_wconf 86' lang='lat' dir='ltr'><strong>uni-</strong></span> 
     </span>
    </p>
   </div>
   <div class='ocr_carea' id='block_1_73' title="bbox 254 4158 1948 4228">
    <p class='ocr_par' dir='ltr' id='par_1_73' title="bbox 254 4158 1948 4228">
     <span class='ocr_line' id='line_1_73' title="bbox 254 4158 1948 4228; baseline 0.002 -16"><span class='ocrx_word' id='word_1_536' title='bbox 254 4170 421 4213; x_wconf 87' lang='lat' dir='ltr'><strong>versa</strong></span> <span class='ocrx_word' id='word_1_537' title='bbox 450 4172 582 4228; x_wconf 75' lang='lat' dir='ltr'><strong>quae</strong></span> <span class='ocrx_word' id='word_1_538' title='bbox 614 4158 671 4212; x_wconf 91' lang='lat' dir='ltr'><strong>in</strong></span> <span class='ocrx_word' id='word_1_539' title='bbox 703 4165 857 4213; x_wconf 90' lang='lat' dir='ltr'><strong>terra</strong></span> <span class='ocrx_word' id='word_1_540' title='bbox 885 4164 1479 4223; x_wconf 89' lang='lat' dir='ltr'><strong>suntconsumuntur,</strong></span> <span class='ocrx_word' id='word_1_541' title='bbox 1512 4158 1651 4214; x_wconf 92' lang='lat' dir='ltr'><strong>dum</strong></span> <span class='ocrx_word' id='word_1_542' title='bbox 1686 4160 1948 4215; x_wconf 90' lang='lat' dir='ltr'><strong>mundia-</strong></span> 
     </span>
    </p>
   </div>
   <div class='ocr_carea' id='block_1_74' title="bbox 2051 3010 3173 3070">
    <p class='ocr_par' dir='ltr' id='par_1_74' title="bbox 2051 3010 3173 3070">
     <span class='ocr_line' id='line_1_74' title="bbox 2051 3010 3173 3070; baseline -0.006 0"><span class='ocrx_word' id='word_1_543' title='bbox 2051 3014 2141 3070; x_wconf 92' lang='lat' dir='ltr'><strong>Sic</strong></span> <span class='ocrx_word' id='word_1_544' title='bbox 2167 3013 2319 3070; x_wconf 91' lang='lat' dir='ltr'><strong>enim</strong></span> <span class='ocrx_word' id='word_1_545' title='bbox 2345 3013 2528 3069; x_wconf 85' lang='lat' dir='ltr'><strong>Adam</strong></span> <span class='ocrx_word' id='word_1_546' title='bbox 2557 3018 2613 3068; x_wconf 91' lang='lat' dir='ltr'><strong>et</strong></span> <span class='ocrx_word' id='word_1_547' title='bbox 2642 3012 2765 3067; x_wconf 90' lang='lat' dir='ltr'><strong>Eva</strong></span> <span class='ocrx_word' id='word_1_548' title='bbox 2793 3010 3173 3067; x_wconf 88' lang='lat' dir='ltr'><strong>connectitur.</strong></span> 
     </span>
    </p>
   </div>
   <div class='ocr_carea' id='block_1_75' title="bbox 2123 3094 3748 3167">
    <p class='ocr_par' dir='ltr' id='par_1_75' title="bbox 2123 3094 3748 3167">
     <span class='ocr_line' id='line_1_75' title="bbox 2123 3094 3748 3167; baseline -0.004 -10"><span class='ocrx_word' id='word_1_549' title='bbox 2123 3102 2294 3158; x_wconf 72' lang='lat' dir='ltr'><strong>Vens.</strong></span> <span class='ocrx_word' id='word_1_550' title='bbox 2327 3103 2415 3155; x_wconf 86' lang='lat'><strong>20.</strong></span> <span class='ocrx_word' id='word_1_551' title='bbox 2463 3131 2519 3142; x_wconf 82' lang='lat'><strong>-</strong></span> <span class='ocrx_word' id='word_1_552' title='bbox 2552 3103 2627 3156; x_wconf 88' lang='lat' dir='ltr'><strong>De</strong></span> <span class='ocrx_word' id='word_1_553' title='bbox 2656 3100 2984 3165; x_wconf 81' lang='lat' dir='ltr'><strong>volucribus,</strong></span> <span class='ocrx_word' id='word_1_554' title='bbox 3013 3099 3185 3167; x_wconf 70' lang='lat' dir='ltr'><strong>juxta</strong></span> <span class='ocrx_word' id='word_1_555' title='bbox 3223 3112 3388 3166; x_wconf 87' lang='lat' dir='ltr'><strong>genus</strong></span> <span class='ocrx_word' id='word_1_556' title='bbox 3442 3110 3623 3163; x_wconf 88' lang='lat' dir='ltr'><strong>suum,</strong></span> <span class='ocrx_word' id='word_1_557' title='bbox 3685 3094 3748 3151; x_wconf 90' lang='lat' dir='ltr'><strong>id</strong></span> 
     </span>
    </p>
   </div>
   <div class='ocr_carea' id='block_1_76' title="bbox 2049 3184 3752 3259">
    <p class='ocr_par' dir='ltr' id='par_1_76' title="bbox 2049 3184 3752 3259">
     <span class='ocr_line' id='line_1_76' title="bbox 2049 3184 3752 3259; baseline -0.005 -12"><span class='ocrx_word' id='word_1_558' title='bbox 2049 3197 2133 3247; x_wconf 92' lang='lat' dir='ltr'><strong>est</strong></span> <span class='ocrx_word' id='word_1_559' title='bbox 2183 3190 2254 3246; x_wconf 86' lang='lat' dir='ltr'><strong>de</strong></span> <span class='ocrx_word' id='word_1_560' title='bbox 2306 3189 2591 3259; x_wconf 74' lang='lat' dir='ltr'><strong>superbiae</strong></span> <span class='ocrx_word' id='word_1_561' title='bbox 2669 3188 2935 3254; x_wconf 88' lang='lat' dir='ltr'><strong>motibus,</strong></span> <span class='ocrx_word' id='word_1_562' title='bbox 2994 3200 3348 3258; x_wconf 84' lang='lat' dir='ltr'><strong>quocunque</strong></span> <span class='ocrx_word' id='word_1_563' title='bbox 3396 3184 3579 3248; x_wconf 91' lang='lat' dir='ltr'><strong>modo,</strong></span> <span class='ocrx_word' id='word_1_564' title='bbox 3642 3191 3752 3239; x_wconf 88' lang='lat' dir='ltr'><strong>aut</strong></span> 
     </span>
    </p>
   </div>
   <div class='ocr_carea' id='block_1_77' title="bbox 2052 3272 3750 3346">
    <p class='ocr_par' dir='ltr' id='par_1_77' title="bbox 2052 3272 3750 3346">
     <span class='ocr_line' id='line_1_77' title="bbox 2052 3272 3750 3346; baseline -0.006 -10"><span class='ocrx_word' id='word_1_565' title='bbox 2052 3278 2423 3346; x_wconf 74' lang='lat' dir='ltr'><strong>szeculariter,</strong></span> <span class='ocrx_word' id='word_1_566' title='bbox 2457 3285 2556 3333; x_wconf 90' lang='lat' dir='ltr'><strong>aut</strong></span> <span class='ocrx_word' id='word_1_567' title='bbox 2587 3276 2697 3332; x_wconf 86' lang='lat' dir='ltr'><strong>sub</strong></span> <span class='ocrx_word' id='word_1_568' title='bbox 2737 3284 2867 3346; x_wconf 75' lang='lat' dir='ltr'><strong>typo</strong></span> <span class='ocrx_word' id='word_1_569' title='bbox 2896 3275 3190 3346; x_wconf 88' lang='lat' dir='ltr'><strong>religionis</strong></span> <span class='ocrx_word' id='word_1_570' title='bbox 3225 3273 3614 3344; x_wconf 90' lang='lat' dir='ltr'><strong>superbiatur,</strong></span> <span class='ocrx_word' id='word_1_571' title='bbox 3679 3272 3750 3326; x_wconf 84' lang='lat' dir='ltr'><strong>de</strong></span> 
     </span>
    </p>
   </div>
   <div class='ocr_carea' id='block_1_78' title="bbox 2046 3361 3753 3437">
    <p class='ocr_par' dir='ltr' id='par_1_78' title="bbox 2046 3361 3753 3437">
     <span class='ocr_line' id='line_1_78' title="bbox 2046 3361 3753 3437; baseline -0.004 -16"><span class='ocrx_word' id='word_1_572' title='bbox 2046 3368 2307 3437; x_wconf 85' lang='lat' dir='ltr'><strong>jumentis</strong></span> <span class='ocrx_word' id='word_1_573' title='bbox 2325 3368 2385 3420; x_wconf 89' lang='lat' dir='ltr'><strong>in</strong></span> <span class='ocrx_word' id='word_1_574' title='bbox 2416 3381 2604 3434; x_wconf 87' lang='lat' dir='ltr'><strong>genere</strong></span> <span class='ocrx_word' id='word_1_575' title='bbox 2642 3380 2760 3433; x_wconf 89' lang='lat' dir='ltr'><strong>suo,</strong></span> <span class='ocrx_word' id='word_1_576' title='bbox 2791 3364 2861 3420; x_wconf 92' lang='lat' dir='ltr'><strong>de</strong></span> <span class='ocrx_word' id='word_1_577' title='bbox 2908 3363 3321 3433; x_wconf 88' lang='lat' dir='ltr'><strong>cupiditatibus</strong></span> <span class='ocrx_word' id='word_1_578' title='bbox 3358 3361 3573 3417; x_wconf 88' lang='lat' dir='ltr'><strong>scilicet</strong></span> <span class='ocrx_word' id='word_1_579' title='bbox 3604 3374 3753 3430; x_wconf 88' lang='lat' dir='ltr'><strong>qua-</strong></span> 
     </span>
    </p>
   </div>
   <div class='ocr_carea' id='block_1_79' title="bbox 2052 3449 3753 3525">
    <p class='ocr_par' dir='ltr' id='par_1_79' title="bbox 2052 3449 3753 3525">
     <span class='ocr_line' id='line_1_79' title="bbox 2052 3449 3753 3525; baseline -0.006 -13"><span class='ocrx_word' id='word_1_580' title='bbox 2052 3469 2286 3525; x_wconf 89' lang='lat' dir='ltr'><strong>cunque</strong></span> <span class='ocrx_word' id='word_1_581' title='bbox 2325 3454 2767 3525; x_wconf 89' lang='lat' dir='ltr'><strong>concupiscatur</strong></span> <span class='ocrx_word' id='word_1_582' title='bbox 2821 3453 2878 3507; x_wconf 92' lang='lat' dir='ltr'><strong>in</strong></span> <span class='ocrx_word' id='word_1_583' title='bbox 2925 3466 3120 3520; x_wconf 90' lang='lat' dir='ltr'><strong>causa,</strong></span> <span class='ocrx_word' id='word_1_584' title='bbox 3154 3456 3204 3505; x_wconf 87' lang='lat' dir='ltr'><strong>et</strong></span> <span class='ocrx_word' id='word_1_585' title='bbox 3268 3467 3336 3505; x_wconf 78' lang='lat' dir='ltr'><strong>ea:</strong></span> <span class='ocrx_word' id='word_1_586' title='bbox 3375 3452 3520 3505; x_wconf 87' lang='lat' dir='ltr'><strong>omni</strong></span> <span class='ocrx_word' id='word_1_587' title='bbox 3555 3449 3753 3517; x_wconf 83' lang='lat' dir='ltr'><strong>reptili</strong></span> 
     </span>
    </p>
   </div>
   <div class='ocr_carea' id='block_1_80' title="bbox 2054 3535 3751 3608">
    <p class='ocr_par' dir='ltr' id='par_1_80' title="bbox 2054 3535 3751 3608">
     <span class='ocr_line' id='line_1_80' title="bbox 2054 3535 3751 3608; baseline -0.004 -10"><span class='ocrx_word' id='word_1_588' title='bbox 2054 3549 2208 3600; x_wconf 72' lang='lat' dir='ltr'><strong>terra:</strong></span> <span class='ocrx_word' id='word_1_589' title='bbox 2228 3541 2518 3598; x_wconf 84' lang='lat' dir='ltr'><strong>secundum</strong></span> <span class='ocrx_word' id='word_1_590' title='bbox 2563 3556 2729 3608; x_wconf 88' lang='lat' dir='ltr'><strong>genus</strong></span> <span class='ocrx_word' id='word_1_591' title='bbox 2758 3556 2936 3608; x_wconf 88' lang='lat' dir='ltr'><strong>suum,</strong></span> <span class='ocrx_word' id='word_1_592' title='bbox 2996 3540 3051 3595; x_wconf 90' lang='lat' dir='ltr'><strong>id</strong></span> <span class='ocrx_word' id='word_1_593' title='bbox 3103 3547 3189 3596; x_wconf 88' lang='lat' dir='ltr'><strong>est</strong></span> <span class='ocrx_word' id='word_1_594' title='bbox 3217 3553 3290 3595; x_wconf 88' lang='lat' dir='ltr'><strong>ex</strong></span> <span class='ocrx_word' id='word_1_595' title='bbox 3342 3537 3498 3593; x_wconf 91' lang='lat' dir='ltr'><strong>omni</strong></span> <span class='ocrx_word' id='word_1_596' title='bbox 3541 3535 3751 3607; x_wconf 86' lang='lat' dir='ltr'><strong>ﬂagitii</strong></span> 
     </span>
    </p>
   </div>
   <div class='ocr_carea' id='block_1_81' title="bbox 2054 3624 3755 3704">
    <p class='ocr_par' dir='ltr' id='par_1_81' title="bbox 2054 3624 3755 3704">
     <span class='ocr_line' id='line_1_81' title="bbox 2054 3624 3755 3704; baseline -0.004 -16"><span class='ocrx_word' id='word_1_597' title='bbox 2054 3645 2280 3704; x_wconf 89' lang='lat' dir='ltr'><strong>genere,</strong></span> <span class='ocrx_word' id='word_1_598' title='bbox 2313 3645 2430 3701; x_wconf 90' lang='lat' dir='ltr'><strong>quo</strong></span> <span class='ocrx_word' id='word_1_599' title='bbox 2481 3643 2583 3700; x_wconf 91' lang='lat' dir='ltr'><strong>per</strong></span> <span class='ocrx_word' id='word_1_600' title='bbox 2629 3629 2822 3686; x_wconf 89' lang='lat' dir='ltr'><strong>carnis</strong></span> <span class='ocrx_word' id='word_1_601' title='bbox 2850 3635 3121 3698; x_wconf 85' lang='lat' dir='ltr'><strong>peccatur</strong></span> <span class='ocrx_word' id='word_1_602' title='bbox 3164 3626 3477 3693; x_wconf 82' lang='lat' dir='ltr'><strong>desideria;</strong></span> <span class='ocrx_word' id='word_1_603' title='bbox 3509 3624 3649 3681; x_wconf 91' lang='lat' dir='ltr'><strong>bina</strong></span> <span class='ocrx_word' id='word_1_604' title='bbox 3677 3625 3755 3681; x_wconf 92' lang='lat' dir='ltr'><strong>de</strong></span> 
     </span>
    </p>
   </div>
   <div class='ocr_carea' id='block_1_82' title="bbox 2052 3709 3752 3789">
    <p class='ocr_par' dir='ltr' id='par_1_82' title="bbox 2052 3709 3752 3789">
     <span class='ocr_line' id='line_1_82' title="bbox 2052 3709 3752 3789; baseline -0.006 -12"><span class='ocrx_word' id='word_1_605' title='bbox 2052 3709 2324 3777; x_wconf 89' lang='lat' dir='ltr'><strong>omnibus</strong></span> <span class='ocrx_word' id='word_1_606' title='bbox 2377 3718 2793 3789; x_wconf 84' lang='lat' dir='ltr'><strong>ingrediuntur</strong></span> <span class='ocrx_word' id='word_1_607' title='bbox 2837 3716 3157 3773; x_wconf 90' lang='lat' dir='ltr'><strong>nobiscum.</strong></span> <span class='ocrx_word' id='word_1_608' title='bbox 3191 3719 3254 3769; x_wconf 86' lang='lat' dir='ltr'><strong>ut</strong></span> <span class='ocrx_word' id='word_1_609' title='bbox 3299 3716 3507 3784; x_wconf 83' lang='lat' dir='ltr'><strong>possint</strong></span> <span class='ocrx_word' id='word_1_610' title='bbox 3547 3716 3752 3777; x_wconf 81' lang='lat' dir='ltr'><strong>vivere,</strong></span> 
     </span>
    </p>
   </div>
   <div class='ocr_carea' id='block_1_83' title="bbox 2055 3801 3754 3878">
    <p class='ocr_par' dir='ltr' id='par_1_83' title="bbox 2055 3801 3754 3878">
     <span class='ocr_line' id='line_1_83' title="bbox 2055 3801 3754 3878; baseline -0.005 -13"><span class='ocrx_word' id='word_1_611' title='bbox 2055 3808 2224 3865; x_wconf 84' lang='lat' dir='ltr'><strong>luxui</strong></span> <span class='ocrx_word' id='word_1_612' title='bbox 2272 3807 2518 3878; x_wconf 91' lang='lat' dir='ltr'><strong>profecto</strong></span> <span class='ocrx_word' id='word_1_613' title='bbox 2566 3805 2838 3876; x_wconf 57' lang='lat' dir='ltr'><strong>qualibet</strong></span> <span class='ocrx_word' id='word_1_614' title='bbox 2873 3812 3027 3874; x_wconf 90' lang='lat' dir='ltr'><strong>apta,</strong></span> <span class='ocrx_word' id='word_1_615' title='bbox 3078 3812 3133 3860; x_wconf 90' lang='lat' dir='ltr'><strong>et</strong></span> <span class='ocrx_word' id='word_1_616' title='bbox 3180 3802 3366 3873; x_wconf 71' lang='lat' dir='ltr'><strong>culpae</strong></span> <span class='ocrx_word' id='word_1_617' title='bbox 3413 3815 3546 3858; x_wconf 92' lang='lat' dir='ltr'><strong>cum</strong></span> <span class='ocrx_word' id='word_1_618' title='bbox 3593 3801 3754 3857; x_wconf 90' lang='lat' dir='ltr'><strong>intra</strong></span> 
     </span>
    </p>
   </div>
   <div class='ocr_carea' id='block_1_84' title="bbox 2056 3890 3751 3967">
    <p class='ocr_par' dir='ltr' id='par_1_84' title="bbox 2056 3890 3751 3967">
     <span class='ocr_line' id='line_1_84' title="bbox 2056 3890 3751 3967; baseline -0.005 -13"><span class='ocrx_word' id='word_1_619' title='bbox 2056 3911 2159 3954; x_wconf 90' lang='lat' dir='ltr'><strong>nos</strong></span> <span class='ocrx_word' id='word_1_620' title='bbox 2190 3895 2493 3967; x_wconf 89' lang='lat' dir='ltr'><strong>cogitando</strong></span> <span class='ocrx_word' id='word_1_621' title='bbox 2521 3893 2771 3950; x_wconf 90' lang='lat' dir='ltr'><strong>admissa</strong></span> <span class='ocrx_word' id='word_1_622' title='bbox 2822 3893 3054 3960; x_wconf 89' lang='lat' dir='ltr'><strong>fuerint,</strong></span> <span class='ocrx_word' id='word_1_623' title='bbox 3107 3891 3250 3963; x_wconf 85' lang='lat' dir='ltr'><strong>jugo</strong></span> <span class='ocrx_word' id='word_1_624' title='bbox 3303 3890 3496 3947; x_wconf 88' lang='lat' dir='ltr'><strong>statim</strong></span> <span class='ocrx_word' id='word_1_625' title='bbox 3557 3890 3751 3960; x_wconf 89' lang='lat' dir='ltr'><strong>depri-</strong></span> 
     </span>
    </p>
   </div>
   <div class='ocr_carea' id='block_1_85' title="bbox 2057 3972 3751 4044">
    <p class='ocr_par' dir='ltr' id='par_1_85' title="bbox 2057 3972 3751 4044">
     <span class='ocr_line' id='line_1_85' title="bbox 2057 3972 3751 4044; baseline -0.005 -7"><span class='ocrx_word' id='word_1_626' title='bbox 2057 3988 2299 4037; x_wconf 88' lang='lat' dir='ltr'><strong>muntur</strong></span> <span class='ocrx_word' id='word_1_627' title='bbox 2330 3977 2516 4033; x_wconf 88' lang='lat' dir='ltr'><strong>virilis</strong></span> <span class='ocrx_word' id='word_1_628' title='bbox 2545 3976 2744 4044; x_wconf 90' lang='lat' dir='ltr'><strong>animi,</strong></span> <span class='ocrx_word' id='word_1_629' title='bbox 2808 3984 2873 4031; x_wconf 90' lang='lat' dir='ltr'><strong>ut</strong></span> <span class='ocrx_word' id='word_1_630' title='bbox 2910 3975 2982 4030; x_wconf 89' lang='lat' dir='ltr'><strong>ad</strong></span> <span class='ocrx_word' id='word_1_631' title='bbox 3033 3974 3210 4030; x_wconf 90' lang='lat' dir='ltr'><strong>vitam</strong></span> <span class='ocrx_word' id='word_1_632' title='bbox 3268 3973 3434 4029; x_wconf 90' lang='lat' dir='ltr'><strong>nobis</strong></span> <span class='ocrx_word' id='word_1_633' title='bbox 3490 3972 3751 4039; x_wconf 85' lang='lat' dir='ltr'><strong>valeant,</strong></span> 
     </span>
    </p>
   </div>
   <div class='ocr_carea' id='block_1_86' title="bbox 2054 4060 3755 4134">
    <p class='ocr_par' dir='ltr' id='par_1_86' title="bbox 2054 4060 3755 4134">
     <span class='ocr_line' id='line_1_86' title="bbox 2054 4060 3755 4134; baseline -0.007 -8"><span class='ocrx_word' id='word_1_634' title='bbox 2054 4071 2194 4126; x_wconf 92' lang='lat' dir='ltr'><strong>dum</strong></span> <span class='ocrx_word' id='word_1_635' title='bbox 2251 4068 2393 4124; x_wconf 88' lang='lat' dir='ltr'><strong>bene</strong></span> <span class='ocrx_word' id='word_1_636' title='bbox 2444 4067 2682 4133; x_wconf 90' lang='lat' dir='ltr'><strong>utimur,</strong></span> <span class='ocrx_word' id='word_1_637' title='bbox 2741 4064 3053 4121; x_wconf 90' lang='lat' dir='ltr'><strong>tentatione</strong></span> <span class='ocrx_word' id='word_1_638' title='bbox 3106 4064 3393 4134; x_wconf 81' lang='lat' dir='ltr'><strong>prodesse.</strong></span> <span class='ocrx_word' id='word_1_639' title='bbox 3454 4062 3586 4118; x_wconf 63' lang='lat' dir='ltr'><strong>Haec</strong></span> <span class='ocrx_word' id='word_1_640' title='bbox 3640 4060 3755 4116; x_wconf 86' lang='lat' dir='ltr'><strong>tria</strong></span> 
     </span>
    </p>
   </div>
   <div class='ocr_carea' id='block_1_87' title="bbox 2057 4151 3753 4229">
    <p class='ocr_par' dir='ltr' id='par_1_87' title="bbox 2057 4151 3753 4229">
     <span class='ocr_line' id='line_1_87' title="bbox 2057 4151 3753 4229; baseline -0.006 -14"><span class='ocrx_word' id='word_1_641' title='bbox 2057 4156 2324 4229; x_wconf 88' lang='lat' dir='ltr'><strong>peccandi</strong></span> <span class='ocrx_word' id='word_1_642' title='bbox 2361 4169 2572 4227; x_wconf 86' lang='lat' dir='ltr'><strong>genera</strong></span> <span class='ocrx_word' id='word_1_643' title='bbox 2603 4160 2701 4209; x_wconf 74' lang='lat'><strong>43</strong></span> <span class='ocrx_word' id='word_1_644' title='bbox 2726 4153 2898 4209; x_wconf 90' lang='lat' dir='ltr'><strong>etiam</strong></span> <span class='ocrx_word' id='word_1_645' title='bbox 2918 4152 3166 4208; x_wconf 83' lang='lat' dir='ltr'><strong>Joannes</strong></span> <span class='ocrx_word' id='word_1_646' title='bbox 3215 4151 3503 4221; x_wconf 90' lang='lat' dir='ltr'><strong>apostolus</strong></span> <span class='ocrx_word' id='word_1_647' title='bbox 3535 4162 3753 4205; x_wconf 86' lang='lat' dir='ltr'><strong>memo-</strong></span> 
     </span>
    </p>
   </div>
   <div class='ocr_carea' id='block_1_88' title="bbox 255 4238 3757 4319">
    <p class='ocr_par' dir='ltr' id='par_1_88' title="bbox 255 4238 3757 4319">
     <span class='ocr_line' id='line_1_88' title="bbox 255 4238 3757 4319; baseline -0.002 -20"><span class='ocrx_word' id='word_1_648' title='bbox 255 4244 323 4300; x_wconf 91' lang='lat' dir='ltr'><strong>lis</strong></span> <span class='ocrx_word' id='word_1_649' title='bbox 342 4246 531 4302; x_wconf 86' lang='lat' dir='ltr'><strong>fervor</strong></span> <span class='ocrx_word' id='word_1_650' title='bbox 556 4244 795 4301; x_wconf 73' lang='lat' dir='ltr'><strong>allectus</strong></span> <span class='ocrx_word' id='word_1_651' title='bbox 831 4245 1068 4314; x_wconf 89' lang='lat' dir='ltr'><strong>superni</strong></span> <span class='ocrx_word' id='word_1_652' title='bbox 1099 4246 1311 4301; x_wconf 89' lang='lat' dir='ltr'><strong>amoris</strong></span> <span class='ocrx_word' id='word_1_653' title='bbox 1343 4247 1499 4302; x_wconf 90' lang='lat' dir='ltr'><strong>unda</strong></span> <span class='ocrx_word' id='word_1_654' title='bbox 1542 4247 1939 4319; x_wconf 84' lang='lat' dir='ltr'><strong>restinguitur.</strong></span> <span class='ocrx_word' id='word_1_655' title='bbox 1981 4245 2024 4299; x_wconf 91' lang='lat' dir='ltr'><strong>D</strong></span> <span class='ocrx_word' id='word_1_656' title='bbox 2050 4254 2160 4311; x_wconf 87' lang='lat' dir='ltr'><strong>rat,</strong></span> <span class='ocrx_word' id='word_1_657' title='bbox 2200 4258 2268 4301; x_wconf 90' lang='lat' dir='ltr'><strong>ac</strong></span> <span class='ocrx_word' id='word_1_658' title='bbox 2321 4244 2368 4300; x_wconf 92' lang='lat' dir='ltr'><strong>si</strong></span> <span class='ocrx_word' id='word_1_659' title='bbox 2401 4244 2803 4299; x_wconf 88' lang='lat' dir='ltr'><strong>universorum</strong></span> <span class='ocrx_word' id='word_1_660' title='bbox 2859 4240 3167 4296; x_wconf 89' lang='lat' dir='ltr'><strong>criminum</strong></span> <span class='ocrx_word' id='word_1_661' title='bbox 3207 4238 3524 4302; x_wconf 86' lang='lat' dir='ltr'><strong>materiam,</strong></span> <span class='ocrx_word' id='word_1_662' title='bbox 3582 4250 3757 4293; x_wconf 87' lang='lat' dir='ltr'><strong>omne</strong></span> 
     </span>
    </p>
   </div>
   <div class='ocr_carea' id='block_1_89' title="bbox 256 4330 1799 4406">
    <p class='ocr_par' dir='ltr' id='par_1_89' title="bbox 256 4330 1799 4406">
     <span class='ocr_line' id='line_1_89' title="bbox 256 4330 1799 4406; baseline 0.002 -18"><span class='ocrx_word' id='word_1_663' title='bbox 256 4330 313 4388; x_wconf 92' lang='lat' dir='ltr'><strong>in</strong></span> <span class='ocrx_word' id='word_1_664' title='bbox 335 4340 622 4403; x_wconf 90' lang='lat' dir='ltr'><strong>quantum</strong></span> <span class='ocrx_word' id='word_1_665' title='bbox 647 4334 808 4389; x_wconf 91' lang='lat' dir='ltr'><strong>carni</strong></span> <span class='ocrx_word' id='word_1_666' title='bbox 839 4332 1073 4403; x_wconf 88' lang='lat' dir='ltr'><strong>spiritus</strong></span> <span class='ocrx_word' id='word_1_667' title='bbox 1092 4335 1404 4404; x_wconf 74' lang='lat' dir='ltr'><strong>praevalere</strong></span> <span class='ocrx_word' id='word_1_668' title='bbox 1431 4336 1799 4406; x_wconf 90' lang='lat' dir='ltr'><strong>permittitur.</strong></span> 
     </span>
    </p>
   </div>
   <div class='ocr_carea' id='block_1_90' title="bbox 328 4420 1947 4493">
    <p class='ocr_par' dir='ltr' id='par_1_90' title="bbox 328 4420 1947 4493">
     <span class='ocr_line' id='line_1_90' title="bbox 328 4420 1947 4493; baseline 0.003 -18"><span class='ocrx_word' id='word_1_669' title='bbox 328 4420 498 4477; x_wconf 77' lang='lat' dir='ltr'><strong>VERS.</strong></span> <span class='ocrx_word' id='word_1_670' title='bbox 530 4423 613 4475; x_wconf 89' lang='lat' dir='ltr'><strong>l8.</strong></span> <span class='ocrx_word' id='word_1_671' title='bbox 648 4448 716 4461; x_wconf 91' lang='lat'>—</span> <span class='ocrx_word' id='word_1_672' title='bbox 746 4422 1052 4490; x_wconf 86' lang='lat' dir='ltr'><strong>Ponamque</strong></span> <span class='ocrx_word' id='word_1_673' title='bbox 1074 4423 1255 4487; x_wconf 70' lang='lat' dir='ltr'><strong>[trdus</strong></span> <span class='ocrx_word' id='word_1_674' title='bbox 1296 4438 1469 4477; x_wconf 88' lang='lat' dir='ltr'><strong>meum</strong></span> <span class='ocrx_word' id='word_1_675' title='bbox 1517 4428 1706 4493; x_wconf 88' lang='lat' dir='ltr'><strong>tecum,</strong></span> <span class='ocrx_word' id='word_1_676' title='bbox 1747 4429 1799 4479; x_wconf 89' lang='lat' dir='ltr'><strong>et</strong></span> <span class='ocrx_word' id='word_1_677' title='bbox 1853 4429 1947 4480; x_wconf 86' lang='lat' dir='ltr'><strong>in-</strong></span> 
     </span>
    </p>
   </div>
   <div class='ocr_carea' id='block_1_91' title="bbox 256 4510 1948 4580">
    <p class='ocr_par' dir='ltr' id='par_1_91' title="bbox 256 4510 1948 4580">
     <span class='ocr_line' id='line_1_91' title="bbox 256 4510 1948 4580; baseline 0.005 -18"><span class='ocrx_word' id='word_1_678' title='bbox 256 4510 520 4578; x_wconf 78' lang='lat' dir='ltr'><strong>grediaris</strong></span> <span class='ocrx_word' id='word_1_679' title='bbox 568 4523 772 4577; x_wconf 86' lang='lat' dir='ltr'><strong>arcam,</strong></span> <span class='ocrx_word' id='word_1_680' title='bbox 833 4513 914 4578; x_wconf 87' lang='lat' dir='ltr'><strong>tu,</strong></span> <span class='ocrx_word' id='word_1_681' title='bbox 969 4516 1021 4565; x_wconf 90' lang='lat' dir='ltr'><strong>et</strong></span> <span class='ocrx_word' id='word_1_682' title='bbox 1048 4512 1156 4579; x_wconf 77' lang='lat' dir='ltr'><strong>filii</strong></span> <span class='ocrx_word' id='word_1_683' title='bbox 1189 4514 1290 4577; x_wconf 89' lang='lat' dir='ltr'><strong>tui,</strong></span> <span class='ocrx_word' id='word_1_684' title='bbox 1320 4526 1461 4566; x_wconf 65' lang='lat' dir='ltr'><strong>uxor</strong></span> <span class='ocrx_word' id='word_1_685' title='bbox 1511 4516 1627 4580; x_wconf 85' lang='lat' dir='ltr'><strong>tua,</strong></span> <span class='ocrx_word' id='word_1_686' title='bbox 1665 4518 1717 4568; x_wconf 87' lang='lat' dir='ltr'><strong>et</strong></span> <span class='ocrx_word' id='word_1_687' title='bbox 1753 4530 1948 4570; x_wconf 66' lang='lat' dir='ltr'><strong>uxores</strong></span> 
     </span>
    </p>
   </div>
   <div class='ocr_carea' id='block_1_92' title="bbox 256 4598 1946 4673">
    <p class='ocr_par' dir='ltr' id='par_1_92' title="bbox 256 4598 1946 4673">
     <span class='ocr_line' id='line_1_92' title="bbox 256 4598 1946 4673; baseline 0.005 -22"><span class='ocrx_word' id='word_1_688' title='bbox 256 4599 496 4669; x_wconf 81' lang='lat' dir='ltr'><strong>ﬁliorum</strong></span> <span class='ocrx_word' id='word_1_689' title='bbox 525 4601 738 4650; x_wconf 85' lang='lat' dir='ltr'><strong>tuorum</strong></span> <span class='ocrx_word' id='word_1_690' title='bbox 766 4603 950 4653; x_wconf 85' lang='lat' dir='ltr'><strong>tecum.</strong></span> <span class='ocrx_word' id='word_1_691' title='bbox 979 4598 1187 4655; x_wconf 74' lang='lat' dir='ltr'><strong>Foedus</strong></span> <span class='ocrx_word' id='word_1_692' title='bbox 1215 4613 1389 4655; x_wconf 89' lang='lat' dir='ltr'><strong>suum</strong></span> <span class='ocrx_word' id='word_1_693' title='bbox 1446 4600 1742 4658; x_wconf 91' lang='lat' dir='ltr'><strong>nobiscum</strong></span> <span class='ocrx_word' id='word_1_694' title='bbox 1769 4604 1946 4673; x_wconf 83' lang='lat' dir='ltr'><strong>ponit,</strong></span> 
     </span>
    </p>
   </div>
   <div class='ocr_carea' id='block_1_93' title="bbox 257 4683 1952 4763">
    <p class='ocr_par' dir='ltr' id='par_1_93' title="bbox 257 4683 1952 4763">
     <span class='ocr_line' id='line_1_93' title="bbox 257 4683 1952 4763; baseline 0.003 -21"><span class='ocrx_word' id='word_1_695' title='bbox 257 4700 390 4743; x_wconf 90' lang='lat' dir='ltr'><strong>cum</strong></span> <span class='ocrx_word' id='word_1_696' title='bbox 419 4683 700 4741; x_wconf 84' lang='lat' dir='ltr'><strong>exstincta</strong></span> <span class='ocrx_word' id='word_1_697' title='bbox 720 4686 1094 4743; x_wconf 90' lang='lat' dir='ltr'><strong>oblectatione</strong></span> <span class='ocrx_word' id='word_1_698' title='bbox 1123 4687 1317 4763; x_wconf 74' lang='lat' dir='ltr'><strong>saeculi</strong></span> <span class='ocrx_word' id='word_1_699' title='bbox 1347 4687 1510 4744; x_wconf 90' lang='lat' dir='ltr'><strong>docet</strong></span> <span class='ocrx_word' id='word_1_700' title='bbox 1566 4689 1808 4746; x_wconf 89' lang='lat' dir='ltr'><strong>interius</strong></span> <span class='ocrx_word' id='word_1_701' title='bbox 1848 4706 1952 4747; x_wconf 89' lang='lat' dir='ltr'><strong>nos</strong></span> 
     </span>
    </p>
   </div>
   <div class='ocr_carea' id='block_1_94' title="bbox 260 4773 1951 4846">
    <p class='ocr_par' dir='ltr' id='par_1_94' title="bbox 260 4773 1951 4846">
     <span class='ocr_line' id='line_1_94' title="bbox 260 4773 1951 4846; baseline 0.004 -16"><span class='ocrx_word' id='word_1_702' title='bbox 260 4781 511 4846; x_wconf 89' lang='lat' dir='ltr'><strong>gustare,</strong></span> <span class='ocrx_word' id='word_1_703' title='bbox 541 4779 598 4829; x_wconf 88' lang='lat' dir='ltr'><strong>ot</strong></span> <span class='ocrx_word' id='word_1_704' title='bbox 625 4773 838 4842; x_wconf 90' lang='lat' dir='ltr'><strong>videre,</strong></span> <span class='ocrx_word' id='word_1_705' title='bbox 900 4775 1040 4846; x_wconf 90' lang='lat' dir='ltr'><strong>quia</strong></span> <span class='ocrx_word' id='word_1_706' title='bbox 1081 4775 1376 4832; x_wconf 73' lang='lat' dir='ltr'><strong>adhaerere</strong></span> <span class='ocrx_word' id='word_1_707' title='bbox 1432 4777 1648 4834; x_wconf 90' lang='lat' dir='ltr'><strong>bonum</strong></span> <span class='ocrx_word' id='word_1_708' title='bbox 1705 4786 1788 4836; x_wconf 90' lang='lat' dir='ltr'><strong>est</strong></span> <span class='ocrx_word' id='word_1_709' title='bbox 1843 4781 1951 4836; x_wconf 88' lang='lat' dir='ltr'><strong>sibi</strong></span> 
     </span>
    </p>
   </div>
   <div class='ocr_carea' id='block_1_95' title="bbox 261 4863 1949 4941">
    <p class='ocr_par' dir='ltr' id='par_1_95' title="bbox 261 4863 1949 4941">
     <span class='ocr_line' id='line_1_95' title="bbox 261 4863 1949 4941; baseline 0.003 -22"><span class='ocrx_word' id='word_1_710' title='bbox 261 4863 424 4932; x_wconf 87' lang='lat' dir='ltr'><strong>(Psal.</strong></span> <span class='ocrx_word' id='word_1_711' title='bbox 483 4876 649 4932; x_wconf 82' lang='lat' dir='ltr'><strong>Lxxu,</strong></span> <span class='ocrx_word' id='word_1_712' title='bbox 684 4866 803 4935; x_wconf 75' lang='lat'><strong>28);</strong></span> <span class='ocrx_word' id='word_1_713' title='bbox 862 4878 962 4934; x_wconf 92' lang='lat' dir='ltr'><strong>per</strong></span> <span class='ocrx_word' id='word_1_714' title='bbox 1017 4864 1244 4921; x_wconf 71' lang='lat' dir='ltr'><strong>fwderis</strong></span> <span class='ocrx_word' id='word_1_715' title='bbox 1311 4866 1487 4936; x_wconf 91' lang='lat' dir='ltr'><strong>hujus</strong></span> <span class='ocrx_word' id='word_1_716' title='bbox 1540 4868 1658 4924; x_wconf 92' lang='lat' dir='ltr'><strong>vim</strong></span> <span class='ocrx_word' id='word_1_717' title='bbox 1712 4869 1769 4924; x_wconf 93' lang='lat' dir='ltr'><strong>in</strong></span> <span class='ocrx_word' id='word_1_718' title='bbox 1807 4886 1949 4941; x_wconf 81' lang='lat' dir='ltr'><strong>quo-</strong></span> 
     </span>
    </p>
   </div>
   <div class='ocr_carea' id='block_1_96' title="bbox 261 4951 1949 5023">
    <p class='ocr_par' dir='ltr' id='par_1_96' title="bbox 261 4951 1949 5023">
     <span class='ocr_line' id='line_1_96' title="bbox 261 4951 1949 5023; baseline 0.004 -16"><span class='ocrx_word' id='word_1_719' title='bbox 261 4951 527 5007; x_wconf 89' lang='lat' dir='ltr'><strong>rumdam</strong></span> <span class='ocrx_word' id='word_1_720' title='bbox 560 4953 621 5009; x_wconf 85' lang='lat' dir='ltr'><strong>ﬁt</strong></span> <span class='ocrx_word' id='word_1_721' title='bbox 659 4961 989 5009; x_wconf 89' lang='lat' dir='ltr'><strong>sanctorum</strong></span> <span class='ocrx_word' id='word_1_722' title='bbox 1020 4953 1291 5010; x_wconf 90' lang='lat' dir='ltr'><strong>cordibus</strong></span> <span class='ocrx_word' id='word_1_723' title='bbox 1317 4961 1477 5012; x_wconf 89' lang='lat' dir='ltr'><strong>tanta</strong></span> <span class='ocrx_word' id='word_1_724' title='bbox 1504 4958 1826 5014; x_wconf 88' lang='lat' dir='ltr'><strong>constantia</strong></span> <span class='ocrx_word' id='word_1_725' title='bbox 1867 4965 1949 5023; x_wconf 92' lang='lat' dir='ltr'><strong>ut,</strong></span> 
     </span>
    </p>
   </div>
   <div class='ocr_carea' id='block_1_97' title="bbox 260 5040 1953 5115">
    <p class='ocr_par' dir='ltr' id='par_1_97' title="bbox 260 5040 1953 5115">
     <span class='ocr_line' id='line_1_97' title="bbox 260 5040 1953 5115; baseline 0.003 -20"><span class='ocrx_word' id='word_1_726' title='bbox 260 5040 309 5096; x_wconf 91' lang='lat' dir='ltr'><strong>si</strong></span> <span class='ocrx_word' id='word_1_727' title='bbox 360 5040 524 5097; x_wconf 88' lang='lat' dir='ltr'><strong>nulla</strong></span> <span class='ocrx_word' id='word_1_728' title='bbox 570 5049 758 5098; x_wconf 89' lang='lat' dir='ltr'><strong>essent</strong></span> <span class='ocrx_word' id='word_1_729' title='bbox 808 5041 1017 5098; x_wconf 91' lang='lat' dir='ltr'><strong>inferni</strong></span> <span class='ocrx_word' id='word_1_730' title='bbox 1059 5042 1361 5113; x_wconf 88' lang='lat' dir='ltr'><strong>supplicia,</strong></span> <span class='ocrx_word' id='word_1_731' title='bbox 1412 5059 1717 5115; x_wconf 89' lang='lat' dir='ltr'><strong>nunquam</strong></span> <span class='ocrx_word' id='word_1_732' title='bbox 1762 5053 1953 5100; x_wconf 89' lang='lat' dir='ltr'><strong>tamen</strong></span> 
     </span>
    </p>
   </div>
   <div class='ocr_carea' id='block_1_98' title="bbox 262 5128 1955 5204">
    <p class='ocr_par' dir='ltr' id='par_1_98' title="bbox 262 5128 1955 5204">
     <span class='ocr_line' id='line_1_98' title="bbox 262 5128 1955 5204; baseline 0.002 -20"><span class='ocrx_word' id='word_1_733' title='bbox 262 5136 492 5199; x_wconf 82' lang='lat' dir='ltr'><strong>accepta</strong></span> <span class='ocrx_word' id='word_1_734' title='bbox 557 5128 825 5187; x_wconf 89' lang='lat' dir='ltr'><strong>desistere</strong></span> <span class='ocrx_word' id='word_1_735' title='bbox 882 5130 1095 5186; x_wconf 89' lang='lat' dir='ltr'><strong>vellent</strong></span> <span class='ocrx_word' id='word_1_736' title='bbox 1132 5131 1385 5202; x_wconf 77' lang='lat' dir='ltr'><strong>&#39;justitia.</strong></span> <span class='ocrx_word' id='word_1_737' title='bbox 1452 5132 1784 5204; x_wconf 84' lang='lat' dir='ltr'><strong>Ingreditur</strong></span> <span class='ocrx_word' id='word_1_738' title='bbox 1836 5132 1955 5189; x_wconf 88' lang='lat' dir='ltr'><strong>Noe</strong></span> 
     </span>
    </p>
   </div>
   <div class='ocr_carea' id='block_1_99' title="bbox 262 5216 1953 5288">
    <p class='ocr_par' dir='ltr' id='par_1_99' title="bbox 262 5216 1953 5288">
     <span class='ocr_line' id='line_1_99' title="bbox 262 5216 1953 5288; baseline 0.004 -18"><span class='ocrx_word' id='word_1_739' title='bbox 262 5224 473 5284; x_wconf 86' lang='lat' dir='ltr'><strong>uoster,</strong></span> <span class='ocrx_word' id='word_1_740' title='bbox 519 5224 576 5273; x_wconf 89' lang='lat' dir='ltr'><strong>et</strong></span> <span class='ocrx_word' id='word_1_741' title='bbox 620 5216 722 5273; x_wconf 91' lang='lat' dir='ltr'><strong>ﬁlii</strong></span> <span class='ocrx_word' id='word_1_742' title='bbox 768 5217 895 5287; x_wconf 82' lang='lat' dir='ltr'><strong>ejus</strong></span> <span class='ocrx_word' id='word_1_743' title='bbox 925 5232 1143 5288; x_wconf 89' lang='lat' dir='ltr'><strong>arcam,</strong></span> <span class='ocrx_word' id='word_1_744' title='bbox 1183 5219 1323 5276; x_wconf 92' lang='lat' dir='ltr'><strong>dum</strong></span> <span class='ocrx_word' id='word_1_745' title='bbox 1369 5220 1551 5276; x_wconf 91' lang='lat' dir='ltr'><strong>libera</strong></span> <span class='ocrx_word' id='word_1_746' title='bbox 1599 5234 1631 5274; x_wconf 91' lang='lat' dir='ltr'><strong>a</strong></span> <span class='ocrx_word' id='word_1_747' title='bbox 1681 5219 1953 5276; x_wconf 88' lang='lat' dir='ltr'><strong>vitiorum</strong></span> 
     </span>
    </p>
   </div>
   <div class='ocr_carea' id='block_1_100' title="bbox 264 5305 1958 5376">
    <p class='ocr_par' dir='ltr' id='par_1_100' title="bbox 264 5305 1958 5376">
     <span class='ocr_line' id='line_1_100' title="bbox 264 5305 1958 5376; baseline 0.002 -16"><span class='ocrx_word' id='word_1_748' title='bbox 264 5305 663 5375; x_wconf 89' lang='lat' dir='ltr'><strong>inquietudine</strong></span> <span class='ocrx_word' id='word_1_749' title='bbox 691 5319 853 5362; x_wconf 91' lang='lat' dir='ltr'><strong>mens</strong></span> <span class='ocrx_word' id='word_1_750' title='bbox 879 5320 1011 5362; x_wconf 90' lang='lat' dir='ltr'><strong>cum</strong></span> <span class='ocrx_word' id='word_1_751' title='bbox 1042 5321 1283 5363; x_wconf 90' lang='lat' dir='ltr'><strong>suarum</strong></span> <span class='ocrx_word' id='word_1_752' title='bbox 1318 5307 1472 5376; x_wconf 90' lang='lat' dir='ltr'><strong>prole</strong></span> <span class='ocrx_word' id='word_1_753' title='bbox 1505 5308 1786 5363; x_wconf 91' lang='lat' dir='ltr'><strong>virtutum</strong></span> <span class='ocrx_word' id='word_1_754' title='bbox 1822 5309 1958 5364; x_wconf 89' lang='lat' dir='ltr'><strong>inte-</strong></span> 
     </span>
    </p>
   </div>
   <div class='ocr_carea' id='block_1_101' title="bbox 262 5393 1957 5453">
    <p class='ocr_par' dir='ltr' id='par_1_101' title="bbox 262 5393 1957 5453">
     <span class='ocr_line' id='line_1_101' title="bbox 262 5393 1957 5453; baseline 0.002 -3"><span class='ocrx_word' id='word_1_755' title='bbox 262 5393 401 5450; x_wconf 89' lang='lat' dir='ltr'><strong>riori</strong></span> <span class='ocrx_word' id='word_1_756' title='bbox 430 5399 698 5450; x_wconf 90' lang='lat' dir='ltr'><strong>contenta</strong></span> <span class='ocrx_word' id='word_1_757' title='bbox 736 5394 1056 5451; x_wconf 89' lang='lat' dir='ltr'><strong>testimonio</strong></span> <span class='ocrx_word' id='word_1_758' title='bbox 1091 5396 1245 5451; x_wconf 90' lang='lat' dir='ltr'><strong>intra</strong></span> <span class='ocrx_word' id='word_1_759' title='bbox 1271 5394 1632 5451; x_wconf 70' lang='lat' dir='ltr'><strong>conscientize</strong></span> <span class='ocrx_word' id='word_1_760' title='bbox 1664 5394 1858 5452; x_wconf 88' lang='lat' dir='ltr'><strong>abdita</strong></span> <span class='ocrx_word' id='word_1_761' title='bbox 1897 5410 1957 5453; x_wconf 88' lang='lat' dir='ltr'><strong>se</strong></span> 
     </span>
    </p>
   </div>
   <div class='ocr_carea' id='block_1_102' title="bbox 263 5480 1956 5553">
    <p class='ocr_par' dir='ltr' id='par_1_102' title="bbox 263 5480 1956 5553">
     <span class='ocr_line' id='line_1_102' title="bbox 263 5480 1956 5553; baseline 0.002 -17"><span class='ocrx_word' id='word_1_762' title='bbox 263 5481 588 5544; x_wconf 82' lang='lat' dir='ltr'><strong>abscondit;</strong></span> <span class='ocrx_word' id='word_1_763' title='bbox 618 5480 714 5538; x_wconf 92' lang='lat' dir='ltr'><strong>cui</strong></span> <span class='ocrx_word' id='word_1_764' title='bbox 745 5481 889 5539; x_wconf 90' lang='lat' dir='ltr'><strong>miro</strong></span> <span class='ocrx_word' id='word_1_765' title='bbox 926 5482 1176 5540; x_wconf 91' lang='lat' dir='ltr'><strong>concinit</strong></span> <span class='ocrx_word' id='word_1_766' title='bbox 1204 5481 1372 5539; x_wconf 92' lang='lat' dir='ltr'><strong>modo</strong></span> <span class='ocrx_word' id='word_1_767' title='bbox 1402 5481 1558 5553; x_wconf 92' lang='lat' dir='ltr'><strong>quod</strong></span> <span class='ocrx_word' id='word_1_768' title='bbox 1614 5483 1794 5539; x_wconf 84' lang='lat' dir='ltr'><strong>Maria</strong></span> <span class='ocrx_word' id='word_1_769' title='bbox 1823 5497 1956 5540; x_wconf 88' lang='lat' dir='ltr'><strong>cum</strong></span> 
     </span>
    </p>
   </div>
   <div class='ocr_carea' id='block_1_103' title="bbox 2053 4326 3754 4406">
    <p class='ocr_par' dir='ltr' id='par_1_103' title="bbox 2053 4326 3754 4406">
     <span class='ocr_line' id='line_1_103' title="bbox 2053 4326 3754 4406; baseline -0.004 -17"><span class='ocrx_word' id='word_1_770' title='bbox 2053 4335 2208 4406; x_wconf 88' lang='lat' dir='ltr'><strong>quod</strong></span> <span class='ocrx_word' id='word_1_771' title='bbox 2269 4334 2326 4388; x_wconf 93' lang='lat' dir='ltr'><strong>in</strong></span> <span class='ocrx_word' id='word_1_772' title='bbox 2374 4332 2591 4388; x_wconf 92' lang='lat' dir='ltr'><strong>mundo</strong></span> <span class='ocrx_word' id='word_1_773' title='bbox 2644 4339 2729 4387; x_wconf 89' lang='lat' dir='ltr'><strong>est</strong></span> <span class='ocrx_word' id='word_1_774' title='bbox 2783 4343 3059 4397; x_wconf 90' lang='lat' dir='ltr'><strong>asserens,</strong></span> <span class='ocrx_word' id='word_1_775' title='bbox 3096 4336 3198 4384; x_wconf 86' lang='lat' dir='ltr'><strong>aut</strong></span> <span class='ocrx_word' id='word_1_776' title='bbox 3229 4326 3754 4396; x_wconf 87' lang='lat' dir='ltr'><strong>concupiscentiam</strong></span> 
     </span>
    </p>
   </div>
   <div class='ocr_carea' id='block_1_104' title="bbox 2054 4414 3754 4489">
    <p class='ocr_par' dir='ltr' id='par_1_104' title="bbox 2054 4414 3754 4489">
     <span class='ocr_line' id='line_1_104' title="bbox 2054 4414 3754 4489; baseline -0.005 -9"><span class='ocrx_word' id='word_1_777' title='bbox 2054 4423 2266 4487; x_wconf 91' lang='lat' dir='ltr'><strong>carnis,</strong></span> <span class='ocrx_word' id='word_1_778' title='bbox 2281 4429 2385 4477; x_wconf 88' lang='lat' dir='ltr'><strong>aut</strong></span> <span class='ocrx_word' id='word_1_779' title='bbox 2408 4419 2933 4489; x_wconf 82' lang='lat' dir='ltr'><strong>concupiscentiam</strong></span> <span class='ocrx_word' id='word_1_780' title='bbox 2953 4416 3276 4481; x_wconf 90' lang='lat' dir='ltr'><strong>oculorum,</strong></span> <span class='ocrx_word' id='word_1_781' title='bbox 3301 4423 3402 4472; x_wconf 91' lang='lat' dir='ltr'><strong>aut</strong></span> <span class='ocrx_word' id='word_1_782' title='bbox 3420 4414 3754 4486; x_wconf 89' lang='lat' dir='ltr'><strong>superbiam</strong></span> 
     </span>
    </p>
   </div>
   <div class='ocr_carea' id='block_1_105' title="bbox 2058 4510 2665 4579">
    <p class='ocr_par' dir='ltr' id='par_1_105' title="bbox 2058 4510 2665 4579">
     <span class='ocr_line' id='line_1_105' title="bbox 2058 4510 2665 4579; baseline -0.012 -10"><span class='ocrx_word' id='word_1_783' title='bbox 2058 4513 2189 4569; x_wconf 70' lang='lat' dir='ltr'><strong>vitae</strong></span> <span class='ocrx_word' id='word_1_784' title='bbox 2215 4513 2264 4579; x_wconf 93' lang='grc' dir='ltr'><strong>(Ι</strong></span> <span class='ocrx_word' id='word_1_785' title='bbox 2286 4513 2443 4566; x_wconf 81' lang='lat' dir='ltr'><strong>Joan.</strong></span> <span class='ocrx_word' id='word_1_786' title='bbox 2467 4525 2525 4574; x_wconf 86' lang='grc' dir='ltr'>ιι,</span> <span class='ocrx_word' id='word_1_787' title='bbox 2556 4510 2665 4577; x_wconf 81' lang='grc'><strong>16).</strong></span> 
     </span>
    </p>
   </div>
   <div class='ocr_carea' id='block_1_106' title="bbox 2127 4591 3756 4665">
    <p class='ocr_par' dir='ltr' id='par_1_106' title="bbox 2127 4591 3756 4665">
     <span class='ocr_line' id='line_1_106' title="bbox 2127 4591 3756 4665; baseline -0.007 -6"><span class='ocrx_word' id='word_1_788' title='bbox 2127 4602 2299 4659; x_wconf 72' lang='lat' dir='ltr'><strong>Vnus.</strong></span> <span class='ocrx_word' id='word_1_789' title='bbox 2355 4601 2445 4665; x_wconf 79' lang='lat' dir='ltr'><strong>2t,</strong></span> <span class='ocrx_word' id='word_1_790' title='bbox 2493 4601 2584 4652; x_wconf 77' lang='lat'><strong>22.</strong></span> <span class='ocrx_word' id='word_1_791' title='bbox 2641 4627 2710 4637; x_wconf 92' lang='lat'><strong>—</strong></span> <span class='ocrx_word' id='word_1_792' title='bbox 2761 4596 2934 4650; x_wconf 87' lang='lat' dir='ltr'><strong>Tolles</strong></span> <span class='ocrx_word' id='word_1_793' title='bbox 2976 4597 3151 4662; x_wconf 85' lang='lat' dir='ltr'><strong>igitur</strong></span> <span class='ocrx_word' id='word_1_794' title='bbox 3180 4598 3350 4649; x_wconf 87' lang='lat' dir='ltr'><strong>tecum</strong></span> <span class='ocrx_word' id='word_1_795' title='bbox 3384 4608 3452 4646; x_wconf 80' lang='lat' dir='ltr'><strong>ea:</strong></span> <span class='ocrx_word' id='word_1_796' title='bbox 3504 4591 3756 4647; x_wconf 87' lang='lat' dir='ltr'><strong>omnibus</strong></span> 
     </span>
    </p>
   </div>
   <div class='ocr_carea' id='block_1_107' title="bbox 2056 4681 3757 4760">
    <p class='ocr_par' dir='ltr' id='par_1_107' title="bbox 2056 4681 3757 4760">
     <span class='ocr_line' id='line_1_107' title="bbox 2056 4681 3757 4760; baseline -0.005 -16"><span class='ocrx_word' id='word_1_797' title='bbox 2056 4693 2190 4745; x_wconf 88' lang='lat' dir='ltr'><strong>escis</strong></span> <span class='ocrx_word' id='word_1_798' title='bbox 2220 4703 2342 4760; x_wconf 65' lang='lat' dir='ltr'><strong>quae</strong></span> <span class='ocrx_word' id='word_1_799' title='bbox 2378 4685 2573 4741; x_wconf 83' lang='lat' dir='ltr'><strong>mandi</strong></span> <span class='ocrx_word' id='word_1_800' title='bbox 2621 4688 2869 4755; x_wconf 81' lang='lat' dir='ltr'><strong>possunt,</strong></span> <span class='ocrx_word' id='word_1_801' title='bbox 2912 4688 2963 4737; x_wconf 89' lang='lat' dir='ltr'><strong>et</strong></span> <span class='ocrx_word' id='word_1_802' title='bbox 3005 4683 3366 4752; x_wconf 85' lang='lat' dir='ltr'><strong>comportabis</strong></span> <span class='ocrx_word' id='word_1_803' title='bbox 3414 4681 3566 4750; x_wconf 82' lang='lat' dir='ltr'><strong>apud</strong></span> <span class='ocrx_word' id='word_1_804' title='bbox 3606 4685 3676 4747; x_wconf 89' lang='lat' dir='ltr'><strong>te,</strong></span> <span class='ocrx_word' id='word_1_805' title='bbox 3703 4686 3757 4736; x_wconf 86' lang='lat' dir='ltr'><strong>et</strong></span> 
     </span>
    </p>
   </div>
   <div class='ocr_carea' id='block_1_108' title="bbox 2056 4769 3757 4843">
    <p class='ocr_par' dir='ltr' id='par_1_108' title="bbox 2056 4769 3757 4843">
     <span class='ocr_line' id='line_1_108' title="bbox 2056 4769 3757 4843; baseline -0.007 -10"><span class='ocrx_word' id='word_1_806' title='bbox 2056 4782 2215 4833; x_wconf 84' lang='lat' dir='ltr'><strong>erunt</strong></span> <span class='ocrx_word' id='word_1_807' title='bbox 2251 4782 2363 4830; x_wconf 88' lang='lat' dir='ltr'><strong>tam</strong></span> <span class='ocrx_word' id='word_1_808' title='bbox 2395 4776 2498 4828; x_wconf 85' lang='lat' dir='ltr'><strong>tibi</strong></span> <span class='ocrx_word' id='word_1_809' title='bbox 2539 4789 2705 4843; x_wconf 87' lang='lat' dir='ltr'><strong>quam</strong></span> <span class='ocrx_word' id='word_1_810' title='bbox 2737 4773 2849 4826; x_wconf 82' lang='lat' dir='ltr'><strong>illis</strong></span> <span class='ocrx_word' id='word_1_811' title='bbox 2891 4774 2951 4826; x_wconf 88' lang='lat' dir='ltr'><strong>in</strong></span> <span class='ocrx_word' id='word_1_812' title='bbox 2979 4772 3177 4826; x_wconf 86' lang='lat' dir='ltr'><strong>cibum.</strong></span> <span class='ocrx_word' id='word_1_813' title='bbox 3238 4773 3320 4825; x_wconf 76' lang='lat' dir='ltr'><strong>Ea:</strong></span> <span class='ocrx_word' id='word_1_814' title='bbox 3347 4769 3593 4824; x_wconf 88' lang='lat' dir='ltr'><strong>omnibus</strong></span> <span class='ocrx_word' id='word_1_815' title='bbox 3622 4771 3757 4822; x_wconf 83' lang='lat' dir='ltr'><strong>escis</strong></span> 
     </span>
    </p>
   </div>
   <div class='ocr_carea' id='block_1_109' title="bbox 2058 4859 3756 4935">
    <p class='ocr_par' dir='ltr' id='par_1_109' title="bbox 2058 4859 3756 4935">
     <span class='ocr_line' id='line_1_109' title="bbox 2058 4859 3756 4935; baseline -0.005 -15"><span class='ocrx_word' id='word_1_816' title='bbox 2058 4881 2178 4935; x_wconf 70' lang='lat' dir='ltr'><strong>quae</strong></span> <span class='ocrx_word' id='word_1_817' title='bbox 2234 4862 2425 4917; x_wconf 82' lang='lat' dir='ltr'><strong>mandi</strong></span> <span class='ocrx_word' id='word_1_818' title='bbox 2473 4866 2700 4931; x_wconf 82' lang='lat' dir='ltr'><strong>possunt</strong></span> <span class='ocrx_word' id='word_1_819' title='bbox 2745 4859 2901 4929; x_wconf 89' lang='lat' dir='ltr'><strong>apud</strong></span> <span class='ocrx_word' id='word_1_820' title='bbox 2944 4872 3049 4914; x_wconf 86' lang='lat' dir='ltr'><strong>nos</strong></span> <span class='ocrx_word' id='word_1_821' title='bbox 3107 4864 3555 4926; x_wconf 88' lang='lat' dir='ltr'><strong>comportamus,</strong></span> <span class='ocrx_word' id='word_1_822' title='bbox 3619 4869 3756 4912; x_wconf 90' lang='lat' dir='ltr'><strong>cum</strong></span> 
     </span>
    </p>
   </div>
   <div class='ocr_carea' id='block_1_110' title="bbox 2063 4943 3759 5019">
    <p class='ocr_par' dir='ltr' id='par_1_110' title="bbox 2063 4943 3759 5019">
     <span class='ocr_line' id='line_1_110' title="bbox 2063 4943 3759 5019; baseline -0.006 -10"><span class='ocrx_word' id='word_1_823' title='bbox 2063 4950 2434 5009; x_wconf 89' lang='lat' dir='ltr'><strong>multifariam</strong></span> <span class='ocrx_word' id='word_1_824' title='bbox 2490 4948 2807 5019; x_wconf 91' lang='lat' dir='ltr'><strong>multisque</strong></span> <span class='ocrx_word' id='word_1_825' title='bbox 2862 4947 3045 5003; x_wconf 89' lang='lat' dir='ltr'><strong>modis</strong></span> <span class='ocrx_word' id='word_1_826' title='bbox 3091 4959 3126 5001; x_wconf 92' lang='lat' dir='ltr'><strong>a</strong></span> <span class='ocrx_word' id='word_1_827' title='bbox 3188 4944 3456 5000; x_wconf 89' lang='lat' dir='ltr'><strong>Patribus</strong></span> <span class='ocrx_word' id='word_1_828' title='bbox 3506 4943 3659 4999; x_wconf 87' lang='lat' dir='ltr'><strong>dicta</strong></span> <span class='ocrx_word' id='word_1_829' title='bbox 3700 4950 3759 4999; x_wconf 91' lang='lat' dir='ltr'><strong>et</strong></span> 
     </span>
    </p>
   </div>
   <div class='ocr_carea' id='block_1_111' title="bbox 2062 5031 3758 5108">
    <p class='ocr_par' dir='ltr' id='par_1_111' title="bbox 2062 5031 3758 5108">
     <span class='ocr_line' id='line_1_111' title="bbox 2062 5031 3758 5108; baseline -0.005 -12"><span class='ocrx_word' id='word_1_830' title='bbox 2062 5041 2210 5096; x_wconf 89' lang='lat' dir='ltr'><strong>facta</strong></span> <span class='ocrx_word' id='word_1_831' title='bbox 2246 5039 2317 5094; x_wconf 89' lang='lat' dir='ltr'><strong>ad</strong></span> <span class='ocrx_word' id='word_1_832' title='bbox 2365 5038 2694 5108; x_wconf 82' lang='lat' dir='ltr'><strong>exemplum</strong></span> <span class='ocrx_word' id='word_1_833' title='bbox 2760 5037 2892 5093; x_wconf 75' lang='lat' dir='ltr'><strong>vitae</strong></span> <span class='ocrx_word' id='word_1_834' title='bbox 2939 5035 3474 5103; x_wconf 89' lang='lat' dir='ltr'><strong>institutionemque</strong></span> <span class='ocrx_word' id='word_1_835' title='bbox 3510 5031 3758 5088; x_wconf 86' lang='lat' dir='ltr'><strong>conferi-</strong></span> 
     </span>
    </p>
   </div>
   <div class='ocr_carea' id='block_1_112' title="bbox 2062 5120 3759 5198">
    <p class='ocr_par' dir='ltr' id='par_1_112' title="bbox 2062 5120 3759 5198">
     <span class='ocr_line' id='line_1_112' title="bbox 2062 5120 3759 5198; baseline -0.006 -14"><span class='ocrx_word' id='word_1_836' title='bbox 2062 5142 2212 5196; x_wconf 88' lang='lat' dir='ltr'><strong>mus,</strong></span> <span class='ocrx_word' id='word_1_837' title='bbox 2237 5126 2455 5198; x_wconf 91' lang='lat' dir='ltr'><strong>quibus</strong></span> <span class='ocrx_word' id='word_1_838' title='bbox 2482 5140 2548 5183; x_wconf 89' lang='lat' dir='ltr'><strong>ac</strong></span> <span class='ocrx_word' id='word_1_839' title='bbox 2585 5126 2629 5183; x_wconf 92' lang='lat' dir='ltr'><strong>si</strong></span> <span class='ocrx_word' id='word_1_840' title='bbox 2654 5125 2868 5196; x_wconf 89' lang='lat' dir='ltr'><strong>pabulo</strong></span> <span class='ocrx_word' id='word_1_841' title='bbox 2897 5139 3000 5180; x_wconf 91' lang='lat' dir='ltr'><strong>nos</strong></span> <span class='ocrx_word' id='word_1_842' title='bbox 3032 5124 3314 5188; x_wconf 88' lang='lat' dir='ltr'><strong>fovemur,</strong></span> <span class='ocrx_word' id='word_1_843' title='bbox 3385 5129 3441 5177; x_wconf 90' lang='lat' dir='ltr'><strong>et</strong></span> <span class='ocrx_word' id='word_1_844' title='bbox 3493 5120 3590 5175; x_wconf 90' lang='lat' dir='ltr'><strong>illa</strong></span> <span class='ocrx_word' id='word_1_845' title='bbox 3624 5134 3759 5190; x_wconf 66' lang='lat' dir='ltr'><strong>quas</strong></span> 
     </span>
    </p>
   </div>
   <div class='ocr_carea' id='block_1_113' title="bbox 2063 5209 3759 5287">
    <p class='ocr_par' dir='ltr' id='par_1_113' title="bbox 2063 5209 3759 5287">
     <span class='ocr_line' id='line_1_113' title="bbox 2063 5209 3759 5287; baseline -0.006 -14"><span class='ocrx_word' id='word_1_846' title='bbox 2063 5231 2166 5273; x_wconf 92' lang='lat' dir='ltr'><strong>nos</strong></span> <span class='ocrx_word' id='word_1_847' title='bbox 2224 5222 2434 5287; x_wconf 90' lang='lat' dir='ltr'><strong>urgent</strong></span> <span class='ocrx_word' id='word_1_848' title='bbox 2490 5214 2792 5285; x_wconf 89' lang='lat' dir='ltr'><strong>pravitatis</strong></span> <span class='ocrx_word' id='word_1_849' title='bbox 2856 5212 3145 5268; x_wconf 89' lang='lat' dir='ltr'><strong>incentiva</strong></span> <span class='ocrx_word' id='word_1_850' title='bbox 3218 5209 3653 5279; x_wconf 89' lang='lat' dir='ltr'><strong>compescimus,</strong></span> <span class='ocrx_word' id='word_1_851' title='bbox 3700 5216 3759 5263; x_wconf 88' lang='lat' dir='ltr'><strong>et</strong></span> 
     </span>
    </p>
   </div>
   <div class='ocr_carea' id='block_1_114' title="bbox 2062 5295 3761 5374">
    <p class='ocr_par' dir='ltr' id='par_1_114' title="bbox 2062 5295 3761 5374">
     <span class='ocr_line' id='line_1_114' title="bbox 2062 5295 3761 5374; baseline -0.006 -12"><span class='ocrx_word' id='word_1_852' title='bbox 2062 5305 2186 5362; x_wconf 67' lang='lat' dir='ltr'><strong>haec</strong></span> <span class='ocrx_word' id='word_1_853' title='bbox 2213 5304 2390 5361; x_wconf 90' lang='lat' dir='ltr'><strong>veluti</strong></span> <span class='ocrx_word' id='word_1_854' title='bbox 2425 5303 2713 5374; x_wconf 87' lang='lat' dir='ltr'><strong>pascimus</strong></span> <span class='ocrx_word' id='word_1_855' title='bbox 2756 5303 2897 5358; x_wconf 91' lang='lat' dir='ltr'><strong>dum</strong></span> <span class='ocrx_word' id='word_1_856' title='bbox 2927 5301 3132 5358; x_wconf 89' lang='lat' dir='ltr'><strong>horum</strong></span> <span class='ocrx_word' id='word_1_857' title='bbox 3163 5295 3518 5370; x_wconf 86' lang='lat' dir='ltr'><strong>suggestioni</strong></span> <span class='ocrx_word' id='word_1_858' title='bbox 3558 5295 3761 5352; x_wconf 89' lang='lat' dir='ltr'><strong>vitalia</strong></span> 
     </span>
    </p>
   </div>
   <div class='ocr_carea' id='block_1_115' title="bbox 2063 5385 3760 5459">
    <p class='ocr_par' dir='ltr' id='par_1_115' title="bbox 2063 5385 3760 5459">
     <span class='ocr_line' id='line_1_115' title="bbox 2063 5385 3760 5459; baseline -0.005 -10"><span class='ocrx_word' id='word_1_859' title='bbox 2063 5401 2394 5452; x_wconf 89' lang='lat' dir='ltr'><strong>sanctorum</strong></span> <span class='ocrx_word' id='word_1_860' title='bbox 2443 5393 2595 5449; x_wconf 90' lang='lat' dir='ltr'><strong>dicta</strong></span> <span class='ocrx_word' id='word_1_861' title='bbox 2645 5392 2864 5448; x_wconf 82' lang='lat' dir='ltr'><strong>laetave</strong></span> <span class='ocrx_word' id='word_1_862' title='bbox 2944 5388 3332 5459; x_wconf 88' lang='lat' dir='ltr'><strong>rependimus.</strong></span> <span class='ocrx_word' id='word_1_863' title='bbox 3401 5385 3554 5440; x_wconf 87' lang='lat' dir='ltr'><strong>Fecit</strong></span> <span class='ocrx_word' id='word_1_864' title='bbox 3632 5400 3760 5453; x_wconf 85' lang='lat' dir='ltr'><strong>ergo</strong></span> 
     </span>
    </p>
   </div>
   <div class='ocr_carea' id='block_1_116' title="bbox 2063 5478 3660 5552">
    <p class='ocr_par' dir='ltr' id='par_1_116' title="bbox 2063 5478 3660 5552">
     <span class='ocr_line' id='line_1_116' title="bbox 2063 5478 3660 5552; baseline -0.011 -12"><span class='ocrx_word' id='word_1_865' title='bbox 2063 5485 2174 5541; x_wconf 88' lang='lat' dir='ltr'><strong>Noe</strong></span> <span class='ocrx_word' id='word_1_866' title='bbox 2200 5485 2385 5539; x_wconf 88' lang='lat' dir='ltr'><strong>omnia</strong></span> <span class='ocrx_word' id='word_1_867' title='bbox 2411 5496 2532 5552; x_wconf 63' lang='lat' dir='ltr'><strong>qua</strong></span> <span class='ocrx_word' id='word_1_868' title='bbox 2546 5483 2876 5551; x_wconf 67' lang='lat' dir='ltr'><strong>praceperat</strong></span> <span class='ocrx_word' id='word_1_869' title='bbox 2900 5479 2988 5533; x_wconf 89' lang='lat' dir='ltr'><strong>illi</strong></span> <span class='ocrx_word' id='word_1_870' title='bbox 3019 5478 3187 5533; x_wconf 84' lang='lat' dir='ltr'><strong>Deus.</strong></span> <span class='ocrx_word' id='word_1_871' title='bbox 3411 5514 3416 5518; x_wconf 88' lang='lat'><strong>.</strong></span> <span class='ocrx_word' id='word_1_872' title='bbox 3451 5512 3454 5515; x_wconf 89' lang='grc'><strong>-</strong></span> <span class='ocrx_word' id='word_1_873' title='bbox 3655 5497 3660 5502; x_wconf 91' lang='grc'><strong><em>-</em></strong></span> 
     </span>
    </p>
   </div>
  </div>
