3884 6068
171 203 240 258 93
1379 200 1705 258 ιιοιιΑιιυι

2144 201 2183 258 Ν
2214 200 2349 257 me.
2392 199 2486 255 ιιι.
3575 200 3678 255 ...ε

834 332 1062 391 CAPUT
1100 332 1225 391 VII.

248 423 413 480 Vnus.
441 425 490 477 l.
522 452 596 464 —
627 423 896 493 Dixitque
945 423 1020 477 ad
1065 438 1185 478 eum
1232 424 1537 479 Dominus:
1589 424 1877 491 Ingredere

174 517 256 579 tu,
295 518 346 566 et
392 514 568 566 omnis
613 512 804 566 domus
856 519 951 567 tua
977 515 1037 566 in
1078 527 1300 580 arcam;
1348 518 1395 567 te
1438 514 1578 567 enim
1621 512 1741 567 vidi
1773 515 1873 581 ju-

172 605 322 653 stum
352 616 532 654 coram
577 615 661 653 me
687 604 747 655 in
795 605 1139 668 generatione
1177 603 1296 656 hac.
1335 602 1644 672 Postquam
1694 601 1876 658 multo

172 687 390 743 sudore
420 688 757 744 thesaurum
786 688 1174 751 eﬁ‘oderimus.
1203 691 1372 762 juxta
1416 690 1554 746 illud
1605 691 1732 751 Job.
1781 705 1876 745 se-

174 776 449 846 pulcrum
489 792 594 832 nos
625 777 883 833 invenire
931 779 1251 849 gaudemus
1299 779 1430 848 (Job
1470 795 1548 843 ut,
1575 780 1690 849 22),
1736 779 1877 850 quia

172 880 313 920 cum
365 880 602 935 corpora
649 866 976 923 omnimodo
1015 868 1300 924 cruciatui
1332 868 1404 924 ob
1448 869 1546 924 Dei
1576 868 1877 925 servitium

169 954 634 1023 exposuerimus.
680 955 757 1011 nil
801 957 989 1026 majus
1033 971 1066 1011 a
1117 957 1229 1012 Deo
1278 956 1337 1012 in
1368 957 1476 1013 hoc
1529 957 1737 1014 szeculo
1776 973 1878 1014 nos

174 1042 439 1098 obtinere
470 1058 630 1112 posse
662 1051 934 1113 putamus
967 1059 1145 1115 quam
1184 1052 1249 1101 ut
1279 1047 1347 1101 ad
1387 1046 1644 1117 aliquam
1674 1047 1880 1103 mentis

174 1129 696 1200 impassibilitatem
732 1133 1144 1203 pertingamus,
1183 1142 1245 1189 ut
1289 1133 1502 1190 scilicet
1556 1150 1689 1205 quas
1728 1136 1880 1191 Deus

178 1218 305 1274 ﬁeri
340 1219 525 1289 jubet,
560 1235 693 1276 cum
721 1221 1164 1290 expleverimus,
1197 1223 1347 1279 intra
1364 1223 1593 1291 [mentis
1622 1224 1879 1294 requiem

176 1321 213 1362 a
273 1307 478 1363 forensi
530 1322 725 1379 pugna
782 1309 941 1364 liberi
991 1324 1121 1366 cum
1170 1313 1325 1366 omni
1368 1319 1564 1367 nostro
1593 1312 1879 1381 spirituali

176 1396 408 1466 peculio
469 1397 908 1453 abscondamur.
980 1399 1046 1455 In
1104 1400 1212 1456 hac
1272 1400 1427 1457 enim
1488 1401 1880 1470 spiritualium

178 1485 553 1555 generatione
608 1485 879 1555 ﬁliorum,
934 1501 1051 1557 qua
1079 1495 1133 1544 et
1178 1488 1475 1545 mulierem
1533 1489 1743 1546 salvari
1794 1489 1880 1545 di-

178 1571 258 1627 cit
290 1572 594 1642 Apostolus
642 1577 688 1641 (ι
715 1577 852 1630 Tim.
888 1591 944 1639 ιι,
992 1577 1095 1644 15),
1138 1591 1253 1633 non
1293 1577 1416 1633 sola
1462 1577 1716 1649 corporis
1752 1592 1882 1634 ma-

177 1662 470 1718 ceratione
497 1662 672 1730 videt,
722 1664 779 1719 id
809 1671 893 1720 est
945 1665 1226 1735 approbat
1268 1667 1420 1722 Deus
1461 1666 1745 1738 justitiam
1776 1681 1880 1724 no-

176 1756 383 1805 stram.

250 1835 426 1892 Vsus.
459 1840 514 1891 2.
549 1867 610 1878 —
653 1841 741 1894 Ea:
786 1841 1033 1896 omnibus
1070 1842 1447 1896 animantibus
1497 1841 1714 1897 mundis
1762 1845 1884 1899 tolle

177 1930 403 1994 septena
448 1931 500 1980 et
553 1933 787 1996 septena,
844 1932 1144 1984 masculum
1189 1936 1240 1985 et
1286 1933 1579 1998 feminum;
1641 1932 1708 1985 de
1759 1936 1882 1987 ani-

177 2012 461 2067 mantibus
501 2029 626 2068 vero
655 2030 760 2069 non
788 2017 1029 2085 mundis,
1061 2017 1167 2072 duo
1214 2023 1266 2073 et
1311 2018 1437 2085 duo,
1486 2021 1787 2075 masculum
1834 2025 1886 2075 et

179 2103 466 2165 feminam.
520 2102 760 2172 Septena
795 2111 850 2160 et
888 2113 1121 2175 septena
1153 2107 1589 2176 quatuordecim
1619 2108 1838 2165 faciunt
1866 2124 1882 2177 ;

183 2196 398 2259 septem
441 2197 633 2247 autem
690 2206 790 2262 pro
829 2193 1113 2263 spirituali
1170 2195 1376 2265 gratia.
1436 2203 1538 2251 aut
1592 2210 1694 2266 pro
1749 2204 1881 2263 toto,

188 2278 447 2334 interiori
523 2279 757 2337 scilicet
790 2290 845 2337 et
906 2282 1195 2348 exteriori,
1248 2283 1480 2340 homine
1528 2284 1660 2354 poni
1708 2285 1884 2352 solet;

186 2380 361 2436 opera
397 2381 536 2438 ergo
565 2376 761 2425 nostra
789 2370 1016 2427 subdito
1064 2386 1319 2443 corpore,
1367 2380 1423 2429 et
1467 2373 1660 2428 anima
1690 2373 1886 2429 divino

186 2454 422 2523 spiritui
466 2469 567 2523 per
614 2457 877 2528 Decalogi
909 2458 1356 2527 observantiam,
1413 2461 1745 2532 evangelica
1802 2468 1886 2517 at-

188 2544 427 2615 tingunt
458 2543 704 2615 fastigia,
740 2553 795 2603 et
824 2547 1099 2603 animalia
1129 2548 1275 2605 ﬁunt
1299 2549 1537 2614 munda,
1568 2550 1663 2606 sed
1698 2557 1885 2605 tamen

189 2646 420 2690 necesse
464 2639 549 2689 est
604 2641 666 2690 ut
713 2634 826 2690 sint
865 2636 1158 2693 masculus
1187 2645 1241 2693 et
1298 2637 1530 2707 femina,
1578 2646 1885 2708 quatenus,

189 2722 247 2778 in
277 2728 564 2792 quantum
622 2722 940 2779 animantia
997 2731 1052 2780 et
1109 2725 1396 2782 feminina;
1456 2725 1708 2782 mollitiei
1755 2733 1890 2781 sunt

189 2810 263 2865 ad
322 2810 629 2866 atnbienda
668 2813 1022 2883 temporalia,
1073 2814 1220 2871 adsit
1282 2823 1488 2885 praesto
1526 2815 1693 2885 quasi
1724 2829 1889 2885 quae-

1921 334 1962 387 Α
1992 332 2362 390 versitatibus
2418 341 2657 399 constat,
2716 346 2833 403 quo
2890 332 3086 387 anima
3132 332 3242 389 sub
3292 332 3389 390 Dei
3446 332 3571 404 lege
3620 344 3678 387 se

1981 429 2228 489 exercet,
2278 422 2607 493 significat;
2648 422 2771 491 ipsa
2805 419 2958 475 enim
2996 420 3070 476 ob
3108 420 3299 477 decem
3343 421 3681 492 principalia

1982 511 2257 566 mandata
2296 512 2611 582 Decalogus
2648 510 2991 580 appellatur.
3036 508 3164 564 Post
3204 510 3531 580 praelibatas
3568 511 3675 565 ita-

1984 615 2099 671 que
2139 600 2421 657 virtutum
2460 601 2735 667 dationes,
2778 600 2969 654 adhuc
3016 613 3075 653 se
3114 599 3265 655 Deus
3304 608 3429 670 post
3467 607 3679 670 septem

1984 689 2120 755 dies,
2156 689 2207 743 id
2251 697 2336 745 est
2386 697 2510 760 post
2565 690 2954 760 spiritualium
3014 689 3426 764 plenitudinem
3462 688 3681 759 gratia.

1986 792 2138 844 rum,
2181 778 2570 849 quadraginta
2600 781 2802 837 diebus
2852 790 2908 837 et
2957 782 3220 838 noctibus
3246 778 3486 848 spondet
3538 777 3684 847 plui-

1987 874 2185 923 turum
2235 881 2410 937 super
2439 876 2671 935 terram,
2723 869 2780 923 in
2815 869 2921 925 hac
2970 871 3183 926 scilicet
3228 868 3368 934 vita,
3425 878 3543 936 qua
3583 864 3681 921 Dei

1987 957 2284 1026 praeceptis
2340 956 2606 1013 obeditur
2646 959 2790 1014 inter
2837 960 3079 1016 adversa
3116 967 3169 1014 et
3219 969 3508 1027 prospera,
3551 968 3683 1023 quas

1987 1044 2187 1101 diebus
2216 1059 2283 1101 ac
2334 1046 2594 1101 noctibus
2645 1047 2993 1116 ﬁgurantur,
3038 1047 3211 1103 nostri
3245 1043 3494 1101 carnalis
3539 1042 3683 1098 atfe-

1987 1140 2115 1189 ctus
2143 1134 2343 1189 divina
2372 1134 2657 1190 infusione
2686 1150 2745 1191 se
2794 1136 3150 1192 tnolliturum
3196 1132 3467 1190 duritiam
3493 1147 3508 1201 ;
3539 1137 3595 1186 et
3624 1130 3681 1185 in

1988 1221 2107 1290 ipso
2174 1222 2319 1278 delet
2379 1237 2604 1279 omnem
2672 1225 3076 1290 substantiam,
3147 1237 3325 1293 quam
3397 1220 3547 1282 fecit,
3615 1218 3684 1273 de

1988 1310 2291 1380 superﬁcie
2330 1318 2520 1380 terrae,
2551 1312 2689 1367 dum
2716 1312 2921 1368 animae
2951 1312 3302 1368 voluntatem
3351 1306 3686 1365 carnalibus

1990 1399 2299 1466 desideriis,
2360 1402 2527 1470 quasi
2581 1401 2927 1470 quibusdam
2977 1400 3366 1456 accidentibus
3408 1396 3686 1453 substan-

1991 1495 2124 1554 tem,
2160 1488 2215 1542 in
2244 1496 2530 1559 quantum
2568 1488 2766 1556 ﬂuida,
2798 1497 2853 1544 et
2898 1489 3100 1545 talium
3127 1501 3311 1558 capax
3341 1493 3444 1553 est,
3485 1500 3521 1537 α
3547 1484 3687 1551 facie

1993 1578 2166 1643 terrae,
2231 1589 2265 1630 a
2318 1576 2658 1648 cogitatione
2718 1576 2981 1632 videlicet
3043 1575 3250 1632 mentis
3310 1574 3430 1644 jam
3495 1569 3687 1626 solidae

1990 1663 2274 1720 obliterat.
2324 1665 2483 1721 Hanc
2511 1673 2703 1721 autem
2739 1663 3121 1720 substantiam
3171 1661 3320 1730 fecit,
3370 1660 3510 1732 quia
3537 1657 3688 1713 malo

1992 1760 2185 1808 nostro
2216 1753 2417 1809 merito
2451 1753 2572 1810 ﬁeri
2604 1752 2880 1824 permisit.
3386 1749 3391 1753 ’
3510 1786 3513 1789 »

2063 1841 2235 1898 Vens.
2286 1846 2338 1909 5,
2382 1845 2433 1908 6,
2463 1847 2514 1896 7.
2550 1872 2614 1882 -
2660 1845 2806 1897 Fecit
2835 1857 2960 1910 ergo
3006 1842 3113 1898 Noe
3140 1840 3326 1895 omnia
3363 1848 3689 1907 quacunque

1992 1930 2350 1983 mandaverat
2377 1932 2428 1984 ei
2455 1933 2612 1985 Deus.
2647 1930 2958 2001 Postquam
3010 1942 3258 2000 praesens
3305 1925 3581 1983 saeculum
3613 1922 3691 1977 ita

1994 2018 2242 2085 viluerit,
2312 2027 2376 2075 ut
2439 2020 2580 2074 sicut
2620 2019 2845 2074 tenebrae
2895 2019 3032 2087 ejus,
3093 2021 3179 2074 ita
3241 2021 3293 2071 et
3353 2016 3531 2069 lumen
3574 2009 3690 2082 ejus

1992 2107 2156 2177 (Psal.
2196 2121 2467 2174 cxxxvm,
2536 2108 2621 2176 ill)
2687 2107 2782 2172 sit,
2825 2115 2964 2162 tunc
3003 2106 3118 2162 Noe
3166 2109 3358 2160 noster
3396 2102 3560 2172 plene
3596 2107 3690 2156 at-

1992 2196 2214 2265 tingere
2263 2194 2461 2264 incipit
2518 2209 2649 2265 quae
2703 2195 2854 2250 Deus
2917 2192 3247 2261 mandavit;
3303 2190 3691 2261 quadraginta

1992 2282 2146 2339 enim
2188 2282 2392 2339 diebus
2424 2291 2480 2348 et
2524 2283 2790 2338 noctibus
2819 2283 2984 2353 pluit,
3033 2284 3276 2349 Eratque
3321 2285 3690 2335 sexcentos-um

1995 2386 2277 2438 annorum,
2333 2371 2551 2440 quando
2600 2372 2800 2426 diluvii
2865 2386 3021 2440 aqua
3075 2369 3480 2424 inundaverunt
3529 2381 3691 2436 super

1997 2464 2215 2515 terram.
2249 2460 2506 2517 Concinit
2527 2460 2773 2517 statibus
2802 2460 3011 2515 nostris
3053 2472 3218 2514 sacra
3248 2457 3503 2522 historia,
3549 2455 3688 2510 dum

1996 2563 2143 2618 quos
2174 2550 2550 2605 tentationum
2583 2556 2757 2606 aestus
2805 2557 2928 2619 post
2971 2547 3318 2619 quingentos
3365 2558 3549 2600 annos
3575 2542 3692 2599 Noe

1996 2636 2102 2693 iste
2140 2652 2344 2707 passus
2393 2638 2464 2694 sit
2495 2645 2816 2705 enumerat,
2862 2644 2918 2693 et
2967 2636 3183 2707 quibus
3222 2632 3480 2690 ﬂoruerit
3527 2630 3693 2688 bonis

1991 2727 2110 2796 jam
2145 2740 2259 2782 non
2286 2727 2482 2783 minus
2512 2724 2825 2782 introrsum
2875 2740 3052 2796 quam
3085 2723 3312 2780 videtur
3333 2722 3693 2779 extrinsecus

1998 2814 2222 2886 integra
2272 2813 2473 2885 requie
2527 2814 2833 2884 perfectus,
2873 2813 3028 2884 quod
3068 2811 3353 2884 signiﬁcat
3394 2815 3693 2866 sexcente-

188 2898 321 2955 dam
374 2899 617 2955 rationis
654 2901 982 2969 auctoritas,
1037 2917 1170 2972 quae
1222 2902 1497 2972 reprimat
1547 2902 1886 2959 masculina.
1927 2930 1966 2984 ρ
1996 2903 2178 2960 simus
2236 2910 2428 2971 notat;
2495 2900 2598 2958 etsi
2653 2902 2806 2958 enim
2871 2900 3223 2972 quiescimus
3285 2896 3598 2969 aliquando
3659 2910 3694 2951 a

191 2987 352 3043 Bona
387 2986 586 3058 itaque
616 2996 813 3044 nostra
865 2990 1122 3060 quolibet
1180 2991 1345 3047 modo
1393 2999 1538 3058 acta,
1593 2992 1691 3047 vix
1744 2992 1887 3048 inte-

192 3089 299 3146 gra
360 3076 610 3145 puritate
660 3076 878 3145 nitent;
927 3086 982 3133 et
1025 3078 1167 3149 quid
1214 3079 1450 3146 mirum,
1492 3079 1536 3134 si
1591 3078 1890 3135 immunda

192 3164 514 3220 animantia
543 3164 726 3221 multo
759 3165 943 3237 magis
967 3167 1073 3223 hoc
1098 3166 1339 3222 masculi
1370 3166 1652 3237 regimine
1678 3168 1886 3238 egent?

194 3266 327 3322 qua:
357 3252 473 3308 duo
502 3260 659 3318 sunt,
691 3254 832 3324 quia
860 3269 992 3324 quae
1037 3255 1094 3310 in
1129 3255 1233 3311 hoc
1270 3255 1486 3311 mundo
1516 3256 1785 3325 cupimus
1815 3256 1888 3311 ab

193 3341 417 3397 unitate
446 3340 565 3409 Dei,
626 3349 681 3398 et
714 3342 1014 3399 hominum
1064 3358 1165 3400 nos
1210 3343 1495 3405 dividunt.
1546 3353 1649 3401 aut
1694 3346 1807 3401 duo
1837 3352 1893 3401 et

194 3428 330 3492 duo.
372 3428 428 3485 id
465 3436 549 3486 est
586 3438 859 3500 quatuor.
904 3432 1044 3502 quia
1087 3433 1487 3502 temporalium
1527 3447 1721 3491 amore
1752 3433 1893 3490 desi-

196 3517 357 3573 deria
405 3525 598 3574 nostra
643 3520 900 3575 carnalia
970 3520 1288 3576 animantia
1345 3536 1456 3578 non
1520 3522 1740 3578 munda
1789 3522 1893 3578 de-

199 3606 410 3674 ﬂuunt,
473 3607 583 3663 nisi
614 3622 682 3663 ea
728 3609 798 3663 ad
833 3608 1041 3664 lineam
1075 3610 1392 3677 munditiae,
1449 3609 1659 3666 scilicet
1709 3612 1892 3667 Deum

198 3692 590 3765 intelligentiae
617 3695 780 3751 frena
801 3696 1120 3753 reﬂectunt.

268 3782 444 3839 Vsus.
474 3786 525 3837 3.
585 3814 653 3823 —
684 3786 791 3840 Sed
824 3790 876 3839 et
931 3788 999 3840 de
1045 3786 1360 3841 volatilibus
1411 3789 1540 3841 caeli
1579 3792 1798 3856 septena
1844 3793 1895 3842 et

197 3876 439 3940 septena,
488 3874 785 3927 masculum
860 3878 911 3927 et
963 3875 1237 3944 feminam.
1300 3881 1362 3931 ut
1416 3877 1658 3931 salvetur
1719 3892 1893 3931 semen

195 3974 361 4029 super
389 3962 587 4027 faciem
636 3964 900 4017 universa
948 3967 1121 4018 terrae.
1182 3964 1237 4020 Si
1299 3978 1399 4033 per
1443 3966 1764 4021 animantia
1792 3979 1894 4022 ac-

196 4047 372 4103 tualis
422 4047 555 4103 vitae
614 4048 782 4115 bona,
841 4063 941 4119 per
971 4050 1270 4106 immunda
1311 4065 1443 4107 vero
1474 4060 1661 4109 motus
1692 4052 1890 4120 illiciti,

196 4135 292 4191 sed
341 4135 653 4192 salubriter
705 4137 923 4194 ratione
961 4138 1239 4208 correcti;
1303 4153 1403 4208 per
1457 4140 1713 4197 volatilia
1767 4141 1890 4197 coeli

1999 3005 2181 3063 pravo
2207 3005 2396 3061 opere,
2451 2991 2599 3046 bella
2652 2999 2846 3047 tamen
2876 2995 2976 3045 44
3020 2988 3224 3060 gravia
3277 2986 3587 3044 toleramus
3634 2983 3692 3040 in

1996 3088 2228 3149 mente;
2260 3078 2360 3134 sed
2417 3078 2702 3149 perfectus
2765 3077 2868 3149 qui
2934 3076 3178 3143 senario,
3243 3082 3300 3131 et
3364 3072 3693 3130 centenario

1997 3168 2135 3225 satis
2180 3167 2465 3223 astruitur
2496 3167 2700 3236 plenus
2736 3166 3042 3228 virtutum,
3076 3177 3207 3235 quae
3254 3175 3541 3219 annorum
3579 3160 3692 3217 col—

1998 3256 2239 3314 lectione
2269 3260 2701 3323 monstrantur;
2733 3252 2938 3310 diluvii
2970 3252 3299 3308 illustratur
3335 3249 3524 3321 aquis,
3556 3249 3696 3320 quia

1998 3345 2057 3397 in
2103 3344 2421 3398 malevolam
2472 3344 2715 3397 animam
2770 3357 2876 3396 non
2930 3341 3182 3395 introibit
3236 3340 3547 3408 sapientia;
3603 3352 3695 3391 nec

1998 3431 2214 3486 habitat
2268 3433 2326 3485 in
2374 3446 2598 3501 corpore
2653 3430 2870 3486 subdito
2905 3430 3140 3499 peccatis
3193 3429 3344 3498 (Sap.
3395 3442 3433 3492 ι,
3478 3426 3569 3495 4);
3619 3425 3699 3481 ait

1998 3520 2193 3577 enim:
2252 3519 2583 3590 Concupisti
2634 3519 2975 3589 sapientiam
3025 3518 3210 3588 (Eccli.
3259 3531 3296 3583 ι,
3341 3514 3447 3580 33),
3507 3513 3562 3569 id
3614 3518 3700 3568 est

1999 3607 2494 3677 contemplationis
2576 3606 3019 3663 excellentiam?
3112 3605 3291 3660 Serva
3380 3601 3696 3669 mandata;

2002 3695 2181 3753 bestia
2205 3709 2457 3765 namque
2485 3702 2728 3766 tangens
2758 3700 3006 3750 montem
3030 3693 3198 3749 obrui
3223 3691 3465 3762 jubetur
3494 3688 3694 3760 (Exod.

2001 3799 2119 3844 XIX.
2161 3784 2283 3853 t3);
2326 3791 2392 3839 ut
2442 3798 2581 3854 ergo
2626 3782 2978 3853 justiﬁcetur
3033 3781 3225 3836 adhuc
3282 3781 3496 3851 justus,
3545 3790 3702 3847 aqua

2001 3872 2333 3929 infunditur
2372 3871 2749 3939 lustrationis,
2801 3878 2868 3927 ut
2922 3869 3292 3941 aliquatenus
3337 3866 3699 3924 altitudinem

1998 3961 2211 4017 divinae
2259 3961 2505 4032 attingat
2558 3959 2815 4025 visionis,
2875 3966 2929 4015 et
2978 3958 3238 4015 subsidat
3284 3955 3511 4027 spiritui
3549 3962 3701 4011 terra

2003 4049 2254 4106 carnalis
2316 4048 2651 4105 affectionis.
2727 4052 2801 4104 Et
2857 4050 3133 4116 ingressus
3194 4051 3274 4101 est
3330 4046 3456 4110 Noe,
3503 4049 3554 4098 et
3598 4043 3703 4112 ﬁlii

1999 4140 2141 4206 ejus,
2188 4154 2330 4193 umor
2384 4139 2522 4207 ejus,
2570 4142 2621 4192 et
2671 4153 2869 4192 uxores
2923 4136 3167 4203 ﬁliorum
3215 4134 3332 4203 ejus
3383 4149 3503 4188 cum
3538 4148 3597 4186 eo
3642 4134 3702 4184 in

197 4237 312 4279 non
345 4224 662 4295 incongrue
716 4226 1158 4296 contemplativa
1206 4227 1475 4297 signatur
1507 4228 1890 4298 excellentia;
1935 4223 2189 4282 Darcam
2236 4232 2461 4296 propter
2497 4241 2671 4294 aquas
2724 4226 2940 4281 diluvii.
2985 4224 3037 4281 Si
3096 4223 3260 4288 ﬁlios,
3314 4220 3367 4277 id
3420 4227 3504 4277 est
3551 4220 3703 4276 bona

198 4326 331 4383 quae
376 4326 477 4381 per
526 4313 769 4382 gratiam
799 4314 986 4370 evicta
1033 4316 1289 4383 corporis
1345 4315 1582 4371 lascivia
1632 4318 1745 4373 Deo
1795 4318 1891 4374 de-

198 4399 489 4469 gustando
539 4399 786 4456 libratur
837 4415 1013 4470 super
1058 4401 1291 4457 aethera.
1354 4406 1420 4458 At
1466 4417 1586 4474 qua
1622 4404 1691 4461 de
1720 4418 1895 4461 causa

202 4488 323 4543 hzec
352 4487 721 4543 intellectuali
750 4488 1000 4544 dominio
1048 4489 1484 4559 submittantur,
1541 4492 1793 4560 additur,
1835 4499 1896 4549 ut

198 4577 441 4631 salvetur
473 4590 649 4630 semen
690 4591 861 4647 super
913 4579 1112 4644 ﬁtciem
1155 4580 1328 4633 omnis
1372 4584 1545 4647 terra,
1597 4580 1737 4650 quia
1787 4580 1891 4637 nisi

199 4663 293 4720 ille
340 4664 579 4734 imperet
607 4665 897 4726 voluntas.
950 4679 1082 4736 quae
1112 4679 1304 4722 semen
1345 4674 1402 4722 et
1436 4667 1729 4738 origo‘est
1759 4667 1894 4723 boni

196 4752 401 4822 operis,
465 4752 613 4808 illico
660 4752 959 4823 deperiens
997 4753 1223 4810 nullum
1276 4753 1623 4824 probabilem
1682 4756 1897 4826 profert

197 4843 450 4899 fructum
474 4841 533 4896 in
564 4841 864 4911 superﬁcie
923 4849 1107 4907 terrae,
1146 4841 1199 4898 id
1232 4849 1317 4898 est
1362 4842 1665 4899 exterioris
1703 4843 1894 4901 homi-

198 4930 325 4999 nis;
364 4927 605 4985 seminis
620 4942 757 4998 ergo
783 4928 941 4984 salus
968 4943 1041 4986 ex
1075 4929 1316 4999 imperio
1344 4931 1601 4987 rationis.

267 5018 443 5075 Vens.
470 5017 527 5071 4.
561 5046 630 5056 --
677 5017 872 5072 Adhuc
921 5021 1064 5072 enim
1116 5022 1168 5072 et
1214 5022 1336 5087 post
1376 5018 1491 5073 dies
1548 5024 1749 5089 septem
1803 5036 1896 5090 ego

198 5109 384 5179 pluam
423 5122 591 5175 super
634 5111 834 5161 terram
883 5106 1257 5176 quadraginta
1310 5107 1500 5162 diebus
1546 5113 1598 5163 et
1653 5110 1895 5178 quadra-

202 5200 352 5265 ginta
404 5196 675 5259 noctibus,
728 5199 780 5250 et
825 5196 1006 5251 delebo
1048 5211 1254 5250 omnem
1302 5197 1665 5252 substantiam
1733 5214 1897 5267 quam

203 5287 307 5351 feci
353 5301 389 5338 ιι
418 5286 569 5350 facie
614 5288 788 5338 terrae.
843 5283 1210 5354 Septenarius
1254 5298 1355 5353 pro
1410 5284 1766 5354 plenitudine
1797 5300 1898 5342 ac-

206 5372 450 5443 cipitur;
486 5370 1007 5441 quadragenarius,
1044 5370 1185 5442 quia
1211 5385 1283 5428 ex
1310 5375 1563 5443 quatuor
1598 5383 1652 5430 et
1703 5374 1896 5431 decem

207 5459 526 5527 conﬁcitur,
588 5459 954 5529 temporalem
1003 5473 1338 5529 excursum,
1389 5461 1490 5531 qui
1521 5470 1774 5532 quatuor
1810 5462 1897 5519 di-

2000 4328 2176 4385 opera
2214 4328 2602 4384 procreamus,
2663 4314 2976 4370 videndum
3011 4313 3175 4369 nobis
3228 4318 3314 4366 est
3369 4317 3434 4365 ut
3491 4321 3701 4365 uxores

2004 4405 2337 4470 habeamus,
2371 4402 2427 4458 id
2460 4410 2544 4459 est
2592 4403 2890 4459 voluntate
2915 4403 3057 4458 bene
3087 4399 3292 4472 agendi
3338 4412 3476 4454 non
3504 4409 3701 4453 carea—

2003 4506 2153 4560 mus,
2188 4506 2257 4547 ne
2290 4506 2423 4548 cum
2476 4491 2726 4547 multum
2758 4490 3253 4550 seminaverimus.
3305 4500 3509 4558 parum
3552 4484 3700 4541 infe-

2003 4593 2221 4646 ramus,
2256 4580 2363 4635 hoc
2391 4586 2474 4635 est
2501 4593 2634 4635 cum
2665 4593 2766 4649 pro
2812 4580 2924 4635 Deo
2978 4577 3294 4648 plurimum
3346 4575 3700 4631 laboraveri-

2004 4682 2155 4735 mus,
2207 4681 2414 4738 parum
2477 4668 2753 4724 mercedis
2812 4668 3194 4727 obtineamus.
3247 4663 3385 4735 quia
3453 4676 3567 4719 non
3626 4676 3699 4717 ex

2002 4770 2218 4823 amore,
2250 4757 2345 4812 sed
2375 4756 2661 4813 serviliter
2689 4757 2941 4813 timendo
2979 4756 3034 4812 id
3073 4755 3318 4827 egimus.
3361 4753 3431 4808 Et
3458 4752 3699 4808 volendo

2002 4857 2141 4915 ergo
2195 4853 2514 4915 operantes,
2566 4853 2620 4903 et
2677 4845 2969 4916 operando
3034 4843 3289 4899 volentes
3343 4841 3499 4898 intra
3557 4855 3700 4896 con-

2003 4932 2299 4990 scientiam
2323 4948 2426 4990 nos
2455 4942 2734 5006 tegamus,
2759 4933 2858 4990 ubi
2890 4947 2925 4989 a
2947 4932 3188 5001 strepitu
3220 4929 3409 4986 inutili
3438 4929 3698 5000 quiesca-

2006 5035 2158 5087 mus,
2190 5029 2245 5079 et
2272 5022 2444 5092 aquis
2482 5021 2776 5092 sapientia
2828 5028 3111 5091 petemus,
3146 5019 3364 5090 quibus
3398 5024 3455 5073 et
3505 5016 3701 5073 dilua-

2005 5124 2157 5168 mur.

2075 5199 2249 5254 Vnus.
2284 5202 2335 5267 8,
2369 5201 2420 5266 9,
2479 5201 2562 5253 l0.
2594 5227 2666 5241 -
2694 5200 2766 5253 De
2808 5196 3177 5251 animantibus
3226 5209 3437 5265 quoque
3479 5191 3699 5247 mundis

1959 5314 1971 5325 -
2005 5292 2056 5342 et
2083 5289 2401 5354 immundis,
2454 5292 2505 5341 et
2557 5288 2624 5343 de
2672 5285 2978 5341 volucribus
3032 5290 3084 5339 et
3123 5300 3191 5337 ea:
3234 5285 3383 5338 omni
3412 5280 3557 5349 quod
3584 5295 3700 5334 mo-

2004 5380 2160 5431 vetur
2185 5391 2350 5447 super
2375 5380 2597 5444 terram,
2635 5374 2762 5443 duo,
2801 5380 2854 5428 et
2904 5373 3011 5429 duo
3036 5374 3284 5437 ingressa
3306 5374 3435 5424 sunt
3463 5369 3540 5422 ad
3591 5370 3700 5423 Noe

2006 5466 2066 5519 in
2094 5480 2298 5531 arcam,
2339 5466 2613 5521 masculus
2651 5469 2702 5519 et
2737 5465 2966 5530 femina,
3014 5463 3155 5518 sicut
3203 5461 3529 5529 praeceperat
3579 5456 3700 5511 Do-
