3884 6068
183 175 250 229 95
1068 172 1135 230 V.
1181 174 1513 233 GUIBERTI
1552 175 1844 233 ABBATIS
1881 177 1937 232 S.
1979 173 2222 232 MANE
2264 174 2353 232 DE
2395 172 2800 232 NOVIGENTO
3617 177 3686 231 96

185 312 365 377 minus
395 312 521 368 Noe.
574 314 812 382 Cumque
860 314 1184 368 transissent
1228 317 1429 384 septem
1475 312 1611 384 dies,
1642 314 1881 369 inunda-
1918 314 1966 367 Δ
1995 320 2178 370 tatum
2232 310 2488 369 tenebras
2537 310 2910 377 astimamus,
2968 311 3274 380 lucemque
3330 311 3688 369 arbitramur

188 407 379 457 verunt
410 417 566 471 aqua
588 402 791 457 diluvii
834 416 999 472 super
1034 407 1255 458 terram.
1288 403 1419 459 Hac
1460 404 1728 475 superius
1769 408 1883 460 tota

190 496 429 546 tractata
458 497 614 557 sunt,
646 496 884 560 excepto
911 504 979 545 eo
1010 491 1166 561 quod
1194 490 1428 561 dicitur,
1456 508 1524 546 ea-
1570 495 1717 547 omni
1740 493 1885 563 quod

188 583 431 633 movetur
475 594 639 648 super
674 583 914 647 terram;
956 578 1113 648 quod
1159 579 1215 635 in
1260 580 1412 635 malo
1463 580 1545 636 sic
1581 581 1879 652 accipitur,

192 674 255 722 ut
286 673 471 723 motus
507 666 686 723 nostri
747 665 1028 733 carnales,
1081 666 1185 737 qui
1233 684 1397 737 super
1443 675 1664 736 terram,
1717 670 1771 726 id
1800 678 1885 725 est

192 753 428 811 rationis
477 761 692 810 statum
740 754 1007 825 progredi
1058 756 1282 823 volunt,
1342 756 1756 828 intelligantur,
1815 759 1885 815 de

189 842 403 910 quibus
453 850 563 899 cst:
622 844 760 898 Caro
805 845 1137 912 concupiscit
1192 845 1453 900 adversus
1508 849 1787 917 spiritum,
1835 856 1883 902 et

186 932 416 998 spiritus
473 931 735 986 adversus
782 947 1016 995 carnem,
1075 938 1134 987 ut
1188 950 1295 988 non
1347 949 1675 1005 quaecunque
1717 939 1883 990 cultis

189 1019 287 1073 illa
312 1020 536 1086 faciatis
567 1020 710 1089 (Gal.
762 1035 816 1087 v,
869 1023 989 1090 t7);
1030 1030 1133 1079 aut
1172 1023 1229 1078 in
1260 1023 1425 1089 bono,
1460 1030 1524 1080 ut
1570 1024 1886 1095 spiritualis

188 1107 456 1164 alacritas
502 1116 698 1164 nostra
754 1108 1094 1179 accipiatur.
1162 1126 1282 1181 qua
1340 1127 1503 1181 super
1551 1119 1771 1178 terram,
1826 1114 1879 1169 id

187 1203 271 1251 est
331 1194 746 1253 animalitatem
805 1206 1058 1254 nostram
1121 1214 1546 1269 promovemur,
1614 1217 1765 1271 qua,
1824 1202 1883 1258 in

189 1291 476 1353 quantum
535 1298 728 1340 coram
772 1285 906 1352 Deo,
947 1286 1144 1343 minus
1202 1286 1369 1357 plena
1415 1291 1764 1356 sentiuntur,
1810 1291 1880 1346 ad

191 1372 401 1428 lineam
454 1379 710 1429 correcta
767 1372 1156 1445 intelligentia
1208 1389 1382 1446 penes
1446 1378 1625 1433 Deum
1685 1393 1881 1435 recon-

188 1460 308 1516 dita
360 1459 515 1516 intra
583 1473 778 1516 arcam
843 1470 1152 1519 servantur
1219 1464 1452 1528 cordis;
1498 1473 1552 1521 et
1616 1467 1698 1522 sic
1759 1477 1883 1538 post

192 1548 474 1605 indultam
530 1548 847 1619 plenariam
900 1551 1230 1608 divinorum
1280 1554 1523 1622 gratiam
1574 1570 1882 1613 munerum

192 1636 421 1693 venitur
443 1637 517 1692 ad
544 1636 786 1708 gloriam
806 1640 1370 1710 contemplationum.

263 1742 428 1799 Vnus.
483 1745 569 1808 ll,
624 1746 706 1798 l2.
771 1774 840 1785 --
890 1747 1050 1801 Anno
1105 1751 1483 1803 sexcentesimo
1556 1752 1700 1817 vita,
1757 1753 1881 1818 Noe,

190 1845 365 1884 mense
388 1832 639 1898 secundo,
672 1836 899 1902 septimo
945 1834 1147 1891 decimo
1176 1838 1267 1892 die
1301 1840 1520 1905 mensis,
1554 1843 1707 1909 rupti
1760 1845 1886 1895 sunt

188 1933 367 1973 omnes
392 1919 570 1985 fontes
618 1920 803 1987 abyssi
844 1937 1077 1989 magna,
1120 1927 1170 1977 et
1198 1928 1487 1980 cataracta
1532 1926 1650 1979 cali
1686 1931 1887 1996 aperta

188 2010 334 2073 sunt,
375 2010 427 2061 et
452 2008 615 2073 facta
642 2012 770 2062 sunt
816 2010 1019 2079 pluvia
1040 2025 1202 2079 super
1236 2016 1457 2078 terram,
1512 2012 1887 2083 quadraginta

190 2094 378 2155 diebus
424 2100 475 2149 et
527 2096 899 2164 quadraginta
954 2098 1217 2153 noctibus.
1276 2098 1413 2155 Tres
1454 2099 1619 2157 isthic
1671 2102 1888 2172 gradus

190 2182 287 2237 sed
337 2196 451 2238 non
480 2183 603 2239 sine
632 2198 692 2241 re
742 2184 906 2255 positi
937 2193 1092 2253 sunt,
1143 2186 1282 2255 dies,
1333 2187 1543 2244 mensis
1569 2195 1626 2245 et
1650 2202 1885 2259 annus;

191 2283 226 2324 a
252 2269 343 2325 die
371 2284 509 2341 ergo
550 2272 915 2342 incipiamus.
952 2274 1234 2331 Denarius
1262 2275 1334 2331 ad
1366 2284 1667 2348 pracepta,
1699 2284 1887 2348 septe-

194 2358 414 2428 narius,
443 2360 585 2430 quia
617 2368 831 2432 septem
862 2362 1137 2419 saculum
1186 2363 1389 2420 diebus
1426 2364 1701 2429 volvitur,
1750 2366 1887 2422 atti-

194 2454 288 2502 net
342 2447 414 2503 ad
473 2450 829 2519 temporalia.
883 2450 1197 2521 Septimum
1243 2452 1529 2509 decimum
1576 2454 1725 2510 diem
1780 2455 1887 2510 ha-

195 2536 414 2603 bemus,
466 2552 602 2593 cum
648 2538 1050 2596 desiderabilia
1087 2554 1263 2610 super
1291 2554 1504 2598 aurum
1534 2542 1631 2599 Dei
1662 2543 1885 2599 haben-

193 2633 275 2681 tes
330 2626 600 2682 mandata
670 2627 842 2697 (Psal.
903 2644 1061 2695 xvm,
1120 2630 1227 2700 lt),
1286 2631 1479 2687 saeuli
1537 2633 1728 2688 omnia
1789 2647 1890 2703 per

199 2714 318 2769 hac
362 2715 843 2785 transcendimus,
875 2724 932 2774 et
970 2718 1134 2774 bona
1186 2718 1498 2775 voluntatis
1526 2721 1618 2776 die
1666 2720 1736 2776 ad
1772 2734 1884 2776 tne-

196 2801 339 2858 liora
412 2804 833 2861 contendimus.
913 2806 1121 2862 Mensis
1176 2807 1401 2878 primus
1478 2808 1748 2878 professio
1805 2817 1890 2864 est

1992 402 2402 458 adversitatum
2428 407 2635 457 noctes.

2064 491 2235 547 VERS.
2290 493 2374 557 l3,
2443 493 2519 556 14,
2580 491 2661 556 l5,
2720 491 2802 543 l6.
2862 517 2929 528 —
2981 489 3055 542 In
3100 489 3331 543 articulo
3377 486 3490 543 diei
3535 490 3687 543 illius

1992 581 2267 647 ingressus
2325 584 2404 633 est
2455 579 2580 644 Noe,
2641 591 2827 647 usque
2894 576 2965 631 ad
3036 576 3088 632 id
3140 576 3239 632 ubi
3317 575 3473 642 dicit,
3548 580 3687 631 sicut

1992 673 2319 737 praeceperat
2374 669 2423 721 ei
2452 668 2617 721 Deus.
2675 667 2740 722 In
2777 667 3006 721 articulo
3043 666 3157 721 diei
3210 667 3381 734 illius,
3420 666 3475 722 id
3505 674 3587 722 est
3630 669 3684 721 in

1992 755 2183 811 subtili
2218 754 2478 811 custodia
2514 754 2677 810 bona
2724 754 3041 810 voluntatis
3072 762 3325 824 experta
3355 769 3423 810 ac
3454 755 3687 810 nutrita

1992 843 2334 913 antiquitus,
2368 844 2477 898 Noe
2518 841 2729 912 quietis
2757 842 2944 898 cultor
2995 842 3257 908 interna,
3316 856 3451 898 cum
3502 842 3689 899 tribus

1995 930 2408 1002 principalibus
2476 930 2799 1000 ingreditur
2879 929 3193 986 virtutibus
3254 930 3683 996 conscientiam,

1991 1034 2126 1075 cum
2164 1033 2271 1075 sua
2298 1026 2353 1075 et
2409 1019 2654 1074 filiorum
2710 1018 3011 1083 uxoribus,
3068 1017 3122 1073 id
3179 1026 3263 1074 est
3315 1032 3446 1075 cum
3500 1032 3606 1073 suo
3633 1024 3689 1073 et

1991 1107 2250 1164 omnium
2280 1121 2519 1163 suorum
2548 1121 2788 1177 operum
2819 1106 3154 1177 proliciendi
3185 1107 3444 1177 appetitu
3473 1123 3489 1177 ;
3537 1107 3689 1161 filius

1990 1194 2144 1251 enim
2201 1194 2322 1250 sine
2381 1209 2564 1250 uxore
2625 1201 2727 1260 est,
2787 1193 2957 1264 cujus
3013 1194 3269 1248 studium
3328 1194 3399 1248 ad
3452 1192 3689 1248 meliora

1992 1283 2277 1339 intentum
2322 1289 2378 1337 et
2434 1281 2705 1350 cupidum
2763 1296 2875 1336 non
2908 1288 3011 1336 est.
3072 1281 3381 1350 Animalia,
3424 1282 3692 1353 jumenta

1990 1380 2045 1428 et
2074 1370 2350 1437 volatilia,
2373 1370 2459 1426 uti
2490 1370 2549 1425 in
2568 1370 2751 1440 primo
2775 1376 3042 1433 tractatu,
3068 1377 3123 1425 et
3148 1369 3203 1425 in
3229 1370 3333 1426 isto
3360 1370 3691 1441 expositum

1991 1467 2092 1517 est.
2128 1462 2197 1516 Et
2224 1460 2447 1515 inclusit
2490 1474 2609 1513 eum
2656 1461 2914 1513 Dominus
2957 1458 3024 1513 de
3052 1461 3214 1526 foris,
3244 1458 3298 1514 id
3329 1466 3414 1515 est
3441 1459 3692 1515 circum-

1992 1549 2189 1605 scribit
2216 1563 2320 1605 nos
2368 1547 2798 1618 Scripturarum
2848 1546 3068 1618 ubique
3105 1547 3290 1615 dictis,
3339 1563 3410 1604 ne
3445 1561 3546 1617 pro
3578 1545 3692 1602 ali-

1995 1637 2211 1709 quibus
2240 1636 2477 1693 forsitan
2509 1635 2683 1707 probe
2707 1635 2881 1707 gestis
2910 1636 3166 1693 fcramur
3192 1643 3358 1692 extra
3389 1650 3492 1691 nos
3521 1644 3693 1690 vento

1993 1726 2319 1797 cujuspiam
2351 1724 2663 1792 vanitatis;
2704 1723 2769 1778 de
2792 1726 2934 1790 foris
2963 1732 3177 1790 autem,
3210 1724 3349 1795 quia
3379 1724 3451 1780 ab
3489 1737 3690 1780 eorum

1993 1815 2275 1881 omnium,
2328 1828 2461 1884 qua
2498 1812 2679 1869 oculis
2706 1813 3075 1869 materialiter
3110 1812 3433 1884 subjacent,
3471 1826 3694 1869 concu-

1997 1901 2274 1974 piscentia
2302 1916 2405 1958 nos
2433 1908 2606 1957 arcet.

2065 1991 2237 2047 Vens.
2267 1994 2351 2056 l7,
2400 1992 2478 2045 l8.
2527 2020 2596 2029 ——
2635 1990 2973 2059 Factumque
3009 1994 3091 2045 est
3134 1990 3405 2044 diluvium
3452 1990 3692 2059 quadra-

1994 2083 2151 2149 ginta
2178 2079 2389 2146 diebus,
2410 2084 2510 2134 45
2537 2083 2588 2133 et
2618 2079 2993 2148 quadraginta
3011 2080 3251 2134 noctibus
3274 2094 3438 2148 super
3466 2084 3689 2143 terram,

1995 2174 2045 2223 et
2094 2169 2473 2239 multiplicata
2524 2173 2651 2223 sunt
2699 2184 2877 2238 aqua,
2908 2173 2959 2222 et
3002 2168 3341 2222 elevuverunt
3394 2182 3577 2222 arcam
3636 2168 3694 2220 in

1994 2258 2222 2313 sublime
2274 2273 2310 2312 a
2358 2262 2537 2324 terra;
2567 2257 2901 2312 vehementer
2957 2256 3382 2321 inundaverant,
3425 2262 3474 2309 et
3512 2256 3698 2309 omnia

1994 2348 2335 2415 repleverunt
2385 2348 2442 2399 in
2495 2346 2777 2413 superﬁcie
2850 2351 3026 2399 terra.
3105 2343 3248 2398 Cum
3330 2342 3389 2397 in
3464 2348 3694 2396 tantum

1998 2449 2160 2491 mens
2193 2442 2389 2490 nostra
2418 2433 2713 2503 sapientia
2766 2431 2996 2487 ﬂuentis
3047 2429 3307 2496 alluitur,
3370 2436 3499 2486 uta
3528 2429 3700 2485 nobis

1996 2523 2353 2594 compleatur
2371 2539 2383 2578 :

3284 2606 3504 2662 Gaudia
3538 2606 3695 2674 pelle.

2003 2702 2163 2769 [Pelle
2194 2702 2460 2767 timorem,
2487 2713 2581 2752 nec
2607 2697 2760 2751 dolor
2790 2696 2958 2761 adsit,
2990 2710 3243 2764 spemque
3270 2691 3513 2766 fugata]

2067 2789 2229 2857 Quod
2275 2802 2425 2858 sape
2462 2785 2719 2842 diximus
2775 2784 2939 2840 innui
2974 2798 3075 2853 per
3128 2782 3519 2853 quadraginta
3575 2781 3701 2836 dies

192 2889 428 2945 evidens
481 2890 817 2964 religionis;
851 2896 1159 2964 secundus,
1208 2896 1490 2953 assecutio
1543 2904 1645 2965 est,
1706 2902 1721 2951 t

2160 2885 2318 2942 otes;
2368 2872 2831 2945 multiplicantur
2887 2871 3181 2927 inferiores
3228 2884 3295 2926 ac
3350 2869 3694 2940 superiores,

193 2992 400 3049 naque
455 2980 657 3037 habitu
728 2983 1103 3052 pratenditur
1165 2985 1431 3055 virtutis;
1483 2985 1765 3055 senarius,
1826 2992 1887 3041 ut

192 3066 466 3133 diximus,
502 3070 572 3125 ad
622 3069 953 3140 hominem;
1002 3073 1094 3128 die
1119 3073 1270 3129 enim
1304 3082 1466 3130 sexta
1498 3076 1663 3130 homo
1703 3075 1888 3131 factus

193 3161 278 3209 est
303 3169 319 3224 ;
353 3157 737 3225 centenarius,
771 3159 875 3229 qui
917 3160 1125 3217 transit
1172 3160 1229 3216 in
1278 3164 1591 3227 dexteram,
1642 3162 1889 3233 pertinet

195 3243 267 3298 ad
331 3245 890 3316 contemplationem.
964 3248 1079 3305 Nisi
1157 3250 1310 3306 enim
1395 3251 1890 3322 transgrediamur

198 3332 504 3401 hominem,
539 3348 651 3390 non
686 3336 1068 3408 pertingimus
1117 3339 1189 3394 ad
1222 3338 1432 3394 divina
1486 3338 1889 3408 speculationis

196 3420 587 3478 subtilitatem.
650 3424 730 3479 De
778 3424 870 3481 die
924 3425 1105 3497 igitur
1141 3426 1214 3482 ad
1265 3441 1538 3495 mensem,
1599 3428 1668 3483 de
1699 3443 1890 3484 mense

199 3509 429 3565 venitur
474 3509 546 3565 ad
599 3525 840 3578 annum,
891 3514 1033 3584 quia
1088 3520 1213 3584 post
1242 3515 1632 3571 conversionis
1662 3516 1888 3572 initium

200 3610 606 3665 promovemur
660 3598 732 3654 ad
766 3598 1119 3656 incrementa
1150 3599 1456 3667 virtutum,
1509 3616 1578 3657 ex
1638 3617 1890 3673 quarum

199 3697 404 3739 rursus
434 3684 765 3742 collectione
815 3687 1190 3758 aggredimur
1218 3688 1388 3744 tinem
1415 3690 1674 3745 omnium
1713 3694 1889 3746 Deum

198 3772 607 3830 contuendum.
668 3774 755 3830 Ad
827 3776 979 3845 quod
1044 3789 1177 3832 cum
1233 3778 1501 3835 devenire
1565 3778 1888 3849 contigerit,

201 3873 423 3931 magna
498 3862 678 3918 fontes
735 3871 1094 3933 rumpuntur
1153 3865 1365 3936 abyssi,
1425 3866 1565 3937 quia
1638 3881 1895 3923 recessus

199 3951 650 4007 conversationis
682 3951 951 4007 humana
985 3952 1058 4008 ad
1102 3952 1390 4024 liquidum
1421 3955 1767 4024 aperiuntur
1795 3969 1893 4025 per

200 4038 414 4093 donum
471 4038 739 4106 scientia,
781 4047 836 4095 et
886 4040 1056 4096 homo
1107 4041 1214 4098 sibi
1273 4043 1492 4112 pridem
1543 4043 1891 4113 incognitus,

200 4125 338 4182 dum
370 4127 484 4182 vim
507 4127 864 4183 discretionis
890 4129 1116 4199 accipit,
1148 4131 1316 4201 quasi
1348 4130 1561 4187 fontem
1591 4131 1660 4187 de
1689 4131 1893 4199 abysso

1998 2966 2213 3039 quibus
2244 2964 2459 3021 scimus
2495 2970 2550 3019 et
2594 2960 2872 3033 sapimus,
2933 2975 3139 3031 aqua;
3197 2967 3252 3015 et
3291 2973 3364 3015 ex
3394 2958 3481 3014 sui
3515 2956 3700 3028 ipsius

1998 3055 2198 3111 notitia
2221 3053 2293 3108 ad
2323 3051 2572 3107 videnda
2599 3049 2795 3106 divina
2834 3063 3215 3119 progressam,
3269 3046 3436 3117 quasi
3465 3046 3699 3102 duabus

1997 3140 2122 3210 alis,
2164 3141 2366 3197 timore
2394 3137 2656 3195 videlicet
2710 3138 2823 3204 sui,
2871 3144 2923 3192 et
2978 3150 3173 3192 amore
3216 3134 3330 3203 Dei,
3362 3135 3432 3191 ad
3479 3142 3697 3191 aterna

1997 3228 2312 3301 quarenda
2357 3225 2515 3283 omni
2558 3224 2883 3297 posthabita
2937 3225 3268 3281 terrenitate
3336 3222 3699 3293 suspendunt

1998 3318 2250 3373 animam
2273 3331 2289 3385 ;
2309 3322 2365 3371 et
2396 3315 2452 3371 in
2484 3320 2708 3370 tantum
2739 3328 2853 3369 usu
2881 3312 3264 3383 cogitationis,
3298 3319 3353 3367 et
3380 3310 3701 3366 dilectionis

1997 3406 2340 3473 exuberant,
2372 3412 2437 3460 ut
2465 3402 2751 3474 quidquid
2785 3402 3097 3472 loquimur,
3131 3400 3415 3471 quidquid
3445 3399 3701 3469 denique

1998 3499 2057 3551 in
2125 3495 2406 3564 superﬁcie
2457 3496 2633 3558 terra,
2697 3490 2752 3547 id
2808 3498 2891 3547 est
2947 3489 3336 3547 sensualitatis
3394 3487 3697 3549 eftlcimus,

2001 3584 2081 3640 nil
2112 3584 2270 3639 aliud
2319 3595 2496 3653 quam
2529 3581 2693 3637 illum
2749 3580 2978 3636 vitalem
3020 3577 3338 3649 spiritualis
3377 3574 3700 3647 prudentia

1999 3685 2255 3729 succum.
2290 3669 2463 3741 cujus
2490 3682 2682 3724 amore
2708 3667 3039 3738 fragramus
3070 3666 3337 3721 redoleat.

2075 3760 2242 3816 Vens.
2282 3762 2363 3813 l9.
2397 3788 2464 3799 —
2496 3760 2663 3813 Porro
2710 3772 2841 3810 arca
2880 3757 3160 3822 ferebatur
3196 3771 3359 3824 super
3387 3767 3581 3824 aquas.
3629 3755 3701 3807 Et

2000 3864 2157 3919 aqua
2216 3848 2620 3918 pravaluerunt
2666 3847 2832 3899 nimis
2878 3859 3043 3913 super
3113 3848 3351 3897 terram:
3411 3843 3700 3911 opertique

2001 3942 2127 3992 sunt
2155 3952 2332 3991 omnes
2378 3939 2580 3989 montes
2632 3934 2827 3988 excelsi
2880 3933 2978 3987 sub
3020 3934 3270 3987 universo
3314 3932 3458 3985 caelo.
3515 3928 3701 3999 Aquis

2002 4025 2358 4095 superfertur
2416 4036 2571 4089 arca,
2620 4021 2758 4077 dum
2823 4036 3001 4087 mens,
3052 4036 3155 4092 pro
3202 4020 3577 4076 fundamento
3619 4030 3701 4073 sa-

2002 4114 2227 4185 pientia
2277 4111 2546 4177 innitens,
2581 4110 2651 4166 ad
2698 4110 3034 4166 instinctum
3071 4109 3199 4179 ejus
3232 4108 3396 4178 quasi
3450 4107 3521 4162 ad
3560 4119 3699 4161 nor-

200 4213 477 4269 altissima
515 4215 888 4283 multiplicem
922 4196 1183 4284 invenit;
1207 4218 1348 4274 dum
1392 4226 1631 4275 naturas
1685 4196 1893 4289 passio-
1932 4203 1975 4257 Ῐ)
2002 4217 2153 4259 mam
2206 4201 2403 4289 dirigit
2448 4214 2622 4268 ορθΐό
2669 4213 2774 4254 sua
2802 4214 2818 4267 ἔ
2851 4205 2906 4254 et
2959 4212 3140 4289 aqua;
3166 4196 3479 4289 ρι’ξΒνὲΙθηῐ
3532 4210 3701 4265 sup"

203 4311 342 4354 num
372 4306 427 4356 et
466 4300 854 4358 humanorum
886 4318 1111 4361 morum
1158 4306 1353 4362 abdita
1391 4306 1715 4363 discernere
1750 4322 1891 4377 pru-

201 4385 399 4443 denter
450 4396 505 4443 et
567 4390 879 4459 perspicere
943 4395 1148 4464 novit;
1208 4395 1437 4463 abyssus
1502 4395 1676 4462 enim,
1721 4397 1892 4465 juxta

206 4474 515 4543 Psalmum,
564 4477 817 4545 abyssum
857 4482 1071 4535 invocat
1117 4484 1285 4549 (Psal.
1344 4498 1456 4551 xu,
1514 4487 1588 4549 8),
1637 4492 1692 4540 et
1739 4484 1893 4540 Scri-

206 4570 374 4630 ptura
412 4577 561 4632 sape
617 4579 715 4621 cor
744 4567 987 4625 hominis
1035 4568 1110 4625 ita
1140 4571 1446 4641 significat.
1505 4573 1653 4628 Fons
1698 4572 1895 4643 itaque

207 4651 284 4705 ιΙΙί
337 4650 526 4720 abyssi
577 4667 800 4725 magna
850 4657 1160 4727 rumpitur,
1194 4658 1289 4714 cui
1328 4660 1419 4715 sui
1466 4658 1645 4730 ipsius
1696 4660 1897 4717 notitia

208 4755 308 4809 per
329 4740 761 4811 intelligentiam
782 4744 1057 4815 aperitur.
1083 4747 1412 4814 Cataracta,
1448 4747 1502 4803 id
1526 4756 1609 4804 est
1639 4748 1896 4804 fenestra

206 4829 326 4883 cali
361 4828 443 4884 illi
477 4838 690 4900 patent,
721 4833 812 4888 cui
857 4833 927 4888 ad
959 4834 1305 4903 capiendum
1351 4836 1667 4906 spiritualis
1698 4837 1897 4907 gratia

209 4917 400 4972 lumen
459 4920 756 4977 oculorum
816 4920 1290 4980 intellectualium
1349 4928 1621 4980 acumina
1679 4926 1894 4995 vigent.

208 5006 297 5060 Ex
355 5006 443 5061 his
473 5008 742 5077 fontibus,
778 5010 833 5065 id
879 5017 964 5066 est
993 5011 1245 5067 scientia
1291 5012 1632 5083 originibus,
1664 5021 1719 5068 et
1771 5011 1897 5067 cali

207 5095 526 5161 cataractis,
556 5096 808 5152 luciﬂuis
849 5097 1061 5154 scilicet
1093 5098 1330 5155 interna
1372 5101 1667 5171 sapientia
1698 5099 1897 5169 rimis;

207 5197 371 5251 super
429 5188 629 5238 terram
702 5186 763 5241 tit
830 5186 1039 5242 inlusio
1098 5188 1451 5258 pluviarum,
1513 5203 1899 5259 supernarum

209 5270 421 5327 scilicet
469 5271 702 5328 ubertas
759 5275 1099 5344 gratiarum,
1150 5277 1367 5347 quibus
1417 5290 1451 5330 a
1484 5276 1720 5331 denario
1761 5275 1905 5347 legis

213 5358 507 5429 Evangelii
555 5362 993 5431 quaternarium
1047 5363 1412 5435 attingentes,
1466 5362 1587 5419 dies
1626 5364 1905 5436 prosperi-

2003 4297 2225 4353 terram,
2273 4288 2414 4359 quia
2460 4289 2531 4343 ad
2561 4295 2767 4343 nutum
2820 4301 2939 4341 sua
2994 4284 3387 4355 inspirationis
3452 4290 3697 4338 matrem

2000 4393 2237 4448 operum
2292 4376 2461 4447 quasi
2509 4375 2847 4444 discipulam
2908 4381 3137 4443 regunt,
3177 4380 3232 4429 et
3288 4371 3698 4441 constringunt

2002 4468 2109 4524 sibi
2148 4464 2574 4522 conscientiam.
2607 4464 2897 4531 Opertique
2932 4466 3058 4516 sunt
3113 4475 3291 4516 omnes
3336 4464 3538 4514 montes
3595 4475 3696 4513 ea:-

2003 4558 2130 4611 celsi
2185 4555 2283 4609 sub
2338 4555 2587 4607 universo
2632 4552 2776 4617 calo,
2813 4549 2951 4620 quia
3003 4563 3136 4605 cum
3192 4548 3249 4604 in
3301 4548 3443 4604 illud
3496 4548 3695 4603 lumen

2006 4644 2314 4707 luminum,
2348 4641 2648 4710 Deumque
2698 4638 2978 4693 virtutum
3030 4636 3448 4707 aliquantisper
3485 4635 3698 4693 scintil-

2004 4730 2124 4786 lare
2146 4727 2550 4800 permittimur,
2582 4725 2868 4796 quidquid
2905 4724 2962 4780 in
2996 4726 3313 4781 virtutibus
3344 4724 3700 4781 celsitudinis

2006 4819 2218 4874 habere
2246 4830 2351 4871 nos
2374 4814 2740 4885 putabamus,
2774 4812 3036 4869 contuitu
3077 4820 3249 4869 tanta
3280 4813 3493 4884 gloria,
3528 4814 3698 4882 quasi

2007 4906 2246 4961 lucerna
2295 4904 2352 4958 in
2425 4902 2542 4958 sole
2591 4900 2739 4956 illico
2789 4902 3080 4971 operitur;
3147 4908 3203 4957 et
3257 4900 3397 4970 quid
3449 4900 3577 4956 dico
3633 4900 3703 4955 de

2007 4992 2224 5049 visione
2254 4989 2585 5060 majestatis,
2617 5003 2751 5045 cum
2782 4989 2934 5045 dicat
2973 4989 3071 5043 sub
3104 4991 3352 5043 universo
3394 4988 3564 5043 calo?
3592 4989 3703 5045 sub

2008 5080 2148 5137 coelo
2180 5087 2401 5136 montes
2428 5077 2790 5147 operiuntur.
2816 5092 2948 5134 cum
2980 5091 3066 5145 ea,
3117 5092 3249 5147 qua
3283 5077 3393 5132 sub
3433 5077 3566 5142 Deo,
3600 5079 3701 5147 qui

2009 5170 2216 5225 calum
2246 5176 2349 5235 est,
2404 5174 2559 5233 sunt,
2600 5166 3083 5232 considerantur;
3126 5174 3180 5221 et
3208 5181 3281 5223 ex
3335 5180 3535 5222 eorum
3566 5180 3703 5235 pro-

2010 5265 2207 5329 spectu
2258 5256 2543 5328 quidquid
2613 5270 2835 5323 sumus,
2904 5254 2995 5310 vel
3049 5269 3171 5311 esse
3231 5269 3537 5325 possumus
3597 5254 3707 5311 vile

2012 5347 2258 5404 videtur.
2294 5346 2433 5413 Quis
2459 5347 2635 5411 enim,
2687 5353 2751 5401 ut
2781 5345 2851 5401 de
2882 5343 3012 5400 aliis
3042 5352 3279 5412 taceam,
3327 5358 3401 5399 ex
3440 5343 3706 5401 contuitu

2014 5434 2337 5507 perminimi
2391 5434 2732 5505 angelorum
2789 5431 2893 5488 sibi
2951 5432 3055 5502 ipsi
3112 5446 3226 5488 non
3267 5432 3550 5488 sordeat?
3598 5432 3705 5488 Sed
