3884 6068
184 159 254 213 99
1087 154 1149 207 ν.
1189 140 1526 209 GUIBERTI
1562 150 1852 207 ABBATIS
1888 151 1947 206 S.
1989 147 2229 207 MARIIE
2271 151 2361 207 DE
2401 149 2793 207 NOVIGENTO

3591 156 3697 206 100

180 285 326 342 riam
379 298 661 355 persensu:
733 282 904 339 semel
969 281 1290 339 dulcedinis
1342 280 1870 352 speculationisque
1906 283 1951 337 A
1982 282 2162 338 Adam
2214 288 2269 337 et
2319 282 2522 348 Evam,
2572 280 2675 351 qui
2734 280 2833 336 Dei
2892 280 3239 338 fruebantur
3294 283 3576 354 alloquio,
3635 293 3698 342 et

183 373 323 429 dum
382 386 550 444 sapor
601 371 915 439 reducitur,
988 370 1202 440 saepius
1253 369 1659 441 ingemiscunt,
1723 371 1880 427 unde

179 462 411 518 cuidam
441 462 652 518 dicitur
683 477 696 515 :
730 462 929 517 Memor
957 466 1066 514 esto
1092 459 1235 514 unde
1290 460 1557 514 excideris
1581 459 1771 530 (Apoc.
1818 475 1878 527 ιι,

182 551 257 621 5),
288 558 344 607 et
388 556 512 620 post
556 556 765 605 centum
794 551 1200 619 quinquaginta
1229 548 1342 603 dies
1374 550 1548 603 minui
1569 548 1874 619 incipiunt,

182 640 323 709 quia
349 640 457 694 nisi
482 647 585 695 aut
612 638 843 695 indulta
893 639 965 694 ad
1014 637 1214 693 horam
1245 636 1472 693 silentia
1524 638 1881 708 contempla-

181 727 352 783 tionis
376 727 724 794 transierint,
776 734 879 782 aut
919 725 1187 796 perfectio
1234 725 1448 796 quietis
1495 738 1568 780 ex
1631 725 1871 781 incursu

181 814 452 871 molestiae
507 815 755 885 alicujus
806 814 1101 880 exciderit,
1140 813 1241 870 ubi
1279 828 1341 870 se
1392 813 1715 884 immergat,
1746 830 1877 884 illim

180 910 435 958 nostram
479 902 785 958 immiunat
858 903 1248 973 prudentiam,
1336 902 1575 959 tentatio
1627 903 1878 973 reperire

180 1004 299 1047 non
320 991 549 1061 poterit.

251 1080 411 1137 Vens.
454 1080 505 1134 4.
549 1108 619 1121 -
663 1081 1059 1150 Requievitque
1106 1094 1239 1134 arca
1284 1094 1461 1134 mense
1506 1080 1756 1148 septimo,
1806 1081 1881 1132 vi-

178 1166 376 1218 cesima
415 1167 467 1218 et
515 1166 747 1233 septima
776 1163 863 1217 die
912 1165 1110 1217 mensis
1139 1178 1303 1232 super
1347 1167 1549 1217 montes
1574 1163 1872 1217 Armeniae.

181 1252 329 1307 Dum
353 1264 522 1322 aquae
573 1259 693 1321 post
721 1250 1169 1321 dispensativam
1199 1250 1560 1307 amissionem
1605 1250 1877 1307 redivivze

178 1340 342 1397 nobis
370 1340 638 1410 spiritum
673 1340 1118 1411 recogitationis,
1150 1354 1218 1396 ac
1242 1339 1635 1410 castigationis
1674 1338 1877 1395 infun-

178 1429 342 1494 dunt,
376 1427 590 1484 mensis
613 1428 890 1498 septimus
918 1428 1129 1499 agitur,
1171 1428 1311 1500 quia
1348 1429 1679 1485 divinarum
1751 1442 1878 1483 me-

178 1516 359 1571 moria
387 1516 860 1583 illustrationum,
896 1517 952 1571 in
983 1517 1199 1587 quibus
1220 1517 1513 1587 quondam
1548 1517 1875 1573 sabbatiza—

177 1604 390 1671 vimus,
423 1603 770 1674 interimque
807 1605 947 1660 dum
1010 1605 1402 1674 recordamur,
1454 1605 1875 1676 aliquantisper

178 1692 621 1756 sabbatizamus,
682 1694 751 1748 ad
809 1707 907 1748 cor
950 1701 1292 1764 revocatur;
1363 1694 1576 1751 mensis
1621 1705 1879 1764 namque

176 1780 400 1836 dierum
432 1780 685 1836 collectio
714 1788 819 1848 est,
865 1788 921 1836 et
953 1780 1233 1850 septimus
1286 1781 1593 1837 sabbatum
1625 1790 1742 1852 est;
1777 1782 1874 1838 sed

176 1871 221 1923 si
262 1868 476 1924 mensis
516 1868 799 1939 septimus
823 1868 1038 1924 bonum
1073 1868 1216 1939 quid
1250 1869 1494 1937 insonat,
1519 1868 1793 1926 vicesima
1821 1875 1876 1926 et

176 1959 416 2027 septima
470 1957 592 2013 dies
642 1957 852 2013 mensis
900 1957 1187 2027 quidquid
1271 1957 1408 2015 boni
1460 1958 1875 2027 przecinuimus

175 2046 401 2113 turbat;
449 2060 552 2116 per
581 2046 788 2116 viginti
817 2045 971 2102 enim
1024 2045 1351 2115 duplicitas,
1401 2060 1503 2117 per
1572 2048 1874 2118 septimam

175 2134 481 2191 identidem
515 2135 767 2205 requies,
818 2148 919 2205 per
961 2133 1109 2190 diem
1145 2134 1298 2190 bona
1350 2135 1625 2192 voluntas
1670 2136 1872 2205 expri-

175 2224 381 2294 mitur;
425 2225 676 2294 suppetit
704 2238 841 2295 ergo
871 2224 1020 2279 bona
1049 2224 1121 2279 ad
1155 2224 1629 2281 sabbatizandum
1659 2225 1874 2281 volun-

175 2320 281 2379 tas,
340 2311 480 2368 dum
535 2325 711 2383 quam
761 2312 833 2367 sit
889 2312 1105 2369 bonum
1158 2326 1421 2369 securam
1477 2312 1690 2368 habere
1730 2327 1873 2369 con-

174 2400 468 2456 scientiam
521 2400 846 2465 recolimus.
881 2401 977 2457 sed
1027 2415 1161 2457 cum
1195 2401 1267 2456 ad
1316 2401 1631 2470 appetitum
1682 2401 1874 2457 carnis

176 2488 532 2558 respicimus,
565 2490 672 2545 hoc
729 2489 881 2545 illico
925 2489 1234 2560 dupliciter
1282 2504 1398 2546 non
1453 2489 1675 2546 sincere
1726 2489 1874 2546 velle

175 2577 522 2648 probamur;
585 2579 716 2634 Vult
766 2577 942 2641 enim,
1010 2577 1091 2634 ait
1149 2577 1437 2646 Salomon,
1482 2583 1533 2633 et
1600 2594 1706 2632 non
1752 2577 1873 2633 vult

170 2666 537 2736 piger(Prov.
569 2680 695 2733 xm,
747 2667 826 2735 It),
879 2666 1019 2722 dum
1050 2666 1269 2722 bonum
1298 2667 1538 2737 exsequi
1571 2665 1762 2734 vellet,
1821 2666 1869 2721 si

173 2755 298 2811 sine
327 2754 448 2810 ulla
475 2754 667 2811 carnis
705 2754 1059 2811 continentia
1090 2754 1211 2811 fieri
1239 2762 1447 2824 posset,
1501 2769 1632 2811 cum
1664 2769 1871 2811 secun-

173 2843 312 2899 dum
344 2843 452 2899 hoc
506 2857 640 2898 eum
673 2843 820 2899 nolle
872 2843 1101 2913 penitus
1124 2850 1371 2899 constet.
1440 2842 1614 2912 Super
1666 2848 1871 2899 montes

175 2939 371 2988 autem
416 2932 690 2988 Armenia:
734 2949 866 2987 arca
896 2933 1222 3003 requiescit,
1255 2932 1397 3004 quia
1444 2932 1503 2989 in
1533 2942 1866 2990 sanctorum

157 3020 468 3090 exemplis,
525 3020 627 3091 qui
680 3035 812 3077 vere
861 3035 962 3092 pro
1053 3022 1391 3078 excellentia
1437 3028 1494 3077 et
1563 3021 1869 3078 stabilitate

172 3112 375 3162 montes
423 3107 718 3176 dicuntur,
767 3116 822 3165 et
873 3109 1125 3165 maxime
1193 3108 1253 3164 in
1311 3108 1540 3165 illorum
1581 3109 1682 3180 qui
1743 3116 1868 3180 post

174 3194 401 3264 lapsum
432 3195 655 3265 aliquid
681 3195 1000 3253 sanctitatis
1058 3195 1396 3268 attigerunt,
1446 3196 1651 3253 talium
1696 3197 1868 3268 torpi-

174 3284 378 3339 dorum
412 3284 761 3340 conscientia
810 3299 871 3341 se
926 3285 1183 3342 reflectit.
1218 3286 1283 3340 In
1328 3285 1442 3341 alia
1495 3286 1870 3343 translatione

172 3387 334 3442 super
357 3377 560 3440 montes
588 3376 796 3429 Ararat
826 3374 1063 3444 legitur;
1125 3374 1337 3430 Ararat
1376 3374 1531 3431 enim
1593 3375 1868 3432 Hebraice

173 3463 444 3515 Armenia
468 3469 727 3530 vocatur,
758 3463 949 3518 ethoc
1002 3460 1190 3532 ipsum
1257 3477 1408 3518 mons
1454 3464 1640 3518 vulsus
1691 3464 1865 3520 inter-

174 3556 462 3619 pretatur;
494 3563 658 3606 mons
684 3557 876 3607 autem
906 3550 1109 3606 vulsus
1151 3550 1427 3607 sanctitas
1454 3558 1539 3607 est
1568 3550 1864 3608 destituta.

172 3636 317 3694 Cum
347 3637 544 3709 itaque
598 3646 854 3695 tentatur
900 3638 1227 3709 cujuspiam
1279 3639 1531 3711 religiosi
1614 3640 1865 3707 animus,

173 3735 488 3784 occurrunt
543 3727 720 3784 menti
799 3727 1085 3784 montium
1163 3728 1477 3798 vulsiones,
1531 3737 1864 3786 sanctorum

172 3814 394 3872 scilicet
416 3814 634 3887 lapsus,
671 3815 773 3886 qui
805 3822 996 3873 tamen
1043 3817 1114 3873 ad
1149 3817 1276 3885 hoc,
1333 3825 1399 3874 ut
1449 3826 1670 3875 montes
1691 3833 1866 3876 voca-

171 3912 394 3973 rentur,
426 3907 614 3963 redire
648 3900 1001 3963 studuerunt
1030 3906 1312 3977 reparatis
1367 3907 1624 3979 viribus;
1678 3907 1738 3962 in
1779 3907 1867 3963 his

172 4007 308 4050 arca
338 3994 701 4063 immoratur,
746 3993 888 4065 quia
917 3994 1124 4051 horum
1170 4009 1358 4063 casus,
1388 4002 1443 4051 et
1501 3995 1867 4067 postmodum

170 4083 635 4151 resurrectiones,
667 4083 833 4154 quasi
863 4082 935 4139 ad
966 4083 1312 4140 imitandum
1362 4085 1654 4155 possibilia
1708 4085 1866 4157 cogi-

172 4181 295 4231 tare
332 4174 667 4231 delectatur.

243 4262 395 4321 Vens
438 4267 491 4318 5.
550 4291 621 4305 —
676 4266 750 4318 At
790 4278 915 4318 vero
961 4278 1119 4333 aqua
1156 4264 1331 4331 ibant,
1391 4270 1442 4318 et
1496 4263 1869 4321 decrescebant

170 4367 339 4423 usque
365 4351 439 4406 ad
478 4351 743 4406 decimum
799 4367 1048 4407 mensem.
1109 4354 1282 4423 Aqua
1339 4359 1479 4409 eunt
1532 4360 1589 4408 et
1632 4352 1866 4424 decres-

170 4449 329 4506 cunt,
354 4440 494 4496 dum
543 4440 856 4510 spiritualis
901 4455 936 4497 a
991 4442 1159 4498 nobis
1211 4441 1533 4512 prudentiae
1584 4442 1869 4513 cogitatus

171 4528 464 4595 recedunt,
498 4529 592 4585 sed
624 4529 765 4599 quia
792 4531 1025 4599 spiritus
1052 4529 1255 4584 vadens
1285 4530 1458 4600 (Psal.
1511 4544 1720 4597 Lxxvu,
1778 4533 1870 4599 39)

171 4616 402 4686 quidem
438 4629 536 4685 per
565 4630 863 4678 sesumus.
897 4617 994 4673 sed
1029 4631 1127 4687 per
1153 4631 1211 4673 se
1248 4633 1355 4673 non
1384 4619 1599 4673 rediens
1657 4618 1865 4688 (Ibid),

170 4705 241 4759 ad
293 4704 575 4760 decimum
636 4719 887 4762 mensem
938 4705 1283 4762 intendendo
1325 4706 1621 4762 deficiunt.
1660 4707 1870 4764 Mensis

171 4792 449 4859 decimus,
482 4792 611 4849 licet
636 4792 830 4849 minus
890 4795 1100 4850 usitata
1148 4793 1270 4850 haec
1318 4794 1714 4865 interpretatio
1773 4796 1870 4852 ha-

170 4880 397 4947 beatur,
428 4881 700 4937 humanae
739 4882 1080 4938 conditionis
1105 4886 1199 4936 43
1256 4882 1397 4938 ordo
1450 4896 1567 4938 non
1613 4882 1865 4940 absurde

169 4968 473 5038 accipitur,
514 4969 617 5039 qui
664 4983 876 5026 novem
923 4971 1131 5027 creatis
1183 4969 1506 5041 angelorun
1563 4969 1868 5026 ordinibus

171 5056 428 5114 decimus
455 5065 540 5113 est
583 5065 841 5129 creatus;
899 5073 1031 5115 cum
1075 5073 1212 5130 ergo
1270 5057 1552 5115 illecebrae
1606 5058 1866 5114 animum

169 5144 430 5201 carnales
478 5153 709 5217 urgent,
766 5161 881 5202 non
941 5148 1110 5204 modo
1138 5161 1253 5213 eos,
1287 5146 1392 5216 qui
1417 5159 1519 5215 per
1546 5145 1685 5201 Adae
1714 5160 1869 5215 prae-

169 5233 579 5290 varicationem
614 5233 764 5290 facta
796 5236 1131 5292 necessitate
1161 5233 1438 5304 peccandi
1469 5247 1646 5303 grave
1694 5233 1866 5304 quid-

170 5322 322 5393 piam
350 5322 785 5393 commiserunt,
816 5323 875 5380 in
921 5321 1252 5392 exemplum
1317 5321 1686 5378 admittenda;
1741 5337 1870 5392 pra-

174 5408 368 5469 vitatis
412 5409 663 5478 adhibet,
733 5410 828 5466 sed
886 5410 1005 5479 ipso
1066 5408 1354 5480 principes
1409 5408 1636 5480 genesis
1686 5408 1868 5466 nostri

1988 370 2152 426 nulla
2189 384 2308 426 suae
2366 370 2558 425 carnis
2611 370 2899 426 incentiva
2930 371 3317 440 patiebantur,
3380 372 3695 429 attendunt

1988 474 2165 531 quam
2261 460 2422 514 facile
2483 459 2725 525 ruerint,
2772 466 2827 513 et
2881 457 3003 513 haec
3054 459 3267 515 damna
3314 459 3694 517 excusatione

1987 548 2164 619 digna
2188 561 2286 617 pro
2343 547 2595 602 naturali
2646 546 2952 617 fragilitate
3011 547 3396 616 praetendunt.
3457 547 3510 603 Si
3583 548 3689 615 illi,

1988 636 2199 707 inquit,
2237 636 2363 701 hoc,
2415 643 2518 691 aut
2572 635 2712 690 illud
2763 634 3005 706 egerint.
3041 649 3146 706 ego
3195 636 3495 691 homuutio
3568 651 3693 707 quo

1986 725 2189 780 robore
2221 722 2582 779 resisterem?
2634 722 2782 778 Dum
2837 736 2975 793 ergo
3024 736 3298 790 mensem,
3355 724 3406 778 id
3438 730 3523 781 est
3575 739 3693 780 nu-

1986 826 2208 869 merum
2259 811 2427 882 quasi
2489 810 2711 866 dierum
2766 810 3080 867 claritatem
3164 811 3221 866 iu
3298 810 3517 868 decimo
3590 813 3690 868 illo

1983 910 2293 971 peccatore,
2353 899 2537 955 Adam
2590 898 2819 965 scilicet,
2876 898 3258 967 considerant,
3328 901 3436 955 sub
3509 901 3689 957 tantis

1983 991 2318 1046 auctoribus
2343 1004 2400 1045 se
2453 1002 2612 1059 posse
2658 1001 2910 1058 peccare,
2953 1002 3084 1043 cum
3144 996 3200 1043 et
3239 988 3346 1058 ipsi
3406 1002 3684 1059 peccave—

1985 1079 2120 1145 rint,
2148 1076 2552 1134 excusabiliter
2582 1082 2805 1147 putant.
2839 1078 3048 1130 Decimo
3095 1078 3237 1130 enim
3266 1091 3460 1144 mense,
3499 1080 3685 1147 prima

1982 1168 2070 1222 die
2114 1172 2307 1222 mensis
2351 1170 2727 1236 apparuerunt
2778 1167 3062 1219 cacumina
3111 1168 3393 1219 montium.
3452 1165 3520 1220 In
3561 1165 3715 1236 ipso.

1983 1270 2238 1327 namque
2262 1254 2447 1325 primo
2478 1261 2653 1321 statu,
2695 1267 2870 1323 quem
2900 1253 3186 1308 decimum
3232 1253 3490 1309 diximus
3514 1267 3677 1309 men-

1982 1360 2123 1412 sem,
2157 1344 2343 1416 prima
2370 1344 2483 1409 die,
2529 1342 2585 1397 id
2632 1348 2717 1409 est
2777 1341 2836 1396 in
2896 1342 3017 1411 ipso
3073 1341 3360 1397 felicitatis
3416 1341 3678 1409 introitu,

1982 1437 2359 1505 apparuerunt
2412 1432 2693 1486 cacumina
2735 1434 3019 1498 montium,
3070 1430 3127 1486 id
3178 1431 3273 1499 ἔδει
3318 1430 3547 1500 superbi
3601 1430 3682 1486 fa-

1985 1533 2107 1581 stus
2136 1522 2363 1578 illorum
2400 1518 2627 1590 generis
2659 1518 2833 1573 nostri
2894 1518 3253 1589 principum;
3308 1519 3492 1575 solent
3540 1532 3681 1575 sane

1915 1587 1955 1641 B
1986 1611 2167 1682 aliqui
2216 1609 2297 1664 sic
2343 1587 2575 1663 dicere:
2631 1605 2687 1662 Si
2746 1606 2827 1661 illi
2876 1587 2931 1660 in
2990 1587 3259 1676 superbia
3308 1620 3377 1662 ac
3408 1606 3671 1675 avaritia,

1982 1714 2113 1772 qum
2134 1696 2425 1754 naturalia
2458 1710 2573 1751 non
2620 1701 2756 1750 sunt
2804 1694 2946 1750 vitia
2991 1694 3380 1764 deliquerunt,
3441 1709 3544 1750 nos
3574 1696 3674 1765 qui

1985 1792 2040 1845 in
2071 1788 2218 1854 cibo,
2266 1800 2334 1841 ac
2366 1793 2526 1855 potu,
2555 1783 2811 1854 corporis
2841 1782 3154 1854 voluptate,
3187 1797 3318 1854 quae
3374 1783 3676 1854 originali-

1984 1888 2068 1935 ter
2123 1874 2391 1933 medullis
2437 1872 2647 1929 nostris
2719 1872 2890 1928 insita
2943 1878 3101 1938 sunt,
3156 1886 3482 1943 peccamus,
3531 1872 3674 1943 quid

1982 1967 2195 2024 mirum
2221 1961 2512 2020 facimus?
2538 1963 2820 2016 cacumina
2845 1959 3024 2032 igitur
3055 1963 3318 2016 montium
3368 1961 3451 2017 sic
3501 1969 3676 2016 atten-

1982 2056 2148 2122 dunt,
2203 2053 2343 2109 dum
2374 2050 2604 2106 illorum
2632 2049 2786 2105 vitiis
2813 2062 2872 2105 se
2898 2048 3235 2105 defendunt.

2054 2144 2224 2201 Vens.
2288 2146 2342 2208 6,
2398 2146 2450 2195 Ἰ.
2513 2170 2580 2181 -
2635 2140 2870 2208 Cumque
2923 2140 3247 2192 transissent
3301 2135 3675 2205 quadraginta

1981 2232 2116 2300 dies,
2173 2233 2419 2301 aperiens
2477 2230 2587 2285 Noe
2635 2229 2935 2295 fenestram
2989 2241 3129 2280 arex
3159 2225 3371 2280 dimisit
3424 2240 3664 2280 corvum.

1981 2325 2087 2390 Qui
2104 2319 2497 2389 egrediebatur,
2536 2321 2587 2370 et
2615 2332 2722 2371 non
2750 2315 3139 2380 revertebatur,
3173 2313 3338 2368 donec
3389 2315 3672 2371 siccaren-

1983 2417 2072 2465 tur
2099 2424 2256 2479 aqua:
2278 2422 2442 2477 super
2469 2411 2690 2460 terram.
2741 2402 3124 2470 Quadraginta
3177 2400 3292 2454 dies
3347 2408 3675 2471 transeunt,

1981 2500 2121 2555 dum
2146 2495 2542 2570 intelligentia,
2582 2507 2759 2564 quam
2819 2505 2892 2548 ex
2949 2489 3210 2560 Decalogi
3256 2486 3675 2559 Evangeliique

1980 2586 2347 2645 observantia
2391 2584 2665 2640 habentes
2703 2580 3037 2646 claruimus,
3092 2576 3536 2648 superveniente
3584 2591 3675 2632 ne-

1938 2686 1942 2691 '
1980 2677 2178 2749 quitize
2206 2682 2370 2732 nocte
2395 2673 2714 2743 privamur.
2756 2671 2826 2726 Et
2857 2677 2997 2725 tunc
3030 2670 3139 2725 Noe
3194 2669 3492 2734 fenestram
3531 2681 3672 2720 arcae

1981 2756 2186 2838 aperit,
2212 2778 2343 2821 cum
2370 2763 2602 2818 animus
2644 2758 3075 2816 sensualitatem
3125 2755 3378 2825 corporis
3426 2754 3673 2825 pessima

1979 2857 2240 2913 libertate
2295 2851 2366 2908 ad
2414 2851 2687 2906 haustum
2769 2846 3078 2918 cujuslibet
3135 2843 3451 2914 voluptatis
3500 2842 3669 2912 quasi

1976 2948 2257 3004 fenestras
2295 2939 2590 3011 expandit.
2627 2939 2857 2994 Corvum
2887 2934 3141 3000 dimittit,
3174 2948 3305 2989 cum
3335 2932 3671 3003 'appetitum

1976 3030 2048 3085 ad
2078 3025 2348 3099 quaelibet
2377 3022 2568 3092 turpia
2590 3019 2861 3076 eil‘renem
2893 3019 2976 3074 ire
3024 3016 3178 3073 sinit.
3212 3016 3322 3073 Iste
3349 3016 3666 3087 egreditur,

1976 3117 2032 3173 id
2058 3125 2142 3173 est
2172 3113 2426 3171 extraria
2471 3106 2927 3180 concupiscendo
2973 3113 3243 3178 vagatur,
3300 3112 3355 3161 et
3406 3118 3521 3160 non
3572 3117 3669 3159 re-

1976 3205 2240 3272 vertitur,
2283 3201 2444 3256 donec
2488 3213 2644 3267 aqua
2701 3197 2989 3253 siccentur
3033 3195 3084 3250 id
3145 3202 3230 3251 est
3287 3205 3593 3263 nunquam
3621 3191 3667 3245 si

1976 3293 2082 3350 sibi
2108 3292 2274 3349 liceat
2315 3286 2555 3344 rationis
2604 3284 2742 3357 jura
2798 3283 3109 3354 colligitur,
3166 3281 3346 3338 donec
3380 3278 3668 3351 quidquid

1977 3381 2201 3455 pietatis
2238 3392 2306 3434 ac
2355 3375 2555 3448 gratiae
2611 3380 2834 3431 constat
2884 3372 3150 3439 interius,
3200 3371 3303 3442 qui
3351 3369 3560 3425 humor
3608 3368 3667 3423 in

1976 3469 2141 3528 nobis
2167 3474 2250 3524 est
2305 3464 2543 3521 divinus
2594 3463 2827 3520 omnino
2870 3461 3194 3518 exsiccetur
3240 3458 3297 3514 in
3332 3465 3504 3524 terra,
3560 3456 3669 3512 hoc

1973 3568 2060 3616 est
2094 3558 2148 3613 in
2167 3556 2474 3612 mentibus.

2046 3648 2217 3704 Vens.
2251 3648 2304 3711 8,
2354 3648 2407 3701 9.
2438 3673 2504 3686 —
2557 3644 2757 3699 Emisit
2787 3655 2998 3711 quoque
3022 3638 3324 3694 columbam
3376 3641 3501 3706 post
3545 3651 3669 3689 eum

1976 3738 2158 3793 videre
2211 3739 2260 3790 si
2297 3735 2418 3805 jam
2460 3736 2755 3788 cessassent
2810 3744 2969 3800 aquae
3025 3743 3188 3797 super
3226 3728 3426 3792 faciem
3484 3729 3663 3779 terrae.

1975 3827 2107 3893 Quae
2148 3841 2269 3879 cum
2317 3839 2423 3877 non
2483 3822 2776 3875 invenisset
2833 3818 2931 3871 ubi
2984 3818 3336 3885 requiesceret
3393 3828 3486 3883 pes
3543 3810 3662 3881 ejus

1975 3928 2191 3969 reversa
2214 3914 2293 3965 est
2321 3908 2396 3962 ad
2423 3908 2531 3963 Noe
2575 3909 2634 3959 in
2680 3920 2886 3959 arcam.
2938 3902 3091 3958 Licet
3139 3899 3389 3956 carnalis
3431 3896 3671 3954 aﬂ'ectus

1976 4001 2139 4058 facile
2166 4000 2284 4055 huc
2313 3996 2566 4066 illucque
2593 3993 2843 4060 labatur,
2872 3991 3020 4048 ratio
3062 3997 3253 4046 tamen
3306 3986 3671 4059 gemebunda

1974 4085 2347 4160 prosequitur
2381 4089 2436 4139 et
2492 4087 2712 4152 pensat,
2773 4079 2905 4136 licet
2952 4078 3103 4134 male
3152 4074 3425 4146 implicita
3489 4073 3668 4129 obniti

1902 4184 1944 4238 D
1970 4159 2086 4232 non
2117 4172 2323 4237 valeat,
2352 4182 2452 4240 per
2471 4182 2603 4241 quae
2629 4165 2851 4222 affectio
2879 4178 2986 4222 sua
3024 4163 3296 4220 vitiorum
3364 4159 3673 4217 volutabra

1975 4261 2350 4327 distrahatur,
2403 4265 2459 4314 et
2512 4262 2799 4328 quantum
2856 4252 3045 4309 cordis
3091 4251 3260 4307 iacies
3310 4249 3383 4305 ab
3444 4248 3672 4305 interna

1975 4347 2361 4408 teneritudine
2422 4345 2587 4416 quasi
2664 4343 2786 4399 sine
2843 4340 3055 4411 pluviis
3116 4346 3267 4395 terra
3325 4337 3667 4394 obduretur.

1976 4441 2083 4497 Sed
2129 4453 2264 4496 cum
2347 4436 2541 4491 adhuc
2611 4430 2907 4501 religionis
2954 4428 3208 4484 fervente
3262 4426 3560 4493 memoria,
3614 4434 3671 4482 et

1977 4528 2213 4600 pudoris
2247 4524 2488 4583 humani
2518 4522 2825 4578 obsistente
2881 4517 3179 4588 repagulo,
3214 4531 3309 4586 pes
3364 4514 3669 4582 columbae,

1977 4617 2032 4674 id
2088 4624 2174 4672 est
2227 4614 2466 4672 allectus
2537 4609 2774 4666 rationis
2830 4605 3104 4676 peccandi
3159 4603 3670 4675 opportunitatem,

1976 4707 2147 4760 locum
2179 4702 2461 4765 videlicet,
2522 4712 2639 4768 quo
2687 4694 3011 4765 requiescat
3058 4708 3169 4750 non
3235 4692 3455 4764 invenit
3519 4690 3674 4746 intra

1975 4790 2336 4849 conscientiae
2356 4802 2568 4855 arcam,
2630 4784 2797 4855 quasi
2854 4781 3335 4853 concupiscentiae
3390 4779 3677 4850 paenitens

1976 4895 2036 4937 se
2060 4879 2281 4948 recipit,
2334 4875 2488 4933 unde
2525 4873 2827 4944 sequitur:
2883 4872 3058 4940 Aquae
3103 4872 3244 4925 enim
3290 4872 3447 4923 erant
3510 4881 3679 4935 super

1975 4970 2288 5022 universam
2344 4968 2565 5017 terram.
2631 4960 3000 5028 Extenditque
3046 4973 3299 5023 manum;
3359 4961 3410 5011 et
3466 4970 3679 5024 appre-

1979 5058 2197 5111 hensum
2217 5054 2408 5108 intulit
2428 5055 2487 5107 in
2521 5066 2727 5106 arcam.
2769 5047 3101 5120 Spiritualis
3155 5046 3384 5116 pondus
3412 5044 3679 5115 pruden-

1978 5142 2072 5199 tim
2095 5141 2236 5198 solet
2289 5140 2600 5210 reprimere
2657 5137 2858 5194 diutus
2912 5136 3132 5206 ineptos
3195 5142 3385 5190 motus
3440 5132 3676 5189 animae.

1980 5235 2157 5301 Aqua
2201 5242 2340 5298 ergo
2385 5227 2577 5284 adhuc
2617 5225 2921 5282 imminent
2952 5232 3139 5288 terrae,
3181 5235 3315 5292 quae
3363 5227 3561 5277 vetant
3588 5222 3683 5278 sui

1981 5317 2299 5376 reverentia
2370 5316 2664 5374 hominem
2748 5314 2821 5370 ad
2906 5312 3103 5369 illicita
3168 5310 3350 5366 exire.
3413 5309 3684 5365 Emtendit

1979 5423 2217 5472 manum,
2259 5406 2444 5463 exerit
2508 5402 2901 5462 fortitudinem
2960 5414 3223 5472 operum,
3294 5406 3350 5454 et
3397 5397 3682 5455 rationem
