3874 6048
132 158 226 210 101

1335 154 1699 212 ΜΟΒΑιιυΜ
1738 156 1804 210 1N
1847 155 2142 213 GENESIN
2185 158 2315 213 LIB.
2358 158 2456 214 Ill.

3551 165 3659 217 102-

126 290 399 361 quadam
464 289 644 345 animi
734 289 983 345 novitate
1060 297 1373 346 correctam
1452 290 1717 359 intrudit,
1777 297 1842 347 ut
1880 294 1924 345 A
1958 291 2179 349 imbuta
2201 301 2303 360 est,
2333 306 2435 364 per
2461 306 2521 349 se
2545 306 2659 349 non
2696 293 2954 351 reditura
3001 295 3253 366 amplius
3288 310 3388 353 cor
3416 297 3648 368 depres-

124 379 258 434 sola
322 379 554 435 interna
608 385 789 445 curet,
859 378 918 433 in
985 391 1202 443 arcam,
1277 378 1383 433 hoc
1433 386 1519 433 est
1571 380 1838 449 seipsam.

125 467 289 523 Dum
340 468 496 522 enim
559 474 802 523 mentem
892 468 1066 536 pudet
1119 467 1423 537 aliquoties
1483 469 1842 539 evagationis

122 571 279 622 sure,
334 556 588 611 instituit
635 557 781 610 irata
837 554 942 610 sibi
1005 556 1293 611 arctioris-
1345 557 1697 626 propositum
1752 557 1840 612 vi~

122 653 225 711 tae,
277 645 391 701 hoc
431 653 517 701 est
569 643 727 715 quod
778 643 914 699 dicit
950 659 1085 700 eum
1134 643 1460 700 columbam
1513 645 1842 715 apprchen-

124 733 310 789 disse.

196 821 384 878 νειμ.
438 824 522 876 10.
582 825 669 876 11.
719 852 786 862 -—-
830 823 1175 891 Exspectatis
1228 826 1408 876 autem
1445 823 1595 877 ultra
1643 827 1844 892 septem

122 911 266 964 aliis
292 909 505 977 diebus,
533 925 750 963 rursum
783 910 993 965 dimisit
1029 910 1327 963 columbam
1356 925 1424 964 ea:
1447 926 1596 964 arca.
1632 912 1709 964 At
1748 912 1844 965 illa

122 1001 285 1052 venit
313 997 395 1051 ad
426 1014 546 1052 eum
572 998 648 1053 ad
687 1013 983 1067 vesperam,
1030 1004 1258 1068 portans
1307 1015 1523 1053 ramum
1568 1001 1723 1053 olivae
1752 1002 1843 1052 vi-

122 1086 388 1141 rentibus
447 1088 599 1153 foliis
629 1088 690 1141 in
728 1102 818 1141 ore
853 1103 969 1143 suo.
1033 1088 1310 1143 Intellemit
1352 1102 1484 1156 ergo
1523 1089 1651 1155 Noe,
1700 1087 1845 1155 quod

122 1179 439 1228 cessassent
485 1189 641 1242 aqua
678 1190 844 1244 super
888 1181 1111 1229 terram.
1158 1175 1352 1230 Pudor
1400 1175 1696 1231 humanus
1727 1189 1843 1230 non

126 1270 218 1318 est
245 1263 563 1318 exstinctio
583 1262 861 1332 criminis,
891 1264 989 1323 sed
1021 1263 1235 1319 dilatio.
1276 1263 1395 1320 Etsi
1426 1265 1581 1320 enim
1613 1264 1844 1320 animo-

125 1351 276 1404 sitas
333 1352 410 1406 ad
457 1350 661 1407 horam
728 1351 958 1407 videtur
1024 1351 1307 1418 contrahi,
1360 1352 1598 1407 intentio
1650 1359 1842 1408 tamen

127 1440 534 1507 praestolatur,
588 1440 700 1495 imo
764 1440 919 1496 ultra
977 1454 1036 1496 se
1084 1440 1344 1510 providet
1389 1440 1844 1510 opportunitates

126 1529 438 1595 peccandi.
489 1529 700 1597 Septem
736 1528 924 1582 diebus
958 1542 1208 1598 praesens
1251 1528 1527 1584 szeculum
1574 1527 1840 1596 deﬂuxit,

124 1615 359 1685 quibus
395 1615 708 1685 intelligere
749 1630 1058 1685 possumus
1096 1616 1322 1672 ﬂuxum
1356 1616 1591 1682 mentis;
1625 1625 1838 1686 septem

122 1704 254 1757 dies
299 1712 752 1773 exspectantur;
811 1704 1052 1759 defectui
1104 1704 1334 1771 scilicet,
1386 1712 1441 1759 et
1506 1704 1603 1759 alii
1661 1698 1837 1773 quam

124 1790 210 1845 illi
267 1792 684 1863 quadraginta,
732 1792 948 1862 quibus
1016 1807 1200 1847 mores
1245 1792 1525 1863 legaliter,
1589 1799 1645 1848 et
1682 1792 1839 1848 Novo

121 1888 175 1932 et
236 1879 433 1935 Veteri
474 1879 865 1947 instruuntur,
901 1881 1040 1950 quia
1080 1881 1420 1936 remissioris
1456 1881 1838 1950 conscientia,

122 1981 267 2022 cum
317 1968 597 2023 memoria
646 1968 967 2025 caelestium
1016 1969 1279 2038 intepuit,
1335 1977 1591 2038 tempora
1638 1970 1837 2039 provi-

124 2055 368 2119 dentur,
412 2064 475 2112 ut
532 2057 602 2112 ad
660 2057 943 2126 patranda
1000 2056 1219 2127 ﬂagitia
1273 2057 1470 2114 nullus
1521 2058 1619 2113 Dei
1668 2058 1839 2113 timor

126 2143 483 2214 refragetur.
531 2144 810 2201 Columba
845 2145 1056 2215 itaque,
1089 2145 1146 2200 id
1172 2153 1255 2201 est
1281 2146 1443 2210 ratio,
1479 2160 1611 2216 quae
1640 2128 1839 2202 rizvera

126 2233 254 2287 sine
288 2231 419 2288 felle
467 2234 739 2303 nequitiae
786 2241 889 2301 est,
934 2233 980 2288 si
1037 2234 1185 2289 ratio
1213 2240 1317 2298 est,
1365 2233 1439 2289 ab
1482 2246 1618 2289 arca
1664 2235 1837 2291 emit-

128 2319 295 2384 titur,
321 2336 456 2377 cum
501 2321 974 2378 irrationabiliter
1006 2322 1061 2376 in
1093 2321 1361 2378 aﬂ‘ectum
1407 2321 1594 2378 cordis
1635 2323 1838 2378 transi-

128 2417 247 2464 tur.
282 2409 477 2465 Prima
504 2410 731 2466 emissio
759 2410 1055 2466 delectatio
1080 2418 1183 2475 est,
1216 2410 1471 2466 secunda
1501 2425 1832 2478 consensus,

128 2497 302 2552 tertia
348 2498 563 2567 peccati
608 2497 863 2553 effectus.
919 2497 1189 2564 Quandiu
1231 2498 1387 2552 enim
1442 2511 1601 2553 mens
1642 2498 1698 2552 in
1736 2512 1836 2553 co-

127 2585 413 2655 gitatione
470 2585 732 2653 ﬂuctuat,
805 2600 1011 2656 pravos
1091 2600 1227 2641 suos
1291 2592 1501 2653 motus,
1562 2592 1664 2641 aut
1734 2584 1835 2640 Dei

126 2681 312 2739 metu,
354 2682 458 2730 aut
503 2674 763 2730 humano
812 2674 1029 2744 pudore
1072 2675 1325 2744 quadam
1368 2674 1609 2731 rationis
1657 2675 1830 2730 redu-

126 2764 319 2817 ctione
402 2763 751 2829 reverberat,
830 2763 1011 2819 donec
1087 2762 1569 2833 imaginationum
1647 2763 1833 2818 illecta

1950 381 2020 436 sit
2049 381 2405 437 immersum.

2021 470 2188 527 Vens.
2226 474 2311 535 13,
2367 472 2449 525 li.
2501 500 2571 511 —
2612 472 2798 537 Igitur
2846 473 3225 526 sexcentesimo
3276 475 3452 542 primo
3502 490 3645 529 anno

1950 560 2010 612 in
2046 560 2226 628 primo
2277 574 2473 625 mense,
2541 562 2727 629 prima
2772 559 2862 613 die
2925 562 3122 614 mensis
3165 563 3467 617 imminuta
3521 569 3649 618 sunt

1950 662 2107 715 aqua:
2160 662 2325 716 super
2376 654 2595 702 terram.
2649 648 2755 703 Per
2818 661 3062 713 annum,
3133 649 3235 717 qui
3299 650 3649 708 universitas

1951 730 2217 800 quaedam
2268 732 2538 801 temporis
2582 735 2685 799 est,
2740 730 3063 787 communis
3113 726 3480 790 saecularium
3520 750 3650 791 con-

1949 812 2198 874 versatio
2245 818 2621 890 intelligitur;
2693 833 2794 888 per
2849 834 3103 875 mensem
3160 828 3364 889 status,
3419 831 3473 879 et
3541 824 3644 879 ha-

1951 907 2106 963 bitus
2151 907 2285 963 vitae
2348 908 2633 978 cujusque
2703 907 2953 963 hominis
3013 908 3385 978 exprimitur.
3458 911 3649 967 Prima

1951 994 2072 1051 dies
2094 996 2207 1064 illa,
2243 1010 2374 1066 quae
2405 995 2762 1066 potissimum
2797 996 2855 1051 in
2886 996 3105 1052 mundo
3146 1005 3352 1067 regnat
3383 998 3646 1069 intentio,

1949 1081 2216 1154 voluptas
2273 1084 2484 1140 scilicet
2542 1085 2796 1154 corporis
2862 1083 3161 1153 accipitur.
3222 1083 3365 1140 Cum
3418 1100 3555 1157 ergo
3613 1101 3646 1142 a

1951 1171 2378 1238 sexcentesimo,
2421 1186 2455 1227 a
2506 1171 2737 1241 perfecti
2789 1171 3049 1227 videlicet
3100 1172 3286 1241 operis
3332 1175 3643 1243 proposito,

1952 1259 2013 1314 in
2039 1268 2336 1328 peccatum
2366 1260 2499 1331 quis
2542 1260 2774 1326 labitur,
2824 1260 3073 1329 primum
3124 1260 3410 1331 demigrat
3454 1264 3509 1318 in
3541 1277 3642 1320 an-

1949 1362 2114 1415 num,
2148 1348 2205 1403 id
2234 1356 2318 1404 est
2345 1349 2417 1404 ad
2454 1348 2709 1418 pristinae
2753 1348 3204 1404 conversationis
3230 1364 3313 1405 ac
3343 1350 3645 1407 cohabita-

1951 1435 2122 1492 tionis
2138 1436 2334 1503 ritum,
2370 1451 2541 1506 quem
2567 1436 2835 1506 primitus
2859 1436 3080 1502 habuit,
3103 1435 3389 1505 quo-licite
3413 1452 3645 1507 peccare

1952 1524 2132 1590 licuit,
2198 1533 2600 1596 postremoque
2660 1525 2910 1594 primum
2969 1524 3177 1580 decidit
3238 1523 3293 1579 in
3368 1539 3641 1595 mensem,

1883 1595 2196 1683 Bpriorem
2259 1613 2492 1681 scilicet,
2546 1613 2700 1669 unde
2770 1612 3064 1683 quondam
3111 1611 3352 1678 exierat,
3412 1614 3647 1671 vivendi

1950 1701 2215 1758 habitum
2250 1709 2306 1757 et
2348 1714 2587 1767 morem,
2633 1701 3029 1770 contingitque
3073 1699 3243 1762 diem.
3282 1707 3345 1756 ut
3388 1701 3645 1760 intendat

1948 1790 2160 1858 carnis,
2194 1804 2307 1845 non
2341 1790 2437 1846 Dei
2487 1789 2669 1845 facere
2721 1789 3096 1856 voluntatem,
3127 1796 3182 1843 et
3216 1788 3646 1847 imminuuntur

1948 1894 2104 1948 aqua
2158 1894 2322 1948 super
2369 1883 2591 1946 terram,
2645 1877 2786 1949 quia
2839 1892 2955 1947 quo
3024 1875 3275 1945 amplius
3332 1878 3644 1935 insolentize

1947 1966 2139 2021 carnis
2161 1974 2522 2030 excrescunt,
2570 1973 2728 2021 tanto
2776 1967 2970 2020 minus
3009 1964 3277 2019 animalis
3299 1964 3418 2034 jam
3462 1967 3643 2024 factus

1950 2054 2117 2111 homo
2163 2056 2314 2125 capit
2343 2069 2430 2123 ea,
2481 2069 2613 2125 quae
2642 2054 2739 2110 Dei
2783 2060 2957 2123 sunt;
3007 2066 3125 2108 non
3170 2059 3362 2110 tamen
3409 2057 3645 2113 omnino

1946 2159 2120 2212 aqua,
2170 2144 2276 2200 etsi
2323 2144 2774 2210 imminuantur,
2843 2146 3111 2213 cessant,’
3145 2147 3286 2219 quia
3327 2145 3643 2202 socordiam

1946 2231 2150 2301 iniqua
2175 2232 2425 2303 gerentis
2453 2246 2553 2302 per
2593 2232 2832 2302 spiritus
2879 2234 3157 2304 impetum
3202 2235 3504 2305 aliquoties
3553 2235 3647 2289 iu-

1946 2327 2200 2389 crepant.
2260 2323 2330 2374 Et
2358 2322 2606 2389 aperient
2648 2322 2760 2377 Noe
2788 2326 2983 2377 tectum
3021 2340 3162 2379 arcz
3204 2325 3438 2392 aspexit,
3465 2322 3644 2377 cidit-

1946 2425 2048 2479 que
2083 2408 2229 2478 quod
2273 2412 2550 2464 exsiccata
2607 2416 2687 2464 est
2732 2413 3042 2480 superﬁcies
3096 2417 3274 2467 terrae.
3322 2412 3502 2466 Mense
3554 2424 3645 2463 se-

1944 2498 2139 2563 cundo,
2197 2500 2431 2567 septima
2480 2502 2532 2552 et
2577 2501 2834 2553 vicesima
2881 2500 2970 2553 die
3022 2503 3222 2556 mensis
3279 2502 3527 2567 arefacta
3563 2502 3643 2552 est

1947 2598 2115 2642 terra.
2166 2588 2277 2643 Noe
2340 2592 2535 2642 tectum
2595 2602 2736 2642 arcae
2790 2589 2992 2658 aperit,
3051 2602 3184 2645 cum
3251 2587 3495 2659 quilibet
3543 2600 3646 2656 per

1942 2676 2178 2732 evidens
2228 2677 2532 2745 pravitatis
2561 2689 2708 2746 opus
2760 2678 2902 2747 quid
2953 2678 3228 2749 nequitiae
3272 2677 3432 2733 intus
3485 2684 3646 2746 gerat

1941 2765 2222 2831 ostendit;
2254 2765 2473 2835 aspicit,
2507 2766 2781 2835 videtque
2821 2766 2978 2837 quod
3006 2766 3294 2823 exsiccata
3336 2767 3409 2822 sit
3454 2781 3642 2835 super-
3683 2758 3691 2767 ’

130 2850 432 2906 blanditiis
479 2851 660 2907 cedat.
695 2852 858 2908 Redit
902 2866 1060 2923 ergo.
1094 2866 1207 2907 non
1240 2855 1306 2907 ut
1328 2860 1519 2908 errata
1558 2851 1828 2921 corrigat,
1871 2895 1909 2950 Ο
1938 2856 2087 2922 ficies
2129 2858 2305 2920 terrae,
2351 2853 2492 2909 dum
2521 2852 2838 2911 videndum
2878 2856 3373 2925 spectandumque
3427 2853 3643 2924 praebet

130 2939 226 2994 sed
256 2940 336 2993 ad
386 2955 686 3009 vesperam,
718 2948 785 2997 ut
808 2940 938 2996 -Dei
983 2940 1191 3007 calore,
1243 2954 1309 2996 ac
1342 2940 1467 2997 luce
1500 2947 1700 3010 sponte
1730 2940 1833 2995 de-

132 3028 306 3096 ﬁciat,
338 3036 395 3084 et
422 3044 637 3083 ramum
681 3030 835 3084 olivae
869 3031 928 3083 in
956 3045 1046 3084 ore
1091 3044 1186 3083 suo
1234 3028 1464 3093 referat,
1494 3028 1551 3084 id
1576 3034 1660 3084 est
1699 3042 1828 3085 sen-

130 3117 372 3172 tentiam
412 3117 622 3172 divinae
668 3117 1071 3173 misericordiae
1102 3116 1465 3188 cogitationis
1506 3116 1831 3189 superficie,

130 3203 235 3258 hoc
312 3210 400 3259 est
481 3219 599 3273 ore,
684 3219 799 3260 non
886 3204 1221 3261 intentionis
1296 3212 1432 3261 voto
1516 3204 1830 3275 promittat,

130 3291 284 3360 quod
320 3292 729 3361 paenitentibus
761 3294 1069 3365 plusquam
1090 3293 1407 3364 nonaginta
1430 3307 1634 3349 novem
1661 3294 1835 3364 justis

133 3380 284 3437 Deus
313 3382 639 3454 aggaudeat
660 3383 809 3453 (Luc.
838 3397 933 3449 xv,
967 3383 1044 3453 7).
1088 3381 1270 3452 Cujus
1290 3382 1438 3437 rami
1468 3380 1653 3437 virent
1678 3380 1831 3448 folia,

131 3472 271 3540 quia
316 3472 508 3528 cordis
538 3472 862 3543 aspectibus
894 3472 1016 3528 haec
1052 3471 1231 3527 verba
1274 3470 1548 3527 videntur
1583 3484 1835 3540 superna

132 3559 482 3631 pinguedine
543 3560 758 3629 vivida,
816 3561 915 3616 ubi
992 3559 1168 3630 lapsis
1239 3560 1287 3615 si
1354 3561 1586 3616 redeant
1650 3560 1835 3630 major

131 3663 310 3717 quam
372 3649 546 3719 justis
610 3649 966 3720 promittitur
1031 3648 1256 3719 gratia;
1320 3656 1376 3704 et
1430 3649 1586 3719 quod
1654 3662 1835 3718 quos-

133 3736 263 3792 dam
336 3738 628 3808 permittat
694 3738 847 3793 Deus
920 3738 1144 3804 cadere,
1213 3744 1278 3793 ut
1361 3736 1665 3808 gloriosius
1733 3741 1832 3791 49

130 3826 397 3895 exemplo
440 3826 759 3882 multorum
806 3825 977 3882 faciat
1015 3839 1353 3896 resurgere;
1396 3825 1542 3882 redit
1593 3825 1773 3897 igitur
1802 3837 1836 3879 a

132 3913 482 3984 dispersione
521 3929 648 3983 sua,
696 3922 761 3970 ut
790 3914 911 3971 hac
956 3915 1150 3970 animo
1190 3929 1321 3970 cum
1373 3914 1545 3970 fuerit
1573 3913 1834 3970 consulta

135 4003 508 4073 respondeat;
538 4012 594 4059 et
634 4003 745 4059 sub
799 4017 895 4072 spe
938 4003 1119 4058 venia
1168 4002 1239 4058 ad
1280 4001 1500 4073 ﬂagitia
1540 4001 1830 4070 inﬂectat;

135 4089 401 4161 intelligit
425 4104 562 4161 ergo
592 4091 765 4147 miser
796 4090 1029 4146 animus
1054 4089 1379 4160 spirituales
1418 4089 1478 4145 in
1527 4104 1588 4145 se
1616 4089 1833 4145 aruisse

1941 2947 2135 3012 aperte
2194 2941 2351 3011 quod
2408 2941 2490 2997 nil
2546 2941 2759 2998 divinae
2824 2943 3148 3000 dulcedinis
3207 2942 3480 2999 resederit
3526 2956 3639 2997 non

1942 3029 2109 3086 modo
2150 3028 2209 3084 in
2256 3029 2591 3097 intentione,
2637 3031 2732 3086 sed
2792 3032 2850 3087 in
2910 3034 3054 3102 ipsa,
3104 3045 3237 3101 quae
3277 3029 3517 3087 rationis
3557 3037 3643 3083 est

1942 3118 2274 3188 superficies
2319 3118 2679 3189 cogitatione.
2729 3118 2784 3174 Si
2833 3133 2969 3176 vero
3012 3119 3227 3176 mensis
3276 3127 3361 3175 est
3396 3118 3637 3187 primus,

1943 3205 2152 3276 prioris
2176 3214 2387 3262 nostrae
2418 3206 2474 3262 in
2519 3206 2728 3263 saeculo
2757 3206 2892 3264 vita)
2937 3208 3163 3276 modus,
3197 3206 3412 3264 mensis
3437 3221 3639 3262 secun-
3666 3231 3671 3235 ο

1941 3294 2052 3350 dus
2101 3294 2404 3361 habeatur,
2447 3303 2752 3367 postquam
2804 3310 2909 3367 per
2948 3297 3293 3367 apostasiam
3342 3295 3414 3351 ad
3461 3294 3517 3350 id
3552 3308 3640 3350 re~

1942 3382 2122 3453 gressi
2145 3383 2447 3450 fuerimus,
2497 3385 2685 3440 cordis
2734 3384 3165 3454 impmuitentia,
3201 3392 3258 3441 et
3299 3382 3640 3449 obduratio;

1942 3470 2186 3540 septima
2212 3470 2499 3527 referatur
2526 3473 2596 3528 ad
2628 3473 2913 3543 gratiam;
2957 3472 3223 3528 vicesima
3270 3472 3341 3528 ad
3373 3471 3643 3543 hypocri-

1940 3556 2020 3612 sis
2047 3557 2439 3627 duplicitatem
2472 3573 2488 3629 ;
2520 3559 2641 3615 dies
2680 3573 2918 3630 quoque
2961 3560 3034 3615 ad
3081 3560 3448 3616 industriam.
3497 3558 3642 3615 Nam

1941 3660 2073 3702 cum
2104 3647 2505 3703 obstinationis
2535 3647 2942 3704 hebetudinem
2994 3648 3387 3715 inciderimus,
3419 3655 3476 3704 et
3506 3662 3640 3703 cum

1942 3734 2056 3790 Deo
2114 3734 2349 3791 inimica
2406 3750 2511 3791 nos
2580 3750 2750 3807 agere
2803 3737 3156 3804 noverimus,
3229 3751 3303 3792 ex
3356 3736 3643 3792 industria

1943 3831 2134 3880 tamen
2184 3824 2502 3880 secundum
2556 3825 2682 3895 ejus
2709 3838 2814 3881 nos
2855 3826 3099 3897 gratiam
3148 3824 3342 3881 vivere
3388 3824 3497 3880 sub
3533 3825 3642 3893 hy-

1943 3911 2178 3983 pocrisis
2207 3912 2602 3983 integumento
2631 3912 3118 3982 simulaverimus,
3152 3921 3294 3971 tunc
3330 3912 3638 3983 reprobum

1942 4014 2178 4056 sensum
2216 4013 2322 4056 nos
2371 4000 2683 4057 incurrisse
2728 4000 3016 4073 sciamus;
3048 4010 3104 4058 et
3149 4002 3289 4058 dum
3337 4002 3644 4072 spurcitias

1945 4088 2034 4157 pio
2074 4087 2280 4144 habitu
2317 4088 2725 4156 subornamus,
2771 4090 2932 4144 nullo
2988 4090 3169 4146 nostri
3232 4090 3304 4145 ad
3352 4089 3642 4160 paeniten-

132 4191 336 4248 aquas,
357 4184 415 4234 et
442 4186 631 4234 tamen
677 4178 934 4246 consilio,
983 4178 1138 4249 quod
1169 4177 1388 4234 malum
1428 4191 1544 4234 non
1582 4176 1828 4245 dubitat,
1872 4191 1916 4245 ι)
1946 4176 2081 4232 tiam
2114 4176 2334 4246 pudore
2386 4176 2699 4247 provocati,
2762 4192 2868 4233 nec
2920 4177 3182 4244 interius,
3233 4192 3338 4234 nec
3373 4177 3644 4248 superius

134 4280 304 4322 aures
335 4265 615 4335 impendit
642 4266 899 4322 infectas.

202 4354 370 4411 Vens.
410 4358 492 4408 l2.
532 4383 607 4396 —
652 4357 1004 4425 Emspectavit
1044 4354 1400 4410 nihilominus
1448 4359 1649 4424 septem
1697 4355 1832 4408 alios

138 4443 265 4505 dies,
299 4447 351 4496 et
396 4444 574 4496 emisit
604 4443 922 4510 columbam,
975 4458 1094 4511 quae
1130 4457 1238 4496 non
1288 4447 1367 4497 est
1418 4443 1571 4497 ultra
1614 4455 1832 4496 reversa

138 4531 207 4584 ad
258 4546 401 4584 eum.
470 4530 599 4586 Dies
673 4538 885 4600 septem
935 4529 1260 4600 superiores
1329 4530 1401 4585 ad
1457 4528 1830 4585 defectionem

136 4619 337 4674 mentis
358 4618 683 4674 retulimus.
733 4619 846 4675 Nec
892 4618 1214 4675 absurdum
1260 4632 1468 4675 rursus
1512 4625 1616 4686 est,
1649 4618 1695 4674 si
1730 4632 1832 4688 per

140 4706 234 4762 hos
276 4711 481 4775 septem
527 4714 753 4776 tempus
786 4707 996 4776 ipsum,
1040 4706 1095 4762 id
1127 4714 1211 4763 est
1243 4707 1518 4776 temporis
1549 4715 1832 4776 opportu-

136 4795 390 4861 nitatem,
443 4809 558 4864 quo
600 4801 939 4863 conceptum
990 4793 1216 4851 facinus
1258 4794 1576 4864 peragitur,
1616 4794 1831 4850 intelli-

135 4897 353 4953 gamus.
390 4882 462 4937 Et
493 4883 600 4939 hoc
644 4882 841 4953 igitur,
887 4889 942 4939 et
989 4882 1133 4939 illud
1185 4882 1303 4939 Noe
1330 4888 1641 4952 exspectat,
1690 4881 1829 4937 dum

134 4980 226 5028 aut
252 4970 513 5027 deﬂuere
554 4985 613 5027 se
653 4970 972 5027 introrsum
1015 4971 1164 5027 male
1208 4970 1429 5041 patiens
1460 4971 1680 5037 tolerat,
1728 4984 1833 5026 nec

132 5061 301 5117 obniti
355 5067 558 5126 tentat,
608 5065 710 5114 aut
756 5059 1121 5115 commodum
1174 5066 1399 5127 tempus
1444 5058 1515 5113 ad
1579 5073 1647 5114 ea
1698 5072 1830 5128 quze

133 5148 420 5219 concupiit
449 5146 818 5217 exsequenda
861 5146 1203 5203 considerat.
1247 5145 1351 5202 Sed
1401 5145 1669 5202 columba
1699 5160 1831 5201 cor—

134 5251 261 5294 vum
293 5243 496 5292 secuta
528 5249 641 5292 non
674 5236 841 5303 redit,
880 5235 1022 5305 quia
1049 5235 1252 5290 ducem
1299 5243 1638 5303 praepostere
1683 5234 1830 5290 ratio

136 5326 407 5382 adhibens
453 5324 564 5379 sibi
618 5322 914 5390 aﬂ’ectum,
981 5330 1287 5393 postquam
1326 5321 1387 5377 in
1438 5322 1666 5378 sceleris
1712 5323 1832 5379 ruit

137 5413 413 5480 enectum,
462 5413 541 5469 ad
583 5412 681 5468 illa
716 5411 840 5483 jam
869 5410 1138 5479 amanda,
1182 5410 1400 5481 quibus
1444 5410 1617 5467 semel
1647 5411 1831 5467 libens

1938 4263 2230 4334 irriguum
2282 4256 2405 4336 jam
2461 4265 2777 4333 habemus;
2841 4269 3092 4333 are/acta
3156 4274 3235 4322 est
3283 4267 3440 4323 enim
3496 4272 3643 4320 terra

1939 4353 2208 4423 penitus;
2245 4353 2343 4410 sed
2386 4352 2431 4408 si
2481 4354 2723 4410 miretur
2749 4356 2882 4425 quis
2928 4370 3034 4412 nos
3063 4355 3231 4423 diem,
3281 4369 3557 4423 mensem,
3587 4362 3642 4411 et

1938 4454 2157 4497 annum
2189 4442 2299 4498 sub
2333 4441 2466 4498 mali
2519 4450 2652 4513 typo
2700 4444 2978 4514 posuisse,
3029 4452 3303 4517 agnoscat
3350 4443 3499 4501 diem
3541 4457 3641 4514 pro

1938 4529 2115 4585 noxia
2146 4529 2203 4585 in
2254 4529 2566 4601 Scripturis
2610 4533 2818 4602 szepius
2861 4540 2964 4589 aut
2993 4534 3250 4600 scientia,
3281 4533 3371 4590 vel
3401 4547 3640 4604 prospe-

1939 4618 2109 4675 ritate
2147 4618 2303 4688 poni,
2338 4626 2393 4674 et
2439 4618 2485 4674 si
2533 4619 2651 4675 dies
2690 4621 2942 4690 ponitur,
2992 4621 3246 4678 collectio
3294 4622 3518 4687 talium,
3549 4621 3638 4677 vel

1939 4707 2111 4763 etiam
2138 4721 2365 4762 summa
2415 4707 2664 4776 dierum,
2720 4710 2872 4778 quod
2908 4717 2992 4766 est
3049 4710 3279 4777 mensis,
3324 4718 3380 4767 et
3425 4724 3635 4776 annus,

1937 4809 2119 4865 quare
2184 4809 2299 4850 non
2358 4795 2549 4851 itidem
2598 4797 2882 4866 ponitur?
2938 4798 3318 4868 Suppeterent
3403 4798 3472 4854 de
3550 4797 3639 4853 his

1938 4883 2201 4952 exempla
2230 4898 2405 4953 quam
2443 4883 2713 4954 plurima.

2011 4970 2177 5027 Vsus.
2228 4974 2309 5038 15,
2364 4975 2449 5039 16,
2504 4976 2588 5035 17.
2651 4975 2737 5040 18,
2794 4977 2879 5029 19.
2929 5004 2997 5013 -
3045 4976 3275 5030 Locutus
3330 4981 3408 5030 est
3457 4982 3636 5031 autem

1940 5058 2086 5114 Deus
2139 5059 2215 5114 ad
2253 5061 2363 5116 Noe
2404 5060 2615 5116 dicens:
2661 5062 2932 5129 Egredere
2969 5063 3035 5117 de
3081 5078 3232 5128 arca,
3281 5069 3342 5118 tu
3386 5070 3439 5118 et
3494 5081 3637 5120 umor

1940 5153 2055 5212 tua,
2084 5149 2193 5217 filii
2232 5150 2335 5214 tui,
2366 5152 2418 5203 et
2457 5164 2653 5204 umores
2683 5149 2927 5220 ﬁliorum
2958 5155 3169 5206 tuorum
3208 5158 3394 5206 tecum.
3431 5154 3637 5209 Cuncta

1938 5238 2247 5291 animantia
2284 5253 2405 5307 qua
2444 5242 2573 5291 sunt
2601 5237 2753 5306 apud
2781 5244 2831 5293 te
2886 5254 2956 5293 ea:
3005 5241 3153 5293 omni
3204 5256 3385 5305 carne,
3438 5247 3549 5295 tam
3577 5243 3637 5295 in

1938 5325 2250 5379 volatilibus
2282 5341 2447 5394 quam
2475 5328 2535 5380 in
2583 5326 2788 5394 bestiis,
2820 5331 2871 5380 et
2907 5330 3177 5383 universis
3205 5329 3493 5398 reptilibus
3518 5344 3638 5398 (με

1938 5418 2160 5483 reptant
2184 5429 2349 5484 super
2367 5420 2592 5481 terram,
2614 5414 2747 5470 educ
2775 5420 2967 5486 tecum,
2988 5421 3043 5473 et
3071 5417 3430 5486 ingredimini
3456 5431 3637 5488 super
