3884 6068
243 145 342 201 103

1144 144 1204 197 ν.
1246 141 1574 197 GUIBERTI
1615 142 1907 197 ABBATIS
1947 143 2002 197 S.
2048 142 2288 197 ΜΑΒΙΑΞ
2325 142 2418 198 DE
2457 142 2844 199 NOVIGENTO

3653 149 3755 202 104

245 285 489 333 terram:
553 279 791 344 crescite,
851 281 902 330 et
944 274 1389 344 multiplicamini
1440 287 1603 341 super
1649 287 1786 327 eam.
1830 274 1937 341 Qui
1974 276 2015 328 Α
2047 272 2409 342 cogitationis
2455 272 2810 342 pervenitur,
2856 280 2912 329 et
2958 274 3032 329 ad
3079 274 3490 332 exhibitionem
3538 278 3750 346 operis,

243 368 422 422 educit
452 369 659 420 vinctos
696 367 755 419 in
803 363 1149 432 fortitudine,
1188 376 1380 430 eosque
1434 363 1532 429 qui
1584 365 1935 430 exasperant,

243 458 342 525 qui
368 455 623 510 habitant
662 457 719 508 in
765 453 1026 522 sepulcris
1075 451 1249 521 (Psai.
1298 464 1431 515 Lvu,
1464 450 1539 519 7),
1585 463 1938 520 quocunque

242 544 411 600 modo
459 555 762 613 peccemus
832 540 939 610 piis
988 553 1211 603 semper
1269 538 1530 594 exundat
1596 537 1935 603 visceribus,

243 631 465 701 lapsum
495 630 673 701 igitur
695 629 1179 698 desperatumque
1205 626 1326 697 jam
1348 626 1575 681 interna
1596 626 1939 682 allocutione

240 734 340 775 cor
364 720 574 786 visitat,
606 726 660 773 et
702 726 764 773 ut
809 717 882 771 ad
913 730 973 772 se
1009 717 1204 771 redeat
1250 715 1448 771 incitat
1491 729 1560 771 ac
1587 715 1634 770 si
1664 715 1716 769 ei
1746 714 1933 769 dicat:

239 805 346 871 Qui
378 805 435 860 in
480 803 692 874 peccati
745 803 900 874 apud
955 809 1008 858 te
1059 802 1202 858 lates
1243 800 1614 867 conscientia,
1668 799 1937 869 egredere

239 892 590 948 confessione
615 892 762 947 facta
811 892 1084 961 viamque
1130 898 1288 946 tuam
1337 888 1479 944 mihi
1529 888 1756 954 revela;
1807 903 1939 958 quae

237 980 392 1037 enim
448 990 801 1052 arguuntur,
863 979 1306 1035 manifestantur
1349 977 1422 1032 ab
1467 977 1574 1044 his,
1631 977 1732 1047 qui
1791 976 1938 1032 fiunt

238 1070 462 1126 lumina
490 1070 709 1139 (Ephes.
743 1084 798 1136 v,
831 1069 939 1137 13).
989 1070 1088 1133 Tu,
1122 1065 1333 1137 inquit,
1375 1070 1425 1120 et
1473 1081 1616 1119 umor
1658 1070 1776 1147 tua,
1819 1078 1935 1119 non

238 1157 336 1213 illa
364 1172 496 1228 quae
525 1170 720 1213 arcam
757 1155 1107 1213 intrantibus
1137 1155 1295 1210 adest
1338 1152 1607 1210 voluntas
1637 1154 1806 1220 bona,
1838 1153 1934 1208 sed

237 1241 724 1315 concupiscentia,
779 1259 911 1314 quae
951 1257 1026 1299 ex
1071 1243 1322 1314 ingestu,
1366 1242 1671 1298 fecundata
1723 1241 1933 1297 diaboli

238 1334 454 1404 peperit
487 1334 586 1390 tibi
628 1339 881 1403 peccata.
944 1336 1046 1395 Tu,
1099 1331 1310 1402 inquit,
1355 1336 1405 1386 et
1434 1346 1576 1385 umor
1617 1335 1733 1398 tua,
1766 1329 1822 1385 id
1851 1337 1935 1385 est

237 1422 307 1477 de
329 1435 495 1477 scena
547 1421 823 1478 vitiorum
868 1421 1116 1490 teipsum
1155 1419 1340 1489 primo
1391 1419 1644 1487 elimiua,
1700 1419 1930 1474 demum

237 1509 307 1564 de
367 1522 455 1575 ea,
509 1508 604 1565 cui
684 1508 1027 1579 subjacuisti
1100 1508 1370 1564 confitere
1451 1506 1929 1577 concupiscentia.

236 1596 402 1653 Multi
432 1611 685 1668 namque
710 1611 816 1653 sua
848 1596 1010 1652 facile
1040 1597 1294 1652 fatentur
1324 1596 1494 1663 mala,
1541 1595 1638 1651 sed
1670 1596 1777 1666 ipsi
1817 1610 1930 1650 non

236 1692 454 1743 exeunt
484 1700 519 1740 a
546 1685 964 1742 consuetudine
1013 1698 1212 1755 prava.
1248 1684 1339 1740 Sic
1371 1684 1532 1752 filios,
1568 1685 1624 1741 id
1652 1692 1734 1740 est
1757 1697 1931 1754 opera

238 1788 491 1845 nequam
518 1774 714 1845 prode,
743 1780 808 1830 ut
853 1773 934 1829 nil
967 1773 1026 1828 in
1071 1780 1125 1829 te
1170 1772 1417 1828 residere
1454 1772 1692 1842 patiaris
1721 1772 1791 1828 de
1824 1773 1930 1827 ite—

237 1863 552 1919 randorum
632 1862 968 1918 eorumdem
1038 1875 1280 1931 operum
1365 1860 1756 1917 delectatione.
1830 1862 1929 1926 Tu,

238 1951 446 2021 inquit,
503 1957 554 2006 et
581 1966 739 2016 umor,
778 1952 903 2020 ﬁlii,
953 1964 1021 2006 ac
1048 1964 1245 2005 umores
1279 1966 1292 2015 ;
1342 1949 1630 2005 accedenti
1674 1947 1826 2005 enim
1859 1948 1927 2003 ad

236 2039 607 2096 confessionis
689 2053 986 2102 auroram,
1046 2038 1258 2094 veteris
1335 2036 1813 2108 concupiscentia:
1872 2051 1931 2091 se

236 2127 501 2184 nubilum
547 2128 779 2199 ingerit,
824 2135 880 2182 et
916 2126 1099 2196 operis
1145 2126 1432 2197 cujusque
1474 2126 1633 2181 noxii
1680 2138 1930 2181 consue-

235 2218 396 2285 tudo,
460 2230 526 2272 ac
583 2217 627 2271 si
688 2217 955 2287 quaedam
1007 2215 1338 2286 importuna
1389 2214 1607 2285 jugalis
1664 2214 1930 2285 adjungit

235 2306 441 2360 Cuncta
505 2307 831 2372 animantia,
906 2304 957 2359 id
1012 2311 1097 2360 est
1163 2303 1546 2373 cupiditatum
1627 2301 1926 2368 desideria,

233 2407 365 2464 quae
403 2407 571 2463 penes
595 2401 644 2448 te
675 2392 851 2449 latent
879 2406 948 2448 ex
991 2391 1245 2462 quolibet
1274 2390 1590 2447 affectionis
1610 2389 1777 2445 modo
1808 2403 1930 2459 pro-

236 2482 451 2551 genita,
476 2489 591 2538 tam
624 2481 680 2536 in
729 2479 1013 2550 superbiae
1046 2479 1338 2536 smeularis
1387 2493 1566 2550 quam
1602 2483 1704 2533 49
1742 2478 1931 2534 inanis

234 2570 528 2640 religionis
554 2568 766 2625 volatili
798 2569 1051 2640 quadam
1082 2568 1433 2635 extollentia,
1468 2575 1523 2624 et
1553 2568 1653 2623 ira;
1683 2567 1930 2623 furoris-

233 2672 347 2728 que
396 2658 649 2714 bestialis
689 2657 929 2723 saevitia,
961 2671 1066 2712 nec
1096 2671 1209 2712 non
1238 2656 1496 2723 luxuria,
1531 2671 1663 2727 quae
1703 2671 1929 2726 praepo—

233 2754 379 2802 stere
402 2761 536 2802 cum
592 2747 824 2802 subesse
878 2746 1079 2802 debeat
1137 2758 1311 2815 super
1354 2745 1547 2813 corda,
1581 2752 1665 2800 est
1696 2745 1927 2815 reptilis,

2008 2050 2153 2105 .que
2197 2049 2366 2104 porro
2435 2037 2645 2106 positas
2699 2038 2915 2095 olfactu
2982 2041 3404 2109 praesentimus,

2047 360 2213 430 quasi
2244 361 2313 415 ad
2338 374 2625 416 summam
2656 361 2964 432 culminis;
3002 376 3116 417 non
3148 370 3340 419 autem
3387 372 3596 420 cuncta
3644 380 3751 435 pe-

2045 461 2199 514 cora,
2251 448 2348 503 sed
2397 448 2463 502 de
2506 453 2715 504 cunctis
2764 449 2894 506 tulit
2957 452 3290 520 pecoribus;
3342 465 3548 521 pecora
3603 454 3750 510 mihi

2048 537 2320 592 videntur
2360 550 2521 606 posse
2558 537 2800 608 intelligi
2847 538 3036 594 activa
3064 552 3234 608 opera
3274 549 3471 596 nostra
3516 556 3651 612 quae
3686 543 3746 597 in

2045 624 2344 681 dilectione
2375 625 2630 681 fraterna
2658 640 3013 694 exercemus,
3054 642 3187 698 quae
3231 628 3486 698 quidem,
3529 644 3647 686 non
3681 639 3748 686 ut

2044 713 2384 769 deberemus
2411 721 2526 771 tota
2576 715 2925 786 peragimus,
2958 715 3055 771 sed
3085 723 3278 772 tamen
3305 717 3374 773 de
3413 719 3748 775 omnimodo

2044 815 2252 870 genere
2296 802 2521 871 pietatis
2562 804 2934 873 assumimus,
2988 804 3128 875 quia
3173 805 3524 862 desiderium
3571 807 3619 862 si
3654 807 3749 863 fa-

2044 889 2229 945 cultas
2276 897 2603 959 suppeteret
2634 892 2751 960 illa,
2785 900 2848 948 ut
2872 893 3036 963 jussa
3065 894 3514 962 suntcxplendi,
3547 896 3749 951 omnia

2046 976 2345 1033 habemus.
2388 978 2495 1034 Per
2527 978 2791 1035 volucres
2835 980 3125 1052 quidquid
3180 982 3498 1051 spiritualis
3549 983 3747 1040 subti—

2045 1063 2219 1120 litatis
2243 1073 2327 1121 est
2357 1064 2414 1120 in
2445 1065 2814 1136 dispiciendis
2859 1068 3095 1137 divinis,
3143 1068 3532 1141 humanisque
3568 1073 3749 1128 rebus

2042 1154 2408 1223 exprimitur.
2460 1154 2532 1210 Et
2575 1154 2697 1210 haec
2736 1161 2874 1211 sunt
2911 1157 3148 1224 munda,
3182 1157 3323 1213 dum
3368 1158 3601 1227 quidem
3645 1160 3749 1215 illa

2042 1241 2165 1296 sine
2199 1242 2411 1298 favoris
2466 1242 2708 1299 humani
2758 1252 3120 1315 peraguntur
3179 1259 3325 1302 aura
3366 1264 3381 1313 ;
3427 1248 3547 1304 haec
3604 1263 3747 1305 vero

2043 1328 2426 1399 inquiruntur
2475 1330 2599 1385 sine
2653 1331 2866 1386 erroris
2940 1332 3188 1388 macula.
3243 1333 3359 1390 Nec
3415 1335 3647 1401 mirum,
3695 1336 3744 1390 si

2041 1416 2280 1484 munda,
2315 1416 2455 1488 quia
2499 1418 2852 1486 holocausta,
2884 1419 3018 1490 igne
3064 1421 3278 1478 scilicet
3318 1423 3556 1480 sincera
3600 1438 3744 1480 ora-

2042 1504 2215 1560 tionis
2266 1518 2332 1561 ac
2377 1507 2837 1576 compunctionis
2878 1517 3162 1580 excocta;
3214 1510 3271 1565 in
3318 1510 3536 1568 fervore
3582 1514 3741 1568 enim

2041 1593 2280 1663 spiritus
2329 1594 2494 1663 plene
2536 1595 2918 1653 discernimus
2953 1611 3029 1653 an
3077 1612 3225 1669 pura
3267 1599 3400 1667 sint,
3446 1614 3521 1655 an
3564 1608 3742 1668 recta,

2041 1695 2173 1751 quas
2202 1682 2468 1751 agimus;
2500 1682 2578 1738 ibi
2618 1697 2756 1754 ergo
2784 1699 2853 1740 ea
2894 1685 3272 1754 incendimus,
3314 1687 3368 1743 id
3411 1696 3494 1743 est
3524 1688 3745 1758 proba-

2042 1769 2179 1825 bilia
2222 1770 2554 1841 reddimus;
2590 1772 2744 1827 unde
2790 1781 2846 1828 et
2890 1775 3155 1828 Dominus
3203 1775 3415 1832 dicitur
3458 1777 3744 1843 odoratus,

2039 1858 2179 1926 quia
2224 1872 2259 1913 a
2297 1858 2540 1914 Domino
2581 1859 2746 1916 nobis
2772 1870 2857 1916 est
2896 1861 3275 1931 discretionis,
3318 1877 3385 1919 ac
3434 1864 3745 1934 providen-

2041 1947 2132 2001 tize
2184 1947 2407 2016 virtus;
2455 1948 2655 2004 odores
2697 1964 2951 2021 namque
2989 1964 3127 2005 nare
3179 1952 3578 2020 discernimus,
3624 1967 3747 2008 res-

3482 2041 3636 2097 unde
3684 2050 3743 2097 et

2038 2110 2201 2192 apud
2242 2125 2594 2194 Terentium,
2656 2126 2894 2197 quidam
2960 2128 3213 2185 olfecisse
3277 2130 3507 2199 dicitur,
3579 2132 3741 2200 quod

2037 2213 2390 2284 conjiciendo
2435 2215 2796 2283 przeviderat.
2838 2217 2925 2272 Ex
2964 2217 3204 2274 odoratu
3254 2217 3433 2288 igitur
3479 2226 3738 2289 utraque

2040 2301 2276 2368 praefata
2302 2301 2488 2357 virtus
2524 2303 2825 2373 accipitur,
2876 2306 3031 2375 quod
3072 2305 3351 2362 Dominus
3402 2307 3614 2363 dicitur
3644 2308 3731 2364 fe-

2038 2389 2199 2457 cisse,
2229 2389 2370 2459 quia
2399 2389 2548 2445 idetn
2580 2390 2634 2446 in
2678 2391 2845 2446 nobis
2894 2392 3027 2447 facit
3059 2392 3195 2462 ipse,
3229 2407 3434 2463 nempe
3465 2408 3599 2449 cum
3633 2408 3737 2464 per

2036 2476 2341 2532 elationem
2395 2491 2462 2532 ac
2511 2478 2873 2534 securitatem
2926 2480 2985 2534 in
3026 2480 3230 2535 vitium
3276 2480 3439 2551 lapsi,
3488 2482 3609 2552 jam
3660 2483 3736 2537 ad

2037 2565 2219 2621 Deum
2250 2565 2510 2628 redituri,
2542 2565 2881 2622 humilitatis
2922 2568 2980 2622 in
3010 2567 3175 2622 nobis
3202 2569 3381 2624 altare
3430 2570 3733 2640 erigimus,

2035 2662 2090 2709 et
2137 2652 2424 2724 quidquid
2479 2654 2713 2721 durum,
2764 2655 3049 2725 quidquid
3104 2656 3253 2712 male
3314 2657 3617 2714 humidum
3676 2657 3735 2714 in

2037 2742 2323 2798 mentibus
2368 2750 2452 2798 est
2499 2742 2721 2799 timoris
2769 2743 2901 2812 igne
2960 2758 3307 2813 cremamus,
3369 2746 3503 2817 quis
3545 2747 3736 2803 edicat

232 2834 386 2890 Educ
428 2840 619 2901 tecum,
673 2842 738 2891 ut
785 2834 1061 2890 confessio
1101 2848 1216 2889 non
1267 2833 1365 2889 fiat
1417 2846 1777 2904 peccatorum
1806 2832 1929 2888 sine
1964 2863 2004 2918 ρ
2036 2831 2175 2902 quid
2225 2830 2601 2898 discretionis,
2660 2832 2999 2900 prudentiae,
3053 2846 3121 2888 ac
3173 2841 3385 2890 sancta
3430 2836 3737 2891 suavitatis

232 2923 578 2978 correctione
638 2930 922 2987 nostrum,
993 2937 1098 2977 nec
1161 2930 1420 2977 nostrum
1476 2921 1769 2987 correctio,
1817 2920 1925 2975 nisi

232 3011 587 3081 praevenitur
646 3009 1000 3067 confessione
1076 3011 1381 3066 malorum.
1440 3011 1520 3065 Et
1571 3009 1926 3077 ingredimini

229 3116 393 3169 super
421 3105 642 3167 terram,
678 3106 739 3156 tu
787 3099 1068 3168 videlicet,
1105 3107 1321 3170 tuaque
1373 3099 1565 3155 studia
1600 3099 1721 3169 jam
1762 3110 1924 3167 pror-

232 3203 331 3245 sus
379 3188 434 3244 in
486 3188 768 3260 justitiam
829 3184 1202 3244 commutata.
1260 3188 1568 3257 Postquam
1627 3200 1729 3241 vos
1776 3185 1924 3241 freda

229 3277 507 3332 exueritis
562 3275 929 3343 conscientia,
996 3290 1223 3331 necesse
1266 3282 1351 3331 est
1406 3279 1471 3330 ut
1519 3272 1923 3343 ingrediamini

229 3364 300 3419 ad
335 3365 627 3432 interiora,
673 3378 805 3434 qua}
854 3363 1241 3434 projeceratis,
1283 3369 1345 3419 ut
1388 3361 1666 3431 scriptum
1718 3370 1821 3427 est,
1866 3360 1921 3417 in

232 3452 349 3507 vita
396 3459 602 3519 vestra,
650 3459 714 3508 ut
765 3451 885 3507 sola
932 3452 1001 3507 de
1054 3450 1295 3506 internis
1351 3449 1580 3520 gaudiis
1636 3449 1706 3505 sit
1761 3449 1925 3506 vobis

229 3554 391 3609 cura,
424 3540 497 3597 ad
527 3541 633 3597 hoc
677 3540 910 3607 scilicet,
951 3547 1015 3596 ut
1064 3537 1545 3595 constabiliamini
1589 3538 1708 3609 jam
1749 3552 1925 3610 super

231 3641 466 3694 terram,
512 3644 615 3700 pro
659 3628 1035 3685 fundamento
1077 3627 1336 3683 habeatis
1366 3627 1667 3695 rationem,
1699 3634 1762 3683 ut
1806 3641 1920 3682 non

228 3717 710 3775 circumferamini
773 3730 873 3787 per
952 3717 1209 3786 aliquam
1268 3715 1635 3773 tentationem
1698 3715 1917 3787 (Ephes.

228 3822 303 3874 tv,
336 3806 445 3873 14).
470 3808 709 3861 Crescite
731 3819 868 3875 ergo
906 3817 1082 3873 super
1112 3804 1259 3860 hanc
1290 3804 1526 3860 radicati
1574 3804 1629 3858 in
1662 3811 1921 3859 contem—

230 3894 513 3963 plationis,
565 3907 742 3964 quam
792 3890 1061 3947 amisistis
1131 3899 1462 3961 reparantes
1510 3905 1612 3946 vos
1662 3890 1921 3947 altitudi-

228 3996 381 4049 nem,
422 3988 471 4037 et
511 3981 961 4051 multiplicamini
988 3979 1063 4033 ad
1104 3980 1432 4049 proximum
1481 3993 1581 4048 per
1625 3978 1921 4035 charitatis

227 4070 659 4140 amplitudinem
685 4085 701 4139 ;
729 4068 1076 4124 emittuntur
1107 4066 1286 4139 igitur
1318 4067 1391 4123 ab
1421 4080 1556 4123 arca
1580 4066 1917 4135 animantia,

2033 2933 2106 2975 ex
2163 2919 2439 2975 virtutum
2502 2919 2785 2976 suavitate
2835 2920 2987 2977 intro
3045 2921 3395 2978 haurimus?
3442 2923 3518 2978 ibi
3576 2924 3731 2978 enim

2035 3014 2306 3077 gustatur
2330 3022 2510 3077 quam
2546 3009 2746 3064 suavis
2782 3018 2864 3064 est
2897 3010 3176 3066 Dominus
3213 3010 3388 3081 (Psnl.
3422 3025 3620 3075 χχχιιι,
3650 3014 3727 3081 9).

2036 3098 2103 3149 Et
2131 3096 2213 3148 ait
2259 3094 2334 3148 ad
2389 3110 2545 3150 eum:
2600 3097 2955 3167 Nequaquam
3005 3100 3153 3153 ultra
3207 3100 3527 3155 maledicam
3571 3102 3731 3154 terrae

2030 3188 2253 3252 propter
2312 3183 2550 3238 homines
2590 3201 2612 3250 ,ο
2663 3199 2849 3240 sensus
2905 3189 3047 3242 enim
3095 3194 3146 3242 et
3185 3189 3412 3243 humani
3469 3191 3729 3255 cogitatio

2032 3269 2209 3325 cordis
2251 3273 2312 3326 in
2355 3273 2562 3326 malum
2589 3288 2765 3342 prona
2792 3280 2921 3329 sunt
2945 3275 3015 3329 ab
3043 3276 3403 3333 adolescentia
3443 3292 3562 3331 sua.
3607 3280 3726 3334 Non

2032 3362 2207 3427 igitur
2232 3361 2380 3415 ultra
2416 3364 2722 3430 percutiam
2763 3379 2969 3419 omnem
3018 3368 3370 3433 animantem,
3425 3369 3567 3420 sicut
3594 3369 3722 3433 feci.

2031 3450 2249 3505 Cunctis
2302 3449 2492 3504 diebus
2535 3455 2690 3505 terrae
2748 3455 3020 3515 sementis.
3065 3459 3116 3508 et
3175 3457 3382 3523 messis,
3445 3456 3630 3522 frigus
3674 3464 3726 3511 et

2029 3542 2209 3606 aestus,
2241 3544 2402 3593 aestas
2443 3543 2494 3593 et
2549 3540 2738 3605 hiems,
2789 3555 2900 3596 non:
2953 3546 3004 3595 et
3032 3542 3146 3597 dies
3202 3558 3309 3598 non
3362 3546 3719 3613 requiescent.

2031 3624 2477 3682 Maledictionem
2532 3641 2636 3697 pro
2679 3626 2903 3684 defectu
2954 3628 3089 3698 poni
3132 3630 3310 3686 solere
3348 3630 3624 3699 diximus,
3666 3639 3724 3687 et

2031 3722 2270 3783 constat,
2301 3729 2369 3770 ac
2397 3715 2445 3771 si
2491 3714 2739 3771 diceret:
2785 3716 3168 3788 Nequaquam
3216 3718 3573 3787 maledicam,
3617 3721 3723 3776 de-

2033 3805 2198 3860 ticere
2241 3804 2488 3873 profecto
2539 3803 2783 3860 ulterius
2828 3820 2940 3861 non
2990 3808 3312 3877 permittam
3373 3815 3607 3871 terram,
3667 3810 3722 3865 id

2028 3899 2113 3948 est
2158 3900 2370 3949 statum
2430 3892 2667 3949 humani
2709 3894 2916 3963 cordis,
2971 3904 3201 3965 propter
3259 3897 3537 3961 homines.
3588 3912 3724 3968 pro-

2032 3988 2155 4050 pter
2211 3980 2604 4050 quorumlibet
2655 3982 2857 4052 utique
2898 3984 3158 4053 exempla
3219 3992 3572 4054 sanctorum,
3620 3987 3725 4057 qui

2030 4068 2308 4136 homines,
2367 4069 2783 4126 rationabiliter
2854 4071 3069 4128 scilicet
3122 4087 3243 4129 sese
3314 4082 3576 4145 regentes
3617 4089 3725 4130 vo-

226 4159 280 4214 id
344 4166 429 4215 est
493 4156 1093 4228 concupiscibilitates,
1162 4156 1379 4227 quibus
1460 4156 1793 4211 animamur
1847 4154 1919 4211 ad
1958 4162 2255 4225 Dcantur,
2296 4165 2361 4213 ut
2407 4164 2532 4228 est;
2581 4158 2834 4228 respiciet
2877 4159 3136 4226 homines,
3181 4168 3232 4216 et
3278 4162 3458 4217 dicet:
3501 4166 3727 4233 peccavi

227 4248 421 4314 noxia,
474 4246 668 4302 anima
711 4245 863 4301 enim
930 4244 1274 4301 naturaliter
1318 4243 1778 4314 concupiscibilis
1813 4250 1917 4309 est,

224 4344 278 4390 et
330 4337 596 4407 jumenta
675 4333 1073 4390 sensualitates
1153 4332 1435 4400 videlicet,
1527 4346 1659 4403 quae
1730 4339 1921 4389 motus

224 4424 432 4480 animae
463 4422 716 4493 quodam
746 4421 980 4478 incentu
1012 4421 1083 4477 ad
1114 4421 1333 4478 malum
1386 4421 1689 4491 adjuvant,
1723 4427 1778 4476 et
1819 4435 1920 4476 co-

225 4512 546 4581 gitationes,
589 4524 721 4579 quas
776 4509 940 4580 quasi
983 4523 1206 4581 angues
1246 4508 1635 4565 indiﬁerenter
1686 4508 1920 4565 lubricte

224 4614 325 4670 per
381 4598 583 4654 intima
642 4605 889 4667 reptant,
935 4604 988 4653 et
1040 4605 1267 4661 caetera,
1313 4604 1375 4653 ut
1428 4610 1605 4667 supra
1660 4596 1921 4667 exposita

223 4693 505 4743 constant.

296 4775 465 4829 Vsus.
507 4776 596 4842 20,
625 4778 716 4836 21,
768 4777 859 4829 22.
910 4803 980 4814 —
1022 4773 1335 4842 Aidiﬁcavit
1364 4779 1544 4827 autem
1604 4775 1713 4830 Noe
1745 4774 1921 4829 altare

230 4864 478 4929 Domino,
505 4868 556 4917 et
604 4863 792 4917 tollens
831 4861 898 4916 de
936 4864 1142 4917 cunctis
1182 4862 1463 4930 pecoribus
1513 4866 1563 4916 et
1613 4862 1920 4917 volucribus

226 4950 447 5005 mundis
503 4951 697 5005 obtulit
757 4951 1070 5005 holocausta
1120 4964 1289 5019 super
1335 4951 1544 5004 altare:
1614 4948 1919 5006 Oderatus-

226 5054 328 5107 que
375 5044 454 5093 est
504 5039 761 5093 Dominus
807 5038 1022 5093 odorem
1071 5040 1384 5094 suavitatis.
1440 5039 1635 5093 Altare
1665 5037 1804 5094 illud
1837 5038 1918 5093 nil

224 5127 644 5198 congruentius
666 5126 807 5183 mihi
835 5141 955 5183 esse
984 5126 1214 5183 videtur
1240 5140 1416 5197 quam
1442 5125 1773 5182 humilitas:
1809 5124 1916 5182 sic-

224 5223 289 5272 ut
316 5215 467 5271 enim
515 5215 624 5271 nisi
683 5214 741 5270 in
801 5214 969 5272 altari
1023 5214 1209 5272 hostia
1262 5214 1425 5270 nulla
1472 5213 1642 5279 valet,
1697 5213 1779 5269 sic
1807 5214 1921 5270 Deo

225 5307 432 5368 virtus,
459 5304 568 5359 nisi
609 5317 740 5359 cum
782 5303 1108 5361 humilitate
1155 5302 1315 5359 nulla
1357 5301 1575 5371 placet:
1611 5301 1760 5359 hanc
1787 5302 1919 5358 aedi-

225 5393 485 5461 ﬁcamus,
526 5406 657 5449 cum
688 5406 722 5448 a
766 5391 1142 5449 fundamento
1189 5388 1517 5446 intentionis
1556 5389 1628 5446 ad
1678 5391 1920 5461 parietes

2027 4245 2144 4317 (Job
2193 4260 2388 4313 χχχιιι,
2457 4247 2566 4317 17).
2620 4247 2768 4303 Dum
2815 4246 2968 4303 enim
3018 4263 3194 4319 super
3239 4257 3460 4306 montes
3507 4252 3719 4307 Ararat

2027 4348 2163 4390 arca
2208 4334 2533 4405 requiescit,
2574 4349 2676 4404 per
2733 4350 2974 4392 corvum
3012 4340 3385 4410 suggestorite
3427 4341 3716 4410 evagatio-

2027 4422 2117 4478 nis
2158 4422 2426 4479 columba
2480 4422 2762 4481 emittitur
2826 4424 2884 4480 in
2930 4425 3321 4484 delectationis
3384 4442 3716 4493 excursum,

2024 4511 2330 4582 operisque
2375 4526 2738 4568 consensum.
2809 4513 2924 4569 Deo
2982 4516 3177 4585 itaque
3219 4515 3518 4572 nobiscum
3569 4516 3719 4586 aspi-

2026 4601 2236 4656 ratorie
2303 4599 2590 4669 loquente,
2657 4607 2783 4670 post
2838 4600 3059 4670 lapsum
3126 4604 3406 4661 sentimus
3462 4603 3718 4675 quadam

2029 4686 2255 4743 interna
2301 4685 2608 4741 calliditate
2670 4686 2740 4742 de
2789 4688 2975 4744 ruinm
3033 4692 3423 4760 experimento
3475 4691 3720 4749 similem

2026 4775 2272 4831 ulterius
2296 4788 2404 4830 nos
2434 4773 2653 4830 fortiter
2675 4775 2795 4845 jam
2838 4790 2998 4846 posse
3045 4792 3249 4835 cavere
3291 4779 3574 4836 defectum
3597 4796 3615 4851 ;
3647 4794 3721 4836 ex

2027 4862 2266 4920 alterius
2315 4875 2589 4933 namque,
2627 4865 2900 4934 quamvis
2928 4866 3138 4933 David,
3167 4869 3439 4939 quamvis
3466 4867 3721 4925 Salomo-

2027 4951 2117 5007 nis
2165 4965 2302 5007 casu
2353 4950 2538 5007 facere
2578 4965 2752 5008 suum
2801 4966 2925 5009 esse
2969 4954 3362 5026 dignoscimus
3405 4971 3473 5012 ex
3525 4956 3724 5012 damni

2026 5053 2255 5095 summa
2301 5040 2601 5096 dementiae
2640 5050 3003 5112 extremum;
3058 5052 3141 5100 est
3169 5044 3433 5114 quaedam
3480 5044 3725 5115 pueritia

2027 5142 2214 5198 nuper
2261 5128 2328 5184 ad
2379 5130 2807 5186 conversionem
2859 5130 3237 5200 venientium,
3288 5148 3435 5203 quos
3482 5134 3541 5189 in
3604 5136 3725 5189 suis

2027 5216 2179 5272 Deus
2207 5216 2534 5287 primordiis
2559 5231 2593 5273 a
2620 5218 2781 5275 bellis
2819 5226 3098 5289 temperat
3139 5220 3433 5290 vitiorum,
3486 5228 3549 5277 ut
3578 5221 3726 5277 ﬁlios

2025 5306 2319 5375 quondam
2349 5305 2544 5372 Israel,
2573 5320 2707 5363 cum
2737 5322 2810 5363 ex
2847 5308 3096 5379 Egypto
3126 5311 3399 5378 exissent,
3435 5309 3618 5366 noluit
3640 5311 3724 5367 eis

2026 5392 2176 5451 illico
2222 5395 2479 5451 incutere
2526 5394 2812 5453 molestias
2871 5397 3220 5465 praeliorum,
3275 5398 3522 5468 pueriles
3565 5398 3719 5456 enim
