3884 6068
100 164 195 214 lll3

1199 160 1554 219 MORALIU.“
1598 164 1663 219 IN
1702 162 2023 232 GENESIN.
2062 196 2123 202 -οη
2160 163 2288 220 LIB.
2333 164 2435 221 IlI.

3504 174 3603 228 106

92 303 260 351 erant
290 295 615 352 secundum
646 295 800 351 hunc
843 300 1045 365 typum
1072 296 1251 352 animi
1288 311 1509 353 eorum.
1541 300 1635 366 At,
1667 314 1798 354 cum
1837 301 1884 352 A
1914 299 2076 365 vivit,
2117 301 2281 356 vobis
2320 302 2661 371 proponitur
2710 302 3072 361 imitandum.
3122 307 3295 372 Quasi
3332 309 3479 364 olera
3513 313 3603 366 vi-

92 386 163 441 ad
195 385 436 454 aliquod
471 384 703 440 virtutis
745 384 925 439 robur
954 385 1282 441 venerimus
1324 393 1377 441 et
1418 386 1799 444 tentationum

91 474 392 529 caloribus
420 473 621 528 vexari
663 473 1025 542 coeperimus,
1059 473 1454 531 adolescentiae
1483 475 1800 545 spiritualis

91 571 324 632 tempus
378 561 771 631 ingredimur:
848 561 1002 616 unde
1065 561 1321 617 dicitur:
1378 564 1503 630 Fili,
1546 563 1798 619 accedens

89 651 164 704 ad
188 654 508 705 servitutem
540 653 653 716 Dei,
689 655 778 703 sta
806 652 863 702 in
888 650 1117 717 jnstitia
1146 655 1197 704 et
1226 653 1433 710 timore.
1466 656 1516 705 et
1542 667 1798 721 przpara

88 742 337 792 animam
381 744 531 792 tuam
570 739 645 791 ad
684 740 1031 792 tentationem
1073 739 1249 800 (Eccl.
1294 754 1352 807 tl,
1396 740 1467 807 l).
1515 739 1799 797 Cavemus

86 842 228 898 ergo
259 826 570 891 defectum,
602 833 655 881 et
700 826 1029 882 defectionis
1074 826 1428 896 exemplum,
1477 827 1615 898 quia
1663 843 1795 884 cum

86 915 517 982 colluctatione,
550 929 682 985 qua}
718 929 820 969 nos
852 915 1154 986 impugnat
1186 915 1458 972 vitiorum
1488 915 1795 987 insurgen-

87 1012 198 1059 tem
256 1018 333 1060 ex
391 1004 604 1060 virtute
662 1005 826 1073 quasi
877 1019 951 1059 ex
998 1005 1379 1061 adolescentia
1418 1006 1798 1075 deprimimus

87 1101 320 1162 typum,
375 1092 513 1148 dum
574 1106 804 1147 sensum
854 1093 1195 1148 exteriorem
1268 1100 1323 1148 et
1382 1095 1795 1164 cogitationum

88 1180 566 1251 imaginationem
608 1194 828 1248 semper
869 1180 977 1236 nisi
1028 1181 1247 1237 ratione
1298 1181 1596 1237 frenentur
1617 1197 1799 1252 prona

87 1270 378 1324 sentimus
436 1268 506 1323 ad
558 1268 812 1338 malum;
870 1269 1130 1339 dumque
1181 1270 1426 1340 propria
1482 1275 1584 1324 50
1642 1278 1796 1326 metu

86 1357 420 1427 fragilitatis
449 1358 645 1412 anima
691 1365 957 1427 suspecta
1001 1365 1247 1425 tenetur,
1280 1371 1586 1427 nunquam
1639 1359 1709 1414 ad
1740 1360 1795 1414 id

84 1444 423 1501 detrimenti
472 1446 796 1512 deducitur,
851 1453 914 1501 ut
965 1445 1285 1501 animantia
1332 1446 1546 1511 omnia,
1598 1447 1795 1501 vitalia

84 1534 302 1589 scilicet
355 1534 568 1601 studia,
630 1534 686 1589 in
741 1548 800 1589 se
860 1534 1089 1604 penitus
1149 1533 1523 1603 perimantur.
1579 1536 1795 1590 Cunctis

83 1623 287 1692 itaque
334 1622 525 1676 diebus
575 1627 750 1687 terrae,
803 1622 858 1677 id
916 1629 999 1678 est
1048 1622 1380 1677 omnimoda‘
1420 1622 1795 1693 intelligentia

81 1710 435 1765 terreuitatis
485 1724 551 1765 ac
578 1710 921 1765 infirmitatis
973 1718 1201 1777 nostrae,
1227 1709 1364 1765 dum
1413 1709 1624 1765 scilicet
1667 1725 1790 1766 eam

82 1798 395 1869 diligenter
479 1798 911 1865 attenderimns,
992 1801 1262 1867 sementis,
1322 1799 1379 1855 id
1440 1806 1524 1855 est
1585 1808 1792 1856 nostrm

81 1887 482 1942 conversionis
511 1886 693 1952 initia,
738 1892 787 1940 et
817 1888 1026 1953 messis,
1064 1887 1219 1957 quod
1262 1894 1347 1943 est
1388 1901 1618 1944 summa
1655 1902 1789 1957 per—

85 1974 366 2040 fectionis,
392 1974 651 2044 aliquam
689 1988 721 2029 a
766 1974 1144 2031 tentationum
1182 1990 1486 2046 nunquam
1528 1977 1785 2047 requiem

87 2062 480 2118 inveniuntur
519 2063 730 2119 habere
772 2063 1049 2130 molestia,
1099 2064 1219 2119 sive
1251 2064 1304 2118 in
1351 2064 1560 2134 frigore
1593 2072 1790 2135 torpo-

85 2152 178 2218 ris,
213 2159 273 2206 et
300 2151 669 2223 negligentiae
699 2151 1048 2217 desidamus,
1079 2166 1179 2207 seu
1223 2152 1296 2207 ab
1331 2152 1501 2221 aquis
1540 2152 1786 2219 nivium,

82 2241 253 2308 juxta
286 2239 434 2296 illud
467 2240 595 2306 Job,
627 2240 698 2295 ad
739 2247 943 2297 aestum
974 2240 1106 2309 (Job
1152 2256 1299 2307 xxrv,
1344 2244 1455 2309 19),
1498 2240 1552 2296 id
1583 2248 1668 2297 est
1714 2240 1786 2296 ad

85 2328 331 2383 calorem
391 2326 684 2398 religionis
726 2327 973 2383 nimium
1030 2327 1382 2394 veniamus,
1420 2328 1507 2384 vel
1575 2328 1787 2385 mentis

85 2415 458 2485 aliquantula
502 2416 683 2471 instar
734 2416 947 2471 aestatis
994 2416 1299 2471 serenitate
1348 2416 1644 2486 pollentes,
1694 2417 1783 2473 vel

84 2503 352 2560 nubilosa
382 2504 562 2559 animi
592 2504 937 2574 aegritudine
966 2504 1037 2560 ad
1079 2504 1312 2560 modum
1355 2504 1555 2560 hiemis
1593 2520 1785 2561 caecu-

83 2592 306 2657 tientes,
343 2600 445 2648 aut
472 2599 636 2647 nocte
666 2592 1076 2648 adversitatum
1112 2593 1311 2663 pressi,
1343 2599 1444 2648 aut
1482 2593 1571 2649 die
1616 2608 1785 2663 pros—
1825 2618 1831 2624 τ

82 2678 345 2748 peritatis
413 2677 580 2734 effusi
629 2693 982 2749 quocunque
1038 2687 1192 2736 statu
1250 2680 1589 2749 vixerimus,
1661 2682 1784 2737 sine

83 2767 363 2837 maligna,
427 2766 567 2822 dum
615 2766 853 2836 spiritus
900 2768 1001 2823 hos
1045 2768 1192 2839 regit
1223 2775 1405 2836 artus,
1457 2767 1783 2847 titillatione

80 2870 199 2910 esse
242 2869 361 2910 non
399 2869 727 2925 possumus,
778 2862 843 2911 ut
878 2870 1179 2926 nunquam
1213 2856 1282 2911 de
1318 2856 1530 2927 peccati
1564 2857 1780 2914 immu-

82 2944 257 3000 nitate
284 2943 625 3016 gaudentes,
656 2944 862 3000 iterare
890 2951 1123 3015 peccata
1149 2945 1413 3001 velimus.

749 3085 980 3142 CAPUT
1021 3086 1120 3142 IX.

149 3206 317 3261 Vens.
353 3210 401 3274 t,
435 3210 489 3271 2,
524 3210 575 3262 3.
604 3237 671 3247 —
703 3194 1093 3276 Remedia-itque
1114 3211 1251 3262 Deus
1274 3210 1381 3264 Noe
1408 3214 1458 3263 ct
1489 3209 1620 3277 ﬁliis
1640 3209 1781 3278 ejus,

85 3295 264 3349 dicens
300 3311 315 3350 :
350 3297 597 3361 Crescite,
639 3300 688 3350 et
728 3297 1191 3366 multiplicamini,
1226 3302 1274 3351 et
1310 3296 1511 3366 replete
1559 3303 1778 3367 terram,

84 3388 131 3436 et
161 3389 337 3436 terror
370 3388 562 3448 vester,
594 3398 657 3437 ac
691 3387 890 3438 tremor
935 3386 1009 3437 sit
1058 3399 1223 3454 super
1247 3392 1438 3440 cuncta
1477 3389 1782 3441 animantia

86 3477 257 3534 terra,
293 3476 345 3525 et
378 3486 542 3541 super
564 3486 742 3526 omnes
770 3479 1010 3527 volucres
1049 3472 1169 3527 caeli
1196 3489 1314 3527 cum
1340 3476 1630 3540 universis,
1664 3490 1782 3543 quae

84 3565 365 3615 moventur
409 3562 470 3613 in
514 3565 679 3614 terra.
745 3561 936 3616 Omnes
982 3564 1152 3631 pisces
1182 3564 1352 3616 maris
1374 3565 1565 3616 manui
1592 3568 1782 3617 vestrm

85 3649 281 3703 traditi
302 3654 453 3703 sunt.
504 3651 575 3703 Et
605 3664 756 3703 omne
803 3649 948 3717 quod
992 3654 1235 3704 movetur
1280 3655 1330 3704 et
1374 3652 1514 3704 vivit
1554 3652 1659 3705 erit
1695 3666 1782 3704 ro-

86 3737 162 3788 bis
190 3740 251 3790 in
294 3738 495 3791 cibum.
534 3737 623 3792 Ad
650 3737 1022 3793 obtinendam
1054 3738 1338 3793 internam
1366 3738 1629 3809 requiem
1674 3740 1781 3792 Noe

87 3824 134 3878 id
191 3833 277 3880 est
336 3823 545 3894 spiritu
597 3833 813 3892 nostro,
874 3833 929 3881 et
979 3825 1127 3892 filiis,
1187 3826 1460 3896 operibus
1518 3826 1781 3882 videlicet

86 3913 227 3981 ejus,
283 3912 716 3980 benedictionis,
775 3913 830 3969 id
889 3921 973 3969 est
1030 3913 1424 3969 exuberantize
1476 3915 1777 3970 consilium

86 4000 277 4067 datur,
315 4003 557 4065 crescite,
599 4000 701 4070 ait,
745 4015 867 4070 spe,
900 4000 996 4056 sed
1043 4016 1114 4056 ne
1162 4000 1216 4056 id
1259 4001 1506 4058 inaniter
1539 4002 1777 4068 faciatis,

87 4090 537 4158 multiplicamini
593 4089 739 4144 bono
788 4089 948 4158 prius
983 4103 1173 4160 opere,
1218 4094 1269 4143 et
1309 4092 1505 4160 replete
1556 4086 1776 4157 terram,

87 4177 487 4246 spiritualibus
530 4176 741 4232 scilicet
787 4176 988 4233 officiis
1034 4185 1305 4246 occupate
1352 4178 1780 4235 sensualitatem
1823 4195 1866 4248 ι)

90 4271 364 4332 vestram,
396 4270 448 4318 et
493 4270 667 4318 terror
711 4271 905 4333 vester,
949 4281 1013 4320 ac
1045 4270 1243 4319 tremor
1287 4268 1361 4320 sit
1405 4282 1568 4336 super
1596 4272 1787 4322 cuncta

87 4355 356 4406 animalia
393 4356 568 4419 terrae,
617 4353 669 4408 id
701 4360 785 4408 est
831 4368 1004 4423 super
1050 4354 1225 4422 vitia,
1260 4369 1391 4425 quae
1438 4369 1509 4410 ex
1564 4355 1782 4411 anima-

88 4441 238 4497 litate
282 4448 628 4509 nascuntur,
688 4455 802 4497 non
851 4442 1005 4512 quod
1054 4441 1178 4512 ipsa
1226 4444 1608 4498 substantiata
1649 4444 1783 4509 sint,

89 4538 147 4584 ut
176 4529 377 4585 terreri
412 4543 479 4583 ac
526 4536 767 4585 tremere
811 4537 1051 4599 queant,
1097 4531 1193 4586 sed
1241 4531 1396 4601 quod
1435 4531 1506 4586 ad
1551 4531 1787 4601 spiritus

88 4617 486 4674 auctoritatem
537 4618 743 4673 vitiosa
797 4618 997 4673 terreri
1078 4618 1425 4674 conscientia
1473 4633 1660 4689 usque
1714 4620 1782 4674 ad

88 4713 394 4762 tremorem
443 4705 643 4762 debeat
688 4707 961 4776 corporis,
1010 4711 1061 4759 et
1106 4721 1270 4775 super
1316 4722 1492 4761 omnes
1548 4708 1788 4762 volucres

89 4796 218 4861 cali,
276 4793 335 4849 id
394 4800 479 4849 est
547 4807 720 4864 super
772 4807 1000 4849 omnem
1051 4793 1381 4850 daemonum
1436 4794 1784 4864 superbiam,

89 4898 203 4937 cum
235 4884 526 4946 universis,
579 4897 698 4950 qua
744 4881 888 4937 fcede
913 4895 981 4937 ac
1026 4882 1332 4938 carnaliter
1407 4890 1685 4938 moventur
1727 4883 1787 4939 in

91 4985 326 5041 corpore
353 4978 563 5025 vestro.
604 4970 811 5026 Omnes
854 4969 1054 5039 pisces,
1105 4970 1207 5041 qui
1258 4971 1661 5040 perambulant
1692 4987 1787 5027 se-

91 5059 254 5115 mitas
308 5058 490 5112 maris
547 5058 714 5128 (Psat.
772 5073 890 5125 vui,
942 5057 1019 5127 9),
1077 5058 1265 5113 omnis
1315 5058 1527 5114 scilicet
1571 5058 1788 5130 ingenii

94 5146 388 5216 sagacitas,
426 5158 559 5215 qua:
589 5144 875 5201 discernat
902 5159 1168 5216 quasque
1219 5146 1424 5202 mentis
1479 5146 1785 5206 versutias.

98 5234 309 5299 manui,
346 5234 400 5287 id
430 5239 516 5288 est
542 5233 695 5301 operi
728 5240 917 5289 vestro
954 5234 1121 5303 quasi
1175 5233 1410 5303 quidam
1457 5233 1784 5289 adminicu-

100 5320 211 5375 larii
245 5319 510 5390 adjuncti
543 5327 700 5387 sunt,
733 5321 833 5391 qui
860 5336 991 5391 quae
1017 5321 1238 5392 agenda
1281 5320 1396 5376 sint
1429 5329 1784 5391 suggerunt;

101 5416 145 5463 et
181 5423 349 5465 omne
394 5407 550 5478 quod
587 5407 667 5476 pii
709 5408 896 5478 operis
946 5408 1115 5465 habet
1158 5416 1396 5475 motum,
1453 5417 1508 5463 et
1543 5423 1617 5463 ex
1678 5408 1787 5463 ﬁde

450 5506 729 5571 Psvnon.
783 5506 986 5573 CLVI.

1907 391 2085 443 rentia
2111 389 2325 443 tradidi
2345 392 2495 445 vobis
2526 394 2728 446 omnia.

1980 505 2140 558 Vens.
2183 509 2239 567 4,
2294 508 2344 570 5,
2395 507 2446 571 6,
2485 511 2536 559 7.
2595 537 2664 546 —
2719 510 2959 578 Excepto
3011 511 3158 579 quod
3210 529 3428 569 carnem
3484 532 3603 572 cum

1906 595 2169 656 sanguine
2224 609 2329 647 non
2396 596 2644 649 comedis.
2713 596 3041 665 Sanguinem
3095 603 3236 654 enim
3294 606 3603 660 animarum

1905 686 2207 735 uestrarum
2257 685 2535 752 requiram
2582 684 2648 737 de
2701 700 2867 738 manu
2924 692 3241 743 cunctarum
3284 690 3600 761 bestiarum,

1905 774 1955 823 et
2001 769 2067 823 de
2110 785 2277 823 manu
2332 773 2581 825 hominis.
2640 773 2721 825 De
2765 789 2928 826 manu
2969 777 3081 828 viri
3132 783 3182 828 et
3235 780 3436 844 fratris
3484 783 3601 848 ejus

1902 861 2184 927 requiram
2232 862 2472 913 animum
2522 861 2772 915 hominis.
2830 863 3145 932 Quicunque
3189 866 3444 934 effuderit
3493 871 3600 923 hu—

1903 963 2123 1001 manum
2160 950 2498 1016 sanguinem,
2540 950 2805 1015 fundetur
2843 956 3066 1019 sanguis
3113 955 3285 1008 illius.
3326 956 3420 1010 Ad
3460 959 3600 1012 ima-

1904 1039 2081 1104 ginem
2139 1039 2339 1105 quippe
2390 1039 2487 1090 Dei
2541 1041 2724 1103 factus
2777 1043 2855 1091 est
2899 1040 3069 1094 homo.
3121 1042 3280 1096 Olera
3338 1047 3597 1111 virentia,

1904 1124 1960 1179 id
1984 1131 2066 1180 est
2095 1126 2276 1180 cruda
2331 1124 2483 1194 apud
2539 1140 2643 1179 nos
2683 1127 2805 1181 esui
2852 1135 2987 1196 apta
3041 1144 3155 1185 non
3217 1140 3381 1200 sunt;
3430 1137 3597 1204 quasi

1904 1214 2047 1267 olera
2077 1226 2212 1283 ergo
2236 1215 2471 1267 virentia
2503 1214 2775 1282 prtedicta
2811 1215 3007 1270 omnia
3044 1231 3078 1272 a
3122 1219 3230 1274 Deo
3271 1221 3437 1277 nobis
3476 1231 3598 1278 tra—

1903 1299 2145 1366 duntur,
2179 1314 2308 1355 cum
2344 1315 2457 1355 non
2494 1315 2596 1370 pro
2627 1301 2889 1356 szeculari
2922 1303 3234 1373 honestate,
3269 1322 3334 1363 ac
3360 1311 3599 1367 scicntia

1904 1396 2285 1457 peraguntur,
2356 1403 2458 1444 nec
2522 1390 2791 1444 humanm
2852 1392 3240 1449 delectationis
3307 1411 3481 1467 aqua,
3543 1409 3598 1455 et

1904 1476 2232 1532 ambitionis
2289 1477 2420 1547 igne
2458 1486 2617 1533 cocta
2665 1479 2992 1544 solvuntur,
3045 1482 3141 1536 sed
3188 1497 3287 1551 pro
3339 1486 3458 1540 sola
3502 1487 3598 1542 in-

1838 1600 1875 1653 ”
1908 1573 2084 1619 ternae
2138 1564 2255 1635 spei
2302 1565 2590 1621 viriditate
2638 1574 2925 1622 tenentur.
2974 1568 3062 1623 Sic
3093 1569 3272 1639 igitur
3301 1572 3599 1644 allegorice

1904 1652 2238 1722 accipiatur.
2274 1654 2499 1708 Carnem
2543 1661 2733 1709 autem
2784 1671 2902 1709 cum
2932 1660 3197 1724 sanguine
3245 1674 3360 1715 non
3406 1676 3598 1718 come-

1902 1741 2112 1807 dimus,
2149 1740 2193 1795 si
2224 1742 2472 1798 carnalis
2502 1743 2809 1813 cujuslibet
2839 1744 3067 1815 culpam
3110 1746 3179 1801 ad
3235 1747 3598 1806 instituenda:

1900 1829 2226 1899 exemplum
2250 1830 2383 1885 vitae,
2418 1845 2534 1885 non
2585 1832 2962 1899 assumimus;
3012 1835 3250 1905 sanguis
3279 1836 3430 1892 enim
3476 1852 3599 1908 pec-

1900 1925 2090 1973 catum
2123 1925 2204 1973 est
2238 1933 2409 1986 :non,
2465 1920 2724 1989 inquam,
2774 1921 2990 1977 debetis
3037 1923 3249 1978 imitari
3306 1939 3594 1994 perversa,

1899 2019 2031 2060 cum
2063 2005 2132 2061 de
2161 2020 2340 2062 manu
2372 2015 2717 2063 cunctarum
2748 2009 3084 2077 bestiarum,
3116 2011 3169 2066 id
3202 2020 3286 2068 est
3330 2013 3399 2068 de
3428 2028 3598 2084 opere

1897 2101 2241 2149 cunctorum
2294 2095 2646 2163 daemonum,
2683 2096 2783 2166 qui
2815 2098 2887 2153 ad
2944 2100 3297 2168 peccandum
3340 2116 3443 2157 vos
3490 2102 3595 2157 im-

1896 2182 2110 2252 pulere,
2143 2191 2358 2240 constet
2401 2198 2434 2238 a
2463 2200 2553 2240 me
2598 2185 2750 2257 exigi
2802 2187 3104 2257 supplicia,
3149 2195 3204 2243 et
3248 2190 3317 2245 de
3364 2190 3596 2247 homine

1897 2271 1998 2342 qui
2040 2286 2107 2328 ea
2147 2273 2494 2342 perpetravit
2533 2273 2790 2345 exigitur
2831 2289 3031 2345 poena;
3079 2276 3317 2346 sanguis
3364 2279 3594 2333 anima-

1896 2374 2025 2416 rum
2057 2375 2211 2416 mors
2237 2369 2321 2418 est
2348 2361 2603 2432 ipsarum
2627 2378 2642 2431 ς
2676 2377 2830 2418 mors
2859 2370 3050 2419 autem
3079 2378 3281 2420 earum
3326 2380 3593 2423 assensus

1895 2448 2358 2506 delectationum.
2392 2453 2468 2504 De
2493 2467 2659 2505 manu
2686 2454 2795 2505 viri
2834 2451 2890 2507 id
2935 2460 3019 2508 est
3066 2453 3330 2522 pastoris,
3360 2454 3454 2511 cui
3494 2455 3589 2510 vi-

1895 2536 2014 2593 rilis
2072 2536 2254 2592 inesse
2314 2538 2480 2594 debet
2523 2539 2755 2595 animus
2803 2540 2876 2595 ad
2923 2534 3384 2612 restringendam
3427 2542 3590 2598 femi-

1895 2638 2059 2680 neam
2092 2624 2150 2680 in
2192 2625 2437 2682 subditis
2476 2627 2793 2696 mollitiem,
2838 2628 2991 2684 unde
3026 2635 3082 2684 et
3127 2629 3413 2685 annulum
3453 2630 3593 2701 quia

1890 2726 2152 2780 sponsam
2180 2713 2349 2769 habet
2381 2714 2526 2785 gerit
2572 2715 2889 2785 episcopus,
2932 2716 3218 2786 quaeritur
3257 2716 3455 2773 anima
3492 2718 3591 2774 ho-

1894 2800 2081 2869 minis,
2112 2808 2175 2857 ut
2204 2801 2298 2857 cui
2328 2816 2570 2871 praeesse
2601 2802 3115 2873 imprmsentiarum
3156 2804 3458 2872 consensit,
3512 2805 3588 2861 illi

1822 2896 2008 2954 ctam
2064 2888 2122 2943 in
2176 2890 2431 2959 corporis
2490 2904 2665 2960 quam
2726 2891 2781 2945 in
2832 2890 3060 2958 animae,
3128 2898 3407 2962 tanquam
3455 2907 3586 2949 cum

1891 2975 1951 3030 in
1988 2990 2054 3032 eo
2124 2975 2255 3031 inde
2312 2984 2569 3044 acturus,
2626 2979 3065 3035 necessitatibus
3112 2994 3226 3034 non
3277 2980 3456 3048 desit;
3523 2982 3590 3036 de

1889 3080 2058 3119 manu
2101 3067 2299 3132 fratris
2338 3066 2535 3121 anima
2596 3067 2901 3137 quaeritur,
2950 3067 2993 3122 si
3042 3082 3111 3124 ea
3151 3082 3283 3138 quae
3325 3069 3588 3138 proximo

1891 3154 2133 3210 debetur
2156 3153 2330 3224 juxta
2374 3169 2477 3210 nos
2523 3157 2705 3225 posito
2754 3156 2973 3211 homini
3020 3170 3053 3211 a
3083 3156 3245 3212 nobis
3282 3171 3424 3212 cura
3471 3172 3582 3215 non

1893 3242 2271 3313 impenditur;
2329 3243 2375 3297 si
2432 3244 2583 3300 enim
2634 3244 2987 3316 negligentia
3035 3253 3228 3301 nostra
3286 3253 3501 3316 pereat,
3555 3261 3587 3303 a

1892 3330 2053 3385 nobis
2076 3331 2209 3400 jure
2258 3331 2606 3401 requiritur:
2652 3336 2971 3400 sanguinem
3005 3334 3300 3389 humanum
3343 3334 3587 3392 effundit

1893 3418 1991 3488 qui
2022 3418 2276 3489 aliquem
2309 3420 2366 3475 in
2398 3428 2676 3490 conceptu
2708 3421 2922 3491 peccati
2952 3421 3328 3478 ﬂuctuantem
3357 3423 3584 3479 suasio-

1891 3507 2065 3562 nibus
2108 3508 2178 3563 ad
2239 3509 2717 3578 perpetrationem
2760 3510 2941 3580 cogit;
3002 3510 3064 3565 fit
3110 3517 3301 3566 autem
3364 3512 3419 3567 id
3471 3526 3583 3569 non

1890 3595 2072 3651 solum
2119 3597 2436 3663 suadendo,
2484 3598 2579 3653 sed
2611 3605 2666 3654 et
2695 3598 2961 3667 exempla
3007 3598 3310 3666 praebendo
3341 3613 3356 3652 :
3389 3609 3587 3669 penset

1889 3696 2026 3753 ergo
2055 3683 2323 3739 seductor
2346 3698 2521 3753 quam
2573 3685 2688 3740 Deo
2734 3684 3000 3754 supplicii
3046 3684 3249 3741 debeat
3286 3686 3582 3754 ultionem,

1889 3771 1992 3841 qui
2023 3771 2119 3826 Dei
2148 3771 2206 3826 in
2247 3771 2476 3827 homine
2501 3771 2785 3828 destruxit
2815 3772 3151 3844 imaginem.

1959 3886 2141 3942 Aliter
2195 3889 2513 3955 sanguinem
2574 3888 2871 3942 humanum
2938 3886 3200 3955 effundit,
3284 3888 3388 3959 qui
3439 3890 3587 3947 alte-

1888 3972 2012 4029 rius
2070 3973 2253 4029 latens
2298 3974 2509 4030 vitium
2563 3974 2914 4030 detrahendo
2952 3975 3189 4047 detegit;
3246 3976 3348 4047 qui
3392 3977 3588 4048 itaque

1890 4061 2231 4116 utrumlibet
2282 4060 2484 4132 egerit,
2524 4061 2868 4132 sanguinem
2900 4063 3196 4131 proprium
3228 4063 3584 4121 fundendum

1892 4149 2140 4217 noverit,
2193 4150 2335 4220 quia
2382 4149 2481 4219 qui
2513 4149 2600 4205 vel
2647 4150 2827 4206 alium
2875 4149 3187 4219 seduxerit,
3240 4152 3329 4208 vel
3367 4152 3582 4210 crimen

1894 4238 2220 4307 cujuspiam
2301 4237 2571 4305 emiserit,
2641 4238 2889 4307 idipsum
2956 4238 3267 4310 infligendo
3346 4241 3582 4311 patitur,

1894 4324 2050 4394 quod
2087 4325 2250 4380 alteri
2281 4325 2511 4393 inﬂixit,
2555 4340 2660 4381 nec
2709 4326 2764 4381 id
2807 4325 3042 4395 injuria,
3074 4342 3209 4384 nam
3248 4329 3459 4399 dignus
3504 4338 3590 4386 est

1893 4411 2259 4481 discriminis,
2311 4412 2411 4483 qui
2459 4412 2746 4483 judicium
2797 4413 2908 4469 sibi
2963 4414 3174 4471 divinae
3235 4424 3481 4487 usurpat
3534 4425 3589 4473 et

1896 4501 2169 4557 honorem
2214 4501 2408 4557 invide
2445 4500 2699 4557 infirmat
2749 4501 3037 4574 imaginis,
3088 4503 3307 4574 quique
3355 4519 3585 4560 naevum

1893 4589 2075 4645 eidem
2134 4589 2355 4660 irrogat
2401 4589 2815 4660 corruptionis;
2873 4591 2949 4644 ad
2988 4593 3278 4658 imaginem
3334 4606 3587 4662 namque

1898 4678 2002 4731 Dei
2028 4680 2210 4745 factus
2257 4683 2336 4731 est
2383 4679 2554 4733 homo.
2615 4681 2712 4734 Vos
2762 4686 2941 4732 autem
2979 4679 3052 4735 ab
3084 4680 3173 4736 his
3206 4688 3464 4735 extorres
3490 4694 3585 4749 pe-

1894 4764 2097 4834 stibus,
2130 4768 2347 4820 crescite
2393 4766 2501 4836 piis
2543 4766 2834 4836 operibus,
2879 4769 3325 4836 multiplicamini
3367 4768 3588 4824 intelle-

1894 4853 2103 4920 ctibus,
2152 4853 2510 4922 ingredimini
2566 4854 2636 4909 ad
2686 4853 2784 4909 Dei
2829 4854 3046 4920 oculos,
3100 4869 3170 4910 ne
3218 4854 3588 4913 mulceamini

1894 4942 2055 5014 vulgi
2108 4942 2405 4999 favoribus
2453 4958 2619 5013 super
2650 4948 2871 4998 terram.
2920 4950 3010 4997 al
3060 4942 3118 4997 id
3160 4950 3245 4999 est
3293 4944 3588 5001 Christum

1895 5030 2338 5086 constabilimini
2394 5030 2676 5098 funditus,
2703 5036 2753 5085 et
2799 5031 3012 5100 implete
3060 5046 3198 5100 eam,
3245 5031 3429 5101 ipsum
3479 5035 3589 5090 sci-

1896 5119 2025 5173 licet
2054 5119 2268 5174 sanctis
2310 5118 2522 5188 pascite
2566 5118 2807 5184 actibus,
2842 5119 2942 5189 qui
2987 5120 3164 5175 esurit
3209 5121 3449 5177 salutem
3491 5137 3591 5180 ve-

1893 5214 2089 5262 stram.

1966 5321 2137 5376 Vens.
2170 5324 2222 5388 8,
2256 5325 2309 5389 9,
2350 5325 2434 5389 10,
2490 5324 2574 5377 il.
2602 5353 2669 5361 ——
2705 5323 2826 5376 Ilzec
2871 5338 3080 5392 quoque
3125 5323 3275 5378 dixit
3325 5325 3468 5380 Deus
3518 5326 3593 5379 ad

1895 5411 2023 5477 Noe,
2054 5414 2101 5462 et
2142 5408 2217 5462 ad
2252 5411 2391 5478 filios
2423 5412 2552 5478 ejus
2597 5425 2713 5464 cum
2757 5424 2814 5463 eo
2847 5424 2860 5463 :
2906 5413 3034 5465 Ecce
3080 5426 3173 5478 ego
3223 5417 3461 5466 statuam
3487 5427 3591 5481 pa-

3243 5516 3281 5571 4
