3874 6048
286 147 383 198 107

1184 146 1245 198 ν.
1287 142 1612 199 GUIBERTI
1655 144 1944 198 ABBATIS
1982 145 2037 199 S.
2083 143 2321 198 MANE
2360 141 2451 197 DE
2491 143 2876 207 NOVIGENTO

3678 147 3776 201 i08

280 282 424 332 ctum
466 292 640 332 meum
676 276 971 341 vobiscum,
1011 282 1062 329 et
1112 291 1229 329 cum
1270 277 1469 328 semine
1504 277 1679 328 vestro
1694 277 1816 342 post
1861 287 1974 337 vos,
2014 274 2061 327 Α
2091 287 2205 329 non
2237 273 2571 342 desperetur
2603 272 2780 340 locus,
2815 273 2911 329 ubi
2937 274 3227 344 superbia,
3260 289 3361 330 seu
3392 276 3627 345 ignavia
3653 291 3785 331 con-

279 371 330 420 et
357 365 431 420 ad
458 381 663 419 omnem
692 368 931 419 animam
956 367 1239 429 viventem,
1294 378 1413 431 quae
1446 367 1523 416 est
1560 362 1831 416 vobiscum
1862 364 1975 414 iam

278 459 335 507 in
384 453 690 508 volucribus
731 470 893 524 quam
948 455 1003 506 in
1045 454 1329 519 jumentis,
1381 456 1432 505 et
1478 450 1774 519 pecudibus
1821 453 1975 503 terrae

279 544 505 606 cunctis,
539 556 657 610 qua
702 555 915 609 egressa
960 545 1085 594 sunt
1125 540 1189 592 de
1227 554 1375 601 arca,
1418 544 1467 592 et
1494 541 1762 592 universis
1789 539 1974 592 bestiis

281 634 451 689 terrae.
509 631 759 683 Statuam
812 634 1033 697 pactum
1088 643 1260 681 meum
1308 627 1599 685 vobiscum.
1655 632 1705 680 et
1767 642 1972 695 nequa-

278 735 438 787 quam
469 719 616 771 ultra
641 719 991 785 interﬁcietur
1020 715 1184 784 aquis
1211 715 1429 780 diluvii,
1477 730 1647 784 neque
1674 716 1777 768 erit
1827 715 1973 769 dein-

278 823 397 875 ceps
427 807 691 860 diluvium
717 804 994 874 dissipans
1040 810 1258 857 terram.
1308 802 1450 859 Cum
1485 804 1714 870 talibus,
1764 803 1970 872 inquit,

278 894 477 950 ofticiis
526 908 628 948 vos
684 892 1098 963 applicueritis,
1158 908 1287 960 ecce,
1345 906 1450 946 nec
1507 904 1686 950 mora.
1736 896 1974 944 statuam

271 988 491 1052 pactum
518 997 691 1035 meum
720 982 1014 1046 vobiscum,
1048 980 1322 1051 peculiari
1370 994 1469 1033 vos
1509 980 1649 1033 mihi
1693 983 1748 1033 in
1783 994 1974 1035 amore

277 1070 614 1139 astringam.
658 1077 712 1125 et
751 1077 873 1139 post
931 1084 1053 1136 vos,
1101 1069 1155 1123 id
1200 1076 1284 1124 est
1333 1076 1638 1138 postquam
1701 1082 1974 1137 corporea

277 1166 457 1213 morte
487 1158 822 1223 defeceritis,
864 1173 982 1211 cum
1026 1158 1243 1224 semine,
1287 1156 1436 1211 bono
1476 1155 1733 1210 videlicet
1779 1170 1969 1225 opere.

273 1254 449 1302 vestro
496 1253 719 1318 pactum
779 1247 958 1302 beata:
1006 1246 1380 1316 perennitatis
1437 1245 1753 1315 stabiliam;
1821 1246 1974 1301 unde

274 1337 572 1406 psalmus:
606 1339 675 1391 Et
717 1338 823 1406 ﬁlii
870 1352 1049 1389 eorum
1106 1351 1275 1405 usque
1320 1335 1382 1390 in
1417 1336 1669 1389 saeculum
1717 1334 1975 1388 sedc-bunt

272 1440 435 1492 super
477 1425 653 1479 sedem
698 1430 845 1478 tuam
878 1425 1026 1489 (Psal
1087 1439 1286 1492 cum,
1353 1423 1456 1494 l2),
1499 1424 1780 1479 habemus
1830 1423 1973 1478 filios

271 1525 466 1580 opera,
518 1510 662 1566 ﬁlias
704 1512 952 1567 ﬁliorum
992 1526 1232 1582 operum
1281 1511 1537 1582 przemia.
1593 1510 1707 1566 Noe
1757 1512 1968 1581 itaque,

276 1598 329 1653 id
362 1607 445 1653 est
472 1599 709 1669 spiritus
751 1608 942 1656 noster
993 1600 1177 1656 fiedus
1217 1600 1478 1655 divinum
1529 1600 1780 1669 suscipit,
1833 1600 1970 1655 dum

274 1703 332 1743 se
358 1688 572 1743 arctius
602 1688 811 1745 divinae
860 1689 1138 1745 voluntati
1173 1688 1495 1759 subiungit,
1532 1703 1664 1744 cum
1702 1687 1974 1757 operibus

274 1776 485 1831 nostris
513 1784 635 1847 post
686 1792 789 1832 nos
838 1786 1068 1847 pactum
1114 1777 1344 1844 slabilit,
1388 1791 1520 1832 cum
1554 1791 1655 1847 per
1700 1791 1973 1832 remune-

271 1865 508 1920 rationis
539 1867 782 1936 gratiam
815 1881 883 1921 ea
915 1866 1021 1922 sibi
1057 1866 1338 1936 placuisse
1370 1865 1423 1921 in
1469 1866 1667 1921 futuro
1704 1865 1969 1921 ostendit.

272 1953 366 2009 Ad
421 1969 626 2008 omnem
675 1958 915 2009 animam
958 1958 1244 2018 viventem,
1290 1954 1551 2010 volucres
1595 1955 1825 2021 scilicet,
1877 1955 1972 2024 ju-

274 2049 488 2109 menta,
532 2050 587 2098 et
636 2043 903 2113 pecudes,
950 2050 1004 2099 et
1047 2043 1255 2099 bestias
1302 2051 1529 2113 pactum
1579 2041 1779 2109 initur,
1832 2045 1969 2100 dum

273 2143 375 2198 per
419 2144 567 2186 arcte
618 2132 1024 2201 egressionem,
1089 2132 1303 2201 peccati
1352 2131 1614 2186 videlicet
1662 2129 1971 2186 confessio-

273 2232 433 2284 nem;
486 2219 694 2275 Lazaro
737 2221 891 2276 enim
953 2220 1208 2275 dicitur:
1284 2222 1418 2275 Veni
1458 2222 1610 2286 foras
1660 2221 1835 2284 (Joan.
1890 2233 1970 2286 XI,

266 2306 380 2376 43),
450 2320 535 2373 ea,
589 2322 721 2377 quae
754 2304 985 2364 fuerant
1034 2309 1303 2378 superba,
1366 2307 1577 2377 cupida
1632 2316 1688 2363 et
1735 2307 1969 2375 lasciva,

269 2402 445 2462 atque
491 2395 747 2451 crudelia
794 2397 867 2452 ad
916 2397 1172 2467 regulam
1232 2397 1520 2453 modestia:
1577 2396 1768 2463 ducta,
1827 2396 1974 2451 ﬁunt

273 2482 462 2549 utilia;
502 2482 633 2539 boni
666 2498 917 2555 namque
957 2488 1249 2555 corruptio
1303 2485 1365 2541 ﬁt
1397 2485 1538 2539 vitia
1580 2488 1670 2555 ιη,
1716 2483 1969 2555 vitium].

270 2568 337 2627 Et
370 2572 488 2627 haec
516 2586 616 2641 per
646 2573 1053 2628 confessionem
1089 2574 1198 2629 lota
1252 2574 1398 2629 ﬁunt
1435 2574 1642 2629 iterum
1670 2573 1876 2639 virtus,
1919 2582 1971 2629 et

269 2673 521 2728 superna
584 2661 915 2729 concipiunt
981 2670 1147 2731 pacta
1203 2676 1334 2731 quae
1412 2662 1641 2732 quidem
1700 2661 1970 2731 prseteriti

269 2746 467 2817 lapsus
530 2762 752 2817 semper
810 2750 1068 2804 animum
1136 2748 1488 2819 deprimente
1532 2749 1806 2805 memoria
1852 2763 1973 2818 per-

268 2839 504 2887 manent
552 2831 863 2896 indivulsa,
914 2841 976 2888 ut
1021 2849 1136 2889 non
1180 2834 1557 2890 interﬁciatur
1597 2833 1784 2889 omnis
1835 2848 1968 2889 caro
2008 2868 2048 2923 ο

267 2918 471 2976 diluvii
505 2934 680 2991 aqua,
725 2920 778 2975 id
813 2928 896 2976 est
943 2936 1057 2977 non
1102 2931 1259 2978 tanta
1290 2923 1573 2978 habeatur
1610 2922 1965 2992 contempla-

268 3007 437 3063 tionis
466 3008 822 3075 excellentia,
857 3025 988 3081 quaa
1025 3011 1296 3067 universa
1334 3012 1403 3065 ad
1456 3011 1688 3080 plenum
1721 3011 1965 3067 subruat

265 3097 455 3151 carnis
484 3098 817 3162 certamina,
846 3106 1157 3168 quatenus,
1200 3099 1337 3155 dum
1369 3099 1583 3154 crebris
1623 3108 1966 3169 perurgetur

265 3184 531 3247 motibus,
576 3200 796 3255 semper
838 3187 1017 3255 seipsa
1066 3186 1342 3242 humilior
1370 3188 1667 3256 confugiat
1714 3188 1823 3242 sub
1866 3188 1963 3242 Dei

269 3274 667 3329 misericordize
695 3275 815 3329 alas
854 3289 1013 3330 mens
1043 3275 1279 3344 devota;
1328 3275 1612 3330 diluvium
1663 3275 1815 3329 enim
1842 3275 1963 3330 dis-

265 3360 459 3430 sipans
513 3371 720 3417 terram
772 3371 874 3429 est,
930 3363 1116 3417 virtus
1166 3363 1576 3432 spcculationis
1624 3363 1965 3419 humilitatis

264 3458 582 3519 respectum
626 3450 680 3506 in
726 3460 912 3506 mente
955 3453 1273 3506 destruens.
1321 3452 1399 3506 Ne
1446 3453 1783 3523 magnitudo
1825 3467 1963 3523 sane

264 3538 678 3594 revelationum
711 3539 1008 3595 extolleret
1038 3538 1304 3605 Paulum,
1341 3540 1513 3595 datur
1542 3520 1647 3595 sibi
1693 3520 1964 3596 stimulus

268 3627 341 3693 lli
373 3627 502 3680 Car.
536 3641 633 3691 xu,
669 3629 747 3695 7.)

336 3714 506 3771 Vens.
545 3716 627 3779 12,
670 3718 753 3777 13,
792 3716 875 3781 li,
915 3719 997 3770 15.
1029 3745 1088 3756 --
1126 3716 1251 3770 Hoc
1280 3718 1494 3784 signum
1537 3716 1783 3785 foederis,
1818 3718 1962 3786 quod

265 3801 333 3853 do
372 3804 516 3855 inter
556 3817 640 3855 me
677 3808 726 3855 et
780 3817 887 3865 vos,
938 3808 988 3855 et
1028 3803 1103 3855 ad
1161 3818 1365 3856 omnem
1403 3806 1643 3857 animam
1697 3806 1960 3858 viventem

263 3904 381 3956 quae
409 3895 487 3943 est
527 3890 797 3943 vobiscum
827 3893 886 3942 in
926 3893 1295 3955 generationes
1336 3893 1710 3959 sempiternas.
1756 3893 1959 3946 Arcum

262 3993 434 4030 meum
467 3980 662 4047 pariam
696 3981 753 4030 in
795 3978 1057 4044 nubibus;
1103 3984 1153 4032 et
1184 3983 1286 4032 erit
1332 3982 1545 4046 signum
1589 3982 1729 4033 inter
1760 3996 1860 4047 me,
1910 3985 1961 4034 et

263 4068 407 4119 inter
475 4071 693 4120 terram.
773 4067 1018 4133 Cumque
1083 4066 1356 4120 abduxero
1428 4067 1675 4122 mubibus
1747 4068 1956 4133 calum,

256 4155 543 4223 apparebit
573 4170 727 4207 arcus
775 4169 917 4206 meus
960 4157 1015 4207 in
1048 4154 1325 4208 nubibus:
1370 4159 1421 4208 et
1468 4154 1789 4208 recarl-i’ior
1835 4157 1949 4221 fce-
1992 4163 2032 4217 Ι)

259 4242 407 4296 deris
459 4245 564 4295 mei
605 4243 897 4307 vobiscum,
951 4248 1000 4296 et
1039 4258 1158 4296 cum
1208 4246 1356 4295 omni
1412 4244 1617 4306 anima,
1674 4258 1791 4311 que
1835 4257 1954 4296 car-

258 4346 376 4383 nem
418 4334 655 4396 vegetat;
701 4334 750 4381 et
790 4344 898 4382 non
935 4334 1094 4381 erunt
1132 4330 1282 4383 ultra
1319 4344 1473 4397 aqua
1522 4329 1722 4383 diluvii
1754 4328 1829 4383 ad
1858 4329 1957 4383 de-

260 4417 474 4471 lendam
516 4420 827 4471 universam
875 4432 1107 4471 carnem.
1162 4417 1348 4472 Arcus
1393 4416 1578 4472 colore
1639 4417 1838 4486 rubea,
1881 4418 1958 4472 si-

260 4506 499 4575 mulque
561 4506 733 4561 viridi
789 4512 1050 4560 constare
1113 4504 1486 4576 dignoscitur.
1544 4506 1729 4560 Arcus
1793 4519 1957 4561 sacra

258 4593 555 4663 Scriptura
586 4601 687 4659 est,
723 4593 791 4648 de
819 4606 938 4662 qua
965 4593 1201 4663 sagittas
1231 4607 1367 4647 suas
1398 4593 1735 4648 ardentibus
1783 4593 1955 4649 efﬁcit

257 4682 409 4737 Deus
438 4682 603 4749 (Psal.
640 4696 737 4745 vii,
776 4680 878 4751 l4).
911 4680 1016 4735 Per
1059 4681 1304 4736 colorem
1347 4681 1577 4751 igneum
1622 4683 1809 4749 timor,
1852 4682 1953 4751 qui

256 4784 360 4825 nos
408 4769 736 4836 discruciat,
838 4783 936 4838 per
987 4768 1232 4823 virorem
1295 4770 1574 4839 accipitur
1616 4783 1759 4839 spes,
1822 4784 1953 4839 quae

261 4872 489 4927 pascuae
533 4856 918 4928 supercmlesti
972 4858 1181 4925 inhiat;
1236 4872 1367 4927 quae
1411 4858 1525 4913 duo
1570 4872 1701 4913 cum
1750 4858 1955 4913 indesi-

258 4955 460 5001 nenter
519 4954 716 5001 nostra
804 4945 1215 5015 occupaverint
1272 4945 1443 5000 corda
1518 4960 1591 5001 ex
1656 4960 1793 5001 arcu
1853 4946 1949 5001 Dei

255 5034 639 5101 procedentia,
702 5032 762 5087 ﬁt
813 5035 1043 5103 signum
1098 5033 1326 5088 foederis
1378 5036 1435 5086 in
1455 5033 1711 5098 nubibus,
1764 5033 1818 5088 id
1868 5040 1950 5088 est

256 5120 531 5176 indicium
562 5121 745 5176 divini
779 5121 991 5177 amoris
1033 5120 1092 5175 in
1123 5121 1587 5191 cogitationibus,
1640 5134 1757 5191 quo
1807 5120 1949 5176 bene

253 5210 400 5263 inter
458 5222 583 5275 nos,
640 5222 706 5264 ac
761 5208 941 5265 Deum
994 5210 1425 5275 conveniamus,
1479 5207 1824 5279 protlcieudo
1889 5210 1945 5265 in

251 5296 535 5351 virtutum
570 5296 985 5364 generationes.
1032 5311 1164 5366 quas
1209 5310 1311 5352 nos
1359 5296 1430 5350 ad
1477 5295 1670 5351 beatas
1699 5297 1947 5353 evebant

253 5383 753 5456 sempiternitates;
807 5398 939 5440 cum
989 5399 1250 5441 enimsic
1320 5383 1568 5451 timetur,
1634 5392 1693 5441 ut
1752 5393 1945 5442 tamen

2080 368 2316 429 crescat,
2359 375 2473 415 non
2506 361 2563 415 in
2589 362 2780 417 animo
2807 361 3111 431 reperitur.
3156 362 3303 418 Dum
3336 362 3532 434 itaque
3564 365 3780 430 caelum,

2082 468 2242 511 mens
2271 445 2551 518 videlicet,
2596 451 2849 514 nubibus,
2878 450 2933 505 id
2966 459 3049 505 est
3094 449 3503 520 cogitationum
3558 452 3783 508 nebulis

2080 543 2406 610 obducitur,
2442 556 2615 598 arcus
2645 542 2744 595 iste
2779 553 2879 609 per
2919 553 3091 608 quem
3138 540 3312 594 corda
3350 540 3626 596 charitate
3657 541 3781 597 vul-

2081 639 2375 700 nerentur,
2409 631 2578 703 quasi
2621 628 2824 685 lucifer
2873 629 2930 682 in
2985 627 3233 683 tenebris
3276 642 3656 698 apparescens
3686 630 3781 685 in-

2081 721 2337 777 ducitur.

2152 837 2319 894 VEltS.
2382 838 2468 902 16,
2524 841 2607 891 17.
2662 865 2732 875 ——
2791 836 2861 889 Et
2914 832 3260 899 recordabar,
3316 834 3507 904 inquit
3555 834 3781 900 {aderis

2080 930 2186 981 mei
2216 928 2508 991 vobiscum,
2542 925 2596 980 id
2627 932 2712 979 est
2758 922 3046 978 recordari
3087 936 3188 976 vos
3224 921 3426 977 faciam
3459 922 3783 991 sponsionis

2080 1023 2303 1078 vestrae,
2336 1028 2454 1085 qua
2486 1013 2623 1068 mihi
2661 1026 2762 1068 vos
2805 1026 2906 1081 pro
2936 1018 3257 1066 vestrorum
3307 1010 3477 1066 venia
3501 1011 3768 1081 ipeccato-

2081 1117 2234 1171 rum,
2284 1112 2337 1160 et
2383 1101 2613 1173 praemio
2668 1100 2800 1155 vitae
2845 1107 3071 1154 internis
3114 1099 3428 1155 servituros
3473 1099 3778 1155 obtulistis.

2082 1193 2198 1247 Hoc
2247 1192 2430 1248 fmdus
2472 1191 2677 1246 initum
2725 1196 2809 1244 est
2858 1188 3026 1244 etiam
3074 1204 3193 1242 cum
3231 1186 3378 1241 omni
3417 1190 3622 1256 anima,
3662 1203 3780 1243 non

2081 1294 2256 1351 quam
2313 1293 2446 1335 caro
2488 1285 2693 1348 portat,
2726 1277 2819 1332 sed
2868 1290 2999 1346 quae
3042 1275 3438 1331 carnalitatem
3500 1277 3665 1343 regit,
3725 1282 3785 1330 et

2079 1384 2212 1425 cum
2258 1367 2571 1439 paralytico
2624 1366 2930 1437 grabatum
2984 1364 3222 1433 hajulat,
3251 1370 3305 1419 et
3348 1363 3486 1419 dum
3546 1377 3671 1433 spes
3717 1364 3783 1418 ti-

2080 1456 2254 1512 moris
2350 1455 2711 1526 providentia
2795 1459 3167 1522 temperatur,
3241 1452 3287 1505 si
3338 1466 3456 1521 qua
3511 1465 3783 1520 supernze

2013 1545 2442 1624 Baspirationis
2487 1542 2869 1599 exuberantia
2928 1540 3242 1609 aliquando
3316 1548 3602 1611 suppetat,
3663 1555 3781 1595 non

2080 1632 2293 1688 valebit
2337 1633 2624 1688 intantum
2660 1638 2722 1686 ut
2752 1638 2942 1685 tumor
2975 1629 3105 1683 inde
3152 1637 3442 1693 nascatur,
3478 1632 3618 1700 quia
3658 1642 3785 1685 car-

2082 1721 2302 1777 nalium
2333 1720 2607 1777 memoria
2636 1732 2875 1788 operum
2907 1717 2979 1772 ab
3010 1716 3224 1781 animo,
3260 1717 3373 1771 Deo
3392 1717 3779 1786 dispensante,

2082 1823 2454 1880 nequaquam
2494 1808 2743 1877 deletur;
2775 1809 2984 1875 eritque
3030 1821 3189 1860 arcus
3220 1809 3277 1858 in
3326 1806 3577 1869 nubibus,
3638 1804 3783 1875 quia

2082 1913 2179 1953 cor
2210 1906 2471 1954 nostrum
2504 1897 2649 1951 sacri
2698 1894 2908 1965 eloquii
2960 1901 3045 1950 est
3093 1894 3269 1962 locus,
3303 1900 3353 1947 et
3397 1894 3587 1948 videbo
3633 1910 3782 1960 eum,

2084 1987 2139 2041 id
2186 1995 2268 2043 est
2322 1987 2596 2042 continua
2656 1984 3022 2039 meditatione
3078 1982 3442 2038 versantibus
3490 1997 3782 2052 exponam

2084 2076 2223 2131 illud
2273 2075 2425 2130 clare
2475 2073 2813 2137 vivendum,
2871 2078 2920 2127 et
2958 2072 3281 2126 recordabar
3308 2073 3550 2137 fmderis,
3594 2071 3649 2125 id
3695 2079 3782 2126 est

2083 2163 2369 2219 recordari
2405 2162 2603 2219 faciam
2635 2160 2949 2231 spiritualis
2974 2175 3089 2227 eos,
3125 2174 3242 2230 qua
3286 2160 3421 2214 mihi
3457 2165 3781 2215 annectun-

2083 2260 2197 2319 tur,
2224 2252 2564 2313 dulcedinis,
2597 2250 2819 2317 findet-is
2844 2249 2971 2305 dico
2996 2251 3330 2317 sempiterni,
3358 2247 3512 2319 quod
3546 2246 3781 2303 interim

2083 2340 2220 2396 dum
2250 2341 2503 2395 vivimus
2531 2353 2637 2393 nos
2669 2339 2968 2406 Deumque
2998 2336 3371 2407 constringat,
3422 2336 3514 2391 sed
3568 2336 3625 2390 in
3681 2335 3783 2390 fu—

2083 2436 2212 2485 turo
2260 2428 2581 2498 specialiter
2638 2427 2820 2481 uniat.
2895 2426 3011 2480 Hoc
3053 2431 3273 2493 pactum
3319 2425 3391 2480 ad
3441 2424 3782 2480 universam

2081 2532 2334 2584 carnem,
2369 2517 2423 2572 id
2454 2516 3005 2580 esthumanitatem,
3055 2530 3173 2583 quae
3214 2519 3291 2568 est
3337 2529 3500 2583 super
3552 2518 3778 2573 terram,

2082 2604 2133 2658 id
2168 2612 2251 2660 est
2280 2618 2411 2675 quae
2437 2604 2875 2673 supergreditur
2902 2603 3166 2671 seipsam.

2151 2719 2323 2776 Vens.
2361 2721 2444 2773 18.
2478 2746 2534 2759 -
2568 2718 2752 2772 Erant
2786 2719 2956 2785 igitur
2985 2716 3095 2778 ﬁlii
3124 2717 3250 2782 Noe,
3289 2716 3385 2784 qui
3415 2716 3620 2781 egressi
3650 2720 3786 2768 sunt

2079 2806 2144 2860 de
2189 2822 2338 2869 arca,
2381 2807 2534 2873 -Sem,
2586 2806 2771 2871 Cham,
2813 2810 2862 2858 et
2908 2805 3162 2873 Japhetli.
3227 2804 3392 2857 Porro
3442 2803 3609 2858 Citam
3657 2806 3784 2871 ipse

2078 2899 2155 2949 est
2181 2901 2343 2963 pater
2372 2894 2656 2949 Chanaan.
2698 2892 2835 2947 Tres
2867 2892 2955 2947 isti
2987 2897 3131 2947 sunt
3169 2890 3268 2946 ﬁlii
3313 2890 3446 2958 Noe,
3489 2900 3544 2946 et
3574 2891 3645 2946 ab
3687 2890 3783 2945 his

2072 2982 2509 3038 disseminatum
2537 2988 2620 3035 est
2651 2994 2819 3036 omne
2847 2979 3145 3035 hominum
3192 2992 3374 3049 genus
3418 2991 3591 3047 super
3633 2978 3782 3033 uni-

2075 3084 2296 3126 versam
2331 3080 2560 3125 terram.
2596 3069 2681 3123 Ex
2719 3076 2913 3123 nostro
2943 3068 3149 3137 spiritu
3204 3066 3578 3137 spiritualiter
3612 3065 3778 3131 ﬁdes,

2073 3174 2221 3229 spes,
2271 3160 2523 3214 cliaritas
2565 3165 2960 3227 procreantur,
3020 3164 3082 3211 ut
3129 3169 3307 3225 supra
3352 3155 3461 3210 sub
3513 3156 3782 3224 personis

2072 3248 2246 3303 trium
2304 3248 2553 3301 filiorum
2635 3246 2936 3300 dissertum
2985 3252 3086 3299 est.
3139 3244 3205 3299 Hi
3283 3243 3660 3312 egrediuntur
3702 3242 3781 3297 de

2072 3351 2225 3401 arca,
2271 3335 2503 3405 quando
2549 3335 2615 3389 de
2673 3334 2889 3404 putenti
2975 3347 3072 3403 per
3108 3331 3514 3388 confessionem
3575 3331 3778 3399 egredi

2072 3438 2175 3479 nos
2204 3422 2951 3492 compelluntconscientia;
2990 3422 3119 3476 talia
3156 3421 3305 3475 dicta
3354 3420 3411 3474 in
3461 3418 3782 3488 Scripturis

2071 3512 2389 3578 abundant,
2425 3520 2488 3567 ut
2514 3520 2597 3566 est
2632 3526 2644 3564 :
2674 3510 2914 3565 Possedit
2939 3526 3133 3578 agrum
3174 3509 3239 3562 de
3281 3507 3518 3562 mercede
3555 3510 3776 3576 iniqui-

2072 3604 2200 3654 tatis
2233 3603 2378 3666 (Act.
2413 3616 2450 3667 1,
2490 3601 2600 3668 18),
2636 3600 2688 3653 id
2721 3606 2804 3655 est
2856 3597 3129 3667 possideri
3179 3596 3327 3653 fecit.
3377 3596 3550 3651 Porro
3585 3594 3774 3652 Cham

2073 3691 2189 3758 ipse
2220 3696 2303 3743 est
2335 3698 2492 3758 pater
2533 3696 2588 3744 et
2618 3695 2818 3743 auctor
2868 3688 3163 3753 Chanaan,
3205 3685 3303 3755 qui
3358 3687 3780 3754 interpretatur

2070 3780 2241 3828 motus
2269 3789 2468 3827 eorum.
2512 3776 2686 3830 Deum
2719 3773 2870 3827 enim
2923 3772 3250 3827 multotiens
3283 3785 3459 3841 quam
3489 3771 3558 3825 sit
3582 3769 3777 3825 ardua

2070 3863 2246 3918 nostri
2282 3863 2572 3917 exsecutio
2599 3861 2869 3932 propositi
2914 3860 3365 3925 consideramus,
3412 3868 3465 3913 et
3503 3872 3775 3913 necessa—

2071 3952 2212 4006 riam
2267 3958 2577 4020 cmptorum
2630 3952 2911 4005 honorum
2975 3948 3453 4019 perseverantiam
3513 3947 3775 4002 attendi-

2070 4052 2217 4104 mus,
2276 4051 2348 4092 ex
2401 4037 2633 4104 desidia,
2690 4044 2746 4092 et
2802 4035 3195 4106 desperatione
3278 4034 3491 4090 laboris
3548 4034 3609 4088 ﬁt
3663 4040 3772 4089 ετ

2070 4135 2276 4193 motus,
2332 4140 2399 4180 ac
2457 4126 2696 4181 mutatio
2746 4139 2967 4192 eorum,
3019 4123 3233 4179 scilicet
3280 4136 3570 4191 operum:
3625 4136 3770 4177 nam

2068 4212 2206 4268 ﬁdes
2245 4227 2376 4269 cum
2435 4220 2736 4268 exercetur
2786 4226 2884 4282 per
2926 4211 3115 4266 ofﬁcia
3151 4210 3467 4277 charitatis,
3524 4217 3578 4265 et
3634 4223 3774 4279 spes

2065 4299 2327 4356 delectari
2360 4300 2566 4356 nititur
2588 4300 2976 4355 invisibilibus
3006 4299 3189 4366 bonis,
3226 4298 3298 4354 ab
3330 4299 3585 4368 ipsorum
3616 4312 3771 4353 con-

2068 4388 2239 4458 tuitu,
2270 4389 2458 4459 operis
2488 4389 2638 4445 victa
2674 4388 2896 4444 fastidio
2936 4388 3281 4454 visibilibus,
3314 4401 3445 4457 qua:
3488 4386 3675 4458 magis
3706 4388 3770 4442 in

2067 4485 2331 4548 promptu
2383 4485 2537 4545 sunt,
2625 4485 2927 4532 amovetur
2998 4476 3295 4532 illecebris.
3353 4476 3520 4531 Cham
3567 4474 3772 4545 itaque

2059 4572 2218 4635 pater
2267 4570 2344 4620 est
2388 4567 2671 4631 Chanaan,
2727 4565 2867 4634 quia
2914 4579 3042 4634 spes
3090 4563 3316 4634 proprio
3346 4563 3591 4631 defectu,
3642 4577 3766 4617 non

2062 4655 2217 4724 quod
2250 4654 2400 4709 bona
2428 4662 2644 4708 aeterna
2686 4653 2988 4721 discredat,
3029 4653 3127 4709 sed
3177 4652 3331 4723 quod
3371 4666 3438 4708 ea
3481 4651 3767 4721 consequi

2063 4756 2177 4811 prie
2208 4741 2418 4797 laboris
2450 4742 2595 4797 mole
2623 4740 2864 4806 difﬁdat,
2910 4741 3271 4811 potissimum
3320 4739 3526 4795 mentis
3567 4738 3770 4794 studia

2062 4840 2267 4898 movet,
2319 4844 2386 4885 ac
2432 4838 2634 4898 mutat,
2693 4830 2967 4886 Chanaan
3025 4831 3177 4886 enim
3228 4829 3440 4885 dicitur
3495 4832 3766 4883 mutatus.

2061 4918 2148 4973 Ab
2193 4905 2282 4973 his
2323 4918 2528 4984 tribus,
2579 4918 2789 4973 nostris
2836 4918 3233 4988 spiritualibus
3271 4917 3405 4973 ﬁliis
3451 4930 3620 4972 omne
3664 4915 3773 4972 ho-

2059 5005 2282 5062 minum
2332 5020 2534 5077 genus,
2585 5005 2639 5061 id
2688 5013 2772 5062 est
2818 5006 3004 5061 omnis
3045 5005 3256 5074 species
3297 5002 3771 5061 rationabilitatis

2055 5107 2232 5163 super
2260 5102 2469 5150 terram
2497 5093 2768 5150 humanm
2794 5093 3137 5150 conditionis
3161 5092 3507 5147 infunditur.

2128 5208 2299 5266 Vens.
2349 5211 2436 5273 20,
2479 5211 2569 5277 2i,
2622 5212 2709 5265 22.
2764 5241 2833 5250 —
2881 5211 3165 5279 Capitque
3216 5209 3325 5263 Noe
3369 5209 3459 5261 vir
3511 5209 3767 5275 agricola

2056 5314 2299 5353 exercere
2328 5306 2550 5368 terram,
2579 5305 2628 5353 et
2652 5299 2926 5368 plantavit
2964 5301 3194 5351 vineam.
3228 5297 3527 5366 Bibensque
3567 5298 3764 5353 vinum

2054 5387 2357 5443 inebriatus
2403 5395 2504 5457 est,
2548 5392 2599 5442 et
2638 5386 2876 5443 nudatus
2920 5387 3099 5456 jacuit
3146 5388 3203 5441 in
3244 5385 3589 5470 tabernacula
3635 5399 3759 5444 suo.
