3884 6068
64 236 170 286 109

1261 230 1623 287 MORALIUM
1668 232 1732 285 IN
1772 229 2079 286 GENESIN
2120 231 2247 286 LIB.
2291 229 2384 285 III.

3479 240 3578 289 H0

50 367 223 433 Quod
278 383 401 423 cum
450 367 677 422 vidisset
734 366 924 435 Citam,
975 370 1135 437 pater
1188 367 1483 434 Chanaan,
1540 366 1775 420 verenda
1813 366 1946 419 Ain
1996 366 2359 421 tabernaculis
2417 368 2537 423 Sem
2560 409 2574 432 ,
2633 370 2709 421 sit
2758 368 3020 424 Chanaan
3074 384 3258 425 servus
3304 371 3440 439 ejus.
3490 376 3578 427 Ea:

49 460 275 512 scilicet
301 459 483 526 patris
513 456 601 511 sui
631 471 741 511 esse
781 456 1013 522 nudata,
1070 457 1349 509 nuntiavit
1398 455 1605 509 duobus
1651 457 1773 521 fra-

51 546 244 600 tribus
300 549 415 600 suis
475 549 648 613 foras.
719 544 967 615 Spiritus
1026 552 1219 600 noster
1275 543 1495 615 requiei
1553 550 1778 599 amator

50 634 311 691 internae
346 635 435 689 vir
464 637 704 700 agricola
731 642 833 701 est,
864 648 995 688 cum
1029 633 1181 688 vires
1212 632 1427 702 ingenii
1460 633 1528 687 ad
1560 632 1774 702 exqui-

51 722 280 777 rendas
302 737 481 778 sacrae
511 722 732 792 paginze
765 722 890 791 agri
937 720 1201 776 videlicet
1257 720 1593 790 spiritualis.
1651 721 1772 776 fru-

54 825 160 880 ges
185 811 411 880 exerit;
439 816 637 864 terram
668 817 914 877 exercet,
950 823 1083 864 cum
1113 808 1333 878 corpori
1362 823 1464 878 per
1514 808 1775 864 exactio-

54 914 163 953 nes
194 899 465 955 laborum
503 899 789 966 imminet;
846 900 1061 952 vineam
1120 896 1360 966 plantat,
1392 912 1524 953 eum
1582 911 1777 967 corpo—

55 988 248 1044 ralem
277 1002 380 1058 per
407 1003 465 1043 se
509 987 807 1043 attendens
853 986 1318 1042 exercitationem
1379 986 1449 1040 ad
1484 985 1774 1041 modicum

57 1077 296 1144 utilem,
355 1076 644 1145 pietatem,
705 1074 1029 1144 spiritualia
1085 1073 1299 1129 scilicet
1352 1073 1504 1128 bona
1568 1074 1627 1128 in
1673 1073 1773 1128 Dei

57 1165 374 1221 dilectione
418 1163 645 1229 fundat,
706 1163 859 1219 unde
919 1162 1179 1233 palmites
1246 1162 1484 1218 internae
1543 1161 1775 1217 virtutis

58 1252 335 1309 effundat
370 1268 382 1307 :
416 1251 561 1309 bibit
588 1255 794 1317 vinum,
828 1267 960 1307 cum
992 1252 1259 1322 degustat
1300 1250 1522 1306 cualeste
1551 1250 1771 1305 deside-

60 1343 246 1399 rium.
282 1344 419 1409 Hoc,
475 1342 647 1412 juxta
697 1339 1052 1408 Zachariam,
1083 1340 1369 1411 germinat
1397 1339 1652 1410 virgines
1681 1339 1772 1395 vi-

59 1447 208 1487 num
251 1421 435 1500 (Zach.
469 1446 546 1496 ιχ,
576 1432 684 1501 l7).
722 1430 1070 1497 lnebriatur,
1098 1444 1228 1485 cum
1282 1438 1506 1484 terrena
1534 1428 1770 1483 oblivis-

60 1535 202 1577 cens
234 1521 310 1575 ad
344 1534 596 1590 superna
631 1519 751 1575 sola
791 1519 1101 1588 cogitanda
1150 1519 1362 1587 gaudia
1409 1518 1769 1586 extenditur;

61 1610 155 1665 sed
193 1624 333 1665 cum
367 1609 437 1664 ad
483 1609 734 1664 czelestia
788 1607 1064 1677 sapienda
1126 1607 1463 1677 porrigitur,
1516 1620 1647 1676 quze
1701 1607 1773 1661 sit

64 1700 303 1754 miseria
331 1699 604 1753 humana:
657 1695 1022 1751 mortalitatis
1062 1704 1199 1751 tunc
1231 1701 1415 1765 primo
1469 1694 1771 1766 magisque

65 1787 474 1857 cognoscitur;
499 1789 557 1841 in
589 1786 933 1841 tabernaculo
957 1799 1094 1854 ergo
1123 1799 1180 1839 se
1233 1784 1434 1849 nudat,
1472 1784 1574 1853 qui
1629 1784 1772 1839 stola

67 1875 555 1945 impassibilitatis
584 1887 651 1928 ac.
680 1872 1124 1929 immortalitatis
1152 1871 1460 1941 spoliatum
1511 1885 1569 1926 se
1599 1871 1768 1926 etiam

64 1964 122 2018 in
154 1964 286 2033 ipso
314 1977 573 2033 corpore,
609 1962 760 2033 quod
797 1960 1235 2017 tabernaculum
1292 1960 1496 2015 usitate
1528 1958 1584 2013 in
1616 1958 1772 2013 Scri-

70 2062 244 2122 ptura
268 2051 499 2114 dicitur,
536 2057 758 2121 pensat,
784 2051 956 2119 juxta
1023 2048 1287 2115 Paulum,
1323 2047 1473 2103 enim
1508 2046 1770 2117 quandiu

68 2144 124 2194 in
181 2141 284 2194 hoc
332 2155 520 2194 sumus
580 2139 923 2193 tabernaculo
982 2138 1384 2203 ingemiscimus
1440 2137 1661 2203 gravati
1694 2135 1770 2203 (Il

70 2232 188 2285 Cor.
214 2231 267 2297 5,
302 2229 383 2294 4),
418 2235 520 2283 aut
556 2242 630 2284 ex
658 2229 777 2297 ipso
826 2234 1001 2298 gustu
1033 2224 1246 2296 glorize,
1292 2239 1469 2295 quam
1527 2225 1599 2279 sit
1648 2222 1770 2277 vir-

72 2318 209 2373 tutis
240 2330 427 2387 egena
458 2331 621 2371 mens
648 2315 877 2387 cogitat.
903 2316 975 2370 At
1021 2315 1159 2369 dum
1193 2328 1342 2383 saepe
1390 2320 1444 2368 et
1493 2312 1772 2383 fragilitas

74 2407 222 2461 inter
253 2405 482 2460 labores
511 2404 766 2473 corporis
796 2411 849 2458 et
884 2402 1084 2474 gravia
1124 2400 1195 2456 ad
1233 2399 1585 2470 expiandum
1635 2414 1771 2469 pec—

72 2504 195 2551 cata
226 2501 545 2549 occurrunt
578 2493 770 2560 menti,
804 2506 1046 2562 spesque
1093 2489 1282 2545 minor
1310 2488 1381 2544 ob
1411 2489 1497 2544 sui
1555 2488 1609 2543 in
1663 2488 1771 2543 hac

74 2591 233 2653 parte
266 2581 663 2637 remissionem
726 2580 903 2636 frater
928 2578 1271 2649 appellatur,
1326 2577 1561 2630 terenda
1592 2574 1769 2630 animi
1821 2593 1826 2597 '

69 2674 254 2741 patris
280 2670 499 2726 scilicet
530 2672 617 2723 sui
646 2668 1087 2738 contemplanda
1131 2665 1452 2737 prietcndit,
1508 2672 1563 2720 et
1614 2664 1767 2720 difﬁ-

73 2759 372 2823 cultatem,
415 2757 530 2811 imo
562 2755 1070 2825 impossibilitatem
1107 2754 1451 2823 pmnitentim
1508 2752 1770 2808 contuitu

72 2846 483 2913 verendorum,
520 2845 572 2900 id
603 2852 685 2901 est
732 2852 1116 2913 peccatorum,
1178 2842 1451 2913 objiciens
1511 2842 1659 2908 ﬁdei,
1717 2847 1772 2897 et

76 2934 343 2991 charitati
385 2947 638 3004 quarum
688 2932 832 2988 ratio
865 2931 1164 3002 aliquoties
1210 2938 1375 2986 extra
1426 2945 1529 2986 nos
1566 2944 1770 3001 evaga-

76 3032 190 3087 tur,
222 3024 396 3093 quasi
452 3022 659 3077 duobus
708 3024 860 3089 foras
876 3023 1074 3092 positis
1101 3021 1375 3087 fratribus
1414 3020 1664 3085 nuntiat,
1719 3027 1773 3075 et

79 3118 194 3166 uta
232 3109 533 3181 proposito
563 3110 846 3175 desinant,
883 3108 1049 3179 quasi
1074 3109 1441 3163 subsannans
1474 3107 1650 3177 partis
1670 3106 1769 3177 qui

82 3199 379 3269 proposuit
408 3198 699 3268 ignaviam
729 3204 914 3267 cogat.

148 3288 328 3344 Vsus.
380 3289 470 3341 23.
518 3317 587 3326 -—
655 3288 731 3341 At
784 3301 907 3340 vero
956 3286 1072 3340 Sem
1132 3289 1182 3338 et
1232 3283 1465 3354 Jopheth
1539 3284 1773 3352 pallium

85 3380 416 3447 imposerunt
476 3377 734 3441 humeris,
781 3379 830 3428 et
903 3374 1203 3427 incedentes
1232 3379 1523 3427 retrorsum
1552 3386 1771 3441 Operue-

85 3472 210 3520 runt
264 3464 501 3520 verenda
550 3465 730 3532 patris
786 3465 909 3527 sui;
973 3464 1249 3531 faciesque
1318 3477 1498 3515 eorum
1575 3473 1776 3513 aversa:

87 3560 254 3621 erant,
303 3559 358 3609 et
404 3555 587 3623 patris
633 3554 721 3605 sui
750 3552 942 3605 virilia
982 3566 1087 3604 non
1129 3550 1381 3603 viderunt
1419 3549 1557 3615 Sem,
1591 3553 1640 3601 et
1675 3548 1773 3601 Ja-

86 3643 244 3710 pheth
273 3642 508 3711 pallium
558 3640 864 3710 imponunt
916 3641 1172 3702 humeris.
1220 3638 1453 3709 quando
1522 3637 1659 3692 ﬁdes
1723 3644 1779 3693 et

88 3730 336 3785 charitas
369 3728 459 3785 sui
493 3728 712 3785 ratione
741 3727 1150 3784 reviviscentes
1202 3725 1555 3781 nimietatem
1610 3739 1778 3780 vere—

89 3819 330 3886 cundiae,
356 3833 489 3888 quae
516 3825 701 3873 mater
729 3824 814 3872 est
877 3815 1304 3887 desperationis,
1356 3814 1781 3870 dissimulantes

93 3923 195 3963 non
228 3919 471 3978 prorsus
504 3903 791 3974 rejiciunt,
827 3904 921 3960 sed
953 3919 1013 3960 se
1045 3910 1266 3974 ponunt
1296 3916 1330 3958 a
1360 3909 1518 3972 tergo
1550 3903 1775 3958 mentis.

96 3993 530 4051 l'ndedicitur:
576 3992 907 4048 Incedentes
957 3999 1130 4059 retro,
1168 3991 1305 4061 quia
1362 3990 1465 4046 etsi
1501 3990 1777 4059 pudorem

95 4085 143 4140 in
175 4089 468 4156 quantum
495 4080 712 4136 nimius
740 4088 825 4136 est
881 4080 1171 4151 rejiciunt,
1198 4088 1390 4135 tamen
1440 4093 1541 4150 per
1566 4093 1780 4135 memo-

95 4176 227 4229 riam
256 4170 566 4242 praeterita:
597 4170 726 4224 vitae
782 4176 934 4225 retro
981 4168 1281 4238 incedunt;
1314 4182 1429 4223 non
1457 4166 1611 4224 enim
1641 4168 1782 4223 abo—

1884 456 2033 518 vino,
2059 452 2113 509 id
2144 461 2226 509 est
2256 468 2328 510 ex
2360 454 2558 525 gratiae
2603 456 2754 512 dono
2807 459 2913 511 Noe
2951 457 3206 527 evigilat,
3256 474 3389 515 cum
3448 461 3578 516 ani-

1885 556 2016 598 mus
2036 550 2325 612 comperto
2355 544 2739 615 suggestionis
2777 545 2906 600 dolo
2961 554 3160 603 contra
3215 547 3343 616 ejus
3388 555 3577 605 tenta-

1883 638 2076 687 menta
2120 635 2429 688 restiturus
2514 647 2573 687 se
2625 635 2883 690 suscitat.
2938 637 3117 689 Minor
3177 645 3369 692 autem
3429 639 3578 704 ﬁlius

1884 720 2282 788 rectedicitur,
2325 721 2465 791 quia
2499 722 2635 777 ﬁdes
2692 722 2748 777 in
2804 723 3000 794 aliquo
3039 724 3271 781 difﬁcile
3331 725 3574 796 labitur;

1885 810 2006 889 haec
2034 823 2168 864 vero
2194 812 2695 879 perexcusationes
2725 811 3248 881 impossibilitatum
3310 815 3578 870 citissime

1882 898 2247 969 congelascit,
2280 905 2334 954 et
2364 913 2466 967 per
2511 900 2691 969 ipsam
2744 901 2958 969 pariter
2986 900 3256 965 Charitas,
3292 902 3397 957 nisi
3431 904 3578 959 adsit

1883 986 2049 1055 ratio,
2106 986 2453 1057 refrigescit;
2501 988 2869 1059 congelascit,
2927 989 3192 1058 inquam,
3247 991 3368 1047 haec
3420 994 3573 1046 enim

1880 1082 1964 1130 est
2022 1089 2197 1131 ovum
2258 1075 2678 1147 evangelicum,
2734 1077 2889 1146 quod
2968 1085 3226 1133 materno
3281 1077 3578 1134 charitatis

1880 1164 2067 1220 calore
2118 1164 2362 1231 fovetur,
2424 1164 2577 1220 unde
2622 1172 2676 1220 et
2727 1164 2905 1221 Cham
2942 1166 3156 1220 calidus
3199 1167 3427 1233 dicitur,
3478 1167 3573 1222 cui

1879 1254 2043 1308 vrius
2104 1252 2311 1322 scorpii
2375 1253 2732 1309 adversatur.
2792 1254 3149 1311 Maledictum
3190 1269 3293 1324 pro
3346 1254 3572 1311 defectu

1880 1342 2057 1397 solere
2109 1341 2243 1410 poni
2296 1355 2446 1410 smpe
2504 1355 2746 1397 numero
2793 1341 2914 1412 jam
2970 1343 3251 1410 divimus;
3299 1344 3577 1399 Chanaan

1878 1444 2017 1501 ergo
2064 1429 2310 1496 deﬁciat,
2364 1429 2419 1485 id
2476 1436 2561 1485 est
2618 1437 2808 1486 motus
2863 1430 3249 1487 instabilitatis
3306 1433 3573 1499 absistat;

1880 1518 2029 1574 servi
2067 1517 2308 1572 fratrum
2341 1524 2476 1572 sunt
2507 1518 2672 1584 ratio,
2722 1518 3007 1586 voluntas,
3057 1527 3111 1574 et
3141 1517 3403 1581 allectus.
3446 1535 3578 1590 quae

1883 1606 2034 1673 ﬁdei,
2092 1605 2230 1675 spei,
2282 1613 2338 1660 et
2412 1605 2677 1661 charitati
2723 1606 3019 1673 obediunt,
3070 1607 3157 1662 vel
3204 1621 3573 1678 quaecunque

1883 1695 2146 1762 interius,
2173 1693 2262 1749 vel
2291 1694 2547 1750 exterius
2576 1695 2726 1749 bona
2756 1708 2932 1764 opera
2987 1695 3153 1751 ﬁunt.
3188 1697 3286 1751 His
3337 1698 3575 1767 quidam

1883 1783 2163 1839 militibus
2192 1782 2659 1839 succenturiatus
2680 1783 2867 1839 aiebat
2900 1799 2912 1838 :
2948 1785 3084 1838 Dico
3109 1784 3235 1838 huic
3268 1802 3281 1839 :
3314 1785 3454 1838 vade
3483 1785 3575 1853 :in

1879 1871 2273 1927 exhibendum
2338 1871 2564 1926 actuale
2615 1871 2890 1938 ofﬁcium,
2958 1874 3142 1941 vadit;
3224 1875 3368 1928 alii:
3445 1875 3581 1927 Veni

1881 1961 1951 2015 ad
1983 1958 2406 2029 spiritualitatis
2437 1959 2717 2027 studium,
2750 1964 2800 2012 et
2842 1963 3018 2026 venit;
3046 1965 3096 2014 et
3129 1976 3302 2030 servo,
3326 1967 3376 2015 et
3410 1961 3465 2016 id
3495 1969 3578 2016 est

1880 2047 2110 2103 al‘fectui
2168 2061 2352 2118 vago:
2413 2048 2524 2101 Fac
2556 2049 2672 2115 hoc,
2734 2052 2783 2100 et
2849 2050 2990 2113 facit
3023 2048 3238 2118 (Matth.
3309 2063 3428 2115 vm,
3492 2050 3573 2118 9),

1882 2136 2180 2192 Articulus
2212 2137 2335 2204 iste,
2394 2136 2549 2207 quod
2597 2144 2681 2192 est
2728 2138 2844 2201 hoc,
2874 2137 2942 2191 de
3002 2151 3081 2203 re,
3142 2152 3274 2208 qua:
3326 2152 3579 2207 praesens

1879 2225 2156 2303 est,‘solet
2180 2224 2312 2279 dici.
2348 2225 2459 2280 Fac
2507 2225 2686 2294 igitur
2718 2226 2835 2292 hoc,
2865 2225 2918 2280 id
2966 2232 3069 2292 est,
3103 2240 3171 2281 ea
3203 2240 3308 2294 age
3356 2226 3575 2296 quibus

1882 2314 2005 2381 tibi,
2043 2313 2220 2380 idest,
2251 2312 2456 2367 animae
2491 2320 2605 2368 tuae
2639 2326 2893 2382 praesens
2923 2313 3019 2379 sis,
3048 2320 3103 2369 et
3132 2314 3272 2383 quia
3294 2314 3577 2370 articulus

1879 2401 2365 2457 demonstrativus
2393 2408 2497 2467 est,
2534 2402 2647 2467 hoc,
2680 2414 2746 2456 ea
2777 2415 2904 2471 age,
2939 2400 3149 2471 inquit,
3210 2417 3341 2472 quae
3390 2401 3494 2457 tibi
3543 2417 3573 2457 a

1881 2492 2102 2546 ratione
2132 2490 2357 2559 agenda
2395 2504 2508 2543 non
2541 2496 2705 2544 extra
2737 2496 2809 2554 te,
2842 2490 2935 2544 sed
2970 2490 3120 2544 intra
3152 2491 3397 2559 teipsum
3421 2505 3577 2545 mon-

1880 2587 2156 2634 strantur.
2209 2578 2263 2632 Si
2311 2577 2491 2647 igitur
2544 2578 2691 2632 servi
2734 2585 2869 2633 sunt
2908 2577 2988 2644 hi,
3017 2577 3151 2648 quis
3191 2578 3424 2649 dignius
3468 2579 3578 2635 erit

1882 2668 2088 2723 horum
2137 2680 2339 2722 servus
2394 2680 2573 2736 quam
2621 2666 2917 2732 Cahanan,
2974 2666 3030 2721 id
3087 2674 3172 2722 est
3222 2666 3579 2724 mutabilitas

1881 2763 2056 2825 atque
2113 2761 2324 2818 motus,
2377 2768 2493 2809 non
2564 2754 2802 2823 imperet
2852 2762 2954 2811 aut
3022 2755 3079 2809 in
3138 2754 3256 2811 ullo
3330 2742 3571 2824 resistat,

1878 2846 1973 2900 sed
2007 2844 2077 2899 ad
2109 2857 2383 2899 coronam
2416 2842 2628 2899 serviat
2658 2844 2992 2900 virtutibus.

1810 2966 1850 3023 η
1949 2939 2049 2989 58
2080 2934 2251 2988 Vens.
2311 2935 2399 2987 26.
2456 2960 2529 2973 -
2565 2932 2892 2987 Benedictus
2950 2934 3095 2987 Deus
3142 2934 3296 2999 Sem;
3365 2933 3423 2989 in
3466 2932 3575 2989 ﬁde

1881 3023 2106 3092 utique,
2137 3036 2269 3091 quae
2305 3035 2407 3091 per
2435 3020 2563 3076 Sem
2615 3020 2918 3090 accipitur,
2963 3020 3056 3077 Dei
3116 3021 3456 3087 benedictio,
3516 3022 3571 3077 id

1878 3116 1963 3165 est
1990 3115 2371 3178 augmentum
2398 3107 2608 3163 divinae
2638 3107 2984 3177 cognitionis
3011 3110 3280 3176 emineat,
3342 3116 3399 3164 et
3432 3108 3576 3164 sub-

1875 3198 2112 3268 jiciatur
2164 3198 2215 3252 ei
2248 3210 2441 3266 prasz
2495 3196 2897 3252 mutabilitatis
2945 3204 3154 3253 motus.
3206 3197 3399 3268 (Vens.
3460 3198 3579 3266 27.)

1882 3289 2081 3342 Dilatet
2109 3289 2246 3340 Deus
2270 3286 2485 3355 Japhet,
2520 3284 2575 3339 id
2621 3284 2793 3351 estjsi
2840 3285 3093 3342 charitas
3140 3286 3354 3343 amicos
3397 3286 3577 3342 attin-

1882 3377 1983 3447 git,
2016 3388 2204 3445 usque
2234 3374 2306 3430 ad
2334 3374 2487 3443 ipsos
2531 3375 2701 3429 etiam
2762 3373 3028 3430 inimicos
3050 3388 3110 3430 se
3160 3375 3275 3431 Deo
3304 3374 3579 3431 dilatante

1883 3462 2598 3534 propagetgtabernacula
2652 3462 3023 3518 militantium
3082 3476 3150 3517 ac
3195 3463 3573 3533 peregrinan-

1883 3554 2028 3608 tium
2057 3551 2282 3625 proprie
2313 3559 2448 3606 sunt
2479 3565 2491 3604 :
2525 3551 2666 3606 ﬁdes
2700 3564 2836 3605 vero
2876 3564 3011 3604 cum
3035 3551 3108 3605 sit
3152 3550 3570 3620 sperandarum

1885 3641 2111 3696 interim
2158 3639 2484 3695 substantia
2524 3652 2741 3705 rerum,
2787 3652 2920 3693 cum
2950 3638 3020 3692 ad
3054 3637 3181 3693 illas
3212 3652 3302 3695 res
3337 3645 3573 3693 ventum

1884 3728 2075 3795 fuerit,
2104 3741 2346 3798 prorsus
2374 3725 2615 3782 deﬁciet.
2648 3726 2853 3782 Militat
2917 3726 3132 3796 itaque,
3160 3734 3215 3782 et
3244 3726 3579 3797 peregrina-

1886 3823 1983 3871 tur
2017 3814 2167 3882 Sem,
2199 3814 2339 3871 ﬁdes
2386 3814 2602 3870 scilicet
2637 3814 2694 3868 in
2753 3815 3039 3883 presenti,
3098 3816 3195 3871 sed
3252 3816 3401 3871 iners
3454 3815 3580 3885 ejus

1886 3904 2089 3961 militia
2114 3903 2436 3975 judicatur,
2464 3904 2508 3959 si
2542 3903 2838 3958 cliaritatis
2875 3903 3249 3960 contubernio
3297 3903 3578 3973 privetur.

1887 3993 1942 4049 Si
1973 4007 2109 4064 ergo
2138 3991 2410 4049 volumus
2433 4006 2545 4047 non
2587 3991 2735 4047 mori
2777 3990 2967 4058 ﬁdem,
3024 3992 3227 4047 habitet
3272 3992 3467 4061 Japhet
3521 3994 3582 4046 in

1888 4082 2253 4137 tabernaculis
2279 4082 2414 4143 Sem,
2455 4094 2728 4136 ornemus
2784 4080 2997 4136 scilicet
3049 4080 3366 4136 dilectionis
3413 4094 3581 4150 opere

1888 4170 2304 4235 credulitatem,
2337 4176 2389 4225 et
2419 4168 2601 4225 subsit
2660 4169 2826 4225 nobis
2881 4170 2996 4239 spei
3030 4183 3330 4239 nunquam
3364 4167 3582 4224 labefa-

94 4262 253 4318 lenda
280 4268 369 4316 est
400 4256 616 4329 peccati
645 4256 1013 4323 verecundia,
1043 4256 1137 4312 sed
1169 4256 1576 4325 temperanda;
1607 4255 1781 4323 facies
1826 4277 1866 4330 ι)
1892 4259 2113 4316 claudae
2140 4265 2349 4314 motus.

96 4358 279 4405 autem
309 4353 683 4411 avertuntur,
737 4343 973 4415 quando
1020 4344 1089 4399 de
1137 4344 1529 4413 desperatione
1558 4344 1777 4406 tentati.

100 4439 160 4493 ad
190 4436 505 4497 anteriora,
552 4447 708 4503 spem
742 4432 955 4488 scilicet
1007 4437 1378 4499 aeternorum,
1440 4446 1572 4502 quae
1602 4433 1783 4502 poeni-

102 4525 226 4581 tenti
259 4524 699 4595 promittuntur,
759 4518 1168 4575 intellectuales
1218 4518 1368 4574 oculi
1406 4518 1783 4589 |diriguntur;

102 4621 287 4684 operta
336 4611 519 4683 igitur
558 4611 740 4680 patris
797 4609 988 4663 virilia
1033 4622 1145 4663 non
1207 4607 1509 4663 indiscrete
1568 4605 1788 4677 pudore

105 4702 338 4758 videnda
395 4699 684 4769 operiunt,
748 4711 882 4753 cum
928 4696 1087 4762 ﬁdes,
1140 4703 1195 4751 et
1244 4696 1494 4751 charitas
1523 4701 1788 4765 correpta

102 4790 208 4859 jam
229 4787 339 4845 sibi
384 4802 485 4859 spe
527 4786 649 4842 suis
680 4792 904 4842 utentes
946 4784 1195 4849 viribus,
1262 4782 1547 4839 fructibus
1604 4784 1785 4853 pleni-

109 4878 283 4933 tentia:
338 4874 533 4947 dignis
583 4881 914 4945 contegunt.
954 4872 1060 4928 Sed
1120 4871 1437 4928 notandum
1497 4864 1650 4942 quOd
1698 4873 1790 4928 hic

111 4975 255 5035 pater
275 4965 553 5022 Chanaan
585 4962 769 5018 solum
792 4961 960 5017 modo
990 4967 1225 5016 vocetur
1253 4959 1452 5025 Cham,
1502 4958 1602 5015 ubi
1649 4972 1787 5027 sug-

114 5057 239 5123 gerit
272 5040 467 5125 prava:
498 5050 765 5107 motionis
792 5050 1044 5120 culpam.

175 5144 335 5200 Vnus.
371 5145 459 5207 24,
511 5142 606 5199 23.
661 5142 751 5207 26,
802 5141 891 5193 27.
924 5168 993 5178 -
1043 5137 1332 5206 Ecigilans
1362 5141 1539 5191 autem
1586 5138 1693 5192 Noe
1724 5152 1791 5190 ea:

120 5236 240 5296 tino,
269 5247 386 5285 cum
437 5228 720 5282 didicisset
784 5242 903 5296 quae
965 5228 1171 5293 fecerat
1240 5225 1386 5293 filius
1426 5239 1555 5276 suus
1591 5227 1789 5291 minor,

70 5364 73 5381 η
123 5322 218 5373 ait:
246 5317 581 5374 Matedictus
637 5316 921 5381 Chanaan,
980 5329 1165 5368 servus
1218 5328 1493 5367 servorum
1518 5316 1623 5367 erit
1666 5314 1788 5379 fra-

127 5408 268 5463 tribus
294 5409 441 5469 suis;
478 5403 792 5458 benedictus
855 5401 1117 5456 Dominus
1153 5403 1289 5455 Deus
1348 5402 1487 5462 Sem.
1540 5402 1615 5454 sit
1657 5400 1793 5456 Cha-

124 5512 240 5555 naan
280 5508 473 5555 smus
502 5492 644 5563 ejus.
680 5490 877 5547 Dilatet
933 5490 1078 5545 Deus
1119 5490 1372 5561 Japheth,
1418 5496 1466 5543 et
1499 5489 1713 5545 inltabit
1744 5493 1794 5543 et

1969 4348 2136 4405 Vnus.
2199 4350 2288 4402 29.
2343 4378 2408 4388 —
2476 4350 2634 4402 Vixit
2688 4352 2867 4401 autem
2916 4349 3026 4402 Noe
3101 4353 3226 4417 post
3306 4347 3580 4403 diluvium

1897 4438 2144 4490 trecentis
2202 4438 2603 4505 quinquaginta
2652 4438 2845 4503 annis;
2891 4440 2942 4488 et
3019 4437 3160 4502 facti
3232 4442 3360 4491 sunt
3407 4452 3585 4491 omnes

1895 4524 2011 4578 dies
2066 4527 2191 4577 vitae
2215 4524 2334 4593 ejus
2385 4528 2771 4590 nongentorum
2826 4525 3229 4593 quinquaginta
3296 4541 3585 4589 annorum,

1913 4617 1962 4666 et
1984 4617 2225 4666 mortuus
2252 4617 2347 4664 est.
2402 4611 2505 4665 Per
2548 4624 2731 4667 annos
2772 4612 3131 4668 conversatio
3160 4620 3357 4667 sancta
3384 4612 3588 4682 expri-

1898 4699 2097 4767 mitur,
2126 4713 2257 4768 quze
2283 4712 2355 4752 ex
2387 4698 2691 4767 virtutum,
2726 4700 2891 4771 quasi
2916 4714 2989 4755 ex
3013 4700 3236 4755 dierum
3264 4700 3591 4757 collectione

1898 4787 2225 4852 conﬁcitur;
2262 4799 2362 4855 per
2391 4792 2673 4841 trecentos
2730 4788 2883 4856 ﬁdei,
2914 4787 3050 4857 spei,
3089 4795 3143 4842 et
3172 4788 3486 4855 charitatis,
3521 4790 3590 4845 de

1900 4874 2119 4945 quibus
2145 4873 2311 4928 modo
2339 4873 2586 4943 egimus,
2621 4874 2888 4944 perfectio
2910 4875 3245 4946 .accipitur;
3281 4890 3382 4945 per
3411 4877 3579 4947 quin-

1899 4963 2179 5034 quaginta
2202 4962 2448 5032 requies,
2484 4962 2540 5016 in
2577 4978 2692 5033 qua
2719 4978 2820 5033 per
2851 4964 3059 5018 harum
3087 4965 3363 5021 exercitia
3408 4967 3591 5021 virtu-

1902 5058 2024 5107 tum
2080 5064 2146 5105 ac
2202 5050 2247 5104 si
2293 5050 2542 5120 quadam
2592 5050 2815 5120 jubilaei
2876 5051 3207 5107 remissione
3260 5068 3294 5108 a
3334 5068 3586 5125 nequam

1901 5139 2107 5195 studiis
2129 5146 2413 5207 cessatur;
2454 5146 2509 5193 et
2537 5139 2683 5195 ﬁunt
2709 5146 2899 5195 tamen
2932 5139 3124 5194 omnia
3157 5155 3288 5209 quae
3319 5143 3594 5213 gerimus,

1903 5239 2257 5297 quacunque
2289 5225 2733 5296 religionisluce
2783 5226 3128 5303 fulgcamus,
3187 5227 3515 5297 imperfecte
3560 5245 3595 5285 a

1902 5314 2083 5377 nobis.
2134 5314 2290 5383 quod
2344 5328 2445 5384 per
2496 5322 2816 5385 nongentos
2880 5328 3079 5379 annos,
3142 5315 3243 5384 qui
3291 5316 3595 5374 denarium

1903 5402 2097 5457 minus
2128 5401 2362 5469 habent,
2420 5401 2781 5472 intelligitur,
2834 5402 2973 5471 quia
3030 5403 3084 5457 in
3138 5414 3446 5473 conspectu
3502 5406 3596 5461 Dei

1901 5488 2088 5546 omnis
2146 5489 2344 5545 vivens
2392 5502 2506 5545 non
2569 5488 2984 5561 justiticabLtur
3041 5493 3208 5565 (Psal.
3280 5507 3455 5563 cun,
3521 5498 3603 5563 2),
