3884 6068
305 288 394 340 tit
1033 250 1045 254 ’
1202 280 1261 332 v.
1297 278 1631 335 GUIBERTI
1677 276 1968 332 xnems
2018 277 2075 332 s.
2118 275 2354 332 MARUE
2389 275 2484 331 DE
2526 273 2912 332 novrennro
3701 275 3797 327 ne

305 421 434 478 licet
471 419 729 476 humano
781 415 998 488 judicio
1049 413 1336 469 videatur.
1398 412 1544 468 Hinc
1623 419 1708 468 est
1759 411 1994 467 forsitan
2033 411 2166 465 Ain
2199 411 2396 479 vinea;
2424 409 2578 480 quod
2597 409 2769 465 etiam
2800 407 3809 480 hicintelligiturperquinquaginta

303 509 457 581 quod
489 515 709 577 auctor,
744 505 933 562 nescio
981 505 1132 574 quis,
1167 503 1226 558 in
1271 515 1445 558 versu
1501 499 1770 557 offertorii
1805 499 2000 555 novies

305 597 526 670 repetit,
561 601 622 651 ut
667 595 882 650 videam
923 594 1081 657 bona,
1139 591 1444 647 denarium
1503 590 1663 646 illum
1731 603 2002 660 quaerens

303 701 618 754 summum,
652 685 863 740 bonum
885 680 1221 752 perfectum,
1255 679 1356 750 qui
1383 679 1555 734 datur
1601 677 2002 734 laborantibus

2108 515 2220 556 non
2261 501 2380 570 jam
2419 498 2476 554 in
2556 505 2826 568 tempore,
2890 497 2986 553 sed
3043 495 3272 568 requies
3325 495 3693 566 sempiterna,
3752 499 3801 548 et

2107 590 2350 640 mortuus
2392 591 2490 653 est,
2514 594 2798 656 quantum
2829 585 2899 640 ad
2927 585 3128 641 mundi
3152 585 3330 656 hujus
3359 585 3518 642 vitia.

1605 851 1685 892 EX
1695 849 1910 890 PLICIT
1954 849 2012 890 LI
2022 848 2149 889 BER
2190 846 2481 891 TERTIUS
2491 875 2504 888 .

1541 1030 1844 1038 —.—.———-——

2658 1030 2831 1036 ...ο-..--
2849 1030 2895 1036 —
2910 1029 3266 1036 .u————_—_————

1445 1205 1800 1280 INCIPIT
1874 1204 2158 1277 LIBER
2232 1201 2680 1288 QUARTUS

1051 1413 1896 1523 MOBALIUM
2035 1413 2194 1515 IN
2337 1409 3056 1514 GENESIM.

943 1871 1174 1929 CAPUT
1232 1870 1360 1926 XII.

381 2005 554 2060 Vnus.
611 2005 659 2056 l.
703 2030 771 2041 ——
819 2001 1052 2053 Locutus
1095 2000 1174 2049 est
1203 1997 1464 2050 Dominus
1509 1991 1583 2045 ad
1640 1991 1866 2054 Abram,
1919 1988 2006 2041 di-

311 2108 430 2147 cens
465 2089 780 2158 :Egredere
817 2087 882 2141 de
936 2091 1082 2140 terra
1117 2089 1232 2150 tua,
1266 2089 1316 2138 et
1373 2082 1438 2134 de
1467 2082 1782 2148 cognatione
1808 2083 1918 2140 tua,
1955 2081 2006 2130 et

311 2181 376 2234 de
407 2181 560 2234 domo
597 2180 776 2248 patris
807 2179 908 2243 tui,
943 2180 993 2228 et
1019 2175 1143 2228 veni
1191 2174 1249 2225 in
1281 2177 1502 2236 terram,
1535 2183 1696 2237 quam
1727 2171 2003 2220 monstra—

309 2285 434 2326 rero
491 2269 611 2334 tibi,
671 2266 980 2320 benedicam
1055 2263 1176 2324 tibi,
1245 2265 1295 2314 et
1368 2256 1726 2327 magniﬁacbo
1815 2269 2004 2308 nomen

311 2363 480 2412 tuum.
509 2355 660 2412 Patri
685 2353 928 2421 excelso,
961 2351 1117 2422 quod
1177 2350 1588 2418 interpretatur
1641 2345 1876 2408 Abram,
1946 2342 2002 2397 id

308 2454 389 2502 est
417 2443 643 2516 spiritui
678 2450 918 2514 paterna
970 2445 1216 2495 mentem
1266 2435 1605 2491 auctoritate
1656 2439 1902 2496 recturo,
1949 2437 2004 2485 et

310 2550 344 2590 a
375 2544 601 2591 terrena
644 2532 862 2587 vilitate
912 2528 1174 2588 levando.
1249 2521 1616 2594 inspiratori-a
1648 2521 1800 2576 Deus
1849 2519 2002 2574 locu-

313 2624 463 2678 tione
493 2623 616 2678 haec
669 2617 966 2690 suggerit:
1025 2614 1296 2684 Egredere
1347 2613 1414 2665 de
1467 2616 1614 2664 terra
1659 2613 1773 2674 tua,
1834 2607 1870 2662 il
1920 2613 2004 2662 est

308 2717 578 2766 excutere
609 2709 676 2763 de
702 2705 1031 2764 terrenitate
1057 2711 1177 2770 tua,
1205 2701 1290 2758 vel
1320 2700 1418 2772 qui
1444 2697 1596 2770 apud
1619 2697 1740 2752 tein
1775 2701 2002 2766 peccato

310 2799 646 2855 submersus
675 2811 754 2864 es,
787 2793 883 2850 exi
911 2791 1232 2850 confitendo
1262 2791 1330 2846 de
1373 2787 1684 2858 peccatrice
1715 2783 2004 2839 conscien-

311 2889 408 2956 tia,
441 2895 495 2943 et
527 2887 595 2941 de
626 2883 965 2956 cognatione
1017 2879 1523 2951 imaginationum,
1565 2873 1998 2944 cogitationum,

309 2975 752 3044 carnaliumque
818 2971 1090 3037 luxuum,
1155 2983 1287 3039 qua
1341 2981 1413 3023 ex
1476 2963 1674 3020 eadem
1739 2959 2002 3016 exoritur

310 3074 501 3135 terra;
534 3068 582 3117 et
631 3063 696 3116 de
760 3061 914 3115 domo
953 3059 1132 3128 patris
1169 3059 1268 3124 tui,
1319 3055 1388 3110 de
1421 3054 1543 3122 ipsa
1587 3050 1796 3106 scilicet
1839 3055 2000 3104 exte-

309 3154 444 3210 riori
475 3149 904 3209 conversatione
954 3145 1174 3213 mundi,
1245 3158 1424 3216 quam
1477 3138 1798 3212 possidebat
1837 3143 2000 3207 pater
2037 3140 2078 3193 C

307 3241 603 3313 quondam
659 3246 849 3294 noster
922 3235 1184 3291 diabolus
1221 3232 1534 3304 praesidens
1606 3227 1754 3283 atrio
1786 3240 1891 3282 suo
1937 3225 1996 3280 in

309 3330 542 3385 modum
597 3328 758 3383 fortis
813 3325 1050 3386 armati;
1111 3336 1226 3377 non
1283 3319 1435 3375 enim
1505 3314 1760 3372 cohiberi
1812 3321 1997 3383 potest

307 3417 594 3474 mobilitas
621 3415 806 3471 intimi
841 3412 1110 3476 hominis,
1161 3409 1268 3466 nisi
1320 3415 1480 3464 extra
1509 3405 1767 3476 fugiatur
1817 3402 1997 3458 coha-

307 3506 506 3562 bitatio
538 3503 760 3560 mundi.
805 3503 946 3558 Veni
986 3515 1122 3571 ergo
1166 3501 1223 3552 in
1254 3503 1454 3552 terram
1511 3508 1674 3562 quam
1727 3495 1996 3546 monstra-

304 3611 428 3649 cero
456 3593 578 3661 tibi,
611 3591 668 3647 in
695 3605 821 3646 eam
853 3589 1110 3645 videlicet
1166 3583 1420 3654 corporis
1461 3595 1528 3637 ac
1589 3579 1766 3636 animi
1795 3578 1996 3634 solidi-

303 3692 476 3740 tatem
507 3695 685 3754 quam
717 3680 820 3737 tibi
855 3675 1158 3734 insinuabo
1189 3681 1290 3728 aut
1319 3686 1422 3742 per
1472 3671 1756 3726 intereant
1781 3681 1998 3738 sugge-

305 3774 566 3839 stionem,
600 3777 702 3826 aut
723 3782 826 3840 per
854 3781 1031 3823 sacrm
1066 3762 1297 3832 Paginae
1331 3760 1650 3824 lectionem,
1685 3759 2000 3826 faciamque

307 3869 354 3916 te
401 3865 459 3914 in
497 3865 704 3928 gentem
744 3871 1023 3925 magnam,
1056 3852 1340 3908 virtutum
1372 3848 1638 3904 videlicet
1666 3843 1996 3901 numerosi-

305 3958 418 4007 tate
443 3957 495 4006 te
517 3941 824 4010 instruam,
859 3943 958 4000 ubi
983 3939 1184 4013 gratiae
1215 3935 1533 4008 spiritualis
1574 3932 2000 4004 multiplicitate

305 4037 677 4102 benedicaris,
707 4043 762 4092 et
791 4032 1039 4094 nomine,
1099 4028 1150 4082 id
1185 4035 1270 4083 est
1317 4025 1534 4082 eximia
1591 4021 1861 4093 opinione
1925 4020 1996 4076 ad

303 4126 543 4184 caelestis
575 4126 756 4182 Patris
784 4121 1011 4178 laudem
1047 4113 1528 4187 magniﬁcaberis.

371 4247 540 4302 Vens.
573 4249 715 4300 3.-
765 4241 1080 4296 Benedicam
1117 4236 1479 4292 benedicentes
1544 4234 1664 4300 tibi,
1714 4231 1993 4302 multipli-

302 4335 444 4392 cabo
470 4335 672 4405 utique
696 4333 816 4396 hos,
850 4329 949 4400 qui
986 4325 1370 4398 przedicando,
1401 4321 1667 4390 exempla
1691 4320 1997 4390 praebendo

2046 1841 2085 1894 Β
2115 1835 2509 1893 auctoritatem
2535 1835 2760 1906 justum
2783 1842 2944 1892 estut
2973 1843 3253 1906 sequatur
3275 1835 3526 1892 carnalis
3549 1835 3816 1903 allectus,

2115 1926 2215 1996 qui
2247 1925 2454 1994 saepius
2483 1924 2542 1980 in
2572 1924 2738 1981 nobis
2763 1929 2864 1978 54
2925 1925 3174 1981 declinat
3229 1939 3264 1980 a
3292 1932 3464 1994 recto,
3513 1926 3808 1982 naturalis

2113 2014 2235 2070 vitii
2261 2013 2678 2070 consuetudine
2717 2013 2992 2069 vinctus:
3030 2013 3169 2068 Loth
3212 2014 3364 2070 enim
3396 2014 3816 2084 interpretatur

2112 2103 2410 2168 declinans,
2437 2102 2523 2158 vel
2558 2105 2792 2156 vinctus.
2842 2103 3204 2172 Septuaginta
3257 2105 3496 2172 quinque
3540 2119 3816 2158 annorum

2111 2197 2228 2246 erat
2251 2192 2460 2246 Abram
2480 2232 2492 2256 ,
2517 2207 2635 2245 cum
2665 2190 3008 2257 egrederetur
3033 2191 3298 2263 de'Aran.
3336 2191 3491 2246 Aran
3525 2191 3815 2261 interpre-

2112 2287 2268 2336 tatur
2298 2296 2382 2336 res
2405 2296 2522 2335 cum
2552 2296 2700 2334 arca.
2735 2280 2842 2336 Per
2889 2293 3082 2334 arcam
3129 2279 3458 2349 cupiditatis
3521 2281 3818 2350 capacitas

2111 2376 2364 2435 notatur,
2399 2383 2500 2440 per
2553 2383 2674 2424 rem
2699 2382 2767 2423 ea
2795 2383 2926 2438 quin
2979 2368 3305 2437 concupisci
3355 2376 3596 2438 possunt
3650 2368 3816 2440 figu-

2113 2465 2364 2514 rantur:
2426 2457 2663 2526 quidam
2724 2457 2861 2512 dum
2915 2463 3356 2522 convertuntur,
3418 2471 3508 2512 res
3563 2456 3812 2527 quidem

2111 2547 2402 2610 abdicant,
2435 2545 2528 2600 sed
2560 2545 2802 2600 habendi
2832 2545 3169 2615 appetitum,
3231 2545 3285 2600 id
3331 2551 3413 2600 est
3452 2559 3646 2600 arcam
3689 2561 3811 2600 non

2111 2635 2400 2703 abnegant
2430 2648 2442 2688 :
2493 2636 2570 2689 De
2596 2635 2750 2688 Aran
2771 2647 2909 2703 ergo
2945 2633 3064 2689 exit
3096 2633 3362 2704 quisquis
3409 2633 3813 2703 cupiditatem,

2109 2731 2164 2778 et
2193 2736 2558 2792 quaecunque
2607 2729 2847 2791 possunt
2893 2722 3218 2790 concupisci
3281 2721 3520 2792 respuit.
3565 2722 3815 2791 Septua—

2109 2813 2265 2878 ginta
2295 2813 2535 2879 quinque
2563 2825 2694 2866 cum
2740 2809 3036 2880 egreditur
3073 2825 3340 2865 annorum
3393 2817 3498 2877 est,
3531 2810 3672 2866 dum
3705 2825 3817 2881 per

2109 2896 2496 2965 septenarium
2543 2897 2742 2967 gratize
2782 2897 3127 2968 Decalogum
3152 2897 3291 2968 legis
3337 2899 3597 2968 implcns,
3641 2901 3817 2969 quin-

2109 2999 2222 3056 que
2242 2985 2495 3056 corporis
2518 2986 2784 3042 sensibus
2833 2986 3058 3057 integra
3089 2986 3372 3043 virtutum
3409 2987 3576 3058 quasi
3619 3001 3811 3043 anno-

2108 3055 2238 3130 rum
2269 3055 2596 3130 collectione
2618 3082 2841 3144 praeest.
2944 3055 2978 3120 ί
3426 3055 3440 3058 ’
3882 3055 3884 3064 ’

2180 3181 2350 3237 Vens.
2473 3213 2541 3222 ——
2579 3182 2830 3250 Tulitque
2887 3183 3062 3238 Sarai
3090 3197 3313 3235 umorem
3355 3196 3532 3249 suam,
3563 3185 3612 3234 et
3664 3181 3815 3235 Loth

2103 3272 2278 3340 ﬁlium
2321 3273 2522 3338 fratris
2574 3274 2681 3336 sui,
2740 3275 3154 3341 universumque
3199 3271 3568 3326 substantiam
3637 3285 3814 3338 quam

2102 3359 2472 3428 possederant,
2531 3364 2582 3413 et
2637 3361 2852 3413 animas
2911 3375 3048 3429 quas
3094 3363 3336 3426 fecerant
3393 3361 3452 3412 in
3516 3365 3710 3423 Aran;
3757 3363 3816 3412 et

2104 3451 2306 3512 egressi
2350 3453 2496 3514 sunt,
2525 3455 2582 3501 ut
2611 3450 2755 3502 irent
2781 3451 2839 3502 in
2868 3454 3068 3503 terram
3090 3449 3369 3504 Chanaan.
3395 3445 3554 3503 Sarai
3591 3445 3814 3502 dicitur

2102 3539 2354 3606 princeps
2382 3553 2520 3602 mea,
2542 3546 2596 3594 et
2615 3537 2902 3608 significat
2923 3537 3299 3602 voluntatem,
3338 3550 3470 3606 qua;
3495 3535 3553 3590 in
3585 3549 3812 3591 morem

2105 3625 2367 3695 conjugis
2387 3626 2549 3682 unita
2581 3626 2816 3692 Abram,
2855 3625 2910 3680 id
2938 3633 3022 3681 est
3056 3625 3262 3680 marito
3291 3623 3540 3694 spiritui,
3571 3631 3627 3678 et
3658 3623 3812 3680 Loth

2107 3713 2222 3770 tilio
2266 3713 2460 3771 fratris
2511 3714 2622 3781 sui,
2663 3711 2893 3770 ail‘ectui
2949 3713 3172 3783 utique,
3226 3712 3328 3782 qui
3383 3726 3456 3767 ex
3512 3712 3808 3781 corporali

2108 3803 2345 3870 semine,
2379 3802 2473 3859 cui
2502 3803 2770 3874 quaedam
2823 3815 2955 3858 cum
2997 3801 3194 3856 anima
3239 3799 3523 3856 naturalis
3575 3813 3813 3868 germa-

2111 3891 2261 3948 nitas
2314 3891 2480 3959 inest,
2531 3891 2816 3962 gignitur,
2866 3897 3018 3946 recto
3069 3889 3271 3945 ordine
3303 3903 3433 3944 cum
3493 3889 3574 3944 ita
3605 3889 3820 3943 consti-

2108 3981 2236 4038 terit
2273 3980 2549 4036 ducitur:
2591 3994 2721 4036 cum
2785 3979 2874 4035 his
2927 3979 3123 4049 itaque
3152 3979 3370 4035 Abram
3421 3984 3614 4033 noster
3657 3977 3816 4033 tollit

2107 4072 2418 4125 universam
2467 4069 2854 4136 substantiam,
2943 4083 3108 4137 quam
3167 4067 3384 4137 pariter
3421 4065 3808 4136 possederant,

2105 4159 2244 4215 dum
2305 4157 2500 4214 omnia
2549 4173 2682 4229 quae
2729 4156 3041 4213 intellectui
3089 4163 3282 4212 nostro
3339 4154 3634 4211 terrestria
3668 4153 3814 4224 jure

2105 4248 2391 4316 substant,
2427 4247 2483 4302 in
2516 4253 2790 4317 potestate
2843 4245 3146 4311 habemus,
3177 4257 3282 4300 nec
3319 4243 3391 4300 ab
3421 4242 3501 4300 eis
3544 4242 3668 4314 regi
3700 4257 3814 4298 nos

2105 4336 2389 4392 serviliter
2453 4335 2725 4406 patimur,
2783 4334 2880 4390 sed
2941 4348 3046 4390 nos
3099 4347 3169 4388 ea
3225 4332 3393 4403 quasi
3445 4331 3812 4402 paralyticus

305 4424 418 4480 tuis
439 4419 934 4478 adminiculantur
954 4414 1304 4484 augmentis,
1327 4421 1381 4468 et
1405 4409 1776 4481 cognationes
1798 4416 1990 4476 teme,
2035 4440 2078 4494 ι)
2105 4424 2412 4494 grabatum
2459 4422 2714 4494 regimus
2761 4423 2943 4493 (Joan.
2989 4437 3046 4487 v,
3095 4420 3148 4492 9)
3225 4420 3388 4478 Unde
3425 4420 3579 4476 Job:
3633 4420 3806 4486 Quia,

301 4527 418 4569 non
448 4512 579 4568 illus
611 4510 678 4565 de
710 4521 828 4579 qua
877 4505 1101 4576 juberis
1127 4503 1306 4568 exire,
1340 4501 1436 4557 sed
1485 4513 1518 4555 a
1551 4512 1638 4554 mc
1671 4497 1769 4553 tibi
1820 4497 1994 4554 intel—

301 4600 622 4657 lectualiter
647 4593 1110 4652 demonstrandae
1139 4586 1466 4662 sp‘irituales
1489 4588 1673 4644 cordis
1701 4587 1997 4658 progenies

299 4705 416 4745 non
449 4689 673 4743 tantum
709 4685 874 4740 fama:
904 4681 1272 4754 vulgaritate,
1303 4679 1398 4734 sed
1424 4680 1480 4730 in
1503 4681 1552 4730 te
1597 4676 1992 4741 benedicentur,

303 4777 361 4832 in
405 4775 488 4830 tui
531 4772 742 4828 scilicet
800 4771 1008 4828 interni
1071 4768 1326 4832 habitus,
1385 4779 1452 4820 ac
1491 4764 1678 4834 operis
1736 4763 1992 4820 veritate.

296 4865 394 4920 Est
419 4870 608 4918 autem
641 4861 908 4932 cognatio
955 4859 1076 4928 ipsa
1129 4857 1414 4912 virtutum
1441 4867 1514 4909 ex
1546 4867 1666 4910 sese
1697 4852 1994 4922 prodeun-

296 4953 440 5009 tium
475 4951 726 5022 quadam
755 4945 1222 5006 concatenatione
1251 4942 1402 5000 facta
1444 4941 1722 5010 gradatio.
1759 4940 1992 4996 Maledi-

296 5057 416 5094 cam
473 5038 916 5094 maledicentibus
993 5035 1116 5104 tibi,
1167 5033 1357 5104 inquit
1414 5045 1482 5086 ea
1540 5029 1792 5102 profecto
1863 5042 1995 5098 qua:

295 5130 575 5185 damnum
608 5128 711 5184 tibi
743 5125 1073 5183 defectionis
1120 5121 1411 5178 incutiunt
1439 5118 1582 5174 vitia
1635 5116 1825 5172 carnis
1881 5123 1996 5172 tum

297 5217 555 5288 redigam
586 5217 643 5272 in
670 5215 974 5272 defectum.

368 5342 541 5398 Vnus.
574 5341 626 5396 4.
660 5370 729 5388 -μ
784 5342 1046 5406 Egressus
1077 5342 1155 5391 est
1181 5338 1366 5403 itaque
1421 5335 1470 5385 Α
1481 5330 1653 5390 bram,
1681 5331 1820 5383 sicut
1846 5343 1998 5397 pre-

295 5433 507 5499 ceperat
537 5431 588 5482 ei
611 5429 899 5494 Dominus;
953 5431 1005 5480 et
1040 5427 1142 5478 ivit
1179 5437 1298 5476 cum
1333 5435 1390 5472 eo
1443 5419 1599 5472 Loth.
1653 5415 1796 5472 Cum
1827 5429 1997 5486 egre-

295 5517 502 5586 diente,
525 5524 587 5574 ut
615 5515 940 5586 expositum
959 5519 1062 5578 est,
1095 5509 1309 5566 Abram
1344 5507 1383 5562 it
1413 5505 1574 5572 Loth,
1599 5503 1738 5576 quia
1761 5503 2000 5560 rationis

2103 4513 2316 4584 inquit,
2343 4528 2452 4567 non
2505 4517 2632 4565 sunt
2662 4514 2722 4565 in
2749 4527 2914 4565 manu
2939 4527 3120 4564 eorum
3154 4510 3292 4564 bona
3342 4525 3466 4576 sua,
3513 4509 3810 4563 consilium

2101 4603 2395 4670 impiorum
2428 4602 2580 4668 longe
2603 4607 2679 4656 sit
2733 4616 2769 4654 a
2817 4615 2900 4654 me
2953 4598 3072 4669 (Job
3103 4613 3220 4664 xxv,
3258 4599 3376 4667 16).
3433 4597 3595 4662 Quod
3647 4595 3808 4653 enim

2103 4689 2248 4746 ratio
2285 4689 2614 4745 damnando
2668 4687 2996 4758 possederit,
3062 4687 3310 4757 profecto
3361 4693 3416 4742 et
3461 4684 3805 4752 voluntatis,

2102 4785 2156 4834 et
2215 4775 2454 4834 allectus
2503 4777 2691 4832 statim
2750 4775 2987 4846 imperio
3036 4774 3278 4831 suberit.
3331 4776 3395 4829 In
3436 4777 3606 4830 Aron
3652 4772 3810 4830 fiunt

2103 4865 2330 4929 animae,
2359 4865 2498 4920 dum
2530 4863 2726 4919 vitalia
2757 4877 2826 4918 ac
2877 4862 3203 4932 spiritualia
3232 4863 3382 4918 bona
3438 4868 3812 4932 peraguntur

2108 4952 2357 5029 perfecta
2400 4952 2604 5008 mundi
2653 4951 3178 5018 abrenuntiatinne,
3264 4949 3664 5021 Egrediuntur
3730 4949 3812 5002 ad

2103 5046 2304 5096 terram
2351 5042 2630 5106 Chanaan,
2681 5040 2820 5096 dum
2853 5052 3080 5095 morum
3132 5052 3310 5110 quam
3363 5037 3598 5107 professi
3661 5044 3807 5094 sunt

2103 5128 2506 5200 adipiscuntur
2541 5127 2780 5185 solidam
2827 5127 3240 5196 mutationem;
3315 5125 3594 5182 Chanaan
3645 5125 3806 5182 enim

2103 5217 2314 5274 dictiur
2343 5221 2604 5272 mutatus.

2174 5324 2348 5382 Vnus.
2384 5325 2437 5378 6.
2466 5351 2541 5365 —
2585 5325 2833 5394 Cumque
2876 5325 3146 5377 venissent
3175 5324 3236 5376 in
3283 5337 3421 5388 eam,
3470 5323 3807 5390 pertransiit

2105 5413 2318 5468 Abram
2347 5417 2548 5467 terram
2599 5427 2770 5480 usque
2815 5410 2889 5464 ad
2943 5411 3114 5464 locum
3169 5411 3371 5465 Sichen
3424 5414 3475 5463 et
3525 5425 3701 5478 usque
3730 5409 3808 5464 ad

2107 5503 2400 5557 convallem
2433 5501 2716 5555 illustrem.
2768 5499 3126 5569 Attingentes
3179 5497 3360 5568 igitur
3407 5497 3807 5554 conversionis
