3902 6054
117 268 206 320 lli)
716 261 721 266 ’
1292 266 1647 325 MORALIUM
1687 267 1758 324 IN
1796 285 1798 310 ε

1995 268 2102 324 SlN
2147 270 2275 326 LIB.
2317 268 2404 324 ιν.
3515 272 3610 326 114

110 394 448 462 efﬁcaciam,
487 394 795 466 pertransit
824 395 1062 467 spiritus
1087 404 1278 453 noster
1307 405 1547 453 terrenae
1578 397 1809 453 habita—
1847 409 1891 463 Α
1922 414 2055 471 quae
2089 402 2145 457 in
2176 400 2339 458 nobis
2386 401 2640 467 fuerunt,
2672 410 2775 459 aut
2819 417 2940 459 esse
2974 382 3228 473 possunt,
3279 400 3613 459 confusione

110 484 296 552 tionis,
341 502 474 556 quae
525 502 584 542 se
619 494 922 559 aggravat,
969 487 1193 548 molem,
1234 496 1289 544 et
1316 488 1487 557 ,venit
1529 489 1603 541 ad
1635 490 1807 542 locum

109 574 325 636 Sichen,
380 575 434 630 id
465 582 549 632 est
577 575 912 632 obedientiae
946 575 1365 646 perseverantis
1407 576 1805 646 stabilitatem;

108 661 314 717 Sichen
380 661 534 716 enim
612 662 1027 732 interpretatur
1086 664 1360 728 humerus,
1435 670 1489 718 et
1567 662 1808 719 humero

108 763 347 817 quoque
378 757 694 818 portamus,
743 763 844 819 per
873 749 1030 820 quod
1057 749 1439 805 obedientiam
1474 756 1622 805 recte
1652 750 1808 805 acci-

113 836 326 905 pimus,
360 837 531 907 cujus
560 837 804 907 imperio
847 836 1146 893 humiliter
1185 838 1418 894 ferendo
1440 851 1758 893 curvamur
1792 852 1805 891 :

109 923 302 979 locum
344 933 539 980 autem
580 925 759 980 animi
792 924 1244 981 immobilitatem
1292 926 1566 995 dicimus;
1616 925 1711 981 sed
1761 925 1808 980 si

111 1014 433 1081 obedimus,
461 1014 535 1069 ad
575 1013 895 1069 convallem
928 1013 1230 1080 illustrem,
1271 1014 1327 1070 id
1356 1022 1440 1072 est
1470 1014 1810 1072 humilitatis

112 1101 467 1157 nobilitatem
528 1117 753 1158 necesse
804 1111 889 1158 est
946 1103 1269 1169 veniamus,
1313 1112 1375 1160 ut
1430 1119 1545 1160 non
1597 1103 1810 1159 coacti—

115 1190 255 1245 tium
315 1191 586 1259 przelatis,
643 1199 698 1247 ct
747 1181 1307 1261 etiam'minorib'us,
1358 1193 1455 1249 sed
1491 1193 1810 1249 ambientes

113 1287 493 1346 spontaneum
517 1279 819 1335 servitium
851 1279 1290 1350 impendamus.‘

182 1403 355 1460 Vsus.
405 1409 457 1457 7.
511 1433 573 1445 —
619 1406 966 1459 Chananeus
996 1411 1174 1459 autem
1202 1410 1327 1460 tunc
1372 1411 1490 1460 erat
1519 1408 1577 1459 in
1627 1410 1798 1459 terra.

113 1494 504 1562 Apparuilque
535 1496 799 1549 Dominus
829 1495 1062 1561 Abram,
1096 1500 1150 1550 et
1176 1495 1325 1548 dixit
1363 1497 1413 1548 ei
1442 1510 1456 1547 :
1489 1495 1695 1549 Semini
1720 1499 1809 1547 tuo

114 1578 251 1634 dabo
297 1586 507 1636 terram
535 1584 695 1637 hanc.
748 1584 853 1650 Qui
880 1584 1176 1653 zdiﬁcavit
1221 1584 1302 1638 ibi
1337 1585 1513 1637 altare
1563 1584 1805 1648 Domino,

114 1672 210 1737 qui
236 1662 577 1740 apparuerat
606 1676 675 1726 ei.
710 1673 830 1739 Quo
852 1673 1047 1743 itaque
1075 1675 1190 1728 Deo
1217 1681 1273 1728 et
1292 1672 1501 1728 saeculo
1530 1670 1811 1728 illustrio-

114 1771 204 1813 res
259 1774 488 1827 sumus,
568 1769 727 1817 tanto
776 1762 1114 1818 humiliores
1168 1777 1288 1817 esse
1340 1760 1633 1816 debemus.
1705 1758 1810 1814 Sed

115 1848 458 1903 Chananeus
486 1856 570 1905 est
613 1853 671 1904 in
721 1856 889 1916 terra,
928 1850 1068 1920 quia
1096 1849 1334 1919 spiritus
1380 1845 1709 1904 cenodoxiae
1756 1855 1812 1903 et

116 1935 325 2005 ineptae
379 1945 552 2007 typus
607 1938 967 1994 verecundiae
1018 1936 1336 1993 desaeviunt
1394 1935 1450 1990 in
1515 1934 1812 1990 affectione

108 2033 363 2081 terrena.
416 2026 782 2083 Chananmus
831 2026 988 2082 enim
1032 2026 1247 2081 dicitur
1291 2027 1614 2092 negotiator,
1656 2023 1809 2094 quod

106 2123 191 2171 est
239 2114 433 2171 inanis
465 2115 663 2185 gloriae
696 2115 995 2180 venalitas,
1033 2129 1164 2185 qua;
1196 2114 1445 2169 maxime
1478 2112 1639 2169 bonis
1671 2111 1811 2167 acti-

109 2205 219 2260 bus
248 2219 308 2260 se
337 2204 564 2275 ingerit,
598 2218 729 2259 cum
756 2205 928 2259 etiam
959 2203 1198 2273 quilibet
1233 2217 1306 2258 ex
1333 2203 1455 2272 ipsa
1482 2216 1590 2257 sua
1620 2201 1811 2257 humi-

112 2293 271 2347 litate
330 2292 609 2361 superbit.
677 2291 898 2347 Dicitur
944 2306 1180 2362 quoque
1217 2291 1581 2346 Chananzeus
1619 2289 1812 2344 erube-

62 2382 282 2445 'scens,
332 2380 521 2448 pudor
577 2379 788 2435 scilicet
842 2380 1136 2435 humanus
1191 2379 1262 2434 ad
1318 2378 1522 2434 viliora
1576 2377 1813 2447 imperia

111 2481 233 2522 sese
281 2464 460 2519 menti
511 2464 814 2520 incutiens.
874 2464 944 2519 Hi
984 2470 1124 2520 tunc
1168 2471 1334 2519 erant
1361 2465 1418 2518 in
1464 2470 1630 2529 terra,
1673 2463 1811 2517 dum

112 2553 171 2608 in
221 2553 436 2609 nostris
482 2552 951 2623 praecordialibus
992 2553 1156 2608 bonis
1199 2552 1483 2608 ferverent
1520 2552 1629 2607 sub
1677 2566 1812 2607 con-

112 2642 378 2697 scientia.
439 2643 691 2711 Apparet
743 2655 881 2711 ergo
937 2640 1218 2697 Dominus
1275 2640 1511 2706 Abram,
1566 2654 1698 2696 cum
1754 2654 1814 2695 se

112 2730 437 2797 excelsum,
508 2730 606 2785 sed
665 2729 909 2785 humilia
966 2736 1157 2785 tamen
1228 2728 1508 2797 respicere
1564 2729 1813 2785 evidenti

116 2818 503 2874 illustratione
543 2819 739 2874 edocet
767 2818 1066 2885 rationem,
1093 2826 1149 2874 et
1193 2818 1265 2873 ad
1298 2816 1511 2874 talibus
1542 2818 1815 2873 resisten-

111 2907 256 2963 dum
288 2907 362 2962 de
405 2907 526 2962 suis
554 2907 780 2963 viribus
807 2907 1158 2963 difﬁdentem
1188 2921 1287 2976 spe
1321 2906 1602 2962 confortat
1633 2907 1816 2962 victo-

112 2996 214 3051 ria:
245 2995 482 3051 dicens:
533 2997 726 3050 semini
771 3000 879 3062 tuo,
938 2996 992 3051 id
1023 3002 1107 3051 est
1146 2994 1334 3065 operis
1365 2994 1449 3050 tui
1499 2994 1719 3061 merito,
1769 2994 1816 3049 si

115 3083 408 3153 persistas,
476 3084 780 3155 subjiciam
828 3084 1042 3141 terreni
1098 3083 1338 3139 aﬁ‘ectus
1387 3096 1566 3153 quam
1622 3083 1817 3139 fateris

114 3173 450 3230 motionem.
485 3174 570 3230 Ibi
599 3173 850 3244 denique
874 3176 1057 3229 altare
1094 3172 1467 3238 aedificamus,
1500 3185 1632 3227 cum
1682 3184 1815 3239 spe—

111 3262 198 3317 cie
249 3261 359 3317 ista
388 3262 699 3331 superandi
733 3276 889 3331 spem
921 3276 1156 3331 quoque
1186 3275 1300 3315 non
1333 3260 1389 3314 in
1420 3259 1592 3315 laude
1632 3257 1812 3324 inani,

113 3351 214 3406 sed
275 3350 516 3420 praemio
565 3350 777 3406 caelesti
829 3357 1169 3405 caeterarum
1233 3350 1469 3403 materie
1534 3347 1816 3402 virtutum

115 3440 344 3510 adjecta
391 3438 800 3494 construimus.
834 3436 1074 3493 Nullum
1102 3437 1256 3492 enim
1287 3443 1548 3491 nostrum
1591 3442 1675 3490 est
1713 3433 1819 3507 bo;

118 3543 286 3594 num,
318 3527 367 3582 si
397 3542 513 3583 non
543 3527 615 3582 sit
633 3526 754 3597 spei
782 3525 992 3581 divinze
1022 3524 1313 3592 innixum,
1343 3524 1492 3580 sicut
1522 3524 1643 3579 sine
1675 3522 1819 3578 alta-

117 3620 205 3673 rio
239 3616 612 3673 sacriﬁcium.

189 3742 366 3798 VERS.
414 3743 468 3794 8.
507 3768 569 3778 —
618 3742 689 3793 Et
727 3739 852 3793 inde
886 3738 1288 3805 transgrediens
1319 3737 1394 3791 ad
1429 3741 1679 3803 montem,
1726 3737 1822 3803 qui

118 3837 241 3884 erat
289 3834 482 3883 contra
524 3829 728 3895 Bethel,
771 3827 997 3882 tetendit
1050 3827 1125 3880 ad
1177 3827 1585 3880 tabernaculum
1641 3839 1817 3888 suum,

119 3921 189 3973 ab
232 3918 506 3973 occidente
540 3917 741 3971 habens
785 3916 994 3984 Bethel,
1028 3921 1078 3971 et
1120 3916 1188 3969 ab
1218 3919 1421 3970 oriente
1458 3915 1582 3968 Hui.
1628 3911 1817 3968 Bethel

121 4007 338 4063 dicitur
368 4006 558 4061 domus
606 4007 718 4059 Dei.
750 4005 829 4061 De
879 4004 998 4061 loco
1028 4004 1229 4060 altaris
1276 4003 1350 4059 ad
1384 4010 1633 4058 montem
1684 4014 1820 4071 pro-

121 4109 452 4162 movemur,
495 4108 629 4150 cum
661 4108 777 4149 non
807 4093 992 4150 solum
1023 4094 1093 4149 de
1131 4092 1407 4149 vitiorum
1437 4089 1677 4146 victoria
1706 4102 1821 4143 non

122 4186 518 4255 desperamus,
556 4182 653 4239 sed
697 4183 866 4238 etiam
897 4197 1270 4253 quarumque
1303 4181 1589 4236 virtutum
1632 4176 1821 4234 excel-

1917 489 2275 559 inducimus;
2327 492 2429 546 Hai
2472 506 2724 560 namque
2751 495 2995 561 quaestio,
3028 492 3131 548 Gai
3159 492 3370 548 dicitur
3416 493 3609 562 confu-

1916 581 2032 634 sio:
2091 581 2243 650 quod
2299 587 2480 635 totum
2513 588 2633 636 est:
2686 581 2747 634 In
2795 581 2884 635 die
2925 581 3178 636 bonorum
3227 598 3292 635 ne
3336 583 3612 635 immemor

1916 671 1992 722 sis
2025 670 2308 731 malorum,
2336 673 2386 723 et
2418 671 2473 723 in
2514 669 2608 723 die
2635 671 2900 724 malorum
2930 686 2992 724 ne
3036 673 3312 724 immemor
3340 674 3415 724 sis
3444 671 3607 724 bono-

1916 772 2038 810 rum
2073 758 2236 827 (Ecct.
2272 773 2352 825 x1,
2382 759 2493 829 27).
2527 759 2790 814 ZEdilicat
2817 758 2988 815 etiam
3042 759 3131 814 hic
3161 758 3372 814 Abram
3412 760 3606 820 altare,

1917 845 2055 900 dum
2122 846 2268 902 inter
2316 846 2582 902 victorias
2639 847 3088 917 circumspectus
3141 851 3241 900 55
3293 847 3364 901 ad
3424 846 3607 901 Deum

1917 948 2037 989 suae
2097 934 2304 991 mentis
2365 935 2607 1004 hospitio
2659 936 3070 1003 invocandum,
3130 935 3367 1004 spiritus
3419 941 3608 989 noster

1920 1022 2087 1077 ﬁrma
2140 1024 2258 1094 jam
2319 1030 2440 1094 post
2489 1023 2602 1094 spei
2659 1032 2910 1080 tenorem
2962 1023 3257 1079 radicatur
3306 1022 3602 1078 charitate.

1921 1111 2050 1167 Hzec
2081 1114 2230 1167 enim
2286 1121 2422 1168 sunt
2452 1113 2655 1168 altaria
2710 1122 2827 1181 tua,
2891 1113 3131 1168 Domine
3186 1113 3489 1175 virtutum,
3549 1109 3605 1164 in

1919 1202 2132 1270 quibus
2190 1210 2381 1257 turtur
2437 1203 2638 1258 nidum
2697 1203 2925 1272 reperit,
2997 1216 3302 1271 passerque
3370 1201 3605 1255 domum

1919 1290 2086 1362 (Psal.
2109 1306 2340 1356 cxxxm,
2374 1290 2457 1361 i);
2495 1291 2646 1347 unde
2671 1300 2726 1347 et
2756 1291 3153 1361 subjungitur.

1995 1398 2161 1454 Vnus.
2209 1402 2259 1452 9.
2313 1427 2381 1438 -—
2425 1385 2777 1466 Peri-emitque
2825 1398 3039 1451 Abram
3089 1396 3311 1456 vadens.
3363 1401 3413 1449 et
3459 1396 3608 1448 ultra

1916 1488 2268 1558 progrediens
2325 1487 2403 1543 ad
2461 1487 2759 1541 meridiem.
2818 1487 2907 1542 Ad
2962 1486 3242 1540 meridiem
3316 1484 3608 1553 pergimus

1918 1590 2050 1631 cum
2098 1575 2171 1630 ad
2212 1575 2531 1644 plenarium
2564 1575 2879 1631 devotionis
2909 1575 3188 1631 fervorem
3232 1571 3607 1629 obtinendum

1918 1663 2342 1730 contendimus;
2432 1663 2718 1732 vadimus,
2788 1645 2921 1719 οδω
3002 1662 3177 1718 animi
3260 1659 3606 1730 propositum

1919 1766 2087 1821 opere
2115 1767 2479 1821 exercemus;
2529 1753 2681 1807 ultra
2720 1767 2855 1807 vero
2898 1751 3319 1823 progredimur,
3373 1763 3505 1805 cum
3535 1748 3607 1803 ad

1920 1842 2141 1913 majora
2185 1844 2432 1914 gerenda
2468 1843 2900 1899 exardescimus
2944 1843 3022 1912 pii
3050 1841 3315 1897 desiderii
3362 1839 3605 1906 ambitu,

1921 1947 2095 2001 quam
2127 1932 2311 1987 facere
2348 1930 2727 2002 praepediente
2756 1932 3064 2003 fragilitate
3089 1931 3366 1987 sinamus.

1992 2040 2163 2097 VERs.
2222 2043 2304 2094 l0.
2364 2068 2437 2080 —
2493 2042 2657 2095 Facta
2729 2044 2807 2093 est
2854 2046 3034 2093 autem
3083 2041 3258 2104 fames
3310 2040 3369 2091 in
3431 2041 3607 2102 terra;

1921 2129 2298 2197 descenditque
2333 2129 2542 2183 Abram
2598 2131 2653 2181 in
2699 2130 3011 2197 Egyptum,
3064 2131 3125 2180 ut
3167 2128 3613 2195 peregrinaretur

1921 2218 2020 2271 ibi.
2054 2218 2182 2273 Post
2218 2225 2434 2272 tantam
2475 2218 2675 2286 gratiae
2699 2216 3139 2272 exuberantiam
3170 2229 3397 2270 necesse
3431 2222 3517 2270 est
3549 2224 3611 2270 ut

1925 2305 2158 2362 tentatio
2187 2306 2594 2376 subsequatur,
2628 2319 2699 2360 ne
2730 2305 2789 2359 in
2823 2303 3152 2372 superbiam
3182 2301 3377 2373 gloriae
3407 2302 3612 2357 nimie—

1923 2402 2009 2450 tas
2057 2395 2394 2462 delabatur;
2453 2395 2514 2448 lit
2553 2409 2689 2464 ergo
2734 2396 2908 2459 [ames
2956 2394 3015 2445 in
3064 2398 3230 2458 terra,
3278 2405 3414 2448 cum
3458 2390 3519 2446 ﬁt
3553 2389 3611 2445 in

1923 2491 2110 2540 mente
2159 2483 2339 2539 divini
2376 2483 2592 2552 saporis
2626 2482 2847 2552 inopia;
2892 2481 3165 2535 descendit
3194 2483 3252 2534 in
3295 2483 3607 2549 Egyptum,

1922 2588 2056 2628 cum
2113 2572 2321 2642 spiritu
2377 2579 2570 2627 noster
2625 2569 3016 2627 tribulationis
3070 2584 3129 2625 se
3183 2567 3614 2638 coangustantis

1924 2661 2218 2717 humiliter
2257 2660 2484 2729 inspicit
2532 2660 2970 2724 detrimentum;
3017 2659 3302 2729 Egyptus
3362 2671 3614 2727 namque

1924 2750 2138 2806 dicitur
2207 2751 2489 2805 tribulatio
2535 2754 2929 2815 coangustans;
2988 2747 3064 2803 ibi
3124 2746 3613 2816 peregrinaretur.

1925 2853 2058 2894 cum
2090 2838 2149 2893 in
2172 2839 2391 2894 fervore
2423 2838 2767 2902 tentationis,
2813 2838 2985 2908 juxta
3019 2835 3341 2904 apostolum
3394 2833 3496 2903 qui
3543 2834 3615 2887 ad

1928 2927 2317 2997 probationem
2376 2929 2436 2983 lit
2482 2928 2527 2996 (1
2574 2929 2716 2981 Petr.
2767 2941 2840 2994 iv,
2894 2929 3004 2993 1‘2),
3041 2937 3200 2979 mens
3244 2937 3277 2978 a
3325 2937 3383 2977 se
3430 2922 3614 2991 pauli-

1857 3004 1896 3057 C
1926 3030 2057 3086 sper
2100 3015 2349 3071 alienata
2379 3023 2655 3086 vagatur;
2700 3029 2805 3070 nec
2861 3014 2917 3069 id
2949 3013 3199 3083 injuria:
3252 3011 3614 3080 praevaluerut

1925 3107 2068 3158 enim
2123 3107 2298 3170 fames
2351 3107 2407 3158 in
2455 3110 2620 3170 terra,
2686 3104 2742 3157 id
2797 3110 2900 3169 est,
2960 3100 3368 3157 dominabatur
3434 3098 3614 3154 divini

1924 3200 2148 3264 egestas
2174 3192 2395 3248 consilii
2421 3193 2479 3246 in
2508 3190 2871 3247 conscientia.

2000 3300 2168 3356 Vnus.
2212 3303 2296 3366 ll,
2333 3303 2414 3365 l2,
2453 3302 2541 3353 l3.
2583 3328 2643 3338 —
2679 3300 2914 3365 Cumque
2953 3311 3120 3365 prope
3161 3300 3297 3349 esset
3326 3298 3386 3348 ut
3430 3297 3617 3358 ingre-

1928 3388 2146 3443 deretur
2204 3391 2517 3456 Egyptum,
2591 3383 2739 3439 dixit
2804 3386 2974 3438 Sarni
3037 3384 3201 3438 umori
3262 3398 3412 3437 suae:
3480 3380 3619 3435 Novi

1929 3478 2073 3547 quod
2106 3477 2343 3546 pulchra
2380 3477 2456 3529 sis
2501 3476 2716 3542 mulier,
2744 3479 2791 3527 et
2839 3490 2958 3526 cum
3006 3473 3245 3526 viderint
3295 3478 3343 3524 te
3370 3469 3620 3540 Egyptii

1929 3566 2135 3620 dicturi
2162 3569 2288 3619 sunt
2316 3580 2329 3617 :
2380 3565 2525 3617 Uxor
2562 3564 2710 3616 illius
2762 3567 2867 3627 est;
2916 3567 2965 3615 et
2992 3563 3314 3628 interﬁciant
3338 3574 3439 3625 me,
3490 3562 3541 3612 et
3570 3561 3619 3611 te

1928 3653 2296 3706 reservabant.
2354 3640 2453 3704 Dic
2508 3665 2652 3716 ergo,
2708 3649 2919 3703 obsecro
2982 3653 3047 3709 te,
3106 3646 3251 3714 quod
3288 3662 3445 3700 soror
3501 3660 3619 3697 mea

1928 3744 2026 3809 sis,
2059 3745 2119 3794 ut
2151 3741 2275 3794 bene
2315 3742 2391 3795 sit
2427 3739 2563 3793 mihi
2582 3741 2803 3806 propter
2835 3742 2904 3802 te,
2937 3742 2986 3790 et
3014 3737 3163 3788 vivat
3194 3737 3380 3787 anima
3408 3749 3524 3786 mea
3554 3734 3618 3785 ob

1930 3832 2169 3898 gratiam
2216 3832 2317 3883 tui.
2367 3828 2673 3897 Postquam
2718 3827 2894 3896 igitur
2932 3824 3004 3879 ad
3037 3822 3244 3878 mentis
3289 3821 3616 3891 caliginem,

1932 3922 2085 3991 quod
2114 3921 2416 3989 .rEgyptus,
2449 3931 2579 3988 quae
2609 3916 2821 3971 dicitur
2854 3916 3096 3980 τρηρὼν-ω,
3128 3920 3314 3980 sonat,
3341 3925 3619 3981 pervene-

1933 4010 2133 4076 rimus,
2201 4009 2260 4064 in
2322 4009 2439 4077 ipso
2496 4007 2686 4062 adhuc
2765 4003 3094 4060 tentationis
3148 4003 3363 4057 incerto
3437 3999 3618 4065 Sarai,

1932 4106 2139 4154 nostra:
2209 4096 2421 4153 scilicet
2490 4094 2773 4151 voluntati
2823 4094 3014 4149 adhuc
3068 4092 3142 4147 ah
3213 4089 3449 4160 imperio
3506 4103 3621 4143 non

1932 4187 2172 4242 divulsze
2217 4184 2405 4240 mariti
2452 4182 2711 4249 rationis,
2756 4181 3038 4237 dicimus:
3073 4180 3307 4236 Certum
3347 4186 3432 4233 est
3465 4176 3621 4247 quod

123 4273 366 4329 lentiam
396 4271 737 4341 appetimus.
780 4272 836 4327 Is
865 4287 1028 4327 mons
1065 4285 1268 4327 versus
1306 4269 1583 4325 orientem
1617 4268 1821 4323 domus
1861 4289 1904 4343 ι)
1934 4274 2085 4330 bona
2132 4270 2349 4339 cupias,
2411 4278 2466 4327 ei
2520 4270 2724 4325 habitu
2778 4268 3087 4324 honestatis
3144 4265 3311 4337 quasi
3369 4264 3622 4335 quadam

129 4362 228 4419 Dei
278 4361 427 4416 situs
475 4368 579 4427 est,
614 4360 753 4430 quia
799 4360 1083 4431 quidquid
1121 4359 1355 4414 virtutis
1397 4358 1697 4421 habemus,
1747 4354 1819 4410 ad

125 4450 339 4508 Christi
383 4448 839 4505 conformitatem
894 4448 1096 4508 inhiat.
1149 4446 1358 4505 Christi
1404 4445 1621 4501 visione
1677 4444 1819 4498 irra-

125 4538 278 4595 diari
339 4538 453 4600 hic,
515 4544 570 4593 et
629 4537 689 4591 in
739 4536 935 4593 futuro
995 4536 1296 4600 desiderat,
1357 4533 1459 4603 qui
1510 4539 1593 4589 est
1651 4546 1825 4587 verus

125 4628 333 4685 Oriens
362 4626 567 4682 domus
609 4626 729 4691 Dei,
766 4625 820 4681 id
852 4633 936 4682 est
967 4625 1224 4681 minister
1255 4623 1490 4680 luminis
1538 4621 1828 4679 mentibus

129 4716 410 4781 ﬁdelium,
448 4713 505 4768 in
538 4713 755 4784 quibus
784 4721 867 4769 est
899 4713 1171 4769 habitatio
1212 4713 1307 4769 Dei
1342 4727 1354 4767 :
1384 4709 1827 4769 tabernaculum

129 4804 300 4861 isthic
352 4802 662 4868 tendimus,
694 4815 826 4857 cum
855 4801 927 4857 ad
958 4802 1071 4857 Deo
1099 4801 1464 4858 militandum
1509 4803 1825 4870 appetitum

130 4893 375 4963 spiritus
419 4891 813 4961 provehimus.
856 4892 943 4946 Ab
990 4891 1256 4946 occidente
1299 4891 1483 4945 Bethel
1525 4889 1825 4955 habemus,

131 4995 269 5036 cum
326 4980 570 5036 defectui
626 4987 840 5045 nostro,
903 4978 1004 5050 qui
1056 4979 1357 5051 aliquoties
1405 4978 1683 5048 subrepit,
1741 4976 1828 5033 vel

133 5070 309 5126 etiam
353 5068 753 5138 desperationi,
789 5068 992 5124 domus
1030 5068 1131 5124 Dei
1169 5082 1344 5138 super
1373 5067 1613 5124 caelestis
1659 5067 1831 5122 deco-

138 5172 282 5223 rem,
328 5156 414 5211 vel
463 5155 764 5226 przeteritae
813 5156 1053 5212 actionis
1091 5157 1401 5227 puritatem
1447 5155 1828 5227 opponimus:

138 5247 207 5299 ab
247 5245 466 5298 Oriente
503 5258 638 5299 vero
673 5244 952 5301 habemus
985 5248 1110 5309 Hai,
1154 5245 1243 5301 vel
1288 5244 1461 5301 etiam
1515 5245 1833 5301 secundum

142 5334 315 5389 aliam
352 5331 786 5388 translationem
831 5335 961 5401 Gai,
1008 5347 1140 5389 cum
1192 5334 1498 5399 virtutum,
1555 5333 1719 5404 quasi
1762 5347 1835 5387 ex

145 5420 304 5477 nimii
344 5420 529 5491 gloria
575 5419 812 5475 luminis
855 5419 1185 5476 lasciviente
1224 5435 1514 5487 successu,
1561 5420 1837 5491 quaestio-

148 5524 276 5568 nem
310 5510 504 5566 animo
530 5507 601 5564 de
641 5507 867 5576 inferni,
902 5507 993 5565 vel
1033 5515 1397 5579 peccatorum
1449 5507 1839 5579 quorumlibet

1932 4361 2118 4433 specie
2164 4359 2549 4416 henevolendo
2591 4374 2705 4413 non
2748 4372 2961 4422 careas,
3015 4357 3141 4412 licet
3171 4369 3340 4423 opere
3381 4352 3622 4422 exsequi

1934 4464 2208 4521 nequeas,
2260 4447 2357 4503 sed
2412 4448 2460 4503 si
2496 4447 2768 4517 Egyptii,
2820 4445 3081 4501 carnales
3114 4444 3392 4509 videlicet,
3435 4441 3536 4511 qui
3570 4446 3624 4494 te

1934 4537 2369 4603 contenebrant,
2413 4543 2620 4600 motus,
2659 4535 2836 4590 aciem
2862 4534 2962 4590 tibi
2994 4548 3113 4589 suae
3148 4527 3619 4601 impugnationis,

1937 4628 2077 4698 quia
2122 4624 2205 4682 eis
2275 4621 2562 4693 contraria
2625 4622 2798 4687 voles,
2854 4618 3219 4686 intenderint,
3281 4629 3519 4672 uxorem
3574 4620 3626 4668 te

1940 4728 2145 4779 meam,
2181 4712 2238 4768 id
2275 4720 2360 4767 est
2406 4711 2646 4767 rationis
2688 4726 2825 4766 mea:
2870 4722 3064 4765 amore
3109 4714 3163 4762 te
3203 4706 3439 4761 ductam
3468 4701 3624 4758 aesti-

1941 4809 2178 4869 mantes,
2236 4800 2376 4856 mihi
2418 4800 2647 4870 spiritui
2677 4799 2869 4854 acrius
2896 4796 3183 4863 insistens,
3216 4790 3628 4849 tentationibus

1938 4892 2207 4958 obruent,
2257 4897 2310 4945 et
2345 4896 2397 4945 te
2427 4888 2555 4954 Sibi,
2590 4896 2654 4944 ut
2692 4889 2813 4957 jam
2851 4900 2968 4941 non
3008 4883 3120 4939 nisi
3157 4880 3417 4938 carnalia
3462 4878 3625 4944 velis,

1939 4978 2306 5047 contrahent;
2341 4991 2454 5031 non
2488 4977 2682 5046 itaque
2709 4974 2968 5030 resistere
3000 4979 3078 5028 tot
3108 4969 3395 5026 malorum
3424 4967 3631 5037 impul-

1941 5067 2104 5124 sibus
2140 5063 2333 5133 valeo;
2363 5063 2561 5119 cedam
2604 5077 2763 5134 ergo,
2794 5062 2948 5119 unde
2987 5067 3041 5116 et
3078 5071 3330 5115 sororem
3360 5065 3413 5112 te
3443 5068 3628 5110 meam

1946 5164 2008 5213 ut
2050 5154 2206 5211 dicas
2235 5152 2490 5219 obsecro,
2538 5151 2597 5207 id
2633 5158 2717 5207 est
2745 5151 2941 5207 eadem
2973 5148 3187 5203 sentias
3226 5159 3358 5216 quas
3400 5150 3454 5200 et
3503 5156 3628 5213 ego,

1945 5236 2009 5299 ut
2051 5242 2260 5297 obruta
2298 5239 2638 5295 auctoritate
2681 5237 2871 5293 mariti
2905 5236 3050 5293 idem
3091 5233 3320 5304 sapiant
3366 5230 3636 5288 voluntas

1945 5328 2194 5385 carnalis
2227 5335 2281 5383 et
2312 5328 2474 5395 ratio,
2514 5336 2577 5383 ut
2605 5327 2747 5382 bene
2777 5325 2848 5382 sit
2880 5324 3016 5381 mihi
3049 5331 3334 5395 quantum
3374 5320 3445 5377 ad
3489 5329 3630 5376 tem-

1950 5424 2193 5488 pestates
2236 5416 2438 5485 animi,
2485 5430 2632 5486 quas
2685 5413 3037 5485 suggestioni
3088 5410 3448 5468 consentiens
3496 5421 3637 5463 eva-

1948 5521 2093 5574 sero,
2134 5514 2190 5562 et
2229 5505 2388 5562 vivat
2436 5506 2630 5562 anima
2676 5517 2821 5564 mea.
2865 5502 2918 5557 id
2948 5508 3053 5569 est,
3097 5499 3305 5557 sentiat
3354 5498 3473 5555 vita
3514 5510 3639 5551 mea
