  <div class='ocr_page' id='page_1' title='image "/cluster/home/n/w/nwhite01/storage/ocr_20150623/156/hvd.32044054760145/063.png"; bbox 0 0 3884 6068; ppageno 0'>
   <div class='ocr_carea' id='block_1_1' title="bbox 242 249 336 303">
    <p class='ocr_par' dir='ltr' id='par_1_1' title="bbox 242 249 336 303">
     <span class='ocr_line' id='line_1_1' title="bbox 242 249 336 303; baseline -0.043 1"><span class='ocrx_word' id='word_1_1' title='bbox 242 249 336 303; x_wconf 66' lang='lat' dir='ltr'>HS</span> 
     </span>
    </p>
   </div>
   <div class='ocr_carea' id='block_1_2' title="bbox 1140 244 2839 306">
    <p class='ocr_par' dir='ltr' id='par_1_2' title="bbox 1140 244 2839 306">
     <span class='ocr_line' id='line_1_2' title="bbox 1140 244 2839 306; baseline 0.001 -4"><span class='ocrx_word' id='word_1_2' title='bbox 1140 250 1198 302; x_wconf 87' lang='lat' dir='ltr'><strong>V.</strong></span> <span class='ocrx_word' id='word_1_3' title='bbox 1243 248 1573 306; x_wconf 84' lang='lat' dir='ltr'><strong>GUIBERTI</strong></span> <span class='ocrx_word' id='word_1_4' title='bbox 1616 248 1906 305; x_wconf 75' lang='lat' dir='ltr'><strong>ABBATIS</strong></span> <span class='ocrx_word' id='word_1_5' title='bbox 1942 249 1999 305; x_wconf 91' lang='lat' dir='ltr'><strong>S.</strong></span> <span class='ocrx_word' id='word_1_6' title='bbox 2045 245 2281 304; x_wconf 68' lang='lat' dir='ltr'><strong>MARIA‘J</strong></span> <span class='ocrx_word' id='word_1_7' title='bbox 2320 244 2409 302; x_wconf 87' lang='lat' dir='ltr'><strong>DE</strong></span> <span class='ocrx_word' id='word_1_8' title='bbox 2450 244 2839 304; x_wconf 75' lang='lat' dir='ltr'><strong>NOVIGENTO</strong></span> 
     </span>
    </p>
   </div>
   <div class='ocr_carea' id='block_1_3' title="bbox 3643 247 3745 300">
    <p class='ocr_par' dir='ltr' id='par_1_3' title="bbox 3643 247 3745 300">
     <span class='ocr_line' id='line_1_3' title="bbox 3643 247 3745 300; baseline -0.01 0"><span class='ocrx_word' id='word_1_9' title='bbox 3643 247 3745 300; x_wconf 72' lang='lat' dir='ltr'><strong>HG</strong></span> 
     </span>
    </p>
   </div>
   <div class='ocr_carea' id='block_1_4' title="bbox 236 350 3745 452">
    <p class='ocr_par' dir='ltr' id='par_1_4' title="bbox 236 350 3745 452">
     <span class='ocr_line' id='line_1_4' title="bbox 236 350 3745 452; baseline -0.001 -18"><span class='ocrx_word' id='word_1_10' title='bbox 236 379 374 452; x_wconf 87' lang='lat' dir='ltr'><strong>quid</strong></span> <span class='ocrx_word' id='word_1_11' title='bbox 433 378 752 436; x_wconf 85' lang='lat' dir='ltr'><strong>dulcedinis</strong></span> <span class='ocrx_word' id='word_1_12' title='bbox 780 350 1003 435; x_wconf 48' lang='lat' dir='ltr'><strong>&#39;habeat</strong></span> <span class='ocrx_word' id='word_1_13' title='bbox 1040 378 1248 435; x_wconf 85' lang='lat' dir='ltr'><strong>saculo</strong></span> <span class='ocrx_word' id='word_1_14' title='bbox 1282 378 1557 434; x_wconf 71' lang='lat' dir='ltr'><strong>inservire</strong></span> <span class='ocrx_word' id='word_1_15' title='bbox 1603 380 1922 435; x_wconf 86' lang='lat' dir='ltr'><strong>secundum</strong></span> <span class='ocrx_word' id='word_1_16' title='bbox 1962 383 2001 433; x_wconf 83' lang='lat' dir='ltr'><strong>A</strong></span> <span class='ocrx_word' id='word_1_17' title='bbox 2036 378 2168 433; x_wconf 89' lang='lat' dir='ltr'><strong>tatis</strong></span> <span class='ocrx_word' id='word_1_18' title='bbox 2199 393 2310 434; x_wconf 91' lang='lat' dir='ltr'><strong>non</strong></span> <span class='ocrx_word' id='word_1_19' title='bbox 2345 375 2649 434; x_wconf 88' lang='lat' dir='ltr'><strong>cohibuisti</strong></span> <span class='ocrx_word' id='word_1_20' title='bbox 2684 375 3000 445; x_wconf 81' lang='lat' dir='ltr'><strong>lasciviam,</strong></span> <span class='ocrx_word' id='word_1_21' title='bbox 3034 384 3089 433; x_wconf 91' lang='lat' dir='ltr'><strong>et</strong></span> <span class='ocrx_word' id='word_1_22' title='bbox 3136 377 3236 434; x_wconf 84' lang='lat' dir='ltr'><strong>tibi</strong></span> <span class='ocrx_word' id='word_1_23' title='bbox 3264 377 3398 450; x_wconf 85' lang='lat' dir='ltr'><strong>jure</strong></span> <span class='ocrx_word' id='word_1_24' title='bbox 3445 376 3745 434; x_wconf 84' lang='lat' dir='ltr'><strong>subditam</strong></span> 
     </span>
    </p>
   </div>
   <div class='ocr_carea' id='block_1_5' title="bbox 238 469 909 540">
    <p class='ocr_par' dir='ltr' id='par_1_5' title="bbox 238 469 909 540">
     <span class='ocr_line' id='line_1_5' title="bbox 238 469 909 540; baseline -0.006 -15"><span class='ocrx_word' id='word_1_25' title='bbox 238 469 512 540; x_wconf 84' lang='lat' dir='ltr'><strong>placitum</strong></span> <span class='ocrx_word' id='word_1_26' title='bbox 543 469 767 525; x_wconf 77' lang='lat' dir='ltr'><strong>arbitrii</strong></span> <span class='ocrx_word' id='word_1_27' title='bbox 797 469 909 524; x_wconf 92' lang='lat' dir='ltr'><strong>sui.</strong></span> 
     </span>
    </p>
   </div>
   <div class='ocr_carea' id='block_1_6' title="bbox 309 585 1931 655">
    <p class='ocr_par' dir='ltr' id='par_1_6' title="bbox 309 585 1931 655">
     <span class='ocr_line' id='line_1_6' title="bbox 309 585 1931 655; baseline -0.002 -12"><span class='ocrx_word' id='word_1_28' title='bbox 309 587 479 643; x_wconf 74' lang='lat' dir='ltr'><strong>Vnus.</strong></span> <span class='ocrx_word' id='word_1_29' title='bbox 529 586 609 647; x_wconf 87' lang='grc'><strong>14.</strong></span> <span class='ocrx_word' id='word_1_30' title='bbox 643 588 733 640; x_wconf 85' lang='grc'><strong>15.</strong></span> <span class='ocrx_word' id='word_1_31' title='bbox 773 614 841 624; x_wconf 92' lang='lat'><strong>-—</strong></span> <span class='ocrx_word' id='word_1_32' title='bbox 870 587 1002 641; x_wconf 89' lang='lat' dir='ltr'><strong>Cum</strong></span> <span class='ocrx_word' id='word_1_33' title='bbox 1034 586 1219 655; x_wconf 84' lang='lat' dir='ltr'><strong>itaque</strong></span> <span class='ocrx_word' id='word_1_34' title='bbox 1261 585 1536 652; x_wconf 87' lang='lat' dir='ltr'><strong>ingressus</strong></span> <span class='ocrx_word' id='word_1_35' title='bbox 1556 593 1691 640; x_wconf 89' lang='lat' dir='ltr'><strong>esset</strong></span> <span class='ocrx_word' id='word_1_36' title='bbox 1723 586 1931 640; x_wconf 82' lang='lat' dir='ltr'><strong>Abram</strong></span> 
     </span>
    </p>
   </div>
   <div class='ocr_carea' id='block_1_7' title="bbox 239 673 1934 745">
    <p class='ocr_par' dir='ltr' id='par_1_7' title="bbox 239 673 1934 745">
     <span class='ocr_line' id='line_1_7' title="bbox 239 673 1934 745; baseline -0.001 -14"><span class='ocrx_word' id='word_1_37' title='bbox 239 678 551 745; x_wconf 67' lang='lat' dir='ltr'><strong>Egyptum,</strong></span> <span class='ocrx_word' id='word_1_38' title='bbox 609 673 865 728; x_wconf 78' lang='lat' dir='ltr'><strong>viderunt</strong></span> <span class='ocrx_word' id='word_1_39' title='bbox 930 673 1191 743; x_wconf 66' lang='lat' dir='ltr'><strong>{Egyptii</strong></span> <span class='ocrx_word' id='word_1_40' title='bbox 1241 674 1538 742; x_wconf 82' lang='lat' dir='ltr'><strong>mulierem,</strong></span> <span class='ocrx_word' id='word_1_41' title='bbox 1590 675 1735 745; x_wconf 89' lang='lat' dir='ltr'><strong>quod</strong></span> <span class='ocrx_word' id='word_1_42' title='bbox 1798 682 1934 729; x_wconf 87' lang='lat' dir='ltr'><strong>esset</strong></span> 
     </span>
    </p>
   </div>
   <div class='ocr_carea' id='block_1_8' title="bbox 235 763 1928 834">
    <p class='ocr_par' dir='ltr' id='par_1_8' title="bbox 235 763 1928 834">
     <span class='ocr_line' id='line_1_8' title="bbox 235 763 1928 834; baseline -0.001 -16"><span class='ocrx_word' id='word_1_43' title='bbox 235 766 470 834; x_wconf 87' lang='lat' dir='ltr'><strong>pulchra</strong></span> <span class='ocrx_word' id='word_1_44' title='bbox 508 764 699 817; x_wconf 89' lang='lat' dir='ltr'><strong>nimis.</strong></span> <span class='ocrx_word' id='word_1_45' title='bbox 749 763 830 816; x_wconf 87' lang='lat' dir='ltr'><strong>Et</strong></span> <span class='ocrx_word' id='word_1_46' title='bbox 874 765 1267 816; x_wconf 83' lang='lat' dir='ltr'><strong>nuntiaverunt</strong></span> <span class='ocrx_word' id='word_1_47' title='bbox 1309 765 1587 833; x_wconf 81' lang='lat' dir='ltr'><strong>principes</strong></span> <span class='ocrx_word' id='word_1_48' title='bbox 1628 764 1928 830; x_wconf 74' lang='lat' dir='ltr'><strong>Pharaoni;</strong></span> 
     </span>
    </p>
   </div>
   <div class='ocr_carea' id='block_1_9' title="bbox 240 850 1935 920">
    <p class='ocr_par' dir='ltr' id='par_1_9' title="bbox 240 850 1935 920">
     <span class='ocr_line' id='line_1_9' title="bbox 240 850 1935 920; baseline 0.001 -15"><span class='ocrx_word' id='word_1_49' title='bbox 240 856 291 905; x_wconf 89' lang='lat' dir='ltr'><strong>et</strong></span> <span class='ocrx_word' id='word_1_50' title='bbox 338 850 702 905; x_wconf 71' lang='lat' dir='ltr'><strong>laudauerunt</strong></span> <span class='ocrx_word' id='word_1_51' title='bbox 732 866 846 904; x_wconf 89' lang='lat' dir='ltr'><strong>eam</strong></span> <span class='ocrx_word' id='word_1_52' title='bbox 878 850 1031 920; x_wconf 87' lang='lat' dir='ltr'><strong>apud</strong></span> <span class='ocrx_word' id='word_1_53' title='bbox 1072 852 1250 917; x_wconf 89' lang='lat' dir='ltr'><strong>illum,</strong></span> <span class='ocrx_word' id='word_1_54' title='bbox 1291 856 1340 905; x_wconf 88' lang='lat' dir='ltr'><strong>et</strong></span> <span class='ocrx_word' id='word_1_55' title='bbox 1377 852 1594 907; x_wconf 88' lang='lat' dir='ltr'><strong>sublata</strong></span> <span class='ocrx_word' id='word_1_56' title='bbox 1622 860 1700 907; x_wconf 86' lang='lat' dir='ltr'><strong>est</strong></span> <span class='ocrx_word' id='word_1_57' title='bbox 1740 854 1935 907; x_wconf 68' lang='lat' dir='ltr'><strong>mulier</strong></span> 
     </span>
    </p>
   </div>
   <div class='ocr_carea' id='block_1_10' title="bbox 240 939 1933 1010">
    <p class='ocr_par' dir='ltr' id='par_1_10' title="bbox 240 939 1933 1010">
     <span class='ocr_line' id='line_1_10' title="bbox 240 939 1933 1010; baseline 0.002 -17"><span class='ocrx_word' id='word_1_58' title='bbox 240 943 301 993; x_wconf 87' lang='lat' dir='ltr'><strong>in</strong></span> <span class='ocrx_word' id='word_1_59' title='bbox 347 939 564 994; x_wconf 86' lang='lat' dir='ltr'><strong>domum</strong></span> <span class='ocrx_word' id='word_1_60' title='bbox 618 939 945 993; x_wconf 78' lang='lat' dir='ltr'><strong>Pharaonis.</strong></span> <span class='ocrx_word' id='word_1_61' title='bbox 1008 940 1375 1010; x_wconf 88' lang='lat' dir='ltr'><strong>Ingredimur</strong></span> <span class='ocrx_word' id='word_1_62' title='bbox 1429 943 1743 1009; x_wconf 66' lang='lat' dir='ltr'><strong>Egyptum,</strong></span> <span class='ocrx_word' id='word_1_63' title='bbox 1800 956 1933 997; x_wconf 89' lang='lat' dir='ltr'><strong>cum</strong></span> 
     </span>
    </p>
   </div>
   <div class='ocr_carea' id='block_1_11' title="bbox 242 1027 1936 1086">
    <p class='ocr_par' dir='ltr' id='par_1_11' title="bbox 242 1027 1936 1086">
     <span class='ocr_line' id='line_1_11' title="bbox 242 1027 1936 1086; baseline 0 -2"><span class='ocrx_word' id='word_1_64' title='bbox 242 1028 406 1084; x_wconf 89' lang='lat' dir='ltr'><strong>bona</strong></span> <span class='ocrx_word' id='word_1_65' title='bbox 456 1027 790 1083; x_wconf 72' lang='lat' dir='ltr'><strong>intentionis</strong></span> <span class='ocrx_word' id='word_1_66' title='bbox 818 1027 1025 1083; x_wconf 90' lang='lat' dir='ltr'><strong>amisso</strong></span> <span class='ocrx_word' id='word_1_67' title='bbox 1055 1028 1272 1085; x_wconf 84' lang='lat' dir='ltr'><strong>lumine</strong></span> <span class='ocrx_word' id='word_1_68' title='bbox 1295 1029 1702 1086; x_wconf 83' lang='lat' dir='ltr'><strong>obscuritatem</strong></span> <span class='ocrx_word' id='word_1_69' title='bbox 1730 1030 1936 1086; x_wconf 90' lang='lat' dir='ltr'><strong>incidi-</strong></span> 
     </span>
    </p>
   </div>
   <div class='ocr_carea' id='block_1_12' title="bbox 243 1116 1936 1188">
    <p class='ocr_par' dir='ltr' id='par_1_12' title="bbox 243 1116 1936 1188">
     <span class='ocr_line' id='line_1_12' title="bbox 243 1116 1936 1188; baseline 0.002 -17"><span class='ocrx_word' id='word_1_70' title='bbox 243 1131 374 1172; x_wconf 89' lang='lat' dir='ltr'><strong>mus</strong></span> <span class='ocrx_word' id='word_1_71' title='bbox 423 1116 704 1171; x_wconf 85' lang='lat' dir='ltr'><strong>mentium</strong></span> <span class='ocrx_word' id='word_1_72' title='bbox 740 1130 752 1171; x_wconf 86' lang='lat'><strong>:</strong></span> <span class='ocrx_word' id='word_1_73' title='bbox 804 1117 1073 1186; x_wconf 67' lang='lat' dir='ltr'><strong>Egyptii</strong></span> <span class='ocrx_word' id='word_1_74' title='bbox 1099 1117 1382 1171; x_wconf 73' lang='lat' dir='ltr'><strong>mulierem</strong></span> <span class='ocrx_word' id='word_1_75' title='bbox 1419 1119 1564 1185; x_wconf 87' lang='lat' dir='ltr'><strong>quod</strong></span> <span class='ocrx_word' id='word_1_76' title='bbox 1586 1120 1819 1188; x_wconf 86' lang='lat' dir='ltr'><strong>pulchra</strong></span> <span class='ocrx_word' id='word_1_77' title='bbox 1866 1121 1936 1176; x_wconf 64' lang='lat' dir='ltr'><strong>sit</strong></span> 
     </span>
    </p>
   </div>
   <div class='ocr_carea' id='block_1_13' title="bbox 244 1204 1936 1277">
    <p class='ocr_par' dir='ltr' id='par_1_13' title="bbox 244 1204 1936 1277">
     <span class='ocr_line' id='line_1_13' title="bbox 244 1204 1936 1277; baseline 0.001 -16"><span class='ocrx_word' id='word_1_78' title='bbox 244 1204 460 1273; x_wconf 85' lang='lat' dir='ltr'><strong>vident,</strong></span> <span class='ocrx_word' id='word_1_79' title='bbox 512 1220 643 1261; x_wconf 91' lang='lat' dir='ltr'><strong>cum</strong></span> <span class='ocrx_word' id='word_1_80' title='bbox 678 1204 1006 1274; x_wconf 84' lang='lat' dir='ltr'><strong>corporales</strong></span> <span class='ocrx_word' id='word_1_81' title='bbox 1038 1213 1245 1270; x_wconf 86' lang='lat' dir='ltr'><strong>motus,</strong></span> <span class='ocrx_word' id='word_1_82' title='bbox 1291 1206 1393 1275; x_wconf 90' lang='lat' dir='ltr'><strong>qui</strong></span> <span class='ocrx_word' id='word_1_83' title='bbox 1424 1206 1731 1277; x_wconf 86' lang='lat' dir='ltr'><strong>aliquoties</strong></span> <span class='ocrx_word' id='word_1_84' title='bbox 1767 1208 1936 1265; x_wconf 85' lang='lat' dir='ltr'><strong>etiam</strong></span> 
     </span>
    </p>
   </div>
   <div class='ocr_carea' id='block_1_14' title="bbox 244 1293 1938 1367">
    <p class='ocr_par' dir='ltr' id='par_1_14' title="bbox 244 1293 1938 1367">
     <span class='ocr_line' id='line_1_14' title="bbox 244 1293 1938 1367; baseline 0.001 -18"><span class='ocrx_word' id='word_1_85' title='bbox 244 1293 367 1350; x_wconf 89' lang='lat' dir='ltr'><strong>sine</strong></span> <span class='ocrx_word' id='word_1_86' title='bbox 413 1293 753 1364; x_wconf 85' lang='lat' dir='ltr'><strong>cogitatione</strong></span> <span class='ocrx_word' id='word_1_87' title='bbox 796 1293 1142 1349; x_wconf 83' lang='lat' dir='ltr'><strong>naturaliter</strong></span> <span class='ocrx_word' id='word_1_88' title='bbox 1171 1302 1225 1349; x_wconf 91' lang='lat' dir='ltr'><strong>et</strong></span> <span class='ocrx_word' id='word_1_89' title='bbox 1266 1301 1467 1364; x_wconf 84' lang='lat' dir='ltr'><strong>sponte</strong></span> <span class='ocrx_word' id='word_1_90' title='bbox 1505 1296 1776 1362; x_wconf 87' lang='lat' dir='ltr'><strong>citantur,</strong></span> <span class='ocrx_word' id='word_1_91' title='bbox 1832 1297 1938 1367; x_wconf 70' lang='lat' dir='ltr'><strong>pitu</strong></span> 
     </span>
    </p>
   </div>
   <div class='ocr_carea' id='block_1_15' title="bbox 244 1381 1940 1451">
    <p class='ocr_par' dir='ltr' id='par_1_15' title="bbox 244 1381 1940 1451">
     <span class='ocr_line' id='line_1_15' title="bbox 244 1381 1940 1451; baseline 0.003 -15"><span class='ocrx_word' id='word_1_92' title='bbox 244 1382 557 1438; x_wconf 84' lang='lat' dir='ltr'><strong>voluntatis</strong></span> <span class='ocrx_word' id='word_1_93' title='bbox 591 1381 1005 1451; x_wconf 89' lang='lat' dir='ltr'><strong>pulchritudini</strong></span> <span class='ocrx_word' id='word_1_94' title='bbox 1037 1382 1314 1451; x_wconf 90' lang='lat' dir='ltr'><strong>invident,</strong></span> <span class='ocrx_word' id='word_1_95' title='bbox 1356 1389 1407 1438; x_wconf 91' lang='lat' dir='ltr'><strong>et</strong></span> <span class='ocrx_word' id='word_1_96' title='bbox 1455 1383 1812 1440; x_wconf 88' lang='lat' dir='ltr'><strong>sollicitando</strong></span> <span class='ocrx_word' id='word_1_97' title='bbox 1836 1400 1940 1441; x_wconf 84' lang='lat' dir='ltr'><strong>ur—</strong></span> 
     </span>
    </p>
   </div>
   <div class='ocr_carea' id='block_1_16' title="bbox 247 1469 1937 1541">
    <p class='ocr_par' dir='ltr' id='par_1_16' title="bbox 247 1469 1937 1541">
     <span class='ocr_line' id='line_1_16' title="bbox 247 1469 1937 1541; baseline 0.002 -16"><span class='ocrx_word' id='word_1_98' title='bbox 247 1477 410 1540; x_wconf 85' lang='lat' dir='ltr'><strong>gent;</strong></span> <span class='ocrx_word' id='word_1_99' title='bbox 458 1469 563 1525; x_wconf 88' lang='lat' dir='ltr'><strong>etsi</strong></span> <span class='ocrx_word' id='word_1_100' title='bbox 591 1470 744 1526; x_wconf 90' lang='lat' dir='ltr'><strong>enim</strong></span> <span class='ocrx_word' id='word_1_101' title='bbox 790 1470 1131 1541; x_wconf 89' lang='lat' dir='ltr'><strong>plerumque</strong></span> <span class='ocrx_word' id='word_1_102' title='bbox 1168 1485 1453 1539; x_wconf 86' lang='lat' dir='ltr'><strong>erramus,</strong></span> <span class='ocrx_word' id='word_1_103' title='bbox 1485 1474 1719 1529; x_wconf 89' lang='lat' dir='ltr'><strong>omnino</strong></span> <span class='ocrx_word' id='word_1_104' title='bbox 1748 1481 1937 1530; x_wconf 89' lang='lat' dir='ltr'><strong>tamen</strong></span> 
     </span>
    </p>
   </div>
   <div class='ocr_carea' id='block_1_17' title="bbox 247 1558 1936 1639">
    <p class='ocr_par' dir='ltr' id='par_1_17' title="bbox 247 1558 1936 1639">
     <span class='ocr_line' id='line_1_17' title="bbox 247 1558 1936 1639; baseline 0.001 -26"><span class='ocrx_word' id='word_1_105' title='bbox 247 1572 352 1614; x_wconf 90' lang='lat' dir='ltr'><strong>nos</strong></span> <span class='ocrx_word' id='word_1_106' title='bbox 382 1571 579 1614; x_wconf 88' lang='lat' dir='ltr'><strong>errare</strong></span> <span class='ocrx_word' id='word_1_107' title='bbox 616 1558 898 1626; x_wconf 90' lang='lat' dir='ltr'><strong>dolemus,</strong></span> <span class='ocrx_word' id='word_1_108' title='bbox 931 1559 1089 1639; x_wconf 58' lang='lat' dir='ltr'><strong>quia,</strong></span> <span class='ocrx_word' id='word_1_109' title='bbox 1136 1560 1309 1630; x_wconf 84' lang='lat' dir='ltr'><strong>juxta</strong></span> <span class='ocrx_word' id='word_1_110' title='bbox 1356 1560 1693 1630; x_wconf 83' lang='lat' dir='ltr'><strong>Apostolum</strong></span> <span class='ocrx_word' id='word_1_111' title='bbox 1725 1576 1737 1614; x_wconf 93' lang='lat'><em>:</em></span> <span class='ocrx_word' id='word_1_112' title='bbox 1779 1559 1936 1627; x_wconf 86' lang='lat' dir='ltr'><strong>Quod</strong></span> 
     </span>
    </p>
   </div>
   <div class='ocr_carea' id='block_1_18' title="bbox 247 1646 2022 1735">
    <p class='ocr_par' dir='ltr' id='par_1_18' title="bbox 247 1646 2022 1735">
     <span class='ocr_line' id='line_1_18' title="bbox 247 1646 2022 1735; baseline -0.001 -31"><span class='ocrx_word' id='word_1_113' title='bbox 247 1646 520 1704; x_wconf 90' lang='lat' dir='ltr'><strong>nolumus</strong></span> <span class='ocrx_word' id='word_1_114' title='bbox 568 1646 809 1716; x_wconf 90' lang='lat' dir='ltr'><strong>malum,</strong></span> <span class='ocrx_word' id='word_1_115' title='bbox 859 1648 966 1703; x_wconf 89' lang='lat' dir='ltr'><strong>hoc</strong></span> <span class='ocrx_word' id='word_1_116' title='bbox 1010 1648 1237 1719; x_wconf 83' lang='lat' dir='ltr'><strong>agimus</strong></span> <span class='ocrx_word' id='word_1_117' title='bbox 1265 1650 1439 1716; x_wconf 84' lang='lat' dir='ltr'><strong>(Rom.</strong></span> <span class='ocrx_word' id='word_1_118' title='bbox 1480 1665 1580 1718; x_wconf 84' lang='lat' dir='ltr'><strong>vn,</strong></span> <span class='ocrx_word' id='word_1_119' title='bbox 1618 1650 1721 1717; x_wconf 84' lang='grc'><strong>19).</strong></span> <span class='ocrx_word' id='word_1_120' title='bbox 1776 1650 1939 1704; x_wconf 85' lang='lat' dir='ltr'><strong>Prin-</strong></span> <span class='ocrx_word' id='word_1_121' title='bbox 1984 1683 2022 1735; x_wconf 75' lang='grc' dir='ltr'>Β</span> 
     </span>
    </p>
   </div>
   <div class='ocr_carea' id='block_1_19' title="bbox 247 1735 1938 1808">
    <p class='ocr_par' dir='ltr' id='par_1_19' title="bbox 247 1735 1938 1808">
     <span class='ocr_line' id='line_1_19' title="bbox 247 1735 1938 1808; baseline 0.001 -18"><span class='ocrx_word' id='word_1_122' title='bbox 247 1739 389 1805; x_wconf 84' lang='lat' dir='ltr'><strong>cipes</strong></span> <span class='ocrx_word' id='word_1_123' title='bbox 442 1735 720 1790; x_wconf 76' lang='lat' dir='ltr'><strong>Pharaoni</strong></span> <span class='ocrx_word' id='word_1_124' title='bbox 772 1737 1065 1805; x_wconf 88' lang='lat' dir='ltr'><strong>nuntiant,</strong></span> <span class='ocrx_word' id='word_1_125' title='bbox 1110 1751 1244 1793; x_wconf 91' lang='lat' dir='ltr'><strong>cum</strong></span> <span class='ocrx_word' id='word_1_126' title='bbox 1305 1737 1362 1793; x_wconf 90' lang='lat' dir='ltr'><strong>hi</strong></span> <span class='ocrx_word' id='word_1_127' title='bbox 1420 1737 1636 1808; x_wconf 89' lang='lat' dir='ltr'><strong>quibus</strong></span> <span class='ocrx_word' id='word_1_128' title='bbox 1691 1738 1938 1794; x_wconf 90' lang='lat' dir='ltr'><strong>dicitur:</strong></span> 
     </span>
    </p>
   </div>
   <div class='ocr_carea' id='block_1_20' title="bbox 251 1822 1940 1897">
    <p class='ocr_par' dir='ltr' id='par_1_20' title="bbox 251 1822 1940 1897">
     <span class='ocr_line' id='line_1_20' title="bbox 251 1822 1940 1897; baseline 0.001 -18"><span class='ocrx_word' id='word_1_129' title='bbox 251 1822 455 1880; x_wconf 89' lang='lat' dir='ltr'><strong>Tollite</strong></span> <span class='ocrx_word' id='word_1_130' title='bbox 506 1831 720 1895; x_wconf 89' lang='lat' dir='ltr'><strong>portas,</strong></span> <span class='ocrx_word' id='word_1_131' title='bbox 777 1824 1088 1895; x_wconf 88' lang='lat' dir='ltr'><strong>principes,</strong></span> <span class='ocrx_word' id='word_1_132' title='bbox 1151 1834 1373 1882; x_wconf 88' lang='lat' dir='ltr'><strong>vestras</strong></span> <span class='ocrx_word' id='word_1_133' title='bbox 1427 1826 1594 1897; x_wconf 87' lang='lat' dir='ltr'><strong>(Psal.</strong></span> <span class='ocrx_word' id='word_1_134' title='bbox 1649 1842 1806 1896; x_wconf 81' lang='lat' dir='ltr'><strong>xxni,</strong></span> <span class='ocrx_word' id='word_1_135' title='bbox 1867 1826 1940 1897; x_wconf 82' lang='lat'><strong>7),</strong></span> 
     </span>
    </p>
   </div>
   <div class='ocr_carea' id='block_1_21' title="bbox 253 1914 1946 1972">
    <p class='ocr_par' dir='ltr' id='par_1_21' title="bbox 253 1914 1946 1972">
     <span class='ocr_line' id='line_1_21' title="bbox 253 1914 1946 1972; baseline -0.001 -2"><span class='ocrx_word' id='word_1_136' title='bbox 253 1928 456 1970; x_wconf 87' lang='lat' dir='ltr'><strong>sensus</strong></span> <span class='ocrx_word' id='word_1_137' title='bbox 500 1914 809 1971; x_wconf 83' lang='lat' dir='ltr'><strong>exteriores</strong></span> <span class='ocrx_word' id='word_1_138' title='bbox 855 1914 1036 1971; x_wconf 89' lang='lat' dir='ltr'><strong>nostri</strong></span> <span class='ocrx_word' id='word_1_139' title='bbox 1085 1915 1313 1972; x_wconf 77' lang='lat' dir='ltr'><strong>allectui</strong></span> <span class='ocrx_word' id='word_1_140' title='bbox 1345 1915 1564 1971; x_wconf 88' lang='lat' dir='ltr'><strong>carnali</strong></span> <span class='ocrx_word' id='word_1_141' title='bbox 1603 1915 1672 1971; x_wconf 92' lang='lat' dir='ltr'><strong>de</strong></span> <span class='ocrx_word' id='word_1_142' title='bbox 1720 1915 1946 1971; x_wconf 87' lang='lat' dir='ltr'><strong>residuo</strong></span> 
     </span>
    </p>
   </div>
   <div class='ocr_carea' id='block_1_22' title="bbox 256 2001 1943 2075">
    <p class='ocr_par' dir='ltr' id='par_1_22' title="bbox 256 2001 1943 2075">
     <span class='ocr_line' id='line_1_22' title="bbox 256 2001 1943 2075; baseline 0 -18"><span class='ocrx_word' id='word_1_143' title='bbox 256 2001 336 2075; x_wconf 90' lang='lat' dir='ltr'><strong>pii</strong></span> <span class='ocrx_word' id='word_1_144' title='bbox 382 2002 649 2059; x_wconf 87' lang='lat' dir='ltr'><strong>desiderii</strong></span> <span class='ocrx_word' id='word_1_145' title='bbox 713 2003 1013 2074; x_wconf 88' lang='lat' dir='ltr'><strong>conquesti</strong></span> <span class='ocrx_word' id='word_1_146' title='bbox 1059 2003 1359 2073; x_wconf 90' lang='lat' dir='ltr'><strong>intimant;</strong></span> <span class='ocrx_word' id='word_1_147' title='bbox 1421 2018 1520 2073; x_wconf 89' lang='lat' dir='ltr'><strong>per</strong></span> <span class='ocrx_word' id='word_1_148' title='bbox 1589 2004 1943 2060; x_wconf 86' lang='lat' dir='ltr'><strong>Pharaonem</strong></span> 
     </span>
    </p>
   </div>
   <div class='ocr_carea' id='block_1_23' title="bbox 254 2091 1947 2163">
    <p class='ocr_par' dir='ltr' id='par_1_23' title="bbox 254 2091 1947 2163">
     <span class='ocr_line' id='line_1_23' title="bbox 254 2091 1947 2163; baseline -0.001 -16"><span class='ocrx_word' id='word_1_149' title='bbox 254 2091 406 2147; x_wconf 90' lang='lat' dir='ltr'><strong>enim</strong></span> <span class='ocrx_word' id='word_1_150' title='bbox 439 2091 686 2147; x_wconf 88' lang='lat' dir='ltr'><strong>carnalis</strong></span> <span class='ocrx_word' id='word_1_151' title='bbox 716 2099 866 2148; x_wconf 91' lang='lat' dir='ltr'><strong>recte</strong></span> <span class='ocrx_word' id='word_1_152' title='bbox 904 2091 1143 2149; x_wconf 76' lang='lat' dir='ltr'><strong>allectus</strong></span> <span class='ocrx_word' id='word_1_153' title='bbox 1174 2092 1474 2162; x_wconf 89' lang='lat' dir='ltr'><strong>accipitur,</strong></span> <span class='ocrx_word' id='word_1_154' title='bbox 1504 2093 1606 2163; x_wconf 91' lang='lat' dir='ltr'><strong>qui</strong></span> <span class='ocrx_word' id='word_1_155' title='bbox 1650 2092 1947 2162; x_wconf 74' lang='lat' dir='ltr'><strong>dissipans,</strong></span> 
     </span>
    </p>
   </div>
   <div class='ocr_carea' id='block_1_24' title="bbox 255 2179 1944 2251">
    <p class='ocr_par' dir='ltr' id='par_1_24' title="bbox 255 2179 1944 2251">
     <span class='ocr_line' id='line_1_24' title="bbox 255 2179 1944 2251; baseline 0 -16"><span class='ocrx_word' id='word_1_156' title='bbox 255 2179 345 2235; x_wconf 88' lang='lat' dir='ltr'><strong>vel</strong></span> <span class='ocrx_word' id='word_1_157' title='bbox 395 2179 788 2249; x_wconf 88' lang='lat' dir='ltr'><strong>discooperiens</strong></span> <span class='ocrx_word' id='word_1_158' title='bbox 827 2195 965 2249; x_wconf 88' lang='lat' dir='ltr'><strong>eum,</strong></span> <span class='ocrx_word' id='word_1_159' title='bbox 1014 2181 1170 2237; x_wconf 88' lang='lat' dir='ltr'><strong>haud</strong></span> <span class='ocrx_word' id='word_1_160' title='bbox 1202 2181 1447 2238; x_wconf 89' lang='lat' dir='ltr'><strong>dubium</strong></span> <span class='ocrx_word' id='word_1_161' title='bbox 1490 2181 1636 2251; x_wconf 88' lang='lat' dir='ltr'><strong>quin</strong></span> <span class='ocrx_word' id='word_1_162' title='bbox 1684 2181 1944 2251; x_wconf 90' lang='lat' dir='ltr'><strong>spiritum</strong></span> 
     </span>
    </p>
   </div>
   <div class='ocr_carea' id='block_1_25' title="bbox 256 2268 1946 2340">
    <p class='ocr_par' dir='ltr' id='par_1_25' title="bbox 256 2268 1946 2340">
     <span class='ocr_line' id='line_1_25' title="bbox 256 2268 1946 2340; baseline 0.001 -17"><span class='ocrx_word' id='word_1_163' title='bbox 256 2269 556 2324; x_wconf 91' lang='lat' dir='ltr'><strong>destruens</strong></span> <span class='ocrx_word' id='word_1_164' title='bbox 626 2268 889 2335; x_wconf 89' lang='lat' dir='ltr'><strong>interius,</strong></span> <span class='ocrx_word' id='word_1_165' title='bbox 976 2277 1031 2325; x_wconf 92' lang='lat' dir='ltr'><strong>et</strong></span> <span class='ocrx_word' id='word_1_166' title='bbox 1088 2270 1358 2340; x_wconf 85' lang='lat' dir='ltr'><strong>detegens</strong></span> <span class='ocrx_word' id='word_1_167' title='bbox 1418 2277 1575 2326; x_wconf 82' lang='lat' dir='ltr'><strong>veste</strong></span> <span class='ocrx_word' id='word_1_168' title='bbox 1642 2270 1946 2337; x_wconf 91' lang='lat' dir='ltr'><strong>virtutum,</strong></span> 
     </span>
    </p>
   </div>
   <div class='ocr_carea' id='block_1_26' title="bbox 260 2356 1950 2428">
    <p class='ocr_par' dir='ltr' id='par_1_26' title="bbox 260 2356 1950 2428">
     <span class='ocr_line' id='line_1_26' title="bbox 260 2356 1950 2428; baseline 0.002 -18"><span class='ocrx_word' id='word_1_169' title='bbox 260 2358 694 2426; x_wconf 83' lang='lat' dir='ltr'><strong>interpretatur;</strong></span> <span class='ocrx_word' id='word_1_170' title='bbox 742 2356 899 2411; x_wconf 90' lang='lat' dir='ltr'><strong>illam</strong></span> <span class='ocrx_word' id='word_1_171' title='bbox 945 2365 1139 2413; x_wconf 88' lang='lat' dir='ltr'><strong>autem</strong></span> <span class='ocrx_word' id='word_1_172' title='bbox 1186 2357 1445 2426; x_wconf 90' lang='lat' dir='ltr'><strong>laudant,</strong></span> <span class='ocrx_word' id='word_1_173' title='bbox 1488 2372 1618 2413; x_wconf 91' lang='lat' dir='ltr'><strong>cum</strong></span> <span class='ocrx_word' id='word_1_174' title='bbox 1668 2359 1950 2428; x_wconf 86' lang='lat' dir='ltr'><strong>sagacita-</strong></span> 
     </span>
    </p>
   </div>
   <div class='ocr_carea' id='block_1_27' title="bbox 259 2444 1954 2517">
    <p class='ocr_par' dir='ltr' id='par_1_27' title="bbox 259 2444 1954 2517">
     <span class='ocr_line' id='line_1_27' title="bbox 259 2444 1954 2517; baseline 0.001 -16"><span class='ocrx_word' id='word_1_175' title='bbox 259 2452 372 2501; x_wconf 90' lang='lat' dir='ltr'><strong>tem</strong></span> <span class='ocrx_word' id='word_1_176' title='bbox 405 2444 639 2515; x_wconf 84' lang='lat' dir='ltr'><strong>ingenii,</strong></span> <span class='ocrx_word' id='word_1_177' title='bbox 671 2453 726 2501; x_wconf 90' lang='lat' dir='ltr'><strong>et</strong></span> <span class='ocrx_word' id='word_1_178' title='bbox 766 2445 1029 2502; x_wconf 90' lang='lat' dir='ltr'><strong>habitum</strong></span> <span class='ocrx_word' id='word_1_179' title='bbox 1056 2447 1312 2516; x_wconf 91' lang='lat' dir='ltr'><strong>corporis</strong></span> <span class='ocrx_word' id='word_1_180' title='bbox 1341 2446 1412 2502; x_wconf 90' lang='lat' dir='ltr'><strong>ad</strong></span> <span class='ocrx_word' id='word_1_181' title='bbox 1438 2446 1632 2502; x_wconf 86' lang='lat' dir='ltr'><strong>saculi</strong></span> <span class='ocrx_word' id='word_1_182' title='bbox 1667 2448 1954 2517; x_wconf 88' lang='lat' dir='ltr'><strong>captanda</strong></span> 
     </span>
    </p>
   </div>
   <div class='ocr_carea' id='block_1_28' title="bbox 259 2532 1956 2607">
    <p class='ocr_par' dir='ltr' id='par_1_28' title="bbox 259 2532 1956 2607">
     <span class='ocr_line' id='line_1_28' title="bbox 259 2532 1956 2607; baseline 0.002 -20"><span class='ocrx_word' id='word_1_183' title='bbox 259 2532 559 2588; x_wconf 90' lang='lat' dir='ltr'><strong>commoda</strong></span> <span class='ocrx_word' id='word_1_184' title='bbox 624 2534 943 2589; x_wconf 89' lang='lat' dir='ltr'><strong>adulatorie</strong></span> <span class='ocrx_word' id='word_1_185' title='bbox 1025 2536 1388 2607; x_wconf 89' lang='lat' dir='ltr'><strong>suggerendo</strong></span> <span class='ocrx_word' id='word_1_186' title='bbox 1473 2534 1804 2604; x_wconf 90' lang='lat' dir='ltr'><strong>pradicant.</strong></span> <span class='ocrx_word' id='word_1_187' title='bbox 1892 2538 1956 2590; x_wconf 84' lang='lat' dir='ltr'><strong>In</strong></span> 
     </span>
    </p>
   </div>
   <div class='ocr_carea' id='block_1_29' title="bbox 261 2620 1955 2692">
    <p class='ocr_par' dir='ltr' id='par_1_29' title="bbox 261 2620 1955 2692">
     <span class='ocr_line' id='line_1_29' title="bbox 261 2620 1955 2692; baseline 0.001 -16"><span class='ocrx_word' id='word_1_188' title='bbox 261 2620 477 2676; x_wconf 87' lang='lat' dir='ltr'><strong>domum</strong></span> <span class='ocrx_word' id='word_1_189' title='bbox 542 2622 846 2677; x_wconf 78' lang='lat' dir='ltr'><strong>Pharaonis</strong></span> <span class='ocrx_word' id='word_1_190' title='bbox 910 2626 1104 2678; x_wconf 80' lang='lat' dir='ltr'><strong>mulier</strong></span> <span class='ocrx_word' id='word_1_191' title='bbox 1160 2624 1523 2692; x_wconf 82' lang='lat' dir='ltr'><strong>transfertur,</strong></span> <span class='ocrx_word' id='word_1_192' title='bbox 1578 2639 1710 2680; x_wconf 91' lang='lat' dir='ltr'><strong>cum</strong></span> <span class='ocrx_word' id='word_1_193' title='bbox 1770 2624 1955 2681; x_wconf 91' lang='lat' dir='ltr'><strong>mollis</strong></span> 
     </span>
    </p>
   </div>
   <div class='ocr_carea' id='block_1_30' title="bbox 257 2708 1952 2783">
    <p class='ocr_par' dir='ltr' id='par_1_30' title="bbox 257 2708 1952 2783">
     <span class='ocr_line' id='line_1_30' title="bbox 257 2708 1952 2783; baseline 0.004 -20"><span class='ocrx_word' id='word_1_194' title='bbox 257 2708 379 2780; x_wconf 92' lang='lat' dir='ltr'><strong>jam</strong></span> <span class='ocrx_word' id='word_1_195' title='bbox 408 2709 749 2780; x_wconf 90' lang='lat' dir='ltr'><strong>enervisque</strong></span> <span class='ocrx_word' id='word_1_196' title='bbox 786 2711 1054 2768; x_wconf 88' lang='lat' dir='ltr'><strong>voluntas</strong></span> <span class='ocrx_word' id='word_1_197' title='bbox 1092 2720 1523 2783; x_wconf 89' lang='lat' dir='ltr'><strong>perseveranter</strong></span> <span class='ocrx_word' id='word_1_198' title='bbox 1573 2719 1776 2769; x_wconf 91' lang='lat' dir='ltr'><strong>actura</strong></span> <span class='ocrx_word' id='word_1_199' title='bbox 1820 2728 1952 2769; x_wconf 90' lang='lat' dir='ltr'><strong>cum</strong></span> 
     </span>
    </p>
   </div>
   <div class='ocr_carea' id='block_1_31' title="bbox 264 2794 1952 2870">
    <p class='ocr_par' dir='ltr' id='par_1_31' title="bbox 264 2794 1952 2870">
     <span class='ocr_line' id='line_1_31' title="bbox 264 2794 1952 2870; baseline 0.004 -20"><span class='ocrx_word' id='word_1_200' title='bbox 264 2794 473 2851; x_wconf 81' lang='lat' dir='ltr'><strong>all‘ectu</strong></span> <span class='ocrx_word' id='word_1_201' title='bbox 521 2796 739 2852; x_wconf 88' lang='lat' dir='ltr'><strong>carnali</strong></span> <span class='ocrx_word' id='word_1_202' title='bbox 779 2797 1101 2866; x_wconf 88' lang='lat' dir='ltr'><strong>inducitur;</strong></span> <span class='ocrx_word' id='word_1_203' title='bbox 1137 2814 1237 2870; x_wconf 91' lang='lat' dir='ltr'><strong>per</strong></span> <span class='ocrx_word' id='word_1_204' title='bbox 1266 2800 1501 2856; x_wconf 92' lang='lat' dir='ltr'><strong>domum</strong></span> <span class='ocrx_word' id='word_1_205' title='bbox 1540 2800 1694 2856; x_wconf 90' lang='lat' dir='ltr'><strong>enim</strong></span> <span class='ocrx_word' id='word_1_206' title='bbox 1725 2800 1952 2856; x_wconf 88' lang='lat' dir='ltr'><strong>diutur-</strong></span> 
     </span>
    </p>
   </div>
   <div class='ocr_carea' id='block_1_32' title="bbox 263 2884 1147 2957">
    <p class='ocr_par' dir='ltr' id='par_1_32' title="bbox 263 2884 1147 2957">
     <span class='ocr_line' id='line_1_32' title="bbox 263 2884 1147 2957; baseline 0.001 -17"><span class='ocrx_word' id='word_1_207' title='bbox 263 2884 414 2941; x_wconf 87' lang='lat' dir='ltr'><strong>nitas</strong></span> <span class='ocrx_word' id='word_1_208' title='bbox 443 2885 784 2957; x_wconf 86' lang='lat' dir='ltr'><strong>intelligitur</strong></span> <span class='ocrx_word' id='word_1_209' title='bbox 811 2888 1147 2944; x_wconf 89' lang='lat' dir='ltr'><strong>mansionis.</strong></span> 
     </span>
    </p>
   </div>
   <div class='ocr_carea' id='block_1_33' title="bbox 335 2978 2034 3077">
    <p class='ocr_par' dir='ltr' id='par_1_33' title="bbox 335 2978 2034 3077">
     <span class='ocr_line' id='line_1_33' title="bbox 335 2978 2034 3077; baseline 0.001 -21"><span class='ocrx_word' id='word_1_210' title='bbox 335 2999 507 3057; x_wconf 75' lang='lat' dir='ltr'><strong>Vnns.</strong></span> <span class='ocrx_word' id='word_1_211' title='bbox 563 3003 646 3055; x_wconf 83' lang='grc'><strong>16.</strong></span> <span class='ocrx_word' id='word_1_212' title='bbox 699 3030 773 3044; x_wconf 89' lang='grc'><strong>-</strong></span> <span class='ocrx_word' id='word_1_213' title='bbox 815 3002 1030 3058; x_wconf 79' lang='lat' dir='ltr'><strong>Abram</strong></span> <span class='ocrx_word' id='word_1_214' title='bbox 1078 3020 1202 3059; x_wconf 78' lang='lat' dir='ltr'><strong>vero</strong></span> <span class='ocrx_word' id='word_1_215' title='bbox 1261 3005 1388 3060; x_wconf 85' lang='lat' dir='ltr'><strong>bene</strong></span> <span class='ocrx_word' id='word_1_216' title='bbox 1431 3019 1562 3060; x_wconf 87' lang='lat' dir='ltr'><strong>usus</strong></span> <span class='ocrx_word' id='word_1_217' title='bbox 1607 3008 1685 3060; x_wconf 86' lang='lat' dir='ltr'><strong>est</strong></span> <span class='ocrx_word' id='word_1_218' title='bbox 1732 3010 1957 3077; x_wconf 80' lang='lat' dir='ltr'><strong>propter</strong></span> <span class='ocrx_word' id='word_1_219' title='bbox 1994 2978 2034 3034; x_wconf 62' lang='grc' dir='ltr'>Ο</span> 
     </span>
    </p>
   </div>
   <div class='ocr_carea' id='block_1_34' title="bbox 264 3089 1957 3162">
    <p class='ocr_par' dir='ltr' id='par_1_34' title="bbox 264 3089 1957 3162">
     <span class='ocr_line' id='line_1_34' title="bbox 264 3089 1957 3162; baseline 0.003 -20"><span class='ocrx_word' id='word_1_220' title='bbox 264 3089 450 3156; x_wconf 88' lang='lat' dir='ltr'><strong>illam;</strong></span> <span class='ocrx_word' id='word_1_221' title='bbox 502 3091 834 3162; x_wconf 81' lang='lat' dir='ltr'><strong>fueruntque</strong></span> <span class='ocrx_word' id='word_1_222' title='bbox 862 3093 913 3145; x_wconf 88' lang='lat' dir='ltr'><strong>ei</strong></span> <span class='ocrx_word' id='word_1_223' title='bbox 963 3107 1082 3147; x_wconf 88' lang='lat' dir='ltr'><strong>oves</strong></span> <span class='ocrx_word' id='word_1_224' title='bbox 1131 3097 1181 3148; x_wconf 89' lang='lat' dir='ltr'><strong>et</strong></span> <span class='ocrx_word' id='word_1_225' title='bbox 1213 3093 1386 3159; x_wconf 85' lang='lat' dir='ltr'><strong>boves,</strong></span> <span class='ocrx_word' id='word_1_226' title='bbox 1419 3095 1566 3148; x_wconf 88' lang='lat' dir='ltr'><strong>asini</strong></span> <span class='ocrx_word' id='word_1_227' title='bbox 1609 3096 1659 3147; x_wconf 89' lang='lat' dir='ltr'><strong>et</strong></span> <span class='ocrx_word' id='word_1_228' title='bbox 1710 3095 1873 3157; x_wconf 85' lang='lat' dir='ltr'><strong>servi,</strong></span> <span class='ocrx_word' id='word_1_229' title='bbox 1906 3098 1957 3148; x_wconf 88' lang='lat' dir='ltr'><strong>et</strong></span> 
     </span>
    </p>
   </div>
   <div class='ocr_carea' id='block_1_35' title="bbox 263 3177 1954 3250">
    <p class='ocr_par' dir='ltr' id='par_1_35' title="bbox 263 3177 1954 3250">
     <span class='ocr_line' id='line_1_35' title="bbox 263 3177 1954 3250; baseline 0.004 -19"><span class='ocrx_word' id='word_1_230' title='bbox 263 3177 504 3244; x_wconf 75' lang='lat' dir='ltr'><strong>famula,</strong></span> <span class='ocrx_word' id='word_1_231' title='bbox 565 3183 616 3233; x_wconf 88' lang='lat' dir='ltr'><strong>et</strong></span> <span class='ocrx_word' id='word_1_232' title='bbox 651 3182 823 3235; x_wconf 77' lang='lat' dir='ltr'><strong>asina</strong></span> <span class='ocrx_word' id='word_1_233' title='bbox 859 3185 910 3235; x_wconf 87' lang='lat' dir='ltr'><strong>et</strong></span> <span class='ocrx_word' id='word_1_234' title='bbox 962 3182 1168 3237; x_wconf 86' lang='lat' dir='ltr'><strong>cameli.</strong></span> <span class='ocrx_word' id='word_1_235' title='bbox 1232 3182 1364 3237; x_wconf 80' lang='lat' dir='ltr'><strong>Oves</strong></span> <span class='ocrx_word' id='word_1_236' title='bbox 1401 3181 1741 3250; x_wconf 82' lang='lat' dir='ltr'><strong>fatuitatem,</strong></span> <span class='ocrx_word' id='word_1_237' title='bbox 1803 3182 1954 3237; x_wconf 88' lang='lat' dir='ltr'><strong>boves</strong></span> 
     </span>
    </p>
   </div>
   <div class='ocr_carea' id='block_1_36' title="bbox 268 3265 1958 3339">
    <p class='ocr_par' dir='ltr' id='par_1_36' title="bbox 268 3265 1958 3339">
     <span class='ocr_line' id='line_1_36' title="bbox 268 3265 1958 3339; baseline 0.001 -18"><span class='ocrx_word' id='word_1_238' title='bbox 268 3265 538 3336; x_wconf 88' lang='lat' dir='ltr'><strong>nequitia</strong></span> <span class='ocrx_word' id='word_1_239' title='bbox 608 3268 1108 3338; x_wconf 87' lang='lat' dir='ltr'><strong>ponderositatem,</strong></span> <span class='ocrx_word' id='word_1_240' title='bbox 1160 3271 1308 3325; x_wconf 84' lang='lat' dir='ltr'><strong>asini</strong></span> <span class='ocrx_word' id='word_1_241' title='bbox 1360 3269 1761 3339; x_wconf 88' lang='lat' dir='ltr'><strong>petulantiam,</strong></span> <span class='ocrx_word' id='word_1_242' title='bbox 1815 3273 1958 3325; x_wconf 84' lang='lat' dir='ltr'><strong>servi</strong></span> 
     </span>
    </p>
   </div>
   <div class='ocr_carea' id='block_1_37' title="bbox 270 3354 1952 3427">
    <p class='ocr_par' dir='ltr' id='par_1_37' title="bbox 270 3354 1952 3427">
     <span class='ocr_line' id='line_1_37' title="bbox 270 3354 1952 3427; baseline 0.002 -18"><span class='ocrx_word' id='word_1_243' title='bbox 270 3354 638 3424; x_wconf 89' lang='lat' dir='ltr'><strong>proterviam,</strong></span> <span class='ocrx_word' id='word_1_244' title='bbox 682 3357 910 3427; x_wconf 75' lang='lat' dir='ltr'><strong>famula:</strong></span> <span class='ocrx_word' id='word_1_245' title='bbox 939 3358 1330 3414; x_wconf 90' lang='lat' dir='ltr'><strong>seductibilem</strong></span> <span class='ocrx_word' id='word_1_246' title='bbox 1361 3366 1415 3414; x_wconf 89' lang='lat' dir='ltr'><strong>et</strong></span> <span class='ocrx_word' id='word_1_247' title='bbox 1443 3359 1516 3413; x_wconf 89' lang='lat' dir='ltr'><strong>ad</strong></span> <span class='ocrx_word' id='word_1_248' title='bbox 1544 3359 1739 3415; x_wconf 91' lang='lat' dir='ltr'><strong>oculos</strong></span> <span class='ocrx_word' id='word_1_249' title='bbox 1768 3359 1952 3415; x_wconf 89' lang='lat' dir='ltr'><strong>solum</strong></span> 
     </span>
    </p>
   </div>
   <div class='ocr_carea' id='block_1_38' title="bbox 270 3442 1955 3517">
    <p class='ocr_par' dir='ltr' id='par_1_38' title="bbox 270 3442 1955 3517">
     <span class='ocr_line' id='line_1_38' title="bbox 270 3442 1955 3517; baseline 0.002 -19"><span class='ocrx_word' id='word_1_250' title='bbox 270 3442 556 3499; x_wconf 90' lang='lat' dir='ltr'><strong>humanos</strong></span> <span class='ocrx_word' id='word_1_251' title='bbox 586 3444 844 3502; x_wconf 86' lang='lat' dir='ltr'><strong>timidam</strong></span> <span class='ocrx_word' id='word_1_252' title='bbox 879 3447 1303 3513; x_wconf 83' lang='lat' dir='ltr'><strong>conscientiam,</strong></span> <span class='ocrx_word' id='word_1_253' title='bbox 1345 3450 1514 3501; x_wconf 82' lang='lat' dir='ltr'><strong>asina</strong></span> <span class='ocrx_word' id='word_1_254' title='bbox 1556 3448 1955 3517; x_wconf 87' lang='lat' dir='ltr'><strong>cogitationem</strong></span> 
     </span>
    </p>
   </div>
   <div class='ocr_carea' id='block_1_39' title="bbox 270 3532 1961 3607">
    <p class='ocr_par' dir='ltr' id='par_1_39' title="bbox 270 3532 1961 3607">
     <span class='ocr_line' id='line_1_39' title="bbox 270 3532 1961 3607; baseline 0.004 -21"><span class='ocrx_word' id='word_1_255' title='bbox 270 3532 544 3588; x_wconf 91' lang='lat' dir='ltr'><strong>continua</strong></span> <span class='ocrx_word' id='word_1_256' title='bbox 600 3533 916 3603; x_wconf 87' lang='lat' dir='ltr'><strong>pollutione</strong></span> <span class='ocrx_word' id='word_1_257' title='bbox 974 3536 1297 3601; x_wconf 79' lang='lat' dir='ltr'><strong>fecundam,</strong></span> <span class='ocrx_word' id='word_1_258' title='bbox 1358 3538 1548 3591; x_wconf 84' lang='lat' dir='ltr'><strong>cameli</strong></span> <span class='ocrx_word' id='word_1_259' title='bbox 1596 3550 1845 3607; x_wconf 89' lang='lat' dir='ltr'><strong>pravum</strong></span> <span class='ocrx_word' id='word_1_260' title='bbox 1893 3551 1961 3592; x_wconf 90' lang='lat' dir='ltr'><strong>ac</strong></span> 
     </span>
    </p>
   </div>
   <div class='ocr_carea' id='block_1_40' title="bbox 269 3620 1959 3695">
    <p class='ocr_par' dir='ltr' id='par_1_40' title="bbox 269 3620 1959 3695">
     <span class='ocr_line' id='line_1_40' title="bbox 269 3620 1959 3695; baseline 0.002 -19"><span class='ocrx_word' id='word_1_261' title='bbox 269 3620 573 3678; x_wconf 87' lang='lat' dir='ltr'><strong>distortum</strong></span> <span class='ocrx_word' id='word_1_262' title='bbox 633 3623 971 3693; x_wconf 89' lang='lat' dir='ltr'><strong>appetitum,</strong></span> <span class='ocrx_word' id='word_1_263' title='bbox 1008 3631 1062 3679; x_wconf 88' lang='lat' dir='ltr'><strong>et</strong></span> <span class='ocrx_word' id='word_1_264' title='bbox 1111 3623 1179 3678; x_wconf 89' lang='lat' dir='ltr'><strong>ad</strong></span> <span class='ocrx_word' id='word_1_265' title='bbox 1235 3631 1452 3680; x_wconf 93' lang='lat' dir='ltr'><strong>motum</strong></span> <span class='ocrx_word' id='word_1_266' title='bbox 1501 3625 1674 3682; x_wconf 92' lang='lat' dir='ltr'><strong>totius</strong></span> <span class='ocrx_word' id='word_1_267' title='bbox 1725 3640 1959 3695; x_wconf 89' lang='lat' dir='ltr'><strong>perver-</strong></span> 
     </span>
    </p>
   </div>
   <div class='ocr_carea' id='block_1_41' title="bbox 270 3710 1963 3783">
    <p class='ocr_par' dir='ltr' id='par_1_41' title="bbox 270 3710 1963 3783">
     <span class='ocr_line' id='line_1_41' title="bbox 270 3710 1963 3783; baseline 0.004 -20"><span class='ocrx_word' id='word_1_268' title='bbox 270 3710 453 3766; x_wconf 88' lang='lat' dir='ltr'><strong>sitatis</strong></span> <span class='ocrx_word' id='word_1_269' title='bbox 481 3711 787 3781; x_wconf 89' lang='lat' dir='ltr'><strong>acclinem;</strong></span> <span class='ocrx_word' id='word_1_270' title='bbox 819 3712 1074 3767; x_wconf 88' lang='lat' dir='ltr'><strong>camelus</strong></span> <span class='ocrx_word' id='word_1_271' title='bbox 1108 3727 1361 3783; x_wconf 86' lang='lat' dir='ltr'><strong>namque</strong></span> <span class='ocrx_word' id='word_1_272' title='bbox 1392 3728 1425 3769; x_wconf 91' lang='lat' dir='ltr'><strong>a</strong></span> <span class='ocrx_word' id='word_1_273' title='bbox 1453 3715 1738 3771; x_wconf 89' lang='lat' dir='ltr'><strong>curvitate</strong></span> <span class='ocrx_word' id='word_1_274' title='bbox 1766 3714 1963 3771; x_wconf 87' lang='lat' dir='ltr'><strong>Graca</strong></span> 
     </span>
    </p>
   </div>
   <div class='ocr_carea' id='block_1_42' title="bbox 271 3800 1964 3869">
    <p class='ocr_par' dir='ltr' id='par_1_42' title="bbox 271 3800 1964 3869">
     <span class='ocr_line' id='line_1_42' title="bbox 271 3800 1964 3869; baseline 0.003 -16"><span class='ocrx_word' id='word_1_275' title='bbox 271 3800 623 3856; x_wconf 88' lang='lat' dir='ltr'><strong>derivatione</strong></span> <span class='ocrx_word' id='word_1_276' title='bbox 653 3808 910 3856; x_wconf 87' lang='lat' dir='ltr'><strong>vocatur.</strong></span> <span class='ocrx_word' id='word_1_277' title='bbox 954 3801 1102 3857; x_wconf 90' lang='lat' dir='ltr'><strong>Bene</strong></span> <span class='ocrx_word' id='word_1_278' title='bbox 1139 3810 1329 3858; x_wconf 89' lang='lat' dir='ltr'><strong>autem</strong></span> <span class='ocrx_word' id='word_1_279' title='bbox 1361 3803 1633 3869; x_wconf 87' lang='lat' dir='ltr'><strong>exterius,</strong></span> <span class='ocrx_word' id='word_1_280' title='bbox 1666 3817 1783 3858; x_wconf 90' lang='lat' dir='ltr'><strong>non</strong></span> <span class='ocrx_word' id='word_1_281' title='bbox 1825 3803 1964 3858; x_wconf 88' lang='lat' dir='ltr'><strong>inte-</strong></span> 
     </span>
    </p>
   </div>
   <div class='ocr_carea' id='block_1_43' title="bbox 274 3887 1961 3957">
    <p class='ocr_par' dir='ltr' id='par_1_43' title="bbox 274 3887 1961 3957">
     <span class='ocr_line' id='line_1_43' title="bbox 274 3887 1961 3957; baseline 0.002 -15"><span class='ocrx_word' id='word_1_282' title='bbox 274 3887 398 3943; x_wconf 90' lang='lat' dir='ltr'><strong>rius</strong></span> <span class='ocrx_word' id='word_1_283' title='bbox 443 3889 664 3945; x_wconf 88' lang='lat' dir='ltr'><strong>Pharao</strong></span> <span class='ocrx_word' id='word_1_284' title='bbox 695 3890 900 3946; x_wconf 82' lang='lat' dir='ltr'><strong>Abram</strong></span> <span class='ocrx_word' id='word_1_285' title='bbox 937 3891 1137 3957; x_wconf 88' lang='lat' dir='ltr'><strong>utitur,</strong></span> <span class='ocrx_word' id='word_1_286' title='bbox 1173 3892 1312 3947; x_wconf 89' lang='lat' dir='ltr'><strong>dum</strong></span> <span class='ocrx_word' id='word_1_287' title='bbox 1354 3905 1468 3947; x_wconf 90' lang='lat' dir='ltr'><strong>non</strong></span> <span class='ocrx_word' id='word_1_288' title='bbox 1499 3892 1650 3947; x_wconf 90' lang='lat' dir='ltr'><strong>veris</strong></span> <span class='ocrx_word' id='word_1_289' title='bbox 1679 3892 1775 3947; x_wconf 88' lang='lat' dir='ltr'><strong>sed</strong></span> <span class='ocrx_word' id='word_1_290' title='bbox 1811 3892 1961 3948; x_wconf 89' lang='lat' dir='ltr'><strong>ima-</strong></span> 
     </span>
    </p>
   </div>
   <div class='ocr_carea' id='block_1_44' title="bbox 275 3975 1964 4050">
    <p class='ocr_par' dir='ltr' id='par_1_44' title="bbox 275 3975 1964 4050">
     <span class='ocr_line' id='line_1_44' title="bbox 275 3975 1964 4050; baseline 0.003 -21"><span class='ocrx_word' id='word_1_291' title='bbox 275 3975 532 4046; x_wconf 88' lang='lat' dir='ltr'><strong>ginariis,</strong></span> <span class='ocrx_word' id='word_1_292' title='bbox 592 3977 647 4032; x_wconf 93' lang='lat' dir='ltr'><strong>id</strong></span> <span class='ocrx_word' id='word_1_293' title='bbox 697 3987 781 4034; x_wconf 90' lang='lat' dir='ltr'><strong>est</strong></span> <span class='ocrx_word' id='word_1_294' title='bbox 825 3979 1238 4049; x_wconf 90' lang='lat' dir='ltr'><strong>temporalibus</strong></span> <span class='ocrx_word' id='word_1_295' title='bbox 1283 3980 1467 4047; x_wconf 90' lang='lat' dir='ltr'><strong>bonis,</strong></span> <span class='ocrx_word' id='word_1_296' title='bbox 1519 3995 1622 4050; x_wconf 91' lang='lat' dir='ltr'><strong>pro</strong></span> <span class='ocrx_word' id='word_1_297' title='bbox 1665 3979 1964 4036; x_wconf 89' lang='lat' dir='ltr'><strong>voluntate</strong></span> 
     </span>
    </p>
   </div>
   <div class='ocr_carea' id='block_1_45' title="bbox 273 4066 1382 4136">
    <p class='ocr_par' dir='ltr' id='par_1_45' title="bbox 273 4066 1382 4136">
     <span class='ocr_line' id='line_1_45' title="bbox 273 4066 1382 4136; baseline 0.005 -16"><span class='ocrx_word' id='word_1_298' title='bbox 273 4074 546 4136; x_wconf 89' lang='lat' dir='ltr'><strong>corrupta</strong></span> <span class='ocrx_word' id='word_1_299' title='bbox 574 4066 718 4122; x_wconf 87' lang='lat' dir='ltr'><strong>ratio</strong></span> <span class='ocrx_word' id='word_1_300' title='bbox 748 4067 820 4123; x_wconf 89' lang='lat' dir='ltr'><strong>ab</strong></span> <span class='ocrx_word' id='word_1_301' title='bbox 853 4066 1060 4124; x_wconf 75' lang='lat' dir='ltr'><strong>affectu</strong></span> <span class='ocrx_word' id='word_1_302' title='bbox 1089 4069 1382 4125; x_wconf 91' lang='lat' dir='ltr'><strong>delinitur.</strong></span> 
     </span>
    </p>
   </div>
   <div class='ocr_carea' id='block_1_46' title="bbox 344 4172 1964 4241">
    <p class='ocr_par' dir='ltr' id='par_1_46' title="bbox 344 4172 1964 4241">
     <span class='ocr_line' id='line_1_46' title="bbox 344 4172 1964 4241; baseline 0.001 -14"><span class='ocrx_word' id='word_1_303' title='bbox 344 4172 522 4228; x_wconf 78' lang='lat' dir='ltr'><strong>Vnus.</strong></span> <span class='ocrx_word' id='word_1_304' title='bbox 578 4176 658 4237; x_wconf 85' lang='lat' dir='ltr'><strong>l7,</strong></span> <span class='ocrx_word' id='word_1_305' title='bbox 697 4175 782 4237; x_wconf 85' lang='lat' dir='ltr'><strong>l8,</strong></span> <span class='ocrx_word' id='word_1_306' title='bbox 839 4177 923 4229; x_wconf 84' lang='lat' dir='ltr'><strong>l9.</strong></span> <span class='ocrx_word' id='word_1_307' title='bbox 962 4204 1034 4216; x_wconf 95' lang='lat'><em>—</em></span> <span class='ocrx_word' id='word_1_308' title='bbox 1091 4176 1413 4241; x_wconf 86' lang='lat' dir='ltr'><strong>Flagellavit</strong></span> <span class='ocrx_word' id='word_1_309' title='bbox 1467 4179 1647 4229; x_wconf 86' lang='lat' dir='ltr'><strong>autem</strong></span> <span class='ocrx_word' id='word_1_310' title='bbox 1701 4178 1964 4230; x_wconf 82' lang='lat' dir='ltr'><strong>Dominus</strong></span> 
     </span>
    </p>
   </div>
   <div class='ocr_carea' id='block_1_47' title="bbox 2038 464 3749 536">
    <p class='ocr_par' dir='ltr' id='par_1_47' title="bbox 2038 464 3749 536">
     <span class='ocr_line' id='line_1_47' title="bbox 2038 464 3749 536; baseline -0.001 -15"><span class='ocrx_word' id='word_1_311' title='bbox 2038 466 2218 522; x_wconf 84' lang='lat' dir='ltr'><strong>sivisti</strong></span> <span class='ocrx_word' id='word_1_312' title='bbox 2278 472 2393 522; x_wconf 91' lang='lat' dir='ltr'><strong>tam</strong></span> <span class='ocrx_word' id='word_1_313' title='bbox 2453 466 2650 522; x_wconf 84' lang='lat' dir='ltr'><strong>leviter</strong></span> <span class='ocrx_word' id='word_1_314' title='bbox 2705 464 2947 521; x_wconf 90' lang='lat' dir='ltr'><strong>distrahi</strong></span> <span class='ocrx_word' id='word_1_315' title='bbox 3005 478 3037 520; x_wconf 89' lang='lat' dir='ltr'><strong>a</strong></span> <span class='ocrx_word' id='word_1_316' title='bbox 3096 472 3149 521; x_wconf 91' lang='lat' dir='ltr'><strong>te</strong></span> <span class='ocrx_word' id='word_1_317' title='bbox 3203 479 3304 536; x_wconf 89' lang='lat' dir='ltr'><strong>per</strong></span> <span class='ocrx_word' id='word_1_318' title='bbox 3348 465 3553 536; x_wconf 88' lang='lat' dir='ltr'><strong>inepta</strong></span> <span class='ocrx_word' id='word_1_319' title='bbox 3602 480 3749 521; x_wconf 69' lang='lat' dir='ltr'><strong>mea:</strong></span> 
     </span>
    </p>
   </div>
   <div class='ocr_carea' id='block_1_48' title="bbox 2040 554 3749 624">
    <p class='ocr_par' dir='ltr' id='par_1_48' title="bbox 2040 554 3749 624">
     <span class='ocr_line' id='line_1_48' title="bbox 2040 554 3749 624; baseline -0.001 -14"><span class='ocrx_word' id='word_1_320' title='bbox 2040 555 2353 611; x_wconf 81' lang='lat' dir='ltr'><strong>alTectionis</strong></span> <span class='ocrx_word' id='word_1_321' title='bbox 2395 554 2890 610; x_wconf 77' lang='lat' dir='ltr'><strong>fraudulentiam?</strong></span> <span class='ocrx_word' id='word_1_322' title='bbox 2923 555 3144 610; x_wconf 90' lang='lat' dir='ltr'><strong>Pacatis</strong></span> <span class='ocrx_word' id='word_1_323' title='bbox 3187 554 3383 624; x_wconf 82' lang='lat' dir='ltr'><strong>itaque</strong></span> <span class='ocrx_word' id='word_1_324' title='bbox 3416 569 3556 610; x_wconf 85' lang='lat' dir='ltr'><strong>mea</strong></span> <span class='ocrx_word' id='word_1_325' title='bbox 3601 554 3749 609; x_wconf 91' lang='lat' dir='ltr'><strong>irri—</strong></span> 
     </span>
    </p>
   </div>
   <div class='ocr_carea' id='block_1_49' title="bbox 2044 640 3748 713">
    <p class='ocr_par' dir='ltr' id='par_1_49' title="bbox 2044 640 3748 713">
     <span class='ocr_line' id='line_1_49' title="bbox 2044 640 3748 713; baseline -0.004 -14"><span class='ocrx_word' id='word_1_326' title='bbox 2044 646 2271 700; x_wconf 85' lang='lat' dir='ltr'><strong>tationis</strong></span> <span class='ocrx_word' id='word_1_327' title='bbox 2315 644 2539 700; x_wconf 87' lang='lat' dir='ltr'><strong>cunctis</strong></span> <span class='ocrx_word' id='word_1_328' title='bbox 2587 643 2918 699; x_wconf 55' lang='lat' dir='ltr'><strong>incursibus</strong></span> <span class='ocrx_word' id='word_1_329' title='bbox 2964 647 3150 713; x_wconf 81' lang='lat' dir='ltr'><strong>accipe</strong></span> <span class='ocrx_word' id='word_1_330' title='bbox 3202 659 3337 711; x_wconf 88' lang='lat' dir='ltr'><strong>eam,</strong></span> <span class='ocrx_word' id='word_1_331' title='bbox 3375 643 3431 699; x_wconf 90' lang='lat' dir='ltr'><strong>id</strong></span> <span class='ocrx_word' id='word_1_332' title='bbox 3473 652 3576 703; x_wconf 88' lang='lat' dir='ltr'><strong>est.</strong></span> <span class='ocrx_word' id='word_1_333' title='bbox 3612 640 3748 698; x_wconf 81' lang='lat' dir='ltr'><strong>forti</strong></span> 
     </span>
    </p>
   </div>
   <div class='ocr_carea' id='block_1_50' title="bbox 2042 733 3748 803">
    <p class='ocr_par' dir='ltr' id='par_1_50' title="bbox 2042 733 3748 803">
     <span class='ocr_line' id='line_1_50' title="bbox 2042 733 3748 803; baseline -0.002 -15"><span class='ocrx_word' id='word_1_334' title='bbox 2042 734 2395 789; x_wconf 87' lang='lat' dir='ltr'><strong>continentia</strong></span> <span class='ocrx_word' id='word_1_335' title='bbox 2457 748 2491 788; x_wconf 89' lang='lat' dir='ltr'><strong>a</strong></span> <span class='ocrx_word' id='word_1_336' title='bbox 2540 735 2707 788; x_wconf 87' lang='lat' dir='ltr'><strong>modo</strong></span> <span class='ocrx_word' id='word_1_337' title='bbox 2756 735 2851 787; x_wconf 79' lang='lat' dir='ltr'><strong>th;</strong></span> <span class='ocrx_word' id='word_1_338' title='bbox 2906 733 3185 803; x_wconf 85' lang='lat' dir='ltr'><strong>restringe</strong></span> <span class='ocrx_word' id='word_1_339' title='bbox 3243 746 3586 800; x_wconf 86' lang='lat' dir='ltr'><strong>connexam,</strong></span> <span class='ocrx_word' id='word_1_340' title='bbox 3644 733 3748 786; x_wconf 84' lang='lat' dir='ltr'><strong>sed</strong></span> 
     </span>
    </p>
   </div>
   <div class='ocr_carea' id='block_1_51' title="bbox 2044 821 3752 892">
    <p class='ocr_par' dir='ltr' id='par_1_51' title="bbox 2044 821 3752 892">
     <span class='ocr_line' id='line_1_51' title="bbox 2044 821 3752 892; baseline -0.001 -15"><span class='ocrx_word' id='word_1_341' title='bbox 2044 828 2230 878; x_wconf 89' lang='lat' dir='ltr'><strong>tamen</strong></span> <span class='ocrx_word' id='word_1_342' title='bbox 2284 822 2644 892; x_wconf 88' lang='lat' dir='ltr'><strong>postmodum</strong></span> <span class='ocrx_word' id='word_1_343' title='bbox 2692 821 3037 891; x_wconf 88' lang='lat' dir='ltr'><strong>quantocius</strong></span> <span class='ocrx_word' id='word_1_344' title='bbox 3078 821 3232 883; x_wconf 87' lang='lat' dir='ltr'><strong>vade,</strong></span> <span class='ocrx_word' id='word_1_345' title='bbox 3266 821 3322 876; x_wconf 92' lang='lat' dir='ltr'><strong>id</strong></span> <span class='ocrx_word' id='word_1_346' title='bbox 3364 828 3471 889; x_wconf 87' lang='lat' dir='ltr'><strong>est,</strong></span> <span class='ocrx_word' id='word_1_347' title='bbox 3519 821 3577 875; x_wconf 90' lang='lat' dir='ltr'><strong>in</strong></span> <span class='ocrx_word' id='word_1_348' title='bbox 3620 835 3752 875; x_wconf 87' lang='lat' dir='ltr'><strong>me—</strong></span> 
     </span>
    </p>
   </div>
   <div class='ocr_carea' id='block_1_52' title="bbox 2046 909 3751 980">
    <p class='ocr_par' dir='ltr' id='par_1_52' title="bbox 2046 909 3751 980">
     <span class='ocr_line' id='line_1_52' title="bbox 2046 909 3751 980; baseline -0.002 -15"><span class='ocrx_word' id='word_1_349' title='bbox 2046 910 2159 966; x_wconf 91' lang='lat' dir='ltr'><strong>lius</strong></span> <span class='ocrx_word' id='word_1_350' title='bbox 2230 911 2500 980; x_wconf 83' lang='lat' dir='ltr'><strong>prolicere</strong></span> <span class='ocrx_word' id='word_1_351' title='bbox 2561 910 2745 977; x_wconf 86' lang='lat' dir='ltr'><strong>stude,</strong></span> <span class='ocrx_word' id='word_1_352' title='bbox 2814 909 3041 965; x_wconf 88' lang='lat' dir='ltr'><strong>declina</strong></span> <span class='ocrx_word' id='word_1_353' title='bbox 3095 924 3129 965; x_wconf 89' lang='lat' dir='ltr'><strong>a</strong></span> <span class='ocrx_word' id='word_1_354' title='bbox 3193 909 3360 977; x_wconf 88' lang='lat' dir='ltr'><strong>malo,</strong></span> <span class='ocrx_word' id='word_1_355' title='bbox 3423 916 3477 966; x_wconf 91' lang='lat' dir='ltr'><strong>et</strong></span> <span class='ocrx_word' id='word_1_356' title='bbox 3539 909 3751 965; x_wconf 63' lang='lat' dir='ltr'><strong>deinde</strong></span> 
     </span>
    </p>
   </div>
   <div class='ocr_carea' id='block_1_53' title="bbox 2048 998 3327 1069">
    <p class='ocr_par' dir='ltr' id='par_1_53' title="bbox 2048 998 3327 1069">
     <span class='ocr_line' id='line_1_53' title="bbox 2048 998 3327 1069; baseline -0.003 -15"><span class='ocrx_word' id='word_1_357' title='bbox 2048 999 2289 1069; x_wconf 79' lang='lat' dir='ltr'><strong>impiger</strong></span> <span class='ocrx_word' id='word_1_358' title='bbox 2328 999 2496 1054; x_wconf 78' lang='lat' dir='ltr'><strong>facito</strong></span> <span class='ocrx_word' id='word_1_359' title='bbox 2531 999 2746 1054; x_wconf 89' lang='lat' dir='ltr'><strong>bonum</strong></span> <span class='ocrx_word' id='word_1_360' title='bbox 2779 998 2952 1068; x_wconf 83' lang='lat' dir='ltr'><strong>(Psal.</strong></span> <span class='ocrx_word' id='word_1_361' title='bbox 2988 1012 3186 1064; x_wconf 69' lang='lat' dir='ltr'><strong>xxxvn,</strong></span> <span class='ocrx_word' id='word_1_362' title='bbox 3218 999 3327 1066; x_wconf 76' lang='lat'><strong>27).</strong></span> 
     </span>
    </p>
   </div>
   <div class='ocr_carea' id='block_1_54' title="bbox 2123 1086 3745 1155">
    <p class='ocr_par' dir='ltr' id='par_1_54' title="bbox 2123 1086 3745 1155">
     <span class='ocr_line' id='line_1_54' title="bbox 2123 1086 3745 1155; baseline 0 -16"><span class='ocrx_word' id='word_1_363' title='bbox 2123 1089 2284 1143; x_wconf 77' lang='lat' dir='ltr'><strong>Vnus.</strong></span> <span class='ocrx_word' id='word_1_364' title='bbox 2339 1090 2426 1141; x_wconf 81' lang='lat'><strong>&#39;20.</strong></span> <span class='ocrx_word' id='word_1_365' title='bbox 2479 1117 2545 1126; x_wconf 90' lang='lat'><strong><em>—</em></strong></span> <span class='ocrx_word' id='word_1_366' title='bbox 2600 1088 2961 1155; x_wconf 83' lang='lat' dir='ltr'><strong>Pracepitque</strong></span> <span class='ocrx_word' id='word_1_367' title='bbox 3036 1088 3249 1141; x_wconf 88' lang='lat' dir='ltr'><strong>Pharao</strong></span> <span class='ocrx_word' id='word_1_368' title='bbox 3306 1102 3473 1155; x_wconf 80' lang='lat' dir='ltr'><strong>super</strong></span> <span class='ocrx_word' id='word_1_369' title='bbox 3538 1086 3745 1140; x_wconf 76' lang='lat' dir='ltr'><strong>Abram</strong></span> 
     </span>
    </p>
   </div>
   <div class='ocr_carea' id='block_1_55' title="bbox 2048 1177 3751 1244">
    <p class='ocr_par' dir='ltr' id='par_1_55' title="bbox 2048 1177 3751 1244">
     <span class='ocr_line' id='line_1_55' title="bbox 2048 1177 3751 1244; baseline -0.001 -15"><span class='ocrx_word' id='word_1_370' title='bbox 2048 1178 2207 1243; x_wconf 76' lang='lat' dir='ltr'><strong>viris,</strong></span> <span class='ocrx_word' id='word_1_371' title='bbox 2260 1182 2310 1232; x_wconf 91' lang='lat' dir='ltr'><strong>et</strong></span> <span class='ocrx_word' id='word_1_372' title='bbox 2342 1177 2686 1230; x_wconf 69' lang='lat' dir='ltr'><strong>deduxerunt</strong></span> <span class='ocrx_word' id='word_1_373' title='bbox 2729 1191 2847 1229; x_wconf 88' lang='lat' dir='ltr'><strong>eum</strong></span> <span class='ocrx_word' id='word_1_374' title='bbox 2883 1181 2933 1229; x_wconf 85' lang='lat' dir='ltr'><strong>et</strong></span> <span class='ocrx_word' id='word_1_375' title='bbox 2980 1192 3202 1230; x_wconf 71' lang='lat' dir='ltr'><strong>umorem</strong></span> <span class='ocrx_word' id='word_1_376' title='bbox 3258 1177 3396 1244; x_wconf 87' lang='lat' dir='ltr'><strong>ejus,</strong></span> <span class='ocrx_word' id='word_1_377' title='bbox 3456 1180 3511 1230; x_wconf 88' lang='lat' dir='ltr'><strong>et</strong></span> <span class='ocrx_word' id='word_1_378' title='bbox 3561 1179 3751 1230; x_wconf 82' lang='lat' dir='ltr'><strong>omnia</strong></span> 
     </span>
    </p>
   </div>
   <div class='ocr_carea' id='block_1_56' title="bbox 2048 1264 3747 1335">
    <p class='ocr_par' dir='ltr' id='par_1_56' title="bbox 2048 1264 3747 1335">
     <span class='ocr_line' id='line_1_56' title="bbox 2048 1264 3747 1335; baseline -0.002 -15"><span class='ocrx_word' id='word_1_379' title='bbox 2048 1282 2167 1335; x_wconf 82' lang='lat' dir='ltr'><strong>qua</strong></span> <span class='ocrx_word' id='word_1_380' title='bbox 2216 1266 2465 1319; x_wconf 83' lang='lat' dir='ltr'><strong>habebat.</strong></span> <span class='ocrx_word' id='word_1_381' title='bbox 2517 1295 2584 1304; x_wconf 91' lang='lat'><strong>—</strong></span> <span class='ocrx_word' id='word_1_382' title='bbox 2630 1265 2788 1332; x_wconf 76' lang='lat' dir='ltr'><strong>(CAP.</strong></span> <span class='ocrx_word' id='word_1_383' title='bbox 2841 1279 2960 1331; x_wconf 85' lang='lat' dir='ltr'><strong>xui,</strong></span> <span class='ocrx_word' id='word_1_384' title='bbox 2996 1265 3175 1321; x_wconf 81' lang='lat' dir='ltr'><strong>Vnus.</strong></span> <span class='ocrx_word' id='word_1_385' title='bbox 3233 1264 3311 1334; x_wconf 85' lang='grc'><strong>1).</strong></span> <span class='ocrx_word' id='word_1_386' title='bbox 3374 1265 3747 1334; x_wconf 82' lang='lat' dir='ltr'><strong>Ascenditque</strong></span> 
     </span>
    </p>
   </div>
   <div class='ocr_carea' id='block_1_57' title="bbox 2052 1352 3752 1421">
    <p class='ocr_par' dir='ltr' id='par_1_57' title="bbox 2052 1352 3752 1421">
     <span class='ocr_line' id='line_1_57' title="bbox 2052 1352 3752 1421; baseline -0.001 -15"><span class='ocrx_word' id='word_1_387' title='bbox 2052 1354 2266 1406; x_wconf 74' lang='lat' dir='ltr'><strong>Abram</strong></span> <span class='ocrx_word' id='word_1_388' title='bbox 2307 1369 2371 1407; x_wconf 75' lang='lat' dir='ltr'><strong>ea:</strong></span> <span class='ocrx_word' id='word_1_389' title='bbox 2402 1355 2653 1420; x_wconf 58' lang='lat' dir='ltr'><strong>Egi/pta,</strong></span> <span class='ocrx_word' id='word_1_390' title='bbox 2709 1354 2826 1420; x_wconf 90' lang='lat' dir='ltr'><strong>ipse</strong></span> <span class='ocrx_word' id='word_1_391' title='bbox 2862 1356 2913 1406; x_wconf 87' lang='lat' dir='ltr'><strong>et</strong></span> <span class='ocrx_word' id='word_1_392' title='bbox 2962 1368 3102 1405; x_wconf 71' lang='lat' dir='ltr'><strong>umor</strong></span> <span class='ocrx_word' id='word_1_393' title='bbox 3137 1352 3276 1419; x_wconf 83' lang='lat' dir='ltr'><strong>ejus,</strong></span> <span class='ocrx_word' id='word_1_394' title='bbox 3305 1356 3356 1406; x_wconf 89' lang='lat' dir='ltr'><strong>et</strong></span> <span class='ocrx_word' id='word_1_395' title='bbox 3396 1353 3578 1405; x_wconf 81' lang='lat' dir='ltr'><strong>omnia</strong></span> <span class='ocrx_word' id='word_1_396' title='bbox 3624 1368 3752 1421; x_wconf 71' lang='lat' dir='ltr'><strong>quae</strong></span> 
     </span>
    </p>
   </div>
   <div class='ocr_carea' id='block_1_58' title="bbox 2051 1440 3753 1511">
    <p class='ocr_par' dir='ltr' id='par_1_58' title="bbox 2051 1440 3753 1511">
     <span class='ocr_line' id='line_1_58' title="bbox 2051 1440 3753 1511; baseline 0 -17"><span class='ocrx_word' id='word_1_397' title='bbox 2051 1442 2299 1507; x_wconf 84' lang='lat' dir='ltr'><strong>habebat,</strong></span> <span class='ocrx_word' id='word_1_398' title='bbox 2348 1447 2398 1494; x_wconf 84' lang='lat' dir='ltr'><strong>et</strong></span> <span class='ocrx_word' id='word_1_399' title='bbox 2445 1441 2582 1496; x_wconf 84' lang='lat' dir='ltr'><strong>Loth</strong></span> <span class='ocrx_word' id='word_1_400' title='bbox 2628 1456 2747 1494; x_wconf 91' lang='lat' dir='ltr'><strong>cum</strong></span> <span class='ocrx_word' id='word_1_401' title='bbox 2778 1455 2834 1494; x_wconf 92' lang='lat' dir='ltr'><strong>eo</strong></span> <span class='ocrx_word' id='word_1_402' title='bbox 2865 1440 2938 1493; x_wconf 86' lang='lat' dir='ltr'><strong>ad</strong></span> <span class='ocrx_word' id='word_1_403' title='bbox 2967 1442 3261 1494; x_wconf 87' lang='lat' dir='ltr'><strong>australem</strong></span> <span class='ocrx_word' id='word_1_404' title='bbox 3300 1441 3543 1511; x_wconf 87' lang='lat' dir='ltr'><strong>plagam.</strong></span> <span class='ocrx_word' id='word_1_405' title='bbox 3599 1442 3753 1494; x_wconf 83' lang='lat' dir='ltr'><strong>Pha-</strong></span> 
     </span>
    </p>
   </div>
   <div class='ocr_carea' id='block_1_59' title="bbox 2048 1528 3755 1599">
    <p class='ocr_par' dir='ltr' id='par_1_59' title="bbox 2048 1528 3755 1599">
     <span class='ocr_line' id='line_1_59' title="bbox 2048 1528 3755 1599; baseline 0.002 -18"><span class='ocrx_word' id='word_1_406' title='bbox 2048 1544 2147 1583; x_wconf 87' lang='lat' dir='ltr'><strong>rao</strong></span> <span class='ocrx_word' id='word_1_407' title='bbox 2202 1543 2366 1598; x_wconf 85' lang='lat' dir='ltr'><strong>super</strong></span> <span class='ocrx_word' id='word_1_408' title='bbox 2413 1529 2622 1583; x_wconf 86' lang='lat' dir='ltr'><strong>Abram</strong></span> <span class='ocrx_word' id='word_1_409' title='bbox 2684 1530 2817 1583; x_wconf 85' lang='lat' dir='ltr'><strong>viris</strong></span> <span class='ocrx_word' id='word_1_410' title='bbox 2872 1528 3151 1599; x_wconf 87' lang='lat' dir='ltr'><strong>pracipit,</strong></span> <span class='ocrx_word' id='word_1_411' title='bbox 3214 1543 3344 1585; x_wconf 91' lang='lat' dir='ltr'><strong>cum</strong></span> <span class='ocrx_word' id='word_1_412' title='bbox 3399 1528 3497 1585; x_wconf 89' lang='lat' dir='ltr'><strong>Dei</strong></span> <span class='ocrx_word' id='word_1_413' title='bbox 3543 1528 3755 1584; x_wconf 87' lang='lat' dir='ltr'><strong>timore</strong></span> 
     </span>
    </p>
   </div>
   <div class='ocr_carea' id='block_1_60' title="bbox 2051 1616 3760 1687">
    <p class='ocr_par' dir='ltr' id='par_1_60' title="bbox 2051 1616 3760 1687">
     <span class='ocr_line' id='line_1_60' title="bbox 2051 1616 3760 1687; baseline 0 -15"><span class='ocrx_word' id='word_1_414' title='bbox 2051 1623 2435 1686; x_wconf 89' lang='lat' dir='ltr'><strong>compunctus</strong></span> <span class='ocrx_word' id='word_1_415' title='bbox 2510 1617 2763 1673; x_wconf 88' lang='lat' dir='ltr'><strong>carnalis</strong></span> <span class='ocrx_word' id='word_1_416' title='bbox 2825 1617 3113 1687; x_wconf 88' lang='lat' dir='ltr'><strong>appetitus</strong></span> <span class='ocrx_word' id='word_1_417' title='bbox 3183 1617 3450 1673; x_wconf 90' lang='lat' dir='ltr'><strong>virilibus</strong></span> <span class='ocrx_word' id='word_1_418' title='bbox 3510 1616 3760 1672; x_wconf 90' lang='lat' dir='ltr'><strong>rationis</strong></span> 
     </span>
    </p>
   </div>
   <div class='ocr_carea' id='block_1_61' title="bbox 2053 1705 3762 1776">
    <p class='ocr_par' dir='ltr' id='par_1_61' title="bbox 2053 1705 3762 1776">
     <span class='ocr_line' id='line_1_61' title="bbox 2053 1705 3762 1776; baseline -0.002 -13"><span class='ocrx_word' id='word_1_419' title='bbox 2053 1706 2319 1763; x_wconf 86' lang='lat' dir='ltr'><strong>sensibus</strong></span> <span class='ocrx_word' id='word_1_420' title='bbox 2365 1706 2762 1762; x_wconf 89' lang='lat' dir='ltr'><strong>auctoritatem</strong></span> <span class='ocrx_word' id='word_1_421' title='bbox 2815 1706 3061 1776; x_wconf 82' lang='lat' dir='ltr'><strong>propriae</strong></span> <span class='ocrx_word' id='word_1_422' title='bbox 3104 1705 3500 1776; x_wconf 89' lang='lat' dir='ltr'><strong>opitulationis</strong></span> <span class='ocrx_word' id='word_1_423' title='bbox 3532 1705 3762 1776; x_wconf 90' lang='lat' dir='ltr'><strong>adjun-</strong></span> 
     </span>
    </p>
   </div>
   <div class='ocr_carea' id='block_1_62' title="bbox 2019 1794 3759 1866">
    <p class='ocr_par' dir='ltr' id='par_1_62' title="bbox 2019 1794 3759 1866">
     <span class='ocr_line' id='line_1_62' title="bbox 2019 1794 3759 1866; baseline 0.002 -20"><span class='ocrx_word' id='word_1_424' title='bbox 2019 1842 2022 1846; x_wconf 35' lang='grc' dir='ltr'>λ</span> <span class='ocrx_word' id='word_1_425' title='bbox 2054 1794 2164 1866; x_wconf 89' lang='lat' dir='ltr'><strong>git;</strong></span> <span class='ocrx_word' id='word_1_426' title='bbox 2197 1794 2491 1851; x_wconf 89' lang='lat' dir='ltr'><strong>deducunt</strong></span> <span class='ocrx_word' id='word_1_427' title='bbox 2519 1809 2673 1861; x_wconf 90' lang='lat' dir='ltr'><strong>eum,</strong></span> <span class='ocrx_word' id='word_1_428' title='bbox 2723 1799 2774 1849; x_wconf 79' lang='lat' dir='ltr'><strong>et</strong></span> <span class='ocrx_word' id='word_1_429' title='bbox 2814 1811 3059 1862; x_wconf 71' lang='lat' dir='ltr'><strong>umorem,</strong></span> <span class='ocrx_word' id='word_1_430' title='bbox 3107 1802 3162 1850; x_wconf 89' lang='lat' dir='ltr'><strong>et</strong></span> <span class='ocrx_word' id='word_1_431' title='bbox 3208 1808 3340 1864; x_wconf 91' lang='lat' dir='ltr'><strong>qua</strong></span> <span class='ocrx_word' id='word_1_432' title='bbox 3390 1794 3579 1861; x_wconf 89' lang='lat' dir='ltr'><strong>habet,</strong></span> <span class='ocrx_word' id='word_1_433' title='bbox 3614 1808 3759 1850; x_wconf 89' lang='lat' dir='ltr'><strong>cum</strong></span> 
     </span>
    </p>
   </div>
   <div class='ocr_carea' id='block_1_63' title="bbox 2053 1882 3759 1955">
    <p class='ocr_par' dir='ltr' id='par_1_63' title="bbox 2053 1882 3759 1955">
     <span class='ocr_line' id='line_1_63' title="bbox 2053 1882 3759 1955; baseline 0 -17"><span class='ocrx_word' id='word_1_434' title='bbox 2053 1884 2127 1939; x_wconf 91' lang='lat' dir='ltr'><strong>ad</strong></span> <span class='ocrx_word' id='word_1_435' title='bbox 2173 1883 2587 1953; x_wconf 86' lang='lat' dir='ltr'><strong>expediendam</strong></span> <span class='ocrx_word' id='word_1_436' title='bbox 2632 1882 3199 1949; x_wconf 87' lang='lat' dir='ltr'><strong>intellectualitatem,</strong></span> <span class='ocrx_word' id='word_1_437' title='bbox 3254 1882 3759 1955; x_wconf 85' lang='lat' dir='ltr'><strong>subjungendam-</strong></span> 
     </span>
    </p>
   </div>
   <div class='ocr_carea' id='block_1_64' title="bbox 2056 1971 3761 2043">
    <p class='ocr_par' dir='ltr' id='par_1_64' title="bbox 2056 1971 3761 2043">
     <span class='ocr_line' id='line_1_64' title="bbox 2056 1971 3761 2043; baseline -0.001 -15"><span class='ocrx_word' id='word_1_438' title='bbox 2056 1987 2170 2043; x_wconf 90' lang='lat' dir='ltr'><strong>que</strong></span> <span class='ocrx_word' id='word_1_439' title='bbox 2222 1972 2534 2028; x_wconf 89' lang='lat' dir='ltr'><strong>intellectui</strong></span> <span class='ocrx_word' id='word_1_440' title='bbox 2616 1972 2991 2038; x_wconf 87' lang='lat' dir='ltr'><strong>voluntatem,</strong></span> <span class='ocrx_word' id='word_1_441' title='bbox 3064 1979 3120 2028; x_wconf 92' lang='lat' dir='ltr'><strong>et</strong></span> <span class='ocrx_word' id='word_1_442' title='bbox 3194 1971 3485 2027; x_wconf 85' lang='lat' dir='ltr'><strong>residuam</strong></span> <span class='ocrx_word' id='word_1_443' title='bbox 3541 1971 3761 2026; x_wconf 84' lang='lat' dir='ltr'><strong>anima</strong></span> 
     </span>
    </p>
   </div>
   <div class='ocr_carea' id='block_1_65' title="bbox 2059 2058 3760 2131">
    <p class='ocr_par' dir='ltr' id='par_1_65' title="bbox 2059 2058 3760 2131">
     <span class='ocr_line' id='line_1_65' title="bbox 2059 2058 3760 2131; baseline -0.001 -17"><span class='ocrx_word' id='word_1_444' title='bbox 2059 2059 2387 2125; x_wconf 88' lang='lat' dir='ltr'><strong>bonitatem,</strong></span> <span class='ocrx_word' id='word_1_445' title='bbox 2431 2060 2717 2131; x_wconf 83' lang='lat' dir='ltr'><strong>quidquid</strong></span> <span class='ocrx_word' id='word_1_446' title='bbox 2764 2067 2847 2116; x_wconf 89' lang='lat' dir='ltr'><strong>est</strong></span> <span class='ocrx_word' id='word_1_447' title='bbox 2887 2059 3098 2115; x_wconf 90' lang='lat' dir='ltr'><strong>virium</strong></span> <span class='ocrx_word' id='word_1_448' title='bbox 3147 2058 3251 2115; x_wconf 89' lang='lat' dir='ltr'><strong>sibi</strong></span> <span class='ocrx_word' id='word_1_449' title='bbox 3304 2058 3534 2114; x_wconf 87' lang='lat' dir='ltr'><strong>animus</strong></span> <span class='ocrx_word' id='word_1_450' title='bbox 3578 2058 3760 2114; x_wconf 87' lang='lat' dir='ltr'><strong>exhi-</strong></span> 
     </span>
    </p>
   </div>
   <div class='ocr_carea' id='block_1_66' title="bbox 2058 2148 3761 2216">
    <p class='ocr_par' dir='ltr' id='par_1_66' title="bbox 2058 2148 3761 2216">
     <span class='ocr_line' id='line_1_66' title="bbox 2058 2148 3761 2216; baseline -0.001 -11"><span class='ocrx_word' id='word_1_451' title='bbox 2058 2149 2196 2205; x_wconf 89' lang='lat' dir='ltr'><strong>bet:</strong></span> <span class='ocrx_word' id='word_1_452' title='bbox 2255 2149 2501 2204; x_wconf 76' lang='lat' dir='ltr'><strong>ascendit</strong></span> <span class='ocrx_word' id='word_1_453' title='bbox 2530 2149 2739 2203; x_wconf 84' lang='lat' dir='ltr'><strong>Abram</strong></span> <span class='ocrx_word' id='word_1_454' title='bbox 2771 2163 2903 2205; x_wconf 90' lang='lat' dir='ltr'><strong>cum</strong></span> <span class='ocrx_word' id='word_1_455' title='bbox 2943 2149 3082 2216; x_wconf 89' lang='lat' dir='ltr'><strong>suis,</strong></span> <span class='ocrx_word' id='word_1_456' title='bbox 3146 2162 3347 2213; x_wconf 89' lang='lat' dir='ltr'><strong>uxore,</strong></span> <span class='ocrx_word' id='word_1_457' title='bbox 3395 2155 3449 2203; x_wconf 91' lang='lat' dir='ltr'><strong>et</strong></span> <span class='ocrx_word' id='word_1_458' title='bbox 3487 2148 3631 2203; x_wconf 91' lang='lat' dir='ltr'><strong>Loth</strong></span> <span class='ocrx_word' id='word_1_459' title='bbox 3681 2162 3761 2203; x_wconf 82' lang='lat' dir='ltr'><strong>ex</strong></span> 
     </span>
    </p>
   </div>
   <div class='ocr_carea' id='block_1_67' title="bbox 2058 2237 3765 2310">
    <p class='ocr_par' dir='ltr' id='par_1_67' title="bbox 2058 2237 3765 2310">
     <span class='ocr_line' id='line_1_67' title="bbox 2058 2237 3765 2310; baseline -0.003 -16"><span class='ocrx_word' id='word_1_460' title='bbox 2058 2240 2323 2310; x_wconf 59' lang='lat' dir='ltr'><strong>JEgypto,</strong></span> <span class='ocrx_word' id='word_1_461' title='bbox 2355 2253 2486 2294; x_wconf 91' lang='lat' dir='ltr'><strong>cum</strong></span> <span class='ocrx_word' id='word_1_462' title='bbox 2510 2239 2747 2308; x_wconf 86' lang='lat' dir='ltr'><strong>spiritus</strong></span> <span class='ocrx_word' id='word_1_463' title='bbox 2773 2246 2965 2294; x_wconf 89' lang='lat' dir='ltr'><strong>noster</strong></span> <span class='ocrx_word' id='word_1_464' title='bbox 2993 2238 3239 2310; x_wconf 86' lang='lat' dir='ltr'><strong>emigrat</strong></span> <span class='ocrx_word' id='word_1_465' title='bbox 3273 2251 3305 2293; x_wconf 92' lang='lat' dir='ltr'><strong>a</strong></span> <span class='ocrx_word' id='word_1_466' title='bbox 3333 2237 3533 2293; x_wconf 88' lang='lat' dir='ltr'><strong>mundi</strong></span> <span class='ocrx_word' id='word_1_467' title='bbox 3576 2237 3765 2306; x_wconf 88' lang='lat' dir='ltr'><strong>hujus</strong></span> 
     </span>
    </p>
   </div>
   <div class='ocr_carea' id='block_1_68' title="bbox 2060 2325 3765 2395">
    <p class='ocr_par' dir='ltr' id='par_1_68' title="bbox 2060 2325 3765 2395">
     <span class='ocr_line' id='line_1_68' title="bbox 2060 2325 3765 2395; baseline -0.002 -13"><span class='ocrx_word' id='word_1_468' title='bbox 2060 2327 2357 2394; x_wconf 89' lang='lat' dir='ltr'><strong>desiderio,</strong></span> <span class='ocrx_word' id='word_1_469' title='bbox 2414 2335 2471 2383; x_wconf 87' lang='lat' dir='ltr'><strong>et</strong></span> <span class='ocrx_word' id='word_1_470' title='bbox 2522 2327 2819 2383; x_wconf 88' lang='lat' dir='ltr'><strong>voluntate</strong></span> <span class='ocrx_word' id='word_1_471' title='bbox 2886 2341 2953 2382; x_wconf 90' lang='lat' dir='ltr'><strong>ac</strong></span> <span class='ocrx_word' id='word_1_472' title='bbox 3003 2326 3211 2382; x_wconf 76' lang='lat' dir='ltr'><strong>aﬁectu</strong></span> <span class='ocrx_word' id='word_1_473' title='bbox 3262 2339 3366 2381; x_wconf 91' lang='lat' dir='ltr'><strong>suo</strong></span> <span class='ocrx_word' id='word_1_474' title='bbox 3419 2338 3454 2380; x_wconf 89' lang='lat' dir='ltr'><strong>a</strong></span> <span class='ocrx_word' id='word_1_475' title='bbox 3509 2325 3765 2395; x_wconf 85' lang='lat' dir='ltr'><strong>pristina</strong></span> 
     </span>
    </p>
   </div>
   <div class='ocr_carea' id='block_1_69' title="bbox 2061 2414 3765 2481">
    <p class='ocr_par' dir='ltr' id='par_1_69' title="bbox 2061 2414 3765 2481">
     <span class='ocr_line' id='line_1_69' title="bbox 2061 2414 3765 2481; baseline -0.004 -9"><span class='ocrx_word' id='word_1_476' title='bbox 2061 2416 2438 2472; x_wconf 87' lang='lat' dir='ltr'><strong>declinatione</strong></span> <span class='ocrx_word' id='word_1_477' title='bbox 2491 2424 2746 2472; x_wconf 89' lang='lat' dir='ltr'><strong>correcto</strong></span> <span class='ocrx_word' id='word_1_478' title='bbox 2799 2415 2874 2469; x_wconf 87' lang='lat' dir='ltr'><strong>ad</strong></span> <span class='ocrx_word' id='word_1_479' title='bbox 2938 2417 3234 2470; x_wconf 86' lang='lat' dir='ltr'><strong>australem</strong></span> <span class='ocrx_word' id='word_1_480' title='bbox 3298 2414 3557 2470; x_wconf 89' lang='lat' dir='ltr'><strong>concedit</strong></span> <span class='ocrx_word' id='word_1_481' title='bbox 3622 2430 3765 2481; x_wconf 69' lang='lat' dir='ltr'><strong>pur-</strong></span> 
     </span>
    </p>
   </div>
   <div class='ocr_carea' id='block_1_70' title="bbox 2062 2503 3757 2574">
    <p class='ocr_par' dir='ltr' id='par_1_70' title="bbox 2062 2503 3757 2574">
     <span class='ocr_line' id='line_1_70' title="bbox 2062 2503 3757 2574; baseline -0.003 -14"><span class='ocrx_word' id='word_1_482' title='bbox 2062 2511 2185 2570; x_wconf 89' lang='lat' dir='ltr'><strong>tem,</strong></span> <span class='ocrx_word' id='word_1_483' title='bbox 2239 2505 2311 2559; x_wconf 90' lang='lat' dir='ltr'><strong>ad</strong></span> <span class='ocrx_word' id='word_1_484' title='bbox 2374 2504 2690 2574; x_wconf 86' lang='lat' dir='ltr'><strong>spiritualis</strong></span> <span class='ocrx_word' id='word_1_485' title='bbox 2742 2504 2955 2560; x_wconf 87' lang='lat' dir='ltr'><strong>scilicet</strong></span> <span class='ocrx_word' id='word_1_486' title='bbox 3014 2505 3146 2559; x_wconf 88' lang='lat' dir='ltr'><strong>vita</strong></span> <span class='ocrx_word' id='word_1_487' title='bbox 3196 2503 3499 2559; x_wconf 90' lang='lat' dir='ltr'><strong>fervorem.</strong></span> <span class='ocrx_word' id='word_1_488' title='bbox 3557 2503 3757 2570; x_wconf 87' lang='lat' dir='ltr'><strong>Surge,</strong></span> 
     </span>
    </p>
   </div>
   <div class='ocr_carea' id='block_1_71' title="bbox 2063 2591 3408 2664">
    <p class='ocr_par' dir='ltr' id='par_1_71' title="bbox 2063 2591 3408 2664">
     <span class='ocr_line' id='line_1_71' title="bbox 2063 2591 3408 2664; baseline -0.004 -15"><span class='ocrx_word' id='word_1_489' title='bbox 2063 2593 2271 2664; x_wconf 89' lang='lat' dir='ltr'><strong>inquit,</strong></span> <span class='ocrx_word' id='word_1_490' title='bbox 2301 2594 2506 2663; x_wconf 88' lang='lat' dir='ltr'><strong>aquilo,</strong></span> <span class='ocrx_word' id='word_1_491' title='bbox 2538 2598 2588 2648; x_wconf 90' lang='lat' dir='ltr'><strong>et</strong></span> <span class='ocrx_word' id='word_1_492' title='bbox 2615 2595 2755 2647; x_wconf 74' lang='lat' dir='ltr'><strong>veni.</strong></span> <span class='ocrx_word' id='word_1_493' title='bbox 2793 2598 2974 2646; x_wconf 88' lang='lat' dir='ltr'><strong>auster</strong></span> <span class='ocrx_word' id='word_1_494' title='bbox 2994 2591 3148 2661; x_wconf 86' lang='lat' dir='ltr'><strong>(Can.</strong></span> <span class='ocrx_word' id='word_1_495' title='bbox 3181 2606 3257 2655; x_wconf 87' lang='lat' dir='ltr'><strong>IV,</strong></span> <span class='ocrx_word' id='word_1_496' title='bbox 3298 2594 3408 2661; x_wconf 85' lang='grc'><strong>16).</strong></span> 
     </span>
    </p>
   </div>
   <div class='ocr_carea' id='block_1_72' title="bbox 2132 2681 3761 2749">
    <p class='ocr_par' dir='ltr' id='par_1_72' title="bbox 2132 2681 3761 2749">
     <span class='ocr_line' id='line_1_72' title="bbox 2132 2681 3761 2749; baseline -0.004 -10"><span class='ocrx_word' id='word_1_497' title='bbox 2132 2683 2304 2740; x_wconf 74' lang='lat' dir='ltr'><strong>Vnus.</strong></span> <span class='ocrx_word' id='word_1_498' title='bbox 2368 2685 2419 2736; x_wconf 84' lang='lat'><strong>2.</strong></span> <span class='ocrx_word' id='word_1_499' title='bbox 2476 2712 2541 2722; x_wconf 91' lang='lat'><strong>—-</strong></span> <span class='ocrx_word' id='word_1_500' title='bbox 2593 2685 2731 2737; x_wconf 84' lang='lat' dir='ltr'><strong>Erat</strong></span> <span class='ocrx_word' id='word_1_501' title='bbox 2777 2686 2957 2735; x_wconf 90' lang='lat' dir='ltr'><strong>autem</strong></span> <span class='ocrx_word' id='word_1_502' title='bbox 3012 2681 3164 2735; x_wconf 86' lang='lat' dir='ltr'><strong>dives</strong></span> <span class='ocrx_word' id='word_1_503' title='bbox 3214 2681 3375 2734; x_wconf 83' lang='lat' dir='ltr'><strong>valde</strong></span> <span class='ocrx_word' id='word_1_504' title='bbox 3430 2683 3489 2732; x_wconf 91' lang='lat' dir='ltr'><strong>in</strong></span> <span class='ocrx_word' id='word_1_505' title='bbox 3542 2694 3761 2749; x_wconf 81' lang='lat' dir='ltr'><strong>posses-</strong></span> 
     </span>
    </p>
   </div>
   <div class='ocr_carea' id='block_1_73' title="bbox 2062 2769 3766 2840">
    <p class='ocr_par' dir='ltr' id='par_1_73' title="bbox 2062 2769 3766 2840">
     <span class='ocr_line' id='line_1_73' title="bbox 2062 2769 3766 2840; baseline -0.002 -14"><span class='ocrx_word' id='word_1_506' title='bbox 2062 2773 2208 2826; x_wconf 86' lang='lat' dir='ltr'><strong>sione</strong></span> <span class='ocrx_word' id='word_1_507' title='bbox 2257 2772 2472 2836; x_wconf 85' lang='lat' dir='ltr'><strong>argenti</strong></span> <span class='ocrx_word' id='word_1_508' title='bbox 2522 2775 2573 2825; x_wconf 90' lang='lat' dir='ltr'><strong>et</strong></span> <span class='ocrx_word' id='word_1_509' title='bbox 2628 2772 2773 2824; x_wconf 86' lang='lat' dir='ltr'><strong>auri.</strong></span> <span class='ocrx_word' id='word_1_510' title='bbox 2827 2770 3135 2840; x_wconf 88' lang='lat' dir='ltr'><strong>Postquam</strong></span> <span class='ocrx_word' id='word_1_511' title='bbox 3192 2783 3226 2823; x_wconf 90' lang='lat' dir='ltr'><strong>a</strong></span> <span class='ocrx_word' id='word_1_512' title='bbox 3272 2769 3485 2839; x_wconf 87' lang='lat' dir='ltr'><strong>peccati</strong></span> <span class='ocrx_word' id='word_1_513' title='bbox 3531 2777 3766 2838; x_wconf 88' lang='lat' dir='ltr'><strong>torpore</strong></span> 
     </span>
    </p>
   </div>
   <div class='ocr_carea' id='block_1_74' title="bbox 2064 2858 3765 2928">
    <p class='ocr_par' dir='ltr' id='par_1_74' title="bbox 2064 2858 3765 2928">
     <span class='ocr_line' id='line_1_74' title="bbox 2064 2858 3765 2928; baseline -0.002 -13"><span class='ocrx_word' id='word_1_514' title='bbox 2064 2860 2135 2915; x_wconf 88' lang='lat' dir='ltr'><strong>ad</strong></span> <span class='ocrx_word' id='word_1_515' title='bbox 2166 2859 2509 2915; x_wconf 83' lang='lat' dir='ltr'><strong>ardentioris</strong></span> <span class='ocrx_word' id='word_1_516' title='bbox 2546 2858 2718 2914; x_wconf 90' lang='lat' dir='ltr'><strong>studii</strong></span> <span class='ocrx_word' id='word_1_517' title='bbox 2755 2858 3016 2913; x_wconf 88' lang='lat' dir='ltr'><strong>instituta</strong></span> <span class='ocrx_word' id='word_1_518' title='bbox 3045 2858 3470 2928; x_wconf 87' lang='lat' dir='ltr'><strong>consurgimus,</strong></span> <span class='ocrx_word' id='word_1_519' title='bbox 3516 2865 3765 2927; x_wconf 89' lang='lat' dir='ltr'><strong>argento</strong></span> 
     </span>
    </p>
   </div>
   <div class='ocr_carea' id='block_1_75' title="bbox 2062 2943 3761 3015">
    <p class='ocr_par' dir='ltr' id='par_1_75' title="bbox 2062 2943 3761 3015">
     <span class='ocr_line' id='line_1_75' title="bbox 2062 2943 3761 3015; baseline -0.001 -14"><span class='ocrx_word' id='word_1_520' title='bbox 2062 2946 2313 3002; x_wconf 88' lang='lat' dir='ltr'><strong>scientia</strong></span> <span class='ocrx_word' id='word_1_521' title='bbox 2398 2945 2672 3012; x_wconf 88' lang='lat' dir='ltr'><strong>ditamur,</strong></span> <span class='ocrx_word' id='word_1_522' title='bbox 2756 2944 2896 3015; x_wconf 89' lang='lat' dir='ltr'><strong>quia</strong></span> <span class='ocrx_word' id='word_1_523' title='bbox 2950 2944 3349 3000; x_wconf 87' lang='lat' dir='ltr'><strong>discretionem</strong></span> <span class='ocrx_word' id='word_1_524' title='bbox 3418 2943 3761 3013; x_wconf 87' lang='lat' dir='ltr'><strong>spirituum,</strong></span> 
     </span>
    </p>
   </div>
   <div class='ocr_carea' id='block_1_76' title="bbox 2063 3031 3768 3104">
    <p class='ocr_par' dir='ltr' id='par_1_76' title="bbox 2063 3031 3768 3104">
     <span class='ocr_line' id='line_1_76' title="bbox 2063 3031 3768 3104; baseline -0.002 -14"><span class='ocrx_word' id='word_1_525' title='bbox 2063 3033 2456 3104; x_wconf 88' lang='lat' dir='ltr'><strong>vitiorumque</strong></span> <span class='ocrx_word' id='word_1_526' title='bbox 2504 3042 2762 3097; x_wconf 89' lang='lat' dir='ltr'><strong>naturas,</strong></span> <span class='ocrx_word' id='word_1_527' title='bbox 2802 3033 3071 3087; x_wconf 84' lang='lat' dir='ltr'><strong>humana</strong></span> <span class='ocrx_word' id='word_1_528' title='bbox 3099 3031 3271 3087; x_wconf 86' lang='lat' dir='ltr'><strong>etiam</strong></span> <span class='ocrx_word' id='word_1_529' title='bbox 3309 3032 3768 3087; x_wconf 89' lang='lat' dir='ltr'><strong>conversationis</strong></span> 
     </span>
    </p>
   </div>
   <div class='ocr_carea' id='block_1_77' title="bbox 2063 3120 3767 3190">
    <p class='ocr_par' dir='ltr' id='par_1_77' title="bbox 2063 3120 3767 3190">
     <span class='ocr_line' id='line_1_77' title="bbox 2063 3120 3767 3190; baseline -0.001 -13"><span class='ocrx_word' id='word_1_530' title='bbox 2063 3122 2254 3178; x_wconf 89' lang='lat' dir='ltr'><strong>varios</strong></span> <span class='ocrx_word' id='word_1_531' title='bbox 2293 3130 2477 3178; x_wconf 89' lang='lat' dir='ltr'><strong>status</strong></span> <span class='ocrx_word' id='word_1_532' title='bbox 2522 3129 2681 3178; x_wconf 91' lang='lat' dir='ltr'><strong>tanto</strong></span> <span class='ocrx_word' id='word_1_533' title='bbox 2737 3120 2913 3176; x_wconf 88' lang='lat' dir='ltr'><strong>altius</strong></span> <span class='ocrx_word' id='word_1_534' title='bbox 2959 3120 3376 3190; x_wconf 88' lang='lat' dir='ltr'><strong>cognoscimus,</strong></span> <span class='ocrx_word' id='word_1_535' title='bbox 3435 3128 3658 3190; x_wconf 91' lang='lat' dir='ltr'><strong>quanto</strong></span> <span class='ocrx_word' id='word_1_536' title='bbox 3707 3127 3767 3175; x_wconf 91' lang='lat' dir='ltr'><strong>et</strong></span> 
     </span>
    </p>
   </div>
   <div class='ocr_carea' id='block_1_78' title="bbox 2065 3209 3768 3282">
    <p class='ocr_par' dir='ltr' id='par_1_78' title="bbox 2065 3209 3768 3282">
     <span class='ocr_line' id='line_1_78' title="bbox 2065 3209 3768 3282; baseline -0.002 -15"><span class='ocrx_word' id='word_1_537' title='bbox 2065 3212 2187 3267; x_wconf 87' lang='lat' dir='ltr'><strong>hac</strong></span> <span class='ocrx_word' id='word_1_538' title='bbox 2235 3210 2548 3282; x_wconf 89' lang='lat' dir='ltr'><strong>aliquando</strong></span> <span class='ocrx_word' id='word_1_539' title='bbox 2599 3210 2770 3280; x_wconf 88' lang='lat' dir='ltr'><strong>passi,</strong></span> <span class='ocrx_word' id='word_1_540' title='bbox 2823 3210 2943 3279; x_wconf 86' lang='lat' dir='ltr'><strong>jam</strong></span> <span class='ocrx_word' id='word_1_541' title='bbox 2991 3223 3148 3264; x_wconf 90' lang='lat' dir='ltr'><strong>nunc</strong></span> <span class='ocrx_word' id='word_1_542' title='bbox 3199 3209 3308 3263; x_wconf 88' lang='lat' dir='ltr'><strong>Deo</strong></span> <span class='ocrx_word' id='word_1_543' title='bbox 3358 3209 3604 3279; x_wconf 86' lang='lat' dir='ltr'><strong>juvante</strong></span> <span class='ocrx_word' id='word_1_544' title='bbox 3657 3222 3768 3263; x_wconf 91' lang='lat' dir='ltr'><strong>nos</strong></span> 
     </span>
    </p>
   </div>
   <div class='ocr_carea' id='block_1_79' title="bbox 2063 3296 3762 3371">
    <p class='ocr_par' dir='ltr' id='par_1_79' title="bbox 2063 3296 3762 3371">
     <span class='ocr_line' id='line_1_79' title="bbox 2063 3296 3762 3371; baseline -0.002 -16"><span class='ocrx_word' id='word_1_545' title='bbox 2063 3300 2311 3356; x_wconf 87' lang='lat' dir='ltr'><strong>evasisse</strong></span> <span class='ocrx_word' id='word_1_546' title='bbox 2359 3300 2709 3371; x_wconf 88' lang='lat' dir='ltr'><strong>gaudemus;</strong></span> <span class='ocrx_word' id='word_1_547' title='bbox 2766 3312 2909 3353; x_wconf 90' lang='lat' dir='ltr'><strong>auro</strong></span> <span class='ocrx_word' id='word_1_548' title='bbox 2967 3297 3259 3367; x_wconf 89' lang='lat' dir='ltr'><strong>sapientia</strong></span> <span class='ocrx_word' id='word_1_549' title='bbox 3314 3296 3762 3366; x_wconf 90' lang='lat' dir='ltr'><strong>locupletamur,</strong></span> 
     </span>
    </p>
   </div>
   <div class='ocr_carea' id='block_1_80' title="bbox 2065 3385 3755 3459">
    <p class='ocr_par' dir='ltr' id='par_1_80' title="bbox 2065 3385 3755 3459">
     <span class='ocr_line' id='line_1_80' title="bbox 2065 3385 3755 3459; baseline -0.002 -15"><span class='ocrx_word' id='word_1_550' title='bbox 2065 3402 2197 3444; x_wconf 90' lang='lat' dir='ltr'><strong>cum</strong></span> <span class='ocrx_word' id='word_1_551' title='bbox 2223 3389 2346 3459; x_wconf 86' lang='lat' dir='ltr'><strong>jam</strong></span> <span class='ocrx_word' id='word_1_552' title='bbox 2379 3389 2472 3443; x_wconf 86' lang='lat' dir='ltr'><strong>Dei</strong></span> <span class='ocrx_word' id='word_1_553' title='bbox 2508 3385 2989 3457; x_wconf 86' lang='lat' dir='ltr'><strong>contemplatione</strong></span> <span class='ocrx_word' id='word_1_554' title='bbox 3019 3386 3321 3448; x_wconf 89' lang='lat' dir='ltr'><strong>satiamur,</strong></span> <span class='ocrx_word' id='word_1_555' title='bbox 3367 3393 3421 3441; x_wconf 89' lang='lat' dir='ltr'><strong>et</strong></span> <span class='ocrx_word' id='word_1_556' title='bbox 3465 3385 3755 3442; x_wconf 89' lang='lat' dir='ltr'><strong>virtutum</strong></span> 
     </span>
    </p>
   </div>
   <div class='ocr_carea' id='block_1_81' title="bbox 2065 3473 3766 3547">
    <p class='ocr_par' dir='ltr' id='par_1_81' title="bbox 2065 3473 3766 3547">
     <span class='ocr_line' id='line_1_81' title="bbox 2065 3473 3766 3547; baseline -0.004 -14"><span class='ocrx_word' id='word_1_557' title='bbox 2065 3492 2166 3533; x_wconf 89' lang='lat' dir='ltr'><strong>seu</strong></span> <span class='ocrx_word' id='word_1_558' title='bbox 2221 3476 2612 3547; x_wconf 88' lang='lat' dir='ltr'><strong>quorumlibet</strong></span> <span class='ocrx_word' id='word_1_559' title='bbox 2665 3476 3067 3543; x_wconf 80' lang='lat' dir='ltr'><strong>mysteriorum</strong></span> <span class='ocrx_word' id='word_1_560' title='bbox 3126 3474 3501 3544; x_wconf 83' lang='lat' dir='ltr'><strong>intelligentia</strong></span> <span class='ocrx_word' id='word_1_561' title='bbox 3566 3473 3766 3542; x_wconf 89' lang='lat' dir='ltr'><strong>perlu-</strong></span> 
     </span>
    </p>
   </div>
   <div class='ocr_carea' id='block_1_82' title="bbox 2067 3560 3770 3634">
    <p class='ocr_par' dir='ltr' id='par_1_82' title="bbox 2067 3560 3770 3634">
     <span class='ocr_line' id='line_1_82' title="bbox 2067 3560 3770 3634; baseline -0.004 -12"><span class='ocrx_word' id='word_1_562' title='bbox 2067 3574 2339 3622; x_wconf 88' lang='lat' dir='ltr'><strong>stramur.</strong></span> <span class='ocrx_word' id='word_1_563' title='bbox 2399 3566 2585 3621; x_wconf 89' lang='lat' dir='ltr'><strong>Potest</strong></span> <span class='ocrx_word' id='word_1_564' title='bbox 2635 3572 2689 3620; x_wconf 89' lang='lat' dir='ltr'><strong>et</strong></span> <span class='ocrx_word' id='word_1_565' title='bbox 2735 3564 3013 3633; x_wconf 89' lang='lat' dir='ltr'><strong>sapientia</strong></span> <span class='ocrx_word' id='word_1_566' title='bbox 3043 3564 3115 3618; x_wconf 91' lang='lat' dir='ltr'><strong>ad</strong></span> <span class='ocrx_word' id='word_1_567' title='bbox 3154 3561 3445 3634; x_wconf 86' lang='lat' dir='ltr'><strong>religionis</strong></span> <span class='ocrx_word' id='word_1_568' title='bbox 3483 3560 3770 3617; x_wconf 84' lang='lat' dir='ltr'><strong>excellen-</strong></span> 
     </span>
    </p>
   </div>
   <div class='ocr_carea' id='block_1_83' title="bbox 2068 3650 3765 3721">
    <p class='ocr_par' dir='ltr' id='par_1_83' title="bbox 2068 3650 3765 3721">
     <span class='ocr_line' id='line_1_83' title="bbox 2068 3650 3765 3721; baseline -0.004 -10"><span class='ocrx_word' id='word_1_569' title='bbox 2068 3656 2228 3720; x_wconf 88' lang='lat' dir='ltr'><strong>tiam,</strong></span> <span class='ocrx_word' id='word_1_570' title='bbox 2282 3653 2521 3709; x_wconf 89' lang='lat' dir='ltr'><strong>scientia</strong></span> <span class='ocrx_word' id='word_1_571' title='bbox 2576 3666 2710 3708; x_wconf 90' lang='lat' dir='ltr'><strong>vero</strong></span> <span class='ocrx_word' id='word_1_572' title='bbox 2767 3651 2944 3721; x_wconf 90' lang='lat' dir='ltr'><strong>accipi</strong></span> <span class='ocrx_word' id='word_1_573' title='bbox 2998 3652 3317 3707; x_wconf 85' lang='lat' dir='ltr'><strong>secundum</strong></span> <span class='ocrx_word' id='word_1_574' title='bbox 3394 3650 3765 3706; x_wconf 85' lang='lat' dir='ltr'><strong>ecclesiastici</strong></span> 
     </span>
    </p>
   </div>
   <div class='ocr_carea' id='block_1_84' title="bbox 2070 3742 2812 3813">
    <p class='ocr_par' dir='ltr' id='par_1_84' title="bbox 2070 3742 2812 3813">
     <span class='ocr_line' id='line_1_84' title="bbox 2070 3742 2812 3813; baseline -0.005 -14"><span class='ocrx_word' id='word_1_575' title='bbox 2070 3742 2395 3799; x_wconf 90' lang='lat' dir='ltr'><strong>documenti</strong></span> <span class='ocrx_word' id='word_1_576' title='bbox 2424 3742 2812 3813; x_wconf 88' lang='lat' dir='ltr'><strong>sagacitatem.</strong></span> 
     </span>
    </p>
   </div>
   <div class='ocr_carea' id='block_1_85' title="bbox 2140 3830 3765 3899">
    <p class='ocr_par' dir='ltr' id='par_1_85' title="bbox 2140 3830 3765 3899">
     <span class='ocr_line' id='line_1_85' title="bbox 2140 3830 3765 3899; baseline -0.004 -10"><span class='ocrx_word' id='word_1_577' title='bbox 2140 3832 2313 3889; x_wconf 73' lang='lat' dir='ltr'><strong>Vens.</strong></span> <span class='ocrx_word' id='word_1_578' title='bbox 2346 3835 2397 3897; x_wconf 92' lang='lat'><strong>3,</strong></span> <span class='ocrx_word' id='word_1_579' title='bbox 2438 3830 2490 3884; x_wconf 76' lang='grc'><strong>4.</strong></span> <span class='ocrx_word' id='word_1_580' title='bbox 2518 3860 2587 3869; x_wconf 87' lang='grc'><strong><em>-</em></strong></span> <span class='ocrx_word' id='word_1_581' title='bbox 2614 3831 2979 3899; x_wconf 87' lang='lat' dir='ltr'><strong>Reversusque</strong></span> <span class='ocrx_word' id='word_1_582' title='bbox 3015 3832 3094 3882; x_wconf 90' lang='lat' dir='ltr'><strong>est</strong></span> <span class='ocrx_word' id='word_1_583' title='bbox 3123 3844 3220 3897; x_wconf 90' lang='lat' dir='ltr'><strong>per</strong></span> <span class='ocrx_word' id='word_1_584' title='bbox 3248 3830 3371 3894; x_wconf 85' lang='lat' dir='ltr'><strong>iter,</strong></span> <span class='ocrx_word' id='word_1_585' title='bbox 3397 3843 3500 3896; x_wconf 92' lang='lat' dir='ltr'><strong>quo</strong></span> <span class='ocrx_word' id='word_1_586' title='bbox 3520 3832 3765 3893; x_wconf 81' lang='lat' dir='ltr'><strong>venerat,</strong></span> 
     </span>
    </p>
   </div>
   <div class='ocr_carea' id='block_1_86' title="bbox 2071 3916 3771 3986">
    <p class='ocr_par' dir='ltr' id='par_1_86' title="bbox 2071 3916 3771 3986">
     <span class='ocr_line' id='line_1_86' title="bbox 2071 3916 3771 3986; baseline -0.002 -12"><span class='ocrx_word' id='word_1_587' title='bbox 2071 3936 2105 3974; x_wconf 93' lang='lat' dir='ltr'><strong>a</strong></span> <span class='ocrx_word' id='word_1_588' title='bbox 2131 3920 2354 3974; x_wconf 85' lang='lat' dir='ltr'><strong>meridie</strong></span> <span class='ocrx_word' id='word_1_589' title='bbox 2387 3921 2443 3972; x_wconf 89' lang='lat' dir='ltr'><strong>in</strong></span> <span class='ocrx_word' id='word_1_590' title='bbox 2472 3918 2675 3982; x_wconf 86' lang='lat' dir='ltr'><strong>Bethel,</strong></span> <span class='ocrx_word' id='word_1_591' title='bbox 2718 3933 2887 3986; x_wconf 85' lang='lat' dir='ltr'><strong>usque</strong></span> <span class='ocrx_word' id='word_1_592' title='bbox 2915 3916 2990 3970; x_wconf 90' lang='lat' dir='ltr'><strong>ad</strong></span> <span class='ocrx_word' id='word_1_593' title='bbox 3019 3918 3188 3970; x_wconf 89' lang='lat' dir='ltr'><strong>locum</strong></span> <span class='ocrx_word' id='word_1_594' title='bbox 3226 3917 3321 3971; x_wconf 90' lang='lat' dir='ltr'><strong>ubi</strong></span> <span class='ocrx_word' id='word_1_595' title='bbox 3357 3918 3512 3986; x_wconf 88' lang='lat' dir='ltr'><strong>prius</strong></span> <span class='ocrx_word' id='word_1_596' title='bbox 3558 3919 3771 3985; x_wconf 65' lang='lat' dir='ltr'><strong>fixerat</strong></span> 
     </span>
    </p>
   </div>
   <div class='ocr_carea' id='block_1_87' title="bbox 2072 4004 3770 4063">
    <p class='ocr_par' dir='ltr' id='par_1_87' title="bbox 2072 4004 3770 4063">
     <span class='ocr_line' id='line_1_87' title="bbox 2072 4004 3770 4063; baseline -0.002 -1"><span class='ocrx_word' id='word_1_597' title='bbox 2072 4008 2477 4063; x_wconf 86' lang='lat' dir='ltr'><strong>tabernaculum</strong></span> <span class='ocrx_word' id='word_1_598' title='bbox 2528 4009 2671 4060; x_wconf 86' lang='lat' dir='ltr'><strong>inter</strong></span> <span class='ocrx_word' id='word_1_599' title='bbox 2729 4006 2909 4060; x_wconf 88' lang='lat' dir='ltr'><strong>Bethel</strong></span> <span class='ocrx_word' id='word_1_600' title='bbox 2960 4009 3011 4059; x_wconf 88' lang='lat' dir='ltr'><strong>et</strong></span> <span class='ocrx_word' id='word_1_601' title='bbox 3060 4006 3222 4059; x_wconf 84' lang='lat' dir='ltr'><strong>Hui:</strong></span> <span class='ocrx_word' id='word_1_602' title='bbox 3277 4007 3337 4059; x_wconf 90' lang='lat' dir='ltr'><strong>in</strong></span> <span class='ocrx_word' id='word_1_603' title='bbox 3395 4005 3504 4059; x_wconf 90' lang='lat' dir='ltr'><strong>loco</strong></span> <span class='ocrx_word' id='word_1_604' title='bbox 3569 4004 3770 4059; x_wconf 86' lang='lat' dir='ltr'><strong>altaris</strong></span> 
     </span>
    </p>
   </div>
   <div class='ocr_carea' id='block_1_88' title="bbox 2073 4094 3766 4166">
    <p class='ocr_par' dir='ltr' id='par_1_88' title="bbox 2073 4094 3766 4166">
     <span class='ocr_line' id='line_1_88' title="bbox 2073 4094 3766 4166; baseline -0.001 -15"><span class='ocrx_word' id='word_1_605' title='bbox 2073 4097 2217 4166; x_wconf 85' lang='lat' dir='ltr'><strong>quod</strong></span> <span class='ocrx_word' id='word_1_606' title='bbox 2264 4099 2467 4164; x_wconf 78' lang='lat' dir='ltr'><strong>fecerat</strong></span> <span class='ocrx_word' id='word_1_607' title='bbox 2493 4098 2670 4164; x_wconf 87' lang='lat' dir='ltr'><strong>prius,</strong></span> <span class='ocrx_word' id='word_1_608' title='bbox 2708 4099 2759 4149; x_wconf 88' lang='lat' dir='ltr'><strong>et</strong></span> <span class='ocrx_word' id='word_1_609' title='bbox 2788 4096 3066 4148; x_wconf 84' lang='lat' dir='ltr'><strong>invocavit</strong></span> <span class='ocrx_word' id='word_1_610' title='bbox 3104 4094 3182 4147; x_wconf 88' lang='lat' dir='ltr'><strong>ibi</strong></span> <span class='ocrx_word' id='word_1_611' title='bbox 3215 4109 3403 4148; x_wconf 87' lang='lat' dir='ltr'><strong>nomen</strong></span> <span class='ocrx_word' id='word_1_612' title='bbox 3441 4095 3679 4148; x_wconf 88' lang='lat' dir='ltr'><strong>Domini.</strong></span> <span class='ocrx_word' id='word_1_613' title='bbox 3716 4096 3766 4149; x_wconf 78' lang='grc' dir='ltr'><strong><em>Α</em></strong></span> 
     </span>
    </p>
   </div>
   <div class='ocr_carea' id='block_1_89' title="bbox 2071 4182 3769 4251">
    <p class='ocr_par' dir='ltr' id='par_1_89' title="bbox 2071 4182 3769 4251">
     <span class='ocr_line' id='line_1_89' title="bbox 2071 4182 3769 4251; baseline -0.002 -12"><span class='ocrx_word' id='word_1_614' title='bbox 2071 4185 2298 4239; x_wconf 71' lang='grc' dir='ltr'><strong>ιηενίλὶθ</strong></span> <span class='ocrx_word' id='word_1_615' title='bbox 2327 4188 2386 4239; x_wconf 90' lang='lat' dir='ltr'><strong>in</strong></span> <span class='ocrx_word' id='word_1_616' title='bbox 2415 4184 2596 4239; x_wconf 82' lang='lat' dir='ltr'><strong>Bethel</strong></span> <span class='ocrx_word' id='word_1_617' title='bbox 2644 4182 2928 4248; x_wconf 90' lang='lat' dir='ltr'><strong>venimus,</strong></span> <span class='ocrx_word' id='word_1_618' title='bbox 2968 4196 3101 4237; x_wconf 91' lang='lat' dir='ltr'><strong>cum</strong></span> <span class='ocrx_word' id='word_1_619' title='bbox 3143 4196 3177 4236; x_wconf 91' lang='lat' dir='ltr'><strong>a</strong></span> <span class='ocrx_word' id='word_1_620' title='bbox 3222 4182 3411 4237; x_wconf 90' lang='lat' dir='ltr'><strong>calore</strong></span> <span class='ocrx_word' id='word_1_621' title='bbox 3442 4182 3582 4237; x_wconf 90' lang='lat' dir='ltr'><strong>bene</strong></span> <span class='ocrx_word' id='word_1_622' title='bbox 3624 4196 3769 4251; x_wconf 91' lang='lat' dir='ltr'><strong>ope-</strong></span> 
     </span>
    </p>
   </div>
   <div class='ocr_carea' id='block_1_90' title="bbox 277 4262 1811 4340">
    <p class='ocr_par' dir='ltr' id='par_1_90' title="bbox 277 4262 1810 4334">
     <span class='ocr_line' id='line_1_90' title="bbox 277 4262 1810 4334; baseline 0.001 -18"><span class='ocrx_word' id='word_1_623' title='bbox 277 4263 610 4316; x_wconf 85' lang='lat' dir='ltr'><strong>Pharaonem</strong></span> <span class='ocrx_word' id='word_1_624' title='bbox 653 4262 836 4331; x_wconf 84' lang='lat' dir='ltr'><strong>plagis</strong></span> <span class='ocrx_word' id='word_1_625' title='bbox 883 4267 1163 4330; x_wconf 66' lang='lat' dir='ltr'><strong>maximis,</strong></span> <span class='ocrx_word' id='word_1_626' title='bbox 1209 4269 1259 4319; x_wconf 89' lang='lat' dir='ltr'><strong>et</strong></span> <span class='ocrx_word' id='word_1_627' title='bbox 1303 4265 1519 4319; x_wconf 88' lang='lat' dir='ltr'><strong>domum</strong></span> <span class='ocrx_word' id='word_1_628' title='bbox 1552 4265 1693 4333; x_wconf 88' lang='lat' dir='ltr'><strong>ejus,</strong></span> <span class='ocrx_word' id='word_1_629' title='bbox 1740 4281 1810 4334; x_wconf 91' lang='lat' dir='ltr'><strong>pr</strong></span> 
     </span>
    </p>
   </div>
   <div class='ocr_carea' id='block_1_91' title="bbox 2230 4262 3764 4340">
    <p class='ocr_par' dir='ltr' id='par_1_91' title="bbox 2230 4269 3764 4340">
     <span class='ocr_line' id='line_1_91' title="bbox 2230 4269 3764 4340; baseline 0.001 -12"><span class='ocrx_word' id='word_1_630' title='bbox 2230 4288 2257 4328; x_wconf 91' lang='lat' dir='ltr'><strong>s</strong></span> <span class='ocrx_word' id='word_1_631' title='bbox 2310 4272 2437 4328; x_wconf 83' lang='lat' dir='ltr'><strong>fidei</strong></span> <span class='ocrx_word' id='word_1_632' title='bbox 2484 4272 2556 4327; x_wconf 90' lang='lat' dir='ltr'><strong>ad</strong></span> <span class='ocrx_word' id='word_1_633' title='bbox 2586 4271 2771 4327; x_wconf 91' lang='lat' dir='ltr'><strong>solum</strong></span> <span class='ocrx_word' id='word_1_634' title='bbox 2814 4270 3021 4325; x_wconf 90' lang='lat' dir='ltr'><strong>domus</strong></span> <span class='ocrx_word' id='word_1_635' title='bbox 3054 4270 3175 4338; x_wconf 90' lang='lat' dir='ltr'><strong>Dei,</strong></span> <span class='ocrx_word' id='word_1_636' title='bbox 3224 4270 3381 4340; x_wconf 92' lang='lat' dir='ltr'><strong>quod</strong></span> <span class='ocrx_word' id='word_1_637' title='bbox 3410 4277 3495 4325; x_wconf 89' lang='lat' dir='ltr'><strong>est</strong></span> <span class='ocrx_word' id='word_1_638' title='bbox 3546 4269 3764 4330; x_wconf 87' lang='lat' dir='ltr'><strong>Bethel.</strong></span> 
     </span>
    </p>
   </div>
   <div class='ocr_carea' id='block_1_92' title="bbox 277 4352 1963 4422">
    <p class='ocr_par' dir='ltr' id='par_1_92' title="bbox 277 4352 1963 4422">
     <span class='ocr_line' id='line_1_92' title="bbox 277 4352 1963 4422; baseline 0.002 -17"><span class='ocrx_word' id='word_1_639' title='bbox 277 4352 443 4405; x_wconf 88' lang='lat' dir='ltr'><strong>Sarai</strong></span> <span class='ocrx_word' id='word_1_640' title='bbox 480 4366 704 4405; x_wconf 64' lang='lat' dir='ltr'><strong>umorem</strong></span> <span class='ocrx_word' id='word_1_641' title='bbox 753 4353 979 4407; x_wconf 79' lang='lat' dir='ltr'><strong>Abram.</strong></span> <span class='ocrx_word' id='word_1_642' title='bbox 1031 4354 1358 4422; x_wconf 82' lang='lat' dir='ltr'><strong>Vocavitque</strong></span> <span class='ocrx_word' id='word_1_643' title='bbox 1387 4354 1599 4408; x_wconf 82' lang='lat' dir='ltr'><strong>Pharao</strong></span> <span class='ocrx_word' id='word_1_644' title='bbox 1648 4354 1870 4422; x_wconf 79' lang='lat' dir='ltr'><strong>Abram,</strong></span> <span class='ocrx_word' id='word_1_645' title='bbox 1914 4359 1963 4409; x_wconf 91' lang='lat' dir='ltr'><strong>et</strong></span> 
     </span>
    </p>
   </div>
   <div class='ocr_carea' id='block_1_93' title="bbox 278 4439 1965 4511">
    <p class='ocr_par' dir='ltr' id='par_1_93' title="bbox 278 4439 1965 4511">
     <span class='ocr_line' id='line_1_93' title="bbox 278 4439 1965 4511; baseline 0.003 -19"><span class='ocrx_word' id='word_1_646' title='bbox 278 4439 425 4493; x_wconf 69' lang='lat' dir='ltr'><strong>(limit</strong></span> <span class='ocrx_word' id='word_1_647' title='bbox 477 4441 563 4493; x_wconf 88' lang='lat' dir='ltr'><strong>ei:</strong></span> <span class='ocrx_word' id='word_1_648' title='bbox 619 4440 890 4506; x_wconf 66' lang='lat' dir='ltr'><strong>Quidnam</strong></span> <span class='ocrx_word' id='word_1_649' title='bbox 936 4448 1013 4495; x_wconf 86' lang='lat' dir='ltr'><strong>est</strong></span> <span class='ocrx_word' id='word_1_650' title='bbox 1042 4441 1187 4511; x_wconf 87' lang='lat' dir='ltr'><strong>quod</strong></span> <span class='ocrx_word' id='word_1_651' title='bbox 1222 4444 1403 4509; x_wconf 84' lang='lat' dir='ltr'><strong>fecisti</strong></span> <span class='ocrx_word' id='word_1_652' title='bbox 1428 4443 1600 4496; x_wconf 88' lang='lat' dir='ltr'><strong>mihi?</strong></span> <span class='ocrx_word' id='word_1_653' title='bbox 1643 4458 1811 4511; x_wconf 87' lang='lat' dir='ltr'><strong>quare</strong></span> <span class='ocrx_word' id='word_1_654' title='bbox 1858 4459 1965 4497; x_wconf 86' lang='lat' dir='ltr'><strong>non</strong></span> 
     </span>
    </p>
   </div>
   <div class='ocr_carea' id='block_1_94' title="bbox 279 4528 1966 4600">
    <p class='ocr_par' dir='ltr' id='par_1_94' title="bbox 279 4528 1966 4600">
     <span class='ocr_line' id='line_1_94' title="bbox 279 4528 1966 4600; baseline 0.001 -16"><span class='ocrx_word' id='word_1_655' title='bbox 279 4528 543 4584; x_wconf 84' lang='lat' dir='ltr'><strong>indicasti</strong></span> <span class='ocrx_word' id='word_1_656' title='bbox 609 4530 755 4600; x_wconf 86' lang='lat' dir='ltr'><strong>quod</strong></span> <span class='ocrx_word' id='word_1_657' title='bbox 800 4546 943 4584; x_wconf 70' lang='lat' dir='ltr'><strong>umor</strong></span> <span class='ocrx_word' id='word_1_658' title='bbox 994 4537 1087 4584; x_wconf 88' lang='lat' dir='ltr'><strong>tua</strong></span> <span class='ocrx_word' id='word_1_659' title='bbox 1149 4530 1324 4585; x_wconf 86' lang='lat' dir='ltr'><strong>esset?</strong></span> <span class='ocrx_word' id='word_1_660' title='bbox 1379 4533 1533 4587; x_wconf 87' lang='lat' dir='ltr'><strong>Nunc</strong></span> <span class='ocrx_word' id='word_1_661' title='bbox 1613 4533 1789 4600; x_wconf 86' lang='lat' dir='ltr'><strong>igitur</strong></span> <span class='ocrx_word' id='word_1_662' title='bbox 1853 4548 1966 4586; x_wconf 82' lang='lat' dir='ltr'><strong>ecce</strong></span> 
     </span>
    </p>
   </div>
   <div class='ocr_carea' id='block_1_95' title="bbox 279 4615 1966 4688">
    <p class='ocr_par' dir='ltr' id='par_1_95' title="bbox 279 4615 1966 4688">
     <span class='ocr_line' id='line_1_95' title="bbox 279 4615 1966 4688; baseline 0.001 -15"><span class='ocrx_word' id='word_1_663' title='bbox 279 4615 480 4687; x_wconf 77' lang='lat' dir='ltr'><strong>conjua:</strong></span> <span class='ocrx_word' id='word_1_664' title='bbox 510 4622 624 4684; x_wconf 87' lang='lat' dir='ltr'><strong>tua,</strong></span> <span class='ocrx_word' id='word_1_665' title='bbox 666 4622 849 4688; x_wconf 88' lang='lat' dir='ltr'><strong>accipe</strong></span> <span class='ocrx_word' id='word_1_666' title='bbox 889 4634 1026 4684; x_wconf 90' lang='lat' dir='ltr'><strong>eam,</strong></span> <span class='ocrx_word' id='word_1_667' title='bbox 1060 4625 1111 4673; x_wconf 87' lang='lat' dir='ltr'><strong>et</strong></span> <span class='ocrx_word' id='word_1_668' title='bbox 1137 4619 1293 4674; x_wconf 79' lang='lat' dir='ltr'><strong>vade.</strong></span> <span class='ocrx_word' id='word_1_669' title='bbox 1331 4620 1669 4675; x_wconf 87' lang='lat' dir='ltr'><strong>Pharaonem</strong></span> <span class='ocrx_word' id='word_1_670' title='bbox 1704 4622 1966 4675; x_wconf 87' lang='lat' dir='ltr'><strong>Dominus</strong></span> 
     </span>
    </p>
   </div>
   <div class='ocr_carea' id='block_1_96' title="bbox 281 4706 1963 4778">
    <p class='ocr_par' dir='ltr' id='par_1_96' title="bbox 281 4706 1963 4778">
     <span class='ocr_line' id='line_1_96' title="bbox 281 4706 1963 4778; baseline 0.002 -18"><span class='ocrx_word' id='word_1_671' title='bbox 281 4706 549 4777; x_wconf 78' lang='lat' dir='ltr'><strong>flagellat,</strong></span> <span class='ocrx_word' id='word_1_672' title='bbox 584 4706 723 4762; x_wconf 92' lang='lat' dir='ltr'><strong>dum</strong></span> <span class='ocrx_word' id='word_1_673' title='bbox 756 4708 1109 4778; x_wconf 89' lang='lat' dir='ltr'><strong>quandoque</strong></span> <span class='ocrx_word' id='word_1_674' title='bbox 1153 4722 1187 4762; x_wconf 90' lang='lat' dir='ltr'><strong>a</strong></span> <span class='ocrx_word' id='word_1_675' title='bbox 1224 4722 1465 4764; x_wconf 90' lang='lat' dir='ltr'><strong>suarum</strong></span> <span class='ocrx_word' id='word_1_676' title='bbox 1511 4708 1713 4766; x_wconf 79' lang='lat' dir='ltr'><strong>effectu</strong></span> <span class='ocrx_word' id='word_1_677' title='bbox 1772 4709 1963 4765; x_wconf 89' lang='lat' dir='ltr'><strong>libidi-</strong></span> 
     </span>
    </p>
   </div>
   <div class='ocr_carea' id='block_1_97' title="bbox 280 4796 1967 4870">
    <p class='ocr_par' dir='ltr' id='par_1_97' title="bbox 280 4796 1967 4870">
     <span class='ocr_line' id='line_1_97' title="bbox 280 4796 1967 4870; baseline 0.002 -21"><span class='ocrx_word' id='word_1_678' title='bbox 280 4809 421 4850; x_wconf 90' lang='lat' dir='ltr'><strong>num</strong></span> <span class='ocrx_word' id='word_1_679' title='bbox 467 4802 782 4865; x_wconf 90' lang='lat' dir='ltr'><strong>torpentem</strong></span> <span class='ocrx_word' id='word_1_680' title='bbox 810 4796 1075 4853; x_wconf 83' lang='lat' dir='ltr'><strong>atl‘ectum</strong></span> <span class='ocrx_word' id='word_1_681' title='bbox 1121 4798 1486 4866; x_wconf 73' lang='lat' dir='ltr'><strong>praesentium</strong></span> <span class='ocrx_word' id='word_1_682' title='bbox 1519 4798 1967 4870; x_wconf 81' lang='lat' dir='ltr'><strong>futurorumque</strong></span> 
     </span>
    </p>
   </div>
   <div class='ocr_carea' id='block_1_98' title="bbox 280 4883 1965 4957">
    <p class='ocr_par' dir='ltr' id='par_1_98' title="bbox 280 4883 1965 4957">
     <span class='ocr_line' id='line_1_98' title="bbox 280 4883 1965 4957; baseline 0.002 -19"><span class='ocrx_word' id='word_1_683' title='bbox 280 4883 561 4940; x_wconf 88' lang='lat' dir='ltr'><strong>malorum</strong></span> <span class='ocrx_word' id='word_1_684' title='bbox 603 4886 753 4940; x_wconf 89' lang='lat' dir='ltr'><strong>Deus</strong></span> <span class='ocrx_word' id='word_1_685' title='bbox 792 4885 1248 4942; x_wconf 87' lang='lat' dir='ltr'><strong>consideratione</strong></span> <span class='ocrx_word' id='word_1_686' title='bbox 1280 4886 1617 4944; x_wconf 89' lang='lat' dir='ltr'><strong>exterritat:</strong></span> <span class='ocrx_word' id='word_1_687' title='bbox 1670 4887 1786 4957; x_wconf 80' lang='lat' dir='ltr'><strong>ejus</strong></span> <span class='ocrx_word' id='word_1_688' title='bbox 1839 4902 1965 4957; x_wconf 87' lang='lat' dir='ltr'><strong>per-</strong></span> 
     </span>
    </p>
   </div>
   <div class='ocr_carea' id='block_1_99' title="bbox 277 4972 1963 5045">
    <p class='ocr_par' dir='ltr' id='par_1_99' title="bbox 277 4972 1963 5045">
     <span class='ocr_line' id='line_1_99' title="bbox 277 4972 1963 5045; baseline 0.001 -18"><span class='ocrx_word' id='word_1_689' title='bbox 277 4972 421 5028; x_wconf 90' lang='lat' dir='ltr'><strong>cutit</strong></span> <span class='ocrx_word' id='word_1_690' title='bbox 472 4974 706 5040; x_wconf 88' lang='lat' dir='ltr'><strong>domum,</strong></span> <span class='ocrx_word' id='word_1_691' title='bbox 765 4975 906 5030; x_wconf 90' lang='lat' dir='ltr'><strong>dum</strong></span> <span class='ocrx_word' id='word_1_692' title='bbox 959 4976 1288 5045; x_wconf 90' lang='lat' dir='ltr'><strong>temporalis</strong></span> <span class='ocrx_word' id='word_1_693' title='bbox 1334 4979 1538 5033; x_wconf 90' lang='lat' dir='ltr'><strong>timore</strong></span> <span class='ocrx_word' id='word_1_694' title='bbox 1580 4977 1830 5043; x_wconf 88' lang='lat' dir='ltr'><strong>ultionis,</strong></span> <span class='ocrx_word' id='word_1_695' title='bbox 1878 4975 1963 5029; x_wconf 90' lang='lat' dir='ltr'><strong>vel</strong></span> 
     </span>
    </p>
   </div>
   <div class='ocr_carea' id='block_1_100' title="bbox 280 5061 1970 5134">
    <p class='ocr_par' dir='ltr' id='par_1_100' title="bbox 280 5061 1970 5134">
     <span class='ocr_line' id='line_1_100' title="bbox 280 5061 1970 5134; baseline 0.002 -18"><span class='ocrx_word' id='word_1_696' title='bbox 280 5061 477 5117; x_wconf 87' lang='lat' dir='ltr'><strong>aterni</strong></span> <span class='ocrx_word' id='word_1_697' title='bbox 501 5062 723 5133; x_wconf 89' lang='lat' dir='ltr'><strong>judicii,</strong></span> <span class='ocrx_word' id='word_1_698' title='bbox 747 5065 1152 5132; x_wconf 87' lang='lat' dir='ltr'><strong>perseverandi</strong></span> <span class='ocrx_word' id='word_1_699' title='bbox 1184 5065 1243 5120; x_wconf 90' lang='lat' dir='ltr'><strong>in</strong></span> <span class='ocrx_word' id='word_1_700' title='bbox 1275 5065 1426 5121; x_wconf 90' lang='lat' dir='ltr'><strong>malo</strong></span> <span class='ocrx_word' id='word_1_701' title='bbox 1454 5071 1554 5119; x_wconf 71' lang='lat'><strong>56</strong></span> <span class='ocrx_word' id='word_1_702' title='bbox 1571 5079 1741 5134; x_wconf 89' lang='lat' dir='ltr'><strong>quem</strong></span> <span class='ocrx_word' id='word_1_703' title='bbox 1776 5078 1970 5133; x_wconf 89' lang='lat' dir='ltr'><strong>propo-</strong></span> 
     </span>
    </p>
   </div>
   <div class='ocr_carea' id='block_1_101' title="bbox 278 5150 1969 5224">
    <p class='ocr_par' dir='ltr' id='par_1_101' title="bbox 278 5150 1969 5224">
     <span class='ocr_line' id='line_1_101' title="bbox 278 5150 1969 5224; baseline 0.001 -19"><span class='ocrx_word' id='word_1_704' title='bbox 278 5157 472 5206; x_wconf 90' lang='lat' dir='ltr'><strong>suerat</strong></span> <span class='ocrx_word' id='word_1_705' title='bbox 504 5150 744 5206; x_wconf 87' lang='lat' dir='ltr'><strong>destruit</strong></span> <span class='ocrx_word' id='word_1_706' title='bbox 784 5152 1136 5224; x_wconf 88' lang='lat' dir='ltr'><strong>appetitum;</strong></span> <span class='ocrx_word' id='word_1_707' title='bbox 1169 5161 1223 5210; x_wconf 91' lang='lat' dir='ltr'><strong>et</strong></span> <span class='ocrx_word' id='word_1_708' title='bbox 1255 5155 1359 5210; x_wconf 92' lang='lat' dir='ltr'><strong>hoc</strong></span> <span class='ocrx_word' id='word_1_709' title='bbox 1401 5153 1460 5208; x_wconf 86' lang='lat' dir='ltr'><strong>fit</strong></span> <span class='ocrx_word' id='word_1_710' title='bbox 1489 5159 1711 5221; x_wconf 82' lang='lat' dir='ltr'><strong>propter</strong></span> <span class='ocrx_word' id='word_1_711' title='bbox 1747 5168 1969 5208; x_wconf 71' lang='lat' dir='ltr'><strong>uxorem</strong></span> 
     </span>
    </p>
   </div>
   <div class='ocr_carea' id='block_1_102' title="bbox 282 5239 1968 5311">
    <p class='ocr_par' dir='ltr' id='par_1_102' title="bbox 282 5239 1968 5311">
     <span class='ocr_line' id='line_1_102' title="bbox 282 5239 1968 5311; baseline 0.002 -19"><span class='ocrx_word' id='word_1_712' title='bbox 282 5239 494 5293; x_wconf 75' lang='lat' dir='ltr'><strong>Abram</strong></span> <span class='ocrx_word' id='word_1_713' title='bbox 524 5240 689 5294; x_wconf 87' lang='lat' dir='ltr'><strong>Sarai</strong></span> <span class='ocrx_word' id='word_1_714' title='bbox 726 5240 937 5298; x_wconf 88' lang='lat' dir='ltr'><strong>scilicet</strong></span> <span class='ocrx_word' id='word_1_715' title='bbox 978 5243 1155 5299; x_wconf 89' lang='lat' dir='ltr'><strong>donec</strong></span> <span class='ocrx_word' id='word_1_716' title='bbox 1202 5242 1471 5298; x_wconf 88' lang='lat' dir='ltr'><strong>voluntas</strong></span> <span class='ocrx_word' id='word_1_717' title='bbox 1518 5241 1686 5309; x_wconf 85' lang='lat' dir='ltr'><strong>quasi</strong></span> <span class='ocrx_word' id='word_1_718' title='bbox 1733 5242 1968 5311; x_wconf 87' lang='lat' dir='ltr'><strong>conjugi</strong></span> 
     </span>
    </p>
   </div>
   <div class='ocr_carea' id='block_1_103' title="bbox 282 5327 1966 5398">
    <p class='ocr_par' dir='ltr' id='par_1_103' title="bbox 282 5327 1966 5398">
     <span class='ocr_line' id='line_1_103' title="bbox 282 5327 1966 5398; baseline 0 -15"><span class='ocrx_word' id='word_1_719' title='bbox 282 5327 511 5398; x_wconf 90' lang='lat' dir='ltr'><strong>proprio</strong></span> <span class='ocrx_word' id='word_1_720' title='bbox 592 5328 868 5385; x_wconf 88' lang='lat' dir='ltr'><strong>reddatur</strong></span> <span class='ocrx_word' id='word_1_721' title='bbox 940 5331 1186 5387; x_wconf 83' lang='lat' dir='ltr'><strong>rationi:</strong></span> <span class='ocrx_word' id='word_1_722' title='bbox 1244 5338 1406 5386; x_wconf 85' lang='lat' dir='ltr'><strong>vocat</strong></span> <span class='ocrx_word' id='word_1_723' title='bbox 1449 5331 1666 5385; x_wconf 84' lang='lat' dir='ltr'><strong>Pharao</strong></span> <span class='ocrx_word' id='word_1_724' title='bbox 1733 5329 1966 5395; x_wconf 72' lang='lat' dir='ltr'><strong>Abram,</strong></span> 
     </span>
    </p>
   </div>
   <div class='ocr_carea' id='block_1_104' title="bbox 281 5416 1965 5490">
    <p class='ocr_par' dir='ltr' id='par_1_104' title="bbox 281 5416 1965 5490">
     <span class='ocr_line' id='line_1_104' title="bbox 281 5416 1965 5490; baseline 0.001 -19"><span class='ocrx_word' id='word_1_725' title='bbox 281 5417 514 5484; x_wconf 83' lang='lat' dir='ltr'><strong>quando</strong></span> <span class='ocrx_word' id='word_1_726' title='bbox 546 5416 784 5474; x_wconf 70' lang='lat' dir='ltr'><strong>allectus</strong></span> <span class='ocrx_word' id='word_1_727' title='bbox 821 5420 939 5490; x_wconf 87' lang='lat' dir='ltr'><strong>jam</strong></span> <span class='ocrx_word' id='word_1_728' title='bbox 972 5420 1208 5475; x_wconf 90' lang='lat' dir='ltr'><strong>humilis</strong></span> <span class='ocrx_word' id='word_1_729' title='bbox 1248 5418 1355 5474; x_wconf 91' lang='lat' dir='ltr'><strong>sibi</strong></span> <span class='ocrx_word' id='word_1_730' title='bbox 1388 5417 1636 5489; x_wconf 88' lang='lat' dir='ltr'><strong>applicat</strong></span> <span class='ocrx_word' id='word_1_731' title='bbox 1665 5419 1965 5476; x_wconf 84' lang='lat' dir='ltr'><strong>rationem.</strong></span> 
     </span>
    </p>
   </div>
   <div class='ocr_carea' id='block_1_105' title="bbox 279 5504 1969 5578">
    <p class='ocr_par' dir='ltr' id='par_1_105' title="bbox 279 5504 1969 5578">
     <span class='ocr_line' id='line_1_105' title="bbox 279 5504 1969 5578; baseline -0.001 -15"><span class='ocrx_word' id='word_1_732' title='bbox 279 5504 415 5574; x_wconf 90' lang='lat' dir='ltr'><strong>Cur,</strong></span> <span class='ocrx_word' id='word_1_733' title='bbox 449 5505 660 5577; x_wconf 88' lang='lat' dir='ltr'><strong>inquit,</strong></span> <span class='ocrx_word' id='word_1_734' title='bbox 706 5521 739 5563; x_wconf 91' lang='grc' dir='ltr'>ο</span> <span class='ocrx_word' id='word_1_735' title='bbox 780 5507 1178 5563; x_wconf 89' lang='lat' dir='ltr'><strong>intellectualis</strong></span> <span class='ocrx_word' id='word_1_736' title='bbox 1218 5521 1466 5564; x_wconf 90' lang='lat' dir='ltr'><strong>censura</strong></span> <span class='ocrx_word' id='word_1_737' title='bbox 1489 5506 1714 5578; x_wconf 88' lang='lat' dir='ltr'><strong>judicii,</strong></span> <span class='ocrx_word' id='word_1_738' title='bbox 1754 5507 1969 5564; x_wconf 90' lang='lat' dir='ltr'><strong>volun-</strong></span> 
     </span>
    </p>
   </div>
   <div class='ocr_carea' id='block_1_106' title="bbox 2074 4353 3765 4427">
    <p class='ocr_par' dir='ltr' id='par_1_106' title="bbox 2074 4353 3765 4427">
     <span class='ocr_line' id='line_1_106' title="bbox 2074 4353 3765 4427; baseline -0.004 -14"><span class='ocrx_word' id='word_1_739' title='bbox 2074 4358 2331 4413; x_wconf 87' lang='lat' dir='ltr'><strong>decorem</strong></span> <span class='ocrx_word' id='word_1_740' title='bbox 2363 4355 2744 4427; x_wconf 88' lang='lat' dir='ltr'><strong>diligendum,</strong></span> <span class='ocrx_word' id='word_1_741' title='bbox 2780 4353 3326 4424; x_wconf 87' lang='lat' dir='ltr'><strong>exquirendumque</strong></span> <span class='ocrx_word' id='word_1_742' title='bbox 3373 4353 3718 4424; x_wconf 86' lang='lat' dir='ltr'><strong>attingimus</strong></span> <span class='ocrx_word' id='word_1_743' title='bbox 3753 4369 3765 4407; x_wconf 90' lang='lat'>:</span> 
     </span>
    </p>
   </div>
   <div class='ocr_carea' id='block_1_107' title="bbox 2073 4442 3770 4508">
    <p class='ocr_par' dir='ltr' id='par_1_107' title="bbox 2073 4442 3770 4508">
     <span class='ocr_line' id='line_1_107' title="bbox 2073 4442 3770 4508; baseline -0.004 -4"><span class='ocrx_word' id='word_1_744' title='bbox 2073 4447 2279 4504; x_wconf 90' lang='lat' dir='ltr'><strong>domus</strong></span> <span class='ocrx_word' id='word_1_745' title='bbox 2307 4454 2497 4501; x_wconf 88' lang='lat' dir='ltr'><strong>autem</strong></span> <span class='ocrx_word' id='word_1_746' title='bbox 2542 4444 2662 4508; x_wconf 91' lang='lat' dir='ltr'><strong>Dei,</strong></span> <span class='ocrx_word' id='word_1_747' title='bbox 2701 4451 2803 4498; x_wconf 91' lang='lat' dir='ltr'><strong>aut</strong></span> <span class='ocrx_word' id='word_1_748' title='bbox 2847 4457 3007 4498; x_wconf 90' lang='lat' dir='ltr'><strong>mens</strong></span> <span class='ocrx_word' id='word_1_749' title='bbox 3038 4450 3253 4508; x_wconf 89' lang='lat' dir='ltr'><strong>nostra,</strong></span> <span class='ocrx_word' id='word_1_750' title='bbox 3288 4450 3389 4498; x_wconf 88' lang='lat' dir='ltr'><strong>aut</strong></span> <span class='ocrx_word' id='word_1_751' title='bbox 3424 4442 3521 4498; x_wconf 89' lang='lat' dir='ltr'><strong>illa</strong></span> <span class='ocrx_word' id='word_1_752' title='bbox 3562 4442 3770 4498; x_wconf 87' lang='lat' dir='ltr'><strong>intelli-</strong></span> 
     </span>
    </p>
   </div>
   <div class='ocr_carea' id='block_1_108' title="bbox 2074 4531 3769 4605">
    <p class='ocr_par' dir='ltr' id='par_1_108' title="bbox 2074 4531 3769 4605">
     <span class='ocr_line' id='line_1_108' title="bbox 2074 4531 3769 4605; baseline -0.002 -14"><span class='ocrx_word' id='word_1_753' title='bbox 2074 4536 2248 4605; x_wconf 88' lang='lat' dir='ltr'><strong>gitur,</strong></span> <span class='ocrx_word' id='word_1_754' title='bbox 2309 4534 2366 4588; x_wconf 90' lang='lat' dir='ltr'><strong>in</strong></span> <span class='ocrx_word' id='word_1_755' title='bbox 2426 4546 2545 4604; x_wconf 89' lang='lat' dir='ltr'><strong>qua</strong></span> <span class='ocrx_word' id='word_1_756' title='bbox 2604 4531 2798 4587; x_wconf 86' lang='lat' dir='ltr'><strong>multa</strong></span> <span class='ocrx_word' id='word_1_757' title='bbox 2843 4545 2966 4587; x_wconf 89' lang='lat' dir='ltr'><strong>esse</strong></span> <span class='ocrx_word' id='word_1_758' title='bbox 3010 4531 3334 4586; x_wconf 90' lang='lat' dir='ltr'><strong>mansiones</strong></span> <span class='ocrx_word' id='word_1_759' title='bbox 3386 4531 3769 4602; x_wconf 90' lang='lat' dir='ltr'><strong>perhibentur</strong></span> 
     </span>
    </p>
   </div>
   <div class='ocr_carea' id='block_1_109' title="bbox 2075 4617 3763 4693">
    <p class='ocr_par' dir='ltr' id='par_1_109' title="bbox 2075 4617 3763 4693">
     <span class='ocr_line' id='line_1_109' title="bbox 2075 4617 3763 4693; baseline -0.001 -16"><span class='ocrx_word' id='word_1_760' title='bbox 2075 4624 2251 4693; x_wconf 85' lang='lat' dir='ltr'><strong>(Joan.</strong></span> <span class='ocrx_word' id='word_1_761' title='bbox 2310 4636 2426 4687; x_wconf 76' lang='lat' dir='ltr'><strong>xw,</strong></span> <span class='ocrx_word' id='word_1_762' title='bbox 2472 4619 2546 4689; x_wconf 71' lang='lat'><strong>&#39;2).</strong></span> <span class='ocrx_word' id='word_1_763' title='bbox 2598 4619 2772 4675; x_wconf 91' lang='lat' dir='ltr'><strong>Porro</strong></span> <span class='ocrx_word' id='word_1_764' title='bbox 2823 4633 2922 4688; x_wconf 92' lang='lat' dir='ltr'><strong>per</strong></span> <span class='ocrx_word' id='word_1_765' title='bbox 2981 4619 3129 4675; x_wconf 91' lang='lat' dir='ltr'><strong>idem</strong></span> <span class='ocrx_word' id='word_1_766' title='bbox 3176 4621 3283 4675; x_wconf 90' lang='lat' dir='ltr'><strong>iter</strong></span> <span class='ocrx_word' id='word_1_767' title='bbox 3315 4632 3430 4689; x_wconf 89' lang='lat' dir='ltr'><strong>quo</strong></span> <span class='ocrx_word' id='word_1_768' title='bbox 3475 4617 3763 4686; x_wconf 91' lang='lat' dir='ltr'><strong>venimus,</strong></span> 
     </span>
    </p>
   </div>
   <div class='ocr_carea' id='block_1_110' title="bbox 2075 4707 3765 4779">
    <p class='ocr_par' dir='ltr' id='par_1_110' title="bbox 2075 4707 3765 4779">
     <span class='ocr_line' id='line_1_110' title="bbox 2075 4707 3765 4779; baseline -0.002 -13"><span class='ocrx_word' id='word_1_769' title='bbox 2075 4710 2144 4766; x_wconf 93' lang='lat' dir='ltr'><strong>de</strong></span> <span class='ocrx_word' id='word_1_770' title='bbox 2190 4710 2435 4779; x_wconf 53' lang='lat' dir='ltr'><strong>.lEgypto</strong></span> <span class='ocrx_word' id='word_1_771' title='bbox 2484 4707 2848 4775; x_wconf 85' lang='lat' dir='ltr'><strong>revertimur,</strong></span> <span class='ocrx_word' id='word_1_772' title='bbox 2899 4722 3032 4763; x_wconf 91' lang='lat' dir='ltr'><strong>cum</strong></span> <span class='ocrx_word' id='word_1_773' title='bbox 3084 4721 3184 4777; x_wconf 88' lang='lat' dir='ltr'><strong>per</strong></span> <span class='ocrx_word' id='word_1_774' title='bbox 3232 4707 3429 4763; x_wconf 90' lang='lat' dir='ltr'><strong>eadem</strong></span> <span class='ocrx_word' id='word_1_775' title='bbox 3482 4707 3765 4764; x_wconf 90' lang='lat' dir='ltr'><strong>virtutum</strong></span> 
     </span>
    </p>
   </div>
   <div class='ocr_carea' id='block_1_111' title="bbox 2073 4795 3767 4866">
    <p class='ocr_par' dir='ltr' id='par_1_111' title="bbox 2073 4795 3767 4866">
     <span class='ocr_line' id='line_1_111' title="bbox 2073 4795 3767 4866; baseline 0 -14"><span class='ocrx_word' id='word_1_776' title='bbox 2073 4797 2369 4864; x_wconf 83' lang='lat' dir='ltr'><strong>exercitia,</strong></span> <span class='ocrx_word' id='word_1_777' title='bbox 2400 4811 2434 4851; x_wconf 90' lang='lat' dir='ltr'><strong>a</strong></span> <span class='ocrx_word' id='word_1_778' title='bbox 2470 4796 2685 4866; x_wconf 85' lang='lat' dir='ltr'><strong>quibus</strong></span> <span class='ocrx_word' id='word_1_779' title='bbox 2723 4795 3077 4852; x_wconf 81' lang='lat' dir='ltr'><strong>defluximus</strong></span> <span class='ocrx_word' id='word_1_780' title='bbox 3120 4795 3179 4850; x_wconf 91' lang='lat' dir='ltr'><strong>in</strong></span> <span class='ocrx_word' id='word_1_781' title='bbox 3219 4796 3471 4865; x_wconf 83' lang='lat' dir='ltr'><strong>culpam,</strong></span> <span class='ocrx_word' id='word_1_782' title='bbox 3505 4797 3767 4866; x_wconf 89' lang='lat' dir='ltr'><strong>regredi—</strong></span> 
     </span>
    </p>
   </div>
   <div class='ocr_carea' id='block_1_112' title="bbox 2078 4883 3771 4956">
    <p class='ocr_par' dir='ltr' id='par_1_112' title="bbox 2078 4883 3771 4956">
     <span class='ocr_line' id='line_1_112' title="bbox 2078 4883 3771 4956; baseline -0.001 -15"><span class='ocrx_word' id='word_1_783' title='bbox 2078 4900 2209 4941; x_wconf 91' lang='lat' dir='ltr'><strong>mur</strong></span> <span class='ocrx_word' id='word_1_784' title='bbox 2252 4884 2308 4939; x_wconf 90' lang='lat' dir='ltr'><strong>in</strong></span> <span class='ocrx_word' id='word_1_785' title='bbox 2343 4884 2610 4956; x_wconf 89' lang='lat' dir='ltr'><strong>gratiam,</strong></span> <span class='ocrx_word' id='word_1_786' title='bbox 2638 4883 2849 4941; x_wconf 89' lang='lat' dir='ltr'><strong>scilicet</strong></span> <span class='ocrx_word' id='word_1_787' title='bbox 2878 4898 3064 4955; x_wconf 89' lang='lat' dir='ltr'><strong>usque</strong></span> <span class='ocrx_word' id='word_1_788' title='bbox 3096 4885 3166 4941; x_wconf 91' lang='lat' dir='ltr'><strong>ad</strong></span> <span class='ocrx_word' id='word_1_789' title='bbox 3214 4884 3403 4940; x_wconf 91' lang='lat' dir='ltr'><strong>locum</strong></span> <span class='ocrx_word' id='word_1_790' title='bbox 3434 4884 3531 4940; x_wconf 92' lang='lat' dir='ltr'><strong>ubi</strong></span> <span class='ocrx_word' id='word_1_791' title='bbox 3566 4885 3771 4942; x_wconf 81' lang='lat' dir='ltr'><strong>ﬁxera-</strong></span> 
     </span>
    </p>
   </div>
   <div class='ocr_carea' id='block_1_113' title="bbox 2077 4962 3772 5045">
    <p class='ocr_par' dir='ltr' id='par_1_113' title="bbox 2077 4962 3772 5045">
     <span class='ocr_line' id='line_1_113' title="bbox 2077 4962 3772 5045; baseline 0 -16"><span class='ocrx_word' id='word_1_792' title='bbox 2077 4988 2207 5029; x_wconf 89' lang='lat' dir='ltr'><strong>mus</strong></span> <span class='ocrx_word' id='word_1_793' title='bbox 2238 4973 2693 5039; x_wconf 87' lang='lat' dir='ltr'><strong>tabernaculum,</strong></span> <span class='ocrx_word' id='word_1_794' title='bbox 2727 4973 2783 5029; x_wconf 91' lang='lat' dir='ltr'><strong>id</strong></span> <span class='ocrx_word' id='word_1_795' title='bbox 2827 4981 2911 5030; x_wconf 90' lang='lat' dir='ltr'><strong>est</strong></span> <span class='ocrx_word' id='word_1_796' title='bbox 2940 4988 3126 5045; x_wconf 91' lang='lat' dir='ltr'><strong>usque</strong></span> <span class='ocrx_word' id='word_1_797' title='bbox 3158 4973 3230 5030; x_wconf 90' lang='lat' dir='ltr'><strong>ad</strong></span> <span class='ocrx_word' id='word_1_798' title='bbox 3263 4974 3497 5029; x_wconf 90' lang='lat' dir='ltr'><strong>sincera</strong></span> <span class='ocrx_word' id='word_1_799' title='bbox 3529 4962 3772 5031; x_wconf 83' lang='lat' dir='ltr'><strong>humili-</strong></span> 
     </span>
    </p>
   </div>
   <div class='ocr_carea' id='block_1_114' title="bbox 2077 5062 3774 5133">
    <p class='ocr_par' dir='ltr' id='par_1_114' title="bbox 2077 5062 3774 5133">
     <span class='ocr_line' id='line_1_114' title="bbox 2077 5062 3774 5133; baseline 0.001 -14"><span class='ocrx_word' id='word_1_800' title='bbox 2077 5062 2208 5119; x_wconf 90' lang='lat' dir='ltr'><strong>tatis</strong></span> <span class='ocrx_word' id='word_1_801' title='bbox 2254 5062 2646 5130; x_wconf 86' lang='lat' dir='ltr'><strong>stabilitatem,</strong></span> <span class='ocrx_word' id='word_1_802' title='bbox 2693 5077 2824 5133; x_wconf 88' lang='lat' dir='ltr'><strong>qua</strong></span> <span class='ocrx_word' id='word_1_803' title='bbox 2853 5064 3187 5119; x_wconf 88' lang='lat' dir='ltr'><strong>sanctarum</strong></span> <span class='ocrx_word' id='word_1_804' title='bbox 3219 5062 3497 5119; x_wconf 88' lang='lat' dir='ltr'><strong>mentium</strong></span> <span class='ocrx_word' id='word_1_805' title='bbox 3535 5064 3591 5118; x_wconf 92' lang='lat' dir='ltr'><strong>in</strong></span> <span class='ocrx_word' id='word_1_806' title='bbox 3625 5079 3774 5133; x_wconf 86' lang='lat' dir='ltr'><strong>pra-</strong></span> 
     </span>
    </p>
   </div>
   <div class='ocr_carea' id='block_1_115' title="bbox 2077 5151 3775 5224">
    <p class='ocr_par' dir='ltr' id='par_1_115' title="bbox 2077 5151 3775 5224">
     <span class='ocr_line' id='line_1_115' title="bbox 2077 5151 3775 5224; baseline 0.001 -16"><span class='ocrx_word' id='word_1_807' title='bbox 2077 5151 2223 5209; x_wconf 90' lang='lat' dir='ltr'><strong>senti</strong></span> <span class='ocrx_word' id='word_1_808' title='bbox 2268 5151 2426 5207; x_wconf 91' lang='lat' dir='ltr'><strong>locus</strong></span> <span class='ocrx_word' id='word_1_809' title='bbox 2454 5160 2555 5219; x_wconf 87' lang='lat' dir='ltr'><strong>est,</strong></span> <span class='ocrx_word' id='word_1_810' title='bbox 2589 5152 2739 5208; x_wconf 91' lang='lat' dir='ltr'><strong>sicut</strong></span> <span class='ocrx_word' id='word_1_811' title='bbox 2770 5165 3084 5224; x_wconf 82' lang='lat' dir='ltr'><strong>pravarum</strong></span> <span class='ocrx_word' id='word_1_812' title='bbox 3120 5152 3409 5222; x_wconf 88' lang='lat' dir='ltr'><strong>superbia,</strong></span> <span class='ocrx_word' id='word_1_813' title='bbox 3462 5152 3561 5208; x_wconf 93' lang='lat' dir='ltr'><strong>ubi</strong></span> <span class='ocrx_word' id='word_1_814' title='bbox 3614 5154 3775 5223; x_wconf 91' lang='lat' dir='ltr'><strong>spiri-</strong></span> 
     </span>
    </p>
   </div>
   <div class='ocr_carea' id='block_1_116' title="bbox 2081 5241 3773 5313">
    <p class='ocr_par' dir='ltr' id='par_1_116' title="bbox 2081 5241 3773 5313">
     <span class='ocr_line' id='line_1_116' title="bbox 2081 5241 3773 5313; baseline 0.001 -16"><span class='ocrx_word' id='word_1_815' title='bbox 2081 5242 2293 5298; x_wconf 86' lang='lat' dir='ltr'><strong>tualem</strong></span> <span class='ocrx_word' id='word_1_816' title='bbox 2341 5255 2443 5297; x_wconf 92' lang='lat' dir='ltr'><strong>nos</strong></span> <span class='ocrx_word' id='word_1_817' title='bbox 2489 5249 2739 5308; x_wconf 90' lang='lat' dir='ltr'><strong>acturos,</strong></span> <span class='ocrx_word' id='word_1_818' title='bbox 2778 5241 2917 5297; x_wconf 89' lang='lat' dir='ltr'><strong>dum</strong></span> <span class='ocrx_word' id='word_1_819' title='bbox 2958 5242 3196 5310; x_wconf 90' lang='lat' dir='ltr'><strong>spiritus</strong></span> <span class='ocrx_word' id='word_1_820' title='bbox 3246 5242 3348 5297; x_wconf 91' lang='lat' dir='ltr'><strong>hos</strong></span> <span class='ocrx_word' id='word_1_821' title='bbox 3395 5242 3543 5313; x_wconf 88' lang='lat' dir='ltr'><strong>regit</strong></span> <span class='ocrx_word' id='word_1_822' title='bbox 3590 5251 3773 5309; x_wconf 88' lang='lat' dir='ltr'><strong>artus,</strong></span> 
     </span>
    </p>
   </div>
   <div class='ocr_carea' id='block_1_117' title="bbox 2078 5329 3780 5401">
    <p class='ocr_par' dir='ltr' id='par_1_117' title="bbox 2078 5329 3780 5401">
     <span class='ocr_line' id='line_1_117' title="bbox 2078 5329 3780 5401; baseline 0.001 -15"><span class='ocrx_word' id='word_1_823' title='bbox 2078 5330 2494 5401; x_wconf 90' lang='lat' dir='ltr'><strong>spopondimus</strong></span> <span class='ocrx_word' id='word_1_824' title='bbox 2550 5331 2834 5399; x_wconf 89' lang='lat' dir='ltr'><strong>militiam,</strong></span> <span class='ocrx_word' id='word_1_825' title='bbox 2892 5330 2950 5385; x_wconf 91' lang='lat' dir='ltr'><strong>in</strong></span> <span class='ocrx_word' id='word_1_826' title='bbox 2990 5330 3113 5385; x_wconf 90' lang='lat' dir='ltr'><strong>loco</strong></span> <span class='ocrx_word' id='word_1_827' title='bbox 3159 5330 3377 5397; x_wconf 89' lang='lat' dir='ltr'><strong>altaris,</strong></span> <span class='ocrx_word' id='word_1_828' title='bbox 3422 5329 3578 5399; x_wconf 91' lang='lat' dir='ltr'><strong>quod</strong></span> <span class='ocrx_word' id='word_1_829' title='bbox 3628 5330 3780 5387; x_wconf 89' lang='lat' dir='ltr'><strong>inter</strong></span> 
     </span>
    </p>
   </div>
   <div class='ocr_carea' id='block_1_118' title="bbox 2080 5418 3779 5490">
    <p class='ocr_par' dir='ltr' id='par_1_118' title="bbox 2080 5418 3779 5490">
     <span class='ocr_line' id='line_1_118' title="bbox 2080 5418 3779 5490; baseline -0.001 -15"><span class='ocrx_word' id='word_1_830' title='bbox 2080 5419 2273 5476; x_wconf 88' lang='lat' dir='ltr'><strong>Betbel</strong></span> <span class='ocrx_word' id='word_1_831' title='bbox 2308 5427 2363 5476; x_wconf 89' lang='lat' dir='ltr'><strong>et</strong></span> <span class='ocrx_word' id='word_1_832' title='bbox 2394 5419 2497 5475; x_wconf 84' lang='lat' dir='ltr'><strong>Hai</strong></span> <span class='ocrx_word' id='word_1_833' title='bbox 2531 5420 2692 5490; x_wconf 90' lang='lat' dir='ltr'><strong>prius</strong></span> <span class='ocrx_word' id='word_1_834' title='bbox 2737 5419 2997 5486; x_wconf 89' lang='lat' dir='ltr'><strong>fecimus,</strong></span> <span class='ocrx_word' id='word_1_835' title='bbox 3030 5419 3086 5473; x_wconf 89' lang='lat' dir='ltr'><strong>in</strong></span> <span class='ocrx_word' id='word_1_836' title='bbox 3121 5418 3231 5473; x_wconf 86' lang='lat' dir='ltr'><strong>ﬁde</strong></span> <span class='ocrx_word' id='word_1_837' title='bbox 3263 5419 3525 5474; x_wconf 88' lang='lat' dir='ltr'><strong>videlicet</strong></span> <span class='ocrx_word' id='word_1_838' title='bbox 3566 5419 3779 5476; x_wconf 88' lang='lat' dir='ltr'><strong>Christi</strong></span> 
     </span>
    </p>
   </div>
   <div class='ocr_carea' id='block_1_119' title="bbox 2082 5506 3777 5578">
    <p class='ocr_par' dir='ltr' id='par_1_119' title="bbox 2082 5506 3777 5578">
     <span class='ocr_line' id='line_1_119' title="bbox 2082 5506 3777 5578; baseline 0.002 -15"><span class='ocrx_word' id='word_1_839' title='bbox 2082 5514 2263 5564; x_wconf 90' lang='lat' dir='ltr'><strong>totum</strong></span> <span class='ocrx_word' id='word_1_840' title='bbox 2307 5508 2414 5563; x_wconf 90' lang='lat' dir='ltr'><strong>hoc</strong></span> <span class='ocrx_word' id='word_1_841' title='bbox 2444 5515 2697 5578; x_wconf 87' lang='lat' dir='ltr'><strong>agentes,</strong></span> <span class='ocrx_word' id='word_1_842' title='bbox 2746 5508 2801 5562; x_wconf 91' lang='lat' dir='ltr'><strong>in</strong></span> <span class='ocrx_word' id='word_1_843' title='bbox 2832 5521 2949 5577; x_wconf 85' lang='lat' dir='ltr'><strong>quo</strong></span> <span class='ocrx_word' id='word_1_844' title='bbox 2986 5506 3150 5577; x_wconf 85' lang='lat' dir='ltr'><strong>quasi</strong></span> <span class='ocrx_word' id='word_1_845' title='bbox 3200 5507 3574 5564; x_wconf 83' lang='lat' dir='ltr'><strong>fundamento</strong></span> <span class='ocrx_word' id='word_1_846' title='bbox 3615 5522 3777 5578; x_wconf 90' lang='lat' dir='ltr'><strong>spem</strong></span> 
     </span>
    </p>
   </div>
  </div>
