3902 6054
125 238 221 289 ΗἹ

1339 235 1705 293 MORALIUM
1748 234 1813 291 IN
1853 234 2149 292 GENESIN
2190 234 2321 293 LIB.
2365 232 2449 291 IV.

3546 235 3641 289 118

118 372 418 428 bonorum
474 378 801 429 nostrorum
860 372 1080 444 praemii
1135 371 1252 429 ﬁxe
1304 371 1641 439 locavimus,
1702 372 1825 429 sine
1863 377 1909 429 Α
1944 381 2140 430 utrum
2187 374 2464 441 invidere,
2508 372 2900 431 subversionis
2939 372 3099 430 dolos
3128 373 3456 440 obtendere,
3508 388 3641 444 quae

111 474 239 531 qua
295 468 584 531 tauquam
631 460 797 517 altari
828 475 944 517 non
975 460 1291 517 oll'erimus.
1336 461 1481 517 Hinc
1519 462 1730 529 Bethel,
1784 462 1835 516 id

107 558 193 605 est
241 549 680 619 supercualestis
725 550 932 606 domus
977 550 1092 618 Dei,
1143 550 1623 620 contemplatione
1686 566 1837 621 gau-

108 638 349 703 dentes,
408 636 566 693 illinc
599 637 817 709 gaudia
858 638 985 705 Hai,
1029 638 1083 693 id
1112 646 1198 694 est
1233 646 1495 695 tartareae
1543 639 1837 695 confusio-

112 726 230 792 nis,
287 726 511 782 intuitu
549 726 929 793 moderantes,
961 727 1160 797 sicque
1190 727 1356 783 nobis
1384 741 1593 783 nomen
1642 727 1837 783 Domi-

112 810 198 876 ni,
227 810 399 880 quod
429 818 514 865 est
542 812 728 875 Jesus,
761 810 816 865 id
838 818 922 867 est
954 810 1235 879 Salvator,
1269 810 1621 867 invocantes.

184 933 376 990 Vsus.
408 936 459 999 5,
494 936 548 1001 6,
584 938 636 987 7.
671 964 738 973 —
773 934 880 990 Sed
906 938 956 987 et
980 935 1139 1001 Loth,
1171 936 1269 1003 qui
1299 940 1418 989 erat
1448 951 1568 989 cum
1602 936 1831 993 Abram.

110 1024 356 1088 fuerunt
393 1038 580 1089 greges
612 1024 819 1084 Otium,
854 1027 904 1076 et
943 1029 1209 1089 armenta,
1238 1030 1288 1077 et
1328 1025 1697 1078 tabernacula.
1731 1026 1836 1079 Nec

112 1115 345 1177 poterat
394 1126 478 1165 eos
524 1125 716 1180 capere
756 1115 923 1175 terra,
975 1114 1034 1165 ut
1111 1111 1424 1165 habitarent
1468 1114 1649 1166 simul.
1699 1115 1836 1167 Erat

113 1202 333 1268 quippe
374 1201 687 1254 substantia
717 1213 898 1253 eorum
942 1194 1135 1267 multa,
1176 1204 1227 1253 et
1256 1215 1361 1253 non
1402 1200 1632 1269 quibant
1672 1201 1835 1254 habi-

114 1293 238 1342 tare
275 1291 653 1342 communiter.
708 1288 858 1344 Unde
886 1293 937 1342 et
962 1291 1117 1355 facta
1141 1292 1221 1343 est
1253 1290 1385 1342 rima
1423 1291 1564 1343 inter
1590 1294 1833 1359 pastores

113 1393 354 1444 gregum
401 1377 610 1430 Abram
648 1382 699 1431 et
739 1378 895 1430 Loth.
945 1377 1102 1440 Loth,
1151 1376 1200 1430 id
1236 1385 1318 1431 est
1351 1376 1577 1432 atl'ectui
1617 1388 1829 1445 nostro,

113 1465 400 1534 quandiu
438 1466 647 1521 rationi
697 1466 863 1535 quasi
909 1466 1123 1521 Abram
1168 1466 1424 1532 inhaeret,
1472 1482 1655 1534 greges
1696 1476 1833 1523 suut

114 1557 325 1622 ovium,
390 1555 778 1610 numerositas
820 1554 1082 1610 videlicet
1130 1553 1480 1623 simplicium
1536 1556 1606 1610 ad
1649 1569 1727 1623 se,
1777 1564 1833 1612 et

117 1644 521 1699 beneﬁcarum
596 1644 667 1698 ad
742 1643 885 1698 alios
963 1642 1407 1713 cogitationum;
1487 1657 1600 1698 non
1678 1642 1828 1699 enim

116 1732 294 1788 modo
348 1731 480 1796 sibi,
535 1731 633 1786 sed
689 1738 741 1785 et
790 1730 918 1785 aliis
977 1730 1194 1786 vellera
1244 1730 1435 1786 terunt
1483 1745 1646 1800 oves;
1696 1739 1832 1788 sunt

116 1824 397 1885 armenta,
441 1818 607 1874 fortia
634 1819 844 1874 scilicet
877 1818 1160 1874 virtutum
1187 1833 1386 1888 opera;
1423 1819 1634 1874 adsunt
1664 1819 1832 1874 deni-

119 1924 235 1979 que
293 1907 670 1974 tabernacula,
732 1908 869 1963 dum
942 1908 1125 1963 sciens
1178 1907 1271 1963 hic
1321 1923 1380 1964 se
1433 1922 1549 1963 non
1622 1908 1831 1964 habere

121 2004 461 2053 manentem
505 1996 793 2052 civitatem
837 1997 1016 2064 (Hebr.
1070 2011 1190 2063 xm,
1237 1997 1347 2066 li),
1382 1997 1592 2068 cogitat
1622 1996 1680 2052 in
1724 1997 1833 2053 hoc

120 2085 341 2141 saeculo
384 2100 445 2141 se
490 2084 704 2140 versari
743 2099 810 2140 ac
849 2085 895 2139 si
941 2084 999 2140 in
1030 2085 1285 2154 quadam
1314 2094 1636 2140 castrorum
1682 2084 1829 2140 mili-

123 2174 229 2239 tia;
288 2181 433 2229 sunt
478 2188 732 2243 namque
776 2172 1149 2228 militantium
1197 2173 1283 2228 vel
1337 2172 1831 2243 peregrinantium

122 2260 535 2330 tabernacula;
588 2275 700 2316 non
746 2267 926 2329 potest
959 2268 1147 2316 tamen
1180 2274 1273 2315 eos
1305 2268 1722 2328 terra.capere,
1770 2267 1833 2316 ut

122 2350 301 2405 simul
360 2349 639 2414 habitent,
688 2348 828 2418 quia
878 2348 1195 2415 terreuitas,
1230 2363 1360 2418 quae
1389 2355 1669 2419 aggravat
1698 2348 1830 2402 ani-

124 2453 280 2494 mam
358 2439 511 2506 (Sap.
584 2453 658 2504 ιχ,
737 2438 846 2504 15),
899 2452 1013 2493 non
1074 2438 1290 2506 patitur
1358 2435 1828 2492 intellectualitati

123 2525 609 2597 irretragabiliter
650 2539 719 2580 ac
759 2525 1056 2581 individue
1095 2526 1357 2595 quandiu
1397 2526 1454 2581 in
1505 2526 1612 2580 hac
1658 2539 1831 2580 carne

124 2615 361 2685 agimus
406 2614 724 2683 appetitum
758 2614 1081 2669 consentire
1119 2614 1407 2669 carnalem
1444 2629 1456 2667 :
1506 2614 1641 2669 Caro
1688 2616 1828 2667 enim

124 2704 463 2771 concupiscit
520 2701 782 2755 adversus
828 2704 1110 2772 spiritum,
1170 2707 1220 2756 et
1278 2704 1508 2771 spiritus
1569 2702 1828 2755 adversus

124 2806 347 2845 carnem
395 2789 544 2855 (Gut.
595 2804 647 2856 v,
702 2791 812 2859 t7).
864 2790 1005 2845 Nam
1070 2790 1412 2857 substantia,
1464 2790 1520 2845 id
1569 2797 1651 2845 est
1703 2806 1826 2846 Ino-

126 2888 321 2943 tunm,
370 2879 471 2948 qui
520 2878 695 2934 menti
745 2893 848 2934 ure
896 2879 1182 2945 substant,
1232 2879 1561 2934 inﬁmorum
1613 2879 1826 2935 discre-

126 2968 355 3039 pantia,
406 2981 521 3022 non
572 2966 679 3021 fert
709 2980 921 3036 corpus
949 2974 1004 3022 et
1049 2966 1316 3035 spiritum
1347 2982 1573 3037 semper
1623 2967 1682 3022 in
1734 2968 1826 3022 Dei

128 3056 338 3125 placito
384 3055 594 3110 sentire
638 3054 998 3121 communia;
1046 3055 1181 3110 hinc
1221 3069 1357 3125 ergo
1392 3054 1452 3110 ﬁt
1502 3055 1828 3112 indesinens

129 3146 280 3200 inter
339 3152 592 3214 pastores
650 3152 1035 3214 utrorumque
1091 3158 1332 3215 gregum
1380 3144 1527 3212 rixa,
1583 3146 1722 3200 dum
1773 3154 1825 3201 et

127 3234 401 3304 cogitatio
443 3232 803 3288 rationabilis
843 3246 948 3302 per
979 3232 1209 3288 virtutis
1240 3233 1392 3303 pasci
1424 3233 1581 3303 cupit
1612 3234 1821 3297 studia,

129 3331 227 3376 aut
262 3336 363 3391 per
391 3335 570 3376 sacrae
603 3320 828 3391 paginae
857 3321 1041 3391 dicta;
1084 3321 1332 3377 carnalis
1364 3336 1499 3377 vero
1532 3323 1826 3392 temporali

130 3410 435 3479 saginatur
463 3408 683 3480 gloria:
718 3416 961 3480 pascunt
993 3410 1303 3465 rationales
1341 3417 1529 3466 motus
1560 3411 1826 3481 lacrymte

130 3499 456 3568 corporales
502 3512 752 3569 quaeque
792 3497 1161 3568 joculatoria;
1225 3498 1406 3554 multa
1457 3498 1634 3568 igitur
1680 3498 1829 3554 inter

135 3597 413 3657 utrosque
454 3587 781 3642 discordia:
834 3589 1087 3650 Fuerunt,
1138 3587 1346 3658 inquit,
1397 3588 1535 3641 mihi
1576 3589 1829 3656 lacrymae

131 3692 253 3730 mea
279 3691 454 3745 panes
482 3677 652 3741 (Psat.
682 3690 798 3741 xu,
829 3676 904 3745 4).

200 3803 373 3860 Vens.
409 3804 461 3867 8,
487 3805 540 3856 9.
573 3832 641 3841 —
670 3803 749 3856 Eo
773 3806 953 3855 autem
974 3803 1206 3869 tempore
1225 3800 1581 3861 Chananeus,
1604 3801 1653 3851 et
1677 3795 1829 3850 Phe-

130 3907 330 3947 rezams
362 3890 690 3945 habitabant
717 3891 778 3943 in
808 3894 955 3943 terra
985 3889 1102 3942 illa.
1155 3887 1309 3942 Dicit
1344 3902 1469 3953 ergo
1517 3886 1727 3940 Abram
1756 3884 1830 3938 ad

131 3982 306 4036 Loth:
337 3981 436 4046 Ne,
477 3993 673 4047 quaeso,
714 3980 789 4031 sit
810 3978 1067 4047 jurgium
1096 3977 1241 4030 inter
1267 3991 1349 4028 me
1377 3981 1426 4029 et
1455 3980 1524 4040 te,
1558 3979 1655 4028 57
1686 3977 1830 4028 inter

130 4075 373 4139 pastores
404 4082 567 4133 meos,
597 4073 648 4121 et
678 4071 828 4133 tuos;
858 4068 1064 4132 fratres
1095 4069 1237 4118 enim
1274 4079 1481 4118 sumus.
1532 4064 1666 4117 Ecce
1703 4064 1828 4116 uni-

131 4173 284 4212 versa
337 4162 486 4210 terra
535 4170 716 4209 coram
759 4158 850 4209 te:
901 4156 953 4209 si
998 4159 1057 4208 tu
1096 4153 1183 4207 ad“
1208 4155 1493 4207 sinistram
1538 4154 1686 4219 ieris,
1735 4166 1829 4219 ego

131 4234 412 4301 (bitter-am
471 4244 681 4312 tenebo;
761 4245 811 4298 si
850 4248 909 4297 tu
956 4243 1240 4297 dea-teram
1289 4243 1530 4310 elegeris,
1590 4258 1685 4310 ego
1753 4242 1828 4295 ad

131 4337 417 4388 sinistram
451 4347 695 4401 pergam.
745 4331 826 4387 Eo
870 4339 1123 4401 tempore
1168 4345 1285 4400 quo
1337 4339 1632 4400 pastorum
1674 4330 1828 4386 intra

133 4437 251 4489 nos,
317 4420 633 4477 antestium
695 4420 909 4477 scilicet
978 4428 1155 4490 atque
1223 4420 1581 4475 terrestrium
1632 4419 1829 4491 jurgia

135 4517 541 4572 conseruntur.
574 4510 911 4566 Chananaeus
959 4513 1123 4578 atque
1170 4510 1478 4563 Pherezaeus
1526 4508 1585 4564 in
1634 4516 1829 4564 nostra

140 4607 364 4655 terrena
409 4596 708 4653 affectione
754 4604 1085 4653 versantur.
1132 4597 1498 4654 Chananaeus
1546 4595 1829 4665 interpre-

142 4696 295 4743 tatur
330 4700 575 4741 reversus
607 4690 706 4751 est,
746 4683 1082 4741 Pherezmus
1115 4700 1403 4754 superans.
1448 4684 1539 4739 vel
1579 4684 1829 4738 dissemi-

137 4782 297 4830 natus
328 4790 343 4828 :
374 4775 515 4829 dum
568 4774 738 4829 enim‘
766 4787 959 4844 neque
987 4781 1182 4829 noster
1218 4774 1503 4843 appetitus
1550 4779 1676 4842 post
1720 4786 1833 4826 mo-

143 4873 503 4920 mentaneam
550 4876 748 4932 pacem
792 4863 963 4934 quasi
992 4862 1065 4918 ad
1099 4861 1266 4918 solita
1304 4861 1453 4918 bella
1498 4860 1829 4925 revertitur,

142 4954 472 5024 cogitatum,
506 4950 1067 5021 delectationumque
1096 4950 1317 5007 semina
1366 4949 1573 5004 animae
1612 4948 1830 5018 insper-

145 5050 379 5113 guntur,
428 5040 644 5109 quibus
684 5040 805 5110 ipsa
843 5039 1134 5097 multoties
1181 5046 1508 5108 superatur,
1562 5039 1835 5109 loquatur

146 5133 332 5202 itaque
376 5129 589 5185 Abram
631 5129 705 5182 ad
748 5130 906 5195 Loth.
956 5144 1049 5195 ne,
1108 5127 1316 5198 inquit,
1369 5126 1513 5182 ratio
1577 5126 1648 5182 ad
1693 5124 1830 5181 afte-

147 5228 290 5277 etum
349 5226 469 5274 [310
530 5218 819 5273 contraria
870 5231 1137 5273 exercere
1196 5230 1264 5271 ac
1318 5229 1553 5270 monere
1603 5215 1835 5269 studeas

150 5308 441 5373 honestati,
490 5321 626 5362 cum
665 5320 735 5361 ex
786 5320 906 5362 una
939 5306 1284 5375 prodeuntes
1321 5310 1511 5359 mente
1552 5303 1833 5373 quodam-

151 5398 299 5453 modo
322 5410 437 5453 nos
467 5394 683 5450 vinciat
714 5408 1002 5465 germanae
1032 5394 1102 5448 ad
1148 5393 1388 5448 invicem
1424 5396 1604 5462 pietas
1633 5390 1835 5446 condi-

151 5486 328 5555 tionis;
367 5484 447 5554 :et
495 5483 597 5539 ubi
656 5490 816 5538 tanta
866 5489 1089 5537 natnrze
1121 5487 1204 5536 est
1246 5481 1457 5539 unitas.
1506 5479 1609 5535 sibi
1658 5479 1834 5535 alter-

1867 2971 2067 3041 Ctem,
2136 2981 2191 3030 et
2255 2988 2428 3030 usum
2493 2973 2700 3029 debere
2773 2969 3041 3039 attribui;

1944 463 2242 519 dementiae
2277 462 2649 518 extremitas?
2706 465 2835 517 Ecce
2864 464 3117 516 universa
3168 467 3318 517 terra
3358 477 3539 517 coram
3590 467 3639 517 te

1944 556 2042 619 est,
2084 552 2139 606 id
2170 559 2253 608 est
2299 551 2584 607 universae
2632 550 2977 607 terrenitatis
3019 552 3308 621 appetitus
3347 551 3405 606 in
3454 565 3638 621 prom-

1946 647 2048 710 ptu
2089 643 2200 705 est;
2250 641 2293 695 si
2330 648 2390 694 tu
2432 640 2795 695 sinistrorum
2850 653 2949 709 per
2997 639 3342 709 ﬂagitiorum
3383 654 3639 695 convexa

1947 728 2314 798 processeris;
2363 730 2645 784 virtutum
2693 728 3046 795 modestiam,
3085 728 3238 799 quod
3282 736 3363 784 est
3412 728 3635 791 dextra,

1945 825 2008 872 ut
2055 817 2167 873 dici
2220 817 2377 881 solet,
2454 824 2636 873 rostro
2682 823 2735 872 et
2797 816 3094 887 unguibus
3139 830 3227 872 me
3278 817 3637 872 defensuram

1944 905 2216 961 noveris?
2263 905 2417 975 quod
2462 904 2506 959 si
2559 904 2626 959 de
2667 904 2789 974 ipsa
2833 904 3101 971 dexterae,
3151 904 3366 960 scilicet
3411 904 3642 960 virtutis

1944 994 2219 1061 custodia,
2250 1007 2349 1064 per
2368 992 2632 1048 elationis
2663 993 2934 1062 impetum
2969 1007 3057 1048 me
3082 1000 3299 1049 tentare
3326 990 3638 1063 delegeris?

1942 1097 2046 1153 ego
2077 1083 2150 1137 ad
2196 1084 2482 1136 sinistram
2516 1090 2879 1150 peccatorum
2928 1094 2960 1135 a
3012 1096 3099 1136 me
3138 1080 3274 1136 olim
3318 1079 3641 1135 commisso-

1943 1184 2074 1225 rum
2109 1169 2325 1225 intuitu
2356 1169 2543 1225 cordis
2575 1182 2833 1238 pergens,
2870 1176 3170 1238 conceptos
3199 1168 3412 1224 reﬂabo
3443 1175 3637 1224 tumo-

1942 1273 2032 1316 res
2062 1259 2261 1315 aculeo
2286 1257 2660 1315 discretionis.

2013 1384 2184 1439 Veus.
2234 1384 2314 1435 to.
2367 1411 2432 1420 —
2474 1381 2716 1434 Elevatis
2751 1383 2934 1449 itaque
2964 1379 3102 1434 Loth
3134 1381 3301 1435 oculis
3337 1382 3475 1434 ridit
3524 1396 3634 1434 om-

1940 1488 2057 1526 nem
2102 1473 2247 1524 circa
2294 1486 2348 1524 se
2372 1474 2662 1547 ‘regionem
2699 1469 2977 1534 Jordanis,
3041 1485 3158 1537 quas
3203 1471 3458 1523 universa
3500 1470 3627 1523 irri-

1938 1560 2194 1627 gabatur,
2276 1563 2567 1626 antequam
2641 1558 2969 1611 subverteret
3032 1561 3169 1611 Deus
3233 1556 3520 1612 Sodomam
3587 1560 3637 1610 et

1873 1674 1912 1728 Β
1944 1648 2320 1715 Gomorrham,
2371 1646 2513 1700 sicut
2555 1646 2852 1715 paradisus
2909 1647 3121 1700 Domini
3170 1650 3221 1699 et
3260 1647 3402 1699 sicut
3452 1644 3637 1711 Ερυ-

1939 1741 2065 1806 ptus
2123 1736 2459 1790 venientibus
2516 1737 2573 1788 in
2612 1735 2796 1801 Segor.
2836 1735 2975 1789 Loth
3016 1733 3214 1790 oculos
3254 1732 3444 1804 erigit,
3500 1746 3634 1787 cum

1939 1823 2189 1881 carnalis
2218 1824 2505 1895 appetitus
2532 1837 2605 1879 ex
2632 1822 2756 1892 ipsa
2785 1837 2978 1879 rerum
3011 1821 3393 1878 mundialium
3425 1818 3636 1891 cupida

1940 1913 2395 1970 consideratione
2454 1911 2741 1982 superbit;
2810 1911 2963 1966 videt
3017 1924 3134 1965 non
3189 1910 3519 1978 Jordanem,
3578 1908 3633 1965 id

1939 2009 2022 2058 est
2070 2001 2407 2057 descensum
2450 2015 2674 2067 eorum,
2725 1999 2937 2055 scilicet
2985 1998 3341 2068 iniquorum,
3377 2012 3493 2068 quo
3536 2012 3635 2068 per

1940 2104 2193 2146 amorem
2240 2088 2558 2144 visibilium
2620 2088 2677 2143 in
2726 2087 3073 2143 invisibilem
3122 2087 3400 2143 labuntur
3452 2087 3633 2143 inter-

1942 2179 2105 2241 itum,
2168 2178 2265 2234 sed
2320 2193 2524 2231 omnem
2577 2191 2709 2247 quae
2762 2179 2906 2231 circa
2962 2182 3046 2231 est
3097 2177 3385 2244 regionem,
3438 2173 3493 2229 id
3550 2181 3633 2229 est

1943 2265 2120 2337 ipsius
2154 2265 2367 2336 peccati
2397 2265 2913 2332 circumstantiam,
2948 2263 3144 2319 saeculi
3190 2263 3402 2319 scilicet
3454 2262 3634 2332 hujus

1934 2355 2388 2428 jucunditatem;
2434 2355 2743 2412 descensus
2790 2367 2928 2409 sane
2975 2359 3272 2424 peccatum
3319 2358 3424 2419 est,
3475 2353 3633 2421 regio

1939 2447 2091 2501 circa
2137 2444 2495 2509 descensum,
2546 2443 2729 2514 gloria
2774 2441 3122 2511 temporalis.
3187 2440 3320 2497 Haec
3379 2442 3631 2494 universa

1940 2533 2218 2603 irrigatur
2248 2531 2327 2587 uti
2372 2531 2674 2601 paradisus
2706 2531 2827 2596 Dei,
2863 2529 3002 2601 quia
3047 2529 3224 2585 fallax
3255 2528 3434 2584 animi
3464 2527 3635 2599 cupi-

1939 2622 2085 2677 ditas
2129 2621 2201 2676 ad
2252 2620 2531 2675 utendum
2583 2619 2749 2675 bonis
2792 2618 3140 2675 trausitoriis
3187 2617 3311 2673 sine
3354 2616 3470 2672 ullo
3521 2616 3632 2673 cri-

1941 2709 2109 2765 minis
2151 2709 2391 2765 incursu
2439 2708 2717 2779 conﬁngit
2767 2707 2875 2763 sibi
2929 2707 3110 2765 inesse
3158 2705 3405 2777 gratiam
3463 2703 3634 2759 hone-

1936 2798 2119 2863 statis,
2163 2804 2217 2853 et
2249 2797 2355 2864 his,
2389 2811 2520 2866 quae
2554 2796 2719 2866 quasi
2756 2796 3020 2865 quaedam
3054 2801 3190 2850 sunt
3223 2792 3526 2864 paradisus
3562 2792 3632 2846 ob

1937 2885 2174 2941 nimiam
2225 2885 2312 2941 sui
2362 2884 2604 2954 speciem
2655 2883 2753 2939 Dei
2800 2897 2981 2938 manu
3013 2881 3248 2949 consita,
3290 2880 3441 2935 licite
3470 2892 3634 2934 men-

3128 2971 3247 3026 hzec
3322 2966 3633 3023 honestatis

1941 3061 2148 3118 ﬁducia
2199 3062 2324 3117 fons
2357 3061 2449 3117 ille
2479 3068 2582 3125 est,
2617 3060 2714 3130 qui
2754 3059 2813 3115 in
2846 3058 3007 3114 initio
3047 3058 3225 3128 hujus
3254 3055 3382 3112 libri
3424 3055 3633 3126 legitur

1938 3158 2112 3207 totam
2164 3155 2325 3206 terrae
2375 3149 2736 3219 superﬁciem
2784 3147 3080 3217 irrigasse;
3128 3159 3299 3216 porro
3339 3144 3631 3214 regionem

1940 3239 2270 3311 irrigamus,
2327 3242 2522 3307 utpote
2578 3236 2911 3306 paradisum
2974 3234 3092 3300 Dei,
3147 3233 3287 3303 quia
3347 3231 3633 3287 mundum

1938 3343 2038 3384 nos
2081 3342 2242 3398 posse
2286 3327 2567 3396 religiose.
2634 3324 3112 3391 continenterque
3158 3329 3349 3377 tenere
3400 3319 3633 3389 pollice-

1938 3431 2089 3482 mur,
2124 3423 2316 3484 utpote
2367 3423 2480 3470 tam
2534 3414 2774 3483 pulchre
2805 3419 2993 3467 satum
3029 3410 3202 3466 verbo
3258 3409 3392 3477 Dei;
3441 3407 3538 3463 sed
3587 3407 3633 3462 is

1936 3504 2039 3574 qui
2089 3504 2389 3573 paradisus
2419 3518 2453 3558 a
2493 3502 2657 3557 nobis
2695 3500 2835 3555 falso
2864 3501 3137 3570 jactatur,
3185 3511 3452 3567 processu
3488 3502 3631 3550 tem-

1937 3593 2090 3663 poris
2150 3594 2208 3647 tit
2272 3592 2575 3661 Egyptus,
2637 3589 2693 3644 id
2751 3596 2835 3644 est
2901 3587 3146 3643 tenebrae
3205 3593 3260 3641 et
3329 3583 3632 3640 obduratio

1936 3681 2145 3749 cordis,
2196 3694 2311 3735 non
2343 3679 2471 3734 aliis
2502 3687 2692 3734 tamen
2739 3690 2914 3745 quam
2958 3674 3294 3729 venientibus
3337 3676 3395 3726 in
3444 3673 3627 3738 Segor,

1938 3782 2040 3838 per
2063 3768 2240 3823 animi
2272 3768 2485 3822 scilicet
2524 3767 2751 3822 ﬂuxum
2783 3763 3185 3821 delabentibus
3216 3762 3273 3817 in
3304 3759 3629 3827 lasciviam;

1938 3857 2114 3928 Segor
2150 3857 2301 3913 enim
2332 3856 2547 3912 dicitur
2574 3856 2768 3920 vitula,
2802 3853 2891 3909 vel
2931 3851 3279 3917 meridiana;
3330 3850 3386 3904 in
3417 3848 3632 3919 quibus

1937 3944 2278 4016 intelligitur
2333 3958 2550 4014 pravus
2603 3942 2777 3998 animi
2823 3949 3017 4007 aestus,
3065 3947 3241 4009 atque
3284 3937 3629 4007 petulantia;

1937 4034 2196 4104 dumque
2224 4034 2291 4089 de
2325 4034 2492 4099 bono,
2526 4032 2681 4102 quod
2712 4044 2826 4086 non
2853 4037 2955 4095 est,
2989 4028 3348 4093 conﬁdimus,
3385 4026 3441 4080 in
3473 4039 3629 4089 vera,

1937 4137 2067 4192 quae
2100 4121 2264 4177 nobis
2296 4121 2514 4187 insunt,
2540 4118 2690 4175 mala
2730 4118 3041 4173 cernimus.

1869 4271 1910 4324 ο
2013 4245 2179 4303 Vens.
2234 4247 2317 4311 tt,
2358 4247 2439 4309 t2,
2476 4246 2559 4297 13.
2594 4272 2663 4282 -
2709 4242 2996 4309 Elegitque
3023 4239 3136 4293 sibi
3179 4238 3319 4293 Loth
3366 4239 3633 4304 regionem

1936 4336 2083 4389 circa
2124 4333 2434 4398 Iordanem,
2485 4337 2536 4386 et
2562 4333 2779 4386 recessit
2820 4329 2888 4384 ab
2920 4331 3153 4394 oriente;
3187 4326 3460 4395 divisique
3506 4333 3634 4381 sunt

1936 4424 2261 4478 alterutrum
2315 4437 2351 4474 a
2396 4423 2576 4487 fratre
2634 4434 2750 4474 suo.
2806 4418 3017 4483 Abram
3063 4432 3187 4471 vero
3246 4416 3519 4471 habitavit
3574 4418 3634 4469 in

1939 4516 2087 4566 terra
2152 4496 2443 4568 'Chanaan.
2501 4509 2640 4563 Loth
2698 4513 2941 4562 moratus
2992 4511 3071 4562 est
3125 4508 3184 4560 in
3231 4504 3451 4575 oppidis
3514 4520 3635 4574 quae

1937 4604 2094 4655 erant
2131 4597 2305 4669 juxta
2349 4597 2658 4662 Jordanem,
2694 4601 2743 4651 et
2788 4596 3059 4650 habitavit
3106 4595 3167 4648 in
3206 4593 3476 4648 Sodomis.
3528 4594 3630 4647 Ho-

1937 4690 2107 4743 mines
2153 4692 2330 4741 autem
2375 4685 2663 4742 Sodomita:
2707 4686 2932 4754 pessimi
2977 4687 3133 4737 erant
3183 4697 3364 4738 coram
3407 4682 3632 4735 Domino

1938 4778 2124 4830 nimis.
2176 4775 2274 4830 Hae
2321 4782 2451 4830 totae
2494 4773 2693 4844 igitur,
2738 4786 2887 4843 quas
2924 4770 3377 4841 praelibavimus,
3430 4768 3634 4823 mentis

1941 4864 2113 4918 fatuae
2145 4860 2616 4930 przesumptiones
2665 4858 2812 4914 ﬁunt
2840 4864 3153 4926 antequam
3185 4855 3338 4909 Deus
3379 4854 3438 4909 in
3468 4854 3635 4909 nobis

1941 4948 2332 5016 Gomorrham,
2371 4947 2424 5002 id
2472 4954 2557 5002 est
2591 4946 2782 5015 populi
2820 4943 3156 5009 seditionem,
3212 4941 3364 5010 quod
3398 4955 3513 4996 non
3554 4949 3636 4997 est

1941 5038 2100 5093 aliud
2157 5049 2334 5107 quam
2394 5035 2667 5092 vitiorum
2713 5031 3130 5091 turbulentiam
3198 5028 3512 5097 subvertat,
3582 5038 3636 5086 et

1943 5126 2264 5193 Sodomam,
2323 5129 2638 5191 caecitatem,
2690 5121 2955 5177 videlicet
3002 5121 3070 5175 de
3117 5118 3274 5174 vitiis
3325 5119 3631 5177 orientem:

1945 5216 2052 5269 hac
2104 5227 2358 5284 namque
2416 5221 2665 5284 utraque
2712 5212 2993 5267 subversa
3042 5222 3175 5263 mox
3223 5208 3426 5265 mundi
3474 5208 3640 5264 nobis

1942 5301 2245 5373 displicent
2292 5302 2583 5359 universa.
2644 5299 2872 5356 Hecedit
2930 5298 3066 5353 Loth
3119 5296 3189 5351 ab
3238 5300 3459 5365 oriente,
3503 5312 3635 5354 cum

1948 5398 2071 5462 post
2101 5390 2480 5462 aliquantulm
2511 5403 2667 5458 pacis
2710 5386 2982 5457 quietem,
3017 5400 3192 5456 quam
3224 5385 3283 5442 in
3335 5386 3639 5457 primordio

1945 5477 2334 5534 conversionis
2391 5475 2695 5546 aliquoties
2742 5473 3097 5544 experimur,
3151 5474 3264 5529 Deo
3316 5473 3461 5529 bella
3517 5488 3639 5543 per-
