3884 6068
227 206 323 259 ll9

1141 203 1199 256 V.
1239 202 1569 258 GUIBER'I‘I
1608 202 1898 260 ABBATIS
1935 205 1990 260 S.
2032 204 2266 261 MARIA‘J
2306 202 2395 260 DE
2430 202 2822 261 NOVIGENTO

3630 204 3735 255 1'20

224 339 481 397 mittente
518 338 826 396 salubriter
872 337 1037 394 nobis
1083 337 1403 408 insurgere,
1454 336 1692 393 affectus
1722 346 1915 394 noster
1953 340 1997 392 A
2028 339 2411 411 Evangelium
2463 354 2601 396 sane
2673 338 2862 395 dicere
2924 337 3313 408 praecipimur,
3368 353 3503 394 cum
3577 338 3740 395 bona

226 428 404 485 resilit
450 428 523 483 ab
569 442 655 493 ea,
724 425 816 481 cui
866 425 1025 495 prius
1072 431 1411 491 assenserat,
1470 425 1711 481 rationis
1756 425 1914 494 luce;

227 519 491 585 regionem
533 515 797 571 iordanis
843 516 1015 580 eligit,
1059 513 1199 584 quia
1248 528 1347 583 per
1389 514 1694 570 continuos
1735 529 1916 585 appe-

233 605 441 661 tituum
491 611 679 659 motus
734 603 975 673 gloriam
1034 616 1153 672 qua
1222 602 1572 657 destituatur
1647 604 1913 671 attendit;

226 694 506 749 adversus
586 692 909 745 alterutrum
977 688 1344 758 dividuntur,
1418 689 1557 745 dum
1627 691 1916 746 contraria

226 780 452 850 spiritui
485 794 708 843 semper
736 792 771 833 a
810 791 983 834 carne
1016 785 1382 848 quaeruntur.
1436 778 1651 832 Abram
1699 778 1919 835 habitat

226 874 284 924 in
330 874 477 923 terra
534 868 815 935 Chanaan,
877 867 1018 922 dum
1077 866 1224 922 ratio
1276 880 1410 922 cuin
1488 866 1597 922 Deo
1670 867 1920 922 sentiens

227 971 451 1027 semper
478 955 705 1012 allectat
753 969 980 1011 morum
1011 968 1189 1025 quam
1236 954 1488 1024 professa
1530 961 1612 1010 est
1643 955 1921 1011 mutatio-

228 1061 359 1103 nem
395 1060 408 1099 :
437 1045 711 1102 Chanaan
743 1046 897 1100 enim
938 1049 1177 1099 mutatus
1204 1043 1416 1099 dicitur
1445 1058 1458 1097 :
1493 1044 1629 1099 Loth
1662 1051 1923 1099 moratur

228 1140 288 1189 in
340 1134 559 1204 oppidis
613 1133 767 1189 circa
813 1133 1141 1201 Jordanem,
1195 1132 1335 1203 quia
1378 1132 1517 1188 dum
1574 1132 1809 1188 conlidit
1863 1133 1922 1187 in

229 1222 445 1278 virtute
495 1237 615 1278 suae
663 1222 995 1288 honestatis,
1043 1222 1208 1291 quasi
1252 1220 1602 1291 quibusdam
1652 1221 1924 1277 ﬁctilibus

229 1311 452 1381 oppidis
496 1310 778 1381 paulatim
821 1309 1106 1365 defluente
1152 1307 1426 1378 propositi
1471 1308 1801 1375 simulacro,
1853 1307 1924 1363 ad

234 1400 340 1455 hoc
386 1400 557 1467 venit,
607 1405 671 1454 ut
719 1398 936 1453 habitet
984 1398 1042 1452 in
1095 1396 1370 1462 Sodomis,
1422 1396 1479 1451 in
1529 1396 1926 1451 conformitate

235 1487 498 1543 videlicet
580 1486 713 1542 vita:
784 1485 1115 1542 saecularis:
1192 1484 1436 1540 Sodoma
1491 1484 1662 1554 plane
1717 1484 1928 1540 dicitur

236 1574 551 1632 similitudo
579 1589 798 1640 eorum,
844 1575 898 1629 id
926 1581 1010 1630 est
1057 1572 1366 1639 malorum,
1397 1580 1452 1628 et
1503 1572 1784 1643 pessimus
1827 1587 1927 1628 co-

2025 426 2374 483 fecerimus:
2437 429 2593 484 Servi
2654 428 2879 482 inutiles
2934 442 3140 493 sumus,
3214 426 3359 495 quod
3419 425 3733 492 debuimus,

2023 517 2224 581 facere,
2271 517 2498 581 fecimus
2545 513 2694 584 (an.
2740 529 2878 579 xvn,
2927 514 3044 579 l0);
3098 515 3204 569 hoc
3252 529 3445 570 semen
3490 514 3734 584 aliquis,

2024 604 2125 659 etsi
2177 603 2472 673 pulverem
2523 612 2812 668 numerat,
2873 616 3184 658 numerare
3250 618 3365 659 non
3429 603 3736 673 praevalet,

2026 690 2167 761 quia
2211 690 2317 747 etsi
2364 690 2789 747 instabilitatem
2820 704 2998 760 quam
3029 690 3245 759 patitur
3270 691 3435 760 plene
3468 692 3734 758 metitur,

2029 786 2221 834 tamen
2263 779 2412 846 odio,
2463 779 2551 835 vel
2594 792 2786 835 amore
2834 780 2990 849 apud
3036 780 3214 835 Deum
3255 788 3485 849 propter
3528 779 3738 835 eadem

2028 881 2202 937 opera
2231 868 2458 939 ignorat
2503 868 2737 924 omnino
2775 882 2851 923 an
2882 868 3096 938 dignus
3129 867 3415 923 habeatur
3448 869 3610 936 (Eccl.
3644 882 3730 933 χι,

2036 956 2103 1025 1),
2137 956 2277 1011 dum
2309 956 2486 1012 nescit
2515 956 2721 1027 quanti
2752 956 2824 1011 ab
2859 955 2979 1026 ipso
3012 963 3355 1025 pensentur;
3388 969 3563 1027 surge
3589 970 3740 1027 ergo

2030 1045 2102 1101 ab
2133 1046 2287 1100 omni
2320 1044 2545 1111 inertia,
2584 1052 2796 1101 terram
2827 1043 3211 1110 conscientiae,
3245 1052 3300 1100 et
3342 1043 3597 1114 corporis
3644 1043 3737 1100 tui

2031 1132 2562 1203 (ircumspiciendo,
2609 1146 2677 1188 ac
2705 1132 3078 1203 deprimendo
3106 1132 3462 1202 perambula,
3513 1147 3739 1188 secun-

2031 1221 2171 1277 dum
2248 1221 2667 1292 longitudinem
2738 1221 3200 1290 perseverantiae,
3255 1228 3310 1277 et
3365 1220 3738 1277 latitudinem

2035 1308 2346 1375 charitatis,
2406 1317 2461 1365 et
2509 1309 2610 1374 sic,
2662 1310 2775 1365 Deo
2828 1310 3020 1375 dante,
3083 1325 3215 1380 qua:
3258 1309 3381 1364 vitii
3433 1308 3737 1379 quondam

2033 1407 2180 1466 erat,
2216 1397 2309 1454 ﬁet
2340 1398 2517 1453 nostri
2546 1398 2616 1453 ad
2650 1399 2940 1468 integrum
2974 1398 3086 1465 hic,
3121 1406 3173 1453 et
3206 1398 3261 1452 in
3309 1396 3503 1453 futuro
3555 1397 3736 1468 juris.

2106 1486 2279 1542 VERS.
2344 1488 2426 1540 l8.
2471 1516 2540 1525 —
2579 1488 2798 1542 Movens
2842 1489 3014 1553 igitur
3061 1487 3268 1541 Abram
3324 1486 3740 1542 tabernaculum

2036 1577 2203 1641 venit,
2242 1580 2292 1629 et
2334 1574 2609 1629 habitavit
2661 1578 2721 1629 in
2765 1576 3002 1629 convalle
3058 1576 3316 1641 Mambre,
3369 1575 3515 1644 quod
3550 1580 3630 1630 est
3678 1579 3739 1629 in

234 1679 357 1721 ram
407 1663 669 1731 Domino,
728 1637 794 1719 id
842 1672 927 1720 est
983 1664 1042 1719 in
1104 1637 1358 1718 interiori
1413 1637 1643 1717 homine
1694 1660 1930 1717 habitus
1968 1637 2009 1692 Β
2042 1637 2251 1730 Ebron;
2326 1662 2726 1733 aediﬁcavitque
2807 1664 2888 1719 ibi
2960 1665 3136 1719 altare
3214 1637 3466 1719 Domino.
3548 1664 3744 1720 Movet

236 1753 513 1823 ipsorum,
581 1752 709 1808 licet
754 1766 947 1808 coram
993 1749 1324 1807 hominibus
1369 1749 1687 1805 aestimetur
1730 1749 1929 1820 aliqua

237 1841 492 1913 probitas
518 1855 738 1898 eorum.

308 1966 481 2022 Vens.
534 1967 616 2020 14.
664 1994 738 2007 -
784 1967 1047 2034 Dixitque
1080 1967 1337 2019 Dominus
1382 1965 1458 2020 ad
1502 1965 1734 2031 Abram,
1773 1968 1931 2033 post-

240 2071 405 2124 quam
461 2055 671 2109 divisus
714 2059 794 2109 est
843 2054 911 2108 ab
961 2070 1019 2108 eo
1069 2055 1241 2109 Loth:
1289 2055 1432 2109 Leva
1472 2055 1648 2109 oculos
1693 2058 1831 2120 tuos,
1884 2058 1933 2106 et

240 2143 371 2198 vide
427 2159 463 2196 α
500 2144 609 2197 loco
664 2145 723 2197 in
778 2158 882 2211 quo
937 2158 1078 2196 nunc
1133 2157 1208 2210 es,
1267 2142 1341 2196 ad
1399 2143 1708 2211 aquilonem
1749 2145 1800 2195 et
1860 2140 1935 2194 ad

241 2230 542 2297 meridiem,
620 2230 695 2284 ad
765 2233 1020 2284 orientem
1075 2236 1126 2284 et
1190 2231 1264 2284 ad
1318 2231 1669 2296 occidentem;
1729 2244 1934 2283 omnem

244 2329 446 2373 terram
499 2333 664 2388 quam
711 2319 977 2387 conspicis
1036 2318 1139 2371 tibi
1186 2317 1347 2385 dabo,
1404 2322 1453 2371 et
1499 2320 1692 2371 semini
1741 2322 1831 2370 tuo
1878 2318 1937 2369 in

244 2409 649 2476 sempiternum,
713 2409 1024 2476 faciamque
1078 2421 1253 2460 semen
1296 2411 1447 2460 tuum
1485 2407 1625 2460 sicut
1664 2406 1938 2474 pulverem

246 2502 422 2550 terra.
472 2495 711 2565 Spiritui
761 2503 952 2550 nostro
995 2495 1268 2550 vitiorum
1310 2494 1589 2550 lenocinio
1629 2493 1935 2558 resistenti,

248 2599 402 2655 spem
436 2584 670 2640 meliora
697 2584 948 2640 merendi
990 2583 1194 2639 intima
1226 2585 1378 2640 Deus
1406 2583 1750 2640 allocutione
1775 2584 1935 2639 attri-

251 2673 396 2729 buit.
444 2674 608 2739 Leva,
668 2671 1133 2747 inquit,_oculos,
1205 2673 1278 2728 ab
1338 2672 1673 2728 inferiorum
1740 2670 1942 2741 utique

251 2760 717 2831 concupiscentia
764 2763 1082 2831 specierum
1132 2760 1474 2816 intentiones
1527 2759 1939 2830 cogitationum

253 2850 500 2915 dimove,
550 2853 600 2903 et
628 2850 769 2913 vide,
817 2867 852 2905 a
892 2850 1024 2916 loco,
1059 2849 1113 2904 id
1154 2857 1238 2905 est
1267 2862 1302 2904 a
1345 2856 1500 2905 statu
1529 2847 1707 2903 animi
1753 2851 1810 2902 in
1839 2863 1944 2918 quo

2040 1752 2466 1819 tabernaculum,
2544 1766 2678 1808 cum
2749 1751 2986 1822 spiritus
3045 1760 3237 1808 noster
3308 1751 3366 1807 in
3434 1752 3744 1821 procinctu

2039 1841 2312 1897 vitiorum
2359 1840 2599 1910 positus,
2649 1840 2721 1896 ad
2769 1840 3065 1896 destinatae
3114 1840 3213 1896 Dei
3245 1839 3465 1896 militiw
3506 1854 3565 1895 se
3598 1853 3748 1909 pro—

2041 1936 2230 1985 movet
2270 1928 2640 1996 exercitium;
2694 1929 2917 1985 habitat
2949 1928 3154 1984 deinde
3187 1931 3246 1983 in
3285 1929 3524 1984 convalle
3554 1930 3747 1983 Mam-

2043 2020 2150 2084 bre,
2206 2017 2263 2073 id
2307 2024 2392 2074 est
2438 2018 2497 2074 in
2540 2017 2881 2074 humilitatis
2927 2032 2988 2073 se
3031 2016 3301 2087 deprimit
3342 2016 3582 2084 vilitate,
3642 2031 3750 2086 per

2042 2121 2218 2178 quam
2260 2107 2523 2163 relloreat
2555 2106 2772 2179 ingenii
2799 2106 3247 2176 perspicacitate,
3282 2112 3338 2162 et
3374 2105 3511 2162 exin
3554 2106 3748 2161 bona-

2042 2210 2173 2252 rum
2223 2203 2278 2252 et
2330 2194 2619 2252 malarum
2670 2209 2867 2250 rerum
2916 2194 3212 2250 divisione.
3276 2194 3528 2250 Mambre
3582 2194 3746 2249 enim

2043 2284 2336 2338 divisiones
2391 2290 2447 2339 et
2485 2284 2778 2353 perspicua
2820 2289 3017 2348 sonat;
3070 2296 3174 2337 nec
3222 2281 3506 2337 immerito
3540 2297 3554 2335 :
3595 2281 3745 2337 Nam

2044 2372 2289 2442 superbis
2319 2372 2466 2427 Deus
2496 2373 2719 2438 resistit,
2757 2370 3074 2426 humilibus
3094 2369 3338 2441 gratiam
3371 2370 3468 2425 dat
3497 2371 3629 2440 (Jac.
3666 2385 3746 2435 iv,

2047 2461 2122 2531 6),
2172 2469 2227 2517 et
2273 2475 2447 2531 super
2494 2460 2796 2527 humilem,
2845 2474 2913 2515 ac
2962 2459 3222 2530 quietum
3262 2459 3500 2529 spiritus
3539 2467 3751 2529 pausat

2048 2550 2179 2617 (lsa.
2222 2564 2369 2611 va1,
2421 2548 2501 2615 2);
2546 2547 2641 2603 sed
2693 2548 2817 2603 haec
2868 2547 3145 2603 convallis
3176 2545 3522 2603 divisionum
3558 2553 3637 2601 est
3686 2550 3751 2601 in

2048 2638 2248 2703 Ebron,
2308 2636 2463 2707 quod
2519 2638 2876 2706 participatio
2930 2639 3198 2703 mwroris,
3254 2644 3355 2692 aut
3396 2643 3751 2705 augmentum

2049 2728 2430 2795 sempiternum
2481 2723 2721 2793 dicitur;
2759 2724 2836 2779 nil
2878 2727 3029 2780 enim
3061 2739 3263 2781 eorum
3295 2740 3427 2794 qua:
3483 2724 3748 2794 prietuli-

2052 2829 2184 2870 nius
2262 2812 2505 2869 obtineri
2588 2821 2789 2883 potest,
2861 2813 2969 2869 nisi
3037 2813 3223 2869 omnis
3283 2814 3495 2869 terreni
3546 2813 3749 2884 gaudii

256 2952 413 2994 nunc
438 2901 581 3008 agis,
611 2939 916 3007 aquilonem
945 2901 1347 3003 tentationum,
1379 2943 1477 2992 es
1508 2953 1639 3008 quae
1664 2901 1944 3007 ιοιερίίιὶιυι
1985 2932 2025 2988 c
2055 2902 2400 3008 ξεῖβιξξεεςξθν
2426 2908 2881 3008 ξῆμξξξξφψξιξ
2899 2909 3261 3008 rem}???
3321 2902 3750 3008 εςῇιξξξθξιξχζιξ

257 3027 507 3083 reddunt
556 3033 847 3094 mentem;
877 3026 1157 3080 meridiem
1201 3026 1518 3097 spiritualis
1563 3026 1781 3098 gratiae,
1815 3040 1944 3096 quae

258 3114 387 3170 lidei
436 3113 583 3184 parit
620 3113 677 3168 in
722 3114 886 3169 nobis
929 3128 1030 3183 per
1059 3129 1233 3183 opera
1262 3114 1439 3184 digna
1467 3114 1748 3182 calorem;
1781 3117 1948 3168 orien-

259 3208 362 3257 tem
399 3201 610 3258 divinae
660 3203 1170 3273 contemplationis,
1222 3218 1353 3273 qua:
1406 3203 1594 3258 radios
1646 3201 1944 3258 subtiliuin

260 3290 653 3346 intellectuum
719 3290 1034 3346 recessibus
1086 3298 1199 3346 tua:
1274 3298 1547 3362 suggerat
1612 3292 1837 3352 mentis.
1894 3297 1948 3345 et

260 3378 582 3433 occidentem
635 3378 835 3434 activae
890 3378 1324 3448 procurationis,
1385 3394 1517 3449 qua:
1563 3379 1712 3434 sicut
1755 3385 1945 3433 ortum

261 3467 468 3533 oriens,
514 3466 593 3522 ita
620 3466 950 3522 occubitum
993 3467 1265 3537 suscipiat
1308 3467 1459 3530 solis,
1497 3466 1667 3523 ﬁnem
1715 3465 1948 3532 scilicet,

261 3554 783 3626 perfectionemque
841 3554 1156 3620 charitatis,
1212 3570 1343 3625 quae
1403 3570 1438 3611 a
1492 3554 1689 3610 divino
1758 3568 1952 3610 amore

263 3643 490 3700 initium
548 3641 754 3713 accipit
821 3644 1155 3699 exercendae
1211 3644 1283 3699 ad
1350 3644 1640 3699 hominem
1707 3642 1949 3713 pietatis.

263 3734 572 3802 Postquam
622 3731 816 3801 itaque
855 3732 1161 3799 aquilonem
1189 3732 1527 3799 obtinueris,
1559 3732 1669 3787 tria
1700 3745 1954 3801 sequen—

266 3821 343 3877 tia
400 3835 535 3876 mox
583 3820 834 3887 habebis,
876 3828 930 3876 et
978 3821 1190 3890 pariter
1236 3836 1439 3874 omnem
1486 3826 1708 3887 terram,
1765 3820 1821 3874 id
1872 3828 1956 3876 est

264 3910 670 3975 terrenitalem,
730 3923 848 3979 qua
899 3916 1200 3978 suspectus
1258 3923 1331 3964 ne
1385 3909 1442 3963 in
1499 3922 1624 3964 eam
1692 3909 1958 3964 incurras

265 3997 491 4063 teneris,
535 3996 713 4067 (Vers.
770 3998 849 4065 15)
897 3997 999 4051 tibi
1041 3997 1201 4064 dabo,
1251 3996 1366 4053 imo
1395 4000 1588 4052 semini
1632 4002 1742 4063 tuo,
1784 3996 1841 4051 id
1874 4005 1957 4052 est

266 4084 417 4156 quod
478 4084 580 4140 tibi
614 4084 757 4140 vitia
803 4084 1047 4141 subdam
1094 4099 1211 4141 non
1260 4092 1375 4141 tua;
1429 4092 1654 4141 natura:
1702 4084 1958 4140 ascribas

266 4172 586 4244 privilegio,
617 4174 713 4229 sed
740 4173 941 4245 gratiae
986 4187 1143 4238 meze,
1173 4180 1229 4228 et
1259 4173 1425 4229 bona:
1467 4173 1728 4240 actionis,
1777 4188 1955 4244 quam

266 4276 366 4331 per
407 4263 651 4334 gratiam
697 4277 884 4318 meam
929 4269 1226 4318 assecutus
1272 4276 1354 4330 es,
1403 4262 1624 4330 merito,
1681 4262 1837 4333 quod
1875 4270 1959 4317 est

265 4353 459 4406 semini
504 4356 621 4418 tuo;
670 4364 845 4420 Opera
895 4350 1049 4406 enim
1092 4350 1244 4405 bona
1290 4351 1510 4406 semina
1556 4358 1692 4407 sunt
1739 4357 1956 4415 nostra,

267 4440 423 4495 unde
463 4449 587 4496 est:
648 4442 721 4494 Et
771 4454 947 4493 semen
990 4450 1272 4493 servorum
1332 4439 1446 4507 ejus
1495 4439 1797 4509 possidebit
1842 4455 1960 4494 eam

268 4529 441 4595 (Psal.
474 4543 663 4591 vam,
698 4528 806 4594 37).

340 4651 509 4710 VERS.
576 4653 660 4716 l6,
722 4654 803 4703 l7.
864 4678 937 4691 —
999 4650 1323 4718 Faciamque
1376 4665 1552 4704 semen
1616 4654 1767 4704 tuum
1821 4653 1961 4706 sicut

264 4742 540 4810 pulverem
572 4744 745 4793 terrae.
782 4737 978 4793 Pulvis
1005 4752 1137 4793 cum
1179 4736 1251 4793 sit
1280 4736 1350 4792 de
1392 4744 1562 4805 terra,
1595 4738 1718 4794 sine
1749 4738 1961 4793 damno

271 4837 434 4884 terrae
483 4841 517 4881 a
560 4834 714 4882 terra
746 4825 994 4895 tollitur;
1034 4825 1182 4881 bona
1229 4833 1425 4881 nostra
1468 4840 1642 4895 opera
1670 4841 1803 4883 cum
1849 4827 1963 4882 sint

267 4916 339 4972 ad
369 4929 597 4971 omnem
644 4922 882 4970 ventum
923 4914 1154 4970 mobilia
1196 4915 1544 4983 tentationis,
1595 4915 1716 4970 sine
1764 4915 1961 4985 aliquo

267 5003 497 5071 Christi,
544 5003 651 5074 qui
702 5012 854 5060 terra
901 5012 1097 5059 nostra
1143 5011 1246 5071 est,
1299 5017 1334 5059 a
1385 5018 1502 5075 quo
1545 5004 1858 5073 pascimur.
1907 5011 1962 5059 et

266 5092 622 5149 sustinemur
650 5093 882 5157 damno,
915 5092 1001 5147 vel
1045 5092 1344 5149 commodo
1374 5101 1429 5149 et
1457 5092 1819 5148 adhaeremus
1858 5092 1959 5158 illi,

266 5190 320 5238 et
366 5181 664 5237 deﬁcimus
694 5182 765 5237 ab
817 5182 957 5250 ipso.
992 5181 1104 5236 Hoc
1132 5196 1269 5252 ergo
1300 5194 1494 5236 semen
1523 5183 1661 5234 sicut
1690 5181 1962 5248 pulverem

266 5270 419 5338 facit,
453 5284 586 5325 cum
628 5269 914 5325 levitatem
948 5269 1125 5325 nostri
1159 5269 1334 5325 totius
1363 5268 1495 5325 boni
1527 5268 1692 5323 nobis
1724 5268 1958 5329 iudicat.

267 5359 376 5415 nisi
423 5358 664 5414 humore
705 5358 992 5428 spirituali
1026 5365 1417 5428 respergatur,
1445 5365 1500 5411 et
1530 5356 1671 5425 quia
1712 5370 1826 5411 non
1860 5371 1961 5426 pro

264 5462 342 5516 se,
391 5447 488 5505 sed
534 5461 636 5518 pro
684 5446 848 5503 nobis
897 5447 1034 5517 ipsis
1093 5446 1356 5501 laborare
1397 5445 1720 5515 jubemur:
1787 5444 1961 5516 juxta

2056 2990 2220 3061 regni
2250 2990 2371 3055 Dei,
2416 2997 2470 3046 et
2510 2990 2749 3061 justitize
2792 2991 2918 3061 ejus
2946 2990 3284 3060 quiestione.
3321 2989 3542 3046 Dicitur
3571 2990 3748 3045 etiam

2054 3079 2246 3135 Ebron
2288 3081 2427 3133 visio
2476 3082 2825 3148 sempiterna,
2882 3079 2942 3134 in
2992 3094 3108 3149 quo
3166 3078 3508 3149 intelligitur
3550 3078 3753 3133 divina

2054 3167 2475 3237 contemplatio,
2537 3168 2629 3223 hic
2676 3168 2910 3238 quidem
2957 3167 3252 3236 incipiens.
3296 3168 3392 3223 sed
3445 3167 3501 3222 in
3550 3170 3753 3223 futuro

2058 3255 2418 3326 perﬁcienda,
2473 3255 2572 3310 ubi
2624 3254 2826 3310 mentis
2878 3262 3087 3310 nostrae
3121 3254 3301 3311 altare
3350 3254 3753 3324 spiritualibus

2057 3343 2304 3399 victimis
2352 3342 2589 3412 plenum
2628 3341 3051 3408 coustabilitur,
3100 3342 3440 3398 coeuntibus
3480 3343 3747 3399 omnium

2058 3438 2391 3487 sanctarum
2443 3430 2658 3486 artium
2716 3430 2978 3501 partibus
3025 3429 3083 3487 in
3132 3431 3366 3487 modum
3405 3431 3630 3487 aediﬁcii
3678 3433 3751 3487 ad

2061 3519 2493 3586 intelligentiam
2526 3533 2711 3590 usque
2742 3519 3059 3575 divinitatis
3091 3519 3424 3591 porrigitur.

2696 3660 2922 3719 CAPUT
2959 3662 3112 3718 XIV.

2134 3769 2307 3826 Vens.
2360 3772 2409 3834 l,
2458 3772 2512 3833 2,
2558 3771 2610 3824 3.
2649 3798 2721 3808 —
2768 3773 2995 3823 Factum
3044 3772 3122 3824 est
3165 3771 3221 3822 in
3269 3773 3505 3838 tempore
3536 3771 3652 3837 illo,
3695 3776 3756 3826 ut

2065 3855 2364 3926 Amraphel
2434 3872 2534 3911 rea:
2587 3858 2853 3923 Sennaar,
2908 3862 2959 3910 et
3034 3856 3242 3912 Arioch
3296 3874 3396 3911 rea:
3451 3860 3630 3923 Ponti,
3706 3863 3757 3912 et

2064 3946 2532 4001 Chodorlahomor
2569 3961 2669 3999 rea:
2698 3946 3092 4011 Elamitarum,
3138 3950 3188 3999 et
3224 3945 3433 4000 Thadal
3478 3961 3581 3999 rea:
3609 3948 3755 4001 Gen-

2066 4036 2220 4100 tium,
2248 4035 2450 4087 inirent
2500 4034 2636 4088 bella
2664 4034 2952 4088 adversum
2990 4035 3138 4089 Bara
3166 4050 3341 4101 regem
3381 4035 3756 4105 Sodomorum,

2064 4128 2116 4177 et
2165 4127 2353 4176 contra
2396 4124 2537 4176 Ersa
2567 4138 2744 4190 regem
2803 4123 3127 4188 Gomorrhav,
3175 4128 3225 4177 et
3271 4127 3458 4177 contra
3508 4124 3758 4178 Sennaab

2000 4233 2042 4287 ι)
2069 4228 2247 4278 regem
2304 4210 2552 4277 Adamm,
2603 4216 2654 4265 et
2709 4212 2957 4267 Semehcr
3000 4225 3177 4278 regem
3216 4211 3430 4277 Seboin,
3477 4217 3529 4267 et
3571 4207 3759 4268 contra

2068 4316 2245 4368 regem
2303 4301 2484 4364 Baiae;
2541 4302 2665 4368 ipsa
2713 4305 2793 4353 est
2847 4300 3034 4368 Segor.
3077 4300 3266 4354 Omnes
3306 4302 3365 4354 hi
3404 4306 3761 4355 convenerunt

2065 4390 2125 4442 in
2181 4390 2375 4443 vallem
2426 4390 2741 4451 silvestrem,
2796 4404 2915 4456 qua
2950 4403 3092 4442 nunc
3128 4393 3208 4442 est
3257 4405 3406 4443 mare
3446 4390 3601 4444 satis.
3655 4389 3760 4445 Per

2068 4477 2171 4533 hos
2201 4484 2474 4548 quatuor,
2512 4476 2614 4547 qui
2653 4476 2933 4531 adversus
2961 4476 3226 4546 quinque
3258 4476 3473 4533 bellum
3504 4476 3760 4534 inierunt

2068 4580 2229 4636 reges
2277 4572 2533 4635 quatuor
2581 4563 2920 4634 principalia
2969 4563 3142 4628 mala,
3187 4563 3483 4621 delectatio
3524 4564 3755 4629 scilicet,

2068 4668 2400 4720 consensus,
2432 4667 2500 4708 ac
2537 4652 2812 4722 operatio,
2846 4666 2950 4708 nec
2980 4666 3097 4707 non
3136 4651 3308 4708 etiam
3340 4654 3699 4710 consuetudo
3726 4668 3761 4709 a

2068 4741 2232 4798 nobis
2291 4740 2589 4811 accipitur,
2649 4754 2780 4810 quae
2829 4740 3110 4796 adversus
3157 4740 3503 4797 exteriorem
3549 4742 3759 4811 appeti-

2070 4837 2214 4895 tum,
2271 4829 2375 4900 qui
2431 4836 2580 4884 recte
2646 4828 2914 4899 signatur
2967 4843 3070 4899 per
3125 4829 3481 4899 quinarium,
3550 4845 3761 4902 magna

2069 4916 2491 4988 congressionis
2534 4916 2681 4972 mole
2731 4917 3044 4984 luctantur,
3106 4924 3162 4973 et
3220 4917 3327 4971 hoc
3372 4917 3466 4973 illo
3511 4919 3572 4973 lit
3616 4926 3761 4975 tem-

2072 5021 2224 5076 pore,
2271 5020 2388 5076 quo
2447 5005 2588 5060 Loth
2622 5004 2680 5060 in
2710 5005 2922 5075 oppida
2956 5004 3269 5062 declinavit
3313 5004 3569 5061 Sodomae
3600 5021 3614 5060 :
3664 5022 3763 5076 per

2070 5094 2434 5164 quinarium,
2484 5093 2749 5164 inquam,
2793 5108 2880 5159 ea,
2916 5108 3049 5164 quae
3085 5093 3445 5150 sensualitati
3478 5093 3759 5163 adjacent,

2072 5182 2432 5253 ﬁgurantur;
2493 5183 2779 5253 appetitus
2828 5196 3084 5252 namque
3121 5188 3333 5247 noster,
3382 5196 3512 5237 cum
3551 5181 3624 5236 sit
3656 5197 3763 5238 na-

2070 5270 2336 5328 turaliter
2391 5271 2676 5328 bonorum
2728 5278 3004 5340 appetens
3059 5270 3261 5333 iactus,
3316 5269 3764 5339 corruptibiliter

2072 5359 2412 5417 interiorum
2435 5360 2731 5432 negligens
2759 5359 3047 5416 exteriora
3072 5359 3308 5429 quaarit;
3345 5360 3418 5415 ab
3450 5358 3539 5415 his
3571 5358 3763 5430 itaque

2071 5448 2355 5517 praedictis
2423 5449 2656 5520 regibus
2729 5448 2801 5504 ab
2856 5463 2969 5504 usu
3033 5448 3355 5506 reﬁcienda:
3410 5448 3764 5505 necessitatis
