3884 6068
126 215 216 267 121
1394 212 1651 270 MOHALI

2099 214 2208 271 SIN
2252 214 2380 270 LIB.
2425 215 2512 272 ιν.
3538 222 3630 274 122

117 344 495 416 compellitur
540 345 614 403 ad
648 344 914 402 libidines
960 344 1258 416 explendae
1296 344 1605 415 superﬂuae
1650 344 1818 403 volu—
1857 360 1903 411 Α
1933 346 2301 410 obscuritate,
2371 354 2427 403 et
2483 346 2708 403 incuria
2763 347 3044 404 obtectam
3080 362 3092 402 :
3161 347 3294 405 inde
3357 350 3417 405 lit
3476 364 3634 406 mare

119 436 324 505 ptatis.
374 435 689 503 Quinarius
718 434 893 490 etiam
942 448 1016 490 ex
1064 436 1441 504 quaternario
1487 441 1725 503 constat,
1772 443 1827 491 et

118 524 395 590 monade,
446 524 613 594 quasi
645 523 897 594 quodam
942 523 1225 594 superiori
1276 523 1531 592 praeside,
1581 523 1732 579 unde
1772 531 1828 579 et

116 612 372 668 allectus
419 621 611 669 noster
647 612 1048 681 temporalium
1095 610 1309 681 gloriae,
1345 626 1476 681 quae
1515 620 1827 681 quaterna-

120 702 209 757 rio
257 700 617 772 ﬁgurantur,
660 708 932 771 praestare
967 699 1269 769 principali
1309 699 1604 770 majestate
1637 700 1824 755 debet.

116 790 221 845 Est
255 788 439 860 igitur
467 790 689 859 primus
726 789 1061 858 Amrapliel,
1095 789 1198 858 qui
1243 787 1653 858 interpretatur
1681 787 1829 842 dia-it

118 883 181 932 ut
228 878 474 945 caderet,
527 878 681 947 quod
725 876 1012 947 prtecipue
1051 877 1123 931 ad
1162 877 1614 942 delectationem,
1660 876 1826 946 quasi

119 965 193 1021 ad
234 980 416 1021 casus
458 956 926 1021 deliberationem
974 966 1193 1021 attinet.
1236 964 1553 1030 Secundus,
1595 965 1826 1030 Arioch,

119 1054 227 1124 qui
285 1054 501 1109 dicitur
545 1055 748 1118 ebrius,
801 1053 887 1109 vel
935 1054 1010 1107 ad
1050 1054 1399 1108 solitudinem
1452 1054 1724 1122 redigens,
1770 1054 1828 1108 iu

120 1157 247 1212 quo
293 1142 579 1212 accipitur
625 1156 940 1198 consensus
988 1142 1292 1209 dementia,
1342 1142 1563 1198 consilii
1605 1156 1828 1212 expers,

120 1239 309 1301 atque
339 1232 454 1287 Deo
484 1231 703 1287 cultore
733 1230 961 1300 repulso
986 1231 1173 1286 solum
1203 1230 1311 1287 sibi
1342 1230 1631 1286 hominem
1664 1231 1831 1287 relin-

120 1333 363 1389 quens;
414 1319 617 1374 tertius
657 1319 906 1388 denique
948 1328 1032 1374 est
1072 1318 1576 1387 Cbodorlahomor,
1628 1318 1729 1389 qui
1778 1326 1833 1375 et

121 1409 247 1477 ipso
304 1407 537 1463 nomine
586 1406 754 1477 quasi
802 1409 1051 1460 decorum
1091 1407 1431 1476 manipulum
1459 1414 1653 1477 sonat;
1704 1421 1832 1461 ma-

121 1497 374 1567 nipulus
441 1495 668 1551 fructus
729 1503 812 1551 est
871 1495 1074 1564 operis,
1138 1496 1360 1551 fructus
1426 1504 1619 1552 autem
1670 1495 1833 1565 pravi

120 1586 318 1656 operis
363 1586 489 1655 ipsa
526 1585 888 1655 voluptatum
924 1584 1182 1640 suavitas
1209 1592 1310 1640 est.
1343 1584 1468 1640 Non
1498 1599 1635 1655 ergo
1662 1585 1833 1640 deco-

121 1688 248 1743 rus,
279 1673 383 1729 sed
417 1673 584 1743 quasi
613 1673 854 1729 decorus
884 1672 1218 1742 manipulus
1245 1680 1350 1738 est,
1380 1674 1520 1742 quia
1552 1688 1663 1728 non
1696 1687 1832 1728 vera

117 1762 361 1831 species,
408 1761 506 1817 sed
536 1760 736 1826 fallax,
768 1769 825 1817 et
870 1760 1215 1832 imaginaria
1243 1761 1485 1817 dulcedo
1520 1761 1576 1816 in
1618 1761 1830 1818 talibus

120 1848 565 1919 operationibus
603 1856 705 1904 est.
761 1849 931 1904 Porro
970 1857 1236 1919 quartus,
1283 1867 1382 1904 rem
1432 1853 1674 1920 gentium
1725 1858 1828 1913 est,

122 1939 270 2008 quia
315 1938 599 2007 reprobus
642 1952 846 1993 sensus
890 1951 964 1992 ex
1010 1943 1111 1991 59
1164 1937 1473 1994 criminum
1518 1946 1831 1994 consuetu-

124 2027 259 2082 dine
305 2033 412 2093 est,
460 2035 516 2081 et
553 2025 702 2081 sicut
732 2039 835 2080 rex
865 2026 1203 2092 exercitum,
1237 2025 1317 2081 ita
1366 2026 1484 2096 ipse
1533 2027 1637 2083 sibi
1690 2041 1831 2082 con-

123 2116 303 2171 trahit
373 2114 638 2170 omnium
700 2112 1054 2185 ﬂagitiorum
1113 2122 1349 2182 cretum,
1407 2116 1570 2185 quasi
1625 2130 1830 2186 agmen

128 2203 457 2263 multarum
484 2203 766 2274 gentium.

200 2293 417 2349 Ineunt
447 2292 559 2347 nisi
589 2291 801 2348 bellum
833 2291 1113 2348 adversus
1142 2299 1402 2348 nostrum
1435 2292 1727 2348 carnalem
1756 2293 1834 2347 al-

128 2384 368 2448 lectum,
433 2395 500 2436 ac
540 2380 588 2436 si
636 2380 881 2436 ﬂammae
912 2380 1259 2435 admoveant
1287 2388 1544 2449 ventum,
1588 2382 1699 2437 sub
1730 2396 1834 2437 suo

127 2485 267 2526 eum
332 2470 574 2539 imperio
643 2469 1035 2525 attrahentes:
1104 2467 1325 2538 primus
1375 2469 1570 2539 itaque
1628 2478 1833 2525 nostra:

130 2557 472 2614 deiectionis
538 2564 729 2613 motus
773 2557 940 2627 quasi
998 2556 1237 2627 quidam
1286 2571 1386 2613 rex
1434 2572 1551 2612 non
1610 2573 1830 2629 regens,
1878 2580 1883 2586 ο

130 2648 227 2702 sed
273 2645 609 2716 deprimens
652 2645 710 2700 in
757 2645 999 2701 Sodoma
1046 2653 1157 2716 est;
1208 2644 1451 2701 Sodoma
1506 2661 1635 2702 vero
1676 2656 1835 2703 muta

131 2736 394 2791 dicitur:
452 2742 616 2789 muta
674 2742 758 2790 est
802 2748 967 2789 mens
1008 2741 1224 2800 nostra,
1276 2749 1409 2790 cum
1464 2734 1544 2790 nil
1592 2734 1831 2806 dignum

135 2825 357 2879 ratione
407 2823 711 2892 respondet
749 2822 821 2877 ad
852 2822 1240 2878 delectationis
1275 2822 1542 2879 ludibria.
1594 2823 1833 2879 Gomor-

136 2913 242 2968 rha
284 2911 489 2967 seditio
540 2910 753 2980 populi,
807 2909 863 2964 in
907 2925 1024 2980 quo
1054 2910 1205 2966 intra
1234 2911 1441 2967 mentis
1485 2911 1686 2967 urbem
1734 2928 1833 2967 co-

136 3000 486 3069 gitationum
536 3012 793 3068 nequam
841 2997 1136 3055 effrenatio
1185 2999 1541 3054 tumultuosa
1579 3008 1833 3056 notatur.

138 3089 363 3144 Adama
402 3087 817 3156 interpretatur
864 3101 1132 3156 cruores;
1186 3087 1427 3158 sanguis
1464 3095 1655 3144 autem
1701 3096 1839 3144 tunc

138 3190 310 3231 cruor
362 3175 551 3230 solum
615 3190 729 3230 usu
787 3175 987 3231 Latino
1040 3175 1272 3242 dicitur,
1328 3191 1459 3231 cum
1515 3190 1549 3231 a
1605 3190 1838 3246 corpore

139 3265 447 3320 decurrere
489 3263 720 3319 videtur
754 3278 766 3317 :
799 3277 1034 3319 cruores
1060 3275 1196 3334 ergo
1227 3271 1363 3319 sunt
1407 3270 1654 3333 peccata,
1706 3278 1838 3332 qua:

143 3353 199 3409 in
244 3367 395 3422 opus
444 3365 689 3421 pravum
745 3366 817 3406 ex
878 3352 1106 3407 interna
1165 3351 1445 3408 seditione
1500 3352 1833 3422 procedunt.

143 3441 364 3497 Seboim
410 3454 607 3509 capra,
642 3440 730 3495 vel
778 3440 1033 3505 damula,
1070 3440 1157 3496 vel
1186 3441 1352 3496 statio
1382 3440 1510 3511 ejus
1559 3440 1617 3495 in
1669 3440 1835 3507 mari,

145 3531 198 3586 in
251 3546 373 3601 quo
425 3528 767 3599 intelligitur
823 3528 940 3598 ipse
989 3537 1178 3584 noster
1233 3528 1491 3595 allectus,
1543 3530 1645 3599 qui
1704 3545 1835 3585 cum

145 3628 342 3675 mutus
389 3631 465 3673 ex
508 3617 772 3684 Sodoma,
812 3617 1113 3673 seditiosus
1159 3631 1232 3672 ex
1281 3617 1616 3684 Gomorrha,
1668 3618 1841 3674 fuerit

144 3708 394 3777 denique
443 3714 834 3777 transgressor
880 3720 954 3761 ex
997 3706 1238 3774 Adama,
1268 3705 1389 3776 jam
1434 3707 1602 3776 quasi
1642 3721 1837 3776 capra,

144 3811 271 3865 quae
310 3794 634 3850 arduorum
683 3802 769 3849 est
817 3802 1104 3864 appetens,
1156 3809 1254 3863 spe
1295 3794 1453 3850 inani
1502 3796 1842 3851 sublevatur

143 3883 210 3939 ad
241 3896 478 3952 supera,
511 3882 721 3937 dehinc
751 3882 809 3937 in
844 3896 1055 3938 morem
1100 3883 1368 3948 damula',
1402 3898 1534 3954 quae
1564 3885 1838 3953 pavidum

144 3979 224 4026 est
271 3969 513 4036 animal,
564 3985 634 4025 ne
681 3970 875 4025 habita
913 3970 1132 4040 perdat,
1188 3971 1389 4026 timore
1432 3972 1724 4028 descendit
1770 3972 1842 4027 ad

142 4058 359 4127 infera;
401 4059 600 4128 sicque
637 4059 805 4113 statio
833 4060 960 4128 ejus
990 4058 1049 4114 lit
1077 4059 1133 4113 in
1161 4061 1328 4125 mari,
1361 4060 1497 4115 dum
1535 4075 1840 4130 nunquam

143 4162 176 4203 a
216 4154 375 4204 recto
414 4146 595 4202 animi
623 4154 776 4202 statu
810 4146 1257 4202 indesinentium
1292 4148 1548 4217 impulsu
1575 4157 1841 4204 motuum

1936 436 2092 499 salis,
2136 436 2189 491 id
2231 443 2313 492 est
2359 450 2432 491 ex
2469 436 2574 491 boc
2624 435 2945 491 innascitur
2989 437 3196 493 animae
3243 437 3475 508 repulsa
3528 439 3629 495 Dei

1937 524 2235 594 sapientia,
2280 524 2585 594 prudentia
2614 523 2807 580 carnis
2840 540 2853 577 :
2905 526 2985 579 sal
3018 523 3170 580 enim
3202 526 3343 596 quia
3373 525 3484 582 hoc
3514 526 3634 582 loco

1939 614 2114 669 maris
2158 613 2388 679 dicitur,
2438 612 2650 668 astutia
2699 611 3012 682 accipitur;
3059 628 3218 670 mare
3260 629 3373 669 non
3430 613 3633 671 incon-

1937 717 2083 774 grue
2110 702 2257 758 sicut
2288 701 2591 766 saeculum,
2628 702 2705 757 ita
2726 709 2780 757 et
2809 716 2942 757 caro
2973 701 3203 770 dicitur,
3247 718 3379 772 quae
3408 718 3632 772 semper

1937 800 2144 847 aestuat
2199 790 2523 859 desideriis;
2592 790 2891 859 prudentia
2963 798 3155 846 autem
3230 794 3433 848 carnis.
3501 806 3633 862 quae

1938 879 2011 935 ab
2097 878 2363 948 Apostolo
2436 892 2576 932 mors
2656 884 2897 932 vocatur
2962 877 3142 947 (Rom.
3228 892 3343 943 vui,
3425 876 3503 948 6),
3572 877 3630 932 in

1938 967 2074 1024 solis
2130 967 2521 1037 voluptatibus
2578 966 2914 1022 exercendis
2966 981 3033 1022 ac
3080 966 3456 1036 exquirendis
3504 966 3630 1037 glo-

1937 1057 2145 1113 riatur.

2011 1147 2180 1203 Vens.
2212 1144 2265 1197 4.
2314 1173 2386 1185 -
2426 1142 2719 1197 Duodecim
2767 1145 2928 1197 annis
2966 1146 3266 1198 servierunt
3317 1143 3629 1198 Chodorla-

1941 1237 2143 1298 humor,
2193 1238 2242 1287 et
2282 1234 2439 1286 tertio
2471 1233 2673 1285 decimo
2718 1247 2859 1285 anno
2897 1237 3226 1287 recesserunt
3276 1232 3343 1286 ab
3394 1247 3471 1286 eo.
3525 1233 3632 1288 Per

1940 1321 2415 1386 Cliodorluhomor,
2463 1334 2637 1389 quem
2683 1319 2941 1375 diximus
2973 1321 3139 1390 quasi
3186 1321 3460 1377 decorum
3508 1335 3629 1376 ma-

1941 1410 2208 1480 nipulum
2255 1408 2553 1479 appellari,
2600 1408 2971 1477 voluptatem,
3019 1425 3150 1479 qua],
3204 1409 3426 1465 fructus
3456 1412 3631 1465 totius

1940 1498 2234 1569 nequitiae,
2289 1505 2343 1553 et
2394 1498 2560 1567 quasi
2612 1497 2852 1568 quidam
2902 1497 3069 1553 decor
3102 1506 3205 1563 est,
3259 1496 3631 1569 intelligimus

1943 1586 2215 1658 ﬁgurari;
2258 1588 2364 1642 tria
2412 1600 2548 1641 vero
2587 1594 2793 1656 quater
2837 1585 3142 1641 duodecim
3182 1585 3431 1651 faciunt;
3481 1585 3631 1639 duo-

1870 1656 2123 1731 Bdecim
2181 1675 2378 1745 itaque
2429 1675 2597 1730 annis
2644 1674 2720 1730 illi
2773 1675 3077 1742 servimus,
3135 1689 3266 1729 cum
3318 1673 3631 1730 trinitatem

1939 1764 2163 1831 mentis,
2235 1762 2515 1819 rationem
2580 1762 2813 1829 scilicet,
2859 1763 3234 1829 voluntatem,
3297 1777 3364 1818 ac
3413 1777 3633 1817 memo-

1941 1852 2087 1908 riam
2120 1851 2420 1922 voluptati,
2458 1866 2588 1921 quae
2631 1850 2688 1904 in
2740 1850 2935 1921 regnis
2974 1850 3242 1906 vitiorum
3279 1849 3630 1920 przeeminet,

1940 1938 2109 2008 quasi
2152 1939 2261 1994 sub
2308 1939 2677 2009 quaternario
2711 1939 3144 2009 temporalitatis
3193 1938 3371 2009 hujus
3417 1937 3634 1994 addici--

1941 2041 2090 2082 mus.
2160 2027 2471 2082 Duodecim
2532 2026 2703 2083 etiam
2763 2027 2931 2081 annis
2988 2026 3068 2081 illi
3128 2026 3436 2091 servimus,
3499 2040 3631 2081 cum

1943 2115 2164 2182 mentis,
2211 2125 2276 2172 ut
2320 2117 2593 2177 diximus.
2631 2115 2960 2181 trinitatem,
3007 2122 3061 2170 et
3105 2115 3360 2184 corporis
3400 2113 3631 2184 quanti-

1944 2213 2114 2262 tatem
2163 2205 2345 2262 eidem
2393 2205 2647 2275 quadam
2709 2204 2951 2259 annuali
3002 2203 3342 2273 perfectione
3394 2202 3634 2272 subjici-

1943 2309 2098 2360 mus;
2126 2294 2223 2349 sed
2261 2294 2422 2351 tertio
2453 2292 2673 2349 decimo
2703 2292 2775 2348 ab
2804 2306 2870 2347 eo
2892 2292 3232 2357 recedimus,
3265 2305 3396 2346 cum
3431 2292 3634 2355 Deum,

1943 2382 2044 2452 qui
2085 2381 2277 2438 unitas
2310 2390 2412 2449 est,
2467 2380 2766 2451 praesidem
2794 2394 2860 2436 ac
2888 2388 3164 2436 rectorem
3196 2378 3360 2435 nobis
3409 2379 3465 2433 in
3515 2392 3636 2433 cor-

1944 2485 2078 2541 pore
2107 2484 2174 2525 ac
2203 2470 2398 2525 anima
2428 2469 2803 2525 instituimus.

2016 2559 2186 2615 Vnus.
2230 2562 2280 2626 5,
2329 2562 2382 2624 6,
2415 2562 2466 2612 7.
2497 2587 2569 2599 —
2609 2560 2790 2625 Igitur
2835 2573 2977 2611 anno
3018 2561 3214 2624 quarto
3244 2556 3446 2609 decimo
3494 2558 3637 2608 venit

1945 2647 2433 2713 Chodorluhomor,
2482 2653 2533 2701 et
2576 2663 2745 2711 reges,
2788 2648 2887 2715 qui
2915 2662 3034 2699 cum
3075 2661 3132 2698 eo
3177 2650 3353 2709 erant,
3408 2659 3636 2712 pereas-

1943 2744 2233 2804 seruutque
2283 2737 2565 2805 Raphaim
2611 2739 2669 2789 in
2710 2736 2992 2790 Astaroth.
3039 2735 3315 2798 Carnaim,
3363 2737 3413 2786 et
3449 2734 3637 2786 Zuzim

1944 2841 2064 2879 cum
2122 2828 2217 2887 eis,
2272 2826 2444 2878 Emim
2482 2827 2541 2878 in
2583 2826 2719 2879 Save
2765 2824 3126 2888 Cariathaim,
3158 2826 3207 2875 et
3250 2822 3533 2874 Chorrzos
3580 2822 3637 2873 in

1890 2957 1913 2974 ,,
1943 2913 2212 2965 montibus
2268 2912 2408 2972 Seir,
2464 2927 2632 2981 usque
2687 2912 2761 2965 ad
2816 2912 3144 2979 campestria
3202 2911 3453 2975 Pharon,
3520 2924 3639 2976 qua:

1945 3005 2024 3054 est
2070 3001 2128 3052 in
2191 3000 2504 3062 solitudine,
2562 3005 2612 3052 et
2665 3004 3047 3068 percusserunt
3102 3014 3310 3052 omnem
3369 2998 3638 3064 regionem

1947 3090 2394 3154 Amalecitarum,
2464 3094 2515 3142 et
2594 3089 2996 3154 Amorrhaeum,
3070 3090 3166 3157 qui
3240 3086 3526 3141 habitabat
3582 3089 3639 3138 in

1947 3178 2394 3234 Asusonthamar.
2450 3179 2765 3244 lit-versique
2817 3181 2945 3230 sunt
2990 3175 3065 3230 ad
3117 3179 3319 3242 fontem
3372 3175 3638 3243 Misphat,

1945 3269 2067 3336 ipsa
2096 3270 2175 3320 est
2204 3266 2393 3322 Gades.
2427 3266 2733 3336 Postquam
2768 3265 2824 3320 in
2855 3264 3104 3321 convalli
3142 3264 3398 3321 Mambre
3426 3263 3639 3318 Abram

1948 3354 2070 3425 ﬁgit
2119 3354 2579 3421 tabernaculum,
2627 3354 2969 3409 dederamus
3000 3354 3118 3424 regi
3160 3352 3510 3422 nequissimo
3542 3364 3640 3405 vo-

1947 3443 2152 3513 luptati
2214 3443 2551 3513 repudium;
2611 3443 2732 3499 haec
2779 3443 2935 3497 enim
2965 3441 3236 3511 praecellit
3284 3440 3341 3494 in
3383 3439 3637 3523 regibus,

1947 3531 2087 3601 quia
2151 3531 2231 3586 nil
2289 3532 2580 3600 voluptate
2628 3531 2898 3586 cordibus
2956 3529 3255 3585 hominum
3308 3528 3642 3583 dominatur

1947 3621 2223 3676 tenacius.
2284 3624 2352 3675 At
2398 3619 2576 3674 animi
2635 3633 2860 3685 rursus,
2931 3624 2997 3672 ut
3044 3616 3268 3682 assolet,
3324 3623 3642 3685 tepescente

1947 3715 2123 3773 statu,
2171 3712 2224 3762 et
2254 3707 2557 3763 denarium
2588 3706 2799 3762 divinae
2831 3705 2973 3776 legis
3007 3704 3383 3775 quaternario
3415 3711 3639 3771 tempo-

1948 3796 2193 3853 ralitatis
2245 3803 2621 3865 snpponente,
2674 3794 2950 3850 memoria
3008 3792 3340 3862 voluptatis,
3398 3791 3639 3848 delecta-

1951 3885 2141 3953 tionis,
2210 3898 2541 3950 consensus,
2615 3883 3166 3952 consuetudinisque
3221 3882 3477 3952 pristina:
3538 3893 3642 3934 ac—

1950 3975 2136 4030 cincta
2176 3973 2488 4045 suffragiis,
2537 3973 2779 4043 percntit
2826 3972 3096 4040 Raphaim
3144 3974 3202 4024 in
3248 3969 3532 4033 Astaroth,
3586 3967 3642 4021 id

1949 4071 2035 4118 est
2092 4062 2303 4118 imbelli
2360 4075 2467 4117 sua
2530 4060 2929 4123 teneritudine,
2985 4073 3126 4130 qua,
3160 4059 3334 4115 nullis
3394 4058 3645 4114 motibus

1952 4151 2160 4215 obstat,
2219 4150 2430 4205 excitat
2475 4156 2529 4204 et
2577 4155 2896 4204 commovet
2939 4148 3222 4219 gigantes,
3267 4145 3428 4216 quod
3464 4146 3644 4201 inter—

143 4235 351 4291 desinit
410 4234 714 4290 ﬂuctuare.
773 4235 1045 4304 Sequitur
1102 4235 1278 4306 igitur
1328 4237 1448 4306 jam
1498 4237 1648 4304 Bale,
1711 4253 1842 4317 quae
1882 4249 1924 4301 υ
1957 4246 2215 4309 pretatur
2273 4238 2570 4306 Raphaim,
2630 4236 2685 4291 id
2741 4242 2827 4290 est
2875 4235 3153 4304 superbos
3204 4236 3508 4301 daemones,
3575 4233 3647 4289 ad

146 4324 562 4393 interpretatur
608 4324 907 4389 absorbuit,
977 4323 1064 4379 vel
1117 4327 1518 4394 praecipitavit;
1572 4340 1705 4381 nam
1758 4326 1847 4381 bis

145 4413 345 4468 anima
390 4412 464 4467 ad
509 4412 640 4467 vitae
683 4412 1108 4468 destitutionem
1159 4412 1515 4483 praecipitata
1581 4414 1842 4480 miseriis,

147 4501 402 4572 quodam
435 4500 741 4556 oblivionis
785 4501 1126 4557 absorbetur
1157 4500 1456 4567 barathro,
1486 4510 1548 4558 ut
1591 4506 1711 4573 jam
1744 4506 1844 4559 vix

149 4590 475 4647 meminisse
543 4588 696 4656 velit,
766 4588 821 4644 in
893 4605 1011 4659 quo
1066 4590 1140 4645 sit
1200 4591 1381 4660 posita
1441 4598 1844 4661 tempestatum

148 4680 283 4735 salo.
332 4678 522 4747 Super
584 4676 671 4733 his
720 4678 916 4747 itaque
962 4679 1234 4734 omnibus
1285 4693 1447 4749 reges
1494 4689 1648 4747 sunt,
1704 4681 1842 4736 dum

146 4767 332 4823 carnis
380 4774 575 4821 motus
603 4767 1016 4837 cogitationum
1052 4767 1286 4837 agmina
1317 4767 1424 4822 sibi
1468 4769 1840 4837 contrahunt,

148 4857 318 4925 Reges
364 4861 625 4925 quatuor
670 4856 952 4911 adversus
984 4856 1245 4925 quinque
1292 4871 1352 4911 se
1399 4857 1653 4928 erigunt,
1702 4859 1841 4914 dum

149 4944 428 5013 praedicta:
496 4941 840 5000 defectiones
880 4943 1058 4998 animi
1098 4943 1241 5000 alias
1291 4944 1346 4999 in
1396 4944 1604 5001 allecto
1652 4953 1843 5001 nostro

145 5032 524 5097 remissiones,
582 5035 638 5087 et
684 5031 994 5102 nequitias,
1042 5040 1143 5088 aut
1198 5032 1372 5089 etiam
1414 5034 1640 5090 easdem
1692 5034 1845 5103 ipsas

143 5127 518 5192 exaggerant,
579 5127 634 5175 et
689 5119 1037 5176 accendunt.
1098 5120 1261 5176 Unde
1317 5121 1624 5192 sequitur:
1697 5120 1844 5187 Quia

144 5224 330 5265 omnes
382 5208 440 5263 bi
477 5216 873 5264 convenerunt
924 5208 983 5263 in
1014 5208 1219 5264 vallem
1268 5209 1609 5277 silvestrem,
1662 5210 1715 5264 id
1761 5216 1844 5264 est

146 5297 319 5353 omnis
382 5296 753 5370 negligentia:
816 5296 1090 5352 examina
1150 5296 1414 5353 coierunt
1465 5298 1522 5353 in
1597 5306 1841 5355 mentem

152 5385 451 5453 humilem;
516 5384 612 5440 sed
675 5385 747 5439 ab
799 5384 1136 5440 excellentia
1179 5384 1496 5441 sanctitatis
1542 5385 1840 5457 dejectam.

152 5482 200 5528 et
266 5472 534 5529 silvatico
593 5473 846 5543 quodam
901 5473 1137 5530 horrore
1197 5474 1430 5545 peccati,
1505 5474 1841 5531 multimoda

1956 4325 2271 4382 faciendam
2328 4323 2573 4394 lapsura:
2612 4323 2785 4379 tuenti
2832 4324 3332 4393 explorationem:
3381 4321 3647 4377 Astaroth

1953 4428 2109 4481 sane,
2158 4412 2374 4468 faciunt
2417 4411 2830 4479 exploratores,
2863 4411 3095 4467 dicitur.
3127 4411 3423 4467 Percussio
3452 4417 3643 4467 autem

1954 4504 2060 4558 ista
2099 4516 2213 4556 non
2267 4499 2624 4569 interemptio
2660 4507 2765 4563 est,
2801 4499 2897 4553 sed
2924 4513 3141 4554 securae
3169 4514 3237 4554 ac
3284 4499 3531 4555 nimium
3575 4497 3644 4553 de

1951 4605 2010 4646 se
2071 4589 2297 4646 fidentis
2358 4587 2566 4643 animae
2631 4586 2967 4655 concitatio;
3040 4586 3226 4642 solent
3292 4586 3445 4642 enim
3506 4600 3646 4641 vasa

1952 4679 2191 4747 percuti,
2240 4685 2303 4733 ut
2337 4692 2568 4739 muscae,
2604 4675 2689 4731 vel
2734 4689 2871 4745 apes
2913 4674 3053 4730 inibi
3101 4676 3293 4744 quiete
3341 4673 3641 4729 considen-

1952 4775 2035 4822 tes
2085 4766 2457 4832 suscitentur,
2511 4764 2665 4820 unde
2719 4772 2775 4819 et
2832 4778 3170 4833 percussuro
3225 4763 3437 4818 dicitur
3491 4762 3644 4817 latus

1954 4855 2098 4910 Petri
2146 4853 2202 4908 in
2253 4867 2499 4908 carcere.
2552 4853 2680 4907 Post
2722 4852 3172 4920 explorationem
3218 4864 3354 4920 ergo
3404 4850 3645 4904 inlirmae

1952 4942 2177 5009 mentis,
2213 4957 2343 5011 quae
2391 4941 2462 4996 ad
2495 4955 2720 4997 omnem
2774 4939 3111 4995 memoriam
3141 4938 3212 4994 ad
3243 4938 3379 4994 vitia
3433 4952 3646 4994 conca-

1952 5031 2127 5099 lescit,
2176 5030 2514 5101 percutitur,
2566 5028 2621 5083 id
2650 5035 2734 5084 est
2773 5035 3038 5083 movetur
3067 5028 3344 5093 Carnaim,
3380 5024 3535 5096 quod
3562 5033 3647 5080 est

1951 5133 2190 5186 cornua,
2232 5121 2290 5174 in
2320 5117 2536 5188 quibus
2578 5116 2847 5188 signatur
2891 5114 3255 5186 repugnandi
3285 5122 3486 5171 contra
3523 5129 3644 5169 me-

1951 5208 2144 5264 moriae
2190 5205 2618 5279 suggestionem
2659 5204 3044 5261 conlidentia:
3078 5203 3259 5259 solent
3313 5218 3517 5273 nempe
3560 5218 3646 5259 se-

1950 5312 2087 5353 cure
2107 5296 2289 5367 aliqui
2330 5295 2388 5351 in
2413 5294 2669 5365 cogitatu
2699 5292 2990 5360 delectari,
3026 5293 3096 5350 de
3125 5292 3245 5349 suis
3276 5293 3362 5348 lisi
3396 5292 3644 5361 viribus,

1951 5386 2105 5457 quod
2135 5399 2312 5455 pravo
2346 5382 2562 5455 possint
2595 5382 2752 5453 operi
2782 5381 3075 5437 reluctari.

2024 5474 2435 5529 Percutiuntur
2479 5485 2618 5542 ergo
2663 5484 2901 5537 cornua,
2957 5471 3096 5528 dum
3146 5470 3217 5526 ad
3257 5469 3647 5526 delectationis
