3884 6068
236 220 332 274 123
1116 214 1182 277 ν.
1229 220 1559 277 GUIBERTI
1597 220 1889 278 ABBATIS
1927 220 1981 276 S.
2024 215 2265 275 MARIIE
2307 217 2396 275 DE
2440 215 2842 275 NOVIGENTO

3632 217 3733 272 124

230 371 517 415 venenum
555 358 801 416 dulciter
828 358 1214 416 hauriendum
1238 358 1415 415 fallax
1449 358 1799 430 permittitur
1840 358 1910 413 ad
1955 372 1994 422 Α
2028 357 2273 413 bitatum
2349 368 2563 427 genera
2638 354 2897 411 membra
2969 353 3353 426 corruperint,
3425 353 3730 421 rationem,

229 445 493 503 effectum
548 448 774 504 sceleris
830 447 1253 519 repugnantia:
1317 448 1589 503 cornibus
1648 448 1802 503 enim
1869 462 1926 502 se

230 536 542 591 defendunt
583 536 885 604 animalia;
915 537 1010 591 sed
1060 538 1272 602 Zuzim,
1304 530 1404 606 qui
1435 544 1488 592 et
1526 537 1922 591 Zomzommim

230 623 373 679 aias
424 624 718 691 dicuntur,
770 640 889 679 cum
933 627 1008 679 eis
1053 625 1266 694 pariter
1310 626 1667 693 excitantur;
1726 624 1925 680 vitiosa

228 717 333 768 oo
374 712 528 767 enim
576 727 707 767 cum
756 713 826 767 sit
877 720 1076 768 nostra
1114 721 1340 779 natura,
1392 714 1663 768 vitiorum
1707 712 1927 768 semina

231 802 286 855 in
332 815 389 856 se
440 808 647 870 portat,
697 808 751 856 et
803 800 924 856 meo
971 801 1111 871 ipsa,
1146 801 1325 858 donec
1362 801 1571 858 excitet
1618 801 1707 857 vis
1738 808 1925 856 tenta-

231 889 417 955 tionis,
464 903 523 944 se
572 888 688 958 pati
736 889 1007 960 ignorat:
1061 890 1460 946 Zomzommim
1510 897 1705 945 autem
1753 889 1926 944 dictio

228 976 470 1047 integra,
550 975 740 1031 Zuzim
815 990 950 1031 vero
1007 990 1105 1045 per
1160 976 1539 1032 concisiouem
1598 984 1682 1032 est
1743 976 1922 1043 dicta;

226 1065 624 1119 Zomzommim
676 1064 872 1133 itaque
903 1064 1132 1130 dicitur,
1173 1079 1304 1133 quae
1334 1072 1417 1120 est
1470 1066 1587 1120 haec
1626 1079 1800 1135 aqua,
1839 1064 1925 1118 vel

230 1152 532 1221 praeparati
564 1151 619 1206 in
660 1151 799 1206 acie.
849 1152 995 1207 Dum
1032 1166 1282 1222 namque
1313 1167 1550 1219 cornua,
1598 1153 1651 1208 id
1690 1159 1774 1208 est
1805 1153 1924 1207 for-

230 1239 535 1295 titudinem
606 1239 971 1309 repugnandi
1027 1248 1227 1295 contra
1283 1254 1465 1310 prava
1522 1254 1697 1310 opera
1766 1253 1926 1295 mens

228 1327 503 1383 fallaciter
554 1328 746 1398 erigit,
817 1335 872 1383 et
930 1328 1129 1398 primae
1184 1328 1571 1384 delectationis
1627 1328 1920 1383 mollitiem

229 1416 426 1471 leviter
482 1416 659 1483 ducit,
721 1424 951 1484 repente
1012 1416 1509 1472 concrescentibus
1564 1416 1920 1487 cogitatuutn

229 1504 733 1575 corporaliumque
775 1513 1037 1561 motuum
1072 1506 1273 1570 ventis,
1306 1507 1471 1575 quasi
1498 1506 1766 1576 quaedam
1794 1505 1923 1576 gia-

227 1593 328 1649 ciei
380 1593 595 1648 duritia
643 1595 870 1649 admoto
920 1594 1052 1665 igne
1097 1595 1418 1661 resolvitur,
1451 1602 1506 1650 et
1548 1595 1737 1650 dicere
1769 1595 1918 1664 apud

229 1695 287 1737 se
313 1682 432 1751 jam
463 1682 722 1750 relapsus
752 1683 825 1737 ab
861 1682 956 1737 illo
988 1691 1145 1737 tanto
1175 1684 1377 1738 robore
1403 1684 1646 1754 cogitur,
1681 1699 1812 1754 quae
1842 1691 1925 1738 est

231 1770 350 1825 haec
378 1783 554 1839 aqua,
598 1769 651 1824 id
696 1778 779 1825 est
827 1770 978 1825 unde
1018 1770 1159 1825 mihi
1200 1785 1274 1826 ex
1323 1770 1611 1841 inSperato
1642 1779 1723 1827 tot
1772 1780 1923 1827 tam-

229 1872 341 1927 que
374 1857 537 1912 fluxa
576 1857 898 1912 desideria?
928 1857 1072 1914 Cum
1119 1858 1378 1927 proprios
1406 1859 1558 1913 enim
1595 1867 1786 1913 motus
1816 1858 1923 1912 sub

228 1960 333 2000 suo
382 1945 590 2000 habere
638 1959 696 2000 se
743 1952 964 2013 putaret
1005 1944 1158 2013 jure,
1190 1945 1383 2000 subito
1435 1944 1677 1999 attendit
1724 1952 1923 2000 contra

228 2048 286 2089 se
319 2041 670 2103 praeparatos
708 2033 766 2087 in
794 2033 932 2089 acie.
966 2035 1147 2088 Emim
1175 2032 1350 2088 etiam
1391 2035 1450 2087 in
1492 2033 1630 2088 Sabe
1665 2047 1922 2087 commo-

228 2130 457 2188 ventur,
502 2122 643 2177 dum
674 2122 955 2177 horrenda
990 2121 1260 2192 quaelibet
1294 2136 1407 2177 non
1434 2122 1601 2176 modo
1632 2121 1923 2176 naturalia

228 2210 377 2265 mala
452 2224 486 2265 a
551 2210 781 2280 captiva
845 2217 1033 2266 mente
1086 2213 1207 2280 jam
1274 2218 1706 2280 proponuntur;
1787 2211 1925 2265 Sabe

225 2299 453 2369 captiva
517 2298 947 2368 interpretatur,
1016 2299 1104 2354 vel
1171 2312 1399 2367 vepres;
1468 2312 1669 2368 vepres
1731 2306 1923 2354 autem

225 2388 662 2456 desideriorum,
711 2403 842 2458 quae
892 2403 995 2443 nos
1039 2387 1312 2454 lacerant,
1359 2388 1683 2443 carnalium
1723 2388 1923 2442 multi-

227 2475 450 2545 plicitas
478 2480 644 2545 sunt;
680 2475 737 2530 in
766 2475 1256 2531 emendatioribus
1286 2490 1400 2531 non
1433 2476 1594 2542 Sabe,
1628 2476 1726 2531 sed
1762 2476 1919 2539 Save,

228 2564 315 2619 vel
364 2566 536 2619 etiam
582 2565 757 2619 Savhe
799 2564 1063 2631 habetur,
1113 2563 1269 2634 quod
1320 2564 1493 2634 digne
1550 2564 1638 2619 vel
1685 2563 1924 2619 elevatio

227 2651 662 2721 interpretatur,
702 2666 914 2707 sonans
948 2652 1167 2722 utique,
1198 2652 1353 2722 quod
1383 2653 1553 2723 digne
1588 2653 1692 2708 hos
1724 2652 1923 2707 incur-

225 2755 324 2795 sus
377 2748 605 2810 propter
659 2739 961 2795 elationem
1014 2754 1179 2796 suam
1237 2740 1431 2796 anima
1478 2741 1759 2811 patiatur;
1807 2755 1922 2795 non

226 2829 412 2883 solum
456 2843 591 2884 vero
628 2828 684 2883 in
715 2827 1008 2897 vepribus,
1051 2828 1103 2883 id
1137 2838 1220 2884 est
1259 2829 1316 2884 in
1346 2830 1631 2900 corporeis
1671 2829 1922 2885 motibus

226 2918 322 2972 sed
354 2915 525 2973 etiam
570 2916 627 2971 in
675 2916 1036 2983 Cariathaim,
1084 2917 1234 2987 qUod
1276 2925 1359 2972 est
1395 2918 1451 2973 in
1483 2918 1711 2974 civitate
1740 2919 1920 2974 silva-

226 3018 378 3069 rum,
419 3019 536 3074 quo
580 3004 847 3075 signatur
889 3005 1122 3069 inculta,
1162 3013 1217 3061 et
1261 3006 1490 3062 obsessa
1539 3007 1920 3076 pravitatibus

227 3106 405 3159 mens,
465 3092 815 3148 horribilitas
861 3093 1253 3163 nequitiarum
1301 3096 1632 3150 excitatur:
1682 3098 1919 3152 Cltorran'

226 3182 397 3236 etiam
447 3183 505 3234 in
556 3183 826 3236 montibus
887 3183 1008 3237 Seir
1063 3182 1168 3238 isto
1225 3184 1535 3239 certamine
1590 3184 1914 3245 irritantur,

227 3267 367 3337 quia
416 3281 622 3323 sensus
675 3266 1005 3332 exteriores,
1056 3284 1203 3339 quos
1257 3269 1508 3326 Chorrzei
1566 3270 1916 3341 significant,

228 3356 284 3411 in
321 3356 656 3412 altitudines
699 3357 982 3427 superbiae
1015 3358 1084 3413 de
1127 3358 1524 3414 exuberantiis
1568 3366 1919 3429 perpetrata-

226 3458 356 3501 rum
396 3445 700 3501 libidinum
731 3446 973 3517 gloriose
1001 3446 1389 3518 extolluntur;
1424 3447 1672 3505 Cborrzei
1717 3462 1918 3516 nempe

226 3533 294 3589 de
344 3533 727 3590 foraminibus
776 3534 1251 3604 interpretantur,
1303 3544 1357 3592 et
1399 3551 1608 3606 corpus
1654 3545 1911 3592 nostrum

225 3622 489 3679 sensibus
524 3622 663 3689 suis,
710 3624 793 3680 uti
824 3624 1176 3694 quibusdam
1214 3625 1503 3695 aperturis
1543 3623 1914 3694 foraminum,

154 3748 161 3755 .
224 3724 419 3766 rerum
456 3712 770 3768 forensium
804 3713 1051 3768 tactibus
1080 3721 1427 3782 permeatur.

295 3800 415 3855 Seir
445 3815 578 3856 vero
621 3801 816 3855 hircus
847 3801 1077 3869 dicitur,
1115 3800 1169 3856 in
1202 3817 1318 3871 quo
1352 3804 1494 3858 fetor
1526 3802 1787 3859 luxuriae
1831 3818 1919 3857 ac-

226 3887 465 3957 cipitur;
497 3903 666 3957 usque
693 3889 768 3942 ad
808 3892 1134 3957 campestria
1179 3890 1411 3944 Pharan
1440 3906 1559 3959 quae
1586 3897 1663 3945 est
1706 3893 1765 3944 in
1795 3892 1917 3944 soli-

228 3976 428 4039 tudine,
474 3978 546 4031 ab
601 3977 797 4032 iisdem
849 3978 1080 4048 regibus
1129 3978 1265 4045 itur,
1317 3979 1459 4049 quia
1502 3979 1627 4049 ipsa
1675 3980 1918 4035 tumoris

225 4077 424 4119 eorum
483 4063 687 4131 rabies,
746 4079 865 4136 qua
903 4066 971 4121 de
1027 4066 1147 4122 suis
1206 4067 1515 4123 malefactis
1570 4066 1912 4137 gloriantur,

228 4153 333 4208 sub
373 4154 630 4210 rediviva
664 4155 1014 4223 flagitiorum
1045 4157 1439 4227 quorumlibet
1471 4157 1776 4224 ferocitate,
1823 4172 1917 4213 re-

2037 459 2168 514 quze
2197 443 2319 499 sola
2361 449 2650 513 superstes
2675 441 3017 513 plerumque
3043 442 3329 497 miseriam
3364 456 3527 498 suam
3552 441 3731 505 videt,

2036 541 2090 589 et
2156 532 2413 603 ingemit,
2481 533 2851 601 exstinguere
2914 538 3210 601 appetunt,
3275 546 3346 586 ne
3402 532 3523 600 ipsa
3576 531 3735 585 mala

2039 621 2327 691 pensando
2376 620 2563 675 doleat
2614 634 2745 689 quae
2794 620 2902 675 sibi
2954 619 3173 675 insunt.
3225 618 3435 675 Occisis
3476 631 3737 688 namque

2040 709 2186 776 filiis,
2241 709 2524 765 Sedechize
2572 709 2720 764 oculi
2763 716 3084 777 eruuntur;
3134 708 3249 777 ipsa
3301 722 3535 777 quoque
3583 708 3736 762 ratio

2036 803 2114 852 est
2158 798 2331 854 Gades
2366 814 2378 850 :
2415 797 2593 851 Gades
2629 810 2761 851 vero
2783 804 2981 852 sancta
3016 795 3102 851 vel
3136 802 3360 850 mutata
3388 794 3738 865 interpreta-

2037 893 2132 941 tur
2160 901 2173 940 :
2211 901 2341 956 quae
2371 885 2525 940 enim
2555 892 2753 939 sancta
2798 884 3004 949 fuerat,
3038 884 3251 955 carnali
3288 883 3565 953 appetitui
3597 883 3737 938 resi-

2037 974 2253 1040 stendo,
2289 982 2344 1029 et
2376 988 2410 1028 a
2461 974 2595 1028 Loth
2628 972 2943 1027 divortium
2987 971 3264 1038 faciendo,
3308 985 3457 1026 verae
3504 970 3734 1040 perspi—

2035 1062 2286 1127 cuitatis,
2347 1061 2401 1116 id
2463 1068 2547 1116 est
2606 1059 3103 1128 contemplationis
3157 1058 3423 1127 adempto
3474 1058 3583 1114 sibi
3646 1058 3726 1113 lu-

2038 1150 2191 1207 mine
2262 1157 2634 1215 commutata,
2711 1161 2913 1218 regum
2971 1148 3368 1217 pessimorum,
3439 1148 3541 1217 qui
3602 1154 3733 1217 post

2035 1237 2347 1293 criminum
2410 1236 2824 1292 revolutionem
2871 1236 2943 1290 ad
2989 1235 3138 1290 hanc
3184 1235 3425 1289 redeunt
3470 1234 3737 1290 obsiden-

2035 1326 2189 1394 dam,
2224 1325 2519 1382 substituit
2550 1326 2619 1380 ad
2670 1333 2895 1393 tempus
2936 1323 3194 1378 arbitrio.
3240 1321 3575 1379 Percutiunt
3603 1337 3730 1377 om-

2037 1429 2162 1469 nem
2213 1422 2420 1469 terram
2486 1412 2964 1478 Amalecitarum,
3009 1412 3149 1481 quia
3191 1410 3479 1477 affectum,
3528 1411 3737 1467 volun-

2035 1510 2227 1570 tatem,
2280 1501 2653 1561 intellectum.
2707 1500 3256 1569 sensualitatemque
3305 1500 3404 1555 Dei
3461 1500 3735 1556 inimico-

2034 1605 2163 1646 rum
2227 1590 2399 1660 juxta
2457 1589 2820 1644 Psalmistam
2880 1596 3091 1643 terram
3147 1588 3488 1658 lingentium
3549 1588 3731 1658 (Psal.

1965 1666 2002 1718 Β
2034 1693 2183 1745 Lxx1,
2221 1680 2280 1747 9)
2334 1692 2445 1733 non
2476 1678 2661 1732 solum
2712 1677 2779 1730 ad
2816 1676 3121 1745 cupienda,
3158 1677 3253 1731 sed
3302 1675 3475 1731 etiam
3524 1677 3732 1731 adula-

2032 1767 2283 1823 tionibus
2305 1767 2375 1821 ad
2401 1765 2700 1821 lambenda
2722 1764 2916 1819 saeculi
2950 1764 3124 1834 hujus
3154 1765 3449 1819 commoda
3476 1764 3729 1828 irritant,

2030 1862 2085 1910 et
2149 1855 2489 1910 accendunt.
2575 1853 2843 1908 Amalech
2914 1852 3123 1907 etenim
3192 1852 3438 1921 populus
3505 1853 3733 1923 Iingens

2030 1942 2240 1999 dicitur
2304 1958 2399 1998 eos
2462 1943 2818 2014 significans,
2894 1942 2997 2011 qui
3060 1943 3213 2013 quod
3280 1940 3336 1995 vi
3406 1951 3727 2011 nequeunt,

2034 2032 2338 2102 hypocrisi,
2374 2032 2703 2102 linguaeque
2734 2031 3122 2086 blandimento
3154 2028 3508 2099 praeripiunt.

2103 2121 2429 2176 Pcrcutitur
2454 2120 2623 2175 etiam
2654 2120 3043 2183 Amorrhaaus,
3079 2121 3175 2186 qui
3199 2118 3484 2171 habitabat
3513 2120 3571 2170 in
3592 2118 3741 2171 Asa-

2029 2211 2365 2275 sonthamar,
2435 2209 2487 2263 id
2555 2217 2637 2264 est
2694 2210 2981 2263 excitatur
3042 2207 3231 2261 inanis
3297 2206 3479 2277 gloria
3543 2206 3727 2261 Deum

2031 2296 2250 2367 absque
2294 2297 2470 2352 dubio
2516 2296 2859 2363 amaricans,
2906 2296 3046 2365 quia
3097 2301 3523 2365 perseveranter
3573 2293 3727 2349 obti-

2031 2401 2164 2441 nere
2229 2400 2288 2442 se
2353 2385 2589 2442 simulat
2652 2386 2919 2440 vitiorum
2989 2398 3359 2455 quorumque
3435 2383 3727 2453 praesidia,

2032 2474 2371 2530 indesinenti
2438 2473 2716 2543 potiundo
2770 2474 3029 2529 victoria.
3097 2474 3446 2528 Amorrhaeus
3515 2471 3733 2527 dicitur

2030 2563 2385 2633 amaricans;
2426 2564 2861 2617 Asasonfhamar
2891 2571 3081 2617 autem
3114 2562 3253 2617 urbs
3285 2562 3631 2631 palmarum,
3667 2560 3727 2614 in

2032 2651 2237 2721 palmis
2266 2666 2500 2721 quoque
2533 2650 2785 2705 victoriae
2820 2652 3176 2720 figurantur;
3215 2650 3483 2705 honorem
3531 2648 3731 2717 itaque

2032 2741 2144 2796 Deo
2174 2741 2431 2796 debitum
2480 2740 2549 2796 de
2590 2742 2804 2809 peccati
2838 2739 3093 2807 victoria,
3130 2754 3259 2793 cum
3294 2738 3400 2793 sibi
3445 2737 3731 2793 fallaciter

2032 2844 2191 2884 mens
2256 2836 2509 2899 arrogat,
2583 2829 2836 2897 quadam
2901 2827 3233 2883 idololatrize
3297 2841 3364 2881 ac
3439 2825 3725 2896 sacrilegii

2034 2916 2373 2987 profanitate
2420 2917 2601 2971 Deutn
2633 2917 2929 2982 amaricat,
2961 2925 3016 2970 et
3046 2915 3185 2970 dum
3217 2914 3512 2985 aliquibus
3547 2913 3724 2977 vitiis,

2028 3019 2062 3059 a
2127 3006 2342 3075 quibus
2397 3006 2468 3060 ad
2528 3006 2725 3060 horam
2785 3005 2975 3059 minus
3028 3003 3342 3073 impetitur,
3415 3016 3607 3058 carere
3666 3018 3728 3057 se

2025 3094 2277 3161 simulat,
2311 3095 2379 3149 de
2436 3094 2632 3149 urbica
2666 3094 2917 3164 quadam
2961 3093 3280 3148 munitione
3308 3092 3417 3159 sui,
3458 3098 3513 3147 et
3546 3091 3725 3147 victo-

2026 3182 2110 3236 ria
2138 3182 2389 3252 glorians
2440 3183 2675 3252 peccati,
2709 3182 2875 3252 quasi
2913 3195 3011 3236 rex
3045 3195 3165 3236 sese
3213 3180 3498 3235 inhabitat
3532 3195 3543 3234 :
3600 3171 3716 3234 non

2023 3271 2177 3326 enim
2223 3271 2419 3326 omnia
2462 3284 2563 3325 nos
2593 3270 2803 3337 pariter
2833 3269 2971 3325 vitia
3006 3269 3257 3339 pulsant,
3291 3269 3385 3324 sed
3438 3282 3570 3323 cum
3622 3282 3727 3322 nos

2027 3361 2175 3414 malo
2210 3359 2437 3429 capitali
2482 3359 2957 3429 constringimur,
2992 3358 3064 3413 ab
3097 3357 3223 3412 aliis
3254 3358 3479 3412 interim
3513 3356 3723 3420 feriati,

2028 3448 2280 3516 ipsorum
2315 3448 2481 3517 quasi
2516 3449 2763 3503 victores
2791 3462 2913 3502 esse
2946 3447 3230 3514 videmur,
3262 3445 3477 3515 quibus
3505 3452 3723 3511 tamen,

2025 3550 2158 3591 cum
2203 3550 2379 3592 causa
2425 3536 2673 3600 redierit,
2717 3544 2982 3606 prompta
3012 3550 3147 3590 mox
3200 3535 3495 3590 voluntate
3531 3534 3724 3604 subji-

2024 3624 2230 3680 cimur.
2286 3626 2417 3680 Haec
2462 3624 2641 3693 igitur
2669 3631 2806 3690 tota,
2836 3624 2943 3679 etsi
2986 3638 3099 3679 non
3131 3623 3302 3678 simul
3333 3622 3525 3678 animo
3573 3623 3718 3692 ejus,

2025 3712 2128 3783 qui
2191 3718 2445 3768 tentatur
2505 3727 2564 3768 se
2614 3711 2903 3783 ingerunt,
2964 3718 3155 3767 tamen
3218 3710 3556 3781 pedetentim
3620 3723 3724 3778 per

2026 3800 2357 3856 tentationis
2383 3814 2591 3868 moras,
2626 3800 2979 3867 delectando,
3012 3799 3436 3865 consentiendo,
3470 3799 3718 3869 agendo.

2028 3890 2312 3945 visitando
2383 3903 2682 3958 erumpere
2751 3897 3195 3945 consueverunt.
3266 3888 3533 3957 Quinque
3581 3901 3722 3957 ergo
3812 3942 3819 3949 ,

2028 3993 2190 4049 reges
2211 3978 2607 4048 egrediuntur,
2644 3964 2988 4047 etdirigunt
3018 3985 3219 4032 contra
3245 3980 3502 4047 quatuor
3537 3978 3719 4031 aciem

2028 4066 2085 4120 in
2127 4066 2277 4121 valle
2309 4066 2575 4133 silvestri,
2609 4067 2746 4121 dum
2795 4064 3033 4121 affectus
3080 4074 3290 4133 noster,
3344 4065 3446 4135 qui
3490 4065 3724 4119 aeternis

2025 4154 2190 4210 debet
2238 4154 2550 4221 intendere,
2601 4153 3022 4224 quaternitatis,
3067 4153 3121 4208 id
3169 4161 3252 4209 est
3290 4153 3725 4222 temporalitatis

230 4241 380 4296 flexa
429 4243 817 4299 consternitur
859 4244 917 4299 in
978 4246 1166 4315 campi
1220 4260 1457 4313 morem,
1516 4256 1571 4301 et
1629 4245 1913 4316 quidquid
1956 4259 2143 4333 Dsuze
2201 4244 2452 4299 motibus
2504 4242 2879 4312 constipatus,
2943 4242 3212 4297 delectari
3271 4241 3596 4311 cogitando,
3656 4255 3725 4296 ac

228 4330 438 4386 ᾶινίηω
481 4332 767 4388 memoriae
810 4333 869 4388 in
920 4342 1106 4389 mente
1149 4334 1449 4400 resederat,
1506 4333 1650 4389 redit
1690 4334 1747 4388 in
1778 4334 1916 4389 soli—

231 4417 444 4472 tudinis
484 4417 806 4490 horrorem;
860 4423 918 4473 in
964 4421 1262 4475 solitudine
1302 4421 1468 4490 plane
1505 4429 1609 4487 est,
1651 4421 1919 4491 quisquis

227 4505 346 4560 sine
404 4506 515 4561 Deo
567 4507 883 4564 habitatore
929 4515 1039 4577 est;
1073 4509 1296 4563 Pharon
1324 4523 1459 4564 vero
1507 4509 1918 4578 interpretatur

229 4592 489 4651 ferocitas
523 4609 745 4661 eorum,
794 4595 949 4651 haud
979 4595 1223 4651 dubium
1252 4597 1396 4666 quin
1441 4597 1734 4663 vitiorum,
1785 4609 1917 4666 quae

230 4681 507 4737 mentium
549 4682 895 4739 munitiones
933 4685 1256 4753 campestri,
1294 4686 1545 4755 quadam
1587 4686 1918 4741 infirmitate

227 4770 588 4841 compellant.
639 4772 1029 4828 Revertantur
1072 4773 1147 4827 ad
1192 4775 1395 4841 fontem
1436 4777 1711 4845 Masphat,
1762 4774 1914 4845 quod

227 4866 310 4913 est
359 4859 873 4929 contemplationis,
920 4874 992 4915 ex
1033 4874 1150 4931 quo
1190 4861 1494 4919 haurimus
1527 4877 1711 4919 rorem
1745 4862 1918 4918 totius

228 4947 439 5004 divinae
479 4958 531 5003 et
575 4948 844 5004 humanae
900 4949 1165 5020 rationis;
1211 4950 1336 5006 fons
1382 4954 1535 5007 enim
1583 4959 1792 5017 noster,
1845 4950 1917 5005 ad

229 5050 399 5105 quem
446 5038 818 5107 recurrimus,
862 5045 917 5093 et
944 5053 1016 5094 ex
1048 5052 1162 5108 quo
1203 5040 1628 5095 sensualitatem
1664 5047 1916 5094 nostram

229 5124 299 5179 ad
363 5125 619 5180 carnalia
682 5126 1057 5194 deiicientem,
1128 5128 1295 5198 quasi
1360 5127 1685 5184 fatiscentes
1749 5141 1918 5199 agros

228 5212 627 5282 perfundimus
677 5215 817 5270 ratio
866 5222 979 5282 est;
1023 5218 1282 5286 Masphat
1328 5225 1520 5272 autem
1567 5216 1914 5286 contempla-

231 5302 462 5368 tionem,
498 5301 585 5357 vel
628 5302 912 5373 judicium
943 5313 1134 5375 sonat;
1169 5306 1311 5360 ratio
1348 5305 1499 5359 enim
1527 5304 1749 5375 judicat
1789 5319 1917 5360 om-

229 5390 346 5456 nia,
379 5389 519 5459 quia
558 5390 796 5460 spiritus
839 5398 941 5457 est,
993 5400 1047 5447 et
1076 5406 1109 5446 a
1145 5392 1370 5447 nemine
1408 5391 1720 5463 judicatur.
1760 5392 1915 5449 Post-

228 5492 405 5548 quam
436 5478 614 5550 igitur
648 5479 949 5534 exterioris
985 5479 1229 5534 hominis
1260 5494 1359 5550 per
1388 5480 1659 5551 quaelibet
1700 5481 1913 5552 impro-

2030 4331 2274 4387 videndo
2326 4332 2433 4387 ista
2478 4331 2604 4386 vult
2646 4331 2900 4401 quidem,
2944 4330 3041 4385 sed
3071 4337 3270 4385 contra
3301 4337 3491 4384 actum
3541 4328 3725 4398 ipsius

2027 4422 2241 4490 peccati
2305 4420 2472 4489 quasi
2547 4420 2618 4474 ad
2680 4419 3063 4475 resistendum
3132 4426 3417 4488 praeparat
3482 4417 3725 4475 rationis

2026 4509 2225 4576 aciem,
2274 4515 2361 4563 6|
2405 4509 2545 4564 dum
2576 4508 2684 4564 sibi
2738 4507 2910 4564 etiam
2960 4506 3066 4577 ipsi
3100 4507 3328 4562 nomine
3371 4506 3724 4562 necessitatis

2029 4597 2237 4668 levigat
2304 4611 2501 4652 rerum
2575 4596 2962 4668 corporalium
3041 4595 3493 4661 delectationem,
3570 4609 3722 4665 quas

2026 4692 2216 4741 tamen
2247 4685 2431 4756 diligit
2464 4699 2574 4741 non
2608 4693 2723 4739 tam
2754 4684 2824 4739 ad
2867 4698 3039 4739 usum
3068 4697 3247 4754 quam
3273 4683 3344 4738 ad
3389 4682 3717 4749 libidinem;

2025 4783 2261 4845 quatuor
2321 4789 2454 4829 vero
2511 4773 2771 4827 adversus
2836 4775 3074 4841 quinque
3128 4775 3508 4842 consurgunt,
3578 4771 3719 4828 dum

2026 4863 2082 4919 id
2110 4863 2265 4933 quod
2306 4862 2413 4918 sub
2444 4861 2628 4931 specie
2670 4862 2768 4916 Dei
2800 4868 3079 4916 creaturae
3113 4860 3371 4931 religiose
3409 4859 3723 4916 videbatur

2026 4951 2229 5019 amari,
2287 4949 2653 5020 spurcissime
2709 4950 2996 5005 hominem
3050 4948 3372 5005 ostenditur
3404 4948 3717 5017 delectari,

2031 5040 2179 5095 unde
2214 5039 2505 5108 contingat
2539 5039 2593 5092 in
2646 5038 2946 5108 pravitatis
2989 5052 3331 5094 consensum
3364 5037 3500 5105 labi,
3548 5045 3605 5093 et
3645 5038 3719 5094 ab

2025 5127 2235 5184 affectu
2301 5128 2358 5183 in
2412 5128 2888 5184 consuetudinem
2940 5127 3113 5195 volvi,
3167 5127 3365 5197 sicque
3436 5127 3716 5196 paulatim

2026 5216 2294 5274 affectum
2341 5232 2473 5272 cum
2516 5217 2603 5273 his
2648 5231 2682 5272 a
2728 5216 2942 5286 quibus
2986 5216 3209 5287 regitur
3256 5215 3432 5271 animi
3481 5216 3721 5286 torpori-

2026 5305 2156 5373 bus,
2188 5305 2468 5375 praedictis
2500 5305 2783 5361 malorum
2831 5305 3251 5361 suborientium
3301 5303 3583 5375 gradibus
3630 5305 3715 5360 in-

2026 5393 2249 5450 clinari.

2102 5482 2305 5547 Vnus,
2329 5482 2410 5536 10.
2449 5512 2511 5521 -
2558 5482 2728 5535 Vallis
2761 5486 2938 5535 autem
2968 5483 3230 5537 silvestris
3262 5481 3493 5535 habebat
3531 5485 3720 5550 puteos
