3884 6068
136 249 237 300 12ζί

1346 245 1710 305 ΜΟΒΑΙᾸΟΜ
1753 245 1824 302 ΙΝ
1863 243 2161 303 GENESIN
2208 247 2331 302 LIB.
2378 246 2460 302 IV.

3562 248 3655 300 126

129 382 342 437 multos
374 381 676 437 bituminis.
718 382 889 437 Vallis
936 395 1050 437 non
1099 389 1181 439 est
1222 381 1380 439 aliud
1406 397 1583 454 quam
1618 382 1687 439 ad
1726 381 1840 438 ima
1877 402 1923 455 Α
1955 380 2168 438 morari
2233 380 2468 449 solebat,
2524 396 2654 453 quae
2706 380 2981 437 convallis
3032 378 3285 437 Mambre
3328 378 3650 437 Amorrhzei

127 470 433 526 demersio
510 471 738 538 mentis,
815 472 1105 540 silvestris,
1174 470 1399 528 incuria
1463 470 1842 544 cogitationis,

129 575 274 630 quae
335 560 394 615 in
441 559 728 628 profundo
781 575 915 615 cum
975 559 1158 615 ruerit
1204 560 1534 627 criminum,
1588 561 1844 616 bitumen

132 647 572 704 inextricabilis
620 648 873 704 inveniet
922 647 1316 720 obligationis;
1367 651 1465 717 qui
1512 648 1663 704 enim
1707 651 1849 716 facit

130 742 447 806 peccatum,
479 751 668 791 servus
709 741 786 791 est
815 738 1025 805 peccati
1053 738 1223 805 (Joan.
1273 752 1390 803 Vill,
1440 738 1558 805 3-H;
1610 737 1848 807 spiritus

134 839 403 894 namque
464 823 679 880 vadens
736 838 835 895 per
889 839 967 891 se,
1027 824 1123 880 sed
1188 838 1285 894 per
1343 839 1400 880 se
1454 840 1567 880 non
1625 824 1848 880 rediens

132 927 396 968 sumus:
446 927 521 968 ex
572 913 738 968 nobis
784 913 1065 968 habemus
1109 913 1333 978 cadere,
1379 922 1432 970 et
1476 928 1545 969 ex
1582 913 1701 968 solo
1736 914 1848 967 Deo

136 1015 470 1070 resurgere.
529 1002 717 1071 Itaque
761 1016 866 1055 rem
913 1001 1261 1056 Sodomorum
1310 1007 1359 1055 et
1397 1018 1493 1056 me
1543 1003 1848 1058 Gumorrliae

136 1095 300 1160 terga
348 1094 656 1155 verterunt;
708 1089 1121 1160 cecideruntque
1180 1089 1286 1154 ibi;
1337 1096 1387 1143 et
1439 1093 1536 1159 qui
1584 1105 1848 1144 remanse-

137 1184 269 1231 rant
331 1179 409 1231 ad
455 1184 707 1231 montem.
762 1178 877 1233 Rex
929 1177 1303 1233 Sodomorum
1355 1185 1408 1233 et
1456 1192 1557 1234 rex
1608 1179 1847 1234 Gomor-

141 1266 263 1321 rhae
336 1273 499 1336 terga
563 1273 821 1332 vertunt,
884 1280 1017 1321 cum
1084 1265 1432 1321 conscientia
1495 1267 1564 1321 ad
1637 1265 1849 1336 peccati

138 1354 574 1424 suggestionem
618 1352 881 1421 imbellis,
912 1360 968 1408 et
998 1362 1178 1420 muta,
1212 1361 1267 1409 et
1302 1354 1554 1424 quadam
1586 1355 1848 1424 populari

140 1456 400 1511 nequam
450 1441 809 1497 carnalitatis
853 1456 973 1497 suae
1022 1452 1285 1498 motuum
1338 1443 1613 1499 seditione
1661 1443 1846 1512 plena,

140 1530 311 1600 quasi
374 1543 495 1585 una
542 1530 772 1586 duobus
817 1538 942 1585 acta
994 1531 1229 1602 regibus
1278 1531 1598 1600 provincia,
1645 1546 1848 1587 aversa

141 1618 552 1675 rationalitatis
601 1633 778 1689 quam
830 1628 1205 1690 proposuerat
1252 1620 1391 1687 acie,
1439 1620 1696 1690 pessimae
1743 1636 1845 1691 pa-

143 1708 356 1764 tientiae
406 1715 567 1778 terga
619 1708 807 1775 vertit,
858 1715 913 1764 et
961 1708 1345 1765 clamantibus
1387 1710 1582 1765 vitiis:
1642 1711 1850 1766 incur-

144 1811 280 1851 vare
314 1803 379 1851 ut
426 1804 808 1863 transeamus,
844 1796 1017 1852 totius
1063 1796 1309 1867 rigorem
1344 1798 1581 1854 inflectit
1611 1797 1851 1871 rectitu-

144 1884 332 1950 dinis,
405 1892 460 1940 et
530 1883 793 1940 incidunt
871 1893 1074 1955 puteos
1150 1886 1467 1942 bituminis.
1535 1888 1640 1952 Qui
1713 1902 1851 1941 vero

147 1980 443 2027 remanent
471 1972 544 2027 ad
576 1980 824 2028 montem
852 1973 1104 2043 fugiunt,
1139 1973 1279 2044 quia
1310 1974 1447 2029 dum
1480 1973 1851 2044 cogitationes

147 2069 353 2116 nostra:
414 2060 611 2129 lapsus
658 2060 749 2115 sui
800 2061 1105 2117 discrimen
1166 2061 1472 2131 aspiciunt,
1531 2063 1601 2118 ab
1650 2062 1738 2117 his
1792 2063 1850 2117 in

150 2149 366 2219 quibus
414 2149 530 2204 labi
565 2149 830 2219 deinceps
876 2157 1137 2219 possunt,
1190 2150 1361 2221 priori
1399 2165 1538 2207 casu
1583 2160 1851 2207 correctze

150 2237 218 2292 ad
249 2237 487 2292 virtutis
517 2236 797 2292 desideria
830 2237 1185 2308 profugiunt.

221 2325 391 2381 Vens.
458 2328 542 2391 ll,

148 2414 391 2469 Sodoma:
454 2419 506 2468 et
564 2415 899 2481 Gomorrhae,
961 2420 1014 2468 et
1063 2418 1320 2469 universa
1369 2432 1489 2485 quze
1545 2416 1620 2469 ad
1671 2417 1851 2471 cibum

146 2506 438 2572 pertinent,
473 2506 523 2556 et
546 2502 797 2556 abierunt
829 2519 841 2556 :
888 2518 1092 2557 necnon
1121 2508 1172 2557 et
1210 2504 1364 2567 Loth,
1398 2510 1447 2557 et
1486 2505 1851 2559 substantiam

151 2593 281 2658 ejus,
312 2592 499 2660 [ilium
526 2592 728 2655 fratris
770 2591 990 2658 Abram,
1040 2594 1138 2660 qui
1169 2592 1452 2645 habitabat
1482 2594 1537 2646 in
1584 2592 1847 2648 Sodomis.

152 2678 237 2733 Ab
310 2679 509 2733 anima
579 2678 888 2749 pecualiter
954 2679 1162 2744 silenti,
1223 2679 1329 2735 hoc
1393 2680 1546 2735 enim
1613 2681 1853 2736 Sodoma

151 2775 335 2835 sonat,
387 2775 442 2823 et
497 2767 817 2823 secundum
870 2766 1203 2824 Gomorrha:
1252 2783 1486 2824 sensum
1529 2768 1852 2825 constituite

154 2857 208 2911 in
243 2854 607 2912 turbulentia
654 2856 865 2925 peccati
912 2856 1237 2912 substantia
1273 2857 1683 2923 tollitur,.cum
1730 2865 1853 2928 post

150 2945 382 3001 ruinam
454 2944 896 3001 fundamentum
954 2945 1125 3000 etiam
1187 2945 1351 3000 bonae
1412 2944 1742 3014 voluntatis,
1799 2952 1853 3000 et

157 3032 393 3088 allectus
466 3031 777 3102 pmnitendi
850 3032 1146 3088 adimitur.
1226 3034 1503 3090 Universa
1576 3047 1707 3103 quae
1781 3033 1853 3087 ad

154 3122 346 3177 cibum
410 3121 698 3191 pertinent
742 3120 1111 3189 auferuntur,
1170 3122 1406 3192 quando
1462 3121 1636 3177 totius
1677 3135 1852 3177 sacrae

157 3209 462 3279 Scripturze
535 3208 797 3272 consilia,
876 3209 1095 3280 quibus
1164 3210 1482 3279 relicimur,
1557 3223 1591 3264 a
1669 3217 1855 3266 mente

158 3298 485 3353 tolluntur:
548 3304 852 3367 postquam
915 3298 1038 3353 hinc
1112 3298 1361 3365 fecerint,
1423 3299 1659 3364 abeunt,
1715 3299 1855 3369 quia

156 3386 258 3441 sibi
287 3385 523 3441 subdita
567 3399 804 3456 prorsus
836 3386 1045 3441 infelici
1081 3386 1292 3453 anima,
1325 3392 1387 3442 ut
1420 3393 1549 3456 pote
1580 3386 1854 3441 obedien—

156 3483 264 3529 tem
329 3473 620 3529 daemones
674 3472 1020 3544 impugnare
1080 3474 1383 3530 desistunt.
1440 3474 1602 3529 Unde
1662 3482 1855 3530 autem

158 3561 412 3617 Sodomae
438 3568 611 3617 restet
642 3561 1019 3631 paenitudinis
1050 3561 1314 3632 gerendae
1344 3561 1688 3629 substantia,
1721 3578 1852 3618 cum

162 3649 321 3716 Loth,
396 3648 453 3703 id
520 3656 603 3705 est
658 3648 897 3705 allectus
952 3658 1143 3706 noster
1199 3664 1232 3705 a
1285 3651 1451 3706 bonis
1518 3650 1857 3706 declinando

158 3738 469 3792 distractus
506 3752 621 3792 non
673 3737 898 3805 habeat,
949 3739 1044 3794 cui
1094 3738 1255 3793 bome
1308 3738 1590 3793 voluntati
1647 3739 1855 3795 innita-

159 3835 269 3894 tur,
304 3840 438 3897 quaa
489 3825 596 3881 sibi
642 3826 697 3880 in
748 3827 979 3882 modum
1026 3827 1307 3882 naviculze
1338 3827 1577 3895 substet,
1642 3828 1699 3882 in
1741 3844 1857 3898 quo

156 3914 272 3983 ipse
319 3914 602 3969 subsidat.
639 3915 797 3970 Unde
832 3916 941 3971 sub
988 3915 1315 3986 cujuspiam
1352 3930 1488 3971 voce
1530 3916 1674 3986 lapsi
1710 3917 1857 3971 dici-

156 4011 296 4057 tur:
332 4002 554 4069 Inita-us
601 4017 719 4056 sum
766 4004 983 4057 intimo
1027 4004 1312 4071 profundi,
1359 4010 1408 4057 et
1454 4020 1559 4058 non
1610 4012 1685 4059 est
1730 4006 1854 4059 sub-

152 4092 362 4142 stantia
415 4088 582 4157 (Psat.
646 4103 840 4155 vanl,
891 4090 987 4158 3):
1046 4090 1221 4146 frater
1274 4105 1429 4157 vero,
1475 4090 1646 4162 cujus
1706 4091 1859 4147 tilius

160 4176 296 4232 Loth
341 4184 446 4243 est,
480 4191 692 4246 corpus
724 4186 988 4234 nostrum
1033 4186 1139 4244 est,
1179 4180 1332 4250 quod
1366 4180 1590 4251 spiritui
1642 4188 1854 4246 nostra,

154 4265 367 4321 scilicet
410 4265 650 4331 Abram,
685 4266 831 4322 mira
864 4268 1240 4338 germanitate
1267 4283 1614 4336 connexum,
1647 4283 1858 4325 carna-

158 4355 264 4409 lem
307 4353 368 4408 in
412 4354 609 4409 anima
648 4355 1026 4424 imprimendo
1057 4370 1089 4412 a
1130 4356 1266 4413 foris
1296 4365 1532 4428 generat
1561 4358 1851 4423 allectum,

156 4443 253 4512 qui
318 4452 586 4498 versatur
640 4443 697 4498 in
757 4443 1034 4511 Sodomis,
1088 4446 1228 4517 quia
1282 4455 1606 4517 perseverat
1654 4448 1701 4502 si
1745 4448 1853 4503 sibi

157 4531 320 4586 liceat
353 4531 411 4585 in
435 4531 821 4603 negligentiis.

224 4618 397 4674 Vens.
442 4623 526 4674 l3.
572 4651 638 4660 -—
691 4623 758 4676 Et
800 4637 914 4676 ecce
960 4638 1101 4677 unus
1158 4624 1256 4692 qui
1291 4628 1536 4678 evaserat
1575 4627 1853 4679 nuntiavit

154 4707 359 4761 Abram
408 4708 645 4776 Hebraeo,
704 4713 802 4778 qui
858 4711 1145 4767 habitabat
1200 4714 1259 4766 in
1315 4714 1554 4768 convalle
1615 4715 1857 4768 Mambre

158 4797 484 4865 Amorrhzei,
535 4799 736 4863 fratris
791 4801 1004 4869 Eschot,
1045 4805 1097 4855 et
1136 4786 1338 4869 fratris
1386 4803 1565 4872 Aner;
1618 4805 1677 4857 hi
1713 4807 1855 4859 enim

153 4886 477 4952 pepigerant
500 4885 677 4952 foedus
698 4904 817 4941 cum
846 4888 1079 4943 Abram.
1110 4889 1270 4945 Unus
1301 4891 1397 4960 qui
1421 4891 1613 4946 evadit
1644 4892 1852 4949 Abram

161 4972 396 5027 Hebraeo
426 4974 679 5041 nuntiat,
726 4976 865 5045 quia
896 4977 1171 5032 memoria
1210 4978 1515 5048 perpetrati
1565 4979 1849 5046 facinoris,

157 5076 288 5131 quae
352 5060 476 5116 sola
559 5063 783 5119 interim
848 5079 966 5119 non
1039 5066 1244 5135 potuit,
1314 5068 1523 5122 rationi
1600 5083 1659 5123 se
1722 5084 1853 5125 cum

159 5148 412 5205 mordaci
488 5151 795 5209 acerbitate
867 5154 1156 5224 ingerens,
1215 5163 1269 5211 ει
1328 5170 1435 5211 sua
1507 5157 1856 5215 conscientia

161 5237 459 5294 malefacta
519 5254 863 5310 proponens,
921 5243 1124 5300 suadet
1184 5253 1244 5300 ut
1319 5252 1592 5313 transeat,
1648 5247 1700 5301 id
1746 5256 1855 5311 est

163 5327 404 5396 Hebraei,
458 5328 561 5399 qui
606 5328 1020 5400 interpretatur
1069 5334 1353 5390 transiens
1400 5349 1436 5390 a
1478 5336 1653 5400 vitiis,
1696 5350 1855 5391 rece-

161 5416 339 5472 dendo
398 5431 607 5473 nomen
664 5418 915 5488 impleat,
964 5420 1065 5491 qui
1129 5423 1425 5492 quondam
1481 5423 1537 5478 in
1596 5424 1855 5480 convalle

162 5504 432 5573 Mambre,
485 5506 541 5562 id
576 5514 662 5563 est
699 5507 1022 5565 humilitate
1061 5511 1423 5568 discretionis
1462 5522 1642 5568 matre
1692 5527 1853 5569 com—

1891 1697 2254 1780 Breligionis
2320 1710 2467 1765 inter
2542 1724 2725 1780 aquas
2791 1706 3162 1777 baptismatis,

628 2328 709 2378 l2.
765 2354 834 2367 -—
894 2328 1154 2381 Tuterunt
1221 2343 1423 2381 omnem
1484 2328 1850 2383 substantiam
1892 2402 1897 2403 γ

1953 478 2057 538 est,
2107 470 2297 527 fratris
2328 470 2551 539 Eschol,
2581 478 2635 527 et
2676 469 2866 527 fratris
2914 470 3085 536 Aner,
3144 468 3285 540 quia
3334 469 3645 536 humilitas,

1955 575 2087 630 quas
2166 574 2269 615 nos
2338 559 2485 615 inter
2558 559 2771 615 bonum
2847 559 3182 629 malumque
3250 557 3652 629 perspicaciter

1955 648 2210 704 dividere
2260 647 2411 715 facit,
2464 646 2888 704 amaricationis
2931 654 2985 703 et
3033 645 3378 716 pmnitentiae
3432 653 3492 701 ut
3530 647 3649 715 jam

1955 736 2026 792 sit
2099 751 2325 793 necesse
2409 745 2511 801 est,
2593 739 2692 806 qui
2751 735 3125 807 pmnitudinis
3179 740 3369 791 motus
3423 733 3650 805 igneam

1956 825 2270 895 quamdam
2346 825 2520 880 animi
2597 826 2901 895 puritatem
2956 822 3210 879 naturali
3272 821 3652 893 germanitate

1956 912 2063 969 sibi
2116 913 2420 979 contrahit,
2484 912 2633 968 unde
2680 920 2733 968 et
2781 912 2961 968 altera
3010 911 3178 982 quasi
3232 910 3650 965 necessitudine

1957 1016 2093 1057 mox
2141 1001 2355 1068 fratris,
2414 1001 2467 1056 id
2497 1008 2582 1057 est
2627 1000 2865 1056 allectus
2911 1000 3224 1070 corporalis
3262 1000 3497 1054 lucerna
3532 998 3648 1053 liat.

1956 1090 2331 1146 Amorrhzeus
2381 1091 2533 1145 enim
2601 1090 2943 1156 amaricans,
2999 1088 3362 1159 Escholignis
3438 1088 3646 1153 omnis,

1959 1180 2112 1234 Aner
2188 1179 2423 1235 lucerna
2498 1178 2742 1234 dicitur:
2815 1178 2886 1233 ab
2956 1177 3341 1232 amaritudine
3403 1176 3651 1246 profecto

1961 1266 2301 1337 paenitentiae
2335 1266 2670 1339 pervenitur
2701 1266 2773 1322 ad
2822 1267 3110 1337 integrum
3158 1265 3437 1321 fervorem
3485 1262 3652 1334 puri—

1960 1363 2248 1426 tatemque
2295 1356 2521 1419 animm,
2558 1370 2689 1426 quae
2729 1354 3020 1409 obtinetur
3069 1353 3346 1424 appetitui
3396 1352 3650 1408 restricto

1957 1445 2065 1501 sub
2137 1445 2355 1500 ducatu
2408 1443 2647 1500 rationis
2723 1443 3010 1512 luciferze;
3069 1457 3202 1498 cum
3259 1441 3347 1497 his
3400 1455 3652 1510 namque

1958 1541 2168 1588 sanctae
2199 1533 2444 1589 statibus
2480 1533 2687 1588 mentis
2731 1532 3165 1602 perpigeramus
3191 1530 3374 1585 fmdus
3403 1529 3459 1584 in
3493 1527 3652 1583 initio

1958 1621 2253 1691 quondam
2296 1620 2709 1688 conversionis,
2755 1619 2893 1676 dum
2944 1619 3349 1689 protiteremur
3401 1624 3677 1691 tenorem

3246 1705 3317 1761 ibi
3386 1703 3653 1773 lampada

1959 1798 2303 1869 accepimus,
2336 1805 2392 1853 ει
2419 1796 2754 1868 mysterium
2785 1794 3043 1851 candida
3071 1792 3260 1850 vestis.

2032 1887 2202 1944 Vens.
2258 1889 2340 1954 Μ,
2395 1889 2476 1952 15,
2528 1889 2609 1940 i6.
2657 1916 2722 1924 —
2769 1882 2925 1949 Quod
2970 1898 3090 1937 cum
3135 1880 3375 1935 audisset
3421 1877 3647 1943 Abram,

1958 1981 2180 2045 captum
2214 1975 2463 2029 videlicet
2492 1974 2627 2029 Loth
2667 1975 2900 2040 fratrem
2928 1986 3104 2038 suum,
3137 1970 3443 2024 numeravit
3484 1982 3652 2035 expe—

1959 2063 2101 2119 ditis
2145 2065 2457 2118 vernaculos
2501 2067 2756 2117 trecentos
2795 2062 2970 2115 decem
3020 2064 3070 2114 et
3108 2067 3239 2124 octo,
3300 2061 3350 2111 et
3398 2070 3652 2125 persecu-

1962 2157 2046 2207 tus
2093 2159 2170 2207 est
2212 2168 2295 2207 eos
2327 2168 2496 2222 usque
2546 2153 2689 2205 Dan.
2724 2152 2792 2206 Et
2839 2150 3033 2203 divisis
3083 2147 3242 2202 sociis
3281 2148 3449 2199 irruit
3491 2159 3653 2212 super

1958 2257 2042 2296 eos
2090 2247 2257 2307 nocte,
2307 2244 2575 2311 percussit
2605 2255 2689 2295 eos
2735 2243 2784 2293 et
2831 2242 3138 2307 persecutus
3177 2242 3254 2290 est
3302 2249 3470 2304 usque
3512 2232 3652 2288 Saba

1965 2328 2081 2402 [al.,
2142 2328 2342 2401 Hoba],
2403 2345 2522 2397 qua:
2566 2333 2645 2382 est
2688 2329 2762 2381 ad
2826 2328 3013 2381 (mitam
3064 2325 3336 2390 Damasci,
3389 2331 3440 2376 et
3485 2336 3653 2389 usque

1960 2421 2221 2474 Feniccm.
2282 2420 2625 2486 Redumitque
2685 2432 2889 2471 omnem
2961 2415 3346 2479 substantiam,
3407 2416 3458 2466 et
3516 2409 3653 2464 Loth

1956 2509 2189 2574 fratrem
2230 2523 2385 2561 suum
2426 2523 2541 2561 cum
2581 2506 2891 2560 substantia
2921 2505 3091 2569 illius,
3134 2504 3381 2556 mulieres
3421 2514 3649 2568 quoque,

1959 2601 2009 2650 et
2045 2598 2323 2666 populum.
2352 2596 2526 2651 Audit
2548 2596 2759 2650 Abram
2791 2600 3023 2663 captum
3060 2591 3199 2647 Loth
3232 2590 3489 2653 fratrem,
3520 2601 3652 2643 cum

1961 2685 2197 2754 spiritus
2246 2692 2438 2741 noster
2485 2684 2680 2740 multis
2726 2683 3011 2739 malorum
3068 2678 3347 2736 illecebris
3400 2676 3653 2733 irretitus

1962 2774 2248 2843 captivam
2300 2773 2565 2843 intelligit
2615 2771 2766 2828 trahi
2817 2771 2874 2825 in
2916 2768 3218 2840 voragines
3261 2766 3652 2823 colluvionum

1962 2863 2315 2918 allectionem
2376 2877 2389 2916 :
2464 2876 2563 2931 per
2619 2868 2896 2916 trecentos
2954 2859 3026 2913 ob
3088 2857 3425 2918 ternarium,
3479 2862 3654 2922 atque

1893 2977 1933 3032 ρ
1964 2951 2358 3007 centenarium
2417 2951 2727 3022 perfectum
2781 2944 3091 3018 accipimus
3142 2944 3440 3001 Trinitatis
3471 2956 3650 3032 famo-

1961 3055 2081 3097 rem
2119 3054 2131 3094 :
2184 3054 2285 3110 per
2331 3039 2632 3095 denarium
2680 3038 2775 3093 Dei
2825 3037 3231 3092 mandatorum
3286 3031 3648 3089 custodiam:

1961 3143 2060 3198 per
2087 3128 2447 3184 octonarium
2495 3128 2564 3182 de
2605 3127 2782 3182 beatae
2832 3122 3267 3181 resurrectionis
3315 3133 3653 3177 remunera-

1962 3218 2134 3284 tione,
2186 3231 2317 3287 quaa
2374 3230 2478 3271 nos
2530 3215 2601 3270 ad
2652 3214 2793 3270 bene
2832 3212 3123 3283 agendum
3167 3211 3413 3276 roborat,
3465 3221 3687 3289 spem;

1961 3305 2052 3362 his
2097 3319 2233 3375 ergo
2282 3302 2836 3359 adminiculantibus
2893 3302 3061 3370 quasi
3111 3298 3394 3369 indigenis
3447 3296 3655 3351 animae

1962 3400 2171 3448 nostrae
2214 3392 2558 3457 vernaculis,
2608 3392 2680 3447 ab
2727 3389 2880 3446 omni
2931 3388 3205 3443 vitiorum
3251 3386 3439 3441 debito
3482 3398 3651 3453 expe-

1962 3478 2114 3543 ditis,
2194 3478 2599 3547 persequimur
2646 3490 2715 3531 ea
2784 3474 3000 3544 quibus
3056 3471 3350 3543 quondam
3421 3468 3653 3525 obnoxii

1963 3566 2181 3622 fuimus
2228 3572 2479 3635 peccata.
2514 3580 2703 3634 usque
2744 3565 2886 3629 Dan,
2922 3562 2977 3617 id
3020 3569 3103 3617 est
3126 3558 3433 3630 judicium,
3470 3572 3655 3627 usque

1963 3654 2035 3709 ad
2100 3653 2301 3724 dignm
2367 3653 2579 3708 scilicet
2643 3659 2742 3706 (te
2807 3649 3169 3721 paenitentiae,
3238 3663 3355 3717 quo
3426 3652 3656 3715 peccata

1964 3741 2300 3797 ulciscimur
2332 3740 2613 3809 fructum;
2659 3742 2720 3796 Si
2766 3740 2920 3795 enim
2978 3740 3330 3807 nosmetipsos
3371 3736 3652 3805 dijudica-

1962 3846 2158 3897 remus,
2192 3829 2498 3900 Apostolus
2546 3829 2644 3896 ait,
2676 3844 2779 3882 non
2812 3830 2997 3897 utique
3018 3825 3398 3896 judicaremur
3437 3825 3496 3895 (Ι
3530 3824 3649 3881 Cor.

1966 3934 2042 3984 χι,
2099 3917 2228 3988 i3):
2287 3917 2599 3973 dividimus
2656 3917 2856 3982 socios,
2913 3923 2968 3971 et
3016 3915 3293 3971 irruimus
3341 3928 3516 3985 super
3561 3928 3656 3968 eos

1966 4015 2146 4085 nocte,
2184 4021 2316 4062 cum
2351 4006 2499 4061 bona
2529 4020 2659 4075 quae
2703 4005 2930 4075 agimus
2961 4004 3110 4059 sicut
3140 4011 3287 4059 recte
3336 4002 3652 4068 ollerimus,

1967 4095 2045 4150 ita
2087 4101 2235 4151 recte
2280 4094 2627 4161 dividimus;
2662 4094 2780 4149 haec
2810 4093 2964 4148 enim
2995 4092 3162 4163 quasi
3194 4089 3656 4160 commanipula-

1968 4197 2057 4239 res
2104 4183 2399 4250 habemus,
2460 4191 2515 4238 et
2571 4197 2744 4252 super
2793 4197 2861 4238 ea
2908 4198 3038 4253 qua:
3096 4196 3201 4237 nos
3256 4187 3659 4250 oppresserunt

1898 4280 1940 4333 Ι)
1970 4272 2109 4327 vitia
2159 4287 2259 4342 per
2299 4271 2707 4328 confessionem
2768 4272 2980 4342 peccati
3035 4270 3429 4341 opprimenda,
3491 4269 3655 4340 quasi

1963 4376 2062 4432 per
2093 4360 2442 4433 agnitionem
2476 4361 2657 4416 noctis
2699 4368 2907 4416 nostra:
2940 4360 3220 4416 irruimus
3252 4374 3264 4413 :
3292 4373 3361 4415 ea
3406 4357 3654 4428 percuti-

1962 4464 2113 4517 mus,
2164 4464 2296 4505 cum
2332 4449 2613 4519 regnandi
2662 4448 2744 4504 eis
2799 4450 2855 4505 in
2911 4448 3077 4504 nobis
3108 4449 3259 4504 vires
3308 4445 3657 4502 debilitando

1961 4538 2290 4603 adimimus,
2323 4546 2377 4593 et
2410 4553 2594 4608 usque
2625 4537 2770 4593 Soba
2802 4537 3222 4608 persequimur,
3250 4551 3382 4593 cum
3432 4536 3489 4590 in
3520 4534 3658 4604 ipsis

1962 4627 2126 4682 bonis
2206 4627 2531 4682 actionibus
2602 4641 2759 4696 spem
2814 4625 3000 4682 laudis
3078 4625 3417 4681 transitoriie
3492 4623 3656 4679 nobis

1963 4729 2316 4781 resecamus;
2375 4714 2521 4770 Soba
2571 4715 2781 4770 etenim
2835 4722 2986 4770 secta
3045 4714 3258 4769 dicitur
3314 4727 3348 4767 a
3404 4712 3651 4767 secando.
3738 4744 3747 4753 -

1962 4803 2138 4858 Nemo
2203 4817 2338 4857 sane
2404 4817 2439 4858 a
2504 4803 2670 4858 malis
2734 4803 2998 4868 abstinet,
3066 4802 3176 4856 nisi
3246 4802 3424 4871 ipsius
3486 4800 3655 4856 etiam

1963 4891 2321 4947 abstinentia:
2375 4898 2590 4961 typam,
2653 4907 2783 4947 cum
2840 4890 3150 4957 emerserit,
3217 4897 3461 4957 resecet;
3540 4889 3660 4943 haec

1962 4988 2045 5036 est
2109 4980 2321 5036 scilicet
2386 4980 2534 5035 Seba
2599 4980 2670 5035 ad
2736 4980 2934 5034 laevam
3001 4978 3284 5045 Damasci,
3346 4977 3485 5048 quia
3550 4976 3653 5031 etsi

1962 5069 2257 5125 favoribus
2303 5077 2631 5125 sanctorum
2664 5068 2781 5123 vita
2811 5068 2883 5124 ab
2930 5068 3224 5137 aliquibus
3258 5066 3491 5132 tollitur,
3525 5072 3660 5121 sunt

1962 5167 2149 5214 tamen
2210 5157 2403 5227 plures
2453 5156 2669 5226 quibus
2713 5164 2795 5211 est
2837 5156 3040 5211 oculus
3089 5155 3411 5226 sanguinis,
3465 5155 3520 5210 id
3575 5162 3660 5209 est

1964 5246 2199 5304 intentio
2243 5247 2475 5316 peccati,
2526 5254 2581 5302 et
2626 5247 2747 5316 pios
2775 5259 3037 5315 quosque
3067 5246 3137 5300 ad
3172 5246 3373 5301 Izevam
3424 5244 3655 5310 habent,

1963 5337 2017 5392 id
2083 5342 2167 5391 est
2226 5334 2673 5391 adversitathus
2718 5332 3002 5403 'urgent.
3077 5334 3391 5389 Damascus
3463 5340 3659 5389 autem

1960 5422 2165 5478 oculus
2193 5422 2497 5493 sanguinis
2534 5423 2775 5489 dicitur;
2822 5430 2974 5479 secta
3009 5423 3203 5493 itaque
3235 5422 3306 5477 sit
3345 5436 3380 5477 a
3426 5422 3658 5491 cupidi-

1960 5521 2073 5568 tate
2104 5512 2336 5568 favoris.
2389 5512 2530 5568 Nam
2561 5527 2691 5568 cum
2740 5512 2961 5569 laudari
2996 5512 3105 5569 viri
3136 5510 3317 5567 sancti
3350 5511 3656 5580 incipiunt,
