3884 6068
212 196 307 248 127
1162 191 1223 242 ν.
1267 188 1601 246 GUIBER'H
1640 187 1929 244 ABBATIS
1967 188 2022 243 S.
2068 184 2307 241 MARIA‘J
2348 186 2434 240 DE
2475 184 2872 241 NOVIGENTO

3624 191 3727 245 l28

227 340 479 398 nequam
524 325 785 383 homines
828 325 1037 381 exinde
1068 323 1139 379 ad
1174 322 1448 378 invidiam
1484 320 1867 378 exardescunt
1898 334 1909 372 :
1951 344 1996 393 Α
2026 316 2408 373 sacerdotium
2441 316 2778 385 intellectus,
2815 324 2878 374 ut
2908 317 3196 389 quidquid
3240 320 3363 377 sine
3392 334 3458 376 eo
3505 320 3730 391 profer-

226 416 325 472 ﬁat
353 430 585 486 quoque
633 414 869 471 resectio
914 427 1052 484 erga
1081 412 1184 467 hos
1234 411 1306 467 ab
1354 410 1509 467 omni
1552 408 1919 480 subreptione

226 504 505 561 rancoris.
556 503 703 559 Soba
746 503 918 558 etiam
968 501 1378 571 interpretatur
1424 499 1797 563 mandatum;
1846 497 1916 552 ad

227 593 431 649 laevam
478 607 614 663 ergo
662 591 921 647 Damasci
976 598 1059 645 est
1116 589 1283 653 Soba,
1323 588 1557 659 quando
1608 585 1919 657 principale

225 681 523 737 charitatis
569 680 906 735 mandatum
956 677 1288 734 extenditur
1320 692 1502 748 usque
1548 677 1620 731 ad
1672 675 1919 745 diligen-

225 770 327 825 dos
382 784 475 824 eos
545 767 647 837 qui
711 768 971 838 irrogant
1028 768 1290 834 adversa,
1349 767 1462 822 huc
1519 780 1703 835 usque
1767 763 1918 820 enim

229 858 625 929 persequenda
672 864 808 911 sunt
847 854 980 911 vitia
1019 870 1031 909 :
1073 870 1260 925 usque
1292 854 1611 910 Phaenicem
1659 854 1922 922 deinceps

226 944 450 1014 agenda
502 951 657 1009 sunt,
704 943 759 999 id
800 952 885 998 est
918 958 1106 1013 usque
1145 944 1214 999 ad
1266 944 1589 1012 passionum
1638 944 1920 1009 omnium,

228 1048 361 1103 quae
390 1047 463 1088 ex
492 1032 682 1088 carnis
712 1032 1078 1102 corruptione
1117 1043 1459 1101 nascuntur,
1507 1031 1918 1087 subactionem.

231 1122 337 1177 Per
392 1120 737 1187 Phcenicem,
799 1136 931 1190 quae
995 1122 1198 1177 rubros
1254 1120 1435 1192 gignit
1490 1119 1731 1190 populos
1779 1126 1833 1173 et
1891 1132 1924 1172 a

230 1209 442 1265 rubore
488 1224 695 1265 nomen
725 1208 962 1277 accepit,
995 1209 1249 1278 corporis
1296 1208 1670 1278 intelligimus
1698 1206 1924 1262 deside-

226 1298 337 1366 ria,
369 1313 501 1367 quae
544 1313 615 1353 ex
666 1297 951 1368 sanguine
990 1296 1287 1366 oriuntur;
1323 1296 1477 1352 unde
1522 1303 1576 1351 et
1622 1294 1779 1350 color
1834 1292 1925 1347 ille

224 1388 602 1457 sanguineus,
661 1388 763 1456 qui
810 1385 1165 1441 vermiculus
1207 1385 1439 1449 dicitur,
1485 1382 1837 1439 thnicium
1891 1396 1924 1435 a

227 1474 515 1545 plerisque
593 1483 876 1531 vocatur:
962 1475 1047 1529 ita
1115 1474 1257 1529 Loth
1318 1473 1632 1533 reducitur.
1704 1471 1761 1525 id
1842 1477 1926 1525 est

226 1562 465 1618 affectus
513 1570 704 1618 noster
734 1577 867 1617 cum
907 1562 1196 1633 spirituali
1240 1562 1582 1628 substantia,
1618 1573 1841 1615 necnon
1872 1564 1927 1614 et

229 1650 477 1721 populus
552 1651 986 1722 cogitationum,
1055 1661 1109 1707 et
1174 1651 1445 1707 mulieres
1511 1648 1922 1705 desideriorum

229 1740 540 1796 ﬂuidorum
571 1741 643 1796 ad
674 1740 912 1796 rationis
944 1740 1248 1810 imperium
1279 1739 1644 1809 rediguntur.

299 1829 470 1886 Vens.
522 1832 605 1883 l7.
637 1858 710 1870 —
738 1833 1001 1898 Egressus
1048 1833 1127 1883 est
1156 1835 1334 1883 autem
1362 1844 1460 1882 rea:
1485 1827 1834 1882 Sodomorum
1865 1828 1925 1880 in

229 1932 506 1972 occursum
563 1918 700 1987 ejus,
758 1921 1049 1987 postquam
1100 1931 1341 1971 reversus
1401 1921 1479 1971 est
1522 1932 1558 1970 α
1607 1915 1746 1970 οεεάθ
1794 1917 1925 1972 Cho-

230 2007 578 2062 dorlahomor
637 2013 688 2061 et
754 2022 942 2073 regum
1003 2008 1100 2075 qui
1163 2021 1283 2060 cum
1338 2022 1394 2058 eo
1449 2010 1606 2059 erant
1668 2007 1727 2058 in
1785 2005 1926 2058 valle

229 2095 385 2163 Save,
437 2110 555 2164 quae
610 2101 688 2150 est
733 2096 895 2150 vallis
942 2097 1122 2163 Regis.
1177 2094 1483 2162 Postquam
1527 2091 1925 2148 Chodorlaho—

232 2196 374 2250 mor,
428 2182 484 2237 id
534 2189 617 2238 est
660 2182 972 2252 voluptatis
1025 2189 1242 2237 motum
1292 2196 1426 2237 cum
1473 2180 1592 2236 suis
1631 2180 1925 2250 complici—

230 2268 359 2336 bus,
402 2270 503 2340 qui
551 2284 827 2325 ex'carne
858 2270 1182 2341 spirituque
1224 2270 1526 2339 prodeunt,
1561 2268 1924 2336 eviceritnus,

232 2373 365 2414 cum
414 2358 482 2414 de
531 2358 675 2414 bello
721 2358 931 2415 reversi
967 2359 1247 2414 fuerimus
1273 2359 1341 2413 ad
1382 2365 1589 2413 nostrae
1620 2358 1927 2412 examina-

232 2446 400 2502 tionis
455 2455 703 2518 portam,
738 2448 1018 2503 .occurrit
1085 2462 1186 2502 rex
1251 2447 1652 2511 Sodomorum,
1713 2444 1768 2501 id
1842 2452 1928 2501 est

234 2535 468 2605 pecuale
497 2535 790 2606 quoddam
833 2535 1145 2601 silentium,
1183 2536 1473 2607 suggestio
1518 2534 1728 2590 scilicet
1758 2548 1928 2590 secu-

233 2623 419 2679 ritatis
498 2638 597 2693 pro
674 2623 915 2679 victoria
978 2623 1283 2693 vitiorum;
1361 2623 1566 2679 suadet
1629 2622 1784 2679 enim
1865 2628 1930 2678 ut

234 2711 397 2767 sileat
449 2726 483 2767 a
524 2711 784 2782 jejuniis,
837 2711 1067 2783 vigiliis,
1112 2720 1166 2767 et
1208 2711 1387 2768 animi
1429 2711 1688 2767 custodia
1726 2710 1928 2766 remis-

235 2800 356 2855 sius
415 2799 536 2870 jam
602 2800 769 2871 quasi
837 2801 1017 2856 victor
1088 2810 1242 2871 agat,
1312 2801 1367 2856 id
1441 2808 1524 2856 est
1592 2807 1653 2855 ut
1718 2799 1926 2855 iterum

239 2888 551 2958 pecualiter
595 2897 756 2945 muta
798 2897 999 2945 contra
1030 2889 1246 2960 peccati
1287 2888 1551 2960 jurgium
1581 2887 1930 2944 conscientia

237 2985 433 3033 nostra
464 2977 623 3033 vivat
658 2994 674 3044 ;
702 2978 943 3034 Sodoma
974 2992 1226 3048 namque
1264 2992 1437 3048 pecus
1485 2978 1658 3034 silens
1687 2977 1926 3046 dicitur;

236 3074 291 3122 et
344 3066 452 3122 hoc
505 3074 687 3122 totum
732 3067 883 3130 facit,
940 3076 1004 3123 ut
1059 3068 1116 3122 in
1148 3067 1461 3137 dejectione
1502 3067 1727 3133 mentis,
1776 3066 1931 3136 quod

239 3169 340 3223 per
381 3155 587 3211 vallem
635 3156 901 3226 signatur
948 3171 1050 3211 nos
1095 3156 1362 3222 detineat,
1396 3171 1526 3227 quae
1573 3155 1738 3212 vallis
1782 3154 1933 3226 regis

237 3250 341 3307 est,
415 3258 547 3313 quae
622 3243 882 3300 videlicet
966 3245 1233 3314 pessima,
1291 3258 1359 3300 ac
1442 3252 1647 3314 puteus
1725 3246 1934 3300 mentis

242 3331 539 3387 humilitas
614 3333 818 3388 rectori
894 3333 1120 3389 diabolo
1177 3333 1497 3403 specialiter
1552 3332 1780 3388 addicta
1826 3340 1929 3389 est.

240 3420 423 3476 Potest
474 3435 573 3490 per
605 3420 807 3477 vallem
842 3421 1004 3489 Save,
1040 3422 1194 3491 quod
1226 3429 1309 3478 est
1352 3420 1610 3488 elevatio,
1661 3421 1934 3491 superbia

240 3509 440 3579 accipi,
497 3524 627 3580 quze
683 3525 813 3566 cum
859 3510 918 3565 in
966 3510 1151 3579 seipsa
1204 3511 1570 3575 destituatur,
1628 3510 1776 3581 regis
1828 3517 1930 3576 est,

241 3597 382 3667 quia
418 3597 683 3654 diabolus
713 3599 843 3654 filiis
872 3599 1157 3669 superbiae
1188 3600 1567 3669 principatur.

312 3685 482 3742 Vens.
540 3689 623 3752 l8,
680 3690 762 3755 19,
799 3689 885 3740 20.
936 3717 1003 3729 —
1035 3693 1109 3744 At
1153 3704 1276 3742 vero
1320 3706 1387 3742 ea:
1431 3690 1608 3743 Salem
1664 3689 1975 3742 Melchise—‘

242 3774 374 3829 dech
415 3778 695 3843 proferens
742 3792 937 3844 parum
982 3780 1032 3830 et
1073 3780 1280 3839 vinum,
1330 3782 1448 3830 erat
1499 3780 1639 3831 enim
1685 3779 1934 3831 sacerdos

245 3862 339 3915 Dei
378 3860 654 3928 altissimi,
703 3863 975 3916 benedixit
1006 3866 1074 3931 ei,
1120 3868 1170 3916 et
1202 3865 1282 3917 ait
1312 3880 1325 3917 :
1361 3865 1684 3919 Benedictus
1730 3866 1936 3919 Abram

250 3950 358 4004 Deo
405 3952 629 4017 emcelso,
677 3952 775 4019 qui
818 3954 1021 4005 creavit
1053 3953 1240 4005 caelum
1277 3957 1326 4005 et
1358 3957 1589 4017 terram;
1637 3958 1687 4006 et
1719 3953 1934 4006 benedi-

243 4045 358 4093 ctus
388 4039 534 4094 Deus
577 4041 836 4105 emcelsus,
882 4056 987 4108 quo
1016 4046 1323 4109 protegente
1354 4041 1527 4095 hostes
1580 4045 1639 4095 in
1686 4044 1936 4097 manibus

246 4116 354 4182 tuis
401 4134 557 4196 sunt;
605 4133 656 4182 et
685 4128 838 4183 dedit
867 4131 917 4184 ei
961 4129 1194 4183 decimas
1224 4146 1291 4184 ea:
1333 4130 1598 4185 omnibus.
1645 4131 1933 4188 Melchise-

2030 412 2124 460 tur
2173 406 2243 461 sit
2274 405 2573 475 frivolum;
2626 406 2840 477 profert
2868 422 3002 464 vero
3034 423 3238 479 panem
3267 420 3322 467 et
3366 413 3571 466 vinum
3624 423 3731 480 per

2026 494 2441 550 exhibitionem
2509 495 2736 565 piorum
2800 511 3072 568 operum;
3141 498 3425 556 benedicit
3483 499 3728 566 Abram,

2030 596 2328 652 prosperos
2395 584 2609 640 scilicet
2661 582 2898 641 effectus
2959 600 3063 641 suo
3122 586 3304 656 ipsius
3357 589 3557 644 merito
3615 586 3731 643 sibi

2029 670 2137 740 ipsi
2166 671 2384 727 obtinet
2431 672 2678 743 gratiam
2714 688 2726 725 ε
2778 687 2877 743 per
2914 674 3322 731 Melchisedech
3351 676 3505 732 enim
3557 676 3733 732 veni-

2031 766 2128 816 tur
2185 761 2257 816 ad
2307 761 2543 828 Abram,
2604 763 2732 819 licet
2795 764 2853 818 in
2904 777 3087 819 unum
3149 772 3368 832 coeant,
3430 764 3570 835 quia
3628 778 3737 834 per

2031 863 2275 920 regnum
2332 850 2570 922 justitiae
2652 853 2884 908 venitur
2950 854 3022 908 ad
3088 853 3481 909 excellentiam
3549 852 3682 908 vitae
3716 867 3739 913 εκ

2032 937 2337 1006 Proﬁciat,
2410 940 2640 1009 inquit,
2709 940 3066 997 rationalitas
3123 941 3334 998 divinae
3402 941 3734 998 celsitudiui

2030 1028 2388 1093 contuendae,
2425 1043 2556 1098 quae
2594 1031 2812 1086 creavit
2860 1030 2918 1085 in
2970 1031 3091 1101 ipsa
3121 1031 3327 1086 coelum
3376 1029 3732 1099 contempla-

2033 1114 2165 1170 tivze
2229 1117 2539 1185 sapientiae,
2629 1126 2685 1174 et
2752 1128 2963 1175 terram
3031 1120 3273 1176 actualis
3338 1120 3606 1181 scientiae,
3677 1129 3740 1172 et

2032 1203 2335 1274 multiplex
2397 1206 2663 1275 potentize
2725 1208 2825 1263 Dei
2885 1208 3212 1264 sublimitas
3272 1208 3562 1274 laudetur,
3627 1208 3738 1276 qui

2032 1291 2191 1360 vitia,
2248 1308 2379 1363 quae
2437 1295 2641 1350 rationi
2702 1297 2980 1353 hostiliter
3030 1305 3333 1367 praeerant,
3370 1297 3491 1366 juri
3551 1296 3742 1366 ipsius

2032 1380 2409 1452 defringenda
2456 1385 2816 1440 rcsubdidit:
2876 1386 2995 1440 haec
3027 1402 3139 1441 non
3177 1395 3289 1441 tam
3336 1386 3508 1441 verbo
3552 1399 3739 1455 quam

2033 1468 2263 1524 realiter
2323 1469 2474 1526 dicta
2518 1480 2673 1528 sunt.
2728 1473 2834 1529 Dat
2878 1474 3091 1529 Abram
3138 1473 3386 1529 decimas
3437 1471 3743 1529 Melchise-

2035 1557 2177 1613 dech
2235 1573 2308 1614 ex
2375 1560 2663 1629 omnibus,
2722 1578 2854 1618 cum
2914 1563 3033 1634 ipse
3091 1563 3411 1618 intellectus
3448 1561 3556 1618 sibi
3627 1560 3740 1631 ipsi

1966 1640 2004 1693 Β
2036 1647 2445 1716 plenitudinem
2491 1652 2968 1708 remunerationis
3012 1653 3282 1723 acquirit,
3329 1653 3386 1707 in
3433 1652 3592 1708 nullo
3646 1659 3739 1705 te—

2033 1736 2161 1806 pide
2220 1739 2441 1808 agendo
2495 1754 2568 1794 ex
2622 1740 2711 1795 his
2759 1756 2891 1810 quae
2938 1741 3231 1810 superavit
3281 1741 3572 1805 omnibus,
3625 1754 3739 1795 nec

2031 1824 2246 1882 mirum
2290 1826 2361 1882 sit
2393 1828 2606 1898 cuique
2647 1844 2751 1885 nos
2805 1829 2951 1885 idem
2986 1844 3086 1900 per
3135 1829 3543 1885 Melchisedech
3575 1828 3737 1898 quod

2034 1928 2135 1983 per
2170 1915 2387 1971 Abram
2438 1917 2687 1973 voluisse
2734 1918 3009 1988 accipere,
3061 1933 3191 1975 cum
3243 1918 3552 1974 innumera
3598 1916 3742 1972 talia

2033 2003 2398 2072 reperiantur
2446 2005 2506 2060 in
2553 2004 2885 2074 Scripturis,
2923 2006 3238 2076 praesertim
3267 2020 3397 2061 eum
3451 2005 3741 2075 etymolo-

2034 2091 2129 2161 gia
2181 2092 2481 2149 nominum
2532 2094 2782 2151 arrideat
2830 2095 2970 2163 loco,
3018 2102 3071 2151 et
3119 2095 3374 2151 Sodomae
3418 2095 3537 2165 regi
3588 2109 3738 2164 prae-

2034 2179 2225 2247 misso,
2275 2182 2431 2252 quod
2480 2181 2538 2237 in
2570 2183 2913 2253 Apocalypsi
2944 2183 3207 2239 similiter
3236 2182 3329 2251 agi
3370 2191 3593 2239 constat
3638 2196 3743 2252 per

2034 2269 2285 2339 angelos,
2372 2270 2522 2326 idem
2610 2286 2728 2327 uno
2803 2271 2863 2326 in
2933 2272 3056 2328 loco
3120 2271 3529 2342 signiﬁcantes,
3618 2286 3741 2341 quo

2033 2364 2232 2412 contra
2263 2358 2459 2415 eadem
2487 2349 2776 2416 diversum
2809 2360 3060 2431 signant,
3113 2368 3177 2416 ut
3204 2368 3288 2415 est
3320 2375 3332 2413 :
3384 2360 3734 2426 Ηρυιιαὺωιε,

2035 2445 2245 2515 inquit,
2304 2451 2482 2502 sancti
2508 2465 2627 2503 cum
2656 2449 2869 2505 Christo
2924 2451 3069 2504 mille
3098 2452 3277 2503 annis.
3334 2450 3403 2504 Et
3455 2448 3564 2503 sub
3621 2448 3740 2503 alio

2034 2535 2227 2590 statim
2303 2550 2521 2592 sensu:
2574 2539 2887 2606 Postquam,
2964 2539 3062 2606 ait,
3117 2540 3474 2592 consummati
3522 2539 3739 2604 fuerint

2035 2624 2181 2678 mille
2210 2626 2364 2691 anni,
2398 2628 2635 2680 solvetur
2665 2628 2906 2682 Satanas
2938 2630 3133 2697 (Apoc.
3166 2642 3264 2695 xx,
3296 2627 3373 2695 ϐ).

2108 2712 2281 2769 Vsus.
2329 2717 2418 2782 2t,
2467 2718 2556 2781 2'2,
2605 2718 2694 2769 23.
2732 2747 2800 2755 —-
2851 2720 3003 2771 Discit
3029 2722 3207 2771 autem
3237 2732 3335 2770 rem
3377 2714 3736 2772 Sodomorum

2036 2800 2110 2853 ad
2163 2800 2492 2857 Abraham:
2550 2806 2635 2859 Da
2691 2805 2831 2858 mihi
2887 2808 3121 2871 animas,
3189 2811 3381 2859 caetera
3431 2804 3552 2857 tolle
3610 2802 3733 2855 tibi.

2039 2890 2143 2958 Qui
2195 2890 2475 2958 respondit
2524 2894 2617 2945 ei:
2664 2893 2823 2958 Levo,
2886 2893 2984 2959 ait,
3036 2909 3257 2947 manum
3308 2907 3499 2957 meam,
3559 2904 3737 2961 opera

2038 2990 2165 3032 mea
2211 2978 2462 3035 referens
2505 2980 2576 3035 ad
2623 2981 2801 3036 Deum
2840 2995 2955 3036 non
3006 2996 3107 3050 pro
3156 2980 3585 3050 temporalibus,
3638 2977 3738 3034 sed

2037 3073 2266 3136 propter
2347 3067 2536 3137 ipsum
2589 3056 2810 3126 excelse
2870 3069 3293 3139 attingendum,
3359 3068 3461 3139 qui
3525 3066 3738 3123 caelum

2039 3154 2442 3212 rationalitatis
2496 3165 2827 3226 terramque
2893 3156 3319 3212 alTectualitatis
3371 3171 3509 3212 meae
3584 3155 3741 3210 inte-

2041 3242 2164 3298 rius
2233 3236 2484 3313 aspirata
2556 3245 2821 3314 possidet,
2877 3246 3032 3315 quod
3086 3259 3120 3299 a
3183 3245 3273 3301 [ilo
3330 3243 3738 3315 subtegminis,

2037 3338 2136 3386 63
2222 3348 2397 3402 opera
2470 3348 2539 3388 ne
2607 3334 2849 3390 efﬂuant
2915 3334 3157 3390 solidata
3243 3332 3738 3404 constringimus:

2040 3420 2236 3486 (Vens.
2297 3422 2412 3489 24.)
2459 3424 2554 3489 Ne,
2604 3423 2813 3493 inquit,
2865 3422 3062 3478 dicas:
3112 3423 3234 3491 Ego
3276 3423 3457 3478 ditan
3501 3422 3739 3483 Abram,

2041 3523 2112 3563 ne
2169 3510 2379 3566 scilicet
2428 3525 2499 3565 ex
2558 3511 2757 3581 aliqua
2830 3511 3145 3581 hypocrisis
3196 3511 3557 3577 admissione,
3621 3524 3744 3580 qua

2043 3599 2403 3668 potissimum
2453 3599 2695 3656 vitiatur
2774 3600 3032 3667 intentio,
3094 3598 3394 3655 induxisse
3474 3608 3526 3655 te
3597 3599 3740 3654 mihi

2043 3688 2298 3757 gaudeas
2342 3687 2577 3757 spiritus
2633 3688 3005 3757 opulentiam,
3066 3688 3119 3742 id
3157 3695 3240 3744 est
3288 3688 3357 3744 de
3408 3687 3620 3758 peccati
3659 3687 3743 3742 vi-

2043 3776 2223 3832 ctoria
2274 3777 2600 3846 superbiam
2637 3792 2650 3831 :
2682 3777 3057 3847 excipiuntur
3087 3791 3218 3846 quae
3254 3777 3499 3847 juvenes
3545 3789 3742 3830 come-

2043 3864 2209 3932 dunt,
2242 3865 2382 3935 quia
2410 3874 2576 3921 extra
2608 3866 2883 3921 mercedis
2922 3880 3079 3935 spem
3109 3880 3229 3921 esse
3277 3865 3597 3920 timendum
3655 3870 3742 3918 est

2043 3951 2276 4022 cuique,
2329 3953 2483 4022 quod
2530 3952 2880 4009 titillationes
2934 3952 3415 4022 prwsumptionis,
3462 3959 3562 4007 aut
3607 3950 3743 4006 laeti-

2046 4041 2135 4096 tiae
2184 4042 2252 4098 de
2312 4041 2460 4098 bono
2507 4050 2793 4111 proventu
2837 4042 3229 4111 subripientis,
3281 4041 3387 4097 sibi
3434 4040 3741 4110 aliquoties

2047 4130 2288 4186 latenter
2339 4129 2684 4200 abripiunt:
2734 4131 3015 4200 juventus
3044 4144 3180 4185 sane
3226 4144 3327 4199 pro
3370 4128 3645 4198 superbia
3688 4135 3743 4183 et

245 4216 385 4270 dech
440 4217 557 4285 ipse
583 4225 663 4272 est
717 4225 910 4273 noster
945 4217 1283 4284 intellectus,
1321 4219 1421 4289 qui
1453 4219 1592 4290 quia
1641 4235 1741 4276 nos
1783 4221 1934 4290 juste
1976 4240 2018 4294 ι)
2050 4219 2308 4274 fatuitate
2373 4219 2503 4288 poni
2573 4218 2755 4275 solet:
2823 4224 2969 4273 Aner
3040 4225 3231 4273 autem
3297 4223 3347 4272 et
3414 4218 3630 4282 Eschol,
3696 4221 3745 4269 et

247 4305 413 4374 regit,
467 4305 792 4374 appellatur
846 4306 1272 4376 interpretando
1331 4324 1429 4361 rem
1481 4309 1687 4377 justus,
1742 4311 1936 4379 juxta,

247 4393 401 4462 quod
445 4392 818 4451 Samaritana:
851 4395 1104 4450 dicitur:
1168 4398 1305 4451 Voca
1337 4399 1509 4450 virum
1556 4403 1707 4452 tuum
1756 4400 1934 4468 (Joan.

247 4497 324 4545 ιν,
373 4484 491 4551 l6);
529 4482 625 4537 sed
675 4483 815 4552 quia
864 4483 1119 4553 tepidum
1165 4485 1243 4540 nil
1294 4485 1407 4541 Deo
1452 4486 1655 4555 placet,
1706 4488 1940 4543 additur

247 4569 453 4638 Salem,
513 4572 668 4641 quod
719 4579 802 4628 est
845 4574 1095 4643 perfecta
1141 4581 1195 4630 et
1241 4583 1660 4640 consummata,
1711 4585 1773 4631 ut
1806 4592 1939 4633 cum

247 4659 319 4715 sit
372 4675 473 4717 rex
515 4661 754 4731 justitiae
812 4662 919 4733 ipsi
973 4663 1200 4719 studeat
1253 4663 1532 4720 inhaerere
1578 4665 1840 4735 perfecte.
1889 4666 1943 4722 Is

248 4749 625 4807 Sodomorum
679 4766 812 4821 rege
879 4752 1142 4820 remissa;
1196 4762 1249 4808 et
1301 4753 1578 4825 languida
1644 4756 1940 4822 suadente,

251 4838 463 4907 profert
494 4856 691 4909 panem
728 4841 911 4897 divini
939 4840 1152 4911 eloquii
1183 4856 1280 4897 cor
1309 4842 1560 4898 hominis
1585 4844 1943 4898 conﬁrman-

251 4936 383 4996 tem,
412 4934 466 4983 et
512 4931 699 4983 vinum
728 4928 1046 4998 spiritualis
1091 4930 1290 5000 gratiae
1321 4945 1356 4985 a
1386 4930 1670 4987 mundiali
1718 4931 1944 5001 negotio
1994 4946 2001 4951 θ

251 5024 524 5085 perpetua
589 5017 876 5074 oblivione
947 5033 1049 5075 nos
1111 5020 1409 5091 debrians;
1473 5020 1587 5077 tale
1643 5027 1727 5075 est
1791 5018 1945 5075 enim

2054 4310 2318 4375 Mambre,
2383 4308 2486 4378 qui
2551 4308 2851 4363 nobiscum
2935 4307 3197 4373 veniunt,
3253 4316 3442 4377 partes
3506 4306 3741 4372 habent,

2051 4398 2191 4468 qula
2245 4397 2394 4453 inter
2424 4397 2592 4463 bona,
2645 4411 2777 4466 quae
2805 4410 2877 4450 ex
2930 4398 3041 4451 Deo
3071 4395 3415 4466 accepimus,
3465 4409 3539 4451 ex
3583 4403 3748 4465 parte

2052 4495 2245 4542 nostra
2277 4486 2542 4555 quaedam
2592 4485 2853 4555 improba
2892 4485 3302 4554 admiscemus;
3352 4490 3574 4555 partem
3605 4498 3745 4555 ergo

2053 4574 2231 4632 nostri
2276 4575 2588 4645 accipiunt,
2637 4589 2767 4629 cum
2803 4574 2912 4644 piae
2946 4582 3149 4629 nostrae
3183 4581 3397 4629 mentes
3443 4586 3551 4628 sua
3605 4573 3659 4627 in
3692 4587 3750 4629 se

2052 4664 2443 4720 additamenta
2472 4662 2740 4732 puniunt.
2771 4661 2915 4717 Cum
2951 4661 3101 4717 bona
3143 4674 3215 4715 ex
3248 4661 3360 4715 Deo
3391 4660 3525 4727 sint,
3560 4668 3751 4730 partes

2056 4754 2327 4809 humanae
2358 4750 2713 4807 admistionis
2743 4750 2896 4822 igne,
2926 4757 2981 4806 et
3026 4748 3246 4805 lumine
3282 4748 3480 4805 divino
3520 4748 3749 4805 lustrati

2055 4841 2391 4911 accipimus,
2475 4839 2531 4894 id
2595 4845 2680 4894 est
2743 4837 2873 4894 forti
2948 4837 3301 4893 continentia
3369 4837 3749 4906 corripimus;

2057 4928 2344 5001 quidquid
2374 4928 2529 4984 enim
2556 4942 2629 4983 ex
2661 4934 2821 4996 parte
2851 4934 3048 4983 nostra
3077 4933 3179 4993 est,
3214 4932 3511 4995 peccatum
3536 4932 3643 4981 est.

1535 5227 1836 5268 EXPLICIT
1881 5226 2076 5268 LIBER
2118 5225 2432 5278 QUARTUS
2444 5253 2456 5266 .
