3902 6054
196 206 297 256 1‘29

1408 212 1772 271 MORAIJUM
1815 213 1884 271 IN
1923 214 2219 276 GENESIN
2263 218 2398 275 LIB.
2440 218 2502 274 V.

3614 232 3712 283 I30

1866 451 2215 458 —_———_—_—

1366 635 1721 709 INCIPIT
1777 637 2062 711 LIBER
2118 637 2540 724 QUINTUS

959 851 1816 960 MORALIUM
1924 857 2086 961 IN
2204 858 2924 967 GENESIM.

256 1381 388 1438 Sico
417 1382 699 1453 quosdam
735 1397 851 1438 non
887 1382 1072 1454 requis
1120 1382 1302 1439 oculis
1328 1398 1395 1440 ea
1426 1400 1556 1455 quae
1600 1386 1884 1441 dictamus
1919 1388 1965 1440 A
1996 1387 2382 1452 hrereditatem
2406 1396 2681 1458 nostram,
2710 1391 2945 1459 praemia
2975 1392 3187 1448 scilicet
3217 1408 3347 1464 qnze
3378 1411 3686 1465 meremur,

182 1471 508 1538 attendere,
552 1478 607 1527 et
637 1471 706 1528 de
736 1486 933 1529 rerum
964 1486 1247 1529 novarum
1289 1472 1681 1530 molitionibus
1725 1489 1887 1530 coar-

180 1566 377 1630 gutos,
410 1559 493 1637 ad
521 1559 730 1615 vitium
762 1575 893 1631 quae
924 1561 1013 1631 pie
1043 1562 1299 1631 gerimus
1344 1562 1749 1633 intorquendo,
1784 1578 1887 1617 nos

178 1649 289 1703 etsi
338 1649 586 1705 latenter
631 1657 818 1705 tamen
860 1650 1228 1706 mordacibus
1282 1652 1541 1706 susurris
1593 1651 1886 1720 impetere.

174 1737 415 1793 Novum
461 1738 632 1808 plane
665 1746 748 1794 est
781 1739 933 1808 quod
965 1739 1253 1806 cudimus,
1296 1739 1355 1794 in
1399 1737 1561 1795 nullo
1591 1739 1801 1795 dissoni
1854 1753 1888 1795 a

174 1826 498 1893 veteribus,
560 1832 663 1881 aut
722 1826 850 1893 ﬁde,
902 1834 1003 1882 aut
1042 1828 1320 1892 sensibus,
1381 1828 1522 1897 quia
1565 1828 1883 1883 secundum

176 1914 317 1969 novi
371 1914 630 1969 mandati
660 1914 995 1971 charitatem
1032 1916 1281 1986 agimus,
1317 1916 1445 1972 etsi
1477 1916 1550 1972 ab
1591 1916 1887 1986 aliquibus

173 2003 464 2071 rodimur,
500 2019 632 2059 cum
673 2004 763 2059 his
795 2019 942 2075 quos
970 2014 1191 2061 veteres
1219 2014 1274 2061 et
1303 2006 1571 2075 antiquos
1611 2006 1883 2073 vocitant,

170 2092 591 2161 mquanimiter
644 2092 767 2147 rodi
798 2108 901 2148 nos
947 2094 1220 2163 patimur.
1273 2094 1427 2149 Idem
1470 2095 1718 2163 profecto
1766 2094 1887 2150 suis

171 2179 500 2234 toleravere
551 2181 927 2250 temporibus,
973 2181 1126 2236 unde
1171 2189 1225 2237 et
1281 2196 1384 2237 nos
1422 2183 1663 2238 scientes
1712 2183 1886 2253 juxta

172 2267 527 2336 Apostolum
574 2269 653 2336 (ΙΙ
691 2270 809 2325 Cor.
868 2284 906 2334 I,
955 2272 1009 2335 6)
1053 2269 1311 2325 eamdem
1360 2269 1691 2339 passionum
1748 2269 1883 2325 tole-

172 2355 429 2410 rantiam
484 2356 558 2419 ei,
600 2372 731 2427 quae
781 2357 838 2411 in
880 2357 1098 2412 mundo
1129 2365 1231 2424 est,
1283 2365 1493 2413 nostrae
1541 2357 1883 2413 fraternitati

172 2443 324 2501 fieri.
360 2458 435 2499 ex
468 2445 583 2501 Deo
611 2445 851 2502 tutiores
880 2453 1066 2516 coepta
1099 2445 1524 2516 prosequimur.

833 2541 1067 2599 CAPUT
1107 2543 1230 2600 XV.

248 2631 429 2689 Vnus.
492 2635 540 2685 1.
606 2661 668 2672 -
722 2632 923 2686 Factus
970 2637 1049 2686 est
1094 2647 1266 2687 sermo
1300 2634 1512 2687 Domini
1556 2633 1631 2687 ad
1673 2634 1879 2689 Abram

167 2736 277 2789 per
302 2723 563 2774 visionem
597 2720 818 2775 dicens:
873 2721 1003 2776 Noli
1043 2723 1245 2786 timere,
1301 2721 1530 2789 Abram,
1564 2737 1657 2787 ego
1696 2727 1880 2791 prote-

166 2814 289 2862 ctor
321 2814 448 2861 tuus
491 2823 631 2875 sum,
669 2813 720 2861 et
748 2824 945 2862 merces
978 2812 1072 2862 tua
1104 2826 1303 2878 magna
1339 2811 1524 2864 nimis.
1571 2809 1880 2879 Postquam

168 2904 416 2965 paterne
491 2897 774 2953 internam
849 2897 1148 2965 familiam,
1232 2898 1605 2969 cogitationes
1670 2898 1881 2955 scilicet

166 2998 334 3051 suas,
386 3000 501 3040 non
542 2985 744 3041 timore
790 2986 981 3042 servili
1035 2986 1337 3057 religiosus
1384 2988 1635 3058 quisque
1685 3002 1881 3058 regere

165 3073 434 3142 cceperit,
485 3075 751 3130 excelsus
800 3074 934 3144 jure
980 3074 1212 3143 dicitur,
1254 3075 1358 3146 qui
1401 3076 1471 3130 ad
1506 3076 1651 3133 bene
1697 3089 1880 3146 agen-

166 3163 312 3217 dum
363 3177 480 3218 non
526 3170 753 3219 terreno
782 3164 1015 3229 damno,
1066 3172 1167 3220 aut
1197 3164 1514 3231 commodo,
1564 3172 1665 3221 aut
1708 3166 1877 3222 etiam

165 3252 463 3320 gehenna,
490 3252 584 3307 sed
614 3251 824 3308 caelesti
856 3251 1094 3322 praemio
1120 3251 1355 3308 ducitur
1385 3267 1399 3306 :
1434 3251 1524 3308 isti
1554 3267 1690 3324 ergo
1731 3260 1881 3324 post-

165 3354 351 3409 quam
400 3341 755 3410 temporalia,
800 3355 931 3411 quae
964 3347 1216 3411 quatuor
1263 3341 1573 3412 signantur
1622 3342 1874 3412 regibus.

163 3437 373 3485 contra
423 3431 687 3500 quinque
732 3437 956 3485 nostros
1002 3443 1176 3485 sensu
1225 3429 1364 3485 alios
1408 3429 1671 3486 videlicet
1715 3445 1878 3512 reges

166 3517 445 3573 bellantia
501 3521 859 3588 percusserit,
924 3525 980 3574 et
1037 3518 1306 3582 decimas,
1370 3518 1426 3573 id
1481 3526 1566 3574 est
1622 3518 1875 3575 victorian

164 3606 577 3675 perfectionem
655 3607 776 3677 regi
842 3607 998 3677 pacis
1069 3607 1502 3673 Melchisedech,
1581 3622 1696 3664 non
1768 3608 1873 3663 sibi

162 3694 518 3762 attribuerit,
582 3694 738 3760 huic,
790 3695 1056 3765 inquam,
1103 3694 1256 3750 Patri
1307 3708 1440 3750 vere
1480 3696 1723 3764 excelso,
1775 3712 1876 3766 per

162 3783 473 3848 visionem,
529 3783 585 3839 id
629 3791 714 3839 est
744 3783 913 3839 corde
938 3782 1226 3853 vigilanti,
1258 3783 1352 3838 sed
1383 3797 1619 3852 corpore
1649 3799 1683 3839 a
1716 3786 1874 3840 curis

162 3871 494 3926 forensibus
560 3871 853 3941 consopito
907 3871 1147 3941 inspirat
1204 3872 1383 3940 Deus;
1445 3872 1660 3928 Abram
1718 3874 1869 3930 enim

1996 1483 2291 1544 asportat:
2334 1476 2489 1532 illius
2533 1490 2666 1547 opes
2708 1486 3016 1548 assumpta
3052 1495 3149 1550 per
3182 1482 3360 1538 lilium
3407 1499 3690 1554 procura-

1995 1564 2152 1629 toris,
2189 1564 2241 1619 id
2272 1570 2357 1620 est
2393 1574 2493 1633 per
2534 1579 2707 1634 opera
2738 1567 3026 1636 appetitus
3057 1568 3303 1636 fuerant,
3348 1573 3439 1627 cui
3475 1573 3690 1629 dictum

1993 1659 2118 1706 est:
2167 1654 2438 1722 Recepisti
2481 1654 2618 1708 bona
2665 1659 2724 1709 in
2760 1658 2876 1710 vita
2918 1662 3013 1711 tua
3064 1659 3208 1718 (Luc.
3243 1675 3359 1725 XVI,
3408 1663 3525 1730 23);
3573 1663 3693 1717 Da-

1994 1749 2223 1794 mascus
2278 1753 2532 1811 namque
2593 1742 2935 1813 sanguinem
2990 1744 3192 1800 bibens
3248 1747 3333 1802 vel
3388 1750 3692 1819 sanguinis

1991 1826 2196 1883 oculus
2248 1828 2477 1884 dicitur.
2534 1831 2643 1887 Iste
2690 1839 2772 1886 est
2828 1847 3001 1902 quem
3066 1834 3344 1890 Dominus
3398 1838 3686 1895 sinistram

1992 1923 2158 1970 vocat
2209 1918 2432 1983 (Matth.
2474 1933 2550 1984 v1,
2600 1919 2674 1989 3),
2707 1934 2741 1975 a
2786 1935 2902 1991 quo
2934 1935 3136 1978 cavere
3161 1922 3400 1993 jubetur
3432 1926 3687 1998 dextera,

1991 2003 2091 2073 qui
2118 2004 2259 2060 bibit
2280 2004 2664 2075 iniquitatem,
2691 2008 2745 2063 id
2771 2018 2854 2064 est
2875 2011 3239 2079 sanguinem,
3265 2015 3429 2083 quasi
3452 2029 3689 2087 aquam,

1991 2099 2045 2147 et
2073 2093 2328 2159 oculum,
2364 2095 2419 2149 id
2447 2103 2529 2150 est
2563 2098 2956 2164 intentionem,
2981 2099 3151 2155 habet
3181 2101 3250 2155 ad
3286 2111 3517 2171 peccata
3553 2119 3691 2174 pro-

1991 2181 2228 2237 clivem:
2263 2182 2477 2239 Eliezer
2505 2191 2694 2240 autem
2730 2186 2881 2242 Deus
2911 2202 3074 2242 meus
3106 2189 3354 2259 adjutor,
3387 2207 3501 2247 non
3534 2194 3689 2263 quod

1992 2270 2306 2327 Damascus
2362 2273 2420 2327 in
2450 2273 2735 2344 adjutorio
2765 2275 3044 2332 Altissimi
3073 2288 3476 2349 commoretur,
3522 2290 3587 2338 ut
3630 2283 3689 2338 in

1992 2358 2185 2413 anima
2225 2359 2502 2425 salvetur,
2543 2362 2641 2416 sed
2691 2364 2846 2433 quod
2891 2371 2989 2419 64
3039 2366 3220 2422 Deum
3265 2368 3587 2439 adjutorem
3629 2372 3688 2426 in

1991 2445 2125 2500 solis
2167 2445 2276 2501 sibi
2323 2449 2716 2518 corporalibus
2746 2451 3103 2521 deprecetur,
3137 2455 3293 2510 unde
3321 2463 3405 2511 est
3441 2470 3453 2510 :
3500 2457 3688 2512 Oratio

1991 2534 2107 2601 ejus
2162 2523 2266 2604 ﬁat
2319 2538 2377 2589 in
2426 2543 2704 2606 peccatum
2756 2539 2928 2607 (Psal.
2969 2543 3146 2607 CVIII),
3200 2540 3253 2596 id
3306 2548 3391 2598 est
3420 2550 3539 2598 oret
3585 2558 3687 2613 pro

1992 2623 2406 2692 temporalibus
2434 2626 2639 2681 solum.
2676 2627 2747 2683 Et
2780 2641 2792 2681 :
2837 2629 3201 2695 Conﬁtebitur
3230 2631 3351 2699 tibi,
3384 2647 3501 2685 cum
3529 2633 3689 2686 bene-

1924 2692 1962 2745 Β
1989 2712 2183 2776 feceris
2225 2715 2276 2765 ei
2320 2714 2484 2783 (Psal.
2533 2729 2726 2782 XLVIII,
2778 2718 2887 2783 19).
2934 2692 3297 2774 Veruaculus
3326 2692 3537 2790 quippe
3581 2730 3683 2788 est,

1990 2814 2104 2854 non
2153 2800 2389 2857 domum
2441 2810 2712 2871 expetens
2758 2812 3106 2868 manentem,
3157 2807 3253 2862 sed
3305 2809 3687 2877 quantulam-

1987 2902 2220 2958 cunque
2268 2890 2658 2959 temporaliter
2710 2893 3044 2960 mercedem,
3086 2908 3193 2949 nec
3224 2895 3555 2963 Dominum,
3588 2897 3685 2953 sed

1988 2975 2215 3031 Domini
2248 2978 2664 3034 munusculum
2711 2987 2894 3046 amat;
2940 2981 3085 3036 nihil
3116 2990 3307 3038 autem
3338 2998 3454 3039 non
3484 2984 3685 3040 dedisti

1986 3077 2201 3130 semen,
2244 3064 2403 3134 quia,
2436 3066 2652 3121 carnali
2687 3081 2811 3123 meo
2846 3068 3103 3137 appetitu
3134 3077 3345 3126 terram
3378 3071 3681 3141 lambente,

1985 3151 2221 3222 dignam
2264 3160 2480 3209 aeterna
2527 3155 2785 3210 mercede
2830 3155 2889 3210 in
2936 3170 3024 3212 me
3069 3171 3184 3212 non
3235 3159 3455 3228 reperio
3500 3161 3683 3217 actio-

1985 3254 2138 3295 nem.

2061 3337 2228 3392 Vens.
2258 3338 2312 3404 4,
2346 3342 2397 3391 5.
2428 3366 2501 3379 —
2538 3340 2657 3393 Non
2686 3342 2810 3407 erit,
2845 3339 3034 3411 inquit
3063 3342 3362 3409 Dominus,
3398 3345 3485 3398 hic
3516 3345 3681 3400 heres

1985 3428 2129 3491 tuus,
2180 3426 2275 3480 sed
2311 3429 2409 3495 qui
2453 3427 2760 3494 egredietur
2802 3428 2867 3482 de
2910 3434 3059 3484 utero
3107 3436 3197 3487 tuo
3228 3434 3408 3501 ipsum
3458 3434 3679 3490 habebis

1984 3514 2263 3568 haeredem.
2314 3515 2631 3585 Edumitque
2681 3532 2799 3571 eum
2839 3520 2993 3584 foras
3040 3524 3092 3573 et
3138 3523 3218 3574 ait
3263 3520 3399 3575 illi:
3458 3523 3681 3592 Suscipe

1981 3604 2171 3657 calum
2220 3608 2270 3657 et
2328 3619 2552 3657 numera
2597 3606 2801 3670 stellas,
2864 3608 2916 3660 si
2968 3612 3137 3675 potes.
3181 3608 3270 3663 Sic
3329 3612 3434 3663 erit
3504 3625 3679 3665 semen

1984 3695 2153 3744 tuum.
2201 3691 2306 3746 Per
2338 3699 2568 3747 uterum
2611 3694 2971 3749 secretiorem
3021 3696 3201 3751 nostri
3234 3697 3523 3752 interioris
3565 3699 3676 3754 ho-

1983 3778 2153 3833 minis
2228 3784 2471 3848 partem,
2546 3779 2991 3835 rationalitatem
3063 3782 3339 3839 debemus
3397 3785 3673 3855 accipere,

1980 3876 2158 3933 quam
2200 3872 2470 3934 provocat
2519 3865 2699 3921 David
2736 3881 2748 3920 :
2799 3867 3015 3935 Omnia,
3061 3869 3158 3935 ait,
3229 3872 3493 3926 interiora
3537 3889 3673 3938 mea,

159 3960 386 4014 dicitur
413 3966 575 4029 pater
598 3960 881 4016 excelsus.
914 3960 1037 4016 Noli
1070 3959 1285 4021 timere,
1320 3960 1531 4030 inquit,
1568 3961 1700 4030 quia

2134 3953 2272 4007 licite
2319 3956 2548 4008 Domino
2593 3955 2762 4023 (Psal.
2825 3970 2920 4022 cu,
2986 3960 3066 4025 l);
3115 3966 3170 4015 et
3216 3959 3397 4015 alibi:
3460 3963 3519 4015 In
3558 3964 3675 4016 vita

158 4048 216 4102 in
290 4048 450 4103 omni
514 4061 613 4103 ero
665 4048 972 4104 tentatione
1035 4055 1337 4117 protector,
1396 4062 1467 4102 ne
1522 4047 1753 4112 labaris,
1815 4055 1870 4104 et

160 4149 380 4207 magna
406 4150 622 4192 merces
651 4136 709 4192 in
737 4135 958 4206 praemii
990 4135 1293 4208 largitione
1323 4136 1624 4205 reponitur
1653 4136 1773 4191 tibi.
1798 4165 1870 4178 —

160 4226 361 4293 (VI-ms.
410 4224 486 4294 2.)
517 4228 778 4295 Dixitque
799 4225 1011 4280 Abram
1045 4240 1057 4280 :
1093 4227 1313 4280 Domine
1350 4227 1510 4291 Deus,
1544 4225 1681 4294 quid
1709 4225 1867 4279 dabis

159 4313 349 4367 mihi?
377 4310 523 4378 Quid
554 4312 777 4382 praemii
822 4313 965 4369 mihi
1005 4312 1307 4383 polliceris,
1343 4312 1442 4382 qui
1476 4325 1683 4368 causas
1714 4326 1867 4381 pra:-

161 4399 439 4468 miorum,
496 4401 647 4456 bona
699 4401 913 4457 scilicet
970 4414 1145 4471 opera
1208 4415 1388 4471 negas
1444 4399 1625 4456 mihi?
1676 4400 1863 4456 Sancti

158 4489 273 4543 viri
311 4503 433 4558 quo
480 4490 664 4559 magis
709 4504 766 4546 se
805 4490 1131 4555 attendunt,
1181 4504 1247 4543 eo
1277 4504 1336 4545 se
1376 4490 1434 4545 in
1476 4489 1597 4546 suis
1642 4489 1866 4545 actibus

159 4573 548 4643 vilipcndunt.
586 4579 702 4645 Ego
739 4578 939 4632 vadum
981 4578 1182 4647 absque
1230 4579 1435 4643 liberis,
1477 4578 1530 4633 id
1579 4585 1663 4634 est
1701 4577 1864 4633 nulla

161 4661 329 4717 herili
389 4663 697 4720 stabilitate
762 4680 924 4721 mens
971 4680 1098 4722 mea
1171 4667 1447 4733 consistit,
1506 4667 1600 4722 sed
1670 4666 1863 4722 servili

156 4749 500 4820 evagatione
538 4753 832 4823 discurrit,
879 4769 985 4810 nec
1016 4755 1088 4810 ad
1121 4755 1437 4811 libertatem
1474 4755 1711 4825 justitiae
1760 4769 1862 4810 seu

158 4840 324 4909 regni
387 4839 594 4897 liberos
649 4850 926 4912 procreat,
984 4844 1080 4899 sed
1141 4844 1213 4900 ad
1264 4844 1475 4915 jugum
1533 4843 1742 4899 diaboli
1796 4857 1863 4899 ac

156 4927 354 4983 saeculi
379 4942 572 4999 opera,
607 4945 738 5000 quae
765 4937 901 4986 sunt
931 4930 1052 4995 filii,
1087 4932 1375 4988 servitura
1407 4937 1705 5002 propagat.

230 5015 406 5071 Vens.
456 5020 507 5070 3.
538 5046 612 5059 —
651 5019 823 5071 Filius
865 5021 1242 5085 procuratoris
1284 5020 1390 5072 mei
1417 5021 1518 5072 iste
1564 5021 1859 5072 Damascus

156 5104 370 5158 Eliezer
412 5104 582 5159 haeres
617 5120 764 5160 meus
812 5108 933 5173 erit,
984 5108 1305 5161 vernaculus
1352 5121 1535 5160 meus:
1570 5106 1710 5160 mihi
1753 5123 1858 5160 au-

157 5198 259 5245 tem
286 5207 465 5246 semen
495 5208 600 5247 non
625 5193 845 5248 dedisti.
880 5193 1225 5251 Procurator
1244 5194 1473 5263 dicitur,
1508 5195 1662 5266 quod
1690 5209 1858 5264 porro

1974 4057 2074 4095 sua
2104 4042 2335 4111 projecit
2366 4044 2561 4097 intima
2607 4059 2709 4098 sua
2755 4046 2944 4115 (Eccli.
2977 4060 3033 4113 x,
3089 4047 3196 4115 l0).
3242 4047 3346 4114 Qui
3377 4062 3514 4119 ergo
3559 4065 3672 4105 non

1974 4130 2043 4186 de
2096 4130 2465 4187 sensualitate
2501 4145 2666 4201 vaga.
2709 4133 2803 4189 sed
2852 4134 2920 4188 de
2967 4133 3222 4190 interiori
3268 4150 3334 4190 ac
3390 4138 3672 4208 superiori

1974 4226 2169 4274 nostra
2200 4219 2443 4274 essentia
2472 4219 2933 4277 intellectualiter
2962 4223 3247 4278 emittitur
3275 4232 3457 4290 actus,
3507 4227 3555 4279 is
3584 4235 3671 4282 est

1975 4306 2155 4363 haeres
2188 4314 2395 4374 noster,
2437 4308 2480 4363 si
2511 4308 2801 4376 volumus,
2851 4310 2992 4380 quia
3034 4311 3103 4366 ad
3142 4311 3332 4381 ipsum
3376 4313 3478 4383 qui
3510 4315 3671 4385 origo

1976 4396 2154 4466 ipsius
2198 4404 2301 4459 est,
2336 4397 2761 4466 quodammodo
2803 4398 2956 4463 boni,
3009 4399 3056 4455 si
3104 4408 3257 4456 caste
3289 4400 3408 4470 fiat,
3454 4412 3671 4472 spectat

1974 4484 2275 4540 retributio
2308 4485 2471 4555 boni;
2506 4485 2555 4540 is
2584 4486 2737 4541 enim
2773 4486 2996 4543 fructus
3027 4496 3151 4557 post
3180 4497 3420 4545 mortem
3456 4499 3666 4547 restat:

1969 4571 2162 4627 educit
2188 4586 2290 4628 nos
2320 4573 2473 4629 Deus
2504 4574 2675 4640 foras,
2712 4588 2843 4630 cum
2878 4576 3227 4645 speculando
3257 4576 3392 4633 facit
3418 4592 3521 4633 nos
3550 4593 3670 4635 car-

1969 4660 2058 4715 nis
2082 4660 2355 4717 excedere
2385 4662 2685 4733 angustias
2717 4678 2730 4716 :
2764 4664 3113 4733 suscipimus
3144 4665 3374 4730 caelum,
3403 4680 3532 4722 cum
3565 4669 3667 4723 etsi

1968 4760 2086 4801 non
2114 4747 2503 4816 pervidemus,
2535 4748 2950 4819 aliquantisper
2974 4757 3165 4807 tamen
3198 4753 3579 4809 scintillamus
3607 4754 3666 4808 in

1968 4836 2150 4891 Deum
2184 4850 2196 4889 :
2239 4835 2431 4891 stellas
2473 4837 2844 4905 attendimus,
2895 4852 3026 4893 cum
3060 4839 3117 4893 in
3168 4839 3288 4909 ipso
3317 4841 3527 4910 positas
3571 4841 3666 4897 in-

1966 4923 2419 4981 numerabilium
2470 4933 2800 4982 sanctorum
2873 4926 3279 4983 retributiones
3334 4943 3661 4998 pensamus.

1965 5012 2184 5069 Caelum
2226 5020 2421 5069 autem
2450 5014 2645 5069 vocari
2691 5015 2874 5071 Deum
2904 5015 3104 5070 creber
3135 5015 3191 5070 in
3240 5017 3475 5085 psalmis
3524 5032 3667 5074 usus

1965 5109 2068 5170 est,
2117 5108 2183 5157 ut
2214 5109 2341 5158 est:
2384 5103 2593 5157 Caelum
2622 5104 2745 5159 σωιί
2770 5105 2995 5157 Domino
3052 5103 3225 5174 (Psal.
3270 5118 3402 5173 cxtt,
3450 5107 3557 5177 l6).
3594 5108 3660 5163 In

1965 5190 2072 5245 hoc
2102 5189 2300 5261 itaque
2329 5198 2527 5247 nostra
2557 5190 2674 5247 ﬁxa
2703 5198 2840 5246 sunt
2861 5193 3116 5260 praemia,
3146 5207 3279 5262 qum
3307 5193 3411 5249 etsi
3436 5208 3471 5248 a
3501 5196 3667 5251 nobis

156 5288 336 5347 curet,
385 5280 440 5336 id
472 5289 557 5337 est
584 5284 858 5349 exterius,
899 5296 1029 5338 cum
1065 5283 1305 5339 Domino
1331 5284 1569 5339 attineat
1616 5281 1859 5354 grandia
1900 5288 1940 5340 ι)
1971 5279 2168 5348 Procul
2218 5279 2349 5335 inde
2383 5280 2710 5351 jacentibus
2774 5287 3073 5349 putantur,
3116 5280 3354 5337 forsitan
3402 5283 3662 5351 minima,

156 5382 407 5439 qumque
453 5381 658 5424 curare
706 5368 968 5436 interius,
1017 5371 1303 5440 appetitus
1333 5384 1469 5442 ergo
1497 5370 1705 5437 carnis,
1755 5370 1856 5440 qui

156 5457 444 5513 exteriora
494 5466 766 5527 procurat
794 5464 849 5513 et
887 5457 1041 5513 ﬁlius
1085 5459 1211 5528 ejus
1250 5473 1395 5529 opus
1424 5459 1550 5530 ejus
1596 5466 1698 5525 est,
1752 5458 1854 5528 qui

1966 5367 2049 5424 uti
2080 5367 2424 5439 parvissima
2468 5368 2806 5434 creduntur,
2839 5381 2973 5423 cum
3005 5370 3262 5425 maxima
3308 5370 3423 5426 sint
3452 5371 3661 5437 sidera,

1914 5502 1923 5509 .
1965 5472 2069 5513 nec
2118 5458 2431 5522 numerari,
2475 5472 2579 5512 nec
2625 5456 3029 5527 comprehendi
3075 5458 3269 5515 valent
3321 5474 3496 5530 quam
3551 5461 3665 5517 sint
