3884 6068
228 147 316 199 131
1074 143 1141 196 V.

1205 142 1534 197 GUIBERTI
1594 142 1885 197 ABBATIS
1931 143 1984 195 S.
2046 142 2282 198 ΜΑΒῙτΕ
2342 141 2431 198 DE

2492 140 2880 198 NOVIGENTO
3626 143 3733 194 i3?

220 282 509 353 praecipua
541 295 554 335 :
586 282 662 335 sic
689 282 794 334 erit
816 295 987 334 semen
1018 284 1191 345 tuum,
1222 279 1276 334 id
1306 285 1389 334 est
1417 292 1428 332 :
1464 276 1580 333 Etsi
1611 277 1805 334 videas
1831 277 1901 333 ad
1943 278 1989 334 A
2021 292 2196 348 quam
2229 280 2434 335 melius
2467 278 2528 335 fit
2559 292 2733 350 quam
2767 278 3047 335 divisione
3078 278 3193 346 illa,
3225 292 3330 334 nec
3359 286 3550 334 tamen
3585 279 3732 334 irri-

221 371 456 440 plenum
496 376 782 441 quantum
817 367 1060 432 labores,
1096 366 1288 422 videre
1319 366 1479 421 nullo
1512 366 1680 421 modo
1710 369 1919 437 poteris

222 459 279 513 in
311 458 575 529 praesenti
628 457 770 527 quid
805 458 860 511 in
903 456 1097 511 futuro
1129 454 1380 524 recipies.
1420 455 1487 509 Et
1519 461 1582 509 ut
1611 462 1765 509 certo
1797 455 1918 509 hzec

221 552 431 615 teneas,
458 546 639 602 recole
666 545 804 616 quia
825 574 892 585 —
914 545 1102 610 (Vsus.
1126 544 1183 614 '7)
1208 559 1301 611 ego
1326 544 1606 607 Dominus,
1634 545 1733 613 qui
1750 543 1919 597 θάηωί

224 641 274 691 te
317 635 383 689 de
435 637 510 691 Ur
542 634 938 700 Chaldaeorum,
984 636 1044 686 ut
1095 632 1281 686 darem
1333 632 1437 685 tibi
1482 637 1682 685 terram
1731 634 1912 697 istam,

220 728 270 777 et
311 722 613 794 possideres
658 737 794 775 eam.
852 721 931 776 Ur
986 719 1156 790 ignis,
1204 720 1454 776 Chaldzei
1494 720 1663 790 quasi
1711 719 1912 779 ubera.

220 811 386 882 quasi
439 810 563 877 feri,
613 809 779 879 quasi
811 808 1117 863 daemones.
1176 808 1255 862 De
1305 808 1437 878 igne
1474 807 1671 877 igitur,
1724 807 1776 862 id
1834 814 1918 863 est

218 908 361 955 testu
406 898 733 964 libidinum,
768 896 987 967 quibus
1016 909 1119 950 rex
1148 895 1453 965 Babylonis
1484 903 1743 952 nostrum
1775 911 1916 952 con-

218 994 307 1042 tra
358 1001 419 1041 se
474 985 832 1056 decoquebat
876 984 1149 1055 rigorem,
1209 984 1458 1053 primum
1507 985 1673 1055 quasi
1735 984 1917 1041 ubera

217 1074 621 1146 suggestionis,
653 1075 887 1130 demum
930 1073 1208 1129 feritatem
1251 1072 1660 1140 delectationis,
1714 1073 1785 1128 ad
1833 1073 1918 1128 ul-

216 1165 421 1221 timum
474 1163 660 1234 quasi,
696 1163 750 1218 id
781 1170 864 1218 est
913 1176 1048 1217 vere
1075 1162 1446 1218 daamonicam
1483 1161 1696 1217 rabiem
1729 1162 1917 1231 operis

215 1260 270 1309 et
309 1252 742 1308 consuetudinis
774 1250 1042 1319 inferens,
1077 1265 1182 1306 nos
1211 1251 1363 1307 Deus
1390 1250 1559 1317 eruit,
1592 1257 1646 1305 et
1675 1257 1908 1318 terram,

216 1348 501 1397 terrenam
528 1341 742 1395 scilicet
767 1338 1121 1394 voluntatem
1152 1339 1316 1394 nobis
1336 1338 1706 1394 excolendam
1736 1352 1911 1393 evan-

217 1431 394 1501 gelico
441 1438 632 1484 aratro
678 1427 951 1497 injunxit,
984 1436 1039 1482 et
1071 1436 1134 1483 ut
1167 1442 1298 1482 cum
1345 1426 1581 1483 mitibus
1612 1428 1669 1482 in
1720 1427 1913 1483 futuro

216 1518 624 1588 impassibilem
717 1530 843 1572 eam
929 1516 1348 1586 possideremus
1425 1530 1655 1586 sperare
1735 1516 1906 1572 etiam

209 1606 399 1677 jussit.

285 1695 457 1751 Vsus.
487 1693 543 1749 8.
583 1724 651 1733 ——
698 1693 774 1747 At
806 1694 895 1747 ille
925 1709 936 1746 :
983 1696 1196 1748 Domine
1228 1694 1390 1760 Deus,
1423 1693 1565 1746 unde
1593 1696 1730 1747 scire
1771 1708 1905 1763 pos-

212 1798 331 1838 sum
362 1782 507 1852 quod
533 1797 876 1852 possessurus
913 1784 1016 1837 sim
1041 1780 1200 1837 eam?
1246 1782 1363 1837 Hoc
1391 1789 1475 1837 est
1508 1796 1520 1836 :
1556 1781 1718 1838 Unde
1746 1796 1901 1852 spem

214 1886 370 1927 nunc
399 1871 611 1926 habere
643 1884 849 1942 queam
884 1871 1037 1941 quod
1070 1886 1201 1927 cum
1234 1870 1470 1926 mitibus
1498 1870 1814 1940 possideam
1846 1870 1904 1926 in

213 1960 409 2016 futuro
439 1959 687 2016 terram?
732 1990 799 1998 —
832 1960 1024 2029 (Vsus.
1058 1962 1109 2026 9,
1150 1961 1254 2028 10.)
1284 1962 1353 2015 Et
1392 1962 1691 2014 Dominus:
1724 1960 1901 2025 Sume,

213 2048 421 2117 inquit,
469 2048 609 2101 mihi
644 2063 861 2101 vaccam
900 2051 1178 2114 triennem,
1228 2053 1277 2101 et
1310 2063 1530 2117 capram
1564 2050 1804 2113 trimam,
1855 2053 1905 2103 et

211 2140 432 2191 arietem
474 2152 739 2190 annorum
789 2139 974 2203 trium,
1026 2142 1292 2191 turturem
1341 2151 1554 2207 quoque
1603 2140 1653 2190 et
1703 2137 1901 2191 colum-

212 2226 354 2279 bam.
400 2227 506 2294 ()ui
555 2225 741 2279 tollens
782 2228 1060 2287 universa,
1114 2225 1221 2279 hac
1270 2224 1462 2279 divisit
1496 2240 1595 2292 per
1644 2214 1900 2292 medium,

210 2319 260 2367 et
309 2317 570 2380 utrasque
613 2318 797 2380 partes
849 2313 1192 2377 altrinsecus,
1239 2317 1289 2365 et
1340 2316 1527 2365 contra
1577 2327 1632 2365 se
1680 2315 1900 2381 posuit:

208 2416 333 2454 aves
363 2406 541 2455 autem
588 2417 693 2454 non
734 2400 944 2455 divisit.
997 2400 1103 2455 Per
1135 2414 1389 2468 vaccam,
1424 2415 1555 2470 quae
1600 2414 1776 2471 grave
1821 2409 1905 2457 est

208 2489 444 2557 animal,
491 2490 854 2556 sensualitas,
915 2504 1047 2560 quae
1092 2496 1411 2559 aggravata
1449 2503 1754 2559 nunquam
1802 2497 1904 2546 aut

209 2577 307 2633 vix
336 2578 564 2634 levatur
590 2579 661 2633 ab
694 2579 854 2647 imis;
887 2592 989 2647 per
1019 2592 1272 2647 capram,
1308 2593 1439 2647 qua:
1470 2578 1785 2633 arduorum
1818 2587 1902 2635 est

209 2670 483 2735 appetens
530 2673 586 2721 et
634 2666 931 2736 perspicax
983 2674 1157 2736 atque
1206 2666 1404 2721 calidae
1450 2673 1692 2732 naturae,
1745 2669 1897 2737 quod

208 2756 523 2811 secundum
569 2755 860 2825 physicam
894 2756 1248 2824 sapientibus
1287 2758 1486 2812 attinet
1536 2756 1899 2813 intellectua-

1948 1562 1988 1617 Β

2025 374 2147 423 tare
2195 368 2486 433 desinunt,
2537 368 2632 423 sed
2663 368 2878 423 Abram
2929 366 3193 437 abigente
3236 365 3570 437 diffugiunt.
3620 366 3733 421 Sed

2027 455 2342 511 notandum
2392 456 2448 511 in
2500 456 2806 526 praemissis
2851 455 3044 511 verbis
3091 455 3244 525 quod
3294 455 3526 523 dicitur,
3578 471 3736 510 sume

2023 546 2180 598 mihi.
2215 544 2318 610 Qui
2366 544 2421 599 in
2456 546 2574 600 suis
2603 544 2723 600 sive
2753 545 3007 600 externis
3039 559 3139 599 seu
3193 544 3434 600 internis
3475 544 3735 599 motibus

2023 632 2195 688 laxus
2240 640 2294 689 et
2352 632 2570 688 ﬂuidus
2615 640 2718 697 est,
2779 634 2883 688 hos
2934 647 3081 703 opus
3130 639 3212 688 est
3270 638 3476 693 sumat,
3538 631 3590 686 id
3641 638 3736 685 est

2027 728 2309 776 correctos
2365 728 2640 790 potestate
2685 721 2996 785 contineat,
3047 720 3143 775 sed
3193 734 3308 774 non
3368 734 3471 789 pro
3530 720 3735 775 favore

2023 808 2205 880 vulgi,
2239 816 2297 865 at
2336 809 2468 876 Deo,
2527 809 2582 864 id
2614 815 2696 864 est
2742 808 2811 864 ad
2861 809 3133 865 honorem
3181 808 3298 863 Dei.
3362 808 3555 879 (Vsus.
3615 808 3732 877 t2.)

2023 900 2259 966 Cumque
2297 899 2377 952 sol
2419 897 2766 966 occumberet,
2801 912 2961 967 sopor
2989 898 3155 950 irruit
3200 912 3362 966 super
3399 897 3633 961 Abram,
3674 903 3732 950 et

2024 987 2215 1040 horror
2259 1002 2488 1054 magnus
2518 991 2568 1039 et
2598 986 2903 1040 tenebrosus
2945 986 3152 1039 invasit
3178 1001 3316 1039 eum.
3365 984 3454 1039 Sol
3501 998 3732 1040 occum-

2025 1076 2122 1144 bit,
2149 1089 2278 1131 cum
2306 1074 2546 1145 justitize
2583 1074 2771 1130 fervor
2799 1075 2856 1130 in
2897 1073 3068 1129 corde
3108 1080 3444 1129 sanctorum
3475 1072 3544 1127 ad
3581 1080 3730 1128 tem-

2022 1179 2152 1235 pus,
2185 1164 2299 1219 Deo
2351 1164 2736 1233 dispensante,
2785 1162 3051 1233 tepescit:
3100 1175 3269 1231 sopor
3307 1175 3482 1231 super
3534 1175 3600 1216 or
3652 1161 3731 1216 ir-

2021 1252 2158 1320 ruit,
2201 1266 2332 1307 cum
2372 1251 2668 1321 inopinata
2691 1258 2921 1321 repente
2953 1249 3222 1321 segnities
3251 1249 3428 1305 animi
3461 1249 3660 1305 oculos
3688 1264 3729 1303 a

2023 1341 2111 1397 sui
2161 1341 2343 1410 ipsius
2400 1339 2760 1410 providentia
2807 1339 3226 1411 aliquantisper
3275 1337 3566 1394 occludit:
3618 1343 3727 1391 65

2022 1430 2227 1485 horror
2275 1443 2524 1498 magnus
2564 1437 2619 1484 et
2660 1429 2995 1484 tenebrosus
3040 1426 3279 1493 invadit,
3339 1441 3470 1482 cum
3531 1441 3729 1482 comes

2022 1519 2240 1575 inertiae
2262 1516 2588 1574 tentationis
2611 1516 2909 1572 insolentia
2926 1521 3138 1571 statum
3161 1514 3349 1570 cordis
3370 1513 3648 1578 concutit,
3665 1522 3725 1569 et

2019 1608 2269 1679 quadam
2307 1606 2551 1677 caligine
2571 1605 2790 1661 consilii
2824 1619 2964 1674 pene
2992 1603 3185 1659 lumen
3207 1603 3544 1672 exstinguit,
3577 1604 3722 1673 quia

2018 1710 2299 1766 quorsum
2322 1695 2605 1750 divertere
2634 1694 2835 1749 debeat
2856 1707 2970 1749 non
3020 1691 3253 1760 invenit,
3290 1698 3344 1747 et
3379 1691 3589 1747 dicitur
3616 1691 3668 1747 ei
3703 1707 3717 1745 :

2088 1785 2256 1841 Vnus.
2310 1787 2395 1838 13.
2445 1784 2528 1837 14.
2571 1811 2645 1824 —
2691 1784 2834 1838 Scito
2880 1796 3234 1850 praenoscens,
3289 1780 3434 1849 quod
3476 1784 3721 1850 peregri-

2014 1888 2143 1926 num
2202 1874 2453 1939 futurum
2506 1874 2580 1925 sit
2627 1885 2802 1925 semen
2855 1874 3007 1923 tuum
3057 1873 3115 1923 in
3167 1876 3312 1923 terra
3351 1884 3456 1931 non
3492 1882 3613 1932 sua,
3667 1873 3720 1923 et

2015 1956 2301 2027 subjicient
2347 1974 2430 2012 eos
2473 1961 2726 2013 servituti
2785 1958 3200 2028 quadringentis
3251 1960 3430 2012 annis.
3488 1959 3717 2013 Verum-

2016 2054 2193 2101 tamen
2241 2053 2447 2115 gentem
2486 2051 2575 2103 cui
2599 2050 2861 2102 servituri
2903 2051 3029 2104 sunt
3058 2063 3151 2114 ego
3174 2047 3456 2117 judicabo,
3505 2052 3555 2101 et
3585 2053 3717 2116 post

2015 2136 2124 2189 haec
2153 2134 2495 2201 egrediantur
2524 2151 2643 2189 cum
2688 2151 2890 2205 magna
2919 2136 3248 2190 substantia.
3291 2135 3551 2191 Scintilla
3596 2135 3716 2207 igi-

2014 2230 2112 2279 tur
2140 2222 2377 2280 rationis
2416 2224 2638 2280 crelitus
2686 2224 2985 2280 illustratae
3035 2224 3315 2296 suggerit,
3367 2225 3518 2296 quod
3559 2225 3718 2281 bona

2014 2326 2121 2368 sua
2175 2324 2346 2383 opera
2396 2319 2737 2368 extraneum
2795 2312 2958 2383 quid,
3015 2320 3070 2369 et
3121 2313 3289 2369 valde
3340 2314 3713 2384 peregrinum

2012 2415 2255 2470 passura
2292 2402 2407 2456 sint
2438 2401 2491 2456 in
2523 2401 2994 2458 colluctationum
3034 2400 3323 2469 molestiis,
3370 2401 3507 2458 dum
3543 2414 3715 2456 acce-

2014 2489 2166 2545 denti
2201 2489 2269 2545 ad
2305 2490 2418 2545 Deo
2446 2490 2809 2546 serviendum
2842 2504 2943 2546 cor
2972 2490 3039 2545 ad
3088 2490 3460 2546 tentationem
3496 2503 3718 2559 paran-

2014 2578 2151 2634 dum
2210 2586 2292 2634 est
2348 2579 2512 2648 (Eccl.
2549 2594 2602 2643 ιι,
2659 2579 2730 2649 1),
2779 2588 2834 2634 et
2885 2593 3084 2635 eorum
3144 2579 3202 2634 in
3243 2578 3439 2634 futuro
3492 2577 3716 2634 differri

2014 2667 2328 2722 mercedem
2358 2681 2372 2729 :
2399 2675 2561 2737 porta
2589 2668 2740 2723 enim
2777 2667 2959 2723 ferrea
2989 2667 3158 2723 duxit
3199 2667 3428 2723 Petrum
3460 2667 3531 2722 ad
3563 2668 3717 2722 civi-

2015 2763 2185 2810 tatem
2215 2757 2363 2825 (Act.
2398 2771 2497 2824 xu,
2528 2758 2612 2822 10)
2636 2773 2648 2810 :
2672 2756 2726 2810 in
2753 2764 2907 2812 terra
2929 2756 3124 2826 itaque
3147 2770 3258 2810 non
3280 2770 3385 2811 sua
3417 2755 3621 2821 ferant,
3649 2764 3717 2811 ut

209 2844 366 2913 litas;
439 2858 539 2914 per
600 2845 855 2909 arietem,
923 2845 1024 2915 qui
1088 2844 1444 2901 cervicosum
1509 2852 1593 2899 est
1659 2844 1896 2911 animal,
1941 2842 1982 2897 C
2020 2842 2075 2897 in
2099 2850 2246 2898 terra
2268 2843 2645 2913 suaduplicia
2671 2843 3015 2913 possideant.
3043 2843 3396 2913 Subjicimur
3425 2843 3518 2898 hic
3543 2843 3718 2899 servi-

208 2931 541 3001 imaginatio
574 2931 824 2986 carnalis
865 2931 1165 3001 accipitur,
1201 2932 1337 3002 quia
1370 2933 1645 2989 cornibus
1691 2946 1901 3002 super-

207 3020 315 3075 biae
346 3020 572 3089 spiritui
623 3019 973 3091 reluctatur;
1017 3028 1197 3090 potest
1226 3029 1281 3076 et
1323 3035 1419 3091 per
1446 3021 1679 3076 arietem
1732 3020 1897 3088 ratio,

207 3123 338 3178 quae
366 3106 486 3163 dux
515 3115 599 3163 est
625 3115 680 3163 et
710 3108 924 3177 praevia
961 3108 1174 3172 nostri,
1208 3122 1308 3177 per
1340 3122 1572 3164 vaccam
1609 3107 1896 3175 voluntas,

206 3210 336 3266 quae
382 3194 531 3251 inter
561 3195 839 3251 rationem
875 3197 1056 3266 posita
1087 3204 1142 3251 et
1172 3196 1488 3267 appetitum
1529 3195 1737 3263 carnis,
1790 3195 1897 3251 nisi

205 3283 424 3339 ratione
475 3283 754 3349 frenetur,
800 3283 1152 3340 seductibilis
1189 3284 1499 3341 admodum
1546 3299 1734 3339 vaceze
1766 3292 1894 3340 est:

205 3384 306 3440 per
361 3384 593 3441 capram
648 3372 959 3428 obscenum
1013 3372 1226 3428 animal
1277 3373 1561 3442 appetitus
1613 3386 1896 3443 nequam;

204 3459 325 3517 hac
370 3460 517 3516 etin
549 3460 762 3516 bonum
807 3469 862 3516 et
904 3462 963 3516 in
1012 3461 1230 3516 malum
1276 3461 1409 3516 ferri
1458 3469 1700 3532 queunt,
1760 3461 1900 3531 quia

200 3555 256 3603 et
310 3547 454 3603 ratio
507 3547 825 3618 spiritualis
880 3555 1081 3605 contra
1132 3548 1449 3605 humanam
1499 3549 1798 3613 dividitur,
1844 3556 1898 3604 et

200 3636 490 3707 appetitus
536 3650 604 3693 ac
657 3637 927 3694 voluntas
974 3637 1109 3694 boni
1158 3646 1361 3695 contra
1407 3638 1559 3693 mala
1609 3637 1892 3694 feruntur.

199 3724 347 3791 Quid
395 3733 587 3782 autem
616 3726 767 3782 inter
798 3725 1153 3782 voluntatem
1180 3734 1237 3782 et
1277 3725 1542 3782 affectum
1593 3727 1776 3791 distet,
1837 3727 1893 3781 in

201 3820 450 3870 tractatu
496 3814 748 3870 secundo
797 3814 1072 3870 diximus.
1122 3814 1319 3871 Trium
1369 3822 1560 3871 autem
1606 3829 1890 3871 annorum

198 3916 318 3957 esse
362 3903 666 3973 jubentur,
718 3910 781 3958 ut
818 3901 1113 3958 Trinitatis
1150 3917 1344 3958 amore
1384 3903 1743 3971 imbuantur,
1792 3909 1893 3958 aut

198 3991 454 4047 oratione
499 3999 678 4061 atque
717 3991 1064 4061 operatime,
1113 3999 1169 4048 et
1217 3992 1403 4061 tertia,
1452 4007 1582 4060 quae
1620 3991 1734 4047 duo
1786 3992 1892 4047 ista

200 4080 466 4146 instruat,
518 4078 757 4135 lectione
788 4078 1030 4150 perfecte
1060 4080 1380 4135 firmentur.
1432 4080 1536 4136 Per
1579 4087 1887 4145 turturem,

198 4168 300 4237 qui
328 4168 597 4239 egregius
622 4168 807 4238 magis
837 4176 940 4235 est,
976 4169 1072 4224 Dei
1104 4168 1349 4236 dilectio,
1382 4183 1513 4238 quae.
1540 4169 1897 4239 contempla-

200 4256 345 4311 tivos
388 4255 538 4312 facit.
588 4256 693 4312 Per
733 4256 1079 4324 columbam,
1128 4272 1259 4327 quae
1307 4258 1568 4327 gregaria
1603 4265 1705 4323 est,
1755 4258 1893 4313 dile-

197 4345 307 4400 ctio
354 4343 628 4414 proximi,
671 4359 801 4415 quae
845 4353 900 4400 et
929 4345 1146 4401 activos
1194 4346 1399 4401 nutrit.
1453 4344 1673 4400 Natura
1718 4344 1895 4417 igitur

197 4440 413 4500 nostra,
458 4433 730 4502 peccandi
773 4434 1105 4489 necessitate
1151 4440 1440 4502 corrupta,
1494 4434 1800 4490 adversum
1836 4449 1895 4489 se

199 4519 517 4577 necessario
579 4520 637 4576 in
694 4522 885 4577 tribus
951 4520 1239 4591 praedictis
1295 4520 1593 4589 dividitur,
1653 4521 1895 4578 virtutes

199 4624 333 4665 vero
390 4610 477 4665 hie
532 4616 589 4665 et
628 4609 685 4663 in
738 4623 796 4664 se
845 4609 1189 4665 naturaliter
1233 4610 1443 4665 eaedem
1491 4618 1644 4673 sunt,
1690 4619 1744 4666 et
1790 4626 1895 4666 nos

197 4697 368 4752 etiam
414 4696 662 4762 uniunt;
706 4710 840 4752 caro
897 4697 1052 4752 enim
1096 4698 1446 4767 concupiscit
1494 4697 1553 4752 in
1603 4698 1891 4768 spiritum.

196 4792 250 4838 et
278 4784 517 4854 spiritus
550 4784 604 4839 in
639 4797 868 4840 carnem
913 4784 1119 4853 (Galat.
1154 4800 1209 4846 ν,
1249 4785 1338 4853 l7)
1375 4800 1387 4839 :
1422 4784 1668 4855 Spiritus
1699 4794 1889 4842 autem

201 4872 317 4939 Dei,
366 4873 466 4942 qui
499 4886 661 4928 amor
689 4880 792 4941 est,
838 4879 894 4929 et
937 4872 993 4927 in
1038 4887 1096 4928 se
1127 4872 1512 4944 indisjunctus
1540 4882 1624 4931 est
1673 4888 1895 4945 nosque

198 4960 303 5014 sibi
333 4960 653 5031 subjungit.

270 5048 440 5105 Vsus.
478 5050 560 5102 11.
609 5078 678 5087 -
722 5048 1223 5118 Descendemntque
1248 5051 1491 5105 volucres
1520 5063 1684 5119 super
1725 5049 1889 5105 cada-

197 5153 346 5202 vera,
394 5141 444 5190 et
473 5137 724 5203 abigebat
766 5153 851 5192 eos
880 5138 1114 5194 Abram.
1149 5138 1445 5194 Daemones
1474 5138 1599 5208 qui,
1646 5138 1785 5208 quia
1834 5138 1892 5193 in

104 5294 107 5301 λ
197 5223 313 5278 alia
362 5224 747 5293 superbiendo
795 5224 1084 5289 feruntur.
1120 5227 1384 5283 volucres
1416 5234 1716 5294 vocantur,
1749 5240 1893 5281 con-

2013 2931 2141 2999 tuti,
2177 2931 2315 2987 dum
2348 2932 2567 3001 corpori
2601 2940 2796 2987 nostro
2831 2932 3078 2987 velimus
3108 2932 3357 2987 nolimus
3384 2946 3587 2987 sumus
3618 2934 3716 2986 tri-

2013 3020 2244 3086 butarii,
2286 3027 2340 3075 et
2384 3020 2838 3090 constringimur
2868 3021 3200 3076 necessitate
3249 3019 3538 3089 peccandi,
3568 3020 3715 3074 ami-

2011 3109 2204 3179 gimur
2255 3108 2696 3179 quadringentis
2745 3110 2931 3174 annis,
2966 3106 3124 3164 omni
3174 3122 3427 3163 excursu
3490 3108 3711 3163 scilicet

2011 3196 2305 3266 praesentis
2350 3198 2638 3267 temporis,
2691 3196 2846 3266 quod
2897 3203 3121 3253 constat
3179 3205 3432 3266 quatuor
3478 3204 3712 3266 quater-

2007 3285 2286 3342 nitatibus
2335 3285 2539 3341 nobis:
2595 3292 2849 3355 quatuor
2892 3285 3044 3340 enim
3102 3285 3279 3351 venti,
3332 3287 3586 3354 quatuor
3617 3283 3715 3337 cli-

2009 3381 2182 3442 mata,
2215 3381 2470 3443 quatuor
2506 3373 2805 3441 elementa,
2858 3377 3110 3444 quatuor
3138 3374 3307 3428 etiam
3365 3380 3575 3440 motus,
3637 3371 3712 3426 de

2007 3463 2221 3532 quibus
2249 3477 2397 3532 saepe
2427 3463 2677 3532 agimus,
2726 3462 2925 3518 insunt
2973 3460 3192 3517 homini
3231 3476 3242 3515 :
3279 3468 3526 3516 attamen
3573 3474 3710 3529 gen-

2008 3559 2138 3619 tem,
2168 3550 2500 3621 cujusjugo
2539 3551 2940 3621 deprimimur,
2976 3550 3029 3605 id
3061 3559 3142 3606 est
3176 3548 3332 3613 vitia,
3364 3549 3516 3604 Deus
3544 3549 3704 3618 judi-

2006 3647 2113 3706 cat,
2168 3639 2308 3695 dum
2357 3638 2572 3709 potenti
2616 3652 2684 3695 ea
2735 3638 2791 3693 in
2839 3638 3004 3693 nobis
3054 3637 3273 3693 ratione
3326 3636 3595 3693 discernit
3652 3645 3712 3692 et

2010 3736 2315 3798 temperat:
2369 3726 2464 3783 sed
2524 3727 2663 3783 dum
2712 3727 3117 3797 aequanimiter
3167 3725 3509 3796 aliquandiu
3560 3726 3708 3795 pati-

2006 3830 2159 3876 mur,
2203 3830 2336 3871 cum
2377 3815 2605 3885 magnis
2636 3815 2927 3885 patientize
2957 3813 3134 3884 copiis
3182 3813 3349 3882 quasi
3390 3826 3603 3869 aurum
3633 3813 3710 3869 de

2005 3902 2231 3959 camino
2261 3903 2332 3958 ad
2363 3916 2632 3958 coronam
2663 3902 3012 3973 egredimur.

2074 3992 2247 4049 Vsus.
2285 3994 2369 4057 15,
2432 3994 2516 4045 16.
2549 4021 2617 4032 -
2671 3990 2749 4045 Tu
2781 3997 2959 4045 autem
3004 3991 3109 4045 ibis
3155 3990 3228 4043 ad
3253 3995 3439 4060 patres
3488 3995 3604 4043 tuos
3650 3993 3710 4044 in

2005 4096 2151 4150 pace,
2214 4081 2455 4149 sepultus
2495 4082 2553 4133 in
2600 4084 2867 4134 senectute
2914 4079 3070 4133 bona.
3121 4080 3479 4133 Generatione
3525 4086 3708 4133 autem

2008 4173 2206 4235 quarta
2250 4172 2587 4222 revertentur
2632 4168 2733 4221 huc
2768 4182 2782 4221 :
2831 4167 3056 4222 necdum
3087 4170 3227 4221 enim
3267 4167 3535 4236 completas
3576 4174 3709 4223 sunt

2004 4259 2325 4325 iniquitates
2367 4257 2806 4311 Amorrhavorum
2862 4270 3030 4324 usque
3073 4255 3147 4308 ad
3187 4271 3425 4325 praesens
3467 4262 3703 4326 tempus.

2005 4345 2077 4399 At
2132 4351 2442 4415 antequam
2501 4344 2888 4415 egrediamur,
2919 4343 2991 4399 ad
3018 4351 3206 4413 patres
3262 4352 3482 4398 nostros
3527 4343 3704 4411 imus,

2002 4429 2141 4489 dum
2172 4447 2369 4490 eorum
2403 4447 2652 4503 quorum
2698 4432 2980 4488 miramur
3005 4431 3270 4502 exempla
3294 4432 3541 4502 praeisse,
3576 4447 3710 4488 con-

2003 4520 2241 4577 ferimus
2275 4536 2376 4578 nos
2401 4521 2619 4583 merito,
2650 4528 2706 4577 et
2751 4520 2807 4575 in
2842 4535 2981 4591 pace
3027 4521 3298 4576 vitiorum
3330 4519 3447 4590 jam
3476 4524 3701 4588 statuti,

2000 4616 2055 4664 et
2113 4609 2560 4679 praesumptione
2599 4609 2845 4680 juvenili
2884 4609 3158 4678 deposita,
3212 4617 3465 4664 nostram
3520 4609 3707 4665 humi-

2001 4696 2130 4753 liter
2184 4705 2532 4754 vetustatem
2562 4698 2798 4753 confessi
2833 4697 3161 4767 sepelimur,
3228 4710 3258 4751 a
3332 4696 3701 4753 saecularium

2000 4785 2213 4841 scilicet
2269 4785 2563 4843 turbidine
2624 4786 2989 4857 negotiorum
3048 4785 3201 4840 intra
3265 4785 3472 4841 mentis
3531 4794 3705 4841 antra

1999 4874 2390 4930 recondimur.
2435 4874 2784 4945 Egredimur
2826 4873 3079 4944 corporis
3120 4880 3301 4929 morte
3331 4874 3400 4928 ad
3440 4876 3704 4943 praemia,

2001 4961 2098 5017 sed
2146 4961 2279 5030 huc,
2338 4962 2392 5017 id
2438 4969 2522 5017 est
2551 4962 2622 5018 ad
2674 4969 2908 5028 terram,
2962 4976 3094 5032 quae
3142 4961 3492 5031 promittitur
3531 4962 3708 5033 possi-

2002 5049 2209 5117 denda,
2275 5050 2623 5107 revertimur
2679 5051 3047 5121 generatione
3105 5058 3336 5120 quarta,
3402 5050 3555 5120 quod
3619 5061 3706 5109 est

2002 5138 2418 5195 resurrectione
2491 5138 2733 5208 ultima;
2803 5139 2985 5209 primo
3046 5152 3302 5208 namque
3354 5153 3708 5208 generamur

2000 5240 2069 5283 ex
2104 5240 2296 5294 carne,
2339 5227 2591 5284 secundo
2618 5241 2692 5284 ex
2724 5226 3086 5298 baptismate,
3129 5227 3293 5282 tertio
3328 5224 3588 5285 transitu
3631 5231 3702 5286 ad

197 5318 536 5368 sternantur
596 5326 770 5384 super
828 5312 1262 5372 mortiﬁcatione
1293 5320 1506 5382 nostra,
1565 5327 1696 5385 quae
1747 5328 1893 5370 nun-
2001 5315 2260 5389 requiem
2296 5315 2525 5384 animae,
2576 5323 2786 5389 quarto
2825 5314 3080 5387 corporis
3110 5314 3570 5372 resurrectione:
3607 5318 3702 5373 se'i
