3884 6068
128 130 227 179 133
1328 122 1693 180 MORALIUM
1742 124 1809 178 IN
1863 123 2158 180 GENESIN
2213 125 2339 179 LIB.
2397 125 2455 179 V.
3546 132 3641 180 liii

121 260 166 316 si
199 260 522 317 animabus
550 261 799 330 primam
824 259 1027 315 stolam
1052 260 1175 329 jam
1194 260 1539 316 habentibus
1568 258 1834 315 diﬂ‘ertur
1872 263 1910 314 Α
1942 262 2086 313 mine
2113 261 2289 327 Agar,
2341 260 2491 314 dicit
2522 264 2718 314 marito
2762 276 2893 315 suo:
2953 263 3085 316 Ecce
3117 263 3375 318 conclusit
3412 280 3494 317 me
3533 267 3635 318 Do-

119 350 333 417 altera,
376 348 657 419 patienter
687 349 1029 415 sustineant,
1082 349 1324 404 scientes
1370 349 1627 404 nondum
1677 363 1829 404 com-

121 438 311 508 pletas
360 440 850 505 Amorrhzeorum,
899 437 954 492 id
985 438 1543 493 estamaricantium
1591 437 1711 492 suis
1741 452 1833 491 ne-

118 527 332 597 quitiis
381 528 564 582 Deum
622 526 972 596 iniquitates.
1021 535 1076 581 et
1124 527 1181 582 lii
1222 526 1404 593 bonis,
1437 541 1687 596 quorum
1720 541 1830 581 nu-

116 630 326 672 merus
347 622 738 685 exspectatur,
763 615 843 671 ita
872 615 1177 670 necessarii
1210 622 1364 680 sunt,
1398 622 1463 671 ut
1491 615 1637 684 ignis
1666 629 1829 680 auro,

114 712 171 760 et
219 704 496 776 purgatis
544 705 613 759 ad
674 705 910 774 plenum
969 718 1071 774 per
1130 704 1281 774 ipsos
1332 703 1503 772 justis
1557 703 1835 758 sistentur

119 793 411 862 puniendi
435 792 674 862 judicio.

191 880 375 936 Vens.
408 883 491 941 l8,
526 882 611 946 19,
644 880 733 948 20,
779 883 868 935 2i.
900 910 969 919 —
1015 881 1079 934 In
1117 879 1203 934 die
1250 880 1343 933 illo
1384 881 1596 949 pepigit
1646 881 1829 933 Domi-

115 985 222 1023 nus
286 985 411 1024 cum
463 970 673 1024 Abram
736 969 932 1035 fmdus.
984 970 1166 1023 dicens
1206 985 1217 1023 :
1271 970 1478 1024 Semini
1545 975 1635 1023 tuo
1691 968 1831 1023 dabo

115 1063 333 1111 terram
375 1059 519 1111 hanc
558 1075 592 1111 α
622 1061 787 1127 fluvio
834 1060 1061 1127 ὥρῃρεί
1105 1073 1274 1126 usque
1318 1058 1397 1113 ad
1436 1061 1661 1125 ﬂuvium
1708 1074 1826 1111 ma-

111 1162 293 1212 gnum
352 1148 708 1215 Euphratem,
755 1147 990 1211 Circaeos,
1030 1152 1080 1200 et
1130 1148 1423 1211 Cenezzeos,
1474 1146 1827 1212 Cedmonaeos,

112 1236 392 1301 Hethavos,
446 1241 498 1287 et
557 1235 881 1299 Pherezaeos,
931 1236 1203 1304 Raphaim
1261 1251 1471 1304 quoque
1526 1240 1577 1288 et
1636 1237 1830 1289 Amor-

112 1323 319 1382 rhat’os,
376 1327 427 1375 et
484 1323 835 1386 Chananzeos,
878 1325 1206 1391 Gergeswos,
1247 1327 1297 1376 et
1340 1323 1630 1378 Jebuszeos.
1685 1320 1829 1377 Cum

111 1411 190 1463 sol
237 1410 425 1479 igitur
462 1410 696 1475 divinae,
732 1419 792 1466 ut
841 1411 1117 1479 diximus,
1147 1409 1572 1479 compunctioni
1616 1408 1686 1464 ad
1727 1409 1827 1464 hu-

112 1511 244 1552 rarn
299 1497 545 1565 abesset,
581 1506 817 1567 apparet
847 1498 1112 1554 clibanus
1152 1498 1401 1563 fumans,
1455 1498 1509 1553 id
1543 1505 1627 1553 est
1657 1506 1830 1553 zestus

113 1586 363 1641 interior
389 1586 719 1641 tentationis
750 1587 926 1642 aciem
960 1587 1167 1643 mentis
1195 1586 1563 1651 obnubilans,
1594 1594 1649 1641 et
1679 1586 1829 1641 lam-

114 1688 221 1743 pas
254 1675 412 1745 ignis
440 1675 749 1737 transiens.
782 1674 994 1730 divinze
1027 1674 1290 1730 videlicet
1337 1674 1577 1730 rationis
1608 1674 1825 1741 radius,

113 1763 213 1818 sed
253 1771 628 1819 transeunter
660 1763 972 1831 illustrans,
1003 1771 1057 1819 et
1087 1763 1422 1818 divisionem
1455 1763 1602 1819 inter
1640 1762 1824 1819 lucem

114 1860 170 1906 et
222 1844 501 1907 tenebras
551 1852 840 1907 subtiliter
894 1853 1121 1919 docens,
1176 1859 1229 1907 et
1277 1852 1346 1906 ad
1390 1859 1616 1921 tempus
1664 1852 1828 1907 dese-

116 1941 301 1996 rendo
340 1940 496 2010 quod
544 1954 617 1996 ex
666 1955 723 1995 se
765 1940 837 1995 sit
877 1940 1048 1995 homo
1087 1939 1396 1996 salubriter
1436 1938 1735 2003 intimans;
1772 1938 1827 1993 in

118 2030 227 2084 hoc
279 2030 395 2095 die,
446 2029 503 2083 in
554 2029 666 2083 hac
717 2029 930 2085 scilicet
979 2028 1259 2098 lampadis
1299 2028 1425 2083 luce
1466 2028 1650 2083 fmdus
1678 2028 1828 2083 Deus

117 2117 429 2173 nobiscum
463 2118 735 2187 pascitur,
776 2117 916 2172 dum
957 2132 1030 2172 ex
1075 2117 1165 2172 sui
1198 2116 1618 2185 perseverantia
1660 2130 1825 2171 anto-

118 2210 196 2261 ris
226 2220 391 2273 spem
435 2205 601 2260 nobis
650 2206 705 2260 in
737 2206 1009 2261 conﬂictu
1039 2204 1294 2260 victoriae
1332 2204 1640 2274 aspirando
1699 2204 1826 2272 pol-

117 2294 375 2349 licetur:
426 2293 634 2348 semini
667 2302 877 2356 nostro.
913 2308 1028 2348 non
1079 2292 1245 2348 nobis
1286 2293 1487 2362 utique
1535 2291 1827 2348 sterilibus

114 2382 399 2437 daturum
459 2381 611 2437 hanc
652 2388 885 2449 terram,
932 2381 1032 2436 hos
1080 2381 1326 2451 proiecto
1377 2396 1522 2452 quos
1573 2380 1826 2451 patimur

117 2479 382 2527 terrenos
431 2480 641 2533 motus.
702 2470 755 2525 id
803 2477 887 2526 est
935 2478 1167 2540 propter
1208 2471 1358 2526 bona
1405 2478 1600 2525 nostra
1652 2484 1824 2539 opera

116 2574 284 2615 senos
316 2559 485 2613 nobis
526 2558 923 2625 subditurum,
960 2571 993 2612 a
1034 2558 1211 2613 ﬂuvio
1257 2559 1511 2629 IEgypti,
1542 2559 1692 2628 quod
1742 2565 1824 2614 est

114 2649 378 2715 scientia,
443 2662 564 2718 qua
634 2661 722 2703 res
786 2648 1105 2718 Egyptias,
1174 2648 1481 2703 saeculares
1537 2647 1819 2713 videlicet,

117 2738 407 2793 discutere
433 2736 726 2803 novimus,
758 2736 1053 2806 incipient,
1085 2743 1141 2791 et
1162 2736 1233 2790 ad
1266 2734 1511 2791 ﬂuvium
1544 2750 1822 2807 magnum

116 2824 478 2895 Euphratem
502 2824 843 2893 sapientiam
860 2823 1095 2891 scilicet,
1126 2838 1245 2894 qua
1264 2824 1463 2879 divina
1482 2824 1823 2893 contempla-

119 2928 251 2969 mur
292 2912 600 2980 inducens,
647 2913 749 2983 qui
806 2913 1218 2982 interpretatur
1254 2927 1534 2980 crescens,
1588 2927 1720 2968 nam
1754 2913 1823 2970 de

120 3002 514 3071 speculatione
568 3002 787 3071 proﬁcit
825 3001 883 3056 in
933 3016 1100 3056 rem:
1156 3010 1345 3056 motus
1387 3010 1579 3056 autem
1627 3002 1822 3056 decem

121 3091 487 3156 inseruntur,
526 3105 625 3160 per
659 3091 814 3146 hunc
846 3103 1154 3145 numerum
1203 3103 1486 3144 summam
1521 3089 1823 3145 universa-

122 3178 226 3233 lem
260 3178 578 3248 ﬁgurando
614 3177 902 3233 vitiorum.
951 3177 1092 3232 Cum
1125 3176 1177 3231 ei
1218 3177 1496 3232 dicuntur
1528 3177 1822 3245 possiden-

122 3274 199 3321 tes
230 3267 306 3321 ad
340 3274 515 3335 caput
571 3266 851 3321 malorum
889 3265 1193 3319 avaritiam
1234 3265 1500 3333 pertinet,
1551 3265 1819 3330 Cenezaii,

120 3355 394 3425 Zelotypi,
428 3356 622 3410 ethoc
661 3355 729 3408 ad
781 3355 953 3409 tiliam
1000 3354 1128 3423 ejus
1160 3353 1440 3408 invidiam
1477 3368 1489 3408 :
1547 3353 1816 3419 Cedmon,

119 3444 363 3513 antiqua
417 3443 686 3507 tristitia;
724 3444 841 3498 haec
861 3444 1014 3496 enim
1036 3441 1152 3497 duo
1171 3449 1307 3497 sunt
1338 3456 1469 3511 qua:
1510 3441 1816 3510 antiquum

122 3533 173 3587 in
212 3532 418 3602 primis
442 3532 778 3601 parentibus
808 3531 972 3585 nobis
1005 3530 1265 3585 inﬂixere
1297 3544 1637 3598 maerorem;
1667 3529 1821 3583 idvi-

119 3621 312 3675 dentia
353 3634 559 3689 nempe
607 3619 812 3674 diaboli
854 3632 957 3688 par
1007 3619 1311 3673 avaritiam
1359 3624 1605 3673 ruerunt
1643 3632 1654 3671 ε
1705 3618 1819 3672 He-

119 3709 246 3764 thazi
300 3715 627 3777 stupentes;
662 3708 927 3776 sequitur
972 3707 1127 3761 enim
1177 3706 1298 3761 haec
1341 3705 1567 3775 reprobi
1618 3719 1821 3761 sensus

117 3796 447 3852 stoliditas:
507 3796 780 3851 Pherezzei
842 3802 1200 3865 superantes,
1281 3794 1367 3849 vel
1443 3793 1816 3860 disseminati,

117 3885 331 3941 scilicet
387 3893 588 3959 turpes
636 3884 853 3954 ubique
900 3884 1021 3954 jam
1077 3891 1288 3951 motus,
1323 3891 1377 3940 et
1428 3882 1655 3939 illiciti:
1708 3883 1817 3938 Ba-

120 3974 340 4043 phaim,
395 3974 702 4043 gigantes;
752 3972 875 4027 haec
902 3979 985 4028 est
1014 3971 1304 4042 superbia,
1351 3985 1483 4027 cum
1524 3971 1593 4026 de
1621 3970 1819 4026 crimi-

121 4076 260 4117 num
293 4060 463 4131 quasi
515 4061 798 4129 prosperis
845 4060 1150 4117 eventibus
1181 4059 1383 4116 crescit
1426 4059 1819 4129 peccatoribus

118 4149 364 4205 audacia
391 4148 419 4202 ?
451 4149 770 4204 Amorrhzei
802 4149 1202 4216 amaricantes,
1253 4162 1387 4204 nam
1417 4147 1630 4203 talibus
1657 4160 1817 4202 ama-

120 4238 341 4292 ricatur
382 4235 562 4305 Deus;
606 4234 937 4304 Cbananaei,
989 4235 1406 4301 erubescentes,
1440 4234 1529 4289 vel
1572 4233 1822 4304 negotia-

119 4334 296 4394 tores;
345 4336 480 4378 nam
513 4324 603 4379 his
635 4324 837 4380 imbuti
874 4325 1226 4380 erubescunt
1254 4323 1323 4378 de
1363 4322 1695 4392 pmnitentia
1725 4336 1819 4379 co-

119 4413 321 4481 gitare,
374 4418 570 4481 utpote
612 4411 825 4481 quibus
872 4412 931 4466 in
976 4410 1313 4468 exercendis
1358 4408 1512 4466 vitiis
1558 4409 1820 4466 diabolus

117 4500 477 4572 dignoscitur
533 4500 650 4555 otia
698 4513 943 4569 negare;
1010 4499 1306 4569 negotium
1372 4499 1530 4554 enim
1583 4499 1816 4566 dicitur,

116 4591 255 4659 quia
316 4595 486 4659 neget
541 4588 772 4654 otium;
832 4587 1137 4658 Gergeseei,
1185 4586 1456 4643 colonum
1504 4586 1814 4655 ejicientes,

117 4679 328 4748 seipsos
387 4691 528 4732 sane
576 4679 850 4745 primum,
884 4684 937 4732 et
961 4676 1086 4732 ideo
1117 4676 1258 4731 alios
1305 4675 1817 4731 abinbabitatione

117 4780 365 4836 superna
403 4765 477 4821 ad
535 4779 714 4834 quam
765 4764 952 4821 vocati
1006 4771 1142 4820 sunt
1190 4763 1523 4834 ejicientes:
1570 4762 1813 4818 Jebuszei

115 4870 252 4926 ergo
285 4854 357 4911 ad
409 4853 681 4911 ultimum
732 4854 1009 4910 dicuntur
1039 4853 1261 4920 calcati,
1308 4853 1365 4907 in
1414 4852 1509 4907 illo
1552 4851 1817 4908 videlicet

118 4944 264 5010 lacu,
311 4941 413 5012 qui
444 4940 768 4996 calcabitur
793 4940 967 5010 juxta
999 4938 1402 5009 Apocalypsim
1443 4939 1634 5008 (Apoc.
1693 4952 1809 5005 xw,

118 5032 206 5101 20)
224 5038 392 5086 extra
420 5027 732 5095 civitatem,
767 5028 866 5084 ubi
891 5026 1115 5097 passuri
1147 5034 1284 5082 sunt
1308 5035 1537 5082 aeternae
1566 5024 1814 5081 damna-

123 5120 286 5176 tionis
316 5129 674 5189 pressuram.

755 5204 987 5261 CAPUT
1027 5204 1181 5262 XVI.

189 5296 354 5354 Vsus.
398 5300 444 5362 l,
477 5295 534 5349 2.
577 5324 649 5334 —
692 5295 872 5359 Igitur
913 5294 1080 5348 Sarni
1128 5308 1268 5346 umor
1326 5293 1543 5347 Abram
1590 5308 1695 5346 non
1728 5308 1812 5360 ge-

130 5389 315 5441 nuerat
367 5384 588 5449 liberos,
639 5382 735 5439 sed
779 5382 983 5438 habens
1028 5380 1291 5438 ancillam
1338 5381 1676 5452 Egyptiam,
1711 5396 1811 5437 no-

1943 351 2142 415 minus,
2191 364 2258 402 ne
2288 364 2556 416 parerem,
2601 350 2884 415 ingredere
2930 349 3005 403 ad
3047 349 3308 405 ancillam
3356 368 3551 419 meam,
3588 348 3639 405 si

1941 438 2084 502 forte
2113 452 2180 488 em
2227 438 2325 490 illa
2366 438 2661 505 suscipiam
2709 437 2921 491 liberos.
2967 438 3123 493 Duas
3154 452 3276 493 esse
3308 438 3366 494 in
3404 439 3637 495 homine

1945 523 2287 590 voluntates,
2312 539 2491 580 unam
2520 525 2832 593 carnalem,
2866 525 3225 595 spiritualem
3247 532 3348 582 66
3378 528 3635 595 alteram,

1939 620 2174 680 experto
2243 612 2531 668 novimus.
2609 612 2767 668 Sarni
2839 622 3032 669 autem
3086 614 3301 670 dicitur
3374 617 3640 687 princeps

1942 714 2088 765 mea,
2119 707 2174 754 et
2202 701 2473 757 voluntas
2502 710 2717 768 nostra,
2751 702 2795 757 si
2828 702 3042 772 reginae
3094 702 3376 759 innitatur
3408 706 3639 773 rationi,

1945 788 2209 857 princeps
2234 789 2362 859 ejus
2388 788 2668 856 efﬁcitur;
2718 790 2841 845 hinc
2883 805 3021 860 ergo
3060 790 3265 860 juncta
3310 792 3546 860 Abram,
3583 795 3638 850 id

1940 885 2023 931 est.
2075 877 2320 946 spiritui,
2368 886 2422 932 et
2465 879 2675 934 caelesti
2756 878 3063 934 fecundata
3130 881 3364 948 semine,
3433 882 3639 953 dignos

1941 965 2219 1033 libertate,
2301 974 2494 1036 utpote
2573 981 2719 1036 quos
2790 967 3001 1023 veritas
3069 967 3353 1038 liberavit,
3430 970 3639 1027 liberos

1941 1063 2230 1125 procreat;
2277 1056 2373 1110 sed
2406 1055 2597 1110 animo
2644 1055 2701 1110 in
2750 1056 2969 1111 fervore
3018 1057 3397 1113 tentationum
3441 1072 3475 1114 a
3516 1059 3638 1115 dul-

1939 1142 2136 1198 cedine
2185 1143 2421 1213 superni
2480 1144 2879 1213 peregrinante
2922 1143 3180 1212 affectus,
3236 1146 3459 1216 torpida
3515 1146 3636 1217 jam

1938 1231 2208 1287 voluntas
2233 1232 2373 1287 dum
2402 1232 2554 1287 videt
2592 1232 2661 1287 ad
2696 1239 2893 1289 votum
2922 1232 3028 1288 sibi
3057 1233 3253 1288 divina
3284 1249 3397 1289 non
3426 1249 3635 1305 suppe-

1941 1328 2074 1386 tere,
2113 1321 2536 1390 quodammodo
2574 1321 2657 1376 sic
2703 1320 2964 1390 loquitur
3001 1322 3210 1376 rationi
3261 1337 3409 1378 suae:
3462 1323 3632 1389 Deus,

1940 1407 2154 1477 inquit,
2188 1421 2405 1462 munus
2430 1408 2631 1477 gratiae
2657 1407 2729 1462 ad
2752 1407 2895 1464 bene
2918 1409 3205 1479 agendum
3239 1410 3378 1464 mihi
3412 1410 3638 1466 subtra-

1940 1494 2045 1559 xit,
2075 1502 2129 1550 et
2160 1495 2297 1549 dum
2327 1495 2397 1550 ad
2432 1496 2756 1565 spiritualia
2787 1511 2901 1551 non
2935 1497 3297 1566 praevaleam,
3332 1513 3462 1568 quae
3493 1499 3635 1553 ratio
3662 1539 3674 1547 .

1939 1590 2115 1638 estut
2159 1596 2192 1637 a
2247 1582 2509 1637 saeculari
2548 1583 2719 1637 etiam
2758 1583 2995 1639 honesta
3025 1584 3221 1654 aliqua
3260 1590 3479 1640 actione
3509 1599 3634 1640 ces-

1939 1686 2064 1727 sare
2094 1671 2331 1727 debeam
2366 1686 2379 1725 :
2409 1671 2456 1726 si
2502 1671 2695 1741 itaque
2726 1672 2955 1727 interna
2995 1687 3108 1727 non
3142 1676 3315 1741 potes,
3349 1674 3489 1744 quia
3520 1689 3632 1729 non

1938 1761 2065 1816 vult
2096 1761 2267 1826 Deus,
2301 1760 2498 1815 saltem
2552 1759 2689 1815 utile
2719 1760 2943 1830 aliquid
2989 1760 3244 1816 exterius
3272 1761 3630 1828 administra,

1939 1849 2093 1904 unde
2120 1850 2359 1920 juvetur
2383 1848 2703 1918 proximus,
2750 1863 2822 1903 ne
2864 1863 2899 1903 a
2943 1848 3135 1903 fructu
3169 1849 3483 1905 invenieris
3511 1864 3633 1905 om-

1939 1937 2074 1992 nino
2134 1950 2374 1992 vacuus.
2439 1937 2570 1992 Haec
2625 1944 2710 1992 est
2748 1936 3018 2008 IEgyptia
3045 1937 3276 2005 ancilla,
3338 1937 3634 1994 saecularis

1939 2027 2141 2095 utique
2175 2038 2338 2089 cura,
2380 2039 2511 2094 quae
2552 2025 2710 2095 Agar
2739 2026 2969 2092 dicitur,
3006 2025 3060 2080 id
3092 2032 3174 2080 est
3210 2027 3452 2092 advena,
3501 2041 3632 2096 quae

1937 2129 2052 2168 non
2086 2114 2139 2167 in
2172 2114 2384 2168 sanctis
2413 2101 2700 2169 mentibus
2730 2113 3003 2184 indigena
3031 2123 3133 2181 est,
3166 2114 3263 2170 sed
3293 2115 3627 2185 adventitia,

1935 2202 2248 2272 procaciter
2279 2215 2337 2256 se
2376 2201 2662 2271 ingerens,
2698 2216 2810 2257 non
2845 2209 3006 2272 grate
3035 2210 3313 2271 suscepta.

2005 2291 2174 2347 Vsus.
2227 2289 2278 2344 3.
2331 2321 2395 2329 —
2444 2292 2690 2358 Cumque
2744 2291 2832 2343 illi
2881 2292 3242 2358 acquiesceret
3293 2291 3626 2360 deprecanti,

1936 2380 2061 2435 tulit
2131 2383 2288 2446 Agar
2347 2382 2662 2448 Egyptiam
2726 2380 2981 2432 ancillam
3036 2385 3157 2448 post
3225 2394 3394 2434 annos
3450 2380 3631 2436 decem

1935 2484 2099 2537 quam
2142 2468 2390 2522 habitare
2434 2472 2700 2538 caeperant
2749 2469 2806 2521 in
2859 2471 3006 2521 terra
3045 2467 3327 2536 Chanaan,
3392 2474 3442 2522 et
3477 2469 3631 2523 dedit

1878 2587 1883 2592 -
1933 2574 2051 2611 eam
2088 2560 2207 2612 viro
2251 2573 2346 2612 suo
2383 2573 2625 2611 umorem.
2670 2556 2776 2622 Qui
2808 2559 3084 2625 ingressus
3109 2561 3187 2611 est
3236 2557 3311 2611 ad
3357 2572 3512 2611 eam:
3571 2564 3629 2612 at

1932 2648 2032 2700 illa
2080 2650 2375 2715 concepisse
2434 2661 2489 2700 se
2542 2645 2752 2713 videns,
2812 2645 3060 2715 despexit
3121 2645 3397 2700 dominam
3451 2661 3626 2701 suam.

1933 2735 2091 2790 Multi
2120 2750 2250 2791 cum
2284 2748 2351 2789 ea
2377 2750 2506 2805 quae
2534 2734 2895 2803 praetulimus
2929 2734 3035 2790 sibi
3067 2734 3268 2791 dicunt
3307 2735 3629 2806 gratantius

1886 2826 1901 2878 1
1931 2839 1988 2880 se
2018 2823 2230 2880 divinis
2258 2823 2458 2878 ofﬁciis
2495 2821 2793 2878 instituros
2827 2823 2977 2879 inter
3009 2823 3263 2893 agendas
3292 2825 3486 2880 saeculi
3536 2838 3626 2880 res

1931 2912 2040 2969 sibi
2089 2911 2222 2980 ipsis
2253 2910 2595 2980 promittunt
2628 2926 2641 2964 :
2676 2916 2801 2980 post
2846 2910 3038 2965 decem
3063 2925 3201 2982 ergo
3244 2925 3427 2967 annos
3474 2913 3628 2967 acci-

1933 3000 2089 3070 pitur
2119 3001 2297 3068 Agar,
2331 2998 2492 3068 quia,
2546 3006 2903 3069 transgresso
2933 2998 3144 3054 divina!
3177 2999 3317 3070 legis
3366 3001 3624 3070 imperio,

1933 3097 2232 3158 postquam
2267 3086 2323 3142 in
2383 3095 2533 3142 terra
2564 3086 2860 3152 Chanaan,
2921 3087 2979 3141 in
3030 3087 3312 3143 soliditate
3365 3088 3627 3143 videlicet

1930 3189 2154 3229 morum
2188 3174 2523 3230 mutationis
2552 3174 2885 3230 conversari
2930 3174 3301 3242 devoverant,
3353 3183 3482 3231 totae
3530 3189 3622 3231 ra-

1930 3262 2099 3317 tionis
2130 3262 2279 3318 vires
2313 3262 2367 3317 iu
2402 3263 2666 3334 ingressu
2709 3263 2953 3329 ancillae,
2987 3262 3043 3317 id
3068 3270 3150 3318 est
3181 3264 3239 3317 in
3269 3265 3626 3333 experientia

1930 3350 2241 3405 mundialis
2288 3352 2760 3421 concupiscentiae
2814 3366 2933 3408 sese
2985 3351 3307 3420 debilitant;
3350 3351 3623 3407 Chanaan

1927 3440 2078 3493 enim
2115 3447 2399 3496 mutatura
2451 3448 2637 3505 sonat,
2671 3449 2727 3496 et
2783 3449 3014 3505 terram,
3059 3441 3198 3511 quia
3257 3441 3459 3496 stabile
3514 3441 3624 3497 ele-

1930 3536 2190 3583 mentum
2249 3536 2349 3589 est.
2411 3544 2512 3598 pro
2565 3520 2843 3584 soliditate
2915 3532 3040 3599 poni
3116 3538 3384 3585 constat:
3456 3531 3622 3600 quasi

1929 3631 2080 3671 uxor
2134 3632 2270 3687 ergo
2314 3618 2631 3685 asciseitur,
2671 3618 2810 3673 dum
2871 3618 3043 3673 menti
3097 3618 3374 3672 tenaciter
3417 3618 3623 3688 agglu-

1928 3706 2166 3771 tinatur,
2196 3714 2283 3760 ast
2311 3705 2403 3760 ubi
2427 3705 2627 3775 aliqua
2648 3705 2961 3775 cupiditate
2980 3705 3210 3772 fetatur,
3236 3706 3375 3775 quia
3407 3714 3627 3761 utrum-

1929 3809 2043 3864 que
2102 3793 2221 3848 ﬂeri
2288 3808 2403 3847 non
2460 3797 2662 3863 potest,
2733 3801 2787 3848 et
2844 3794 2958 3849 Deo
3010 3794 3244 3861 servire,
3311 3802 3365 3849 et
3415 3795 3625 3849 saeculo

1930 3882 2279 3949 incumbere,
2347 3881 2614 3937 voluntas
2672 3881 2991 3952 spiritualis
3069 3896 3103 3937 a
3162 3883 3378 3938 carnali
3440 3882 3626 3952 primo

1929 3971 2337 4027 contemnitur.

2006 4060 2175 4115 Vens.
2218 4062 2268 4127 5,
2311 4061 2363 4114 6.
2412 4089 2479 4099 --
2508 4059 2725 4129 Inique,
2776 4062 2859 4113 ait
2904 4062 3070 4113 Sarni
3116 4061 3183 4114 ab
3226 4060 3456 4128 Abram,
3507 4064 3627 4128 agis

1931 4152 2117 4202 contra
2148 4163 2231 4201 me
2259 4164 2270 4202 :
2323 4150 2436 4215 Ego
2479 4147 2607 4201 dedi
2630 4149 2888 4202 ancillam
2925 4164 3097 4202 meam
3147 4151 3205 4203 in
3235 4152 3416 4203 sinum
3448 4158 3623 4215 tuum,

1930 4251 2049 4303 qua:
2074 4237 2263 4291 videns
2289 4236 2434 4305 quod
2453 4239 2769 4305 conceperit,
2814 4238 3090 4305 despectui
3127 4253 3210 4291 me
3239 4238 3398 4291 habet
3430 4254 3444 4293 :
3464 4240 3623 4305 judi-

1929 4330 2006 4379 cet
2059 4325 2321 4380 Dominus
2369 4327 2510 4378 inter
2554 4340 2634 4378 me
2662 4329 2712 4378 et
2763 4330 2830 4378 te.
2866 4326 2968 4380 Cui
3015 4325 3269 4379 Abram:
3316 4328 3469 4393 Ecce,
3520 4330 3622 4395 ait,

1927 4413 2129 4466 ancilla
2165 4418 2280 4480 tua,
2331 4417 2479 4466 utere
2524 4429 2587 4467 ea
2634 4419 2695 4466 ut
2742 4413 2891 4468 libet.
2943 4415 3240 4481 Afﬂigente
3285 4415 3458 4481 igitur
3508 4430 3624 4468 eam

1928 4499 2093 4552 δίιναί
2136 4501 2331 4565 rugam
2371 4501 2517 4553 iniit.
2554 4499 2635 4555 Ac
2673 4500 2717 4555 si
2762 4502 2852 4569 pia
2900 4501 3165 4555 voluntas
3212 4500 3426 4569 proprii
3459 4502 3623 4556 meti-

1925 4586 2121 4641 culosa
2177 4587 2373 4657 lapsus
2441 4587 2650 4643 rationi
2718 4588 2943 4655 inferat,
3002 4587 3325 4658 iniquitatis
3387 4589 3621 4659 coargui

1925 4675 2111 4740 debes,
2174 4690 2305 4745 quin
2363 4676 2652 4744 ancillam,
2709 4691 2839 4747 quae
2899 4691 3024 4733 meo
3080 4677 3317 4733 suberat
3362 4676 3619 4746 imperio,

1925 4762 2093 4832 quasi
2119 4764 2426 4833 quemdam
2467 4763 2621 4818 intra
2650 4765 2843 4820 sinum
2894 4765 3005 4820 sub
3046 4771 3097 4819 te
3125 4764 3488 4821 ambiendam
3522 4780 3621 4822 co-

1925 4850 2352 4922 hibendamque
2399 4852 2734 4921 susceperis,
2799 4861 2865 4908 ut
2911 4852 2994 4908 sic
3044 4860 3274 4908 curaret
3324 4853 3616 4921 forastica,

1923 4949 2212 5008 quatenus
2242 4940 2392 4996 intro
2425 4954 2540 4995 non
2586 4940 2948 5007 minuereris,
2984 4949 3039 4996 et
3077 4939 3246 4996 modo
3272 4940 3344 4996 ab
3383 4956 3452 4996 ea
3481 4956 3619 4997 con-

1923 5029 2161 5098 temptui
2193 5044 2283 5084 me
2313 5028 2513 5086 haberi
2543 5044 2656 5085 non
2703 5030 2824 5085 sine
2865 5030 3075 5100 probro
3117 5038 3216 5086 tuo
3262 5029 3489 5100 pateris.
3526 5032 3619 5086 Ju-

1922 5116 2067 5173 dicet
2116 5118 2413 5185 Dominus,
2473 5118 2528 5172 id
2585 5126 2669 5173 est
2698 5119 3003 5185 discernat,
3056 5118 3211 5189 quod
3266 5127 3366 5181 est.
3417 5118 3621 5175 discer-

1922 5219 2056 5261 nere
2094 5212 2147 5262 te
2189 5204 2378 5272 faciat,
2412 5205 2566 5277 quod
2600 5205 2740 5261 mihi
2774 5205 2962 5274 potius
2992 5220 3169 5276 quam
3218 5206 3294 5261 illi
3330 5214 3383 5263 te
3435 5208 3619 5263 inhre-

1921 5306 2045 5348 rere
2075 5300 2441 5350 convenerat.
2488 5293 2555 5347 Et
2586 5292 2732 5349 ratio
2787 5292 2831 5346 si
2885 5300 3003 5358 tua,
3039 5302 3104 5349 ut
3144 5294 3368 5361 asseris,
3410 5295 3619 5351 ancilla

1919 5388 2060 5450 erat,
2106 5394 2229 5438 eam
2279 5382 2420 5439 mihi
2453 5379 2712 5453 ingerere
2773 5396 2885 5437 non
2944 5381 3263 5454 debueras;
3321 5382 3618 5442 ancillatui
