3884 6068
256 181 351 232 l3‘i
1103 176 1164 229 V.
1216 173 1542 229 GUIBERTI
1611 171 1903 227 ABBATIS
1961 172 2017 228 S.
2085 170 2332 228 MARIIE
2389 172 2481 227 DE
2530 168 2927 226 NOVIGENTO

3672 172 3773 222 136

261 327 399 383 ergo
420 326 546 370 eam
578 320 677 369 tuo
715 312 954 382 subjice,
983 318 1038 367 et
1067 311 1111 365 si
1145 309 1383 366 rationis
1406 310 1487 364 uti
1529 308 1663 364 libet
1691 307 1947 377 imperio,
1989 310 2030 362 A
2066 308 2356 377 gnationis
2386 308 2684 362 incussum
2715 305 2817 362 tibi
2857 318 2891 359 a
2929 303 3214 374 spirituali
3247 303 3544 361 voluntate
3588 313 3773 362 terro—

263 402 385 473 ipsa
431 403 515 459 uti
565 401 773 457 ancilla
829 409 1029 455 utere:
1080 399 1286 468 affligit
1346 398 1541 468 itaque
1583 411 1708 452 eam
1771 396 1954 462 Sarai,

261 506 394 560 quae
448 491 661 546 dicitur
720 490 841 544 ideo
898 489 1163 557 princeps
1223 500 1349 542 mea
1401 486 1543 556 quia
1605 485 1954 555 principium

262 572 440 627 sumit
473 572 660 627 omnis
704 571 868 638 vigor
923 567 1160 623 rationis
1218 567 1290 621 ab
1342 567 1483 635 ipsa,
1544 566 1685 636 quia
1741 565 1957 620 crebris

260 659 736 721 restrictionibus,
785 665 838 711 et
872 655 1089 711 timoris
1149 655 1247 709 Dei
1305 654 1533 723 objectu
1591 657 1953 721 coangustat,

262 749 358 803 sed
420 749 518 803 illa
564 748 759 815 fugam
820 745 944 808 init,
997 744 1137 814 quia
1199 743 1308 799 sub
1367 743 1706 799 auctoritate
1766 756 1955 808 mag-

263 845 394 891 strae
452 844 567 892 tam
616 834 860 906 potentis
919 833 1188 899 timendo,
1249 845 1283 887 a
1339 831 1657 902 petulantia
1700 845 1759 885 se
1812 844 1955 883 coii-

264 924 459 980 trahit.

332 1058 509 1113 Vuns.
538 1057 593 1115 '7,
617 1059 670 1118 8.
704 1058 755 1109 9.
784 1086 842 1095 —
869 1055 1103 1123 Cumque
1123 1055 1409 1107 invenisset
1436 1054 1587 1106 illam
1609 1052 1831 1119 angelus
1856 1054 1954 1105 Do-

259 1149 399 1201 mini
412 1147 580 1214 jumla
602 1147 803 1212 fontem
825 1159 979 1212 aquae
1003 1145 1061 1195 in
1088 1143 1399 1206 solitudine,
1424 1158 1543 1210 quae
1562 1146 1637 1194 est
1658 1144 1717 1193 in
1748 1140 1955 1193 deserto

261 1239 319 1288 in
350 1237 441 1287 via
472 1235 597 1297 Sur,
631 1233 781 1285 dixit
812 1232 885 1284 ad
914 1232 1064 1284 illam
1097 1246 1111 1283 :
1149 1234 1331 1297 Agar,
1367 1232 1567 1284 ancilla
1596 1231 1785 1296 Sarai,
1813 1229 1955 1282 unde

259 1324 432 1386 venis,
468 1326 517 1373 et
563 1336 667 1389 quo
696 1318 898 1373 vadis?
945 1320 995 1372 A
1039 1320 1184 1384 facie
1234 1319 1399 1373 Sarai
1428 1318 1657 1371 dominae
1706 1333 1832 1370 meae
1860 1332 1954 1384 ego

260 1413 435 1477 fugio.
470 1411 765 1473 Revertere,
814 1410 911 1472 ait,
953 1407 1026 1460 ad
1073 1407 1345 1461 dominam
1378 1411 1547 1473 tuam,
1579 1412 1627 1459 et
1668 1407 1955 1459 humiliore

261 1499 360 1552 sub
406 1513 569 1551 manu
610 1499 803 1566 ipsius.
836 1496 1090 1563 Angelus
1121 1496 1371 1560 Domini,
1408 1503 1508 1551 aut
1547 1494 1743 1549 divina
1777 1494 1953 1564 inspi-

212 1576 225 1586 ’
261 1587 407 1642 ratio
434 1593 537 1651 est,
571 1592 671 1640 aut
704 1584 886 1640 divini
928 1583 1162 1639 monitio
1212 1583 1445 1654 eloquii,
1479 1598 1610 1654 quae
1661 1598 1764 1638 nos
1795 1583 1953 1638 inve-

262 1675 451 1741 niunt,
482 1688 613 1729 cum
665 1688 769 1727 nos
818 1672 874 1727 in
910 1680 1106 1728 nostra
1145 1673 1426 1742 nequitia,
1460 1687 1592 1728 cum
1642 1687 1755 1726 non
1789 1686 1955 1741 quae-

263 1770 478 1819 runtur
507 1775 541 1817 a
582 1760 766 1825 nobis,
803 1760 1259 1830 deprehendunt.
1292 1761 1470 1816 Juxta
1520 1760 1729 1815 fontem
1763 1766 1954 1815 autem

261 1865 429 1922 aquae
460 1864 681 1915 sumus,
725 1849 862 1905 dum
896 1848 998 1913 illi,
1037 1849 1093 1903 in
1136 1863 1254 1918 quo
1278 1857 1415 1904 sunt
1462 1863 1660 1904 omnes
1701 1848 1956 1904 thesauri

262 1939 554 2011 sapientiae
586 1953 652 1994 ac
687 1937 955 2006 scientiae,
992 1937 1271 1993 inhaerere
1302 1937 1664 2008 appetimus;
1698 1938 1797 2007 qui
1831 1938 1957 1993 fons

264 2029 322 2085 in
353 2028 660 2084 solitudine
690 2027 993 2097 reperitur,
1035 2027 1169 2097 quia
1215 2026 1427 2082 divinae
1476 2026 1839 2096 profunditas
1872 2026 1955 2081 in-

261 2116 606 2188 telligentiae,
640 2130 753 2170 non
799 2114 904 2170 nisi
952 2114 1026 2169 ab
1077 2114 1167 2169 his
1197 2115 1298 2184 qui
1338 2115 1406 2169 de
1430 2113 1767 2185 evagatione
1816 2114 1960 2169 fora-

260 2205 398 2261 stica
441 2203 713 2259 redierint
762 2203 833 2258 ad
880 2217 996 2266 cor,
1032 2202 1386 2273 attingitur:
1449 2202 1542 2257 sed
1600 2202 1844 2258 solitudo
1900 2202 1956 2257 in

262 2294 481 2349 deserto
507 2292 771 2357 habetur,
819 2291 980 2362 quia,
1025 2291 1253 2346 nonnisi
1300 2291 1715 2361 cupiditatibus
1762 2291 1957 2347 saeculi

260 2381 333 2436 ad
386 2381 620 2450 plenum
678 2380 935 2447 desertis,
996 2380 1116 2435 haec
1166 2378 1373 2434 mentis
1432 2378 1598 2449 quies
1657 2386 1712 2434 et
1764 2379 2012 2435 unitas-

263 2469 501 2539 perfecte
558 2469 837 2539 sentitur;
892 2476 947 2523 et
1003 2468 1207 2523 hocin
1247 2468 1341 2523 via
1390 2468 1547 2522 Sur:
1611 2467 1723 2523 Sur
1780 2468 1957 2524 inter-

262 2564 521 2627 pretatur
562 2557 806 2623 nigredo,
862 2556 973 2623 vel,
1025 2557 1281 2622 angustia
1337 2555 1427 2610 vel
1486 2555 1801 2622 fortitudo:
1858 2569 1960 2626 per

267 2645 623 2716 nigredinem
681 2645 930 2715 cognitio
996 2644 1231 2713 peccati,
1294 2658 1470 2699 comae
1525 2645 1675 2699 enim
1737 2658 1957 2714 sponsae

263 2734 446 2805 nigrae
485 2734 653 2804 quasi
704 2747 914 2788 corvus
971 2732 1149 2795 (Cant.
1207 2748 1260 2799 ν,
1321 2731 1439 2797 11);
1484 2746 1584 2801 per
1627 2732 1955 2804 angustiam

263 2823 699 2878 commissorum
734 2822 1053 2892 plenitudo,
1101 2829 1155 2877 et
1204 2821 1406 2876 deinde
1459 2829 1657 2877 contra
1700 2822 1959 2877 adverso-

262 2924 392 2965 rum
425 2909 710 2966 molestias
748 2908 1014 2978 sequitur
1059 2908 1348 2964 fortitudo.
1398 2909 1544 2965 Dicit
1585 2924 1723 2981 ergo
1774 2908 1952 2979 Agar,
1997 2907 2037 2963 C

262 3014 394 3069 quae
434 2999 553 3070 jam
597 2998 689 3053 hic
739 2997 1137 3067 interpretaris
1174 3012 1470 3064 conversa,
1529 3006 1582 3054 et
1630 2998 1790 3053 Sarai
1834 2999 1952 3069 jam

262 3087 512 3143 nosceris
554 3084 830 3157 principis
860 3085 1089 3153 ancilla,
1129 3087 1355 3141 attende
1406 3094 1693 3156 quantum
1732 3084 1956 3141 differat

265 3175 413 3231 inter
465 3175 518 3231 id
556 3174 711 3230 unde
741 3174 923 3241 venis,
970 3174 1304 3230 saecularem
1365 3175 1582 3231 scilicet
1613 3189 1952 3241 excursum,

260 3269 315 3316 et
346 3261 484 3316 illud
532 3261 602 3316 ad
633 3261 788 3331 quod
829 3261 998 3317 modo
1049 3262 1251 3330 tendis,
1304 3262 1483 3317 divini
1518 3263 1770 3334 praesidii
1827 3277 1958 3318 con-

263 3349 487 3420 fugium
520 3363 535 3418 ;
568 3362 602 3403 a
629 3348 790 3416 facie,
827 3349 1034 3421 inquit,
1074 3349 1125 3404 id
1158 3358 1241 3406 est
1280 3363 1314 3405 a
1357 3350 1809 3407 consideratione
1852 3350 1959 3420 spi-

263 3438 490 3493 ritualis
516 3437 832 3494 voluntatis
881 3438 1020 3493 mihi
1058 3438 1437 3509 praesidentis,
1486 3446 1541 3495 et
1570 3439 1768 3495 divina
1814 3438 1957 3495 mihi

256 3525 479 3595 judicia
533 3527 877 3597 opponentis
927 3527 1283 3596 pertimesco.
1340 3528 1663 3595 Revertere,
1728 3527 1826 3593 ait,
1887 3528 1958 3583 ad

263 3614 441 3682 illam,
476 3615 530 3670 id
558 3624 643 3670 est
669 3630 702 3670 a
732 3628 849 3685 qua
892 3615 1203 3671 immaturo
1244 3615 1437 3671 adhuc
1466 3616 1666 3671 timore
1696 3613 1951 3685 diﬁ‘ugis.

257 3703 327 3757 ad
360 3703 484 3773 ejus
514 3704 882 3774 exsequenda
914 3711 969 3760 et
999 3704 1247 3759 amanda
1282 3710 1565 3773 praecepta
1602 3709 1952 3769 convertere,

258 3800 312 3848 et
350 3793 621 3862 operibus
638 3792 765 3864 ejus
795 3792 849 3847 in
874 3792 1034 3848 nullo
1059 3792 1449 3864 suggruniens
1476 3791 1770 3848 humiliter
1790 3790 1954 3861 quasi

264 3876 461 3936 manui
494 3881 621 3951 ejus
650 3880 881 3936 subdita
912 3894 1067 3951 pare.

334 4010 502 4067 Vnus.
548 4015 632 4079 10,
678 4015 763 4078 11,
818 4015 902 4067 12.
954 4042 1023 4053 -
1071 4014 1466 4082 Multiplicans,
1525 4013 1716 4083 inquit
1775 4014 1956 4067 multi-

256 4101 471 4169 plicabo
508 4116 681 4156 semen
729 4106 901 4167 tuum,
949 4106 1000 4156 et
1046 4118 1151 4157 non
1195 4103 1573 4157 numerabitur
1614 4119 1729 4173 prae
1770 4102 1954 4157 multi-

2069 410 2209 451 rem.
2245 397 2367 464 Hic,
2425 395 2633 466 inquit,
2685 394 2908 464 primus
2957 393 3346 449 conversionis
3395 400 3509 449 tuae
3558 401 3768 462 status,

2069 484 2238 539 homo
2268 485 2499 555 quidem
2540 484 2649 539 erit
2679 491 2910 552 propter
2956 480 3219 536 assiduos
3263 480 3588 537 carnalium
3637 490 3771 537 ten-

2066 572 2348 628 tationum
2387 572 2689 641 impulsus,
2729 571 2825 626 sed
2860 570 3015 626 ferus
3044 577 3276 640 propter
3303 570 3498 626 viriles
3538 585 3771 627 earum-

2064 661 2191 715 dem
2255 676 2369 717 non
2422 660 2668 716 feminea
2732 659 3092 724 lentitudine,
3138 659 3233 714 sed
3310 660 3469 729 regia
3509 660 3768 730 quadam

2066 752 2403 805 auctoritate
2464 749 2745 819 repulsus,
2805 762 3016 803 manus
3061 747 3203 817 ejus,
3252 748 3505 817 potentia
3561 748 3769 818 utique

2064 847 2263 893 contra
2288 853 2486 894 omnes
2515 837 2714 901 animi,
2748 837 2835 893 vel
2868 836 3062 891 carnis
3092 835 3366 904 assultus,
3416 844 3472 892 et
3499 838 3765 892 omnium

2067 940 2272 982 rursus
2329 941 2528 983 eorum
2578 926 2634 981 in
2692 925 2958 981 eumdem
3020 924 3304 993 dirigetur
3352 923 3662 993 incursu's;
3710 933 3767 981 et

2064 1015 2459 1082 tabernacula,
2509 1015 2564 1071 id
2593 1023 2678 1071 est
2710 1015 3021 1085 quemdam
3070 1013 3288 1068 militiae
3317 1014 3681 1068 devotionem
3732 1028 3765 1068 e

2063 1103 2296 1173 regione
2349 1104 2595 1159 lratrum
2643 1116 2905 1167 suorum,
2932 1108 3193 1156 motuum
3240 1100 3505 1155 videlicet
3550 1100 3768 1156 anima-

2065 1189 2205 1246 lium
2235 1206 2307 1247 ex
2334 1191 2530 1247 eodem
2580 1191 2787 1247 mentis
2826 1190 3035 1261 gradu,
3069 1191 3171 1260 qui
3204 1198 3446 1245 vocatur
3474 1190 3766 1259 appetitus

2061 1294 2256 1335 secum
2290 1281 2747 1350 progenitorum;
2784 1294 2855 1335 ex
2902 1278 3010 1333 hoc
3056 1278 3210 1334 enim
3239 1286 3294 1333 et
3340 1278 3483 1333 bene
3529 1286 3581 1333 et
3613 1278 3765 1334 male

2062 1368 2384 1437 appetimus
2418 1383 2429 1421 :
2465 1369 2620 1438 liget,
2680 1367 2893 1423 scilicet
2938 1366 3055 1422 lixa
3099 1366 3406 1422 indictione
3459 1370 3760 1436 proponet,

2064 1464 2127 1510 ut
2165 1456 2313 1510 sicut
2346 1455 2694 1523 desiderium
2740 1456 2996 1524 corporis
3050 1454 3259 1510 militat
3315 1454 3593 1509 adversus
3646 1454 3765 1523 spi-

2062 1544 2261 1610 ritum,
2336 1544 2417 1599 sic
2481 1544 2716 1614 spiritus
2794 1558 2970 1613 super
3010 1544 3273 1614 equitare
3329 1542 3619 1599 contendit
3678 1543 3764 1598 id-

1997 1613 2040 1666 B
2067 1632 2274 1703 ipsum.

2136 1722 2308 1777 Vnus.
2348 1720 2431 1789 13,
2472 1723 2555 1776 14.
2605 1751 2675 1761 --
2717 1721 2947 1775 Vocavit
3000 1725 3180 1774 autem
3212 1723 3373 1787 Agar
3417 1733 3606 1773 nomen
3660 1721 3765 1771 Do-

2065 1813 2221 1876 mini,
2256 1813 2354 1880 qui
2397 1811 2716 1879 loquebatur
2754 1810 2828 1863 ad
2873 1825 3037 1863 eam:
3092 1811 3170 1863 Tu
3219 1809 3382 1874 Deus,
3430 1809 3528 1876 qui
3570 1806 3774 1859 vidisti

2065 1915 2164 1952 me.
2215 1901 2459 1964 Profecto
2525 1899 2612 1953 hic
2656 1898 2775 1952 vidi
2820 1900 3124 1968 posteriora
3180 1896 3418 1950 videntis
3484 1911 3584 1949 me.
3639 1896 3769 1950 Pro-

2064 1993 2249 2057 pterea
2290 1989 2589 2057 appellavit
2628 1994 2853 2058 puteum
2893 1990 3087 2042 illum:
3128 1988 3357 2041 Puteum
3406 1987 3658 2051 viventis,
3714 1989 3768 2038 et

2065 2076 2301 2130 videntis
2347 2091 2448 2130 me.
2504 2078 2628 2145 Ipse
2674 2080 2753 2129 est
2803 2079 2945 2129 inter
2993 2075 3163 2132 Gades
3205 2080 3255 2128 et
3302 2074 3509 2129 Barad.
3542 2074 3764 2130 Nomen

2066 2164 2163 2219 Dei
2194 2178 2401 2221 vocare
2426 2172 2528 2230 est,
2574 2165 2892 2221 secundum
2922 2165 2976 2219 id
3015 2163 3170 2234 quod
3214 2163 3524 2218 introrsum
3556 2161 3769 2216 discre-

2064 2250 2274 2306 tionem
2330 2251 2495 2305 nobis
2550 2250 2743 2306 dando
2801 2251 3080 2321 loquitur,
3130 2249 3198 2305 de
3245 2250 3372 2320 ejus
3411 2247 3766 2319 benignitate

2065 2353 2183 2408 qua
2212 2353 2317 2394 nos
2346 2339 2519 2407 videt,
2548 2340 2689 2410 quia
2714 2340 2960 2409 profecto
2987 2346 3247 2394 nostrum
3279 2338 3336 2393 in
3382 2351 3498 2408 quo
3526 2350 3766 2392 eramus

2064 2441 2313 2483 errorem
2342 2428 2508 2484 nobis
2538 2428 2813 2494 insinuat,
2849 2442 3109 2498 congrua
3164 2427 3485 2497 gratiarum
3535 2424 3764 2480 actione

2065 2515 2392 2571 aestimare:
2435 2516 2723 2572 anteriora
2754 2515 2871 2579 Dei,
2912 2515 3058 2569 visio
3107 2514 3303 2586 gloriae
3349 2514 3475 2585 ejus
3507 2520 3590 2567 est
3623 2527 3636 2565 :
3698 2514 3762 2566 In

2063 2605 2314 2672 reliquiis
2369 2604 2521 2659 enim
2561 2607 2673 2658 tuis
2729 2604 2807 2659 ait
2860 2604 3136 2673 psalmus,
3182 2601 3529 2672 praeparabis
3577 2603 3765 2655 vultus

2064 2708 2244 2746 eorum
2297 2692 2464 2762 (Psal.
2493 2707 2589 2757 xx,
2636 2692 2727 2762 13)
2760 2708 2773 2747 :
2823 2692 3155 2762 posteriora,
3191 2698 3404 2747 aeterna
3435 2690 3762 2757 damnatio;

2065 2781 2345 2850 percussit
2392 2795 2645 2852 namque
2691 2782 2952 2836 inimicos
2978 2795 3112 2837 suos
3157 2782 3213 2834 in
3243 2778 3555 2848 posteriora
3584 2778 3762 2843 (Psat.

2064 2883 2275 2936 Lxxvn,
2335 2871 2445 2940 66).
2508 2871 2610 2925 llic
2656 2884 2814 2940 ergo,
2862 2870 2917 2924 id
2961 2876 3046 2924 est
3088 2868 3143 2923 in
3178 2867 3358 2922 nostri
3414 2866 3762 2935 cognitione,

2065 2954 2349 3023 videmus,
2381 2956 2593 3012 scilicet
2619 2955 3013 3025 intelligimus,
3046 2968 3222 3025 quam
3256 2953 3411 3009 triste
3449 2961 3534 3008 est
3567 2968 3767 3023 quem-

2064 3042 2213 3113 piam
2249 3044 2381 3114 poni
2404 3045 2660 3111 dorsum,
2693 3043 2955 3099 amittere
2990 3044 3192 3113 utique
3220 3042 3319 3097 Dei
3345 3040 3592 3107 vultum,
3626 3055 3764 3096 cum

2067 3140 2181 3188 tam
2230 3132 2448 3189 malum
2489 3133 2561 3188 sit
2598 3133 2792 3188 vivere
2832 3130 3146 3202 quemlibet
3184 3130 3403 3201 absque
3440 3129 3539 3186 Dei
3586 3137 3640 3185 et
3669 3129 3764 3185 sui

2065 3220 2242 3290 ipsius
2278 3228 2537 3290 respectu
2584 3220 2900 3276 secundum
2953 3233 3199 3290 pravum
3245 3221 3505 3274 animum
3563 3232 3762 3274 suum.

2064 3309 2280 3365 Puteus
2308 3318 2497 3364 autem
2528 3315 2613 3365 est
2641 3306 2927 3377 profunda
2956 3307 3087 3363 vitae
3116 3314 3344 3371 nostrae,
3392 3314 3447 3362 et
3497 3307 3766 3361 instantis

2063 3404 2119 3453 et
2165 3397 2465 3466 praeteritae
2517 3394 2916 3462 consideratio,
2967 3395 3035 3450 de
3085 3409 3204 3466 qua
3252 3395 3567 3465 saepissime
3605 3394 3762 3450 hau-

2064 3485 2217 3541 ritur
2280 3484 2627 3541 dulcissimae
2694 3484 3154 3554 compunctionis
3203 3483 3553 3539 inundatio:
3602 3483 3763 3539 hunc

2064 3573 2240 3643 igitur
2270 3573 2646 3643 appellamus.
2688 3573 2845 3643 quod
2890 3580 2974 3628 est
3009 3571 3516 3628 animadvertendo
3545 3571 3760 3627 discer-

2067 3661 2260 3717 nimus
2311 3662 2621 3733 quamdam
2674 3660 2866 3717 vitalis
2913 3661 3232 3717 intellectus
3283 3660 3587 3731 originem,
3641 3672 3763 3729 quo

2063 3758 2117 3805 et
2151 3766 2255 3806 nos
2300 3751 2449 3820 ipsos
2498 3750 2917 3822 cognoscimus,
2963 3763 3216 3820 eumque
3255 3763 3288 3803 a
3334 3763 3450 3819 quo
3478 3749 3765 3818 cognosci-

2068 3853 2236 3908 mur;
2290 3840 2411 3894 haec
2441 3848 2527 3895 est
2553 3839 2707 3894 enim
2753 3840 2874 3894 vita
2924 3846 3159 3904 aeterna,
3197 3846 3261 3893 ut
3305 3843 3654 3909 cognoscant
3685 3843 3763 3905 te,

2065 3928 2254 3998 inquit
2308 3930 2489 3996 (Joan.
2574 3942 2710 3990 xvn.
2788 3927 2860 3997 3).
2926 3927 3105 3983 Cades
3171 3927 3582 3995 interpretatur
3647 3939 3766 3977 mu-

2065 4020 2201 4081 tata,
2234 4016 2322 4071 vel
2343 4021 2564 4083 sancta;
2598 4016 2791 4071 Barad
2815 4015 3138 4085 benedictio;
3162 4014 3300 4070 dum
3332 4028 3585 4083 namque
3625 4013 3766 4069 hinc

2062 4105 2132 4160 ad
2165 4118 2393 4160 morum
2444 4112 2704 4161 veterum
2764 4105 3142 4161 mutationem
3176 4117 3277 4173 per
3302 4118 3477 4174 quam
3521 4102 3765 4172 attinga-

256 4192 462 4243 tu'line.
497 4192 819 4259 Concepisti,
862 4196 911 4243 et
936 4193 1121 4259 paries
1148 4192 1323 4259 ﬁlium
1353 4208 1365 4245 :
1398 4193 1724 4261 vacabisque
1764 4207 1954 4246 nomen
1995 4209 2035 4263 ι)
2067 4207 2195 4248 mus
2224 4192 2580 4248 sanctitatem
2610 4207 2969 4259 exercemur,
2998 4199 3052 4247 et
3083 4191 3243 4246 illinc
3285 4191 3358 4246 ad
3407 4205 3617 4261 conseq
3630 4205 3765 4246 uen-

253 4276 370 4347 ejus
416 4279 629 4346 Ismael,
681 4294 738 4333 eo
787 4278 933 4348 quod
975 4279 1216 4332 audierit
1275 4280 1541 4334 Dominus
1601 4282 1954 4349 afﬂictionem

257 4369 425 4421 tuam.
471 4368 575 4421 Hic
620 4370 724 4421 erit
749 4369 902 4433 ferus
938 4368 1109 4434 homo,
1150 4383 1345 4423 manus
1373 4368 1491 4437 ejus
1533 4374 1721 4423 contra
1750 4384 1951 4433 omnes,

253 4460 303 4508 et
333 4470 527 4511 manus
551 4458 790 4510 omnium
827 4460 1016 4510 contra
1056 4472 1204 4522 eum;
1235 4461 1286 4510 et
1329 4472 1356 4510 e
1398 4459 1613 4525 regione
1641 4462 1954 4512 cunctorum

252 4545 495 4610 fratrum
551 4559 771 4599 suorum
830 4547 957 4611 ﬁget
1004 4545 1373 4600 tabernacula.
1424 4545 1478 4601 Si
1545 4560 1840 4613 aerumnae,
1898 4553 1954 4603 et

253 4640 565 4703 conceptus
590 4631 761 4701 juxta
799 4632 952 4703 quod
986 4634 1123 4689 Evae
1172 4634 1391 4690 dictum
1421 4642 1523 4701 est,
1575 4635 1678 4692 tibi
1710 4649 1798 4691 me
1836 4650 1956 4706 per-

257 4721 514 4777 mittente
566 4719 1049 4790 multiplicantur,
1096 4736 1168 4779 ne
1197 4723 1557 4792 extimescas,
1607 4724 1748 4794 quia
1787 4738 1950 4780 acce-

254 4809 522 4865 dentibus
541 4808 615 4864 ad
648 4809 830 4864 Deum
863 4810 1315 4867 innumerabiles
1339 4812 1715 4869 tentationum
1738 4821 1949 4880 motus,

252 4912 385 4967 quae
416 4904 554 4953 sunt
598 4898 822 4953 semina
850 4898 1060 4965 carnis,
1093 4907 1458 4969 exsurgunt:
1493 4900 1800 4971 concepisti
1847 4915 1952 4971 ego

253 4999 411 5055 spem
444 4985 839 5055 quarumlibet
890 4987 1291 5056 cupiditatum,
1326 4988 1421 5043 sed
1452 4989 1554 5045 tibi
1588 5003 1688 5058 per
1733 4989 1951 5044 confes-

252 5076 467 5129 sionem
499 5081 583 5129 est
625 5074 991 5144 pariendum,
1025 5089 1355 5146 nomenque
1403 5076 1503 5131 lilii
1536 5076 1732 5145 hujus,
1779 5075 1839 5131 id
1869 5084 1954 5132 est

253 5162 519 5218 discretio
575 5162 709 5219 boni
763 5164 929 5234 primi
992 5163 1191 5235 hujus,
1240 5165 1396 5236 quod
1448 5172 1534 5220 est
1593 5164 1948 5233 paenitentia,

255 5251 481 5317 Ismael,
509 5250 564 5306 id
593 5259 675 5307 est
718 5252 940 5308 auditio
967 5252 1065 5308 Dei
1097 5262 1355 5318 vocatur,
1389 5267 1455 5308 eo
1481 5257 1577 5307 υτ
1631 5252 1785 5322 quod
1839 5267 1951 5309 au-

252 5338 451 5401 dierit,
486 5337 543 5393 id
573 5346 656 5394 est
686 5339 875 5395 audiri
902 5340 1115 5408 fecerit,
1150 5341 1304 5410 quod
1335 5354 1450 5395 non
1473 5347 1556 5394 est
1587 5340 1744 5396 aliud
1773 5355 1949 5411 quam

255 5426 496 5496 intelligi
541 5426 906 5485 afﬂictionem
961 5437 1161 5495 tuam,
1211 5441 1474 5498 supernae
1530 5428 1743 5486 scilicet
1796 5431 1952 5486 indi-

2060 4280 2191 4335 dam
2226 4282 2385 4350 regni
2421 4280 2659 4350 superni
2699 4280 3149 4336 benedictionem
3180 4277 3553 4348 porrigimur,
3587 4277 3762 4347 quasi

2064 4370 2118 4425 in
2178 4370 2426 4440 quodam
2484 4369 2800 4425 meditullio
2825 4368 2991 4439 positi
3047 4368 3155 4423 hac
3197 4366 3442 4437 illacque
3485 4365 3760 4421 distrahi-

2060 4473 2213 4525 mur,
2268 4465 2323 4514 et
2367 4466 2637 4514 neutrum
2685 4458 2876 4514 adhuc
2928 4456 3173 4527 perfecte
3229 4454 3758 4525 apprehendimus:

2059 4561 2132 4603 ex
2163 4547 2270 4603 hoc
2294 4555 2484 4602 autem
2506 4553 2677 4615 puteo
2705 4546 2855 4601 vires
2893 4543 3197 4612 sumimus,
3231 4543 3386 4599 unde
3424 4542 3497 4598 ad
3529 4549 3759 4598 utrum-

2062 4650 2176 4706 que
2208 4634 2512 4690 tendamus
2542 4649 2554 4688 :
2598 4633 2810 4689 dicitur
2836 4633 3007 4689 etiam
3059 4632 3245 4687 Barad
3275 4630 3467 4687 verius
3504 4630 3761 4686 transla-

2062 4731 2207 4789 tum,
2260 4722 2527 4792 grando:
2581 4721 2735 4791 quod
2782 4720 2976 4776 innuit
3024 4719 3386 4776 conscientiae
3440 4718 3764 4775 concussio-

2062 4824 2211 4879 nem,
2254 4809 2394 4879 quia
2422 4823 2583 4864 mens
2614 4809 2746 4863 hinc
2781 4808 3016 4879 quidem
3066 4822 3169 4878 per
3198 4807 3597 4872 mutationem,
3630 4820 3764 4862 san-

2060 4899 2430 4968 ctitatemque
2468 4898 2635 4968 quasi
2693 4896 3043 4965 defenditur,
3095 4896 3191 4953 sed
3250 4910 3352 4966 per
3398 4897 3760 4967 frequentem

2064 4995 2447 5057 peccatorum,
2504 4993 2560 5041 et
2628 4986 3006 5043 humanitatis
3026 4985 3413 5042 incursionem
3465 4994 3758 5055 accusata,

2061 5089 2128 5131 ac
2159 5075 2204 5131 si
2234 5074 2484 5146 quodam
2518 5074 2651 5130 hinc
2680 5074 2810 5131 inde
2858 5073 3272 5146 cogitationum
3316 5073 3489 5143 juxta
3525 5072 3761 5143 Aposto-

2062 5163 2182 5219 lum
2207 5164 2625 5231 accusantium,
2678 5170 2780 5219 aut
2805 5163 2977 5219 etiam
3021 5162 3448 5219 defendentium
3481 5164 3657 5228 (Rom.
3697 5178 3756 5229 ιι,

2066 5252 2149 5321 15)
2180 5251 2461 5323 grandine
2490 5251 2843 5308 molestatur.

2132 5342 2304 5398 Vnus.
2342 5343 2426 5396 16.
2460 5371 2525 5381 --
2562 5342 2846 5409 Octoginta
2876 5344 2926 5394 et
2954 5354 3051 5394 sea:
3089 5354 3352 5393 annonam
3392 5339 3752 5405 eratAbram,

2062 5430 2280 5499 quando
2331 5432 2542 5499 peperit
2590 5432 2641 5483 ei
2700 5430 2857 5497 Agar
2911 5427 3204 5483 lsmaelem.
3265 5425 3608 5483 Octonarius
3680 5442 3750 5484 ex
