3884 6068
78 162 198 215 I37

1210 164 1564 219 MORALIUM
1606 165 1672 219 IN
1710 164 2033 225 GENESIN.
2067 196 2133 205 ~—
2167 167 2296 221 LIB.
2340 166 2410 221 V.

3508 168 3605 223 138

69 294 502 364 quaternariis
541 303 809 352 constans
835 296 1080 352 refertur
1126 297 1199 352 ad
1239 298 1592 367 temporalia,
1646 313 1798 369 quo-
1838 301 1881 353 Α
1915 299 1972 354 in
2001 308 2310 371 conspectu
2341 310 2463 371 tuo,
2494 302 2630 357 dicit
2659 302 2838 357 Isaias
2867 301 2999 371 (Isa.
3032 317 3185 366 wa,
3218 303 3296 372 6).
3341 304 3405 359 In
3433 318 3607 360 carne

71 397 229 438 rum
268 383 529 452 patimur
560 384 615 439 in
659 384 866 440 nostris
914 384 1093 441 initiis
1143 387 1460 456 appetitum
1495 402 1507 440 :
1544 388 1806 443 senarius

69 472 157 527 ad
201 473 502 527 bonorum
550 486 789 542 operum
833 487 965 543 quae
1022 487 1193 544 agere
1240 474 1632 531 desideramus
1682 491 1806 545 pro-

72 562 350 629 fectum;
398 561 504 616 etsi
551 561 705 617 enim
761 561 904 616 bene
952 563 1207 619 exterius
1276 577 1447 633 agere
1517 564 1802 632 videmur,

72 657 299 705 tamen
329 649 675 719 plerumque
705 650 957 720 graviter
980 650 1134 706 intro
1156 651 1538 721 cupiditatum
1557 654 1805 708 stimulis

68 737 575 807 compungimur.
642 737 937 793 Ismaelem
1000 747 1143 795 tunc
1210 740 1490 809 parimus,
1569 741 1805 810 quando

68 825 395 889 audiente,
455 825 509 879 id
564 833 648 881 est
700 826 1014 897 intelligere
1070 841 1174 883 nos
1234 825 1477 884 faciente
1536 829 1802 898 ineptiam

71 921 363 970 nostram
416 916 548 975 Deo.
592 913 663 969 ad
712 914 1121 971 confessionem
1165 918 1378 985 peccati
1437 917 1807 987 perducimus

71 1002 337 1058 ﬂuxum
366 1002 617 1057 carnalis
645 1001 904 1059 allectus.

725 1125 956 1184 CAPUT
1004 1127 1188 1184 XVII.

430 1232 618 1286 Totum
638 1236 803 1299 caput
825 1234 1129 1300 promiscue
1156 1233 1484 1303 explicatur.

153 1355 312 1418 Quae
347 1362 676 1425 sequuntur
729 1368 762 1409 a
809 1355 1007 1411 multis
1046 1357 1216 1412 etiam
1270 1358 1614 1427 tropologice
1670 1365 1807 1414 sunt

76 1449 347 1497 tractata
399 1442 746 1508 doctoribus,
788 1450 844 1498 et
893 1451 1030 1499 sunt
1069 1458 1200 1514 qua
1249 1458 1350 1514 per
1395 1458 1453 1500 se
1498 1446 1637 1501 satis
1683 1446 1808 1501 elu-

76 1538 288 1597 ceant,
331 1530 572 1600 sparsim
610 1544 747 1601 ergo
792 1531 987 1587 minus
1033 1532 1287 1601 patentia
1318 1547 1503 1603 usque
1553 1535 1623 1589 ad
1672 1549 1804 1590 eum

1910 397 2101 445 autem
2133 398 2327 445 nostra
2342 391 2446 445 hoc
2478 391 2659 445 fiedus
2684 400 2964 446 aeternum
2994 399 3094 458 est,
3124 393 3266 461 quia
3296 392 3354 447 in
3379 394 3603 448 carnali

1913 487 2107 532 nostro
2159 478 2386 544 affectu,
2444 478 2546 548 qui
2602 478 2869 547 superius
2908 488 3059 534 terra
3109 480 3603 550 peregrinationis,

1912 572 1966 621 et
2012 565 2308 633 Chanaan,
2368 567 2521 636 quod
2566 581 2600 621 a
2645 575 2797 623 statu
2860 575 3012 623 recto
3072 583 3171 638 per
3211 583 3345 623 eum
3389 583 3608 640 evaga-

1916 668 2065 716 mur.
2120 662 2175 709 et
2223 655 2590 711 mutabilitati
2623 655 2984 725 subjicimur,
3032 656 3403 726 appellatur:
3447 665 3610 713 tenor

1912 743 2295 811 continentize,
2342 757 2459 813 qua
2508 744 2621 798 Deo
2671 744 3087 809 eonnectimur,
3130 759 3358 801 necesse
3405 746 3609 801 obser-

1914 838 2103 886 νθῐιιτ.

1985 920 2156 976 Vens.
2199 924 2282 974 14.
2327 949 2397 959 -
2437 922 2731 988 Masculus,
2781 921 2935 989 cujus
2978 936 3104 975 caro
3151 924 3473 976 circumcisa
3504 937 3611 976 non

1912 1010 2103 1076 fuerit,
2151 1010 2361 1078 peribit
2410 1012 2597 1063 anima
2648 1011 2744 1064 illa
2782 1011 2847 1064 de
2890 1012 3089 1079 populo
3146 1025 3262 1063 suo.
3306 1007 3471 1075 Quod
3522 1014 3609 1062 est

1912 1096 2100 1153 dicere
2132 1112 2144 1151 :
2175 1098 2359 1153 Fortis
2402 1097 2651 1161 animus,
2704 1112 2808 1153 nec
2857 1098 3099 1153 feminea
3148 1097 3384 1153 mollitie
3432 1096 3610 1166 dege-

1914 1199 2035 1251 ner,
2068 1185 2168 1255 qui
2195 1186 2455 1241 carnales
2492 1185 2732 1241 allectus
2782 1201 2894 1241 non
2942 1186 3267 1253 absciderit,
3319 1199 3391 1240 ex
3431 1184 3613 1239 nimia

1915 1273 2335 1330 suborientium
2380 1274 2727 1345 vulgaritate
2791 1274 3226 1339 desideriorum,
3275 1280 3330 1329 et
3377 1272 3614 1343 propria

1915 1362 2268 1418 animalitate
2304 1363 2525 1432 peribit.
2571 1363 2730 1418 Sarni
2766 1371 2981 1429 autem,
3024 1363 3076 1417 id
3119 1369 3203 1417 est
3256 1362 3609 1417 voluntatem

1915 1450 2136 1520 spiritui
2162 1465 2230 1505 ac
2257 1452 2305 1506 si
2336 1452 2544 1507 marito
2569 1465 2859 1506 annexam
2882 1452 3210 1521 conjugem,
3243 1465 3359 1505 non
3381 1449 3614 1504 vocabis

1916 1538 2235 1608 specialiter
2275 1539 2577 1595 extrinseci
2639 1546 2722 1594 tu:
2772 1547 2954 1605 actus,
3005 1553 3123 1607 quo
3195 1538 3459 1593 excelsus
3512 1535 3614 1593 tibi

80 1620 314 1685 locum,
368 1619 490 1685 ubi,
540 1620 821 1687 Apparuit
864 1600 1102 1674 Abrahae
1148 1600 1424 1676 Dominus
1444 1622 1504 1676 in
1568 1624 1807 1677 convalle
1846 1600 1885 1653 Β
1916 1600 2146 1687 videris,
2205 1630 2259 1678 et
2322 1637 2495 1692 quem
2567 1636 2667 1691 pro
2741 1600 2948 1678 saeculi
3004 1600 3301 1678 bonestate
3358 1635 3611 1686 exerces,

76 1707 364 1772 Mambre,
395 1714 532 1762 sunt
552 1706 911 1762 discutienda
939 1709 1308 1765 succinctius.

156 1795 347 1850 Vnus.
386 1797 435 1848 1.
456 1824 528 1835 -
557 1796 870 1861 Nonaginta
898 1811 1083 1851 nouem
1113 1813 1378 1852 annorum
1409 1814 1519 1853 esse
1553 1805 1801 1869 casperat,

78 1898 226 1940 cum
237 1883 298 1939 ei
322 1897 528 1939 nomen
543 1884 695 1939 Deus
708 1884 994 1952 immutat,
1014 1886 1154 1955 quia
1166 1886 1236 1941 ad
1251 1887 1644 1942 centenarium
1660 1886 1804 1941 divi-

80 1985 176 2026 nae
204 1970 737 2041 contemplationis,
761 1973 862 2043 qui
888 1974 1233 2030 transfertur
1250 1974 1307 2029 in
1328 1975 1643 2041 dexteram,
1673 1990 1803 2031 nec-

82 2060 235 2115 dum
259 2059 684 2116 homointerior
698 2070 1055 2130 pervenerat,
1072 2064 1173 2133 qui
1196 2077 1328 2118 cum
1350 2063 1801 2132 paterexcelsus,

84 2148 254 2219 quod
285 2155 374 2203 est
421 2148 655 2216 Abram,
696 2157 924 2219 propter
960 2151 1241 2221 quasdam
1274 2151 1627 2207 extrinsecas
1661 2167 1805 2207 con-

90 2236 404 2305 tinentias,
473 2251 622 2306 quas
680 2238 966 2309 attigerat,
1024 2239 1130 2295 sibi
1189 2240 1500 2296 videretur.
1565 2241 1806 2295 Ambula

88 2340 284 2379 coram
308 2341 412 2393 me,
445 2331 502 2379 et
541 2331 650 2380 esto
694 2329 989 2395 perfectus,
1035 2328 1085 2384 ei
1132 2328 1365 2394 dicitur,
1419 2337 1482 2384 ut
1529 2344 1644 2385 non
1688 2337 1805 2385 tam

89 2427 295 2469 coram
326 2414 660 2470 hominibus
690 2429 866 2486 quam
900 2416 958 2471 in
1001 2416 1277 2483 interiori,
1312 2417 1464 2486 quod
1498 2425 1581 2473 est
1611 2430 1803 2472 coram

91 2501 212 2556 Deo
266 2501 560 2571 proficere,
625 2510 679 2558 et
750 2504 947 2573 perlici
1009 2505 1258 2560 studeas.
1311 2505 1474 2561 Cadit
1531 2506 1602 2560 ad
1684 2505 1819 2569 haec~

90 2592 320 2646 Abram
343 2592 405 2645 in
433 2589 655 2657 faciem,
688 2592 829 2661 quia
854 2593 956 2662 qui
987 2606 1045 2648 se
1077 2594 1261 2649 meriti
1308 2595 1548 2663 putabat
1597 2594 1806 2649 habere

90 2679 522 2747 celsitudinem,
556 2680 625 2735 de
654 2680 880 2736 interna
919 2681 1067 2737 illico
1112 2681 1452 2753 indignitate
1491 2682 1804 2751 reprehen-

91 2782 194 2823 sus
224 2780 401 2823 suam
428 2768 713 2824 erubescit
743 2769 1073 2835 foeditatem,
1110 2771 1269 2839 quod
1297 2780 1379 2826 est
1412 2771 1468 2825 in
1498 2770 1806 2840 Scripturis

92 2855 307 2911 cadere
361 2856 424 2909 in
471 2855 692 2911 faciem.
745 2857 935 2926 (Vens.
987 2858 1041 2927 4)
1100 2859 1242 2925 Ego,
1300 2858 1511 2928 inquit,
1559 2874 1677 2913 sum
1748 2858 1803 2912 id

94 2950 199 3009 est,
231 2943 621 3000 essentialiter
650 2944 1047 3011 immutabilis,
1086 2954 1142 3002 et
1170 2946 1301 3003 inde
1340 2955 1572 3016 pactum
1611 2961 1805 3003 meum

96 3039 316 3100 tecum,
344 3031 395 3087 si
432 3032 594 3087 fortis
639 3041 693 3088 et
740 3033 1142 3090 substantivus
1171 3043 1371 3091 contra
1418 3036 1621 3091 intima
1667 3036 1806 3092 vitia

98 3119 222 3175 sis:
292 3135 415 3176 non
460 3134 598 3191 ergo
654 3129 708 3177 te
736 3121 953 3178 frustra
998 3123 1123 3192 jam
1171 3122 1433 3193 glorieris
1491 3123 1803 3191 excelsum,

101 3208 198 3263 sed
230 3215 456 3279 patrem
491 3209 806 3266 multarum
838 3211 1035 3279 procul
1066 3211 1243 3267 dubio
1277 3212 1536 3282 gentium
1584 3212 1731 3267 scias
1758 3220 1809 3267 te

102 3296 508 3362 constitutum,
538 3305 603 3353 ut
633 3305 873 3366 paterna
898 3299 1324 3368 dispensatione
1352 3313 1547 3367 regere
1584 3299 1810 3355 noveris

106 3383 392 3439 intestina:
424 3383 739 3441 insolentiae
772 3387 1068 3456 populum.
1103 3388 1315 3451 Ponam
1359 3388 1489 3443 tein
1520 3389 1806 3459 gentibus,

108 3473 248 3541 quia
279 3486 401 3541 quo
446 3473 634 3543 magis
680 3474 1027 3543 proveheris,
1074 3482 1233 3531 tanto
1281 3476 1526 3546 majores
1581 3475 1812 3545 patieris

111 3560 404 3629 strepitus,
438 3560 536 3616 sed
576 3562 645 3616 ad
683 3563 783 3617 hos
812 3563 1215 3632 deprimendos
1233 3578 1413 3635 reges,
1450 3565 1502 3619 id
1523 3572 1606 3621 est
1624 3572 1813 3620 motus

114 3655 368 3716 potentes
408 3648 663 3713 rationis,
725 3648 827 3720 qui
882 3650 1004 3707 haec
1047 3652 1378 3708 contineant
1428 3666 1501 3707 ex
1549 3660 1599 3708 te
1642 3666 1813 3723 egre-

114 3736 363 3791 dientur.
400 3736 515 3792 Ero
554 3737 704 3793 Deus
732 3738 965 3794 seminis
995 3739 1076 3795 tui
1123 3747 1248 3810 post
1276 3749 1348 3807 te,
1391 3742 1651 3810 provisor
1696 3741 1813 3796 sci-

118 3824 241 3880 licet
279 3825 364 3880 tui
420 3826 609 3895 operis
654 3833 708 3882 et
759 3836 1176 3897 remunerator,
1230 3843 1362 3885 cum
1428 3828 1816 3900 temporaliter

118 3926 235 3968 esse
263 3913 521 3969 desieris.

186 4001 361 4058 Vnus.
423 4005 509 4056 l2.
578 4034 647 4042 —
704 4006 899 4071 Infans
963 4010 1077 4060 octo
1126 4005 1340 4059 dierum
1402 4006 1816 4061 circumcidetur

124 4090 179 4142 in
202 4090 373 4143 vobis.
409 4090 509 4145 llle
538 4104 675 4146 sane
690 4092 791 4161 qui
821 4106 894 4148 ex
925 4099 1180 4164 quatuor
1207 4094 1504 4149 elementis
1525 4100 1813 4161 constans,

1914 1710 2228 1781 principem
2261 1724 2468 1777 meam,
2520 1711 2615 1767 sed
2658 1711 2999 1782 generaliter
3036 1719 3091 1766 et
3136 1709 3395 1768 absolute
3448 1708 3614 1779 prin—

1911 1798 2116 1868 cipem,
2180 1800 2354 1855 totius
2410 1799 2624 1855 scilicet
2691 1800 2797 1869 piae
2855 1799 3097 1855 actionis
3174 1798 3359 1869 magis
3425 1806 3614 1853 tamen

1914 1886 2199 1942 interioris
2230 1901 2406 1957 quam
2434 1887 2734 1943 exterioris
2780 1888 3014 1956 ducem;
3049 1887 3277 1956 proprie
3306 1887 3459 1942 enim
3498 1886 3605 1942 sibi

1911 1974 2296 2044 principatur.
2344 1976 2613 2045 quisquis
2661 1976 2810 2031 bona
2850 1990 2965 2031 non
3016 1990 3117 2045 pro
3168 1976 3301 2042 Deo,
3359 1975 3457 2030 sed
3505 1988 3606 2043 pro

1912 2062 2108 2132 aliquo
2142 2077 2246 2118 suo
2276 2063 2489 2119 honore
2534 2077 2777 2133 operans
2808 2078 2866 2118 se
2906 2064 3170 2119 cohibere
3214 2063 3464 2118 videtur.
3518 2062 3605 2116 Ex

1914 2149 2021 2205 hoc
2051 2150 2349 2220 spirituset
2377 2152 2692 2207 voluntatis
2708 2152 2975 2222 conjugio
2996 2152 3177 2218 Isaac,
3200 2164 3327 2219 spes
3345 2148 3609 2205 videlicet

1910 2238 2143 2307 superni
2184 2239 2380 2309 gaudii
2414 2240 2689 2307 nascitur,
2716 2241 2810 2294 cui
2841 2239 3083 2294 caelestis
3117 2236 3609 2307 multiplicationis

1912 2325 2120 2394 illapsu
2161 2326 2535 2383 benedicitur.
2588 2356 2657 2368 -—
2707 2327 2896 2395 (Vens.
2954 2327 3063 2394 l7.)
3113 2324 3279 2380 Ridet
3326 2324 3385 2378 in
3440 2323 3607 2378 corde

1909 2414 2345 2483 squbraham,
2392 2422 2446 2471 et
2489 2416 2549 2470 in
2594 2415 2794 2470 faciem
2842 2414 3015 2481 cadit,
3066 2413 3207 2483 quia
3253 2426 3370 2482 quo
3422 2410 3608 2482 magis

1912 2502 2286 2572 spiritualiter
2315 2503 2617 2568 imbuitur,
2650 2518 2717 2560 eo
2747 2502 2929 2573 magis
2957 2503 3026 2557 de
3066 2503 3293 2557 interna
3321 2513 3430 2556 sua
3467 2512 3608 2554 eru-

1913 2593 2127 2648 ditione
2176 2593 2506 2664 gratulatur
2560 2603 2615 2649 et
2668 2593 2970 2663 gratulans
3030 2591 3372 2647 bumiliatur
3420 2606 3433 2643 :
3490 2590 3609 2642 Pu-

1914 2685 2084 2748 tasne,
2156 2679 2365 2749 inquit,
2424 2682 2730 2734 centenario
2808 2682 3061 2733 nascetur
3119 2678 3288 2745 Illius,
3354 2681 3405 2730 et
3467 2676 3610 2731 Sara

1911 2770 2283 2835 nonagenaria
2321 2770 2542 2837 pariet?
2577 2768 2737 2833 Quod
2776 2774 2861 2823 est
2912 2773 3063 2822 recto
3116 2764 3318 2820 ordine
3376 2764 3605 2818 dicere:

1914 2853 2003 2909 An
2033 2853 2317 2923 sperabile
2349 2854 2489 2909 mihi
2536 2869 2658 2910 esse
2702 2853 2908 2923 poterit
2954 2852 3110 2922 quod
3156 2851 3447 2916 voluntas,
3505 2849 3607 2905 etsi

1913 2941 2106 2996 adhuc
2142 2942 2201 2996 in
2224 2942 2620 3012 nonagenario
2648 2941 2850 3011 posita,
2901 2939 3203 2996 denarium
3253 2936 3613 3008 perfectionis

1914 3029 2106 3087 minus
2164 3029 2381 3085 habet:
2443 3028 2587 3084 velle
2651 3028 2804 3084 enim
2860 3028 2970 3083 sibi
3025 3027 3264 3097 adjacet,
3341 3026 3611 3095 perficere

1914 3125 2110 3173 autem
2134 3131 2250 3173 non
2277 3118 2535 3173 inveniat
2568 3120 2734 3187 (Rom.
2762 3132 2840 3185 γι,
2871 3116 2912 3187 ),
2940 3116 3013 3171 ad
3041 3115 3304 3172 ellectum
3352 3112 3613 3170 desiderii

1916 3218 1983 3260 ac
2020 3205 2068 3260 si
2110 3207 2181 3262 ad
2237 3209 2469 3276 partum
2531 3206 2847 3275 perveniat,
2898 3205 3134 3275 spiritus
3180 3204 3281 3274 qui
3324 3215 3612 3259 summam

1910 3293 2032 3363 jam
2064 3295 2565 3365 contemplationis
2594 3294 2801 3365 attigit.

1990 3382 2158 3438 Vens.
2206 3386 2289 3437 l8.
2333 3413 2397 3425 —-
2450 3385 2672 3438 Utinam
2711 3384 2909 3437 lsmael
2966 3384 3117 3436 vivat
3165 3396 3346 3435 coram
3387 3385 3453 3434 te.
3506 3378 3611 3434 Sed

1916 3470 2058 3538 quid
2088 3471 2155 3526 de
2187 3471 2469 3527 virtutum
2494 3471 3055 3540 excellentialoquor
3083 3471 3186 3540 qui
3210 3468 3529 3535 Ismaelem,
3556 3466 3613 3522 id

1918 3565 2003 3613 est
2028 3557 2298 3614 allectum
2346 3560 2634 3616 carnalem
2686 3559 3024 3629 sibimetipsi
3068 3573 3182 3614 non
3234 3560 3342 3613 Deo
3386 3556 3618 3613 obedire

1918 3645 2225 3713 volentem,
2302 3648 2445 3703 mori
2521 3649 2668 3704 inter
2755 3646 2895 3702 vitia
2978 3647 3170 3701 adhuc
3241 3658 3463 3700 vereor.
3548 3674 3617 3684 —

1921 3734 2095 3805 (Vens
2159 3735 2268 3805 19.)
2324 3737 2486 3802 Sara,
2546 3736 2628 3792 ait
2687 3737 2860 3802 Deus,
2917 3737 3099 3805 pariet
3165 3734 3266 3787 tibi
3306 3733 3509 3800 ﬁlium,
3569 3737 3620 3787 et

1920 3826 2245 3877 constituam
2297 3830 2517 3893 pactum
2577 3839 2751 3878 meum
2814 3825 2901 3878 illi
2964 3826 3025 3877 in
3088 3822 3272 3889 fwdus
3339 3827 3616 3877 aeternum.

1922 3912 2044 3965 Non
2109 3910 2293 3968 solum
2352 3927 2467 3968 non
2531 3912 2811 3968 morietur
2865 3912 3069 3968 lsmael
3145 3909 3623 3980 concupiscentiis

1923 4000 2305 4067 assentiendo,
2338 4001 2433 4056 sed
2465 4001 2605 4057 Sara
2632 4001 2902 4057 voluntas
2949 4001 3163 4056 scilicet
3216 4000 3354 4069 ipsa,
3383 3998 3625 4055 interius

1922 4090 2297 4158 exteriusque
2323 4089 2441 4159 jam
2476 4090 2828 4160 principans,
2862 4103 2933 4144 ex
2972 4089 3223 4158 puritate
3268 4086 3625 4143 conscientiae

128 4189 329 4247 corpus
380 4178 678 4246 proprium
731 4180 1111 4249 superaverit,
1161 4179 1231 4251 [et
1304 4180 1641 4250 temporalia
1696 4180 1818 4236 haec
1858 4176 2045 4245 Dspei
2108 4176 2401 4243 gaudiosae
2449 4179 2701 4233 fructum
2744 4175 3043 4246 concipiet,
3098 4190 3165 4232 ex
3244 4189 3361 4246 quo
3414 4175 3627 4230 amoris

130 4265 355 4320 totidem
410 4265 807 4323 disterminata
883 4268 1216 4324 nominibus
1276 4270 1583 4336 virtutum,
1639 4283 1706 4325 ac
1773 4269 1818 4325 si

132 4352 350 4409 dierum
393 4353 523 4410 luce
577 4356 909 4422 mutaverit,
971 4356 1039 4421 is,
1092 4356 1352 4427 inquam,
1406 4370 1442 4411 a
1506 4371 1817 4427 pravarum

137 4440 539 4497 admistionum
593 4442 922 4500 incursibus
972 4458 1395 4515 usquequaque
1453 4445 1819 4516 purgabitur.

138 4529 274 4585 Nota
320 4529 719 4587 discretionem
790 4531 1047 4601 Apostoli
1094 4532 1373 4602 (Philipp.
1435 4548 1513 4600 Ill,
1572 4536 1623 4600 2)
1679 4533 1824 4589 inter

140 4622 231 4671 es
258 4617 659 4685 concisionem,
708 4626 763 4674 et
816 4619 1332 4688 circumcisionem,
1380 4634 1486 4677 nec
1528 4620 1669 4676 illud
1718 4633 1826 4676 ex-

143 4704 294 4761 cedat
336 4704 578 4761 feminas
624 4705 982 4762 Pharaonem
1024 4707 1260 4777 jussisse
1310 4707 1550 4775 servari,
1597 4716 1653 4764 et
1699 4722 1827 4764 ma-

145 4793 318 4849 sculos
371 4793 635 4861 interfici,
696 4794 790 4849 hic
852 4794 922 4851 de
978 4795 1202 4852 feminis
1255 4796 1475 4864 taceri,
1539 4796 1828 4853 masculos

147 4881 461 4937 circumcidi
495 4896 509 4935 :
540 4889 597 4937 et
629 4883 729 4952 qui
763 4897 878 4939 non
900 4883 1072 4939 fuerit
1093 4884 1160 4940 de
1178 4885 1352 4954 stirpe
1381 4892 1573 4941 nostra
1591 4885 1832 4956 jubetur

150 4969 485 5037 circumcidi,
529 4971 669 5039 quia
705 4978 842 5027 sunt
892 4972 1157 5040 virtutes,
1213 4980 1279 5029 ut
1312 4976 1391 5029 ita
1444 4974 1651 5041 dicam,
1704 4972 1832 5042 plus

155 5073 314 5129 quam
358 5058 673 5127 naturales,
730 5067 797 5116 ut
844 5068 982 5117 sunt
1044 5061 1349 5133 virginitas
1402 5071 1455 5119 et
1504 5062 1834 5118 voluntaria

157 5145 493 5205 mendicitas.
524 5158 775 5215 quarum
807 5148 993 5217 prima
1026 5148 1166 5205 adeo
1183 5150 1429 5218 excellit,
1465 5158 1529 5206 ut
1563 5150 1622 5205 in
1660 5163 1833 5205 carne

162 5241 341 5301 praeter
369 5245 607 5288 carnem
662 5234 857 5291 vivere
905 5243 969 5292 ut
1010 5250 1143 5293 vere
1192 5237 1455 5309 angelica
1505 5237 1656 5293 dicta
1686 5237 1778 5306 sit,
1816 5253 1829 5293 :

168 5320 347 5376 horum
374 5321 426 5374 in
455 5320 770 5390 superﬂuis
790 5322 1075 5393 praeputia
1104 5324 1562 5395 circumquaque
1594 5324 1834 5381 caedun-

171 5416 274 5476 tur;
316 5410 551 5464 Iustitia
580 5409 736 5465 enim
789 5416 986 5466 nostrae
1024 5415 1186 5480 quasi
1226 5428 1445 5482 pannus
1491 5417 1836 5468 menstruales

500 5505 782 5572 ΡΑτιιοι..
833 5509 1039 5575 CLVI.

1928 4263 2127 4319 aterni
2160 4264 2498 4321 soliditatem
2532 4279 2691 4321 mens
2714 4264 2834 4335 ipsa
2863 4265 3154 4334 suscipiet.
3191 4294 3261 4315 —.-
3286 4265 3481 4331 (Vnns.
3514 4263 3624 4331 20.)

1931 4352 2115 4422 Super
2139 4353 2342 4409 lsmael
2372 4367 2626 4424 quoque,
2656 4368 2830 4424 quem
2866 4362 2927 4409 tu
2958 4353 3340 4409 tentationum
3380 4352 3629 4408 molibus

1929 4441 2096 4497 obrui
2130 4441 2398 4511 trepidas,
2431 4442 2759 4498 exaudieris
2787 4456 2800 4496 :
2832 4442 3132 4497 duodecim
3164 4441 3337 4498 duces
3383 4453 3629 4512 genera-

1931 4529 2033 4596 bit,
2066 4529 2232 4585 fidem
2263 4530 2475 4586 scilicet
2494 4530 2790 4586 Trinitatis
2827 4545 2960 4586 cum
2992 4529 3311 4601 evangelici
3351 4527 3631 4584 sermonis

1933 4617 2193 4673 custodia
2232 4617 2467 4675 ducatui
2513 4633 2618 4674 suo
2663 4618 2920 4675 interiori
2967 4619 3225 4676 efficacia
3272 4615 3625 4687 procreabit;

1935 4713 2189 4776 quatuor
2211 4708 2364 4763 enim
2404 4715 2508 4776 ter,
2556 4716 2612 4764 et
2643 4708 2754 4765 tria
2782 4716 2990 4778 quater
3018 4707 3318 4764 duodecim
3363 4706 3585 4761 faciunt
3616 4720 3628 4758 :

1935 4800 1991 4849 et
2025 4794 2163 4849 fides
2218 4794 2276 4849 in
2308 4796 2579 4864 ternario,
2615 4804 2846 4853 mortua
2873 4804 2957 4852 est
2978 4796 3100 4852 sine
3139 4794 3426 4865 operibus,
3464 4794 3521 4849 id
3550 4800 3635 4849 est

1936 4881 2061 4937 sine
2090 4882 2545 4954 evangeliorum.
2579 4899 2682 4941 seu
2721 4892 2973 4955 quatuor
3014 4885 3295 4940 virtutum
3338 4882 3636 4953 principa-

1936 4970 2080 5027 lium
2149 4972 2568 5041 quateruario:
2655 4972 2957 5029 duodecim
3013 4973 3189 5029 duces
3245 4978 3500 5043 generat,
3589 4970 3637 5026 si

1939 5059 2311 5129 apostolicam
2355 5060 2673 5116 doctrinam
2717 5060 2956 5117 allectus
3005 5060 3451 5130 praecordialiter
3495 5073 3638 5115 con-

1940 5147 2077 5218 cipit
2130 5154 2186 5203 et
2251 5146 2500 5204 allectat.
2564 5148 2754 5219 (Vens.
2820 5151 2936 5218 21.)
3004 5150 3237 5205 Pactum
3298 5162 3472 5202 meum
3535 5148 3640 5199 erit

1941 5235 2017 5290 ad
2032 5237 2207 5298 Isaac,
2242 5253 2397 5305 quem
2430 5238 2613 5306 pariet
2663 5237 2763 5291 tibi
2794 5239 2939 5291 Sara
2992 5242 3224 5306 tempore
3264 5238 3368 5292 isto
3409 5237 3466 5288 in
3495 5248 3639 5287 anno

1942 5325 2131 5379 altera.
2166 5324 2252 5380 Ad
2283 5325 2440 5381 Isaac
2478 5334 2711 5394 pactum
2752 5325 3060 5393 stabilitur,
3092 5339 3226 5381 cum
3273 5324 3393 5394 spei
3432 5328 3641 5377 nostra;

1943 5413 2017 5468 ad
2050 5413 2262 5468 amoris
2309 5412 2666 5471 incentivum
2700 5421 2916 5470 zeterna
2956 5414 3108 5472 Deus
3138 5413 3375 5482 praemia
3405 5408 3640 5479 pollice-

3295 5516 3331 5571 5
