3884 6068
242 279 338 330 I39

1086 279 1148 332 V.
1196 277 1526 335 GUIBERTI
1585 280 1878 336 ABBATIS
1935 282 1992 337 S.

2071 281 2318 337 MARle
2377 283 2466 337 DE
2516 282 2909 338 NOVIGENTO
3646 291 3746 342 140

238 418 373 467 tur:
409 425 581 481 quem
625 410 764 466 Sara
809 418 1058 481 tempore
1089 412 1195 467 isto
1227 413 1285 467 in
1334 427 1485 469 anno
1533 414 1712 471 altero
1757 415 1925 486 parit,
1965 418 2013 471 A
2041 418 2326 487 spirituali
2359 418 2668 474 intellectu.
2707 418 2905 474 Elevat
2955 418 3168 487 oculos,
3217 435 3350 476 cum
3399 423 3472 478 ad
3518 424 3739 481 intelle-

237 499 376 555 dum
406 500 673 555 voluntas
705 500 811 555 hac
837 499 957 569 ipsa
1003 499 1179 555 animi
1213 502 1500 570 temperie,
1537 518 1669 558 cum
1721 504 1934 561 scilicet

238 597 387 651 Deus
441 611 633 652 secum
706 596 943 651 rationis
999 596 1374 654 illustratione
1434 598 1710 669 loquitur,
1767 609 1821 656 et
1876 602 1932 656 in

239 699 408 750 anno,
455 699 568 740 non
623 685 788 739 modo
850 685 972 752 isto,
1021 686 1118 740 ubi
1168 686 1360 742 adhuc
1410 687 1737 744 decertatur
1802 705 1932 745 cum

237 773 390 828 vitiis
424 787 524 842 per
569 773 978 841 plenitudinem
1037 774 1338 829 luminosae
1400 776 1661 843 actionis,
1718 778 1816 832 sed
1872 778 1933 833 in

237 861 432 926 altero,
481 861 580 915 ubi
638 875 826 930 neque
886 863 1220 931 strepitibus
1275 865 1583 933 consopitis
1640 865 1934 934 perficitur

235 949 506 1004 annualis
563 949 888 1004 solemnitas
939 951 1357 1019 sperandarum
1396 960 1624 1008 aeternae
1683 954 1931 1009 beatitu—

235 1037 435 1091 dinum
467 1037 977 1105 contemplationis,
1029 1053 1186 1107 spem
1236 1041 1601 1109 prosequitur
1645 1056 1828 1111 usque
1858 1043 1930 1098 ad

234 1125 642 1180 exhibitionem
670 1131 726 1179 et
753 1124 1118 1180 efﬁcientiam
1169 1127 1329 1196 digni
1375 1135 1429 1182 et
1472 1127 1658 1184 idonei
1711 1131 1925 1199 operis;

235 1227 349 1268 non
378 1214 531 1268 enim
561 1222 644 1268 est
674 1212 916 1268 dicenda
960 1228 1108 1282 spes,
1160 1215 1206 1268 si
1255 1215 1403 1270 hanc
1454 1215 1572 1271 ulla
1607 1231 1722 1272 non
1774 1233 1924 1274 com-

237 1302 464 1357 mendat
493 1301 639 1356 viva;
673 1301 1056 1356 exsecutionis
1089 1316 1198 1357 res.

306 1391 473 1446 Vens.
526 1392 612 1442 22.
663 1420 728 1428 —
794 1390 976 1444 Finito
1023 1405 1282 1446 sermone
1351 1393 1603 1448 ascendit
1658 1395 1807 1450 Deus
1853 1396 1925 1450 ad

232 1477 543 1542 Abraham,
574 1490 705 1531 cum
754 1477 1039 1532 interdum
1085 1492 1204 1533 sese
1251 1479 1658 1547 dispensatorie
1697 1483 1923 1538 subtra-

234 1565 419 1620 hendo
479 1565 721 1619 ostendit
785 1566 1043 1619 humano
1101 1566 1324 1634 spiritui
1398 1582 1768 1638 nequaquam
1821 1586 1925 1625 suo

231 1655 461 1709 subesse
491 1653 725 1707 arbitrio
755 1653 965 1708 divinae
1003 1653 1367 1722 aspirationis
1407 1657 1672 1725 gratiam,
1719 1658 1816 1712 sed
1857 1659 1925 1715 de

232 1741 497 1810 supernis
552 1755 586 1795 a
663 1742 827 1796 Patre
910 1741 1196 1797 luminum
1255 1742 1404 1798 hanc
1478 1746 1800 1812 petendam.
1856 1778 1925 1787 —

231 1830 425 1895 (Vnus.
473 1830 559 1896 24,
593 1829 706 1898 25.)
764 1830 1089 1900 Nonaginta
1134 1845 1269 1902 ergo
1322 1840 1611 1888 annorum
1639 1843 1692 1889 et
1721 1850 1926 1891 novem

232 1917 526 1973 Abraham
558 1918 1026 1985 circumciditur,
1060 1919 1197 1975 dum
1246 1920 1317 1974 ad
1373 1921 1666 1976 dexteram
1717 1923 1925 1978 divinae

229 2005 484 2072 visionis,
517 2016 571 2061 et
603 2007 796 2076 gloriae
823 2009 994 2062 etiam
1048 2008 1104 2061 in
1156 2010 1420 2077 praesenti
1461 2012 1925 2081 pnegustandam

230 2109 361 2164 quae
410 2095 725 2164 praelibatio
761 2096 1024 2164 quaedam
1089 2096 1268 2152 futuri
1314 2097 1530 2153 denarii
1576 2106 1678 2166 est,
1724 2100 1926 2155 oculus

228 2181 466 2251 spiritus
493 2192 876 2253 expurgatur.
914 2185 1288 2240 Centenarius
1320 2201 1592 2257 namque,
1625 2195 1689 2242 ut
1709 2188 1924 2243 dictum

226 2278 327 2335 est,
387 2273 588 2326 transit
641 2273 696 2326 in
752 2271 1070 2339 dexteram,
1149 2288 1328 2343 quam
1397 2275 1489 2330 hic
1559 2276 1926 2346 assequimur

227 2361 539 2430 aliquando
609 2362 941 2431 speculante
1017 2364 1386 2419 beatitudinis
1457 2376 1666 2424 nostrae
1743 2368 1922 2423 Deum

227 2463 532 2504 summam.
574 2451 778 2505 Ismael
811 2452 1251 2520 quatuordecim
1300 2468 1589 2510 annorum
1616 2456 1920 2511 circumci-

225 2551 325 2592 sus
349 2538 578 2604 dicitur,
613 2538 752 2607 quia
799 2540 1049 2594 carnalis
1088 2539 1326 2596 affectus
1366 2556 1468 2610 per
1512 2543 1764 2614 decalogi
1816 2545 1921 2600 ob-

225 2629 597 2693 servantiam,
629 2636 683 2683 et
713 2628 1160 2698 Evangeliorum
1198 2630 1516 2686 custodiam
1550 2633 1622 2687 ad
1657 2633 1921 2701 puritatis

225 2715 499 2770 virtutem
529 2716 855 2771 adducitur.

297 2802 473 2859 Vens.
516 2805 603 2870 26,
639 2807 724 2858 27.
793 2805 853 2858 In
907 2806 1024 2874 ipso
1077 2806 1166 2860 die
1221 2821 1407 2862 mares
1463 2823 1660 2863 omnes
1715 2810 1920 2866 domus

222 2889 350 2959 ejus
418 2890 934 2958 circumciduntur,
1008 2895 1146 2963 quia
1207 2895 1263 2948 in
1322 2895 1520 2951 eadem
1576 2912 1706 2966 quae
1799 2898 1919 2954 haec

2041 507 2254 562 ctualia
2317 507 2435 562 sola
2500 507 2824 562 contuenda
2876 507 3046 578 erigit
3117 509 3304 564 cordis
3374 511 3612 568 obtutus
3668 514 3741 569 ab

2040 595 2194 649 omni
2227 595 2456 650 inlirma
2504 595 2913 664 imaginatione
2954 596 3223 652 seclusos.
3283 599 3418 654 Tres
3462 601 3572 656 viri
3630 603 3740 657 sibi

2039 691 2319 752 apparent
2375 690 2606 749 stantes,
2650 698 2782 738 cum
2837 684 3201 751 sensualitas,
3271 685 3608 758 imaginatio
3672 704 3740 745 ac

2041 771 2496 827 intellectualitas
2549 772 2620 826 ad
2679 780 3029 828 momentum
3080 773 3218 829 dum
3273 789 3435 832 meus
3486 779 3742 835 tenditur

2040 860 2098 914 in
2125 860 2320 914 divina
2349 860 2690 926 subsistunt,
2719 867 2773 916 et
2805 869 3033 930 propter
3063 877 3186 929 nos,
3224 863 3278 918 id
3310 872 3392 919 est
3414 864 3586 934 juxta
3613 882 3738 931 nos,

2039 950 2110 1004 ab
2140 957 2378 1003 externa
2417 949 2755 1019 evagatione
2786 957 3064 1014 cessante,
3101 950 3242 1006 dum
3297 952 3448 1008 Deus
3497 955 3569 1010 ab
3620 956 3738 1012 hu-

2039 1037 2156 1091 mili
2185 1045 2373 1092 mente
2400 1037 2764 1106 persentitur,
2794 1052 2852 1092 se
2879 1037 3227 1107 deprimunt.

2109 1125 2278 1182 VEns.
2304 1129 2354 1192 3,
2391 1127 2443 1179 4.
2486 1157 2552 1164 -
2591 1127 2736 1190 Quos
2779 1141 2898 1179 cum
2940 1127 3185 1191 vidisset,
3245 1133 3485 1184 cucurrit
3537 1134 3596 1185 in
3646 1148 3736 1187 oc-

2035 1229 2249 1268 cursum
2281 1230 2461 1268 eorum
2493 1214 2561 1269 de
2589 1217 2722 1267 ostio
2767 1215 3105 1269 tabernaculi
3131 1219 3239 1282 sui,
3284 1223 3336 1271 et
3377 1219 3626 1274 adoravit
3678 1225 3736 1275 in

2034 1305 2297 1356 terra.Et
2329 1302 2522 1356 dixit:
2570 1305 2807 1368 Domine,
2857 1305 2908 1356 si
2951 1305 3135 1358 inveni
3175 1307 3416 1372 gratiam
3463 1310 3519 1360 in
3567 1310 3737 1363 oculis

2035 1392 2166 1458 tuis,
2198 1407 2263 1444 ne
2298 1398 2540 1444 transeas
2597 1406 2808 1445 servum
2842 1396 3029 1446 tuum:
3083 1395 3175 1446 sed
3225 1394 3457 1462 afferam
3500 1399 3738 1464 pauxil—

2033 1479 2144 1532 lum
2173 1495 2350 1547 aqua,
2380 1484 2430 1532 et
2467 1481 2713 1533 laventur
2751 1479 2909 1547 pedes
2946 1483 3136 1545 vestri,
3188 1486 3239 1534 et
3276 1486 3587 1551 requiescite
3633 1487 3736 1539 sub

2034 1569 2243 1621 arbore.
2281 1568 2425 1622 Cum
2456 1567 2732 1622 animales
2766 1568 2998 1623 habitus
3039 1578 3260 1625 nostros
3302 1573 3732 1640 supervenienti

2037 1657 2235 1727 gratiae
2278 1657 2541 1712 substare
2596 1657 2998 1725 conspicimus,
3060 1657 3115 1712 in
3169 1673 3477 1715 occursum
3528 1676 3730 1716 eorum

2036 1746 2341 1811 currimus,
2378 1745 2517 1800 dum
2547 1745 2804 1800 studium
2838 1745 3016 1800 nostri
3058 1745 3222 1801 liberi
3266 1748 3492 1803 arbitrii
3522 1749 3591 1803 ad
3620 1763 3733 1803 ex—

2034 1832 2363 1900 cipiendum
2395 1832 2550 1902 quod
2577 1832 2768 1887 inﬂuit
2793 1846 3204 1902 prmparamus,
3236 1841 3289 1889 et
3318 1835 3424 1889 hoc
3457 1835 3524 1890 de
3559 1837 3725 1902 ostio,

2035 1921 2102 1976 de
2141 1935 2239 1989 spe
2278 1921 2506 1986 scilicet,
2559 1935 2676 1990 qua
2711 1921 2767 1975 in
2798 1935 3050 1990 superna
3096 1936 3258 1977 mens
3297 1923 3479 1978 inhiat
3535 1924 3730 1979 taber-

2035 2007 2247 2078 naculi,
2277 2008 2331 2062 id
2367 2016 2447 2064 est
2483 2007 2696 2062 militiae
2742 2018 2949 2064 nostrae
3000 2009 3317 2065 habemus:
3351 2011 3551 2067 adorat
3592 2026 3731 2082 ergo

2033 2095 2091 2149 in
2121 2104 2292 2162 terra,
2327 2096 2669 2152 humiliatur
2696 2096 3036 2152 conditionis
3079 2097 3297 2154 vilitate
3344 2101 3589 2169 cognita.
3645 2100 3723 2166 Si,

2031 2184 2240 2254 tuquit,
2272 2184 2574 2239 oculorum
2600 2183 2990 2253 spiritualium
3028 2186 3241 2242 scilicet
3283 2187 3564 2243 donorum
3606 2196 3731 2244 tuo-

2033 2285 2164 2326 rum
2203 2271 2388 2341 gratia
2418 2285 2506 2326 me
2536 2270 2814 2340 dignaris,
2851 2285 2922 2326 ne
2960 2279 3360 2328 momentanee
3405 2281 3467 2329 ut
3503 2274 3734 2344 aliquos

2030 2362 2174 2414 soles
2205 2373 2292 2414 me
2317 2359 2584 2428 attingas,
2615 2358 2710 2413 sed
2742 2358 2822 2413 sic
2863 2359 3054 2414 adesto
3098 2368 3159 2415 ut
3213 2361 3555 2428 immoreris,
3608 2376 3726 2417 me—

2030 2463 2144 2518 que
2175 2447 2517 2518 aliquandiu
2539 2447 2846 2502 consoleris
2873 2445 3107 2502 ali'eram
3151 2450 3480 2518 pauxillum
3536 2464 3726 2520 aquae,

2030 2537 2086 2592 id
2119 2544 2202 2592 est
2240 2535 2546 2592 elaborabo
2595 2534 2893 2605 quippiam
2941 2537 3370 2604 compunctioni
3411 2546 3626 2607 aptum,
3671 2546 3730 2593 et

2028 2625 2246 2696 gratiae,
2283 2631 2344 2679 ut
2375 2624 2553 2690 vobis,
2595 2639 2628 2678 ο
2658 2624 3021 2690 sensualitas,
3072 2624 3407 2695 imaginatio
3455 2639 3522 2681 ac
3560 2626 3728 2682 intel-

2028 2713 2369 2780 lectualitas,
2452 2713 2622 2782 pedes
2688 2713 2976 2779 laventur,
3044 2714 3378 2770 mobilitatis
3463 2714 3727 2770 videlicet

2029 2809 2249 2866 vestrae,
2287 2815 2405 2870 qua
2435 2814 2536 2870 per
2561 2808 2786 2856 terrena
2829 2800 3090 2855 labimini
3137 2811 3384 2870 peccata,
3432 2805 3724 2857 manden-

2026 2896 2140 2955 tur,
2175 2903 2209 2943 a
2239 2904 2354 2959 quo
2375 2878 2638 2944 discursu
2685 2889 2882 2943 saltem
2906 2889 3046 2943 dum
3095 2889 3260 2944 modo
3304 2890 3556 2959 suppetit
3600 2891 3711 2946 sub

224 2978 375 3034 Deus
465 2979 637 3034 menti
722 2980 1116 3036 ratiocinando
1207 2983 1465 3052 loquitur
1551 2986 1914 3055 aspiratione,
1954 3004 1994 3060 ο
2028 2978 2231 3036 arbore
2261 2976 2553 3047 quiescite,
2593 2977 2646 3032 id
2676 2984 2760 3031 est
2788 2976 2897 3030 sub
2943 2975 3188 3045 Spiritus
3226 2979 3429 3046 sancti,
3460 2993 3588 3048 quae
3639 2980 3714 3035 ab

224 3067 512 3136 quidquid
594 3068 828 3123 virtutis
918 3068 1160 3125 interius
1243 3079 1345 3137 est,
1437 3087 1585 3142 quas
1677 3075 1912 3144 palmes,

223 3157 322 3225 qui
380 3155 485 3210 fert
515 3156 790 3220 fructum,
854 3164 918 3211 ut
975 3157 1159 3228 magis
1232 3157 1454 3225 afferat,
1521 3161 1722 3217 sedula
1789 3171 1917 3234 eget

219 3241 653 3309 emundatione;
702 3242 1054 3313 alienigenae.
1108 3251 1162 3298 et
1209 3244 1267 3298 hi
1313 3243 1414 3313 qui
1485 3260 1597 3300 non
1658 3255 1792 3303 sunt
1847 3250 1916 3304 de

221 3337 413 3384 nostra
466 3331 660 3399 stirpe,
721 3331 914 3386 eadem
987 3339 1363 3400 exponuntur
1411 3335 1713 3401 sententia,
1759 3338 1914 3406 quod

220 3418 602 3487 prwmisimus
657 3433 854 3489 supra,
911 3420 980 3475 de
1029 3420 1266 3489 reliquis
1315 3422 1689 3478 tractabimus
1742 3425 1910 3480 intra.

831 3509 1062 3564 CAPUT
1104 3509 1307 3564 XVIII.

291 3596 460 3652 Vsus.
511 3600 558 3663 1,
587 3599 638 3650 '2.
672 3626 741 3636 —-
773 3598 1052 3666 Apparuit
1109 3603 1287 3651 autem
1333 3601 1602 3674 Dominus,
1630 3601 1914 3656 Abraham

217 3687 277 3738 in
305 3686 541 3739 convalle
581 3685 821 3739 Mambre
862 3684 1072 3738 sedenti
1124 3687 1182 3738 in
1228 3688 1362 3739 ostio
1418 3687 1756 3741 tabernaculi
1801 3692 1907 3757 sui,

216 3777 275 3827 in
317 3777 436 3844 ipso
484 3775 696 3840 fervore
743 3774 870 3828 diei.
906 3776 1151 3843 Cumque
1190 3776 1443 3830 elevasset
1489 3778 1684 3843 oculos,
1735 3794 1909 3847 appa-

216 3868 442 3917 ruerunt
491 3865 541 3916 ei
602 3869 707 3916 tres
750 3864 859 3916 viri
920 3867 1123 3916 stantes
1167 3878 1338 3932 prope
1395 3879 1533 3917 eum.
1602 3867 1909 3935 Postquam

215 3949 530 4015 Abraham,
562 3950 614 4005 id
659 3958 742 4005 est
789 3958 951 4019 pater
1002 3951 1199 4006 videns
1237 3951 1536 4020 populum,
1583 3953 1911 4010 discernens

213 4039 644 4094 scilicetturbas
675 4038 1110 4108 cogitationum,
1159 4039 1384 4105 Ismael,
1420 4040 1474 4094 id
1520 4047 1603 4095 est
1638 4041 1747 4096 sibi
1793 4057 1907 4098 non

211 4127 326 4182 Deo
355 4127 731 4192 obedientem,
781 4127 1140 4182 circumcidit
1179 4126 1466 4183 affectum.
1501 4129 1723 4197 Ismael,
1755 4131 1907 4188 enim

207 4215 419 4271 dicitur
450 4216 698 4269 obediens
719 4216 848 4278 sibi,
889 4223 943 4270 et
975 4215 1317 4270 vernaculos
1343 4215 1599 4286 ingenita
1633 4218 1739 4274 sibi
1794 4233 1906 4274 na-

2023 3077 2166 3124 aestu
2200 3067 2467 3122 vitiorum
2512 3080 2613 3121 vos
2662 3071 2937 3136 protegat,
2993 3079 3207 3135 vosque
3251 3066 3387 3134 alat,
3435 3068 3713 3137 respirate

2026 3158 2255 3211 virtute.

2096 3245 2267 3301 VEns.
2325 3247 2374 3296 5.
2406 3273 2476 3282 —
2524 3244 2724 3296 Ponam
2774 3242 3062 3296 buccellam
3104 3247 3287 3312 panis,
3321 3247 3371 3297 et
3417 3247 3719 3311 confortate

2024 3349 2112 3388 cor
2143 3338 2398 3398 vestrum,
2430 3337 2617 3400 postea
2647 3332 2987 3400 transibitis;
3038 3332 3240 3386 idcirco
3287 3333 3428 3385 enim
3475 3333 3718 3388 declina-

2021 3426 2121 3477 stis
2143 3422 2216 3475 ad
2244 3424 2716 3486 servumpvestrum
2750 3435 2762 3472 :
2803 3421 2929 3483 Fac,
2964 3418 3260 3489 inquiunt,
3301 3425 3362 3473 ut
3394 3421 3598 3475 locutas
3638 3438 3716 3476 es.

2023 3509 2346 3565 Buccellam
2378 3507 2540 3577 panis
2571 3508 2857 3577 ponimus,
2891 3521 3023 3562 cum
3055 3521 3232 3562 sacrae
3261 3507 3566 3577 Scriptura:
3614 3509 3722 3564 ali-

2023 3597 2183 3667 quid,
2211 3597 2362 3651 unde
2397 3596 2672 3651 reddatur
2720 3595 3010 3662 fervidior,
3053 3595 3247 3651 animo
3299 3595 3720 3654 ruminandum

2020 3684 2334 3751 olferimus,
2384 3691 2448 3740 ut
2505 3683 2634 3738 inde
2689 3682 2952 3738 vivacius
3019 3683 3236 3738 fortiori
3288 3681 3440 3739 facta
3499 3686 3719 3741 ratione

2021 3775 2133 3829 Deo
2172 3787 2460 3829 vacemus.
2500 3772 2701 3826 Postea
2733 3770 3066 3836 transibitis,
3112 3771 3168 3826 id
3198 3779 3300 3837 est,
3348 3787 3482 3827 cum
3530 3773 3718 3827 cordis

2018 3868 2149 3916 voto
2178 3859 2581 3922 satisieceritis,
2619 3859 2693 3914 ad
2749 3866 2977 3928 tempus
3010 3867 3072 3914 ut
3123 3859 3328 3916 assolet
3372 3861 3716 3916 subtrahere

2017 3949 2207 4004 oblata
2235 3948 2503 4018 poteritis,
2534 3948 2674 4014 tideo
2724 3961 2976 4017 namque
3022 3947 3094 4002 ad
3153 3961 3388 4002 servum
3436 3956 3712 4016 vestrum,

2017 4037 2130 4093 Deo
2174 4037 2421 4107 rigorem
2465 4043 2722 4091 vestrum
2765 4035 3105 4103 inﬂectente,
3139 4035 3512 4091 declinastis:
3559 4038 3714 4092 servi

2016 4133 2207 4181 autem
2240 4132 2566 4180 nostrorum
2595 4124 2856 4179 omnium
2907 4131 3172 4180 motuum
3223 4139 3447 4193 sumus,
3497 4125 3716 4194 quibus

2017 4220 2131 4269 tam
2158 4213 2355 4269 sedulo
2385 4211 2756 4268 observandis
2783 4210 3128 4268 inservimus
3151 4226 3162 4265 :
3184 4213 3504 4269 assentiunt
3532 4213 3717 4284 igitur

207 4303 472 4359 turaliter
503 4303 672 4369 bona,
705 4309 758 4357 et
788 4302 1096 4371 emptitios,
1150 4303 1342 4358 labore
1391 4304 1646 4373 quolibet
1694 4307 1896 4377 acqui-
1940 4299 1982 4352 Ι)
2013 4302 2223 4357 divinae
2249 4300 2476 4356 rationi.

209 4391 442 4461 quisita,
482 4398 535 4445 et
565 4389 941 4462 alienigenas,
987 4391 1106 4446 vita
1136 4396 1238 4445 69
1286 4391 1676 4462 undecunque
1725 4395 1898 4451 conti-

203 4493 338 4550 gua,
375 4478 473 4534 illa
495 4480 857 4546 examinans,
884 4479 990 4534 ista
1024 4493 1260 4548 prorsus
1301 4479 1620 4548 abscidens,
1660 4491 1899 4552 apparet

200 4566 250 4620 ei
276 4566 554 4622 Dominus
586 4566 642 4620 in
674 4567 921 4622 convalli
952 4567 1207 4622 Manbre.
1265 4565 1555 4624 Convallis
1602 4569 1898 4628 humilitas

200 4661 327 4710 est:
376 4654 612 4710 Manbre
672 4655 1000 4723 divisiones,
1064 4655 1151 4710 vel
1207 4656 1509 4726 perspicua
1574 4667 1770 4728 sonat;
1836 4661 1891 4714 in

201 4743 522 4798 humilitate
577 4743 728 4798 enim
777 4744 1067 4799 constituti
1116 4745 1517 4814 perspicaciter
1558 4747 1890 4816 dividimus,

200 4830 255 4885 id
293 4839 378 4887 est
425 4831 826 4899 discernimus,
883 4840 936 4886 et
985 4831 1126 4902 quid
1172 4848 1374 4889 sumus
1423 4843 1477 4890 et
1529 4836 1668 4905 quid
1726 4850 1893 4907 agere

197 4919 526 4975 debeamus.
551 4920 1012 4976 Tabernaculum
1047 4929 1236 4976 autem
1267 4932 1350 4979 est
1377 4924 1741 4993 obsequium,
1775 4939 1892 4994 quo

197 5009 308 5063 Deo
339 5008 653 5064 militamus
686 5024 697 5062 :
731 5009 787 5064 in
821 5023 940 5079 quo
971 5010 1181 5066 ostium
1214 5018 1315 5079 est,
1349 5012 1489 5082 quia
1538 5011 1614 5067 ibi
1657 5025 1786 5080 spes
1816 5025 1890 5067 ex

197 5097 303 5152 hoc
345 5098 673 5168 egrediendi
732 5098 802 5152 ad
855 5097 1112 5168 requiem
1163 5107 1266 5169 est,
1329 5100 1387 5154 in
1444 5101 1549 5154 hoc
1603 5099 1883 5167 sedemus,

191 5185 331 5255 quia
362 5186 420 5240 in
454 5185 561 5240 hac
592 5200 687 5255 spe
720 5194 1152 5255 perseveranter
1180 5186 1550 5256 quiescimus,
1586 5199 1719 5240 nam
1750 5185 1887 5242 dor-

190 5273 369 5329 mitur
399 5273 548 5328 inter
573 5274 786 5329 medios
811 5274 989 5330 cteros
1028 5275 1197 5343 (Psal.
1233 5288 1405 5340 vau,
1451 5275 1557 5339 14),
1590 5280 1644 5328 et
1691 5273 1886 5329 sedere

191 5375 555 5430 perseverare
600 5369 704 5428 est,
762 5370 826 5418 ut
872 5363 1013 5419 illud
1059 5378 1071 5416 :
1126 5364 1198 5415 In
1251 5361 1512 5415 cathedra
1566 5362 1887 5430 pestilentia

185 5465 292 5503 non
317 5451 457 5504 sedit
496 5450 712 5520 (Psal.1
759 5453 842 5521 l):
892 5451 948 5505 in
999 5451 1122 5519 ipso
1187 5449 1407 5505 fervore
1455 5449 1587 5516 diei,
1645 5451 1749 5506 hoc
1802 5459 1885 5508 est

186 5539 242 5592 in
272 5540 468 5595 eodem
499 5554 614 5610 quo
647 5538 1007 5596 circumcisio
1055 5537 1325 5608 praedicta
1371 5547 1499 5594 acta
1543 5547 1627 5595 est
1677 5540 1884 5595 mentis

2080 4390 2248 4447 Vnus.
2295 4392 2347 4455 6,
2393 4395 2444 4443 7.
2503 4418 2572 4428 —
2621 4389 2919 4442 Festinavit
2964 4387 3248 4442 Abraham
3279 4389 3338 4442 in
3377 4388 3712 4443 tabernacu-

2007 4479 2117 4533 lum
2145 4479 2218 4532 ad
2250 4479 2445 4533 Suram
2481 4477 2767 4545 :dian'tque
2798 4479 2848 4529 ei
2879 4492 2891 4529 :
2920 4476 3193 4545 Accelera,
3229 4478 3338 4529 tria
3367 4482 3494 4532 sata
3513 4479 3712 4532 similae

2004 4569 2300 4628 commisce,
2360 4571 2410 4619 et
2466 4566 2552 4634 [ac
2616 4565 2998 4619 subcinericios
3048 4579 3233 4634 panes.
3293 4565 3420 4633 Ipse
3452 4581 3575 4619 vero
3632 4567 3710 4620 ad

2002 4661 2304 4709 armentum
2333 4657 2594 4719 cucurrit,
2633 4659 2683 4706 et
2723 4654 2849 4706 tulit
2902 4652 3035 4708 inde
3073 4653 3304 4706 vitulum
3354 4657 3707 4708 tenerrimam

2001 4749 2051 4796 et
2079 4747 2360 4812 optimum,
2417 4743 2674 4810 deditque
2718 4757 2902 4810 puero.
2953 4742 3058 4807 Qui
3105 4743 3408 4807 festinavit,
3459 4747 3508 4796 et
3552 4747 3708 4796 coxit

1998 4832 2176 4885 illum.
2227 4831 2370 4887 Cum
2421 4844 2556 4900 ergo
2612 4828 3032 4898 opportunitas,
3079 4836 3134 4884 et
3184 4828 3459 4884 habitudo
3519 4831 3704 4886 animi

1999 4920 2071 4974 ad
2124 4920 2237 4974 Deo
2283 4918 2730 4989 supplicandum
2783 4917 3059 4982 arrident,
3106 4917 3330 4973 festinet
3377 4917 3702 4987 Abraham,

1998 5022 2169 5078 quem
2214 5012 2371 5077 pater
2439 5006 2630 5061 videns
2674 5007 2935 5076 populum
2995 5005 3361 5075 interpretari
3414 5006 3698 5077 diximus,

1994 5097 2134 5166 quia
2189 5104 2428 5166 paterna
2476 5095 2678 5164 pietate
2728 5110 2794 5151 ac
2843 5095 3098 5165 legitima
3163 5102 3432 5164 potestate
3481 5096 3702 5165 populo

1995 5184 2167 5251 videt,
2202 5185 2258 5240 id
2302 5192 2387 5240 est
2435 5185 2722 5254 providet;
2769 5182 3014 5250 festinet,
3058 5182 3320 5253 inquam,
3376 5182 3704 5252 spiritualis

1994 5273 2098 5328 iste
2118 5273 2413 5329 Abraham
2439 5273 2496 5328 in
2534 5273 2975 5329 tabernaculum
3012 5271 3085 5327 ad
3117 5275 3338 5338 Saram,
3397 5286 3530 5340 quae
3568 5272 3700 5342 jam

1993 5361 2086 5417 hic
2115 5361 2527 5432 interpretatur
2553 5366 2748 5427 virtus,
2792 5361 2968 5415 ascita
3007 5361 3210 5430 utique
3248 5359 3352 5415 sibi
3393 5359 3699 5416 voluntate

1994 5453 2142 5508 bona
2167 5451 2289 5507 sine
2316 5465 2434 5521 qua
2463 5450 2749 5520 quidquid
2779 5449 3006 5520 agimus
3045 5463 3158 5504 non
3185 5455 3270 5504 est
3301 5449 3507 5512 virtus,
3539 5447 3696 5503 divi-

1991 5553 2126 5596 nam
2182 5539 2557 5610 aggrediatur
2613 5537 2895 5604 militiam,
2946 5536 3215 5607 dicatque
3262 5535 3311 5590 ei
3364 5536 3693 5592 secundum
