3884 6068
94 178 193 229 141

1336 171 1704 228 MOBALIUM
1745 171 1811 225 IN
1851 170 2147 226 GENESIN
2187 170 2321 228 LIB.
2362 171 2423 225 V.

3518 177 3617 229 142

83 326 303 368 rerum
344 309 731 367 efficientiam.
761 308 915 375 Sata,
948 308 1158 379 inquit,
1192 307 1392 364 similae
1431 309 1564 377 tria,
1596 321 1810 378 purum
1850 308 1897 361 Α
1926 309 2098 365 surde
2137 308 2429 365 moraliter
2457 309 2615 365 aliud
2664 310 2946 378 accepisse
2998 310 3305 367 Dominum
3334 325 3614 383 apparen-

84 399 371 455 videlicet
435 397 781 454 exteriorem
839 395 1170 463 hominem,
1248 410 1453 465 puram
1528 395 1814 452 interioris

86 486 466 553 memoriam,
537 485 912 541 subtilitatem
995 484 1491 554 contemplationis
1564 483 1815 553 denique

86 588 341 645 puram,
374 574 445 629 ad
485 588 660 630 unam
710 574 809 629 Dei
842 573 1033 643 placiti
1077 572 1447 628 intentionem
1486 574 1810 638 commisce,

86 671 147 718 et
193 663 290 719 fac
322 677 521 732 panes,
572 662 783 717 nitidos
813 661 1028 717 scilicet
1058 660 1288 716 vivendi
1325 660 1556 716 institue
1605 673 1809 723 mores,

88 766 256 823 quos
288 760 482 808 tamen
538 751 688 822 ignis
726 750 954 816 veteris,
987 749 1081 805 sed
1114 749 1383 804 exstincti
1414 749 1625 810 cinere,
1659 749 1814 818 quod

87 848 181 897 est
244 840 487 911 peccati,
550 840 610 895 in
679 847 729 895 te
796 838 1090 909 quondam
1158 836 1453 908 regnantis
1516 837 1808 905 memoria,

92 935 314 984 contra
348 929 739 998 insurgentem
762 926 1045 995 superbiae
1069 932 1271 995 typum
1300 938 1512 994 preme.
1545 927 1815 979 Armenta

94 1016 203 1072 Dei
237 1024 402 1083 sunt,
464 1016 750 1071 virtutum
791 1026 1167 1084 quarumque
1218 1012 1452 1067 fortium
1487 1012 1809 1082 proposita:

94 1110 377 1159 armenta
416 1110 610 1159 autem
649 1101 925 1157 dicuntur
962 1100 1034 1155 ab
1077 1097 1277 1167 armis,
1316 1100 1456 1169 quia
1500 1099 1631 1154 inde
1659 1099 1815 1154 anti-

96 1191 314 1262 quitus
345 1204 528 1257 arma,
582 1189 792 1256 loricze,
828 1188 1006 1260 galeae
1038 1186 1250 1243 fiebant
1275 1193 1329 1242 et
1354 1194 1550 1243 scuta:
1605 1188 1677 1242 ad
1711 1188 1815 1242 hoc

95 1287 444 1335 armentum
499 1278 816 1349 spiritualis
850 1276 1100 1348 quisque
1145 1276 1437 1332 Abraham
1496 1276 1815 1331 devotionis

96 1368 401 1424 celeritate
479 1367 795 1430 concurrit,
875 1374 930 1421 et
1001 1365 1250 1420 vitulum
1308 1378 1523 1419 novum
1580 1364 1811 1429 scilicet,

96 1466 365 1513 attamen
405 1456 739 1512 intentionis
759 1455 1042 1526 gravitate
1060 1461 1377 1518 maturum,
1397 1453 1615 1522 abjecta
1639 1466 1812 1508 saecu-

97 1545 210 1600 lari
246 1552 556 1611 vetustate,
586 1552 759 1614 atque
781 1542 1162 1598 obstinatione
1192 1540 1587 1607 tenerrimum,
1618 1539 1814 1595 etsine

1923 403 2055 461 tem,
2097 396 2255 452 aliud
2278 404 2391 452 tres
2422 398 2577 453 viros
2606 405 2843 453 stantes.

1994 483 2153 539 Dixtt
2181 499 2317 554 ergo
2357 485 2676 541 Dominus:
2712 486 2899 555 prima
2928 486 3027 541 Dei
3068 488 3348 558 apparitio
3399 489 3616 545 homini

1924 569 1981 625 in
2011 573 2402 628 conversione.
2436 572 2541 638 Qui
2571 581 2761 629 tamen
2793 588 2827 628 a
2860 574 3025 630 nobis
3054 590 3166 631 non
3215 592 3318 632 nos
3347 578 3614 635 deserens

1922 673 2348 729 usquequaque
2416 661 2755 732 digreditur,
2830 663 2967 718 dum
3043 678 3143 733 per
3198 667 3614 735 experientiam

1923 748 2124 817 nostri,
2158 749 2489 819 peccatique
2522 750 2813 806 victoriam
2854 766 2956 806 nos
2995 752 3206 819 erudit,
3244 760 3499 825 tuncque
3542 754 3615 810 ad

1922 849 2025 890 nos
2109 836 2294 906 gloria
2362 837 2720 906 opulentiore
2766 840 3104 895 revertitur:
3164 854 3235 895 ne
3296 841 3491 911 itaque
3547 842 3616 898 de

1923 937 2026 978 suo
2060 924 2323 981 imbecilli
2378 934 2532 982 statu
2589 927 2822 982 interior
2853 928 3020 983 homo
3069 938 3385 998 quaeratur,
3419 930 3466 984 si
3497 931 3615 987 vita

1922 1027 2110 1068 comes
2149 1013 2337 1080 fuerit,
2378 1014 2432 1069 id
2461 1024 2543 1070 est
2584 1015 2626 1069 si
2666 1015 2722 1069 in
2762 1015 2894 1071 vitae
2944 1017 3230 1087 proposito
3279 1032 3614 1088 persevera-

1923 1100 2090 1168 verit,
2125 1108 2179 1157 et
2208 1108 2435 1171 tempus
2466 1102 2636 1170 idem,
2691 1103 2744 1158 id
2776 1112 2859 1159 est
2891 1106 3189 1175 temperies
3222 1114 3284 1162 ut
3316 1107 3397 1161 sic
3426 1107 3611 1163 dicam

1922 1189 2139 1254 eadem,
2194 1190 2589 1260 habitudoqne
2655 1191 2831 1246 animi
2882 1194 3226 1263 perstiterit;
3289 1196 3345 1250 in
3393 1196 3613 1253 fervore

1922 1277 2076 1332 enim
2106 1278 2215 1333 diei
2238 1279 2516 1334 Dominus
2543 1293 2610 1334 ea
2641 1278 2943 1335 locuturus
2985 1283 3271 1351 apparuit,
3307 1292 3611 1354 postquam

1925 1366 2072 1420 inter
2122 1368 2457 1422 tentationes
2493 1368 2947 1423 conversationis
2992 1370 3270 1426 unitatem
3327 1372 3607 1428 tenuerit:

1924 1452 2077 1508 Sarus
2110 1454 2262 1509 ﬁlius
2306 1454 2497 1521 datur,
2542 1456 2681 1525 quia
2713 1456 2998 1512 voluntati
3022 1457 3142 1527 jam
3199 1473 3313 1513 non
3362 1460 3610 1529 novitize,

1926 1542 2023 1596 sed
2056 1541 2297 1598 viriliter
2323 1542 2558 1598 militari
2591 1545 2842 1613 quadam
2865 1545 3108 1600 audacia
3129 1555 3328 1602 contra
3355 1548 3496 1603 vitia
3516 1548 3612 1604 de-

97 1633 445 1689 voluntaria
499 1604 857 1688 carnalitatis
915 1644 983 1685 ac
1038 1628 1400 1700 negligentiae
1470 1604 1814 1685 admissione
1852 1604 2160 1686 Bsudanti
2186 1645 2313 1699 spes
2362 1645 2477 1686 non
2510 1638 2574 1686 ut
2608 1604 2786 1701 -prius
2817 1633 3035 1697 timida,
3095 1634 3191 1689 sed
3246 1634 3612 1701 delectabilis,

98 1723 395 1791 optimum
429 1720 635 1790 arripit
668 1718 1001 1789 principalis
1031 1717 1342 1787 cujuslibet
1381 1717 1613 1772 virtutis
1648 1717 1815 1772 insti-

101 1817 349 1876 tutum;
390 1808 573 1864 sancti
612 1810 764 1863 enim
799 1806 927 1862 licet
975 1805 1198 1861 cunctis
1252 1806 1561 1861 videantur
1615 1805 1815 1861 ﬂorere

105 1896 455 1963 virtutibus,
489 1894 689 1967 gratiis
720 1903 908 1951 tamen
940 1892 1290 1963 quibusdam
1323 1894 1653 1949 innituntur
1683 1908 1817 1963 spe-

106 1985 362 2041 cialibus
377 2000 394 2054 ;
409 1983 722 2039 divisiones
738 1982 892 2038 enim
910 1981 1229 2053 gratiarum
1247 1990 1403 2049 sunt,
1423 1982 1817 2052 proutcuique

111 2074 451 2144 impertitur
471 2071 705 2142 spiritus
728 2072 778 2136 (Ι
806 2072 925 2127 Cor.
961 2084 1060 2137 xu,
1083 2068 1160 2136 4).
1196 2069 1364 2124 Hunc
1388 2070 1591 2125 damus
1616 2084 1813 2140 puero,

111 2162 357 2233 quando
388 2161 545 2217 illius
574 2160 709 2216 novi
750 2158 1000 2215 hominis
1048 2158 1257 2215 Christi
1289 2157 1506 2213 bonum
1554 2167 1815 2214 nostrum

113 2250 581 2306 examinandum
632 2262 699 2304 ac
726 2248 771 2303 si
799 2248 870 2303 ad
899 2261 1097 2303 veram
1127 2245 1389 2317 regulam
1420 2246 1820 2317 mancipamus

115 2338 386 2408 exemplo
415 2353 428 2391 :
458 2339 559 2408 qui
584 2337 921 2393 festinanter
944 2336 1161 2406 coquit,
1187 2349 1318 2390 cum
1338 2334 1621 2405 quidquid
1655 2335 1819 2390 nobis

114 2438 187 2479 ex
220 2423 395 2479 nobis
426 2422 632 2479 accidit
661 2421 892 2478 duritia;
922 2422 1159 2492 spiritus
1185 2422 1274 2477 sui
1303 2421 1537 2477 ﬂamma
1568 2421 1820 2478 velocius

117 2512 323 2567 mollit.

185 2600 367 2657 Vens.
405 2601 458 2666 8,
487 2602 541 2662 9.
577 2600 659 2653 lO.
693 2629 760 2638 —
811 2600 962 2654 Tulit
1008 2614 1217 2668 quoque
1249 2599 1501 2667 butyrum
1532 2603 1582 2654 et
1629 2600 1733 2665 lac,
1770 2604 1820 2653 et

116 2690 356 2743 vitulum
403 2704 561 2758 quem
590 2692 832 2755 coxerat,
887 2692 939 2742 et
977 2690 1167 2758 posuit
1211 2703 1390 2742 coram
1419 2690 1515 2742 eis.
1550 2689 1671 2757 Ipse
1696 2702 1820 2742 vero

115 2778 304 2833 stabat
358 2778 533 2845 juxta
586 2791 671 2830 eos
716 2776 815 2830 sub
867 2775 1077 2831 arbore.
1153 2777 1390 2845 Cumque
1451 2777 1819 2844 comedissent,

118 2867 388 2921 dixerunt
429 2865 504 2919 ad
553 2880 697 2919 eum:
731 2864 834 2920 Ubi
861 2869 939 2920 est
984 2866 1127 2921 Sara
1158 2880 1299 2919 umor
1330 2870 1425 2919 tua
1451 2865 1479 2917 ?
1509 2866 1661 2932 Ecce,
1718 2864 1818 2931 ait,

118 2948 576 3010 in'tabernaculo
625 2957 722 3008 est.
756 2954 855 3010 Cui
901 2953 1083 3008 dixit:
1129 2955 1413 3009 Revertens
1470 2958 1566 3007 '10
1608 2956 1823 3008 veniam

120 3044 195 3098 ad
223 3048 274 3098 te
320 3048 558 3111 tempore
607 3043 711 3096 isto
738 3046 857 3096 vita
881 3044 1088 3109 comite,
1121 3046 1170 3097 et
1202 3042 1418 3096 habebit
1460 3043 1635 3111 ﬁlium
1680 3042 1823 3097 Sara

122 3148 266 3186 uxor
289 3136 410 3186 tua.
448 3132 561 3197 Quo
589 3129 779 3184 audito
827 3131 970 3186 Sara
1012 3132 1142 3184 risit
1186 3134 1309 3200 post
1337 3131 1534 3185 ostium
1567 3130 1819 3185 taberna-

124 3222 250 3276 culi.
286 3221 576 3289 Butyrum
609 3218 858 3273 tollimus
885 3232 1019 3273 cum
1050 3217 1324 3273 beneﬁcia
1352 3218 1650 3274 charitatis
1697 3217 1824 3273 aliis

125 3306 515 3378 impendenda
544 3305 950 3375 aggredimur:
988 3306 1073 3361 lac
1127 3305 1434 3375 sumimus,
1483 3320 1614 3362 cum
1658 3306 1821 3361 inno-

128 3405 322 3452 center
376 3395 438 3449 in
467 3394 633 3450 nobis
682 3393 817 3463 ipsis
870 3393 1159 3463 vivimus;
1217 3401 1355 3449 sunt
1382 3394 1535 3449 enim
1583 3394 1684 3464 qui
1717 3393 1824 3449 sibi

130 3483 365 3540 innoxie
397 3482 625 3549 vivunt,
658 3482 754 3538 sed
795 3481 925 3537 aliis
954 3481 1097 3536 nihil
1156 3481 1382 3551 pietatis
1439 3481 1818 3551 impendunt:

130 3572 408 3642 butyrum
440 3577 635 3626 autem
665 3584 779 3625 non
804 3568 989 3625 solum
1020 3568 1144 3625 esui
1174 3583 1353 3625 suave
1381 3577 1483 3636 est,
1513 3569 1609 3624 sed
1630 3577 1683 3625 et
1714 3569 1827 3624 alia

133 3659 478 3730 impinguat,
506 3657 659 3713 unde
701 3664 754 3713 et
791 3657 1137 3727 obsequium
1168 3656 1463 3713 charitatis
1492 3656 1776 3728 significat
1809 3672 1821 3711 :

132 3749 280 3804 idem
312 3748 374 3801 in
430 3746 702 3816 propheta
730 3744 1030 3812 sentimus,
1067 3744 1168 3801 ubi
1196 3744 1409 3816 legitur
1438 3760 1450 3799 :
1482 3747 1748 3813 Butyrum
1777 3749 1828 3799 et

132 3838 233 3891 mel
260 3834 497 3889 comedet
554 3833 684 3903 (Isa.
744 3847 841 3899 vu,
898 3832 1009 3900 15),
1065 3840 1121 3887 et
1165 3840 1388 3888 caetera.
1451 3833 1594 3889 Cum
1648 3832 1829 3903 igitur

138 3924 266 3980 boni
293 3936 501 3978 sumus
530 3920 591 3976 in
629 3919 814 3987 nobis,
846 3927 900 3976 et
933 3919 1242 3976 bonitatem
1287 3919 1672 3990 impendimus
1697 3934 1826 3988 pro—

138 4010 330 4077 ximis,
363 4017 507 4066 tunc
535 4016 684 4064 recte
712 4008 959 4065 vitulum
988 4015 1200 4063 sanctae
1237 4008 1565 4078 cujuspiam
1605 4008 1829 4078 proles—

142 4098 333 4165 sionis,
364 4105 591 4153 coctum
631 4096 761 4166 igne
811 4096 1083 4167 puritatis
1115 4096 1451 4152 inferimus:
1504 4110 1695 4152 coram
1727 4096 1827 4164 eis,

1922 1725 1977 1774 et
2003 1718 2345 1774 certitudine
2388 1719 2576 1789 plena,
2626 1720 2846 1775 ratione
2890 1721 3113 1777 cmlitus
3160 1722 3443 1780 illustrata
3482 1739 3616 1795 pro—

1925 1806 2188 1862 mittitur.
2222 1806 2363 1863 Sara
2422 1808 2492 1862 ad
2554 1808 2675 1864 haec
2722 1808 2864 1875 risit,
2924 1809 3064 1879 quia
3119 1811 3388 1868 voluntas
3419 1821 3615 1869 nostra

1923 1894 2028 1950 etsi
2062 1894 2133 1949 ad
2166 1894 2318 1950 bona
2346 1895 2586 1960 nitatur,
2619 1910 2690 1951 ex
2747 1898 2993 1966 propriae
3023 1905 3213 1954 tamen
3266 1900 3616 1958 infirmitatis

1924 1981 2375 2038 consideratione
2408 1984 2574 2052 quasi
2606 1983 2975 2039 subsannans
3004 1999 3135 2055 quae
3172 1999 3206 2041 a
3227 2001 3325 2057 spe
3346 1988 3451 2044 sibi
3480 1996 3616 2045 sunt

1924 2069 2205 2125 destinata
2262 2070 2487 2138 diffidit,
2520 2070 2673 2126 unde
2728 2079 2783 2128 et
2816 2079 2939 2141 post
2992 2072 3203 2129 ostium
3258 2076 3616 2133 tabernaculi

1924 2158 2134 2213 dicitur
2165 2158 2373 2223 risisse,
2407 2167 2471 2214 ut
2519 2159 2875 2231 intelligatur
2916 2161 3005 2216 sui
3056 2161 3269 2219 laboris
3301 2165 3616 2222 diffidentia

1924 2243 1997 2299 ab
2026 2259 2125 2315 spe
2154 2244 2459 2315 paululum
2488 2246 2794 2303 decidisse:
2827 2248 2970 2304 ﬁlios
2999 2257 3188 2305 autem
3212 2260 3453 2321 nostros,
3488 2269 3617 2324 spes

1924 2340 2150 2388 nostras
2219 2334 2290 2389 ob
2348 2334 2730 2403 posteritatem
2807 2336 3020 2393 scilicet
3074 2339 3324 2396 solemus
3384 2356 3614 2399 vocare.

1928 2422 2068 2477 Sara
2100 2422 2294 2492 itaque
2321 2422 2502 2478 filium
2548 2438 2664 2479 non
2694 2424 2884 2492 habet,
2916 2426 3179 2496 quandiu
3219 2429 3450 2485 animus
3479 2444 3617 2500 pas-

1848 2576 1853 2582 ,
1926 2510 2155 2566 sionum
2205 2510 2433 2566 nebulis
2485 2511 2829 2569 obscuratus
2886 2523 3103 2584 quanto
3148 2515 3388 2573 inferius
3436 2518 3614 2587 timet,

1927 2598 2122 2654 minus
2140 2598 2408 2669 superius
2426 2613 2648 2667 amans,
2678 2600 2870 2657 minus
2896 2602 3068 2658 etiam
3100 2611 3309 2673 sperat,
3343 2605 3402 2661 in
3433 2608 3619 2677 seipso

1927 2686 2119 2743 adhuc
2147 2686 2603 2744 ﬂuctuabundus
2632 2688 2846 2758 haeret;
2879 2697 2935 2745 at
2965 2691 3205 2747 Domino
3260 2700 3382 2762 post
3430 2702 3619 2752 tenta-

1930 2775 2152 2830 tionum
2182 2788 2286 2830 nos
2313 2776 2593 2832 invisente
2623 2775 3005 2847 triumphum,
3037 2793 3171 2835 cum
3202 2779 3372 2849 plena
3414 2782 3618 2839 hilari-

1860 2898 1902 2955 ο
1932 2862 2225 2955 tas__cordi
2259 2863 2607 2931 infunditur,
2657 2866 2895 2934 suscipit
2948 2866 3196 2935 profecto
3236 2868 3375 2924 Sara
3413 2869 3615 2926 ﬁlium.

2002 2950 2173 3008 Vens.
2212 2954 2295 3019 ll,
2333 2955 2417 3013 t2.
2465 2981 2538 2992 —
2577 2954 2753 3007 Erant
2793 2959 2972 3008 autem
3027 2955 3182 3010 ambo
3222 2970 3390 3024 senes,
3434 2973 3624 3027 prove-

1931 3045 2133 3107 ctavque
2154 3042 2353 3107 etatis,
2382 3045 2431 3094 et
2461 3039 2733 3095 desierant
2768 3042 2923 3096 Sara:
2958 3043 3265 3098 muliebria.
3322 3045 3448 3111 Qum
3495 3048 3624 3101 risit

1932 3129 2131 3182 occulte
2159 3127 2379 3182 dicens:
2430 3131 2726 3199 Postquam
2778 3133 3047 3199 consenui,
3098 3136 3149 3185 et
3185 3134 3442 3188 Dominus
3471 3149 3625 3191 meus

1930 3217 2139 3270 vetulus
2189 3222 2286 3282 est,
2318 3218 2587 3286 voluptati
2638 3233 2857 3287 operam
2900 3219 3040 3273 dabo
3066 3219 3095 3274 ?
3150 3220 3234 3276 Ac
3282 3223 3329 3277 si
3358 3222 3627 3280 voluntas

1932 3303 2171 3359 diceret:
2206 3305 2325 3375 Ego
2376 3305 2695 3361 inveteravi
2727 3305 2878 3362 inter
2928 3321 3125 3363 omnes
3169 3308 3431 3366 inimicos
3473 3326 3628 3368 meos

1934 3392 1993 3447 in
2028 3400 2178 3448 terra
2208 3392 2397 3449 aliena
2450 3394 2713 3462 (Psal.v1,
2744 3394 2817 3465 8;
2847 3397 3080 3450 Baruch.
3140 3412 3220 3464 tu,
3271 3398 3374 3469 ll),
3434 3407 3489 3456 et
3534 3401 3629 3457 vir

1933 3494 2096 3537 meus
2138 3481 2471 3551 spiritualis,
2523 3482 2733 3538 scilicet
2781 3481 3122 3551 intellectus,
3172 3500 3287 3541 non
3327 3487 3448 3556 jam
3480 3488 3629 3558 sapit

1934 3569 2044 3625 nisi
2075 3569 2254 3625 veteri
2314 3570 2532 3625 homini
2594 3584 2870 3642 congrua,
2935 3571 3224 3629 incassum
3270 3578 3628 3645 contempla-

1935 3657 2107 3713 tionis
2159 3657 2370 3714 divinze
2401 3658 2768 3728 acquirendm
2816 3659 3096 3729 voluptati
3127 3675 3161 3716 a
3213 3676 3302 3717 me
3331 3662 3629 3733 impende-

1938 3753 2097 3802 retur
2135 3760 2329 3815 opera,
2356 3747 2450 3802 cui
2493 3747 2677 3816 prima
2712 3748 2865 3803 deest
2896 3751 3355 3818 compunctionis
3405 3752 3628 3823 gratia:

1937 3833 2244 3889 muliebria
2272 3843 2465 3890 autem
2496 3841 2793 3891 menstrua
2824 3844 2980 3904 sunt,
3028 3852 3159 3907 quae
3188 3852 3320 3894 cum
3353 3839 3474 3895 ﬁeri
3500 3854 3630 3896 mu-

1938 3920 2176 3977 lieribus
2205 3920 2497 3988 desinunt,
2533 3936 2730 3991 parere
2786 3923 3089 3980 desistunt.
3132 3925 3277 3992 Quid
3340 3941 3477 3999 ergo
3530 3943 3633 3999 per

1939 4017 2236 4065 menstrua
2286 4009 2393 4064 nisi
2444 4008 2803 4066 internarum
2836 4012 3046 4068 animas
3089 4014 3344 4070 sordium
3377 4030 3475 4085 per
3504 4031 3631 4073 con-

1939 4095 2240 4154 fessionem
2272 4097 2623 4153 vacuefactio
2649 4099 2678 4153 ?
2724 4098 2868 4155 Cum
2912 4114 3165 4171 namque
3217 4094 3489 4161 voluntas
3531 4121 3635 4163 nec

146 4185 370 4257 ingenio
398 4184 636 4248 scilicet,
668 4183 941 4240 memoria
971 4191 1025 4240 et
1063 4184 1325 4239 sensibus
1353 4184 1581 4249 nostris,
1618 4191 1683 4239 ut
1707 4184 1829 4239 hinc
1866 4193 1912 4249 1)
1942 4184 2190 4255 perfecta
2219 4185 2325 4241 sibi
2356 4186 2537 4241 inesse
2563 4187 2840 4256 conspicit
2897 4187 2954 4242 in
3001 4189 3339 4248 conﬁtendis
3378 4195 3637 4251 reatibus

146 4275 249 4331 sibi
305 4272 704 4329 inviscerando
733 4285 801 4327 ac
851 4272 898 4328 si
955 4272 1149 4328 cibum
1208 4270 1541 4327 reficiantur
1589 4286 1662 4327 ex
1694 4272 1828 4327 his:

148 4363 451 4419 comedunt
479 4374 638 4431 ergo,
677 4366 733 4415 et
777 4366 933 4415 tanto
965 4359 1156 4415 acrius
1184 4359 1252 4414 de
1283 4358 1373 4414 sui
1403 4366 1585 4414 status
1636 4359 1836 4415 humi-

152 4452 300 4506 litate
320 4451 690 4519 queruntur:
727 4445 834 4503 Ubi
864 4454 968 4508 est.
1009 4448 1194 4514 aiunt,
1232 4446 1373 4501 Sara
1401 4461 1553 4502 uxor
1583 4454 1683 4502 tua
1703 4447 1730 4501 ?
1771 4462 1838 4503 ac

151 4540 195 4596 si
216 4539 534 4594 diceretur:
574 4534 631 4590 Si
678 4542 742 4591 tu
773 4535 940 4590 modo
973 4535 1154 4591 Deum
1181 4534 1283 4590 tibi
1338 4534 1675 4591 inclaruisse
1730 4535 1835 4591 ali-

149 4635 430 4699 quatenus
468 4624 679 4680 sentire
721 4623 959 4693 coepisti,
1009 4638 1181 4693 pensa
1210 4622 1312 4679 ubi
1364 4622 1503 4678 Sara
1547 4623 1833 4691 consistat,

151 4716 204 4771 id
232 4722 314 4771 est
365 4726 637 4784 quaenam
688 4711 822 4767 insit
862 4711 1101 4767 ﬁrmitas
1134 4718 1246 4768 tuae
1278 4724 1466 4781 nuper
1500 4712 1837 4767 illuminatae

150 4802 422 4861 voluntati
445 4817 463 4872 ;
496 4815 615 4871 quo
634 4800 785 4856 enim
812 4799 986 4856 altius
1006 4800 1318 4864 reﬁcimur,
1341 4814 1406 4855 eo
1427 4800 1642 4856 arctius
1662 4800 1839 4870 quid-

90 4940 93 4945 ,
152 4906 278 4948 nam
334 4891 518 4946 simus
550 4898 914 4944 contuemur.
967 4888 1131 4955 Ecce,
1192 4886 1289 4953 ait,
1350 4886 1404 4942 in
1465 4885 1838 4943 tabernaculo

151 4989 246 5048 est,
276 4980 414 5050 quia
444 4993 504 5034 se
534 4983 735 5033 contra
784 4976 1056 5032 vitiorum
1104 4974 1375 5031 examina
1405 4973 1672 5042 militare,
1701 4988 1839 5029 con-

156 5068 389 5125 scientiae
450 5066 726 5137 proﬁcere
786 5064 1111 5134 incipientis
1160 5077 1499 5133 responsum
1537 5069 1660 5133 est;
1719 5062 1840 5133 ipsa

158 5170 394 5227 namque
425 5154 620 5220 infert,
655 5154 773 5223 ipsa
801 5152 999 5209 refert:
1027 5152 1127 5207 Cui
1155 5151 1323 5205 dixit.

219 5244 539 5302 Notandum
566 5249 653 5299 est
699 5241 852 5312 quod
883 5255 1016 5297 cum
1052 5239 1318 5309 superius
1347 5238 1565 5295 dictum
1594 5238 1667 5294 sit
1695 5239 1835 5309 quia

163 5334 514 5391 comederunt
544 5339 601 5387 et
630 5330 939 5386 dixerunt:
974 5328 1081 5386 Ubi
1112 5335 1193 5384 est
1224 5327 1412 5384 Sara?
1439 5341 1597 5384 nunc
1628 5326 1841 5384 dicitur

166 5424 286 5493 quia
314 5419 687 5492 singulariter
716 5417 892 5473 dixit:
927 5416 1027 5473 ubi
1060 5414 1412 5487 intelligatur
1448 5428 1552 5470 nos
1586 5429 1701 5471 non
1733 5414 1841 5471 ab-

1942 4271 2332 4327 conversionis
2370 4271 2551 4337 initia,
2587 4280 2889 4343 postquam
2940 4274 3111 4344 juxta
3164 4280 3411 4349 propriae
3449 4284 3634 4338 consi-

1943 4358 2252 4414 derationis
2282 4359 2663 4415 humilitatem
2712 4362 3017 4418 senectutis
3069 4365 3270 4434 typicae
3304 4368 3452 4425 intra
3507 4386 3637 4427 con-

1943 4445 2238 4501 scientiam
2272 4447 2608 4517 provehitur
2657 4449 2882 4515 inertia,
2916 4466 3030 4506 non
3072 4452 3242 4510 habet
3290 4470 3363 4511 ex
3408 4471 3484 4525 se,
3534 4474 3639 4517 nec

1944 4534 2097 4589 circa
2145 4548 2203 4590 se
2272 4535 2508 4600 invenit,
2568 4536 2723 4591 unde
2781 4538 2889 4593 sibi
2942 4540 3235 4597 nascitura
3293 4558 3638 4613 praesumere

1944 4620 2120 4692 possit
2161 4622 2307 4693 ejus,
2362 4637 2493 4693 quae
2523 4637 2622 4692 per
2668 4624 2930 4682 intimam
2991 4641 3025 4682 a
3078 4628 3192 4684 Deo
3237 4633 3638 4700 aspirationem

1946 4709 2321 4780 promittitur,
2363 4710 2620 4778 sincerae,
2656 4719 2710 4768 et
2740 4712 3042 4784 intrepidae
3079 4716 3198 4785 spei
3247 4718 3503 4787 gaudia:
3537 4720 3639 4790 qui

1944 4796 2096 4853 enim
2127 4797 2270 4854 nihil
2302 4806 2572 4865 meretur,
2616 4798 2660 4855 si
2693 4806 2930 4871 praemia
2974 4816 3204 4872 sperare
3241 4804 3498 4875 jubetur,
3531 4808 3640 4864 nisi

1946 4886 2210 4955 respiciat
2239 4886 2309 4942 ad
2343 4888 2610 4958 gratiam,
2654 4904 2768 4943 non
2803 4897 2920 4945 tam
2952 4891 3020 4946 de
3074 4894 3352 4962 promisso
3407 4895 3637 4966 gaudet,

1948 4988 2124 5044 quam
2155 4974 2295 5044 quia
2322 4989 2436 5030 non
2466 4976 2674 5033 meruit
2712 4977 2935 5032 irrideri
2963 4988 3213 5037 veretur.
3390 5028 3391 5031 η

2018 5061 2124 5118 Sed
2180 5063 2460 5119 Dominus
2514 5064 2584 5119 ad
2634 5065 2921 5121 Abraham
2981 5066 3242 5137 loquitur
3297 5070 3523 5127 dicens:
3576 5101 3644 5115 —

1948 5150 2142 5221 (Vens.
2194 5151 2286 5218 ‘13,
2350 5152 2457 5217 14.)
2493 5153 2674 5217 Quare
2722 5156 2848 5207 risit
2914 5155 3053 5210 Sara
3104 5173 3245 5212 uxor
3292 5164 3405 5228 tua,
3439 5161 3641 5230 dicens,

1947 5240 2087 5295 Num
2128 5254 2249 5292 vere
2271 5244 2530 5309 paritura
2577 5256 2696 5295 sum
2726 5257 2863 5295 anus
2886 5245 2913 5295 ?
2936 5244 3198 5313 Nunquid
3227 5248 3332 5301 Deo
3361 5253 3438 5303 est
3477 5250 3645 5318 quid-

1949 5342 2113 5396 quam
2143 5327 2373 5396 difﬁcile
2398 5330 2426 5382 ?
2471 5329 2643 5383 Juxta
2682 5330 2986 5385 condictum
3031 5339 3273 5387 revertar
3330 5335 3405 5389 ad
3448 5342 3496 5390 te
3553 5338 3646 5390 hoc

1948 5415 2128 5471 eodem
2181 5420 2413 5485 tempore
2458 5418 2573 5469 vita
2604 5420 2812 5485 comite,
2872 5423 2923 5473 et
2982 5420 3199 5475 habebit
3249 5422 3390 5477 Sara
3443 5424 3643 5493 filium.
