3902 6054
258 255 359 310 143

1139 257 1208 311 ν.
1254 256 1586 312 GUlBERTI
1621 256 1913 312 ABBATIS
1951 258 2007 312 S.
2048 255 2290 313 MARIIE
2329 258 2421 313 DE
2462 256 2867 314 NOVIGENTO

3652 258 3750 312 144

255 395 334 448 Ac
379 392 426 449 si
456 393 607 450 Deus
652 400 847 464 aperte
874 392 1083 449 diceret
1115 408 1128 446 :
1161 392 1217 449 Si
1263 393 1331 449 de
1369 401 1470 449 tua
1523 391 1754 449 inﬁrma
1786 394 1955 451 homo
1993 396 2033 448 A
2064 393 2383 463 introgerit,
2439 395 2551 450 Deo
2600 400 2919 463 praestante,
2955 394 3028 449 ad
3085 393 3329 464 pristina
3360 394 3503 450 bene
3541 392 3750 465 agendi

255 481 553 538 voluntate
583 482 830 549 dubitas,
866 481 960 536 cui
992 496 1124 536 cum
1159 495 1262 536 nec
1298 480 1443 537 velle
1488 481 1560 536 ad
1594 481 1735 536 bene
1764 494 1949 551 agen—

255 570 396 625 dum
425 570 701 641 adjaceat,
737 568 1006 639 perficere
1039 583 1151 623 non
1203 569 1347 636 dico,
1408 569 1503 625 sed
1555 584 1660 625 nec
1701 568 1951 638 incipere

255 656 538 722 invenias,
573 657 670 711 Dei
690 657 1165 725 omnipotentiam
1195 670 1301 711 cur
1329 655 1681 725 desperando
1710 656 1951 710 subsan-

256 759 381 812 nas,
414 760 546 800 cum
591 758 709 813 pra:
760 742 939 799 oculis
971 751 1050 798 tot
1100 743 1229 813 ejus
1273 744 1330 799 in
1377 743 1533 798 omni
1589 752 1949 812 peccatorum

256 847 464 903 genere
495 831 911 888 misericordias
945 832 1204 887 habeas?
1249 832 1379 888 Vita
1411 846 1586 902 quam
1623 832 1726 887 tibi
1773 831 1948 902 inspi-

252 921 436 977 rando
486 920 822 984 contradidi,
891 921 964 975 sit
1020 922 1579 990 perseverantissima
1645 920 1700 975 in
1764 921 1953 976 omnis

254 1009 387 1065 boni
433 1008 621 1079 operis
661 1008 1012 1064 exhibitione
1057 1023 1263 1075 comes,
1318 1016 1372 1063 et
1403 1008 1564 1063 sicin
1621 1008 1727 1064 hoc
1754 1009 1952 1064 eodem

254 1105 527 1167 tempore,
563 1097 671 1152 hoc
721 1096 934 1153 scilicet
973 1097 1093 1167 ipso
1126 1097 1412 1153 interioris
1441 1098 1523 1153 tui
1558 1098 1804 1152 hominis
1834 1098 1951 1152 fer-

254 1199 391 1241 vore
434 1185 729 1255 perdures,
793 1193 856 1241 ut
904 1200 1129 1255 semper
1190 1186 1396 1241 horum
1456 1186 1711 1241 subsidio
1764 1193 1953 1241 motus

254 1273 504 1329 carnalis
532 1273 845 1329 voluntatis
883 1273 1115 1329 studeas
1149 1273 1355 1328 rationi
1400 1274 1716 1344 subjugare
1762 1274 1952 1329 rebel-

255 1362 357 1429 les,
388 1370 444 1417 et
482 1369 622 1418 tunc
673 1362 745 1417 ad
797 1361 1249 1417 remunerandos
1280 1376 1368 1417 me
1426 1363 1498 1417 ad
1551 1372 1602 1417 te
1633 1369 1951 1419 revertente

257 1450 603 1520 triumphos,
629 1450 957 1506 clarissimae
989 1450 1091 1505 tibi
1118 1450 1235 1519 spei
1267 1450 1490 1506 oriatur
1521 1451 1706 1520 proles
1738 1467 1751 1505 :
1791 1451 1954 1521 prius

254 1553 458 1594 exerce
515 1539 876 1605 medicinam,
935 1552 1053 1609 qua
1103 1538 1358 1594 febribus
1412 1553 1626 1605 careas,
1681 1549 1804 1609 post
1849 1540 1953 1595 tibi

259 1626 537 1682 virtutum
567 1642 872 1698 suggeram
896 1628 1087 1697 dapes,
1114 1628 1326 1697 quibus
1346 1627 1418 1683 ab
1443 1626 1792 1696 inﬁrmitate,
1822 1644 1953 1699 quae

2056 496 2116 537 se
2156 482 2477 539 rediturum
2521 482 2816 538 exercitia.
2856 483 3091 552 Propter
3128 482 3422 539 Abraham
3456 480 3610 538 enim
3644 481 3752 536 ad-

2058 570 2216 625 ducit
2246 570 2526 627 Dominus
2557 585 2688 641 quze
2718 570 2946 626 locutus
2982 578 3066 626 est
3095 572 3308 637 omnia,
3349 570 3489 626 dum
3519 577 3753 641 propter

2061 659 2386 714 interiorem
2413 658 2590 714 animi
2622 659 2691 714 de
2720 672 2826 714 sua
2856 673 3029 729 quam
3062 659 3323 724 attendit,
3356 674 3461 714 nec
3490 658 3752 714 evincere

2058 746 2270 802 sufﬁcit
2298 747 2579 816 pravitate
2615 748 2898 817 rngitum,
2932 746 3101 817 quasi
3150 747 3346 802 Israeli
3377 747 3436 802 in
3483 746 3754 817 Egyptia

2059 835 2334 891 servitute
2372 835 2662 901 clamanti,
2708 836 2961 891 victoriae
2991 836 3305 906 aliquando
3352 835 3754 891 subministrat

2060 923 2369 979 auxilium.
2402 923 2646 979 Suscitat
2676 923 2829 979 enim
2865 924 3054 980 viduae
3086 924 3366 980 Dominus
3405 924 3608 991 tilium,
3639 936 3756 977 ma-

2060 1012 2162 1067 tris
2190 1014 2493 1067 miseratus
2522 1010 2788 1067 allectum
2813 1013 2912 1079 (ιιι
2943 1015 3070 1079 Reg.
3104 1027 3241 1080 xvu,
3268 1011 3383 1083 22).

2129 1101 2298 1156 Vens.
2332 1103 2421 1167 20,
2464 1103 2553 1155 2l.
2597 1130 2668 1141 —
2718 1100 2881 1154 Dixit
2936 1103 3120 1170 itaque
3175 1101 3479 1155 Dominus:
3529 1099 3759 1153 Clamor

2058 1189 2409 1269 Sodomorum
2474 1198 2525 1243 et
2576 1190 3042 1243 Gomorrhxorum
3098 1190 3492 1258 multiplicatus
3547 1193 3643 1255 est,
3707 1193 3759 1242 et

2054 1283 2335 1347 peccatum
2364 1293 2545 1331 eorum
2588 1283 2951 1343 aggravatum
2970 1282 3049 1331 est
3069 1271 3259 1331 nimis.
3310 1276 3663 1344 Descendam,
3704 1282 3755 1330 et

2058 1365 2249 1420 videbo
2296 1371 2481 1419 utrum
2545 1367 2831 1420 clamorem
2877 1369 2975 1435 qui
3010 1368 3156 1420 venit
3182 1366 3257 1419 ad
3311 1381 3395 1420 me
3430 1380 3585 1435 opere
3613 1380 3754 1419 com-

2055 1455 2342 1523 pleverint,
2375 1470 2447 1508 an
2474 1470 2581 1508 non
2609 1459 2688 1508 est
2724 1456 2824 1517 ita,
2876 1459 2937 1507 ut
2961 1456 3149 1508 scium.
3203 1453 3523 1510 Gomorrha
3564 1454 3762 1522 populi

2058 1542 2277 1609 seditio,
2305 1542 2392 1597 vel
2427 1545 2589 1595 timor
2642 1542 2889 1608 dicitur;
2927 1542 2981 1596 in
3031 1550 3217 1597 mente
3262 1555 3516 1611 namque
3558 1554 3762 1597 eversa

2068 1630 2282 1701 populi,
2318 1630 2638 1686 carnalium
2672 1630 2874 1700 utique
2906 1631 3264 1685 tumultuum
3314 1629 3533 1692 seditio,
3593 1637 3647 1684 et
3685 1642 3760 1683 ex

256 1716 510 1771 febribus
535 1724 825 1772 contracta
857 1724 940 1772 est
985 1716 1336 1772 revalescas:
1391 1716 1437 1771 si
1477 1716 1676 1773 feceris
1725 1723 1765 1771 ’τ
1786 1726 1810 1771 I
1844 1698 1953 1787 pro
1993 1698 2035 1752 Β
2066 1698 2259 1789 prava;
2306 1719 2662 1775 conscientia:
2702 1698 2931 1789 obiectu
2960 1719 3129 1774 timor
3153 1733 3269 1773 non
3296 1717 3415 1785 Dei,
3449 1716 3545 1773 sed
3574 1716 3758 1771 homi-

257 1803 441 1859 salute
494 1804 575 1859 tui
607 1804 761 1874 quod
808 1805 1061 1871 condixi,
1114 1805 1269 1874 quod
1325 1813 1379 1860 et
1428 1804 1582 1860 factu
1640 1805 1802 1860 facile
1849 1813 1951 1872 est,

257 1893 612 1948 incrementa
641 1893 710 1948 de
754 1893 970 1963 quibus
1001 1893 1304 1963 desperare
1332 1893 1542 1948 videris
1583 1893 1686 1948 tibi
1727 1893 1955 1949 submi—

256 1980 501 2036 nistrare
533 1980 761 2037 diflicile
788 1981 926 2036 mihi
977 1997 1092 2036 non
1135 1989 1238 2037 est.
1273 1982 1433 2036 Victa
1466 1982 1829 2036 convenienti
1870 1996 1957 2037 ra-

255 2069 406 2124 tione
453 2070 743 2135 voluntas,
793 2084 851 2125 se
885 2070 1051 2139 quasi
1087 2084 1201 2125 non
1240 2069 1568 2139 desperasse
1606 2069 1951 2135 dissimulat,

254 2163 309 2212 et
346 2156 468 2226 jam
499 2157 571 2212 ad
623 2157 858 2212 meliora
887 2157 1203 2228 gerendum
1259 2157 1734 2227 pollicitationum
1770 2158 1955 2228 maje-

254 2252 397 2301 state
426 2259 721 2312 succensa,
795 2245 1081 2301 erubescit
1134 2246 1439 2316 cogitando
1500 2246 1775 2315 replicare
1824 2261 1956 2317 quae

256 2342 529 2402 senserat,
584 2348 760 2404 quam
810 2341 1002 2390 tamen
1053 2349 1227 2390 verus
1268 2334 1418 2390 testis
1450 2341 1513 2389 ut
1559 2335 1633 2389 ad
1683 2334 1957 2403 poeniten-

257 2421 396 2477 tiam
426 2422 605 2492 ipsius
632 2422 838 2493 ineptae
867 2422 1278 2493 desperationis
1321 2430 1601 2492 provocet,
1638 2423 1956 2479 intellectus

259 2508 672 2579 improperator
700 2518 967 2566 accusat:
1018 2510 1169 2566 unde
1200 2510 1449 2567 dicenti:
1480 2539 1553 2551 —
1602 2510 1795 2578 (Vens.
1842 2512 1954 2582 15.)

257 2597 377 2652 Νοη
403 2600 525 2664 risi,
552 2601 746 2664 risisti,
776 2599 985 2668 inquit.

329 2684 500 2741 Vnns.
543 2689 620 2740 l6.
676 2717 745 2725 —
792 2688 1027 2755 Cumque
1077 2690 1443 2742 surrexissent
1493 2689 1622 2742 inde
1677 2690 1804 2752 viri,
1864 2687 1952 2741 di-

257 2779 515 2828 rexerant
567 2775 742 2829 oculos
772 2790 895 2829 suos
945 2780 1132 2829 contra
1161 2775 1465 2843 Sodomam,
1495 2782 1549 2829 et
1570 2776 1852 2830 Abraham
1880 2778 1954 2830 si-

259 2864 373 2917 mul
401 2863 760 2929 gradiebatur
791 2863 1054 2917 deducens
1076 2878 1180 2918 eos.
1214 2863 1355 2919 Cum
1380 2879 1495 2919 non
1525 2863 1634 2919 nisi
1664 2864 1736 2919 ab
1767 2864 1955 2920 humi-

261 2950 417 3007 libus
444 2958 499 3007 et
551 2951 749 3008 divino
800 2952 1000 3008 timore
1030 2952 1337 3008 contractis
1381 2953 1662 3019 sensibus,
1704 2960 1756 3008 et
1807 2968 1951 3022 quo-

258 3039 560 3096 dammodo
591 3040 940 3108 sedentibus,
992 3041 1228 3111 superni
1251 3041 1503 3097 convivii
1534 3040 1775 3097 dulcedo
1824 3056 1958 3112 gus-

262 3134 435 3195 tetur,
465 3136 614 3183 recte
644 3128 964 3184 surrexisse
986 3129 1281 3196 dicuntur,
1314 3144 1448 3186 cum
1477 3130 1548 3185 ad
1574 3136 1817 3185 externa
1849 3138 1959 3186 stu-

262 3216 356 3272 dia
385 3216 622 3272 sollicito
649 3217 827 3272 animi
860 3217 1046 3288 rigore
1078 3218 1409 3273 tenduntur.
1443 3219 1642 3273 Contra
1671 3219 1956 3273 Sodomam

262 3313 454 3360 autem
506 3306 685 3360 oculos
730 3305 1010 3376 dirigunt,
1065 3320 1197 3361 cum
1254 3307 1326 3361 ad
1399 3306 1833 3362 similitudinem
1892 3322 1959 3363 ac

260 3393 718 3449 conformitatem
774 3394 1095 3449 carnalium
1156 3402 1437 3459 motuum,
1493 3395 1582 3450 vel
1633 3395 1953 3464 hominum,

262 3481 604 3538 intentiones
655 3482 881 3553 figunt:
919 3481 1160 3538 Sodoma
1209 3498 1461 3553 namque
1507 3485 1809 3538 similitudo
1866 3500 1956 3538 eo-

265 3586 408 3637 rum,
441 3577 543 3625 aut
571 3573 779 3624 caecitas
819 3578 919 3625 aut
944 3586 1108 3641 pecus
1157 3573 1319 3626 silens
1346 3571 1756 3642 interpretatur
1782 3589 1799 3643 ;
1832 3580 1958 3642 post

270 3658 726 3714 conformitatem
747 3673 883 3715 sane
900 3659 1043 3726 vitii,
1067 3663 1169 3715 aut
1190 3660 1577 3730 saecularium,
1604 3661 1956 3718 incurrimus

266 3748 579 3803 caecitatem
633 3749 915 3816 cordium,
968 3756 1024 3804 et
1077 3748 1351 3804 distracta
1402 3751 1772 3806 sensualitate
1824 3764 1958 3806 cum

266 3834 777 3906 imaginationibus
809 3838 866 3891 in
897 3836 1125 3903 luxum,
1162 3838 1392 3893 venitur
1420 3838 1489 3892 ad
1517 3839 1750 3907 pecuale
1780 3839 1958 3894 silen—

266 3922 434 3986 tium,
467 3924 606 3979 dum
638 3924 801 3979 nulla
830 3925 1068 3979 rationis
1097 3926 1422 3995 congressio
1452 3926 1515 3980 tit
1540 3935 1741 3982 contra
1769 3926 1960 3982 carnis

266 4011 567 4077 assultum,
614 4012 706 4067 sed
760 4012 1077 4080 perniciosa
1106 4026 1242 4081 pace
1271 4020 1498 4069 tenetur
1527 4015 1597 4070 ad
1637 4016 1958 4085 cujuspiam

265 4098 480 4167 peccati
512 4099 867 4169 dominium;
919 4099 1083 4156 sileat
1135 4100 1309 4166 enim,
1369 4116 1481 4157 usu
1512 4117 1688 4158 sacras
1734 4103 1958 4175 pagina:

269 4186 473 4241 teritur
502 4200 605 4256 pro
639 4185 949 4256 quiescere,
989 4195 1043 4243 et
1088 4203 1201 4243 non
1234 4190 1512 4258 resistere,
1546 4199 1610 4246 ut
1634 4200 1753 4246 est:
1788 4192 1961 4247 Sileat

2064 1821 2207 1862 num
2262 1807 2513 1877 suspicio
2565 1815 2848 1863 versatur.
2913 1808 3004 1862 Ex
3058 1806 3302 1863 Sodoma
3355 1820 3491 1877 ergo
3544 1812 3597 1861 et
3658 1804 3763 1860 Go-

2064 1895 2318 1954 morrha.
2351 1895 2540 1951 cordis
2568 1895 2779 1951 scilicet
2809 1894 3079 1959 caecitate,
3113 1908 3179 1950 ac
3232 1894 3580 1965 flagitiorum
3609 1892 3761 1947 sedi-

2064 1984 2214 2038 tione
2238 1983 2454 2039 clamor
2482 1984 2763 2049 oboritur,
2797 1998 2930 2039 cum
2968 1984 3185 2053 pudore
3211 1982 3450 2053 depulso
3472 1981 3763 2052 quidquid

2062 2086 2314 2142 nequam
2342 2081 2395 2127 et
2435 2072 2791 2142 impudicum
2833 2081 2917 2128 est
2963 2072 3115 2127 intra
3163 2073 3443 2137 animum,
3496 2079 3558 2127 ut
3586 2070 3760 2125 etiam

2061 2160 2315 2215 exterius
2333 2168 2672 2230 exercetur;
2706 2161 2752 2215 is
2781 2159 3175 2229 multipliciter
3202 2167 3576 2231 aggravatur,
3610 2158 3761 2227 dum

2061 2248 2443 2304 diuturnitate
2471 2248 2905 2304 consuetudinis
2944 2248 3274 2303 induratur.
3309 2248 3461 2303 Deus
3492 2260 3630 2302 vero
3687 2245 3761 2300 ad

2062 2337 2355 2393 Abraham
2391 2337 2513 2393 haec
2543 2336 2818 2407 loquitur,
2878 2351 3011 2392 cum
3060 2337 3132 2392 ab
3186 2336 3306 2405 ipso
3364 2334 3541 2391 nostri
3595 2334 3762 2389 nobis

2063 2426 2280 2495 peccati
2352 2425 2684 2480 immanitas
2749 2424 3065 2481 intimatur.
3128 2425 3267 2479 Inde
3334 2431 3387 2478 et
3444 2422 3757 2489 descendit,

2063 2514 2117 2569 id
2140 2521 2224 2569 est
2243 2527 2316 2568 ex
2337 2513 2621 2583 superbia:
2642 2520 2847 2569 nostra:
2871 2512 3023 2568 fastu
3049 2512 3389 2568 descendere
3407 2525 3509 2566 nos
3531 2511 3687 2578 facit,
3706 2517 3761 2565 et

2062 2602 2236 2667 videt,
2267 2610 2463 2657 nostra
2485 2615 2588 2657 nos
2607 2601 2818 2656 scilicet
2840 2600 3119 2657 desideria
3144 2614 3217 2655 an
3239 2613 3407 2669 opere
3427 2599 3496 2655 ad
3527 2599 3760 2667 plenum

2060 2689 2501 2759 expleverimus,
2534 2689 2729 2745 videre
2760 2703 2863 2745 nos
2889 2688 3023 2745 facit
3052 2705 3065 2755 ;
3111 2688 3236 2759 ipsa
3263 2702 3515 2757 namque
3546 2686 3763 2742 clamor

2062 2790 2197 2834 sunt
2227 2779 2283 2833 in
2305 2778 2547 2835 auribus
2569 2778 2689 2846 Dei,
2713 2784 2774 2833 ut
2798 2781 2990 2846 sciam,
3025 2778 3233 2848 inquit,
3260 2784 3325 2833 ut
3345 2776 3489 2831 scire
3513 2774 3762 2845 profecto

2062 2866 2285 2935 faciam,
2323 2866 2381 2921 in
2427 2881 2608 2937 quam
2651 2867 3077 2923 destitutionem
3109 2865 3317 2921 misera
3362 2878 3525 2919 mens
3555 2862 3757 2928 ruerit,

1995 2994 2036 3048 α
2066 2955 2205 3048 quid
2238 2954 2560 3048 appetierit.
2584 2956 2731 3048 quid
2761 2955 3079 3025 appetitum
3113 2967 3349 3048 quoque
3381 2952 3683 3048 peregerit.

2136 3043 2307 3100 Vnus.
2340 3044 2424 3097 22.
2455 3074 2523 3082 —
2571 3044 3059 3111 Converteruntque
3118 3057 3174 3097 se
3225 3041 3373 3108 inde,
3422 3047 3472 3095 et
3510 3041 3763 3094 abierunt

2064 3131 2383 3197 Sodomam;
2439 3132 2727 3186 Abraham
2783 3147 2903 3186 vero
2950 3132 3129 3185 adhuc
3175 3130 3360 3186 stabat
3418 3144 3599 3183 coram
3671 3130 3765 3181 Do-

2063 3221 2228 3274 mino.
2286 3220 2434 3275 Dum
2488 3220 2739 3275 exterior
2787 3220 2954 3275 homo
3011 3226 3205 3274 noster
3248 3218 3364 3288 jam
3418 3215 3762 3286 cogitatione

2064 3322 2334 3377 perversa
2362 3308 2572 3363 szeculo
2622 3307 2967 3364 conformari
3023 3306 3328 3373 desiderat,
3388 3304 3539 3371 inde,
3590 3303 3648 3357 id
3680 3309 3764 3358 est

2064 3410 2138 3451 ex
2168 3396 2257 3451 sui
2291 3396 2469 3465 ipsius
2497 3410 2723 3452 necesse
2742 3404 2825 3452 est
2854 3395 3059 3452 humili
3095 3393 3256 3465 prius
3284 3390 3760 3457 consideratione,

2065 3497 2243 3553 quam
2272 3485 2385 3540 Deo
2435 3484 2508 3539 ad
2542 3484 2833 3539 Abraham
2865 3492 3123 3539 nostrum
3164 3482 3431 3552 loquente
3482 3479 3760 3547 concepit,

2066 3572 2139 3627 ab
2170 3572 2408 3642 ipsoque
2438 3573 2551 3628 Deo
2581 3586 2641 3627 se
2680 3578 3001 3637 convertat,
3045 3579 3109 3626 ut
3139 3569 3360 3625 bestiali
3407 3571 3559 3629 vitae,
3594 3567 3651 3621 id
3677 3574 3764 3621 est

2066 3658 2322 3715 Sodomae
2374 3660 2721 3716 intendendo
2762 3659 3040 3715 caacutiat.
3087 3657 3192 3714 Sed
3238 3657 3429 3712 adhuc
3475 3655 3764 3710 Abraham

2064 3764 2245 3803 coram
2275 3752 2494 3803 Domino
2517 3751 2647 3815 stat,
2680 3748 2821 3818 quia
2850 3747 3167 3803 intellectus
3197 3745 3475 3801 divinitus
3514 3744 3767 3799 sentiens

2067 3837 2221 3892 intra
2278 3836 2528 3906 seipsum
2580 3837 2637 3891 in
2668 3851 2797 3907 qum
2844 3836 2997 3891 mala
3035 3842 3299 3906 properet
3358 3832 3765 3904 gemebundus

2064 3933 2303 3995 pensat;
2339 3927 2441 3982 iste
2481 3926 2721 3981 Domino
2765 3925 3215 3995 appropinquat,
3272 3937 3405 3979 cum
3435 3920 3762 3976 secundum

2069 4012 2414 4084 Scripturas,
2463 4021 2649 4069 status
2704 4027 2968 4084 quosque
3015 4012 3221 4067 mentis
3276 4008 3640 4072 examinans,
3695 4008 3766 4062 de

2065 4102 2309 4173 singulis
2336 4103 2617 4158 discutere
2638 4102 2792 4173 apud
2820 4116 2878 4158 se
2910 4101 3132 4168 nititur,
3166 4099 3308 4170 quid
3349 4099 3501 4153 Deus
3531 4095 3762 4151 sentiat.

2064 4218 2139 4231 —
2166 4190 2361 4260 (vnns.
2394 4189 2508 4260 23).
2566 4189 2825 4260 Nunquid
2866 4189 3080 4258 perdes,
3136 4185 3347 4257 inquit,
3372 4186 3585 4254 justum
3641 4198 3767 4236 cum

265 4273 438 4327 omnis
468 4280 614 4328 terra
642 4292 676 4327 a
694 4277 840 4341 facie
864 4278 1080 4330 Domini
1122 4277 1358 4347 (Habac.
1394 4293 1447 4339 ιι,
1505 4281 1619 4349 20).
1664 4279 1957 4335 Abraham
1999 4292 2042 4346 υ
2074 4279 2283 4349 impio?
2310 4279 2392 4334 Ac
2422 4278 2469 4333 si
2508 4278 2718 4335 diceret
2744 4293 2755 4333 :
2789 4276 3068 4348 Nunquid
3094 4275 3195 4332 etsi
3226 4289 3299 4331 ex
3347 4273 3537 4329 carnis
3575 4271 3766 4327 imbe-

266 4369 456 4417 autem
488 4363 590 4418 hos
628 4362 916 4418 deducens
945 4364 1119 4419 simul
1144 4366 1430 4436 graditur,
1460 4367 1600 4423 dum
1632 4369 1778 4423 ratio
1806 4369 1956 4436 visu,

264 4456 318 4505 et
372 4451 626 4520 cogitatu
682 4450 1039 4519 phantastico
1090 4453 1354 4523 perpulsa
1387 4454 1457 4509 ad
1511 4455 1785 4525 proclivia
1814 4455 1962 4510 faci-

264 4551 471 4593 norum
504 4537 756 4604 ducitur,
781 4538 886 4594 scit
919 4553 1173 4595 errorem
1206 4554 1402 4608 suum,
1437 4556 1541 4598 nec
1580 4557 1697 4612 prae
1724 4542 1961 4598 infirmi-

264 4632 378 4681 tate
414 4624 703 4692 renititur,
738 4625 843 4681 hoc
877 4626 998 4682 fieri
1046 4626 1205 4696 solet,
1266 4628 1410 4685 scire
1439 4629 1652 4686 scilicet
1700 4644 1854 4697 suos,
1890 4644 1958 4687 ac

263 4713 635 4783 ingemiscere
665 4713 879 4783 lapsus,
914 4722 1226 4786 antequam
1265 4717 1489 4773 caecitas
1521 4717 1853 4774 omnimoda
1883 4719 1963 4775 in-

261 4808 535 4857 nascatur
563 4802 873 4859 mentibus.

338 4888 510 4946 VEns.
566 4894 650 4944 l7.
679 4921 746 4930 —
778 4894 1040 4960 Dixitque
1072 4893 1379 4948 Dominus:
1404 4895 1546 4949 Num
1575 4894 1746 4949 celare
1769 4898 1958 4965 potero

263 4978 547 5033 Abraham
588 4995 708 5048 qua?
752 4985 1002 5047 gesturus
1050 4981 1219 5035 sum?
1255 4981 1415 5037 Unde
1435 4989 1489 5038 et
1536 4983 1815 5039 Dominus
1843 4998 1959 5039 non

264 5079 322 5121 se
375 5080 532 5135 posse
562 5067 746 5122 celare
777 5068 1070 5123 Abraham
1102 5068 1257 5139 quod
1309 5078 1577 5141 gesturus
1604 5062 1685 5126 est
1737 5070 1962 5140 proﬁte-

267 5160 382 5220 tur,
440 5168 575 5210 cum
630 5154 688 5211 in
737 5164 964 5227 gentem
1018 5170 1313 5228 magnam,
1379 5172 1447 5213 ac
1505 5158 1958 5215 robustissimam

2064 4366 2295 4422 cillitate
2328 4365 2385 4420 in
2436 4365 2638 4420 vitium
2696 4364 2875 4432 labor,
2916 4378 3022 4434 ego
3057 4363 3293 4432 spiritus
3341 4361 3443 4431 qui
3489 4358 3764 4415 condole-

2062 4461 2184 4510 ctor
2228 4453 2341 4525 legi
2400 4454 2520 4519 Dei,
2571 4461 2626 4509 et
2682 4452 3003 4508 secundum
3074 4450 3403 4506 interiorem
3469 4446 3765 4503 hominem

2060 4542 2258 4598 vivere
2287 4543 2508 4613 gratius
2547 4541 2749 4604 habeo,
2798 4555 2874 4596 ne
2916 4540 3164 4606 videam,
3222 4546 3323 4594 aut
3352 4536 3556 4593 videns
3609 4548 3770 4590 exse-

2063 4631 2166 4701 qui
2196 4631 2425 4700 cupiam
2455 4630 2609 4700 quod
2640 4630 2865 4699 justum
2907 4636 3008 4695 est,
3043 4626 3215 4683 etiam
3244 4626 3495 4682 caecitate
3524 4623 3766 4678 damna-

2066 4718 2170 4774 bor
2186 4720 2215 4773 ?
2233 4748 2301 4758 —
2317 4717 2512 4789 (Vnus.
2537 4716 2652 4786 24.)
2672 4717 2736 4770 Si
2753 4718 2963 4782 fuerint
2976 4717 3379 4785 quinquaginta
3392 4714 3535 4782 justi
3551 4713 3611 4765 in
3629 4713 3766 4765 civi-

2066 4812 2175 4861 tate
2186 4808 2443 4877 peribunt
2471 4806 2634 4860 simul
2654 4806 2682 4854 ν
2709 4804 2812 4860 Per
2841 4803 3025 4875 quinq
3037 4802 3416 4873 uagenarium
3448 4811 3764 4856 numerum

2063 4895 2401 4963 pcenitentia
2440 4893 2739 4962 accipitur,
2781 4892 2936 4963 quod
2966 4906 3040 4947 ex
3080 4891 3297 4961 psalmo
3337 4887 3764 4960 quinquagesi-

2065 4997 2159 5038 mo
2192 4990 2386 5052 aperte
2416 4982 2728 5052 probatur;
2772 4982 3178 5052 quinquaginta
3206 4994 3341 5051 ergo
3363 4980 3509 5048 gusti
3534 4982 3672 5032 sunt
3703 4979 3766 5029 in

2065 5073 2301 5138 civitate,
2332 5085 2464 5127 cum
2519 5069 2679 5141 digni
2732 5069 3078 5141 paenitentiae
3135 5074 3325 5123 motus
3353 5073 3663 5122 versantur
3705 5064 3766 5120 in

2065 5168 2272 5215 tuente.
2291 5188 2364 5201 —
2393 5159 2589 5230 (Vens.
2614 5158 2727 5230 26.)
2755 5160 2818 5215 Si
2832 5161 3099 5225 invenero,
3125 5157 3334 5227 inquit,
3358 5155 3767 5224 quinquaginta

265 5242 500 5297 futurus
543 5243 616 5298 sit
669 5243 825 5314 (Gen.
867 5259 965 5313 xu,
1008 5247 1081 5315 2),
1141 5246 1283 5317 quia
1332 5246 1437 5316 ipsi
1486 5255 1678 5302 nostro
1726 5248 1958 5317 spiritui
2055 5246 2238 5317 justas
2286 5249 2345 5302 in
2372 5247 2546 5302 medio
2588 5249 2846 5312 civitatis,
2892 5246 3168 5300 dimittam
3198 5245 3346 5300 omni
3391 5243 3501 5297 loco
3542 5246 3767 5310 propter

264 5345 365 5401 per
396 5330 537 5386 vitia
567 5332 846 5388 violenter
873 5342 1018 5402 acto,
1067 5334 1336 5405 quaedam
1381 5335 1721 5405 plerumque
1756 5335 1959 5392 infun-

264 5421 423 5477 ditur
473 5436 594 5477 suae
621 5422 831 5479 futurae
875 5423 1060 5481 ruinae
1093 5438 1161 5481 ac
1185 5424 1621 5481 resurrectionis
1650 5425 1956 5495 providen-

264 5508 363 5577 tia,
398 5514 453 5565 et
494 5510 634 5566 dum
656 5524 714 5566 se
738 5511 893 5568 videt
922 5512 1116 5585 spargi
1141 5527 1240 5583 per
1267 5513 1531 5580 crimina,
1576 5528 1734 5585 spem
1766 5522 1954 5571 tamen

2065 5352 2169 5391 eos.
2202 5338 2267 5391 In
2290 5336 2465 5392 medio
2503 5339 2741 5392 civitatis
2792 5335 2933 5407 justi
2980 5334 3379 5401 inveniuntur,
3435 5345 3570 5388 cum
3600 5344 3765 5386 com-

2064 5426 2393 5496 punctionis
2424 5434 2612 5482 motus
2652 5426 2711 5479 in
2761 5425 2880 5493 ipso
2934 5422 3123 5478 cordis
3179 5421 3496 5478 meditullio
3542 5434 3658 5475 non
3688 5418 3762 5474 ad

2068 5516 2290 5581 horam,
2323 5523 2424 5570 aut
2452 5528 2524 5569 ex
2553 5513 2746 5581 latere,
2804 5519 2867 5568 ut
2911 5511 3135 5578 assolet,
3184 5511 3283 5567 sed
3330 5515 3765 5580 perseveranter
