3884 6068
183 190 292 242 145

1372 188 1729 245 MORALIUM
1767 188 1840 244 1N
1877 188 2183 245 GENESIN
2225 191 2357 246 LIB.
2398 192 2460 244 ν.

3591 197 3691 250 146

171 326 231 374 et
289 332 425 374 cum
496 316 717 388 integro
772 317 916 373 vitia
971 318 1294 388 corrigendi
1349 324 1480 373 voto
1523 324 1881 387 nascuntur;
1920 319 2079 375 Ario
2109 321 2307 391 pedem
2338 321 2515 377 animi
2557 323 2860 393 ponimus;
2894 340 3008 382 non
3059 325 3239 398 igitur
3285 326 3344 381 in
3400 327 3506 383 hoc
3539 334 3694 383 statu

171 406 341 461 omni
383 412 574 460 autem
622 405 742 460 loco
792 404 1119 472 dimittitur,
1168 419 1299 461 cum
1343 405 1518 460 monti
1549 420 1583 460 a
1629 420 1736 462 sua
1767 406 1889 462 dis-

172 494 451 563 persione
495 494 765 559 collectae,
821 500 876 548 et
929 498 1021 546 η
1064 493 1303 548 omnino
1346 493 1464 565 jam
1514 493 1676 550 factae
1723 494 1887 550 locali

171 582 542 653 indulgetur,
574 596 646 638 ne
678 581 735 636 in
763 583 1043 637 deteriora
1068 581 1317 638 labatur.

248 671 428 727 Vens.
464 673 556 737 27,
606 672 693 724 28.
753 700 821 709 —
871 672 1108 740 Loquar,
1157 670 1256 735 ait,
1303 671 1378 724 ad
1443 672 1726 725 Dominum
1771 687 1888 726 cum

169 763 284 815 sim
309 761 514 827 pulvis,
547 764 598 813 et
623 762 777 814 cinis.
811 760 967 824 Quod
994 762 1044 813 si
1077 763 1483 829 quinquaginta
1524 762 1693 829 justis
1721 764 1890 831 quin-

170 865 285 917 que
308 852 488 903 minus
513 851 725 915 fuerint
749 847 1004 903 inventi?
1032 851 1170 914 Non,
1220 848 1299 905 ait
1350 849 1648 917 Dominus,
1685 849 1887 915 delebo,

169 941 227 992 si
274 941 526 992 invenero
574 936 949 1007 quadraginta
1012 939 1269 1005 quinque.
1324 937 1417 991 Ad
1465 938 1755 991 Dominum
1802 937 1889 992 lo-

170 1026 445 1097 quimur,
471 1040 602 1081 cum
634 1025 703 1080 de
732 1032 928 1080 nostra
960 1025 1240 1094 pravitate
1268 1025 1421 1094 apud
1454 1025 1639 1095 ipsum
1671 1026 1890 1080 orando

171 1116 639 1185 conquerimur;
675 1113 966 1183 pulverem
1014 1128 1116 1169 nos
1160 1113 1428 1179 fatemur,
1458 1129 1589 1169 cum
1636 1121 1737 1169 aut
1787 1128 1889 1169 nos

171 1211 530 1273 peccatores,
563 1210 665 1258 aut
695 1202 763 1257 ad
816 1216 1040 1257 omnem
1091 1202 1418 1257 tentationis
1465 1210 1674 1258 statum
1720 1201 1891 1257 insta-

173 1291 326 1348 biles
364 1305 468 1346 nos
513 1304 635 1347 esse
680 1291 1115 1360 cognoscimus;
1165 1291 1421 1360 peccanti
1471 1291 1621 1347 enim
1671 1290 1887 1346 dictum

172 1387 305 1435 est:
339 1380 530 1433 Pulvis
587 1393 641 1432 es
702 1377 853 1448 (Gen.
910 1393 991 1442 Ill,
1057 1378 1165 1448 19).
1222 1378 1377 1435 Cinis
1416 1394 1552 1434 vero
1603 1379 1752 1449 ignis
1793 1379 1890 1434 ab-

172 1467 397 1537 sumpti
448 1466 726 1522 indicium
769 1474 868 1529 est,
925 1467 1080 1537 quod
1123 1466 1410 1537 significat
1468 1468 1889 1537 praeteritorum

174 1563 550 1624 peccatorum
580 1554 933 1622 memoriam,
983 1570 1115 1625 qua).
1159 1556 1308 1611 sicut
1351 1554 1495 1611 cinis
1545 1556 1753 1626 ignem,
1805 1556 1886 1612 sic

173 1644 333 1700 fovet
365 1652 419 1700 et
442 1642 673 1699 refricat
705 1642 830 1698 vitii
863 1643 1149 1713 cujusque
1188 1643 1457 1699 calorem.
1503 1645 1660 1700 Cinis
1688 1644 1885 1715 itaque

173 1747 406 1798 sumus,
439 1732 667 1802 quoties
688 1731 928 1801 pristina
948 1739 1143 1787 nostra
1172 1730 1324 1786 mala
1346 1731 1690 1801 voluptuosa
1711 1747 1889 1788 recor-

174 1822 415 1877 datione
439 1820 775 1888 nutrimus;
806 1820 899 1875 sed
927 1834 1040 1876 non
1074 1819 1353 1887 delemur,
1395 1823 1446 1875 si
1487 1823 1891 1890 quinquaginta

167 1911 349 1979 jastis
398 1912 639 1980 quinque
667 1910 844 1963 minus
893 1908 1166 1964 habentes
1216 1909 1562 1972 invenimur,
1616 1910 1757 1980 quia
1787 1910 1891 1965 etsi

174 2006 648 2069 perpetratorum
697 2012 801 2053 nos
850 1997 1105 2067 poenitet,
1159 2006 1215 2053 et
1266 1998 1623 2055 imbecillitas
1652 1999 1890 2055 interio-

173 2088 260 2144 ris
287 2087 542 2143 hominis
569 2087 641 2142 ad
672 2086 961 2158 integrum
1002 2087 1348 2157 restringere
1395 2087 1656 2158 quinque
1700 2088 1890 2143 carnis

176 2191 387 2233 sensus
415 2190 533 2231 non
575 2175 748 2242 valet,
782 2183 973 2231 tamen
1016 2176 1217 2231 divina
1246 2175 1550 2231 clementia
1597 2176 1886 2232 tantillum

179 2263 497 2334 paenitendi
526 2263 845 2335 appetitum
891 2278 1007 2319 non
1056 2271 1278 2331 renuet,
1313 2278 1416 2320 nec
1464 2264 1756 2320 residuum
1788 2265 1889 2320 ho-

179 2368 270 2408 nae
320 2352 641 2408 introrsum
700 2351 1014 2407 voluntatis
1074 2352 1239 2419 delet,
1292 2367 1423 2407 cum
1489 2367 1649 2407 mens
1699 2352 1892 2408 minus

177 2456 362 2513 quam
390 2440 662 2497 convenit
699 2439 1127 2496 sensualitatem
1158 2455 1270 2495 non
1303 2440 1565 2508 audacia,
1598 2442 1691 2496 sed
1722 2440 1892 2496 infir-

178 2531 380 2586 mitate
408 2534 657 2585 coercet.
698 2528 1082 2596 Quadraginta
1128 2537 1318 2583 autem
1371 2531 1609 2597 quinque
1638 2529 1693 2583 in
1726 2528 1891 2591 nobis

178 2618 577 2688 reperiuntur,
610 2631 744 2672 cum
779 2631 880 2686 per
908 2615 1152 2688 gratiam
1204 2616 1528 2687 Evangelii,
1576 2632 1706 2686 quae
1737 2631 1889 2688 qua-

178 2707 435 2763 ternario
482 2706 768 2777 signatur,
826 2712 880 2761 et
922 2705 1105 2761 ductu
1170 2703 1455 2774 Decalogi,
1504 2707 1603 2775 qui
1653 2706 1891 2762 denario

182 2795 489 2865 accipitur,
538 2793 880 2850 sensualitas
920 2793 1177 2860 interior,
1215 2792 1269 2848 id
1298 2801 1382 2848 est
1414 2793 1747 2865 imaginatio
1780 2794 1893 2863 ple-

182 2898 254 2939 ne
285 2883 553 2953 regitur;
583 2882 691 2937 nisi
720 2881 875 2938 enim
904 2896 1106 2937 sensus
1133 2881 1191 2935 hi
1221 2881 1474 2951 corporis
1502 2881 1718 2937 arctius
1749 2881 1893 2936 mul-
1928 2912 1969 2967 ε

184 2980 239 3027 to
269 2972 484 3027 animae
509 2971 777 3037 inessent,
799 2983 1104 3039 nunquam
1131 2984 1355 3037 eorum,
1384 2984 1515 3039 quae
1536 2970 1888 3038 audivimus,

185 3059 504 3131 tetigimus,
550 3058 867 3123 olfecimus,
918 3066 1089 3114 tanta;
1119 3073 1178 3114 se
1207 3058 1258 3114 ei
1292 3058 1621 3114 memoriter
1649 3058 1890 3113 delecta-

185 3149 372 3204 tiones
400 3147 829 3218 immergerent.

255 3236 436 3292 Vsus.
467 3237 556 3289 29.
588 3265 659 3275 ——
690 3236 789 3291 Sin
816 3239 993 3289 autem
1015 3235 1391 3303 quadraginta
1420 3238 1628 3289 inventi
1659 3237 1890 3301 fuerint,

184 3326 325 3395 quid
350 3326 525 3392 facies
542 3326 572 3377 ?
599 3326 735 3378 Ait:
774 3326 887 3379 Non
912 3326 1217 3393 percutiam
1242 3330 1467 3393 propter
1495 3325 1888 3393 quadraginta.

185 3413 249 3468 In
282 3411 751 3483 quadragenario
794 3425 1014 3478 sumus,
1048 3426 1178 3466 cum
1228 3420 1329 3466 aut
1374 3426 1581 3480 corpus
1630 3418 1892 3467 nostrum

182 3509 445 3571 quatuor
487 3500 801 3555 subsistens
844 3498 1137 3555 elementis
1185 3499 1420 3554 denario
1471 3499 1629 3570 legis,
1679 3498 1889 3554 addici-

184 3605 337 3656 mus,
378 3596 482 3644 aut
514 3589 651 3659 quia
681 3587 955 3644 denarius
978 3602 1049 3643 ex
1080 3596 1291 3656 septem
1318 3595 1371 3642 et
1406 3587 1612 3652 tribus,
1648 3594 1887 3652 constat,

182 3677 551 3748 septenarius
580 3691 717 3732 vero
762 3690 836 3731 ex
884 3684 1135 3747 quatuor
1174 3684 1229 3731 et
1277 3676 1481 3743 tribus,
1534 3690 1743 3745 corpus
1788 3690 1888 3730 no-

182 3774 372 3821 strum
418 3764 792 3834 quaternario
837 3763 1172 3833 figuratum,
1224 3762 1601 3834 animamque
1642 3764 1891 3818 ternario

181 3867 283 3923 per
311 3859 570 3923 quatuor
596 3850 1046 3921 Evangeliorum
1094 3852 1433 3919 custodiam,
1486 3860 1589 3907 aut
1637 3858 1889 3921 quatuor

183 3939 594 4011 principalium
658 3938 943 3993 virtutum
998 3938 1424 3995 observantiam
1468 3940 1539 3994 ad
1596 3939 1891 3994 Trinitatis

184 4028 522 4085 inducimus
567 4026 847 4094 notitiam,
894 4041 1074 4097 quam
1128 4027 1209 4083 nil
1256 4027 1415 4083 aliud
1463 4027 1726 4094 dicimus,
1782 4027 1888 4082 nisi

184 4130 442 4186 corpore,
489 4122 545 4171 et
581 4113 777 4170 anima
823 4115 935 4171 Deo
965 4114 1308 4171 observandi
1356 4115 1732 4185 diligentiam.
1772 4115 1891 4171 No—

188 4204 348 4260 tandi
379 4211 571 4259 autem
605 4210 742 4259 sunt
787 4218 888 4273 per
934 4217 1204 4259 numeros
1251 4209 1510 4259 statuum
1559 4203 1793 4274 gradus,
1838 4203 1894 4258 in

189 4293 409 4361 quibus
436 4306 470 4347 a
516 4291 851 4362 paenitentia
888 4291 1252 4348 continentiae
1300 4290 1523 4362 proficit
1552 4292 1758 4357 virtus,
1792 4305 1895 4347 nec

188 4381 285 4451 pia
317 4380 556 4436 intentio
578 4379 830 4450 perversi
852 4388 1016 4436 actus
1029 4380 1231 4436 merito
1250 4380 1517 4451 exigente
1545 4379 1889 4435 concutitur.

189 4498 257 4511 —
284 4469 480 4536 (Vsus.
508 4468 620 4539 30.)
650 4468 813 4535 Quid,
846 4471 1052 4538 inquit,
1080 4468 1132 4522 si
1161 4470 1428 4523 inveneris
1470 4468 1572 4522 tibi
1619 4470 1848 4536 triginta
1866 4472 1893 4523 φ

192 4559 335 4623 Non,
368 4558 470 4622 ait,
497 4559 819 4626 interﬁciam
846 4562 1072 4627 propter
1120 4559 1372 4624 triginta.
1421 4556 1794 4629 Trigenarius
1821 4571 1894 4612 ex

192 4647 401 4703 sexties
426 4647 625 4715 quinis
653 4654 891 4702 constat.
920 4644 1192 4703 Senarius
1225 4653 1440 4710 autem,
1472 4646 1613 4716 quia
1639 4659 1740 4700 sex
1770 4644 1895 4700 die-

193 4736 302 4791 bus
326 4748 434 4789 sua
463 4734 615 4790 Deus
643 4748 817 4804 opera
860 4734 1162 4805 peregerit,
1198 4747 1299 4803 pro
1350 4733 1693 4803 perfectione
1739 4733 1894 4787 acci-

192 4824 393 4894 pitur;
443 4822 755 4892 quinarius
793 4836 930 4878 vero
974 4836 1092 4878 non
1140 4821 1326 4877 solum
1368 4821 1440 4876 ad
1488 4822 1799 4878 exteriores
1841 4828 1896 4877 et

194 4912 531 4968 intrinsecos
557 4925 778 4979 sensus,
810 4912 908 4967 sed
937 4911 1111 4967 etiam
1143 4911 1215 4965 ad
1246 4924 1419 4980 opera
1460 4910 1586 4980 ipsa
1612 4910 1890 4975 refertur;

192 4999 670 5071 quinquepartita
697 4999 852 5055 enim
879 5006 963 5055 est
1007 5012 1412 5068 corporearum
1445 5013 1638 5054 rerum
1673 4998 1889 5065 divisio,

194 5090 252 5145 in
280 5102 589 5159 personam
637 5088 870 5157 scilicet,
919 5102 1051 5158 quin
1089 5086 1388 5158 quippiam
1423 5087 1559 5157 agit,
1596 5087 1893 5143 materiam

192 5177 344 5234 unde
373 5175 513 5245 agit,
548 5183 768 5232 motum
793 5189 895 5245 per
927 5190 1100 5246 quem
1132 5175 1282 5239 facit,
1328 5176 1682 5231 occasionem
1714 5189 1895 5245 quare

193 5265 337 5326 fecit,
365 5263 637 5320 efiectum
686 5264 840 5335 quod
899 5263 1052 5319 facit.
1104 5263 1248 5320 Cum
1290 5278 1427 5335 ergo
1468 5263 1540 5319 ad
1580 5263 1892 5332 perfectum

193 5353 645 5413 sensualitatem.
691 5353 1177 5424 imaginationem,
1227 5367 1583 5423 operumque
1611 5352 1891 5417 ordinem,

195 5450 361 5514 prout
388 5441 739 5499 humanitati
781 5441 1053 5512 suppetit,
1104 5440 1496 5512 producimus,
1542 5443 1597 5497 in
1637 5441 1893 5512 trigena-

1998 408 2396 477 interfectioni,
2424 412 2521 467 sed
2549 412 2850 469 salvationi
2891 414 3047 471 locus
3086 423 3195 471 est.
3238 444 3286 455 -
3334 415 3525 487 (Vnns.
3582 417 3694 486 3t.)

1998 497 2270 567 Sequitur
2294 499 2622 555 vicenarius
2652 516 2933 557 numerus
2978 503 3033 557 in
3065 518 3180 573 quo
3211 504 3402 559 adhuc
3448 519 3561 559 non
3594 519 3693 574 pe-

1996 585 2072 641 rit
2101 586 2337 655 civitas;
2386 589 2712 645 vicenarius
2740 604 2815 645 ex
2862 591 3197 660 septenariis
3243 591 3488 657 duobus,
3523 600 3578 647 et
3614 608 3698 648 sc-

1998 676 2159 731 nario
2198 683 2455 731 constat:
2504 692 2603 745 per
2636 693 2821 734 unum
2864 693 3001 750 ergo
3034 679 3416 748 septenarium
3475 688 3696 750 tempo-

1998 763 2163 831 ralia,
2214 779 2344 834 qua;
2392 773 2608 834 septem
2654 766 2972 823 volvuntur
3019 766 3240 834 diebus,
3308 782 3405 836 per
3448 768 3695 824 alterum

1997 860 2261 908 nostrum
2290 867 2518 923 corpus,
2567 862 2622 910 et
2672 855 2892 921 anima;
2940 870 3040 926 per
3081 857 3371 912 senarium
3424 857 3694 931 spiritua-

1996 940 2067 997 lis
2086 949 2363 997 creaturze
2395 942 2676 1012 accipitur
2705 944 2907 1014 gratia,
2941 944 3035 999 cui
3057 944 3220 1013 quasi
3255 945 3542 1015 magistrae
3563 946 3696 1001 sub-

1992 1029 2229 1100 jicimur
2263 1031 2642 1101 restringendi
2675 1046 2797 1099 nos,
2851 1039 2904 1087 et
2944 1047 3191 1103 quieque
3237 1033 3438 1089 mundi
3478 1048 3695 1089 concu-

1998 1119 2313 1189 piscibilia;
2350 1120 2516 1175 homo
2546 1119 2699 1175 enim
2730 1120 2914 1175 factus
2941 1129 3025 1175 est
3066 1121 3156 1176 die
3185 1129 3346 1176 sexta
3380 1136 3392 1174 :
3425 1120 3534 1176 sub
3576 1133 3695 1189 qua

1998 1218 2126 1259 cum
2154 1220 2276 1271 nos,
2318 1211 2373 1260 et
2416 1203 2700 1259 exteriora
2750 1212 2945 1259 nostra
2993 1205 3371 1273 posuerimus,
3407 1205 3478 1260 ad
3520 1219 3692 1276 regu-

1998 1293 2112 1348 lam
2155 1293 2403 1363 primam
2448 1291 2742 1347 charitatis
2793 1290 3056 1347 videlicet
3099 1292 3379 1348 unitatem
3426 1293 3688 1362 perveni-

1996 1397 2147 1447 mus,
2180 1382 2237 1435 in
2269 1395 2387 1449 qua
2426 1381 2611 1451 perire
2639 1394 2751 1435 non
2786 1394 3111 1449 possumus.

2069 1470 2239 1527 Vnns.
2292 1473 2379 1524 32.
2434 1500 2493 1508 —
2545 1470 2790 1536 Obsecro,
2863 1472 3065 1538 inquit,
3132 1484 3197 1522 ne
3251 1472 3531 1536 irascaris,
3596 1473 3693 1525 Do-

1996 1560 2160 1622 mine,
2214 1563 2264 1612 si
2310 1560 2504 1627 loquar
2532 1558 2710 1612 adhuc
2741 1559 2914 1613 semel.
2954 1558 3101 1622 Quid
3135 1560 3186 1612 si
3227 1559 3441 1613 inventi
3482 1560 3695 1625 fuerint

1996 1648 2078 1701 ibi
2105 1647 2330 1703 decem?
2360 1647 2756 1702 Animadverti
2788 1647 2969 1713 debet,
3004 1646 3159 1717 quod
3192 1647 3351 1700 semel
3379 1661 3436 1702 se
3478 1646 3546 1702 ad
3583 1647 3695 1703 Do-

1996 1736 2218 1792 minum
2259 1736 2418 1807 loqui
2464 1736 2697 1805 coepisse
2743 1743 3167 1792 commemorat.
3223 1735 3401 1791 Semel
3450 1735 3509 1791 in
3539 1735 3694 1791 Scri-

1997 1825 2184 1894 pturis
2211 1839 2313 1895 pro
2343 1839 2407 1880 eo
2430 1823 2581 1894 quod
2612 1831 2695 1879 est
2740 1823 3286 1880 incommutabiliter
3324 1824 3573 1894 positum
3603 1838 3699 1880 re-

1998 1913 2291 1983 perimus;
2328 1911 2875 1968 incommutabiliter
2894 1911 3074 1982 igitur
3102 1913 3172 1967 ad
3197 1911 3504 1968 Dominum
3536 1911 3696 1980 loqui

1999 2001 2195 2071 incipit
2222 2002 2489 2072 quisquis
2517 2000 2647 2057 vitae
2674 2000 3025 2071 perfectioris
3053 2000 3384 2057 institutum
3411 2000 3699 2071 precibus,

1994 2097 2050 2145 et
2091 2089 2280 2144 studio
2323 2103 2556 2158 operum
2604 2096 3037 2158 perseveranter
3084 2103 3119 2142 a
3163 2090 3273 2143 Deo
3318 2088 3550 2157 expetit.
3603 2088 3705 2144 De-

1999 2176 2197 2232 narius
2225 2190 2361 2247 ergo
2382 2177 2451 2231 ad
2481 2184 2807 2232 extremum
2837 2176 3090 2245 ponitur,
3125 2176 3227 2246 qui
3257 2176 3316 2231 in
3349 2176 3515 2231 vinea
3552 2174 3703 2231 labo-

1998 2265 2261 2321 rantibus
2290 2264 2644 2334 promittitur
2666 2265 2849 2332 (Matt.
2883 2279 2980 2330 xx,
3020 2266 3115 2330 2);
3151 2265 3273 2319 haec
3322 2271 3407 2320 est
3437 2263 3535 2319 illa
3568 2264 3699 2319 uni-

1997 2353 2235 2409 versalis
2266 2352 2554 2423 perfectio,
2585 2359 2799 2407 aeterna
2825 2352 3053 2419 scilicet,
3087 2352 3180 2407 cui
3202 2352 3262 2406 in
3283 2351 3478 2408 futuro
3496 2352 3699 2406 viden-

1999 2441 2083 2497 dae
2114 2456 2270 2497 nunc
2301 2442 2623 2507 insudatur,
2654 2441 2753 2495 Dei
2785 2440 2950 2507 visio,
2975 2455 3106 2511 quae
3129 2440 3420 2496 estomnis
3442 2442 3701 2510 plenaria

1996 2529 2283 2585 felicitatis
2314 2530 2493 2600 origo,
2526 2529 2674 2584 sicut
2706 2529 2979 2585 denarius
3009 2528 3272 2598 quaedam
3315 2528 3542 2584 numeri
3574 2543 3705 2584 con-

1997 2623 2108 2674 stat
2137 2626 2292 2674 certa
2338 2617 2623 2688 perfectio,
2655 2624 2710 2673 et
2738 2617 2860 2672 sine
2890 2631 3006 2687 quo
3037 2616 3282 2672 aliorum
3319 2616 3417 2686 qui
3451 2631 3701 2685 sequun-

1999 2714 2110 2767 tur.
2137 2721 2252 2762 non
2285 2706 2345 2760 ﬁt
2382 2719 2760 2761 numerorum
2793 2704 2912 2761 ulla
2942 2704 3214 2760 collectio.
3246 2734 3315 2743 —
3362 2704 3554 2772 (Vnus.
3587 2706 3696 2772 33.)

1997 2796 2153 2850 Abiit
2182 2796 2457 2860 Dominus,
2481 2799 2770 2863 postquam
2800 2796 3028 2848 cessavit
3048 2795 3198 2862 loqui
3220 2793 3295 2846 ad
3314 2793 3620 2857 Abraham,
3650 2798 3700 2845 et

1999 2885 2091 2938 ille
2118 2898 2362 2937 reversus
2394 2888 2473 2937 est
2510 2885 2566 2935 in
2596 2883 2767 2936 locum
2809 2898 2984 2936 suum.
3040 2882 3168 2937 Post
3212 2881 3362 2936 hanc
3387 2895 3523 2951 ergo
3554 2895 3697 2935 con-—

2000 2972 2248 3027 scientiae
2276 2970 2734 3037 illustrationem,
2767 2983 2887 3039 qua
2903 2984 3033 3039 quae
3058 2968 3281 3039 agenda
3300 2966 3465 3024 nobis
3488 2968 3699 3023 suntin

2000 3060 2242 3116 diversis
2273 3060 2404 3115 vitae
2443 3058 2703 3125 statibus,
2741 3057 2908 3128 quasi
2939 3059 3048 3112 Deo
3079 3070 3181 3127 per
3222 3063 3498 3112 attactum
3530 3058 3700 3111 ratio-

1999 3149 2090 3204 nis
2115 3163 2221 3204 nos
2244 3148 2569 3217 alloquente
2599 3147 2907 3217 vigilanter
2943 3145 3294 3200 attendimus
3318 3159 3329 3198 :
3363 3144 3496 3198 Abit
3525 3145 3701 3197 Domi-

1998 3252 2120 3304 nus,
2154 3236 2295 3307 quia
2322 3244 2546 3290 ostenso
2575 3234 2707 3290 vitae
2750 3233 2974 3289 tramite
3017 3232 3294 3302 relinquit
3343 3230 3506 3287 nobis
3533 3230 3698 3287 liberi

2000 3325 2222 3381 arbitrii
2254 3338 2487 3390 munus,
2541 3332 2596 3378 et
2643 3323 2811 3393 quasi
2852 3322 3117 3378 secedens
3157 3320 3229 3376 ad
3261 3329 3487 3390 tempus
3518 3334 3699 3389 expe-

2000 3414 2200 3470 riendo
2238 3427 2342 3468 nos
2367 3411 2641 3483 permittit
2669 3425 2839 3482 agere
2865 3424 2996 3480 quae
3023 3409 3329 3478 volumus;
3363 3408 3699 3479 praesidente

2000 3502 2196 3571 itaque
2226 3502 2339 3557 Deo
2368 3500 2544 3555 menti
2575 3508 2784 3556 nostrae
2807 3513 2982 3568 supra
3009 3513 3112 3554 nos
3141 3512 3365 3561 sumus,
3403 3496 3699 3552 recedente

2000 3598 2190 3646 autem
2222 3588 2601 3658 dispensative
2634 3589 2774 3657 ipso,
2807 3588 2877 3642 ad
2913 3587 3100 3642 locum
3149 3593 3410 3640 nostrum
3453 3584 3697 3639 reverti-

1998 3693 2151 3745 mur,
2188 3677 2326 3746 quia
2355 3677 2427 3731 ad
2455 3690 2583 3732 eam
2609 3675 2785 3731 animi
2817 3674 3099 3744 torpidam
3126 3672 3520 3729 habitudinem
3552 3672 3698 3726 rela-

2000 3766 2193 3821 bimur
2218 3765 2390 3830 illico,
2422 3778 2600 3835 quam
2629 3778 2701 3819 ex
2732 3776 2882 3833 pura
2914 3762 3271 3819 humanitate
3316 3760 3615 3826 habemus,
3650 3760 3695 3814 si

1998 3854 2152 3910 enim
2185 3853 2605 3923 perpendamus
2628 3850 2768 3923 quid
2795 3866 2869 3907 ex
2913 3851 3076 3907 nobis
3100 3850 3299 3917 simus,
3328 3848 3695 3905 mendacium

1998 3941 2179 4007 verbi,
2213 3949 2267 3996 et
2294 3941 2478 4010 operis
2505 3940 2863 3997 solummodo
2896 3939 2956 3994 in
2982 3938 3147 3994 nobis
3178 3937 3552 3994 advertimus.

2630 4027 2861 4084 CAPUT
2900 4027 3057 4083 XIX.

2074 4122 2166 4171 73
2191 4117 2361 4173 Vens.
2400 4120 2451 4183 1,
2480 4117 2531 4171 2.
2566 4145 2623 4156 —
2657 4119 3032 4184 Veneruntque
3061 4116 3167 4169 duo
3198 4115 3380 4183 angeli
3408 4113 3695 4170 Sodomam

1935 4205 2236 4274 Dvespere,
2296 4205 2508 4260 sedente
2553 4206 2652 4259 Lat
2705 4207 2763 4258 in
2806 4205 3022 4271 foribus
3089 4205 3347 4258 civitatis.
3411 4204 3517 4272 Qui
3578 4217 3697 4256 cum

2000 4294 2229 4348 vidisset
2266 4310 2371 4360 eos,
2416 4295 2658 4347 surremit
2702 4297 2751 4347 et
2793 4295 2895 4347 ivit
2941 4293 3155 4346 obviam
3196 4294 3291 4353 eis,
3337 4290 3698 4358 adoravitque

1995 4399 2207 4453 pronus
2235 4386 2295 4436 in
2323 4388 2545 4446 terram,
2568 4387 2619 4435 et
2647 4382 2794 4436 ducit
2824 4396 2837 4434 :
2871 4380 3116 4447 Obsecro,
3158 4381 3384 4444 domini,
3432 4378 3697 4434 declinata

2000 4473 2060 4525 in
2108 4471 2322 4525 domum
2366 4474 2528 4540 pueri
2568 4474 2755 4534 vestri,
2807 4477 2857 4524 et
2903 4474 3112 4524 manete
3142 4469 3257 4523 ibi:
3312 4468 3493 4523 lavate
3537 4467 3696 4537 pedes

2000 4564 2227 4625 vestros,
2267 4565 2317 4614 et
2366 4575 2522 4614 mane
2552 4558 2972 4630 proﬁciscemini
3013 4561 3069 4612 in
3113 4562 3263 4613 viam
3303 4562 3558 4611 vestram.
3592 4556 3698 4611 Per

2001 4648 2145 4704 duos
2190 4648 2423 4719 angelos
2479 4647 2820 4703 sensualitas
2891 4652 2947 4702 et
3020 4645 3352 4718 imaginatio
3421 4644 3700 4713 accipitur

2003 4751 2134 4807 quae
2165 4744 2315 4793 recte
2344 4736 2554 4808 angeli,
2588 4736 2645 4791 id
2674 4743 2757 4792 est
2783 4738 2965 4791 nuntii
2994 4735 3289 4800 dicuntur,
3328 4733 3470 4804 quia
3497 4747 3699 4789 sensus

2001 4826 2252 4881 exterior
2317 4824 2728 4896 cogitationum
2796 4823 3027 4880 nuntiat
3091 4822 3318 4889 visioni,
3375 4837 3505 4892 quae
3562 4821 3698 4877 foris

2003 4912 2260 4980 senserit,
2296 4927 2619 4983 rursusque
2666 4910 3049 4983 imagiualitas
3077 4910 3246 4966 refert
3294 4908 3697 4966 intellectuali-

2003 5002 2124 5065 tati,
2158 5016 2289 5072 quae
2321 5002 2429 5056 sibi
2471 5002 2812 5057 sensualitas
2852 5000 3117 5055 forastica
3164 4998 3534 5069 impresserit,
3576 4999 3697 5053 haec

2002 5094 2107 5145 duo
2132 5091 2374 5147 veniunt
2406 5091 2710 5157 Sodomam,
2771 5103 2899 5145 cum
2941 5102 3215 5144 curarum
3262 5086 3692 5143 mundanarum

2003 5181 2239 5235 irruunt
2283 5180 2614 5245 caecitatem,
2669 5186 2726 5233 et
2771 5191 3022 5246 vespere,
3072 5176 3282 5232 divinae
3324 5175 3536 5232 scilicet
3579 5173 3696 5242 spei

2001 5267 2293 5323 deficiente
2349 5266 2555 5322 calore.
2633 5268 2731 5320 Lot
2790 5272 2983 5320 autem
3058 5266 3117 5319 in
3166 5264 3379 5330 foribus
3457 5264 3696 5316 civitatis

2000 5354 2172 5423 sedet,
2208 5355 2348 5425 quia
2377 5355 2608 5411 animus
2638 5360 2829 5410 noster
2858 5368 2893 5408 a
2932 5352 3087 5409 linea
3112 5351 3347 5425 justitize
3374 5352 3494 5422 jam
3524 5348 3695 5403 decli-

2002 5456 2167 5509 nans,
2198 5449 2253 5497 et
2269 5441 2713 5498 delectationum
2753 5440 2975 5498 retibus
3016 5441 3268 5504 vinctus,
3319 5439 3698 5505 ﬂammasque
