3884 6068
193 132 300 184 149

1393 129 1758 188 MOBALIUM
1795 131 1871 185 IN
1909 130 2208 193 GENESIN
2251 135 2379 189 LIB.
2421 136 2482 188 V.

3605 141 3702 192 150

185 265 458 336 profectu
494 267 715 337 positus
753 267 1061 322 tentatione
1097 266 1392 335 quidpiam
1444 266 1685 321 habendi
1720 272 1894 332 caret,
1933 268 1980 320 A
2010 268 2222 325 scilicet
2287 268 2616 338 tentationis
2677 268 2934 337 indigna,
2999 268 3117 336 jam
3184 269 3264 324 eis
3321 270 3703 326 adulantibus

182 355 294 409 vix
322 354 521 424 justus
548 354 878 409 cenodoxize
908 353 1162 422 impulsu
1195 367 1416 408 vacuus
1436 360 1533 415 est,
1578 353 1750 408 etiam
1783 368 1899 422 quo

175 443 403 513 justior
427 451 539 510 est;
575 444 695 498 haec
723 457 860 512 ergo
903 450 1058 508 sunt,
1092 457 1223 512 quae
1263 441 1500 496 rationis
1548 443 1726 497 robur
1763 440 1896 496 effe-

182 531 440 598 minant,
479 532 632 588 unde
684 539 737 586 et
797 531 924 586 filiae
982 538 1136 596 sunt,
1185 545 1316 599 quae
1377 545 1489 585 non
1543 538 1899 601 cognoscunt

178 623 393 685 cirum,
459 621 598 690 quia
646 635 760 675 non
821 621 1206 689 experiuntur
1247 619 1485 673 rationis
1543 619 1894 686 dominium;

180 709 410 764 dicitur
439 709 592 764 enim
637 708 912 762 cuidam:
971 709 1108 760 Voca
1150 709 1329 760 virum
1382 713 1532 761 tuum
1583 709 1760 773 (Joan.
1814 722 1891 773 tv,

187 798 304 862 l6),
339 797 397 851 id
432 805 514 852 est
557 796 939 863 intellectum;
980 803 1114 849 sunt
1154 809 1406 864 namque
1449 795 1756 861 innumeri,
1792 795 1895 865 qui

177 885 528 954 corporalia.
564 893 617 939 et
650 899 780 954 quae
813 884 987 954 vulgo
1028 884 1302 952 probrosa
1342 891 1476 938 sunt
1514 884 1655 938 vitia
1709 883 1894 954 magis

176 973 378 1029 vereri
424 973 623 1038 solent,
684 980 750 1026 ut
788 979 924 1027 sunt
992 971 1264 1040 gulositas
1318 985 1384 1025 ac
1431 972 1893 1027 extraordinaria

177 1063 477 1125 luxuries,
519 1075 700 1132 quam
745 1059 1085 1128 spiritualia,
1122 1066 1183 1114 ut
1232 1058 1476 1114 avaritia
1521 1067 1574 1114 et
1621 1061 1893 1129 superbia

177 1158 350 1216 sunt,
386 1151 716 1205 exhorrent.
752 1149 885 1203 Haec
914 1149 1108 1216 itaque
1129 1148 1478 1214 educuntur,
1513 1148 1652 1204 dum
1691 1150 1763 1204 ab
1792 1150 1891 1205 illa

175 1239 383 1293 adhuc
431 1238 632 1292 divina
688 1237 857 1292 nimis
906 1235 1179 1305 sapiente,
1236 1243 1291 1291 et
1335 1236 1576 1291 terrenis
1635 1237 1890 1294 inhiante

174 1328 414 1384 ratione
479 1323 1134 1396 voluntatigdzemonicas
1194 1325 1638 1393 prostituuntur,
1674 1326 1889 1394 quibus

175 1429 287 1486 per
315 1415 517 1470 eadem
552 1413 794 1469 crimina
825 1413 1106 1468 abutitur.
1143 1413 1257 1468 Hoc
1291 1427 1348 1467 se
1393 1414 1681 1468 facturum
1712 1429 1882 1483 spon-

173 1504 298 1572 det,
333 1504 476 1558 dum
521 1502 680 1568 viris,
735 1502 791 1556 id
839 1508 922 1556 est
971 1502 1235 1556 sensibus
1273 1515 1393 1556 sese
1425 1500 1665 1556 viriliter
1708 1516 1881 1571 agen-

173 1594 341 1648 tibus
383 1591 525 1647 nihil
560 1592 658 1646 fiat
693 1590 848 1655 mali,
882 1590 938 1644 id
985 1597 1068 1644 est
1119 1588 1394 1655 scandali,
1452 1590 1591 1658 quia
1646 1592 1884 1658 ingressi

171 1687 308 1736 sunt
348 1681 448 1735 sub
493 1679 687 1733 umbra
723 1680 972 1733 culminis
1009 1679 1136 1745 mei,
1193 1677 1266 1733 ab
1320 1684 1464 1733 testu
1504 1677 1714 1733 scilicet
1765 1693 1886 1735 car-

173 1769 408 1824 nalium
441 1768 824 1836 appetituum,
872 1765 942 1820 ad
987 1779 1077 1819 me
1105 1764 1382 1820 rationem
1419 1780 1478 1820 se
1514 1766 1886 1824 contulerunt

172 1857 368 1912 sancti
397 1856 645 1926 Spiritus
675 1854 752 1909 ibi
785 1853 1190 1923 protectionem
1212 1853 1487 1920 habituri,
1522 1854 1623 1923 qui
1658 1861 1882 1926 tegmen

173 1945 353 2015 capiti
388 1959 512 1999 meo
533 1952 618 1999 est
649 1943 706 1997 in
737 1942 827 1998 die
857 1941 1011 1997 belli.

250 2035 428 2090 VI-zns.
461 2033 513 2086 9.
548 2063 617 2070 —
667 2034 744 2086 At
774 2032 861 2084 illi
902 2031 1162 2085 dixerunt
1191 2045 1205 2083 :
1241 2030 1447 2084 Recede
1484 2031 1641 2098 illuc;
1673 2037 1724 2084 et
1766 2047 1885 2085 rur-

173 2138 315 2178 sus:
369 2125 650 2189 Ingressus
696 2137 768 2187 es,
823 2122 1100 2188 inquiunt,
1149 2123 1210 2172 ut
1256 2119 1484 2186 advena,
1535 2121 1785 2190 nunquid
1822 2127 1884 2176 ut

167 2209 432 2279 judices?
467 2213 538 2263 Te
575 2224 700 2275 ergo
744 2209 920 2274 magis
959 2223 1123 2275 quam
1153 2209 1248 2261 hoc
1291 2209 1634 2275 afﬂigemus;
1667 2211 1884 2277 vimque

172 2300 459 2366 faciebant
513 2299 612 2352 Lot
667 2297 1142 2350 vehementissime.
1177 2295 1336 2362 Quod
1370 2303 1453 2351 est
1509 2303 1688 2352 totum
1740 2311 1806 2352 ac
1835 2298 1880 2353 si

173 2390 373 2444 carnis
414 2387 701 2456 appetitus
753 2386 861 2440 sub
895 2384 1080 2454 specie
1111 2384 1383 2439 vitiorum
1413 2384 1625 2440 diceret
1670 2385 1880 2441 ironice

173 2476 387 2532 rationi
434 2489 446 2528 :
481 2473 687 2528 Recede
729 2487 864 2542 ergo
913 2487 947 2527 a
977 2473 1261 2527 bonorum
1313 2473 1711 2541 temporalium
1744 2489 1875 2542 usu,

174 2565 397 2634 quibus
439 2563 589 2619 licite
622 2562 901 2617 inhaerere
949 2567 1195 2630 poteras,
1247 2561 1315 2615 ad
1371 2561 1878 2618 intellectualitatis

170 2667 468 2708 summam
503 2652 559 2705 in
587 2665 704 2720 qua
737 2662 1101 2719 perseverare
1139 2663 1254 2704 non
1289 2663 1488 2719 queas,
1519 2650 1616 2705 ubi
1661 2659 1716 2706 et
1748 2665 1878 2706 cor—

172 2744 332 2813 poris
361 2755 565 2797 sensus
611 2738 849 2794 ridicule
893 2739 1064 2792 nimis
1117 2751 1151 2792 a
1205 2753 1309 2793 suo
1357 2738 1546 2794 officio
1585 2740 1877 2795 abstinens

2007 356 2238 424 ostium,
2315 356 2418 426 qui
2486 356 2812 424 subripiant
2880 370 2993 410 non
3057 364 3138 412 est
3199 357 3256 411 in
3337 359 3698 415 conscientia.

2079 444 2250 500 Vens.
2304 448 2388 509 12,
2436 444 2518 500 l3.
2569 473 2642 484 —
2695 446 2967 497 Dixerunt
3011 450 3189 498 autem
3234 447 3308 499 ad
3352 449 3450 501 Lot
3485 449 3698 502 :Habes

2007 533 2093 585 hic
2133 538 2347 586 tuorum
2373 535 2722 601 quempiam?
2751 548 3024 599 generum,
3058 539 3154 586 aut
3191 536 3350 602 ﬁlios,
3387 540 3484 590 aut
3511 538 3700 604 ﬁlias?

2003 636 2181 675 omnes
2211 623 2308 690 qui
2352 624 2432 674 tui
2464 626 2590 675 sunt
2632 621 2761 674 educ
2797 621 2862 674 de
2903 623 3034 675 urbe
3077 624 3196 676 hac.
3232 625 3526 678 Delebimus
3557 628 3696 678 enim

2003 710 2174 762 locum
2200 711 2386 774 istum,
2439 724 2494 762 eo
2525 709 2669 778 quod
2717 711 3008 762 increverit
3045 711 3245 762 clamor
3286 727 3465 764 eorum
3515 728 3695 765 coram

2003 800 2242 864 Domino,
2277 800 2373 866 qui
2413 799 2563 851 misit
2592 812 2708 863 nos,
2751 802 2812 850 ut
2833 798 3126 866 perdamus
3171 798 3312 852 illos.
3359 800 3508 854 Dum
3557 814 3692 869 ergo

2001 900 2203 942 sensus
2259 886 2437 940 nostri
2493 887 2638 956 ejus,
2694 900 2824 955 quze
2887 900 3004 954 prae
3052 886 3234 942 oculis
3286 895 3388 952 est,
3452 895 3691 943 terrenae

2001 974 2194 1045 gloriae
2249 974 2442 1030 seduci
2502 973 2794 1028 blanditiis
2841 973 3059 1039 timent,
3113 974 3233 1043 ipsa
3279 989 3384 1028 sua
3433 976 3691 1044 passione

1999 1063 2277 1117 rationem
2318 1063 2542 1129 docent,
2601 1063 2974 1117 succidendos
3003 1077 3036 1116 a
3068 1077 3126 1117 se
3155 1064 3456 1119 universos
3487 1066 3686 1120 mundi

1998 1150 2253 1212 affectus.
2333 1165 2591 1221 generos,
2670 1165 2878 1218 pravos
2954 1151 3164 1206 scilicet
3233 1152 3509 1219 homines,
3586 1153 3687 1222 qui

1995 1241 2162 1307 ﬁlias,
2218 1239 2272 1293 id
2333 1247 2417 1294 est
2473 1239 2704 1294 inﬁrma
2775 1239 2984 1304 adhuc,
3063 1239 3308 1294 necdum
3379 1241 3543 1309 plene
3615 1241 3687 1295 ad

1996 1329 2176 1382 Deum
2213 1341 2392 1395 prona
2413 1327 2693 1382 desideria
2725 1334 2921 1382 nostra
2951 1326 3070 1381 suis
3099 1327 3394 1396 exemplis,
3431 1329 3682 1396 monitis,

1995 1423 2095 1470 aut
2129 1415 2509 1470 familiaritate
2551 1415 2621 1470 ad
2655 1423 2878 1470 terrena
2911 1422 3293 1483 prosternunt,
3325 1417 3460 1481 filios
3490 1417 3681 1480 etiam,

1993 1518 2149 1574 spem
2195 1503 2453 1559 videlicet
2493 1511 2747 1559 nostram
2783 1503 2842 1557 in
2891 1503 3156 1558 futurum
3205 1503 3680 1570 transferendam,

1993 1601 2095 1648 aut
2149 1593 2482 1648 saecularem
2527 1593 2860 1662 potentiam,
2891 1599 2990 1646 aut
3040 1590 3208 1646 fortia
3235 1591 3438 1646 mundi
3489 1607 3680 1661 opera,

1994 1681 2147 1737 unde
2193 1681 2294 1737 Job
2342 1681 2478 1736 dicit
2527 1688 2766 1736 mortem
2815 1679 3049 1750 elegisse
3099 1694 3226 1734 ossa
3270 1693 3376 1734 sua
3420 1681 3535 1751 (Job
3581 1696 3680 1746 vn,

1989 1769 2101 1839 15),
2136 1783 2266 1839 quae
2300 1768 2687 1823 masculorum
2720 1768 2900 1822 solent
2935 1766 3148 1837 signari
3180 1780 3443 1836 persona,
3487 1782 3683 1823 omnes

1990 1858 2276 1914 eliminari
2308 1865 2618 1912 monentur
2649 1871 2682 1911 a
2733 1856 3111 1923 conscientia;
3147 1855 3343 1910 vident
3371 1854 3524 1910 enim
3567 1855 3682 1910 im-

1991 1946 2257 2017 possibile
2281 1946 2878 2015 concupiscentiarum
2903 1946 3090 2015 ignem
3117 1945 3360 2000 interius
3401 1944 3677 2009 enutrirc,

1989 2042 2044 2091 et
2074 2036 2333 2090 admotas
2369 2035 2441 2090 ab
2499 2035 2631 2104 igne
2676 2034 3035 2102 voluptatum
3077 2033 3269 2101 paleas
3307 2046 3421 2087 non
3461 2032 3677 2101 abripi;

1988 2123 2396 2194 exstinguatur
2425 2123 2729 2192 cupiditas,
2759 2137 2865 2176 nec
2901 2121 3125 2176 nocebit
3158 2120 3426 2190 peccandi
3467 2135 3679 2190 oppor-

1988 2213 2222 2267 tunitas.
2255 2212 2467 2268 Omnes
2507 2212 2572 2264 de
2619 2213 2748 2266 urbe
2780 2210 3097 2274 educimus,
3142 2209 3244 2279 qui
3291 2209 3468 2265 nostri
3519 2217 3675 2273 sunt,

1987 2315 2119 2356 cum
2147 2314 2181 2355 a
2211 2300 2400 2355 carnis
2429 2299 2725 2355 desideriis
2768 2298 3169 2354 rationalitatis
3215 2297 3463 2368 insignia
3507 2312 3678 2366 sepa—

1987 2403 2205 2455 ramus,
2251 2388 2414 2458 quasi
2446 2403 2479 2442 a
2525 2388 2700 2457 paleis
2747 2401 2991 2457 granum
3031 2401 3043 2440 :
3081 2389 3372 2450 Exeamus,
3432 2386 3681 2454 Aposto-

1986 2477 2077 2533 lus
2105 2477 2201 2544 ait,
2243 2478 2316 2531 ad
2343 2479 2522 2530 Jesu-m
2552 2481 2711 2530 extra
2740 2480 2921 2530 castra
2955 2474 3138 2544 (Hebr.
3175 2489 3254 2540 XI,
3289 2475 3379 2541 34)
3423 2488 3434 2527 ;
3477 2488 3682 2529 sensus

1986 2575 2177 2622 autem
2220 2568 2390 2620 locum
2419 2566 2625 2632 delent,
2661 2579 2792 2620 cum
2829 2563 3257 2619 mundanorum
3302 2576 3497 2618 rerum
3532 2562 3680 2616 ima-

1985 2655 2325 2726 ginationes,
2379 2662 2722 2722 exterasque
2771 2653 3036 2718 visiones,
3083 2658 3369 2720 quantum
3418 2658 3676 2720 possunt,

1985 2757 2019 2798 a
2049 2758 2106 2798 se
2135 2744 2363 2799 abolent
2397 2747 2491 2796 25
2526 2758 2537 2795 :
2589 2743 2746 2796 locus
2793 2747 2980 2796 noster
3030 2739 3122 2794 hic
3152 2738 3408 2794 mundus
3455 2745 3554 2801 est,
3623 2739 3678 2792 in

168 2830 464 2887 occultare
515 2837 567 2884 te
619 2827 828 2897 putas?
881 2827 1042 2882 Ratio
1090 2826 1307 2881 homini
1361 2826 1540 2882 fateor
1582 2827 1714 2881 data
1767 2835 1871 2895 est,
1912 2854 1953 2910 ο
1984 2847 2102 2900 quo
2158 2831 2444 2886 conflatur
2505 2830 2676 2899 juxta
2727 2829 2831 2884 Job
2897 2842 3106 2883 aurum
3164 2828 3276 2894 (Job
3332 2841 3532 2894 xxvnt,
3597 2827 3672 2891 1),

171 2934 306 2990 quae
335 2919 459 2973 sine
490 2917 624 2972 ullis
650 2918 921 2983 'externm
954 2915 1033 2969 rei
1080 2915 1495 2984 cupiditatibus
1526 2917 1637 2971 Deo
1667 2930 1872 2971 vacare

170 3008 398 3063 debeat.
441 3007 510 3060 Et
543 3007 663 3062 haec
691 3004 1024 3070 vernacula,
1065 3012 1120 3058 et
1154 3011 1216 3058 ut
1248 3003 1330 3058 sic
1367 3003 1551 3058 dicam
1601 3004 1873 3074 indigena

168 3095 394 3149 homini
452 3100 564 3161 est;
627 3099 689 3147 tu
760 3098 954 3146 autem
1017 3089 1331 3145 adventitia
1393 3090 1452 3144 in
1514 3090 1871 3146 conscientiae

169 3183 417 3248 aditum,
452 3180 622 3250 quasi
657 3179 884 3241 ancilla,
925 3178 1283 3234 dominatum
1320 3178 1552 3233 imitans
1594 3179 1872 3235 fallaciter

171 3271 517 3344 ingrederis,
552 3284 682 3340 quae
721 3269 863 3323 vitia
893 3267 1213 3337 spiritualia
1243 3267 1624 3338 prosequeris,
1649 3275 1704 3322 et
1741 3283 1871 3323 cor-

169 3359 392 3432 poralia
425 3373 527 3428 pro
556 3358 674 3413 solo
707 3357 923 3426 pudore
967 3357 1221 3412 humano
1257 3355 1495 3426 refugis,
1531 3370 1706 3425 pensa
1755 3371 1870 3426 quo

169 3448 347 3504 animi
376 3447 580 3502 robore
616 3446 806 3501 sedem
837 3446 1115 3500 adversus
1146 3459 1248 3500 nos
1289 3445 1491 3514 judicii
1530 3453 1721 3501 tenere
1767 3460 1869 3514 po-

171 3537 335 3605 teris;
365 3549 480 3590 non
511 3549 649 3605 ergo
682 3541 797 3589 tam
831 3533 1139 3588 adversum
1164 3540 1291 3588 tuos
1321 3547 1524 3588 sensus
1572 3535 1871 3589 machinas

168 3623 503 3680 temtationis
532 3622 829 3693 erigimus,
873 3635 1053 3691 quam
1092 3628 1290 3676 contra
1323 3621 1606 3695 reflandos
1657 3623 1739 3678 tui
1770 3631 1868 3678 tu-

171 3713 347 3769 moris
401 3725 580 3766 novos
644 3710 854 3775 fastus;
938 3709 1068 3764 inde
1121 3709 1299 3779 igitur
1356 3709 1453 3764 Lot
1528 3709 1616 3764 isti
1680 3711 1867 3779 typico

170 3801 412 3856 internae
432 3798 781 3868 tempestatis
811 3797 981 3852 turbo
1039 3797 1389 3868 congeritur.

240 3890 414 3945 Vsus.
466 3890 552 3954 lO,
593 3891 676 3940 Η.
729 3915 790 3926 -
837 3889 958 3940 Jam
1005 3902 1171 3955 prope
1202 3891 1339 3952 erat,
1386 3891 1448 3939 ut
1495 3887 1866 3954 infringerent

168 3981 332 4044 fores.
372 3978 452 4030 Et
480 3991 593 4030 ecce
616 3977 880 4029 miserunt
907 3990 1129 4028 manum
1171 3973 1302 4039 viri,
1350 3980 1400 4028 et
1443 3975 1866 4028 introduxerunt

170 4067 244 4121 ad
273 4081 328 4120 se
380 4063 513 4130 Lot;
563 4065 977 4132 clauseruntque
1029 4064 1263 4117 ostium:
1314 4067 1364 4116 et
1412 4078 1516 4126 eos,
1566 4065 1662 4130 qui
1710 4069 1866 4117 erant

1981 2920 2148 2976 vallis
2206 2920 2591 2988 lacrymarum
2643 2918 2803 2973 locus
2845 2931 3017 2986 quem
3062 2916 3251 2985 posuit
3303 2917 3473 2970 Deus.
3525 2915 3674 2968 Missi

1980 3015 2136 3072 sunt,
2167 3017 2230 3063 ut
2267 3007 2509 3077 perdant
2538 3021 2692 3072 eum,
2727 3005 2866 3075 quia
2907 3003 3098 3070 creati,
3131 3003 3220 3057 vel
3254 3003 3433 3065 missi,
3469 3016 3501 3057 a
3551 3014 3674 3055 cor-

1981 3096 2159 3166 porali
2193 3095 2403 3150 scilicet
2441 3094 2738 3162 voluptate
2767 3091 2956 3147 emissi
2997 3098 3148 3157 sunt,
3197 3098 3260 3146 ut
3291 3090 3675 3146 exterminent

1981 3183 2038 3237 in
2087 3182 2285 3251 seipsis
2325 3181 2528 3236 mundi
2587 3179 2934 3249 appetitum;
2986 3179 3149 3249 pravi
3209 3178 3362 3234 enim
3410 3177 3668 3233 desiderii

1980 3271 2240 3326 ululatus
2265 3269 2396 3324 inde
2425 3268 2612 3339 surgit
2649 3269 2720 3323 ad
2752 3269 2951 3323 Deum.

2054 3361 2219 3416 Vens.
2273 3359 2361 3413 14.
2418 3389 2479 3398 -
2542 3361 2795 3425 Egressus
2847 3359 3030 3424 itaque
3083 3358 3181 3410 Lot
3224 3357 3428 3409 locutus
3471 3359 3548 3408 est
3597 3353 3672 3407 ad

1977 3464 2194 3520 generos
2234 3463 2378 3512 suos,
2418 3449 2514 3516 qui
2546 3448 2821 3514 accepturi
2855 3449 3009 3498 erant
3034 3446 3180 3512 ﬁlias
3210 3443 3346 3514 ejus,
3389 3448 3439 3496 et
3476 3443 3620 3496 dimit
3653 3461 3665 3496 :

1978 3541 2214 3606 Surgite,
2273 3543 2324 3590 et
2369 3536 2692 3602 egredimini
2739 3534 2804 3587 de
2867 3535 2974 3588 loco
3033 3538 3158 3600 isto,
3210 3535 3342 3601 quia
3413 3535 3669 3587 Dominus

1977 3627 2172 3682 delebit
2193 3627 2466 3678 civitatem
2514 3626 2709 3688 istam;
2761 3627 2812 3675 et
2853 3625 3002 3675 visus
3036 3626 3115 3674 est
3158 3623 3233 3675 eis
3273 3619 3433 3688 quasi
3481 3621 3669 3674 ludens

1976 3716 2140 3783 loqui.
2174 3712 2376 3768 Generi
2409 3719 2646 3781 possunt
2691 3709 2865 3764 altius
2907 3709 3145 3779 intelligi
3183 3723 3195 3762 :
3229 3709 3485 3764 diximus
3522 3710 3669 3764 duas

1976 3802 2137 3869 tilias,
2189 3799 2510 3864 avaritiam,
2552 3806 2607 3854 et
2649 3798 3042 3863 cenodoxiam,
3104 3797 3244 3867 quia
3299 3812 3432 3852 cum
3485 3797 3665 3867 aliqui

1975 3891 2245 3961 proﬁcere
2277 3890 2333 3943 in
2360 3887 2607 3957 alicujus
2655 3887 2788 3942 boni
2842 3887 3026 3956 operis
3075 3885 3430 3942 exhibitione
3483 3901 3664 3956 coepe-

1974 3980 2109 4046 rint,
2145 3979 2214 4034 ad
2257 3976 2623 4032 ambitionem
2658 3975 2909 4040 honoris,
2961 3983 3062 4031 aut
3110 3974 3386 4044 pecuniae,
3419 3987 3521 4029 seu
3550 3974 3665 4028 hu—

1972 4067 2128 4122 mani
2161 4066 2372 4121 favoris
2404 4065 2662 4135 aspirant
2695 4079 2706 4118 :
2744 4064 2830 4119 hae
2863 4064 3055 4133 itaque
3090 4063 3219 4118 filize
3259 4063 3435 4118 fluxae
3462 4061 3666 4116 mentis

168 4156 330 4221 foris,
401 4155 784 4222 percusserunt
858 4153 1094 4205 caecitate
1169 4167 1204 4203 a
1270 4152 1494 4204 minimo
1560 4165 1730 4220 usQue
1791 4153 1865 4206 ad
1903 4149 2137 4212 Dﬂuidi
2168 4162 2303 4211 sunt
2331 4161 2658 4222 conceptus,
2690 4153 2897 4208 harum
2942 4166 3073 4207 vero
3104 4151 3313 4218 mariti,
3369 4151 3482 4205 imo
3525 4163 3665 4204 con-

169 4244 492 4307 maximum,
525 4242 606 4293 ita
644 4245 705 4293 ut
741 4241 940 4293 ostium
989 4240 1232 4292 invenire
1275 4252 1381 4291 non
1416 4244 1649 4307 possent.
1703 4240 1866 4295 Fores

173 4330 591 4398 infringuntur,
625 4341 757 4382 cum
801 4332 1084 4396 praecepta
1141 4326 1257 4393 Dei,
1292 4333 1394 4381 aut
1449 4327 1635 4382 virtus
1665 4328 1863 4395 animi,

173 4433 290 4490 qua
320 4418 471 4471 Deus
500 4415 843 4481 admittitur,
880 4414 1176 4484 hostisque
1222 4413 1570 4479 excluditur,
1605 4416 1665 4469 in
1703 4416 1868 4471 nobis

174 4505 399 4562 diabolo
429 4505 695 4574 pulsante
724 4503 1046 4571 laeduntur;
1080 4502 1177 4558 sed
1209 4519 1430 4556 manum
1458 4505 1565 4556 viri
1608 4503 1862 4572 mittunt,

172 4604 224 4651 et
263 4597 362 4649 Lot
409 4593 484 4646 ad
523 4608 577 4646 se
624 4591 1018 4656 introducunt,
1051 4605 1183 4645 cum
1230 4589 1572 4646 sensualitas
1618 4600 1868 4662 utraque

173 4684 382 4754 rejecta
413 4680 666 4736 naturali
695 4679 929 4735 mollitie
977 4678 1368 4734 fortitudinem
1410 4679 1631 4735 virilem
1661 4682 1866 4747 exerit,

171 4780 226 4828 et
254 4785 434 4826 manu
466 4768 642 4824 divini
676 4767 880 4824 auxilii
911 4767 1190 4823 rationem
1227 4767 1334 4823 sibi
1370 4768 1692 4838 astringens
1717 4769 1867 4824 inte—

173 4863 326 4919 riora
380 4859 536 4929 petit,
591 4865 646 4913 et
705 4859 921 4922 ostium,
994 4856 1269 4912 fenestras
1324 4856 1536 4911 scilicet
1590 4857 1864 4927 corporis,

175 4964 294 5022 qua
347 4963 502 5004 mors
574 4947 885 5011 subintrat,
941 4945 1207 5011 obstruit,
1286 4945 1484 5014 sicque
1532 4946 1869 5015 temporalia

175 5045 382 5094 cuncta
409 5051 544 5106 qua:
586 5050 691 5091 nos
723 5035 952 5090 irritant
999 5047 1033 5087 a
1081 5032 1334 5088 minimis
1371 5035 1442 5089 ad
1493 5035 1746 5089 maxima
1775 5043 1868 5091 ut—

178 5134 301 5198 pote
371 5122 786 5181 contemnendo
855 5122 1133 5188 destituit,
1199 5130 1254 5177 et
1317 5136 1468 5178 czeca
1532 5123 1714 5190 nullo,
1777 5126 1869 5180 vi-

178 5215 372 5270 delicet
404 5213 564 5284 quod
618 5212 720 5268 abs
764 5211 1022 5282 quolibet
1065 5210 1243 5282 probo
1276 5211 1600 5281 concupisci
1646 5213 1865 5282 debeat,

181 5301 569 5373 prosperitatis
621 5300 839 5356 lumine
910 5299 1130 5370 fulgere
1184 5299 1458 5368 ostendit;
1532 5315 1663 5369 quae
1736 5316 1868 5357 cum

182 5389 392 5448 fuerint
446 5388 708 5459 judicata
753 5388 906 5443 omni
967 5387 1152 5443 cordis
1208 5396 1470 5457 respectu
1517 5388 1588 5444 ad
1650 5396 1872 5459 tempus

1975 4250 2326 4314 stupratores
2357 4241 2670 4310 concupitae
2718 4241 2796 4295 rei
2838 4247 2993 4304 sunt,
3036 4240 3123 4295 vel
3179 4248 3432 4296 externa:
3483 4238 3667 4293 laudis

1974 4333 2271 4399 obtentus;
2325 4329 2572 4385 obtentis
2625 4328 2778 4384 enim
2841 4343 2970 4398 quae
3036 4328 3321 4398 cupimus,
3389 4328 3554 4398 quasi
3605 4327 3663 4381 in

1975 4419 2228 4491 quadam
2293 4417 2544 4472 libidinis
2606 4416 2922 4484 expletione
2981 4415 3414 4485 jocundamur:
3471 4413 3663 4484 generi

1974 4523 2111 4578 ergo
2181 4506 2328 4561 ﬁlias
2392 4505 2704 4574 accepturi,
2763 4503 2986 4560 fructus
3033 4511 3168 4559 sunt
3229 4502 3557 4572 cupiditatis
3610 4508 3664 4556 et

1976 4596 2171 4668 gloriae
2203 4594 2408 4661 inanis,
2461 4593 2561 4662 qui
2591 4601 2999 4662 exspectantur
3037 4592 3286 4648 venturi.
3339 4592 3451 4646 Hos
3479 4605 3513 4645 a
3559 4589 3662 4646 So-

1975 4685 2146 4740 doma
2167 4684 2557 4746 dehortamur,
2585 4697 2717 4737 cum
2751 4681 2830 4736 nil
2872 4681 2931 4736 in
2975 4680 3184 4736 saeculo
3214 4693 3460 4750 sperare,
3505 4686 3558 4734 et
3590 4679 3662 4732 ab

1974 4774 2102 4844 ejus
2131 4771 2506 4828 similitudine
2536 4768 2841 4826 deformari
2873 4783 3208 4834 monemus;
3239 4782 3477 4839 surgere
3503 4781 3658 4832 vero,

1974 4869 2260 4931 torporem
2309 4857 2598 4929 repellere,
2656 4858 2867 4927 egredi,
2925 4871 3109 4911 mores
3154 4870 3366 4911 exuere
3399 4855 3660 4921 dicimus,

1977 4950 2117 5020 quia
2163 4948 2243 5004 sic
2283 4947 2490 5002 delebit
2547 4947 2604 5000 in
2650 4944 2857 5000 affectu
2914 4951 3106 5000 nostro
3163 4943 3366 4998 mundi
3414 4957 3662 4999 amorem

1981 5038 2298 5094 Dominus:
2350 5035 2580 5090 videtur
2634 5041 2824 5089 tamen
2871 5033 2953 5089 eis
2999 5031 3162 5102 quasi
3225 5032 3431 5088 ludens
3482 5033 3662 5104 loqui,

1978 5127 2118 5198 quia
2141 5125 2404 5181 discretio
2436 5124 2672 5179 rationis
2712 5137 2824 5177 non
2870 5123 2938 5176 ad
2972 5121 3198 5191 plenum
3235 5135 3268 5176 a
3297 5121 3411 5177 Deo
3446 5121 3664 5177 illumi—

1978 5221 2146 5280 natte,
2176 5213 2254 5268 nil
2278 5213 2507 5277 serium,
2540 5212 2620 5266 nil
2648 5211 2867 5279 stabile,
2901 5218 3002 5266 aut
3035 5217 3253 5266 certum
3284 5210 3474 5265 carnis
3515 5211 3664 5266 valet

1980 5303 2227 5357 motibus
2271 5301 2540 5364 suadere;
2573 5314 2685 5355 non
2733 5299 2886 5354 enim
2945 5300 3201 5369 tangitur
3259 5298 3494 5368 spiritus
3549 5314 3662 5355 un-

1979 5389 2176 5462 guine.
2207 5390 2308 5446 Lot
2343 5396 2532 5444 autem
2573 5389 2644 5444 ad
2676 5402 2770 5443 eos
2815 5387 2938 5444 haec
2996 5388 3296 5444 locuturus
3351 5386 3662 5457 egreditur,
