3884 6068
190 195 279 244 151
1088 189 1151 241 ν.
1191 186 1526 243 GUIBERTI
1568 187 1687 241 ABE

2008 183 2231 239 HARL‘E
2269 182 2358 238 DE
2397 181 2787 239 NOVIGENTO

3580 184 3685 234 {3‘2

185 322 326 393 quia
353 320 590 391 spiritus
616 319 809 375 carnis
840 317 1132 374 illecebras
1159 317 1259 372 etsi
1317 330 1429 370 non
1451 316 1657 384 operis,
1693 321 1880 370 tamen
1920 316 1968 369 A
1998 313 2294 382 apostasia;
2347 312 2584 378 malum,
2646 311 2861 367 nedum
2911 301 3060 367 onus
3124 325 3293 381 super
3347 326 3437 367 me
3487 309 3692 367 levare

186 409 555 482 cogitationis,
569 406 971 478 praevolatione
993 405 1101 461 ista
1122 404 1419 460 tractando
1440 402 1879 474 transgreditur.

258 501 430 557 Vnus.
486 502 570 553 15.
622 526 696 538 -
743 497 978 564 Cumque
1027 499 1163 548 esset
1219 509 1393 559 mane,
1445 493 1702 561 cogebant
1766 506 1885 547 eum

188 591 373 658 angeli
417 588 646 643 dicens:
680 585 872 651 Surge,
918 589 970 638 et
1017 585 1138 637 tolle
1176 598 1398 637 umorem
1448 586 1619 649 tuam,
1648 585 1699 635 et
1745 581 1885 636 duas

187 681 334 746 ﬁlias
381 692 518 746 quas
561 675 743 739 habes,
778 690 844 728 ne
885 677 936 727 et
988 678 1048 726 tu
1080 674 1297 742 pariter
1347 686 1535 740 pereas
1587 673 1645 724 in
1692 669 1887 724 scelere

189 768 449 821 civitatis.
483 763 755 830 Quandiu
795 760 1027 817 turbam
1059 758 1235 815 animi
1281 758 1553 815 tentando
1607 758 1886 828 patimur,

192 868 307 910 nox
346 860 431 909 est
463 852 647 918 nobis,
680 857 735 906 et
778 863 1074 905 moramur
1106 848 1163 903 in
1214 846 1492 914 Sodomis,
1524 845 1583 900 in
1631 846 1884 916 quadam

191 940 408 995 scilicet
449 938 700 994 caecitate
753 935 985 991 mentis.
1047 936 1120 989 At
1176 934 1288 989 Deo
1331 932 1516 988 cordis
1576 931 1888 987 irradiante

190 1027 387 1084 sinum
427 1025 488 1082 ﬁt
515 1039 702 1087 mane.
737 1031 793 1079 et
838 1023 1092 1094 pristinae
1126 1022 1272 1076 illico
1316 1035 1419 1075 nos
1446 1020 1621 1091 pudet
1663 1020 1886 1090 cogita-

192 1115 396 1187 tionis;
428 1115 500 1171 ab
532 1115 670 1185 ipsis
697 1114 852 1169 enim
892 1113 1010 1181 jam
1042 1109 1305 1181 cogimur
1345 1109 1581 1180 angelis,
1626 1109 1890 1164 sensibus

192 1204 397 1275 utique
427 1204 655 1269 nostris,
687 1202 790 1272 qui
833 1201 1051 1271 pridem
1094 1200 1452 1270 cogebantur
1482 1198 1719 1267 imperio
1766 1198 1888 1263 Lot,

195 1294 253 1349 id
293 1299 377 1348 est
403 1290 670 1351 rationis:
723 1296 1013 1360 coguntur
1061 1301 1315 1357 namque
1366 1287 1440 1342 ab
1483 1286 1706 1357 angelis
1757 1300 1891 1342 cum

192 1381 402 1438 rationi
427 1381 526 1450 jus
555 1379 677 1447 ipsa
719 1392 839 1433 sua:
891 1376 1122 1431 nuntiat
1164 1375 1536 1439 necessitatis,
1582 1390 1695 1429 non
1733 1389 1891 1443 posse

194 1484 398 1526 sensus
456 1467 707 1524 cohiberi
770 1479 804 1520 a
859 1463 1321 1533 concupiscentia
1371 1463 1431 1518 in
1490 1463 1767 1527 Sodomis,
1835 1463 1891 1518 in

193 1556 618 1614 cohabitatione
701 1553 961 1609 videlicet
1030 1550 1326 1607 saecularis
1411 1551 1887 1621 conversationis;

195 1662 313 1703 non
346 1646 499 1702 enim
531 1651 713 1714 potest
742 1642 1056 1712 quisquam
1087 1654 1203 1695 non
1233 1646 1480 1695 aestuare
1504 1640 1561 1694 in
1592 1640 1840 1695 ﬂammis
1873 1656 1885 1695 :

198 1736 382 1806 Surge
433 1748 591 1804 ergo,
650 1731 944 1802 inquiunt,
1008 1737 1073 1785 tu
1113 1729 1333 1798 praevia
1388 1727 1552 1794 ratio,
1600 1728 1653 1783 id
1685 1736 1769 1783 est
1817 1729 1889 1784 ad

196 1823 352 1880 vitiis
389 1821 769 1879 resistendum
813 1819 1051 1890 erigere,
1109 1831 1372 1885 uxorem,
1406 1816 1461 1872 id
1491 1824 1579 1872 est
1620 1818 1892 1873 volunta-

197 1921 308 1968 tem
338 1919 520 1975 tuam,
554 1924 686 1980 quae
726 1922 842 1964 non
891 1908 1169 1963 hactenus
1210 1906 1352 1976 jugo
1382 1906 1594 1973 mariti,
1626 1907 1781 1975 quod
1808 1913 1893 1962 est

202 1999 542 2065 intellectus,
604 1997 784 2053 teneri
842 2010 902 2051 se
977 1994 1323 2064 patiebatur,
1387 1994 1483 2049 sed
1553 1993 1894 2050 adulterinis

202 2087 408 2158 passim
459 2085 756 2141 amoribus
804 2083 1249 2147 distrahebatur,
1300 2082 1452 2147 tolle,
1507 2096 1631 2138 eam
1691 2082 1894 2153 utique

200 2192 333 2246 qua:
369 2185 419 2231 te
451 2175 599 2229 male
632 2173 857 2237 tulerat,
892 2171 978 2227 uti
1010 2170 1322 2241 paralytico
1377 2171 1588 2226 dicitur
1628 2172 1778 2241 (Luc.
1835 2187 1890 2239 ν,

202 2264 312 2330 2i),
345 2262 539 2319 tollere
564 2263 706 2332 jam,
742 2261 847 2315 hoc
874 2268 958 2314 est
985 2274 1180 2329 regere
1210 2258 1380 2320 disce,
1416 2266 1470 2314 et
1506 2259 1720 2328 pariter
1751 2259 1896 2315 duas

202 2353 366 2418 ﬁlias,
403 2360 466 2407 ut
495 2351 746 2421 profecto
783 2348 899 2419 jam
934 2362 1050 2403 non
1084 2356 1310 2403 terrena
1362 2347 1420 2402 in
1473 2347 1749 2414 Sodomis,
1797 2348 1895 2404 sed

198 2440 446 2496 cmlestia
495 2440 554 2494 in
593 2438 803 2493 divinis
849 2436 1069 2506 cupias,
1128 2444 1184 2492 et
1227 2436 1463 2505 puritati
1495 2437 1685 2505 potius
1716 2450 1894 2507 quam

200 2530 360 2584 inani
422 2527 554 2583 foris
600 2527 799 2597 gloriae
854 2524 1085 2581 studeas
1141 2538 1212 2580 ne
1266 2533 1321 2580 et
1378 2532 1444 2580 tu
1495 2524 1707 2595 pariter
1764 2540 1897 2581 cum

203 2630 403 2686 pecore
423 2615 610 2671 silenti
643 2627 857 2683 pereas.

277 2706 444 2761 Vnus.
486 2705 566 2770 16,
621 2705 704 2756 17.
755 2732 824 2741 -
873 2702 1260 2756 Dissimulante
1286 2703 1380 2756 illo
1421 2701 1898 2770 apprehenderunt

205 2808 423 2847 manum
465 2806 602 2860 ejus,
649 2796 700 2844 et
750 2805 969 2842 manum
1010 2792 1221 2854 umoris,
1269 2805 1332 2842 ac
1366 2789 1601 2843 duarum
1647 2791 1897 2859 ﬁliarum

204 2884 339 2949 ejus,
395 2896 452 2934 eo
516 2880 660 2948 quod
704 2882 949 2946 parceret
999 2878 1088 2931 illi
1147 2879 1438 2932 Dominus.
1495 2880 1895 2949 Posueruntque
1932 2896 1973 2951 ο
2004 2885 2112 2948 23),
2154 2895 2268 2936 non
2295 2886 2380 2936 est
2408 2894 2581 2935 suum
2615 2880 2752 2935 dare
2785 2879 3252 2949 superbientibus
3280 2879 3481 2947 nobis;

204 2972 362 3021 extra
383 2968 655 3021 civitatem
688 2964 805 3038 [al.,
837 2966 918 3019 ibi
953 2966 1116 3019 locuti
1141 2971 1269 3019 sunt
1306 2965 1379 3019 ad
1407 2965 1570 3035 eum],
1613 2967 1709 3020 ubi
1747 2967 1895 3021 locu-

206 3063 292 3110 tus
340 3061 417 3109 est
468 3055 543 3108 ad
571 3070 689 3107 eum
744 3055 1025 3108 Dominus.
1068 3054 1235 3108 Salva
1276 3056 1515 3108 animam
1562 3059 1733 3116 tuam,
1785 3056 1899 3109 noli

206 3148 469 3213 respicere
497 3149 619 3212 post
649 3151 876 3211 tergum,
916 3159 1011 3197 nec
1041 3148 1147 3197 stes
1178 3146 1238 3196 in
1278 3146 1423 3197 omni
1468 3147 1620 3198 circa
1661 3147 1891 3212 regione,

205 3234 300 3286 sed
319 3235 377 3286 in
414 3238 588 3286 monte
619 3235 828 3285 salvum
861 3238 910 3286 te
938 3234 1047 3298 fac.
1080 3220 1543 3299 Dissimulamus,
1577 3247 1710 3289 cum
1750 3234 1898 3289 bona

204 3334 337 3388 quae
367 3327 422 3375 et
459 3333 736 3375 sensuum
783 3334 849 3375 ac
886 3319 1367 3390 imaginationum
1417 3320 1675 3376 molestia
1704 3329 1898 3377 nostro

210 3407 438 3476 spiritui
484 3407 606 3463 ﬁeri
645 3408 950 3464 convenire
981 3408 1232 3474 nuntiat,
1285 3407 1604 3465 differimus
1635 3425 1648 3464 :
1684 3424 1897 3481 appre-

208 3496 471 3551 hendunt
501 3511 708 3552 manus
733 3497 879 3567 ejus,
914 3498 1134 3561 uxoris,
1167 3511 1234 3551 ac
1262 3498 1532 3565 ﬁliarum,
1563 3513 1694 3554 cum
1738 3499 1898 3569 cogi-

208 3583 459 3647 tationis,
483 3583 987 3653 sensualitatisque
1006 3584 1182 3639 dubia
1199 3584 1336 3639 dese
1355 3584 1659 3640 inﬁrmitas
1680 3585 1898 3641 auxilio

208 3671 463 3728 rationis.
511 3672 673 3728 bonae
704 3672 1038 3739 voluntatis,
1073 3673 1177 3741 pia;
1206 3673 1277 3727 ad
1326 3681 1524 3729 sancta
1561 3688 1731 3743 opera
1776 3673 1896 3728 avi-

205 3760 417 3827 ditatis,
452 3774 583 3815 cum
617 3774 717 3829 spe
747 3760 943 3831 gloria)
986 3775 1100 3815 non
1126 3760 1440 3829 inanitatis,
1483 3761 1579 3817 sed
1610 3761 1898 3817 aeternita-

208 3846 279 3902 tis
328 3848 549 3903 fortiter
601 3847 954 3914 innituntur,
1006 3849 1204 3917 sicque
1251 3858 1414 3905 extra
1463 3850 1751 3905 civilatem
1803 3864 1900 3919 po-

207 3943 452 3999 nuntur,
483 3937 680 4006 sicque
707 3950 741 3991 a
772 3936 972 3992 mundi
1001 3936 1294 3992 desideriis
1328 3938 1675 3993 alienantur.
1707 3938 1896 4005 Salva,

209 4024 400 4094 inquit
446 4025 723 4080 Dominus
778 4025 1005 4091 rationi,
1069 4026 1209 4095 quid
1258 4025 1404 4081 facto
1450 4041 1596 4096 opus
1637 4027 1710 4082 sit
1764 4026 1900 4083 insi-

207 4126 415 4181 nuans,
462 4115 714 4168 animam
759 4120 935 4179 tuam,
978 4114 1089 4168 noli
1147 4114 1424 4183 respicere
1473 4122 1595 4184 post
1648 4123 1896 4185 tergum,

1992 402 2215 467 molior,
2258 407 2576 457 retroactus
2613 399 2904 456 inveniam
2954 414 3155 457 casum
3188 415 3200 456 :
3241 408 3327 456 est
3360 399 3562 455 civitas
3592 398 3695 454 hic

1988 492 2179 562 juxta,
2204 489 2439 546 humilis
2458 488 2806 559 poenitentiae
2848 489 3087 545 ﬁrmitas
3129 491 3187 545 in
3218 496 3489 560 promptu
3525 488 3695 543 arbi—

1992 580 2087 635 trii
2137 588 2223 635 est
2270 579 2398 645 sita,
2441 592 2572 648 qua:
2604 592 2734 632 cum
2784 577 2856 634 sit
2903 592 3104 648 parva,
3148 592 3262 633 non
3308 576 3504 647 captui
3562 591 3699 632 meo

1994 669 2165 724 nimis
2192 675 2444 735 austera,
2496 668 2575 723 ibi
2619 668 2877 723 safatria
2919 668 3160 737 captabo
3191 667 3500 737 perfugia:
3542 681 3703 722 nun-

1993 757 2136 827 quid
2168 771 2283 812 non
2320 757 2546 813 modica
2573 756 2702 813 est?
2727 757 2810 812 Ac
2839 756 2887 811 si
2917 756 3128 812 diceret
3161 771 3173 810 :
3206 755 3253 810 si
3299 769 3371 811 ex
3419 754 3704 824 superbia.

1995 846 2194 916 primae
2224 845 2558 915 perditionis
2595 845 2755 915 origo
2807 845 3099 914 processit,
3146 859 3337 899 nonne
3366 858 3468 914 per
3506 842 3702 899 humi-

1996 934 2170 989 litatis
2233 933 2652 1004 depressionem
2705 947 2774 989 ac
2818 932 3153 988 modestiam
3196 931 3410 987 salvari
3455 931 3702 987 licebit?

1996 1024 2190 1089 Vivat,
2245 1023 2455 1093 inquit,
2508 1023 2703 1078 anima
2744 1036 2889 1089 mea,
2944 1029 3266 1091 perseveret
3296 1020 3353 1076 in
3395 1029 3550 1077 statu
3580 1019 3704 1076 ali—

1997 1114 2166 1183 cujus
2195 1113 2328 1168 boni
2374 1111 2562 1185 operis
2596 1112 2715 1166 vita
2744 1125 2888 1166 mea.
2950 1110 3199 1179 Suscepi,
3256 1110 3336 1165 ait
3390 1109 3695 1173 Dominus,

1996 1202 2168 1257 etiam
2204 1201 2262 1256 in
2310 1201 2417 1257 hoc
2444 1214 2639 1270 preces
2669 1208 2818 1266 tuas,
2851 1207 2917 1255 ut
2955 1207 3070 1255 tam
3118 1198 3306 1255 ardua
3352 1199 3485 1254 vitae
3533 1197 3701 1253 insti-

1997 1297 2123 1346 tuta
2155 1291 2462 1361 refugiens,
2511 1289 2754 1354 modica,
2792 1288 2847 1343 id
2887 1296 2970 1344 est
2995 1287 3304 1343 mediocria
3332 1285 3700 1353 consecteris,

1998 1379 2126 1434 licet
2167 1379 2390 1449 justum
2448 1378 2758 1443 videretur,
2810 1377 2871 1451 psi
2928 1377 3080 1432 Deus
3134 1376 3388 1431 districte
3429 1375 3706 1445 judicare

1998 1467 2343 1537 disponeret,
2369 1475 2432 1522 ut
2454 1467 2555 1537 qui
2586 1467 2737 1522 bona
2763 1480 2894 1535 quae
2922 1473 3100 1534 potest
3126 1478 3294 1534 agere
3341 1464 3698 1530 dissimulat,

2002 1556 2095 1611 illa
2126 1555 2297 1611 etiam
2329 1570 2460 1625 quae
2489 1555 2612 1625 agit
2646 1554 2881 1624 perdere
2904 1553 3139 1621 debeat;
3186 1552 3392 1608 merito
3437 1567 3705 1622 namque

2001 1644 2125 1714 ipsa
2152 1643 2463 1713 pcenitendi
2480 1642 2701 1699 affectio
2723 1643 2783 1698 in
2810 1642 3037 1697 homine
3048 1642 3499 1708 subverteretur,
3519 1641 3622 1710 qui
3639 1640 3703 1696 in

1999 1733 2125 1788 aliis
2150 1732 2364 1802 quibus
2378 1731 2884 1802 potestvirtutibus
2898 1745 3011 1786 non
3034 1737 3338 1786 exercetur
3360 1745 3373 1783 :
3402 1744 3536 1785 cum
3557 1744 3704 1800 ergo

1999 1821 2172 1876 statui
2206 1828 2400 1876 nostro
2448 1821 2600 1876 Deus
2654 1819 2780 1876 licet
2814 1819 3002 1888 tepido
3045 1818 3465 1885 condescendit,
3499 1826 3706 1895 aperte

2002 1910 2192 1966 innuit
2218 1910 2359 1979 quia
2381 1924 2513 1964 cum
2537 1909 2781 1980 gratiam
2810 1908 3275 1977 compunctionis
3294 1907 3456 1964 nobis
3480 1907 3707 1974 impen-

2001 1998 2103 2064 dit,
2133 1998 2189 2052 id
2224 2011 2471 2066 parvum
2495 1998 2648 2066 quod
2685 2002 2780 2050 eo
2806 1995 3062 2065 gerimus
3090 2010 3205 2051 non
3239 1996 3475 2065 respuit,
3498 1995 3581 2052 sic
3602 2010 3708 2050 ur—

2004 2087 2129 2141 bem
2163 2100 2336 2155 quam
2367 2085 2637 2156 eligimus
2677 2084 2947 2155 Quamvis
2972 2097 3211 2153 parvam
3239 2099 3352 2139 non
3390 2084 3702 2139 subvertit.

2074 2175 2245 2231 Vens.
2279 2177 2368 2229 22.
2409 2204 2476 2214 —
2506 2176 2753 2238 Festina,
2784 2179 2835 2228 et
2862 2175 3079 2227 salvare
3114 2173 3213 2227 ibi.
3248 2174 3307 2227 ld
3347 2179 3430 2228 est
3474 2173 3520 2227 si
3567 2187 3707 2227 mo-

2003 2262 2134 2318 dica
2177 2263 2360 2333 eligis,
2412 2263 2471 2317 in
2523 2264 2612 2319 his
2655 2262 2856 2318 saltem
2900 2262 3285 2332 exsequendis
3339 2261 3595 2321 sedulus.
3646 2269 3707 2316 et

2003 2352 2191 2407 alacer
2219 2360 2357 2415 esto,
2406 2351 2608 2407 festiue
2660 2364 2979 2421 procurans
3031 2351 3083 2405 in
3116 2365 3233 2420 quo
3286 2351 3547 2406 salveris.
3582 2352 3708 2404 Non

1999 2445 2184 2509 potero
2212 2443 2392 2506 facere
2415 2422 2933 2509 quidquam,°donec
2964 2439 3295 2507 ingrediaris
3324 2440 3470 2494 illuc.
3495 2438 3707 2505 Quan-

2004 2528 2104 2583 diu
2133 2528 2285 2583 enim
2325 2528 2478 2582 vitiis
2526 2528 2911 2597 acquiescere,
2956 2527 3269 2583 bestialiter
3301 2527 3467 2582 silere
3529 2526 3708 2581 dulce

2006 2615 2285 2672 habemus
2328 2615 2386 2669 in
2424 2614 2700 2677 Sodomis,
2757 2630 2871 2670 non
2924 2622 3106 2684 potest
3170 2615 3324 2670 Deus
3372 2614 3702 2685 quidquam

2004 2702 2228 2773 operari
2255 2702 2486 2759 virtutis
2522 2702 2582 2757 in
2614 2702 2800 2769 nobis,
2834 2716 2971 2757 nam
3000 2710 3064 2758 ut
3108 2701 3238 2757 ﬁliis
3265 2702 3516 2758 Zebedaai
3551 2701 3706 2757 dici-

2006 2800 2141 2848 tur:
2170 2792 2365 2847 sedere
2410 2792 2482 2847 ad
2513 2788 2798 2855 dextram,
2843 2791 2935 2846 vel
2984 2790 3276 2846 sinistram
3325 2791 3540 2861 (Matth.
3589 2804 3701 2855 xx,

3537 2879 3707 2948 prius

2003 2969 2158 3024 enim
2186 2967 2504 3024 secundum
2537 2968 2691 3037 quod
2713 2966 2855 3023 alias
2884 2967 3058 3024 dicit:
3091 2967 3374 3023 daemonia
3415 2967 3588 3036 ejicit,
3646 2975 3706 3023 et

2005 3058 2088 3114 sic
2114 3059 2346 3114 demum
2391 3056 2664 3112 sanitates
2717 3055 2958 3125 perﬁcit,
2992 3057 3143 3126 quod
3186 3070 3557 3125 nequaquam
3589 3055 3705 3111 nisi

2005 3146 2199 3217 ejectis
2240 3144 2602 3201 daemonibus
2631 3144 2751 3199 ﬁeri
2783 3143 2992 3214 possit;
3045 3158 3160 3199 non
3193 3144 3346 3200 enim
3396 3144 3555 3199 adest
3593 3157 3701 3199 au-

2006 3235 2165 3296 ditio,
2195 3233 2308 3289 nisi
2349 3232 2534 3302 primo
2571 3232 2825 3288 surditas
2869 3232 3252 3288 excludatur:
3302 3232 3706 3303 ingrediamur

2008 3322 2186 3393 igitur
2213 3328 2424 3377 sanctae
2465 3320 2809 3376 modicitatis
2845 3320 3092 3390 asylum,
3123 3327 3187 3376 ut
3216 3321 3482 3376 abdicata
3517 3320 3707 3375 obsti-

2009 3410 2237 3465 natione
2261 3409 2495 3478 peccati,
2527 3408 2715 3464 valeat
2736 3409 2907 3475 Deus,
2936 3406 3039 3477 qui
3074 3407 3153 3462 nil
3206 3407 3483 3477 injustum
3517 3406 3709 3463 facere

2013 3498 2298 3568 praevalet,
2331 3496 2673 3552 medicinam
2716 3496 2881 3551 nobis
2928 3495 3200 3550 adhibere
3243 3496 3561 3563 virtutum;
3612 3495 3708 3550 in-

2001 3587 2227 3657 justnm
2257 3600 2511 3656 namque
2539 3592 2707 3651 esset,
2740 3584 2787 3639 si
2817 3582 3044 3639 diabolo
3073 3582 3363 3639 hominem
3394 3583 3706 3651 possidenti

2008 3676 2158 3729 Deus
2211 3673 2422 3743 pariter
2484 3672 2866 3740 cohabitaret;
2926 3672 3208 3740 impotens
3264 3684 3402 3741 ergo
3463 3670 3534 3725 ad
3593 3669 3708 3726 hoc

2008 3776 2244 3833 prorsus
2282 3762 2434 3817 Deus
2479 3769 2581 3816 est.
2631 3760 2842 3816 Idcirco
2893 3766 3140 3815 vocatum
3190 3765 3269 3814 est
3311 3774 3500 3812 nomen
3546 3758 3706 3812 urbis

2006 3852 2155 3905 illius
2198 3852 2402 3918 Segor:
2457 3849 2537 3905 sol
2586 3863 2853 3919 egressus
2906 3862 3077 3917 super
3109 3856 3319 3904 terram
3376 3855 3431 3902 et
3476 3847 3575 3902 Lot
3624 3847 3708 3901 in-

2009 3952 2239 4010 gressus
2288 3938 2480 4008 Segor.
2543 3936 2719 4008 Segor
2765 3937 3176 4006 interpretatur
3211 3924 3554 4000 meridiana,
3608 3935 3704 3990 vel

2004 4042 2223 4096 parva:
2259 4040 2439 4095 parva
2481 4025 2553 4081 ob
2583 4024 2988 4091 humilitatem,
3033 4024 3344 4079 meridiana
3374 4030 3604 4093 propter
3641 4022 3701 4078 in

2006 4122 2147 4171 testu
2191 4113 2465 4170 vitiorum
2511 4112 3034 4178 obumbrationem;
3088 4113 3274 4169 virtus
3320 4114 3470 4168 enim
3525 4111 3704 4167 Altis-

209 4200 262 4253 id
292 4207 375 4255 est
405 4215 475 4255 ne
526 4209 743 4269 repetas
771 4216 858 4267 ea,
891 4200 1107 4270 quibus
1146 4200 1386 4257 intulisti
1421 4200 1513 4274 [f.,
1564 4202 1893 4274 indulsisti],
1935 4194 1979 4248 D
2010 4203 2159 4271 simi,
2184 4217 2314 4273 quae
2344 4203 2510 4259 nobis
2536 4203 2859 4267 obumbrat,
2893 4217 3008 4259 non
3038 4201 3149 4258 nisi
3175 4215 3349 4271 super
3396 4200 3702 4263 humilem,

207 4289 619 4344 contemnendo
646 4289 902 4355 dorsum,
953 4304 1057 4345 nec
1101 4290 1177 4345 sis
1224 4289 1517 4356 vitiorum,
1568 4305 1699 4360 quae
1730 4290 1898 4347 abdi-

204 4378 364 4441 casti,
417 4377 673 4431 materioi
706 4377 1033 4448 contiguus,
1093 4378 1252 4433 verbi
1322 4378 1525 4448 gratia,
1595 4379 1711 4434 noli
1778 4394 1900 4435 esse

204 4464 393 4519 affinis
428 4465 786 4530 mulieribus,
819 4473 1049 4535 propter
1088 4465 1243 4535 quod
1290 4466 1566 4521 relabaris
1610 4467 1668 4522 in
1712 4467 1895 4537 pejus,

205 4552 299 4608 sed
334 4552 392 4606 in
440 4560 714 4618 montem,
752 4554 806 4608 in
859 4560 1377 4624 quantamcunque
1423 4554 1635 4610 scilicet
1667 4554 1900 4611 virtutis

202 4638 598 4695 excellentiam
650 4641 823 4697 altius
868 4642 1005 4697 eniti
1035 4649 1192 4711 potes
1234 4642 1472 4713 emigra,
1523 4656 1594 4698 ne
1641 4657 1714 4699 ex
1760 4643 1897 4698 mali

203 4728 449 4783 conﬁnio
481 4728 579 4783 tibi
605 4728 901 4785 oboriatur
922 4729 1143 4785 occasio
1168 4730 1340 4786 saluti
1380 4732 1687 4787 contraria.

276 4816 446 4874 Vsus.
484 4816 566 4885 18,
595 4819 678 4884 t9,
702 4818 790 4885 20,
817 4821 905 4872 21.
928 4848 989 4857 -
1007 4820 1127 4873 Non
1145 4833 1385 4887 possum,
1411 4819 1620 4890 inquit,
1648 4820 1896 4885 Domine,

202 4906 412 4959 salvari
441 4908 499 4959 in
539 4912 732 4973 monte,
771 4922 837 4960 ne
864 4909 1006 4972 forte
1039 4908 1414 4976 apprehendat
1454 4924 1537 4963 me
1576 4909 1798 4971 malum,
1849 4912 1899 4962 et

201 4995 427 5048 moriar.
471 4996 569 5049 Est
599 4997 794 5049 civitas
827 4996 911 5049 hic
937 4996 1127 5063 juncta,
1150 4996 1226 5049 ad
1254 5011 1419 5065 quam
1449 5011 1665 5065 possum
1685 4998 1896 5063 fugere,

201 5094 399 5148 parva,
419 5085 470 5133 et
493 5082 746 5136 salvabor
770 5084 829 5135 in
848 5098 930 5148 ea,
956 5084 1208 5152 nunquid
1226 5100 1332 5139 non
1350 5084 1560 5139 modica
1572 5090 1669 5151 est,
1692 5089 1743 5137 et
1757 5086 1900 5138 vivet

203 5169 390 5220 anima
431 5169 591 5221 mea?
618 5171 769 5237 Ecce,
802 5169 881 5225 ait
927 5171 1224 5237 Dominus,
1261 5174 1426 5226 etiam
1456 5174 1515 5225 in
1545 5172 1639 5226 hoc
1685 5175 1898 5240 suscepi

201 5269 383 5322 preces
414 5261 556 5324 tuas,
589 5262 649 5310 ut
683 5272 790 5311 non
815 5259 1124 5313 subvertam
1163 5260 1369 5327 urbem,
1415 5275 1518 5328 pro
1548 5275 1658 5327 qua
1687 5259 1895 5315 locutus

202 5343 304 5397 es?
345 5341 471 5398 Non
502 5358 734 5414 possum
772 5346 983 5402 salvari
1030 5347 1087 5402 in
1139 5353 1352 5413 monte,
1400 5345 1460 5400 in
1508 5345 1682 5403 nimis
1711 5347 1894 5404 arduo

201 5432 518 5488 sanctitatis
560 5445 748 5504 opere,
799 5448 871 5491 ne
900 5434 1292 5505 apprehendat
1346 5448 1437 5490 me
1456 5434 1739 5502 elationis,
1794 5443 1895 5492 aut

2006 4299 2061 4348 et
2117 4291 2380 4362 quietum
2425 4290 2706 4357 illabitur,
2760 4304 2876 4361 quo
2933 4290 3166 4345 nomine
3210 4288 3530 4359 spiritualis
3592 4287 3706 4343 ista

2012 4379 2251 4435 munitio
2282 4379 2354 4434 ad
2382 4393 2561 4449 quam
2599 4378 2983 4449 confugimus,
3017 4378 3219 4433 merito
3249 4376 3582 4448 insignitur.
3631 4408 3706 4416 —

2011 4467 2207 4535 (νεεδ.
2250 4466 2367 4536 23.)
2421 4466 2534 4535 Sol,
2590 4466 2781 4521 fervor
2809 4465 3022 4522 scilicet
3065 4463 3396 4521 tentationis
3425 4478 3499 4520 ex
3529 4463 3707 4518 insita

2007 4555 2230 4625 corpori
2261 4554 2737 4624 corruptibilitate
2756 4553 3049 4625 egreditur
3064 4567 3239 4624 super
3266 4561 3495 4620 terram,
3531 4552 3587 4607 id
3615 4561 3706 4609 est

2008 4645 2078 4700 ad
2113 4644 2294 4713 ipsam
2326 4644 2708 4712 corporalium
2732 4652 2993 4699 motuum
3019 4642 3263 4697 velimus
3293 4641 3543 4698 nolimus
3570 4641 3705 4697 efﬁ-

2005 4732 2294 4799 cientiam,
2328 4731 2425 4787 sed
2459 4735 2571 4800 Lot,
2604 4732 2750 4786 ratio
2800 4730 3063 4787 videlicet
3093 4738 3308 4794 nostra,
3341 4730 3499 4785 subit
3529 4730 3704 4799 quasi

2008 4818 2300 4889 quoddam
2328 4818 2735 4874 umbraculum
2758 4818 2952 4889 Segor,
2987 4817 3042 4873 id
3072 4825 3157 4873 est
3178 4815 3584 4873 humilitatem.

2079 4907 2249 4962 VERS.
2293 4909 2381 4974 24,
2426 4908 2515 4972 25,
2564 4908 2652 4959 26.
2700 4935 2773 4947 —
2821 4909 3000 4975 Igitur
3041 4908 3297 4961 Dominus
3354 4907 3498 4975 pluit
3535 4920 3705 4974 super

2007 4995 2293 5050 Sodomam
2324 5001 2376 5049 et
2411 4996 2770 5049 Gomorrham
2815 4997 3050 5063 sulphur
3096 5001 3146 5049 et
3182 4997 3360 5063 ignem
3402 5010 3437 5047 a
3476 4996 3702 5048 Domino

2005 5084 2072 5137 de
2114 5084 2283 5138 creto:
2334 5087 2385 5136 et
2429 5083 2695 5138 subvertit
2740 5086 2988 5138 civitates
3042 5085 3162 5146 has,
3211 5088 3263 5136 et
3311 5098 3516 5137 omnem
3553 5086 3702 5136 circa

2005 5175 2272 5239 regionem
2299 5175 2575 5227 universos
2619 5173 2950 5227 habitatores
2980 5173 3218 5239 urbium,
3252 5176 3303 5226 et
3331 5176 3520 5226 cuncta
3541 5182 3702 5226 terra

2004 5263 2261 5314 virentia.
2308 5261 2726 5331 Respiciensque
2752 5276 2894 5315 umor
2920 5261 3038 5329 ejus
3063 5266 3187 5329 post
3215 5275 3288 5327 se,
3320 5274 3478 5314 versa
3519 5264 3600 5313 est
3639 5263 3700 5314 in

2002 5354 2243 5404 statuam
2287 5351 2442 5403 salis.
2500 5349 2656 5407 Pluit
2721 5349 3001 5404 Dominus
3056 5362 3231 5418 super
3292 5348 3595 5404 Sodomam
3640 5355 3697 5404 et

2003 5436 2405 5503 Gomorrham,
2447 5451 2580 5492 cum
2629 5450 2729 5507 per
2760 5435 3191 5492 instillationem
3247 5449 3514 5507 superna:
3570 5450 3691 5492 mo-
