3884 6068
100 224 194 274 153
1283 216 1634 273 MORALIUM

2061 217 2112 271 [Ν
2165 217 2293 271 LIB.
2352 216 2409 269 V.
3499 218 3595 270 154-

92 357 329 413 nitionis
354 356 612 423 fetorem,
648 356 751 427 qui
797 355 1064 426 signatur
1092 354 1152 409 in
1210 352 1508 424 sulphure,
1553 360 1609 409 et
1659 365 1793 408 cru-
1830 353 1874 404 Α
1909 351 2101 422 digna,
2133 364 2309 421 quam
2341 350 2721 421 praetulimus,
2755 350 3009 417 intentio,
3041 366 3114 406 ex
3164 351 3411 408 duarum
3446 351 3597 408 filia-

90 445 314 501 ciatum
334 446 439 517 qui
488 445 549 500 in
606 445 757 515 igne,
801 443 1058 509 ceecitati,
1110 450 1165 498 et
1215 441 1478 497 seditioni
1521 440 1793 496 vitiorum

86 534 449 590 demonstrat
482 533 650 589 nobis
675 533 875 588 inesse.
910 532 1133 587 Bonum
1182 538 1467 601 quantum
1520 530 1579 586 in
1625 530 1793 586 nobis

86 629 190 688 est,
226 622 404 692 quasi
428 623 584 678 Deus
622 636 725 677 nos
750 621 1017 677 habitans
1059 627 1141 675 est
1183 635 1195 675 :
1250 620 1523 675 Dominus
1545 633 1701 689 ergo,
1736 618 1791 673 id

84 719 167 766 est
204 710 441 766 bonitas
468 710 528 765 in
558 709 724 765 nobis
756 710 987 779 degens,
1040 724 1074 764 a
1126 708 1361 763 Domino
1388 707 1602 773 haurit,
1637 707 1792 776 quod

86 799 255 855 nobis
305 799 377 854 de
416 799 579 865 caelo,
638 798 856 853 ratione
913 797 1125 853 scilicet
1180 796 1462 851 divinitus
1509 802 1661 850 tacta
1720 796 1792 851 ad

82 888 513 944 subvertendos
539 887 828 943 dzemones
848 886 1195 941 habitatores
1227 884 1482 949 urbium,
1517 898 1793 939 sensuum

85 976 299 1047 utique
355 985 687 1032 nostrorum
736 974 881 1045 pluit
930 988 942 1027 :
1001 987 1228 1029 omnem
1286 973 1433 1028 circa
1478 972 1790 1041 regionem,

83 1063 299 1118 mundi
322 1063 685 1124 affinitatem,
720 1069 775 1116 et
813 1068 1020 1116 cuncta
1049 1068 1217 1116 terrae
1245 1060 1513 1127 virentia,
1551 1068 1793 1116 terrenae

83 1151 202 1219 spei
238 1151 519 1221 quaelibet
557 1149 935 1216 delectabilia,
960 1150 1067 1204 hac
1099 1150 1250 1205 Deus
1280 1149 1565 1205 iniusione
1595 1149 1792 1219 cogni-

85 1240 262 1296 tionis
329 1240 670 1310 exstinguit,
741 1245 1027 1310 quantum
1094 1244 1333 1308 puteant
1388 1246 1795 1308 quantumque

84 1329 354 1384 crucient
394 1328 704 1386 criminum
750 1342 925 1395 curae,
960 1334 1220 1397 patenter
1263 1327 1526 1383 ostendit.
1578 1327 1705 1381 Post
1735 1340 1794 1382 se

84 1425 283 1472 autem
318 1430 476 1471 uxor
531 1417 630 1471 Lot
676 1416 925 1486 respicit,
985 1430 1114 1471 cum
1166 1415 1316 1470 bona
1369 1415 1639 1470 voluntas
1671 1414 1794 1484 pri-

84 1507 212 1561 dem
249 1505 594 1561 medullitus
627 1506 826 1560 innixa
857 1504 1062 1559 rationi
1111 1504 1183 1559 ad
1216 1519 1284 1561 ea
1315 1518 1445 1575 quae
1477 1511 1789 1573 spreverat,

84 1592 290 1647 sreculi
333 1591 754 1647 oblectamenta
802 1590 1119 1660 appetenda
1181 1590 1414 1660 tepescit
1468 1609 1479 1643 :
1546 1598 1671 1660 post
1734 1604 1793 1645 se

84 1680 347 1750 respicit,
382 1694 516 1736 cum
547 1687 784 1749 accepto
821 1685 976 1734 statu
1009 1678 1279 1733 deficiens
1312 1678 1464 1734 infra
1507 1692 1566 1734 se
1622 1678 1793 1748 quip-

87 1770 247 1839 piam
302 1767 666 1837 concupiscit
714 1782 728 1820 ;
771 1767 867 1823 sed
912 1766 1163 1821 vertitur
1215 1765 1275 1821 in
1336 1773 1584 1822 statuam
1635 1765 1792 1831 salis,

88 1872 223 1913 cum
269 1859 425 1913 hanc
457 1856 754 1926 apostasia;
785 1855 1189 1911 hebetudinem
1221 1855 1687 1910 animadvertens
1736 1854 1793 1908 in

89 1961 144 2002 se
176 1944 489 2015 redarguit
527 1944 802 2013 sapientia
832 1942 1129 2011 salutaris;
1162 1955 1298 1997 nam
1346 1956 1510 1997 suam
1544 1942 1616 1997 ad
1671 1944 1796 2011 ple-

91 2047 233 2087 num
284 2031 678 2097 stoliditatem,
726 2045 902 2100 quam
950 2036 1139 2085 statua
1179 2029 1389 2101 signat,
1441 2030 1793 2100 dignoscere,

91 2136 226 2191 pars
260 2121 521 2176 maxima
547 2127 633 2175 est
660 2119 928 2185 scientiae,
965 2133 1096 2188 qua!
1117 2125 1353 2174 notatur
1380 2118 1438 2173 in
1468 2118 1616 2173 sale.‘

159 2210 340 2265 Vsus.
384 2213 475 2275 27,
531 2210 621 2263 '28.
660 2236 730 2247 —-
784 2207 1072 2260 Abraham
1118 2222 1441 2275 consurgens
1484 2220 1658 2273 mane,
1702 2207 1799 2261 ubi

92 2304 317 2353 steterat
371 2300 532 2367 prius
587 2312 707 2350 cum
738 2298 976 2358 Domino,
1021 2296 1259 2351 intuitus
1307 2304 1385 2349 est
1433 2295 1718 2350 Sodomam
1746 2300 1798 2350 et

94 2388 476 2452 Gomorrham,
544 2390 595 2439 et
675 2386 987 2439 universam
1048 2390 1251 2439 terram
1314 2387 1552 2452 regionis
1605 2386 1793 2450 illius;

91 2476 345 2543 ciiitque
377 2473 747 2529 ascendentem
766 2474 1022 2539 favillam
1069 2473 1135 2526 de
1164 2477 1313 2527 terra
1351 2475 1512 2541 quasi
1552 2471 1796 2539 fornacis

90 2568 329 2629 fumum.
380 2562 678 2617 Abraham
731 2575 900 2617 mane
955 2562 1273 2632 consurgit,
1309 2576 1441 2617 cum
1486 2562 1600 2617 Deo
1634 2576 1693 2617 se
1730 2561 1798 2616 il-

94 2653 383 2708 lustrante
428 2652 501 2707 ad
534 2650 737 2706 altiora
765 2665 927 2706 mens
954 2651 1396 2721 contemplanda
1438 2665 1497 2707 se
1526 2651 1794 2721 subrigit,

94 2742 149 2795 in
184 2740 460 2796 eumdem
520 2753 779 2810 regressa
825 2747 1065 2805 statum,
1116 2740 1174 2794 in
1224 2754 1343 2809 quo
1389 2739 1458 2795 de
1515 2740 1797 2794 mentium

96 2829 207 2884 situ
247 2829 541 2885 bonarum
574 2842 675 2897 per
729 2841 1105 2883 numerorum
1156 2826 1373 2897 gradus
1411 2826 1800 2881 altercabatur

1901 453 2053 507 rum,
2086 453 2233 509 quas
2264 440 2657 510 exposuimus,
2704 439 3123 495 cohabitatione
3172 440 3398 497 funesta
3426 449 3595 496 nota-

1901 536 1999 584 tur
2032 543 2044 582 :
2077 529 2366 598 praedictis
2397 528 2591 599 itaque
2620 543 2692 584 ex
2742 528 2932 584 causis
2963 528 3017 583 in
3075 529 3262 598 tepido
3306 530 3472 599 quasi
3524 528 3594 584 ti-

1900 632 2062 672 mens
2118 616 2419 686 persistere
2464 617 2701 672 vivendi
2758 617 2943 679 modo,
3002 618 3111 672 hoc
3156 625 3239 672 est
3296 617 3349 671 in
3400 617 3592 687 Segor,

1900 706 2107 761 transit
2123 705 2179 760 in
2204 712 2480 771 montem,
2502 706 2578 761 ibi
2596 714 2786 761 tamen
2808 707 2865 761 in
2886 707 3161 776 spelunca
3178 706 3461 772 victurus,
3487 705 3589 775 qui

1904 795 2155 851 ferarum
2186 803 2241 851 et
2271 794 2564 850 latronum
2610 804 2694 849 est
2720 794 2897 861 locus,
2944 794 3084 865 quia
3122 794 3216 849 cui
3244 794 3383 850 tales
3412 794 3595 849 comi-

1902 884 2037 938 tiam
2069 883 2327 953 praebent
2358 882 2506 949 ﬁliae,
2542 883 2800 937 crudeles
2835 897 3136 952 nunquam
3170 882 3377 937 deserit
3419 896 3591 951 appe-

1905 972 2059 1029 titus.
2083 1001 2155 1013 —
2176 971 2350 1027 Vnus.
2375 974 2434 1025 3t
2450 970 2486 1039 .)
2514 973 2656 1025 Dicit
2676 987 2798 1038 ergo
2817 970 2996 1040 major
3018 970 3091 1023 ad
3110 974 3398 1024 minorem:
3433 972 3595 1023 Pater

1900 1068 2082 1117 noster
2106 1076 2267 1114 senem
2296 1066 2394 1125 est,
2427 1065 2477 1112 et
2520 1060 2702 1113 nullus
2749 1063 2992 1113 virorum
3045 1062 3311 1114 remansit
3336 1063 3393 1111 in
3426 1064 3593 1127 terra,

1902 1152 1999 1220 qui
2025 1151 2198 1218 possit
2222 1148 2441 1214 ingredi
2468 1147 2543 1201 ad
2574 1162 2669 1201 nos
2691 1148 2861 1216 juxta
2892 1163 3090 1200 morem
3121 1150 3387 1201 universae
3417 1152 3590 1201 terra.

1907 1244 1998 1292 ατ
2059 1237 2241 1307 Major
2282 1236 2597 1292 cenodoxia
2645 1236 2877 1291 omnino
2922 1243 3070 1291 recte
3120 1236 3420 1305 accipitur,
3463 1250 3594 1305 quae

1902 1340 2034 1381 cum
2062 1325 2209 1380 bona
2237 1333 2521 1393 operetur,
2556 1324 2611 1379 id
2665 1338 2778 1379 non
2817 1324 2956 1393 agit,
3018 1332 3079 1379 ut
3123 1325 3272 1378 Dens
3303 1324 3593 1393 gloriﬁce-

1902 1420 2019 1479 tur,
2042 1413 2139 1468 sed
2161 1413 2329 1483 quasi
2360 1413 2612 1482 quadam
2646 1411 3039 1479 idololnlatria,
3074 1426 3140 1467 ac
3169 1412 3491 1481 sacrilegio,
3537 1419 3600 1467 ut

1902 1501 2072 1556 homo
2114 1509 2458 1571 przepostere
2521 1501 2867 1569 honoretur;
2927 1501 3188 1570 loquitur
3230 1514 3370 1571 ergo
3424 1513 3600 1555 ceno-

1902 1589 2074 1645 doxia
2100 1589 2173 1644 ad
2201 1589 2593 1659 cupiditatem,
2626 1589 2763 1644 dum
2798 1589 2953 1658 quod
2994 1589 3275 1643 violenter
3325 1587 3449 1657 rapi
3483 1601 3600 1643 non

1905 1686 2103 1748 potest,
2161 1679 2421 1747 suggerit
2450 1678 2673 1748 acquiri
2725 1693 2883 1748 posse
2917 1693 3017 1748 per
3063 1677 3383 1733 sanctitatis
3412 1678 3600 1732 simu-

1904 1768 2196 1822 lationem.
2233 1768 2399 1820 Pater
2427 1771 2627 1831 noster,
2659 1767 2890 1823 animus
2919 1766 3149 1831 scilicet,
3180 1765 3278 1835 qui
3311 1765 3462 1820 malo
3495 1779 3601 1821 suo

1906 1856 2045 1911 tales
2083 1854 2368 1925 'genitrice
2402 1854 2621 1910 carnali
2671 1854 2969 1910 affectione
3018 1855 3239 1924 genuit,
3271 1869 3451 1917 senem,
3506 1854 3598 1908 in-

1905 1944 2051 2015 quit,
2097 1951 2199 2010 est,
2262 1943 2335 1998 ad
2398 1951 2593 1998 vetera
2651 1950 2706 1998 et
2758 1943 3096 2012 temporalia
3129 1957 3347 2011 pronus
3387 1948 3492 2007 est,
3542 1948 3599 1996 et

1904 2032 2102 2088 nullus
2146 2031 2405 2086 virorum
2458 2030 2931 2086 intellectualium
2965 2031 3133 2100 plane
3160 2038 3448 2097 motuum,
3497 2028 3602 2100 qui

1903 2121 2264 2177 afl‘ectnalem
2297 2120 2351 2175 in
2406 2120 2572 2175 nobis
2626 2120 3181 2189 mollitiem‘regant,
3236 2119 3509 2175 remansit
3543 2118 3599 2174 in

1906 2216 2075 2275 terra,
2109 2208 2168 2263 in
2199 2208 2494 2264 fructifera
2523 2208 2838 2279 quondam,
2868 2217 2923 2263 et
2949 2206 3192 2263 cultibili
3230 2208 3597 2272 conscientia,

1904 2297 2006 2366 qui
2039 2296 2212 2366 possit
2242 2296 2462 2366 ingredi
2494 2297 2565 2350 ad
2596 2311 2718 2361 nos,
2757 2297 3073 2365 irrumpere
3115 2296 3270 2350 avidi
3310 2295 3497 2350 cordis
3527 2296 3599 2351 ad

1905 2397 2009 2437 nos
2038 2384 2376 2438 evertendos
2398 2382 2859 2449 obstinationem,
2886 2383 3056 2452 juxta
3105 2397 3321 2438 morem
3351 2382 3594 2438 univer-

1904 2486 1980 2527 se
2000 2479 2188 2537 terrm,
2222 2471 2278 2526 id
2307 2480 2391 2526 est
2422 2471 2480 2525 in
2507 2479 2816 2541 quantum,
2850 2472 2937 2527 vel
2966 2473 3135 2542 juxta
3165 2471 3323 2542 quod
3371 2486 3601 2527 necesse

1878 2568 2049 2616 esset
2098 2560 2354 2629 reparari
2414 2574 2627 2616 morem
2676 2559 2889 2615 scilicet
2938 2559 3243 2630 pristinum
3314 2558 3600 2614 universae

1904 2648 2264 2705 conscientize
2312 2664 2324 2702 :
2388 2657 2571 2719 posset
2609 2662 2745 2704 sane
2792 2649 2935 2703 ratio
2991 2648 3211 2719 ingredi
3267 2648 3338 2703 ad
3379 2661 3602 2703 remor-

1904 2737 2150 2793 dendam
2181 2736 2488 2807 cujuslibet
2527 2746 2794 2797 mentem,
2833 2737 2927 2791 sed
2960 2751 3074 2791 non
3130 2736 3291 2791 facile
3320 2736 3391 2790 ad
3420 2735 3591 2791 inno-

1905 2823 2164 2881 vandum
2187 2824 2417 2881 vivendi
2439 2838 2674 2880 morem.
2709 2857 2776 2864 —
2809 2825 3005 2890 (Vnus.
3040 2827 3159 2892 32.)
3197 2827 3350 2891 Veni,
3387 2824 3598 2894 inquit,

98 2918 163 2972 ad
200 2916 537 2981 Dominum,
575 2916 726 2971 unde
754 2924 809 2971 et
839 2930 1047 2971 nomen
1083 2916 1202 2983 jam
1235 2928 1395 2970 mens
1445 2915 1568 2982 ipsa
1597 2913 1797 2983 recipit
1836 2943 1877 2998 ρ
1908 2915 2072 2981 heus,
2106 2922 2171 2970 tu
2196 2912 2501 2983 cupiditas,
2534 2914 2672 2983 quia
2703 2914 2816 2969 vim
2852 2914 3060 2969 inferre
3084 2914 3155 2969 ad
3184 2927 3251 2969 ea
3283 2928 3413 2983 quae
3441 2913 3602 2982 cupis

97 3002 397 3058 Abraham
421 3000 601 3070 patris
629 3000 872 3056 videntis
900 2999 1200 3070 populum,
1233 3014 1364 3069 quae
1404 3013 1562 3053 nunc
1612 3012 1798 3068 usque

102 3091 237 3147 Loth
265 3091 427 3146 dicta
456 3097 561 3157 est,
595 3104 665 3144 ex
697 3103 814 3159 quo
842 3088 916 3144 ab
955 3088 1283 3159 integritate
1329 3086 1522 3142 vincta
1551 3094 1797 3156 cmperat

98 3178 393 3232 declinare

98 3267 274 3323 animi
330 3265 736 3322 rectitudinem
793 3280 907 3321 non
967 3265 1226 3321 dissentit
1256 3267 1328 3321 ab
1380 3265 1498 3335 ipso
1539 3266 1799 3321 intuetur

99 3356 403 3411 Sodomam
454 3361 510 3409 et
566 3353 963 3420 Gomorrham,
1020 3361 1194 3424 atque
1258 3352 1508 3424 regionis
1563 3361 1793 3419 terram,

99 3460 223 3500 cum
275 3443 630 3514 flagitiorum
711 3443 1144 3509 turbulentiam,
1195 3450 1249 3497 et
1309 3456 1513 3497 sensus
1570 3441 1796 3511 reprobi

97 3533 435 3595 czecitatem,
484 3546 805 3602 eorumque
845 3531 1315 3586 circumstantem
1344 3529 1645 3586 materiam
1700 3529 1793 3584 di-

97 3621 318 3677 vinitus
367 3620 643 3675 irradiata
674 3619 922 3689 dispicit,
981 3619 1254 3689 videtque
1293 3618 1694 3674 ascendentem
1727 3616 1797 3672 de

99 3718 249 3764 terra
279 3707 561 3773 favillam,
586 3707 658 3763 ab
685 3708 900 3763 intimis
928 3721 1065 3762 sane
1086 3707 1445 3763 conscientiae
1473 3718 1795 3776 exsurgen-

98 3804 207 3852 tem
272 3795 626 3866 paenitentiae
704 3795 1200 3865 compunctionem
1259 3794 1368 3850 sibi
1415 3793 1795 3849 necessariam

96 3885 287 3940 solum
334 3884 456 3955 jam
504 3883 788 3955 intelligit,
841 3884 1032 3955 quasi,
1091 3882 1146 3938 id
1174 3890 1258 3938 est
1292 3896 1494 3939 revera
1550 3883 1797 3939 fornacis

99 3973 351 4038 fumum,
384 3972 599 4028 scilicet
635 3972 875 4040 ardoris,
897 3979 953 4028 et
981 3972 1274 4027 cruciatus
1304 3971 1512 4027 interni
1538 3970 1793 4041 signum.

102 4063 305 4127 Tange,
335 4060 435 4123 ait,
469 4066 695 4126 montes,
749 4066 802 4114 et
854 4059 1208 4127 fumigabunt
1264 4058 1439 4129 (Psal.
1473 4073 1664 4125 cxuu,
1717 4059 1792 4127 5),

99 4149 152 4204 id
206 4156 293 4203 est
346 4147 535 4203 cordis
587 4147 836 4204 dolorem
903 4162 1005 4218 per
1041 4148 1324 4217 lacrymas
1368 4147 1792 4218 evaporabunt.

98 4267 163 4276 —
202 4237 400 4307 (Vnus.
423 4238 540 4308 29.)
574 4238 707 4293 Cum
734 4252 859 4305 ergo
903 4240 1233 4292 subverteret
1262 4240 1400 4292 Deus
1444 4239 1689 4291 civitates
1714 4253 1795 4290 re-
1833 4243 1878 4296 Ι)
1908 4241 2136 4311 penitus
2182 4240 2358 4296 oblita
2398 4240 2662 4296 abutitur
2707 4249 2895 4296 mente

98 4328 276 4391 gionis
325 4326 498 4390 illius,
562 4326 618 4381 id
673 4334 756 4381 est
798 4340 930 4381 cum
986 4324 1128 4381 vitia
1183 4324 1396 4381 diaboli
1443 4325 1504 4380 in
1566 4324 1798 4381 homine

100 4414 420 4469 habitantis
447 4415 805 4470 munimenta
824 4414 1148 4480 subrueret,
1170 4413 1510 4470 recordatur
1524 4413 1793 4481 Abrahae,

100 4502 383 4558 rationem
436 4502 684 4571 profecto
734 4502 867 4558 facit
932 4517 1051 4558 suze
1102 4501 1400 4574 dignitatis
1447 4501 1793 4568 meminisse,

98 4600 151 4647 et
214 4591 359 4647 Loth
427 4590 609 4661 ipsam
672 4591 874 4661 utique
912 4591 1252 4647 humanitus
1307 4590 1551 4660 lapsam,
1605 4604 1678 4645 ne
1734 4589 1795 4645 in

99 4679 412 4750 reprobum
459 4686 751 4735 evertatur
787 4694 1019 4735 sensum
1071 4693 1174 4750 per
1218 4679 1357 4735 vitia
1403 4678 1619 4749 quibus
1651 4679 1797 4733 sub—

94 4766 298 4837 jacuit,
325 4766 603 4837 dignatur
633 4768 897 4825 liberare.

170 4854 351 4911 Vens.
391 4856 478 4910 30.
507 4886 568 4895 —
613 4856 978 4925 Ascenditque
1008 4856 1146 4910 Loth
1176 4856 1243 4910 de
1281 4856 1462 4922 Segor,
1513 4855 1634 4909 dum
1663 4870 1793 4924 quo-

100 4960 201 5013 que
268 4943 404 5014 filiae
453 4943 575 5015 ejus
627 4959 748 4998 cum
812 4960 899 5011 eo;
959 4946 1214 5000 timuerat
1260 4946 1402 4998 enim
1456 4960 1672 4999 manere
1736 4946 1795 4998 in

100 5033 281 5099 Segor,
341 5038 393 5087 et
440 5035 645 5087 mansit
674 5035 733 5086 in
778 5033 1035 5102 spelunca
1084 5037 1216 5103 ipse,
1249 5038 1300 5087 et
1328 5032 1449 5087 dum
1504 5035 1633 5102 ﬁlix
1675 5033 1794 5101 ejus

100 5136 211 5174 cum
266 5137 345 5175 eo.
413 5123 513 5177 l.ot
569 5121 825 5178 ascendit
880 5121 949 5178 de
1007 5121 1200 5193 Segor,
1247 5135 1378 5177 cum
1429 5121 1668 5177 humani
1721 5121 1792 5177 ti-

102 5224 249 5266 more
272 5209 517 5280 pudoris
557 5224 630 5265 ne
678 5210 891 5266 scilicet
924 5209 1113 5280 palam
1145 5210 1340 5279 lapsus
1367 5210 1574 5279 probro
1604 5217 1795 5280 pateat

104 5299 393 5355 humanus
416 5298 742 5355 intellectus
797 5299 856 5355 in
889 5299 1125 5355 minoris
1177 5299 1310 5354 vitae
1342 5299 1629 5370 proposito
1660 5313 1793 5369 per—

102 5400 322 5443 manere
370 5396 631 5452 veretur,
693 5395 747 5444 et
794 5388 866 5443 ad
922 5387 1297 5444 excellentius
1344 5388 1793 5444 conversationis

104 5474 424 5534 institutum
458 5477 633 5548 quasi
687 5476 759 5533 ad
814 5485 1062 5534 montem
1092 5485 1462 5546 promovetur
1492 5492 1505 5531 :
1539 5492 1670 5549 quae
1697 5477 1791 5533 in-

449 3190 463 3229 :
510 3183 623 3231 stat
670 3183 864 3231 autem
908 3190 1042 3231 cum
1101 3175 1361 3241 Domino,
1416 3175 1652 3245 quando
1700 3188 1808 3257 per

1906 3004 2219 3060 obtinenda
2262 3018 2375 3059 non
2406 3004 2701 3072 praevales,
2735 3017 2839 3071 age
2871 3003 3011 3058 dum
3058 3001 3204 3056 clam
3251 3001 3392 3056 meis
3440 3008 3601 3056 utere

1905 3092 2126 3148 officiis.
2169 3093 2493 3147 Inebriemus
2571 3108 2688 3146 eum
2751 3095 2897 3155 vino,
2970 3091 3025 3146 id
3090 3099 3193 3155 est,
3264 3090 3600 3158 impleamus

1903 3181 2163 3237 animum
2218 3181 2601 3251 jucunditatis
2658 3180 2984 3250 temporalis
3058 3179 3292 3249 gaudio,
3343 3177 3599 3232 dormia—

1905 3283 2153 3339 musque
2241 3283 2374 3325 cum
2454 3284 2540 3336 eo,
2622 3269 2797 3325 totius
2872 3269 3083 3324 scilicet
3160 3267 3466 3322 oblivionis
3546 3272 3601 3320 et

1906 3359 2268 3428 negligentia;
2316 3359 2443 3429 ejus
2480 3359 2879 3428 opprimamus
2927 3356 3344 3427 providentiam
3378 3369 3596 3421 somno,

1904 3453 1966 3501 ut
1997 3462 2211 3501 servare
2228 3450 2497 3516 possimus
2528 3462 2702 3501 semen
2731 3462 2799 3500 ea:
2830 3453 2987 3514 patre
3014 3450 3219 3512 nostro,
3252 3452 3314 3500 ut
3346 3443 3598 3499 fructum

1904 3535 2108 3605 utique
2165 3535 2488 3605 cujuspiam
2539 3534 2865 3603 temporalis
2929 3534 3210 3589 commodi
3267 3532 3596 3601 exigamus,

1903 3623 1993 3678 vel
2022 3622 2451 3678 delectationem
2495 3622 2744 3692 alicujus
2773 3621 2983 3690 peccati
3017 3621 3218 3675 crebra
3265 3621 3321 3674 in
3356 3618 3593 3674 modum

1903 3711 2130 3766 feminis
2158 3709 2565 3780 propagatione
2613 3710 2931 3765 iterandam
2959 3708 3257 3763 eliciamus
3289 3721 3362 3762 ex
3405 3705 3597 3761 animo

1904 3799 2107 3854 talium
2137 3797 2359 3853 fetuum
2384 3796 2684 3853 afl‘ectibus
2714 3797 3015 3853 inclinato.

1973 3886 2144 3943 Vnus.
2181 3888 2268 3941 33.
2304 3915 2365 3926 —
2411 3884 2689 3939 Dederunt
2732 3888 2919 3955 itaque
2948 3888 3101 3954 patri
3157 3900 3254 3940 suo
3292 3884 3476 3939 bibere
3507 3885 3596 3936 vi-

1902 3991 2032 4029 num
2058 3979 2209 4030 nocte
2239 3976 2356 4029 illa.
2407 3973 2529 4030 Nox
2558 3974 2665 4030 ista
2712 3974 2952 4030 afl'ectus
2990 3980 3277 4043 conceptae
3318 3971 3596 4042 nequitiae

1902 4071 2007 4119 est.
2047 4062 2381 4134 Ingreditur
2426 4064 2630 4131 major,
2686 4062 3014 4132 dormitque
3057 4076 3187 4117 cum
3231 4067 3413 4130 patre,
3463 4073 3596 4115 cum

1905 4153 2094 4208 inanis
2123 4151 2307 4222 gloria
2330 4159 2443 4208 toto
2486 4151 2722 4207 rationis
2752 4165 2991 4207 assensu
3043 4151 3150 4206 sibi
3190 4156 3481 4204 contracto
3505 4147 3597 4203 sui

2947 4254 2960 4294 :
3010 4239 3164 4295 unde
3216 4238 3428 4293 dicitur
3453 4236 3595 4307 quia

1904 4344 2019 4385 non
2076 4330 2269 4395 sensit,
2327 4337 2551 4385 reatum
2609 4329 2869 4384 videlicet
2911 4343 3085 4384 suum
3140 4341 3291 4397 aegre
3342 4325 3594 4392 ferendo,

1903 4418 2141 4486 quando
2180 4417 2473 4483 accubuit,
2529 4432 2660 4473 cum
2710 4418 2923 4473 scilicet
2976 4432 3073 4473 cor
3127 4416 3199 4471 ad
3276 4414 3597 4484 nequitiam

1902 4504 2146 4572 inﬂexit,
2174 4513 2228 4559 et
2254 4506 2488 4575 quando
2517 4506 2787 4572 surrexit,
2834 4504 2893 4559 id
2916 4513 2999 4560 est
3028 4520 3157 4560 cum
3204 4505 3259 4558 in
3293 4502 3596 4558 audaciam

1903 4593 1973 4648 de
2014 4592 2273 4648 criminis
2328 4608 2388 4649 se
2442 4594 2859 4663 perpetratione
2901 4593 3099 4649 erexit.
3151 4591 3394 4662 impellit
3422 4590 3594 4646 etiam

1903 4682 2110 4751 major,
2142 4681 2296 4750 quod
2350 4687 2434 4737 est
2473 4683 2812 4746 cenodoxia,
2854 4682 3144 4752 juniorem
3187 4679 3387 4750 procul
3417 4678 3595 4734 dubio

1901 4770 2296 4840 cupiditatem,
2334 4778 2398 4826 ut
2427 4787 2558 4826 cum
2589 4779 2749 4841 patre
2776 4772 3023 4827 dormiat
3056 4785 3068 4823 :
3104 4770 3244 4840 quia
3288 4776 3594 4838 postquam

1904 4871 2005 4928 per
2082 4858 2427 4928 hypocrisim
2500 4859 2699 4914 infelix
2788 4860 3076 4928 quispiam
3156 4854 3477 4926 prosperari
3535 4870 3594 4912 se

1901 4946 2128 5014 viderit,
2169 4948 2241 5002 ad
2293 4954 2504 5017 apertae
2544 4946 2664 5017 jam
2707 4946 3034 5017 cupiditatis
3080 4944 3295 5000 rabiem
3323 4943 3591 5000 effrenari

1901 5034 2263 5091 dissimulata
2300 5034 2666 5090 simulatione
2711 5034 2932 5104 incipit,
2966 5042 3021 5090 et
3067 5048 3216 5089 caeco
3261 5040 3487 5102 pectore
3520 5033 3593 5089 ab

1900 5138 1970 5181 ea
1993 5138 2053 5180 se
2096 5123 2311 5179 involvi
2358 5123 2652 5194 permittit.
2705 5123 2967 5179 Secunda
3006 5137 3120 5177 nox
3151 5130 3236 5177 est
3287 5136 3357 5177 ex
3393 5121 3593 5178 inolita

1904 5211 2174 5283 peccandi
2227 5211 2519 5267 voluntate
2553 5210 2776 5281 reprobi
2834 5225 3038 5266 sensus
3102 5209 3447 5280 obstinatio;
3520 5225 3593 5267 ex

1902 5301 2155 5372 imagine
2183 5314 2435 5370 namque
2478 5299 2621 5355 fictae
2671 5299 3011 5363 sanctitatis,
3053 5298 3322 5354 citissime
3351 5298 3594 5354 deveni-

1900 5397 1997 5445 tur
2017 5390 2086 5445 ad
2116 5399 2327 5459 apertae
2365 5388 2738 5458 opprobrium
2772 5388 3178 5457 perversitatis,
3214 5388 3351 5457 quia
3390 5386 3594 5442 vinum

1899 5478 2210 5533 arridentis
2238 5477 2348 5533 sibi
2404 5475 2793 5532 insimulando
2842 5475 3038 5547 gloriae
3070 5475 3395 5547 temporalis
3445 5488 3596 5544 prae-
