3884 6068
342 192 439 244 155

1221 191 1283 245 V.
1325 190 1660 247 GUIBERTI
1700 187 1989 246 ABBATIS
2028 192 2084 246 S.
2128 192 2365 247 ΜΑΒΙᾸΞ
2400 192 2495 247 DE

2556 191 2941 248 NOVIGENTO
3733 188 3837 241 156

333 320 532 391 cipitat
580 320 836 376 animam
862 321 933 376 ad
983 320 1234 376 furorem
1283 320 1527 390 publica;
1574 320 1925 388 temeritatis,
1944 312 2023 377 'ut
2054 326 2100 380 A
2131 328 2418 391 quantum
2478 322 2549 378 ad
2591 321 2851 378 humana
2909 327 3126 391 spectat
3168 320 3409 392 judicia,
3451 320 3610 378 nulla
3658 320 3840 376 dam-

332 408 720 464 concubantes
743 409 888 464 filias
935 422 1051 463 non
1103 409 1331 475 sentiat,
1362 423 1467 464 nec
1497 416 1816 479 surgentes,
1851 423 2027 479 spur-

334 497 498 553 citias
550 497 753 567 procul
810 496 987 553 dubio
1046 496 1209 553 nulla
1272 497 1612 553 discretione
1668 497 1856 553 doleat
1911 512 2029 554 sese

334 585 629 650 fmdantes,
690 600 794 640 nec
824 585 1048 641 animos
1075 586 1349 655 reprimat
1380 586 1449 641 de
1499 586 1695 641 eadem
1744 600 1852 641 sua
1902 586 2028 655 pol-

333 672 549 728 lutione
638 671 915 726 laetantes.
993 672 1335 742 Concipiunt
1409 687 1546 743 ergo
1618 673 1758 743 ﬁlim
1816 673 1917 728 Lat
1961 688 2027 727 ea:

328 765 506 829 patre,
554 774 688 816 cum
736 773 895 829 spem
950 760 1208 831 ingenita
1274 760 1437 817 nobis
1494 761 1633 816 vitia
1684 762 2027 831 pravitatem

331 847 649 919 quamlibet
706 848 1041 905 admittendi
1104 849 1293 905 fovent
1334 857 1657 920 susceptam
1709 863 1782 905 ex
1832 849 2026 906 animo

325 937 447 1006 jam
479 936 731 993 labante.

400 1024 579 1095 Major
610 1025 760 1095 parit
804 1028 1000 1095 filium,
1058 1041 1190 1082 cum
1229 1026 1545 1082 cenodoxia
1585 1027 1655 1082 ad
1688 1027 2024 1083 deteriorem

328 1114 476 1170 male
532 1122 713 1183 caspia
790 1115 1049 1184 perducit
1105 1114 1392 1182 etinctum,
1470 1124 1754 1186 vocatque
1830 1115 2017 1177 Moab,

328 1202 483 1273 quod
513 1206 598 1258 est
625 1218 694 1256 ea:
717 1208 895 1272 patre,
932 1218 1046 1259 non
1080 1204 1246 1260 modo
1268 1218 1339 1260 ex
1371 1219 1477 1259 suo
1511 1211 1693 1274 patre,
1723 1205 1819 1260 sed
1850 1204 2023 1261 abso—

328 1290 447 1347 lute
474 1305 546 1347 ex
588 1299 771 1361 patre,
832 1292 888 1347 id
932 1301 1016 1347 est
1056 1292 1284 1348 diabolo
1340 1294 1514 1348 totius
1560 1293 1882 1363 iniquitatis
1912 1307 2023 1350 au-

326 1386 497 1445 ctore,
526 1380 628 1449 qui
659 1380 946 1449 praecipue
989 1381 1174 1450 periit,
1210 1381 1617 1452 hominemque
1663 1381 1857 1438 fefellit
1890 1390 2023 1451 typo

326 1467 518 1523 inanis
546 1467 740 1538 gloriae
773 1483 785 1521 :
816 1468 1026 1523 dicitur
1069 1468 1241 1523 etiam
1293 1469 1458 1524 Moab
1504 1469 1695 1538 exlex,
1727 1470 1868 1540 quia
1920 1470 2024 1538 by-

325 1555 549 1626 pocrita
576 1570 710 1612 cum
737 1555 996 1627 legaliter
1027 1570 1198 1627 agere
1230 1557 1514 1625 videatur,
1566 1571 1600 1613 a
1651 1557 1851 1613 divina
1878 1558 2020 1613 vivit

2138 410 2265 465 nari
2303 418 2480 480 potest
2506 410 2734 466 interim
2766 410 2906 481 lege.
2952 412 3149 477 Minor,
3201 425 3333 480 quae
3386 417 3469 466 est
3516 409 3832 478 cupiditas.

2139 506 2374 570 generat
2424 504 2678 564 Ammon,
2714 499 2769 553 id
2825 506 2909 555 est
2954 500 3148 570 populi
3174 501 3279 553 mei
3319 500 3515 568 ﬁlium,
3560 497 3715 553 illius
3746 498 3840 552 vi-

2136 587 2358 650 delicet,
2406 587 2474 643 de
2522 602 2638 657 quo
2697 587 2955 644 dicitur:
3002 589 3329 645 Obliviscere
3382 588 3640 657 populum
3681 591 3844 639 tuum

2136 674 2302 746 (Psal.
2335 691 2484 743 XLIV,
2524 675 2630 745 Η),
2663 676 2718 731 in
2768 691 2887 746 quo
2947 677 3150 747 utique
3182 674 3522 732 coucrevisti
3554 672 3841 729 vitiorum

2138 763 2472 819 tumultum.
2504 765 2566 819 In
2603 765 2730 820 ﬁliis
2760 772 2954 821 autem
2994 779 3150 834 spem
3185 764 3435 819 maxime
3461 762 3848 833 propagatio-

2136 852 2225 908 nis
2272 852 2589 921 habemus;
2646 854 3019 924 propagatrix
3069 867 3203 908 vero
3239 853 3411 908 totius
3457 849 3849 921 malignitatis

2135 943 2303 1013 quasi
2341 942 2549 997 infiniti
2609 943 2801 1013 populi
2846 943 3093 997 avaritia
3130 950 3235 1008 est,
3270 948 3464 1011 utpote
3496 955 3628 1011 qua:
3656 938 3845 993 radix

2134 1034 2371 1084 omnium
2414 1032 2679 1085 malorum
2728 1036 2805 1084 est
2835 1030 2893 1100 (Ι
2944 1032 3089 1085 Tim.
3127 1045 3203 1095 v1,
3236 1030 3355 1099 10);
3384 1029 3480 1085 sed
3536 1026 3841 1099 quomodo

2134 1118 2398 1186 avaritia,
2433 1119 2521 1175 vel
2577 1119 2894 1175 cenodoxia
2940 1126 3174 1189 generat
3213 1119 3477 1187 seipsam,
3508 1115 3846 1171 absurdum

2133 1206 2386 1273 videtur,
2414 1208 2459 1263 si
2489 1214 2701 1262 matres
2728 1215 2783 1263 et
2816 1206 2913 1262 ﬁlii
2964 1221 3064 1277 pro
3106 1206 3301 1262 eodem
3335 1212 3664 1275 ponantur;
3710 1203 3848 1258 haec

2133 1308 2269 1365 ergo
2317 1298 2460 1351 ratio
2506 1303 2589 1351 est
2649 1309 2659 1348 :
2723 1294 2877 1350 Filiae
2908 1310 3040 1365 qua:
3101 1293 3387 1349 masculos
3430 1293 3701 1364 gignunt,
3748 1298 3845 1346 te-

2134 1397 2285 1437 nerae
2304 1392 2441 1439 sunt
2468 1384 2650 1453 primo
2683 1383 2890 1439 mentis
2911 1383 3271 1438 nutabundaa
3304 1380 3648 1446 affectiones,
3698 1394 3843 1449 quas

2132 1470 2547 1526 audacissimos
2578 1485 2802 1541 magum
2848 1470 3313 1541 praesumptionis
3340 1477 3504 1525 actus
3533 1468 3844 1536 emittunt,

2131 1564 2187 1613 et
2214 1559 2455 1628 populos
2501 1558 2855 1614 imitatorum
2909 1557 3306 1627 exemplorum
3354 1557 3697 1612 auctoritate
3728 1555 3845 1612 sibi

326 1644 386 1700 in
440 1644 743 1714 semetipso
799 1626 1023 1700 alienus
1076 1626 1221 1717 lege,
1273 1654 1329 1702 et
1369 1653 1527 1702 tanto
1576 1646 1846 1716 nequius,
1898 1661 2017 1717 quo
2056 1626 2100 1681 Β
2130 1626 2471 1718 congerunt,
2504 1647 2652 1703 sicut
2675 1646 2784 1703 illae
2809 1626 3156 1703 Moabitasiet
3176 1645 3535 1701 Ammonitas
3562 1652 3842 1715 egerunt.

1592 1792 1595 1797 ’
1632 1799 1935 1843 EXPLICIT
1980 1801 2175 1843 LIBER
2217 1800 2541 1854 QUINTUS.

1523 2077 1878 2151 INCIPIT
1931 2078 2218 2151 LIBER
2276 2078 2634 2152 SEXTUS

1087 2268 1941 2376 MORALIUM
2049 2273 2211 2374 IN
2327 2272 3049 2377 GENESIM.

396 2703 489 2754 ’τε
520 2699 839 2754 Fastidium
867 2698 1079 2755 laboris
1107 2699 1219 2755 mei
1249 2698 1419 2761 levat,
1450 2698 1608 2769 quod
1657 2712 1692 2754 a
1723 2697 2016 2754 benevolis

319 2801 387 2842 ac
431 2787 694 2843 litteratis
722 2786 980 2843 studium
1031 2801 1225 2843 meum
1256 2786 1490 2856 probari
1541 2786 1877 2856 considero;
1910 2801 2015 2842 nec

2124 2698 2362 2762 Geraris,
2418 2713 2550 2754 cum
2613 2711 2648 2752 a
2702 2696 2915 2753 caelesti
2974 2705 3206 2768 torpens
3250 2698 3528 2754 desiderio
3584 2698 3838 2769 spiritus

2122 2795 2314 2843 noster
2348 2794 2631 2859 evagatur
2687 2786 2936 2842 motibus
2981 2787 3277 2856 superbis;
3323 2786 3537 2844 Gerara
3608 2802 3827 2857 nempe

318 2875 514 2932 minus
543 2874 917 2947 suffragatur,
949 2875 1104 2944 quod
1138 2874 1504 2930 intentionem
1545 2875 1673 2945 ejus
1704 2875 2008 2941 universae,
2050 2910 2090 2966 ρ
2122 2876 2334 2932 dicitur
2384 2876 2578 2931 Latine
2620 2876 2866 2929 colonum
2923 2874 3165 2946 ejiciens,
3218 2876 3277 2931 in
3356 2890 3471 2947 quo
3529 2876 3831 2947 praecipue

316 2963 362 3020 si
397 2963 518 3021 fieri
568 2972 772 3034 posset,
804 2963 1248 3019 Christianitatis
1287 2963 1513 3019 lucrum
1556 2963 1690 3019 scio.
1735 2964 2012 3020 Praeterea

316 3052 438 3108 sive
485 3053 677 3123 prosit,
734 3066 837 3108 seu
893 3051 1163 3107 videatur
1211 3052 1430 3119 inutile,
1466 3051 1687 3123 aliquid
1740 3067 1831 3108 me
1868 3054 2015 3109 citra

316 3140 486 3197 ﬁdem
534 3154 600 3196 ac
645 3155 872 3196 morum
928 3141 1281 3196 honestatem
1330 3140 1544 3197 dixisse
1595 3141 1907 3210 aestimans,
1939 3155 2013 3198 ex

319 3228 419 3285 Dei
448 3228 669 3285 auxilio
696 3230 961 3299 prosequi
982 3236 1166 3299 erepta
1196 3228 1511 3284 destinabo.

969 3318 1194 3374 CAPUT
1232 3318 1361 3373 XX.

394 3405 567 3462 Vnus.
619 3410 665 3472 l,
699 3410 752 3461 2.
799 3436 865 3447 —
895 3408 1176 3473 Profectus
1206 3406 1333 3461 inde
1376 3407 1665 3461 Abraham
1704 3409 1763 3460 in
1810 3411 2013 3461 terram

319 3495 634 3562 australem,
689 3495 960 3550 habitavit
997 3497 1141 3549 inter
1168 3495 1353 3557 Gades,
1395 3500 1445 3549 et
1485 3496 1612 3563 Sur,
1671 3500 1721 3549 et
1762 3498 2009 3565 peregri-

320 3588 480 3638 natus
535 3589 614 3638 est
650 3585 710 3638 in
766 3586 1006 3641 Geraris.
1046 3584 1305 3652 Dixitque
1353 3583 1419 3636 de
1473 3584 1614 3639 Sara
1648 3599 1815 3637 umore
1861 3599 1962 3639 sua
1992 3603 2009 3638 :

319 3673 482 3727 Soror
512 3688 630 3727 mea
684 3678 783 3727 est.
808 3674 988 3731 ,Misit
1016 3687 1142 3737 ergo
1188 3672 1516 3737 Abimelech,
1563 3688 1662 3726 rea:
1694 3673 1928 3740 Geram,
1961 3679 2033 3727 et‘

318 3763 446 3816 tulit
471 3777 605 3815 eam.
651 3761 938 3831 Superbas
976 3768 1195 3817 mentes
1244 3768 1400 3817 tanto
1440 3760 1642 3817 intima
1684 3774 1809 3828 sua,
1837 3762 2011 3832 juxta

317 3849 473 3919 quod
529 3849 760 3921 legitur,
821 3850 875 3905 in
932 3850 1052 3905 vita
1109 3864 1218 3905 sua
1287 3857 1508 3906 certum
1566 3857 1650 3906 est
1708 3851 2004 3920 projicere,

316 3944 533 4007 quanto
589 3951 687 3994 eas
754 3944 973 3993 constat
1041 3952 1142 4007 per
1209 3945 1565 3995 exteriorum
1622 3937 2009 3995 volubilitates

314 4027 566 4084 efﬂuere.
617 4028 697 4083 De
745 4027 990 4084 convalli
1025 4028 1219 4098 itaque
1246 4028 1521 4089 Mambre.
1570 4027 1639 4083 de
1668 4027 2009 4085 humilitatis

316 4114 566 4185 profecto
648 4114 1030 4184 depressione,
1102 4116 1159 4171 in
1216 4129 1335 4187 qua
1400 4115 1758 4172 discretionis
1814 4123 2008 4186 utpote

2122 2963 2394 3035 superbia
2421 2972 2670 3025 notatur.
2708 2978 2806 3034 per
2851 2978 3029 3034 quam
3075 2971 3129 3021 et
3159 2964 3420 3035 angelica
3466 2972 3521 3021 et
3555 2965 3831 3021 humana

2124 3061 2336 3109 natura
2407 3066 2441 3107 a
2509 3054 2738 3122 propria
2796 3051 3434 3122 regione‘demittitur;
3492 3052 3835 3123 subjugalis

2121 3156 2260 3213 ergo
2292 3141 2387 3197 illa
2414 3139 2572 3203 Sara,
2624 3140 2894 3196 voluntas
2939 3140 3152 3196 scilicet
3184 3141 3389 3197 rationi
3440 3142 3546 3197 rite
3591 3141 3837 3196 addicta

2123 3230 2182 3285 in
2212 3244 2463 3286 sororem
2517 3229 2861 3296 admittitur,
2896 3229 3036 3285 dum
3086 3230 3140 3284 in
3198 3229 3541 3300 parilitatem
3588 3229 3832 3299 pestife-

2123 3332 2247 3374 ram
2276 3326 2598 3387 contempto
2643 3316 2895 3373 dominio
2946 3324 3262 3384 evocatur;
3323 3333 3428 3373 nec
3483 3318 3719 3384 mirum,
3782 3319 3832 3373 si

2122 3408 2415 3477 respuitur
2439 3420 2473 3461 a
2498 3406 2792 3461 voluntate
2814 3404 3156 3471 dominium,
3175 3419 3307 3460 cum
3332 3419 3505 3461 suum
3533 3404 3654 3476 ipsa
3676 3407 3835 3462 ratio

2120 3496 2386 3552 deficiens
2442 3494 2731 3566 abjurarit
2789 3493 3117 3563 imperium.
3173 3493 3505 3550 Abimelech
3547 3496 3835 3564 interpre-

2121 3592 2279 3641 tatur
2318 3589 2476 3653 pater
2514 3598 2663 3638 meus
2702 3598 2821 3645 rem,
2877 3596 2979 3637 rex
3032 3590 3224 3638 autem
3252 3581 3496 3638 Gerarae.
3528 3582 3639 3649 Qui
3683 3597 3834 3654 ergo

2117 3690 2237 3735 rem,
2274 3673 2391 3743 ipse
2420 3677 2577 3742 pater
2636 3669 2927 3726 hominem
2954 3683 2987 3724 a
3021 3670 3133 3725 Deo
3170 3669 3456 3740 ejicientis
3502 3670 3826 3740 superbiae,

2118 3761 2383 3818 diabolus
2412 3760 2642 3822 scilicet,
2688 3758 2788 3829 qui
2836 3766 2889 3814 et
2953 3766 3114 3827 pater
3173 3757 3449 3814 mendacii
3488 3757 3832 3828 appellatur

2116 3852 2298 3922 (Joan.
2333 3865 2449 3916 vm,
2480 3849 2595 3917 44),
2630 3862 2778 3901 meus
2803 3853 3017 3913 autem,
3067 3846 3140 3901 ad
3172 3861 3267 3902 eos
3295 3845 3397 3917 qui
3441 3846 3549 3903 sibi
3602 3861 3827 3917 super-

2118 3939 2214 3996 bia
2240 3936 2652 4007 mendacioquc
2697 3935 2941 4006 pessima
2999 3934 3271 3991 ﬁliatione
3309 3933 3683 4001 conveniunt,
3723 3950 3829 3992 re-

2115 4029 2321 4085 fertur.

2139 4044 2321 4086 ertur.

2186 4116 2356 4174 Mittit
2409 4129 2545 4186 ergo
2592 4112 2939 4181 Abimelech,
3008 4121 3063 4168 et
3115 4111 3259 4168 tollit
3304 4125 3455 4180 eam,
3507 4126 3641 4167 cum
3687 4124 3827 4183 post

314 4204 555 4260 intrase
597 4204 808 4275 degens
854 4203 1159 4260 fruebatur
1202 4204 1420 4261 lumine
1448 4204 1742 4260 Abraham
1794 4213 2004 4273 noster,
2046 4209 2089 4263 D
2115 4204 2494 4277 aliquantulm
2550 4202 2844 4273 religionis
2896 4200 3153 4257 studium
3221 4201 3479 4273 suggerit
3543 4200 3828 4258 diabolus

310 4293 427 4364 jam
464 4291 552 4347 sui
582 4292 795 4348 oblitus
831 4293 1091 4349 numinis
1131 4292 1447 4364 egreditur,
1502 4300 1558 4349 et
1587 4293 1660 4348 ad
1689 4295 2006 4358 australem,

313 4380 696 4451 cupiditatum
751 4381 968 4438 solibus
1023 4381 1449 4452 decoquendus.
1497 4382 1721 4438 excedit
1784 4387 2003 4449 terram,

313 4477 378 4526 ut
433 4476 644 4525 terram
704 4469 907 4539 sapiat,
968 4477 1023 4525 et
1080 4469 1196 4525 illic
1251 4468 1529 4534 avaritiae,
1586 4483 1653 4525 ac
1702 4470 2007 4527 libidinum

313 4558 481 4628 aquis
512 4557 757 4624 infusus,
797 4557 1025 4613 easdem
1064 4555 1271 4613 iterum
1311 4557 1486 4623 sitiat,
1515 4558 1689 4629 juxta
1715 4559 1870 4630 quod
1901 4560 2008 4615 Sa-

313 4647 610 4703 maritanae
696 4646 977 4701 Dominus
1022 4645 1305 4701 enuntiat.
1356 4648 1503 4701 Inter
1561 4648 1740 4703 Gades
1797 4654 1848 4703 et
1896 4650 2009 4703 Sur

313 4734 553 4800 habitat,
587 4734 727 4790 dum
759 4734 893 4789 hinc
918 4734 1189 4805 cogitatio
1216 4734 1587 4803 intellectum,
1624 4737 1791 4807 quasi
1841 4751 2005 4806 quae-

312 4821 446 4878 dam
476 4821 631 4877 tinea
666 4835 801 4877 eum
830 4835 865 4877 a
906 4828 1061 4877 statu
1113 4820 1205 4890 pio
1264 4821 1564 4879 dimovens
1608 4830 1816 4890 vastat,
1849 4823 2009 4878 illinc

312 4909 589 4966 memoria
616 4909 915 4979 praeteritae
960 4923 1079 4980 qua
1105 4909 1368 4967 exhibuit
1418 4918 1615 4967 contra
1665 4912 1802 4967 vitia
1846 4910 2005 4967 forti-

312 4997 532 5053 tudinis
610 5005 983 5068 coangustat;
1043 4997 1223 5054 Cades
1285 5002 1443 5055 enim
1494 5002 1771 5055 commotio
1830 5001 2005 5066 tineae,

313 5084 424 5141 Sur
460 5086 748 5154 fortitudo,
807 5086 894 5142 vel
949 5090 1207 5155 angustia
1252 5088 1504 5156 dicitur;
1564 5096 1744 5159 potest
1795 5096 1850 5144 et
1909 5102 2009 5158 per

313 5180 576 5229 austrum
604 5181 766 5244 tepor
812 5174 989 5230 animi
1032 5176 1239 5246 accipi,
1272 5190 1346 5233 ex
1384 5192 1500 5247 quo
1530 5177 1733 5248 ingens
1760 5190 2008 5233 consur-

314 5274 446 5333 gere
497 5260 636 5317 solet
689 5261 880 5318 fervor
909 5262 981 5319 ad
1027 5264 1220 5321 studia
1262 5265 1477 5321 saeculi.
1543 5265 1703 5320 Unde
1754 5265 1814 5320 in
1858 5265 2003 5322 Job:

315 5350 678 5416 Considerate,
743 5351 955 5421 inquit,
998 5357 1217 5408 semitas
1291 5354 1544 5419 Theman,
1604 5356 1805 5408 itinera
1861 5355 2009 5411 Saba

317 5438 456 5505 (Job.
515 5453 592 5504 vr,
648 5440 759 5505 i9.)
807 5441 1216 5513 Peregrinatur
1280 5441 1530 5514 denique
1603 5443 1896 5501 Abraham
1949 5447 2009 5500 in

2116 4294 2386 4351 humanae
2418 4291 2698 4348 voluntati
2730 4289 2895 4359 quasi
2924 4289 3045 4360 jam
3086 4288 3195 4344 sibi
3226 4288 3430 4345 debitae
3462 4288 3828 4360 praelationis

2115 4382 2423 4452 affectum;
2468 4380 2620 4437 unde
2684 4378 2869 4435 notari
2950 4379 3219 4435 convenit
3292 4383 3439 4435 inter
3514 4381 3826 4450 captiones

2117 4479 2396 4541 utrasque
2424 4467 2774 4531 distantiam,
2801 4481 2920 4537 qua
2949 4466 3264 4536 spiritualis
3302 4474 3494 4523 nostra
3539 4468 3829 4524 voluntas

2115 4559 2297 4616 instar
2338 4558 2490 4615 Sarae
2546 4556 2800 4627 primum
2849 4570 2881 4611 a
2938 4556 3235 4612 Pharaone
3309 4555 3365 4611 in
3423 4557 3829 4613 conversionis

2115 4648 2279 4705 initio
2307 4647 2647 4703 distrahitur
2668 4645 2736 4700 ad
2772 4644 3027 4715 pristinae
3048 4644 3445 4701 saecularitatis
3472 4645 3827 4717 Egyptum,

2114 4743 2168 4793 et
2196 4734 2558 4806 postmodum
2589 4734 2662 4790 ab
2694 4732 3031 4789 Abimelech
3090 4746 3221 4804 rege
3251 4732 3476 4789 Gerara?
3527 4747 3647 4789 non
3695 4741 3827 4791 tam

2115 4831 2425 4894 superatur
2455 4836 2629 4894 quam
2689 4822 2760 4877 ad
2812 4821 3013 4877 horam
3063 4821 3280 4892 agitata
3326 4821 3610 4890 pulsatur,
3658 4824 3830 4881 unde

2114 4920 2171 4969 et
2200 4913 2272 4968 ab
2304 4914 2412 4968 hoc
2464 4911 2677 4968 intacta
2731 4909 3086 4981 perhibetur,
3117 4910 3187 4965 de
3226 4911 3521 4980 superiore
3552 4917 3827 4977 tacetur;

2115 5001 2325 5058 veteris
2386 5014 2638 5070 namque
2689 4998 3123 5055 consuetudinis
3180 5013 3366 5069 nuper
3421 4998 3630 5054 relictas
3687 5014 3831 5056 me—

2114 5090 2298 5147 moria
2345 5104 2448 5145 nos
2496 5088 2760 5145 atrociter
2817 5088 3002 5143 irritat
3054 5088 3124 5143 ad
3178 5088 3336 5151 vitia,
3396 5087 3491 5143 sed
3539 5087 3830 5144 ecclesia-

2115 5178 2256 5236 stica
2298 5177 2539 5234 utilitate
2580 5175 2883 5247 provectis,
2923 5175 3089 5246 quasi
3146 5176 3393 5232 aliorum
3447 5189 3625 5230 causa
3671 5191 3828 5245 pro-

2115 5267 2299 5325 fectus
2328 5266 2677 5337 adipiscendi
2713 5272 3040 5336 pastoratus
3081 5265 3506 5336 quodammodo
3531 5280 3604 5321 ex
3634 5264 3829 5323 latere

2115 5370 2174 5412 se
2226 5355 2389 5411 nobis
2442 5355 2715 5427 ingerunt
2781 5353 3082 5418 desideria,
3153 5352 3337 5409 multa
3424 5352 3618 5423 itaque
3662 5352 3833 5411 inter

2117 5451 2366 5515 utraque
2420 5442 2713 5499 distantia.
2773 5441 2914 5499 Sara
2955 5440 3205 5512 denique
3262 5441 3500 5509 tollitur,
3550 5455 3682 5498 cum
3740 5445 3828 5501 ad
