3884 6068
120 222 215 271 157
1298 221 1663 279 MOBALIUM
1704 224 1771 277 IN
1808 222 2116 279 GENESIN
2157 222 2286 277 LIB.
2327 220 2413 274 Vl.
2654 264 2677 289 ,
3530 220 3625 271 l58

116 347 459 418 hujusmodi
499 348 871 406 ambitionem
909 364 1042 405 cum
1084 350 1279 407 favore
1328 351 1565 408 rationis
1606 352 1812 409 volun-
1851 354 1900 408 A
1926 359 1981 408 et
2010 358 2262 408 externa
2290 349 2527 407 utilitati
2568 349 2834 421 princeps
2864 354 2969 415 est,
3000 355 3212 404 etcum
3242 361 3277 403 a
3304 347 3524 405 carnali
3548 348 3622 405 li-

114 437 253 493 tatis
278 437 526 494 intentio
558 445 1007 509 transportatur.

187 526 368 583 VBRS.
430 527 484 595 3,
538 529 588 582 4.
638 558 706 567 -
768 529 926 583 Venit
977 531 1157 582 autem
1203 530 1343 583 Deus
1385 528 1460 583 ad
1509 530 1821 584 Abimelech

116 631 215 684 per
260 618 542 671 somnium
576 621 745 683 nocte,
797 621 849 670 et
901 619 982 672 ait
1029 618 1123 671 ei:
1176 618 1260 672 En
1306 619 1551 672 morieris
1594 624 1822 687 propter

116 704 406 758 mulierem
462 720 626 773 quam
677 707 885 769 tulisti;
944 704 1103 759 habet
1153 707 1295 759 enim
1355 702 1554 760 virum.
1596 708 1821 761 Abime-

119 792 239 847 lecti
295 808 423 847 vero
460 809 568 847 non
608 795 857 861 tetigerat
899 808 1036 847 eam.
1088 795 1190 848 Per
1251 796 1518 848 somnium
1566 796 1711 850 Deus
1751 796 1827 850 ad

124 882 443 936 Abimelech
514 885 683 948 venit,
757 897 890 938 cum
934 890 1186 939 mentem
1244 896 1278 937 a
1334 884 1821 954 corruptibilium,

123 967 650 1039 forasticarumque
731 983 925 1025 rerum
975 984 1116 1026 cura
1173 969 1545 1039 abstinemus,
1596 978 1651 1027 et
1705 971 1827 1027 sola

124 1055 512 1113 invisibilium
560 1057 898 1128 cogitatione
942 1066 1225 1127 tenemur,
1274 1060 1333 1113 in
1389 1074 1504 1130 quo
1552 1067 1821 1128 tractatu,

126 1145 240 1200 Deo
288 1154 585 1215 prasente,
632 1146 771 1216 quid
825 1146 897 1201 sit
926 1146 1159 1213 Gerara,
1189 1147 1330 1218 quid
1358 1161 1481 1215 rex,
1532 1148 1672 1219 quid
1723 1163 1823 1219 pa-

123 1236 367 1289 ternitas
418 1234 533 1301 illa,
590 1234 838 1290 videtur.
894 1235 980 1291 Fit
1037 1249 1174 1291 vero
1224 1241 1397 1303 nocte,
1436 1236 1576 1293 dum
1617 1238 1676 1293 in
1703 1238 1827 1308 ipsa

121 1335 241 1389 qua
269 1320 583 1377 clarificari
611 1321 895 1378 desiderat
931 1323 1077 1391 luce,
1108 1324 1431 1381 obscuritas
1462 1324 1825 1382 intellectua-

122 1407 254 1462 liter
313 1408 649 1478 pervidetur
689 1410 996 1480 superbia.
1049 1414 1299 1467 Morieris
1353 1413 1562 1483 inquit,
1603 1420 1827 1483 propter

120 1497 405 1551 mulierem
469 1514 636 1567 quam
687 1500 881 1564 tulisti,
959 1500 1159 1556 mortis
1224 1501 1474 1570 profecto
1547 1501 1826 1572 supplicio

122 1584 311 1639 addici
348 1586 685 1653 mereheris,
732 1585 838 1642 nisi
870 1601 905 1642 a
943 1590 1200 1659 concepti
1231 1589 1413 1645 fastus
1445 1589 1827 1660 parturitione

118 1673 380 1742 desieris,
440 1690 575 1731 cum
638 1675 993 1734 voluntatem
1042 1677 1281 1733 rationis
1344 1678 1465 1749 juri
1511 1693 1585 1735 ex
1632 1679 1820 1735 debito

119 1763 447 1833 subjectam
488 1764 648 1820 tibio
695 1765 947 1835 superba
975 1766 1202 1822 vanitas
1249 1766 1452 1823 tuleris
1498 1768 1823 1823 meretricia

123 1852 532 1922 prostitutione
580 1852 921 1919 ludendam;
961 1854 1059 1911 sed
1100 1854 1240 1911 Sara
1270 1868 1304 1910 a
1350 1869 1483 1927 rege
1534 1870 1650 1913 non
1688 1863 1821 1911 tan—

124 1942 303 2012 gitur,
346 1955 483 1998 cum
522 1942 793 1999 voluntas
818 1943 1050 2013 superbi
1086 1945 1374 2014 appetitus
1409 1943 1675 2000 effectum
1706 1959 1821 2000 non

123 2029 461 2099 experitur;
496 2029 629 2085 finis
666 2030 819 2087 enim
863 2037 958 2086 19
1005 2032 1256 2088 notionis
1301 2040 1489 2089 tactus
1525 2043 1643 2104 est;
1685 2048 1819 2089 nam

121 2132 156 2173 a
194 2132 330 2190 rege
362 2126 708 2189 tanguntur,
756 2120 858 2190 qui
908 2120 1198 2177 honorum
1227 2121 1485 2177 culmina
1528 2136 1660 2192 qua
1693 2136 1816 2179 am-

125 2206 293 2263 biunt
314 2208 724 2278 quoquomodo
753 2217 1166 2280 assequuntur.

192 2296 374 2353 Vitas.
408 2299 457 2350 5.
509 2326 571 2335 —
620 2299 687 2351 Et
717 2300 799 2352 ait
827 2314 841 2351 :
871 2300 1109 2363 Domine,
1160 2314 1289 2353 num
1317 2302 1525 2367 gentem
1562 2301 1822 2367 ignoran-

126 2390 229 2439 tem
275 2391 327 2439 et
362 2385 576 2453 justam
624 2388 949 2455 interﬁcies?
998 2388 1181 2443 Nonne
1232 2390 1349 2456 ipse
1404 2387 1599 2443 dixit:
1662 2390 1824 2445 Soror

124 2488 244 2526 mea
279 2477 380 2539 est,
409 2479 460 2527 et
490 2475 616 2543 ipsa
655 2476 771 2529 ait:
796 2475 997 2529 Frater
1041 2490 1187 2529 meus
1236 2478 1355 2530 est?
1385 2475 1593 2532 Divino
1625 2476 1824 2533 timore

125 2570 343 2618 attacta
373 2571 572 2619 nostra
612 2564 995 2632 cervicositas,
1041 2564 1099 2620 in
1137 2565 1387 2635 seipsam
1418 2565 1663 2621 refracta
1702 2566 1823 2623 col-

125 2650 362 2721 ligitur;
387 2651 697 2722 colligitur,
723 2651 985 2722 inquam,
1023 2652 1161 2709 dum
1189 2653 1259 2708 de
1287 2652 1486 2709 mundi
1520 2654 1820 2723 sapientia,

126 2754 259 2809 qua
290 2753 408 2793 non
429 2739 540 2794 nisi
559 2740 785 2795 laudem
814 2741 1021 2811 quarit
1046 2748 1148 2797 aut
1172 2742 1557 2809 commodum,
1591 2757 1824 2813 quaque

122 2835 292 2883 extra
324 2841 386 2883 se
422 2828 827 2900 spargebatur,
877 2830 947 2885 ad
988 2830 1167 2886 felicis
1210 2829 1620 2886 confessionem
1655 2831 1822 2901 igno-

124 2915 331 2971 rantia
363 2930 543 2986 quam
590 2918 968 2987 consequitur
991 2918 1219 2989 justitia
1244 2919 1633 2989 restringitur.
1658 2919 1825 2987 Cum,
1864 2948 1906 3003 α

125 3005 341 3075 inquit,
375 3005 631 3073 Domine,
665 3005 953 3077 quidquid
998 3007 1215 3063 tumide
1237 3007 1531 3077 sapieham
1587 3014 1639 3063 te
1667 3007 1822 3078 aspi-

125 3100 291 3148 rante
341 3092 692 3159 reflaverim,
742 3102 795 3150 et
841 3095 1014 3165 juxta
1071 3095 1406 3165 Apostolum
1450 3096 1692 3153 stultum
1735 3112 1826 3153 me

126 3181 249 3236 fieri
294 3189 534 3251 propter
572 3182 754 3238 Deum
807 3182 978 3239 velim
1022 3185 1079 3249 (ι
1120 3185 1249 3239 Cor.
1291 3199 1366 3252 ιν,
1414 3185 1519 3255 10),
1554 3192 1618 3240 ut
1648 3185 1827 3255 hujus

124 3269 470 3340 ignorantia
500 3270 685 3333 cultu,
716 3286 848 3341 qua
878 3281 1068 3327 tamen
1096 3272 1465 3329 sacularium
1495 3287 1691 3329 rerum
1718 3282 1824 3343 est,

124 3373 245 3414 esse
261 3361 550 3429 particeps
568 3374 831 3429 superna
848 3361 1141 3431 sapientia
1168 3363 1323 3433 quod
1339 3363 1576 3434 justitia
1597 3379 1827 3420 summa

122 3454 204 3502 est
250 3448 498 3516 possim;
545 3462 699 3514 cum,
751 3448 1012 3519 inquam,
1076 3451 1198 3506 hac
1241 3450 1492 3518 fecerim,
1556 3452 1824 3522 nunqu'd

126 3536 407 3606 ignorans
440 3536 548 3591 hoc
576 3537 762 3605 modo,
794 3539 874 3593 sic
902 3538 1151 3608 denique
1176 3539 1391 3609 justus,
1426 3540 1663 3595 interfici
1694 3549 1821 3610 ate,

126 3623 227 3693 qui
254 3624 486 3695 justitia
512 3639 595 3692 es,
644 3627 993 3683 meruerim?
1046 3626 1191 3683 Nam
1222 3628 1269 3683 si
1301 3627 1663 3698 deliquerim,
1710 3644 1824 3685 non

125 3712 377 3769 diffiteor
422 3714 676 3783 culpam,
725 3729 798 3770 ex
830 3715 1010 3770 animi
1047 3716 1383 3772 confusione
1414 3716 1551 3772 mihi
1597 3716 1823 3784 accidit,

124 3800 225 3856 ubi
274 3814 384 3855 nec
441 3800 761 3857 intellectus
802 3809 1061 3872 praerat,
1099 3817 1206 3858 nec
1253 3803 1525 3859 voluntas
1566 3804 1821 3873 parebat,

124 3888 221 3945 sed
270 3889 467 3959 potius
503 3889 709 3945 rationi
758 3890 883 3961 ipsa
921 3905 1037 3946 non
1085 3892 1251 3947 modo
1285 3891 1524 3963 indigna
1570 3893 1824 3963 quadam

125 3977 509 4049 germanitate
545 3992 738 4048 parem
778 3994 836 4035 se
866 3979 1092 4048 fecerat,
1137 3980 1233 4035 sed
1273 3980 1444 4037 etiam
1473 3982 1616 4038 ratio
1640 3981 1822 4037 eidem

126 4073 479 4137 prapostere
505 4067 676 4123 nimis
713 4068 962 4124 obnoxia
990 4076 1132 4125 erat.
1158 4072 1223 4124 In
1253 4070 1609 4140 simplicitate
1647 4071 1823 4125 cordis

124 4158 248 4219 mei,
293 4159 347 4209 et
397 4156 675 4210 munditia
710 4173 969 4212 manuum
1000 4174 1244 4212 mearum
1290 4160 1399 4225 feci
1436 4160 1550 4215 hoc.
1602 4159 1825 4229 Simpli-

1926 441 2029 497 her
2054 439 2260 495 affectu
2290 439 2362 495 ad
2393 438 2502 495 sibi
2541 438 3002 509 prospiciendum
3055 436 3349 508 ingenium
3381 451 3621 494 exacue-

1930 528 2024 594 rit,
2057 527 2341 598 quidquid
2391 534 2540 598 aget,
2584 525 2870 598 quidquid
2918 526 3308 589 meditabitur,
3365 526 3621 582 oratione

1930 617 2196 687 dignum,
2229 624 2283 673 et
2322 616 2479 672 vitali
2513 615 2749 686 pramio
2778 614 2912 685 erit;
2947 616 3097 684 quod
3141 616 3187 671 si
3221 614 3529 681 distuleris,
3565 614 3621 670 in

1932 705 2331 762 obstinationis
2367 712 2422 760 et
2462 703 2890 773 impanitentia
2919 703 3434 771 insensibilitatem,
3466 703 3622 773 quod

1931 802 2013 849 est
2061 807 2213 849 mors
2252 793 2478 859 anima,
2530 807 2686 859 rues,
2723 800 2777 848 et
2823 794 2867 847 si
2914 792 3052 862 quid
3088 793 3184 848 tibi
3221 792 3352 848 boni
3393 790 3616 858 resedit,

1933 882 2146 954 pariter
2175 882 2419 937 amittes.

2004 971 2174 1027 VEns.
2205 974 2261 1025 8.
2292 1000 2360 1009 -—-
2388 971 2690 1039 Statimque
2732 968 2798 1022 de
2848 973 2995 1023 nocte
3031 984 3350 1036 consurgens
3406 969 3619 1024 Abime-

1933 1061 2065 1125 lech,
2115 1062 2328 1113 vocavit
2403 1074 2579 1113 omnes
2626 1072 2824 1125 servos,
2887 1064 2940 1112 et
2988 1058 3192 1111 locutus
3240 1064 3317 1111 est
3368 1060 3622 1112 universa

1932 1150 2096 1205 verba
2124 1150 2234 1204 hac
2264 1151 2321 1203 in
2350 1148 2575 1203 auribus
2619 1163 2832 1212 eorum;
2867 1150 3265 1216 timueruntque
3294 1162 3469 1201 omnes
3512 1148 3623 1200 viri

1931 1240 2107 1293 valde.
2156 1237 2466 1293 Abimelech
2511 1238 2577 1292 de
2630 1241 2778 1291 nocte
2817 1236 3113 1307 consurgit
3163 1251 3295 1292 cum
3338 1234 3621 1304 superbia

1934 1334 2142 1395 motus,
2168 1327 2270 1397 qui
2300 1341 2371 1381 ex
2404 1333 2564 1396 patre
2599 1338 2800 1381 revera
2829 1324 3055 1380 diabolo
3102 1332 3204 1391 est,
3239 1325 3306 1379 de
3348 1330 3624 1393 concepta

1935 1416 2193 1471 avaritia
2234 1415 2581 1471 obscuritate
2618 1428 2677 1470 se
2705 1414 2909 1479 elevat,
2942 1428 3073 1483 qua
3123 1422 3336 1469 mentes
3365 1412 3624 1483 pruden-

1937 1504 2079 1561 tium
2110 1512 2381 1569 excacat,
2418 1519 2597 1557 servos
2627 1517 2773 1571 suos,
2815 1502 2871 1557 id
2901 1511 2982 1557 est
3013 1502 3378 1572 cogitationes
3407 1515 3537 1571 qua
3564 1500 3621 1553 in

1933 1593 2313 1664 suggerendis
2339 1591 2447 1649 sibi
2492 1591 2844 1648 vanitatibus
2869 1590 3220 1659 deserviunt,
3262 1590 3334 1645 ad
3365 1589 3621 1645 rationa-

1934 1680 2125 1738 biliter
2162 1695 2360 1752 sapere
2387 1688 2682 1748 convocat,
2732 1688 2787 1736 et
2815 1696 2946 1752 qua
2976 1680 3081 1735 sibi
3116 1681 3265 1735 Deus
3290 1676 3623 1749 inspirando

1930 1770 2265 1833 innotuerit,
2318 1770 2778 1827 intellectualiter
2798 1778 3017 1837 narrat,
3052 1767 3400 1825 utdivinum
3430 1767 3510 1822 eis
3550 1766 3623 1821 ti—

1930 1872 2145 1915 morem
2171 1858 2434 1914 incutiat.

2000 1948 2172 2005 Vnus.
2193 1950 2247 2003 9.
2272 1976 2340 1987 —
2365 1949 2585 2003 Vocavit
2609 1952 2787 2001 autem
2803 1949 2843 2001 Α
2857 1946 3105 2010 braham,
3132 1948 3182 1999 el
3200 1943 3346 1998 dixit
3374 1946 3450 1997 ei:
3478 1941 3625 2008 Quid

1928 2038 2110 2103 fecisti
2118 2035 2270 2091 nobis
2285 2038 2313 2090 Σ)
2333 2035 2477 2103 Quid
2489 2038 2829 2105 peccavimus
2844 2037 2900 2088 in
2919 2039 2983 2098 te,
3004 2036 3136 2103 quia
3159 2033 3435 2109 induxisti
3453 2032 3625 2101 jsuper

1929 2140 2012 2179 me
2048 2129 2099 2179 et
2126 2140 2289 2194 super
2314 2139 2540 2191 regnum
2569 2138 2752 2179 meum
2777 2129 3053 2192 peccatum
3088 2122 3341 2189 grande?
3371 2122 3489 2188 Qua
3517 2135 3624 2174 non

1930 2214 2164 2268 debuisti
2191 2215 2391 2281 facere,
2432 2214 2619 2279 fecisti
2663 2212 2870 2266 nobis?
2917 2211 3211 2267 Abraham
3256 2217 3443 2278 vocat,
3488 2223 3622 2265 cum

1930 2308 2076 2357 totas
2113 2301 2499 2371 intelligentia
2543 2300 2651 2356 sibi
2688 2299 3041 2355 illustranda
3082 2300 3230 2355 vires
3279 2298 3572 2353 acuminat
3604 2310 3616 2349 :

1930 2390 2133 2458 Pensa,
2177 2390 2256 2445 ait
2285 2390 2425 2460 quid
2453 2389 2658 2460 egeris,
2702 2404 2834 2445 cum
2868 2389 2941 2444 ad
2985 2396 3037 2444 te
3076 2387 3357 2458 pertineat
3405 2386 3624 2441 anima-

1931 2478 2011 2534 les
2050 2477 2489 2548 corporalesque
2534 2479 2737 2534 turbas
2782 2478 2853 2534 ob
2908 2477 3223 2548 ingentium
3276 2475 3375 2530 tibi
3407 2472 3623 2545 ingenii

1911 2566 2293 2623 vivacitatem
2327 2566 2690 2637 restringere,
2728 2581 2844 2622 non
2887 2581 2992 2622 nos
3022 2565 3274 2621 motibus
3307 2563 3397 2619 his
3428 2564 3625 2619 huma-

1930 2656 2088 2711 nitus
2129 2655 2468 2711 excedentes
2507 2662 2623 2711 tam
2656 2654 2712 2710 in
2760 2661 2813 2711 te
2840 2654 3225 2724 peccavimus,
3253 2665 3432 2722 quam
3471 2658 3537 2706 tu
3565 2650 3623 2705 in

1931 2759 2056 2811 nos,
2105 2743 2207 2814 qui
2253 2744 2336 2799 tui
2388 2744 2727 2799 auctoritate
2770 2743 2995 2798 arbitrii
3058 2742 3341 2797 debueras
3406 2738 3624 2794 rexisse

1932 2846 2053 2898 nos,
2089 2844 2157 2887 ac
2186 2831 2229 2886 si
2261 2831 2474 2887 diceret
2505 2846 2517 2886 :
2555 2831 2611 2888 Si
2662 2846 2771 2899 me,
2822 2840 3040 2887 motum
3081 2830 3295 2886 scilicet
3336 2827 3621 2898 superbia

1932 2920 2005 2976 ad
2050 2920 2259 2975 horum
2299 2920 2598 2976 admittere
2640 2936 2755 2975 non
2812 2920 3114 2985 debueras,
3159 2932 3403 2989 regnum
3441 2929 3622 2987 quare

1934 3010 2060 3079 ejus
2108 3007 2498 3064 damnationis
2527 3008 2908 3064 admittebas?
2951 3010 3036 3064 Ex
3083 3008 3190 3063 hoc
3237 3021 3374 3077 ergo
3405 3004 3622 3076 grande

1938 3097 2035 3154 tibi
2077 3103 2373 3166 peccatum
2408 3094 2694 3163 incubuit,
2738 3111 2852 3152 non
2892 3103 3010 3152 tam
3040 3096 3181 3166 quia
3213 3109 3320 3159 me,
3355 3092 3451 3149 sed
3482 3092 3622 3162 quia

1935 3198 2178 3255 regnum
2212 3183 2441 3253 superbi
2466 3183 2686 3239 consilii
2717 3183 3100 3239 diuturnitate
3131 3194 3478 3251 susceperas.

2007 3274 2177 3330 VERS.
2209 3270 2289 3326 tO.
2312 3302 2385 3313 —
2423 3271 2586 3339 Quid,
2621 3272 2831 3342 inquit,
2860 3272 3051 3326 vidisti
3072 3276 3131 3324 ut
3155 3271 3252 3325 hoc
3278 3271 3504 3336 faceres,
3555 3265 3611 3321 id

1932 3369 2018 3419 est
2046 3375 2221 3432 quam
2247 3361 2427 3432 hujus
2456 3361 2536 3416 tui
2588 3360 2751 3431 pravi
2805 3374 3072 3417 assensus
3102 3360 3383 3415 rationem
3430 3354 3616 3412 affers,

1929 3481 2003 3494 -—
2054 3451 2245 3520 (VERS.
2306 3452 2388 3517 ll,
2438 3451 2545 3518 12.)
2606 3452 2873 3518 Cogitavi,
2921 3450 3001 3505 ait
3057 3448 3372 3514 Abraham,
3419 3459 3621 3499 mecum

1933 3542 2152 3595 dicens:
2190 3541 2344 3593 Forte
2373 3553 2478 3592 non
2508 3543 2585 3593 est
2620 3540 2781 3592 timor
2836 3541 2929 3593 Dei
2968 3541 3026 3591 in
3075 3538 3182 3591 loco
3212 3539 3336 3601 isto,
3360 3540 3411 3589 et
3446 3537 3619 3587 inter-

1929 3628 2113 3700 ficient
2143 3642 2224 3680 me
2246 3631 2473 3695 propter
2522 3641 2746 3680 umorem
2780 3642 2969 3679 meam.
3010 3627 3169 3679 Alias
3213 3628 3392 3677 autem
3423 3626 3471 3675 et
3501 3636 3620 3674 vere

1930 3732 2084 3775 soror
2132 3731 2251 3769 mea
2305 3719 2403 3780 est,
2454 3716 2571 3783 ﬁlia
2616 3716 2795 3784 patris
2839 3717 2960 3779 mei,
3005 3718 3054 3767 et
3115 3728 3230 3768 non
3260 3711 3383 3782 ﬁlia
3426 3712 3620 3764 matris

1931 3821 2077 3870 mea,
2117 3810 2167 3858 et
2214 3803 2355 3857 duxi
2396 3818 2515 3857 eam
2560 3817 2801 3856 tia-irem.
2840 3803 3022 3857 Locus
3060 3801 3319 3857 timorem
3366 3798 3465 3854 Dei
3501 3812 3615 3853 non

1931 3892 2169 3958 habens,
2210 3904 2307 3947 cor
2339 3898 2602 3947 nostrum
2631 3898 2715 3946 est
2749 3890 3039 3959 tepiditate
3068 3889 3413 3947 marcidum.
3461 3885 3618 3957 quod

1936 3995 2132 4052 regere
2182 3994 2299 4037 non
2338 3979 2512 4036 audet
2551 3993 2656 4035 nec
2702 3978 3004 4035 defendere
3059 3976 3371 4033 voluntatis
3410 3974 3619 4045 conju-

1935 4070 2116 4142 gium,
2145 4068 2284 4125 dum
2318 4067 2561 4124 interfici
2594 4082 2653 4123 se
2674 4067 2832 4123 timet
2865 4067 3083 4137 impetu
3128 4065 3531 4130 tentationum,
3562 4070 3616 4117 et

1934 4167 2125 4215 tamen
2154 4156 2234 4214 ait
2263 4170 2275 4212 :
2309 4157 2453 4211 Eam
2484 4156 2907 4227 quodammodo
2928 4169 3179 4211 sororem
3211 4168 3325 4209 non
3357 4151 3620 4217 diffiteor,

122 4244 269 4299 citas
301 4257 408 4313 pro
438 4243 700 4300 fatuitate
731 4246 861 4315 poni
895 4245 1053 4314 solet,
1084 4246 1211 4313 etsi,
1242 4247 1457 4318 inquit,
1500 4248 1559 4303 in
1598 4248 1824 4304 hebetu-
1856 4248 1906 4302 D
1931 4247 2070 4305 dum
2092 4260 2164 4302 ex
2186 4245 2599 4315 diabolipatris
2629 4245 3039 4315 propagatione
3059 4243 3227 4314 quasi
3252 4240 3447 4310 Belial,
3470 4239 3623 4312 quod

125 4333 258 4389 dine
308 4332 517 4398 cordis,
567 4333 621 4388 id
649 4342 733 4390 est
758 4334 1015 4402 rationis,
1051 4334 1273 4391 incurri
1304 4350 1582 4404 errorem,
1634 4344 1825 4392 tamen

126 4421 413 4477 mundam
450 4429 502 4477 te
539 4429 802 4478 servante
836 4436 1078 4479 manum
1112 4422 1316 4491 habui,
1350 4438 1421 4479 ne
1464 4423 1521 4479 in
1571 4439 1824 4495 nequam

123 4524 499 4566 excurrerem
530 4510 937 4579 operationem.

198 4598 375 4655 Vsus.
411 4601 465 4665 6,
490 4600 545 4653 7.
584 4626 657 4640 —-
702 4601 963 4670 Dixitque
1008 4600 1083 4654 ad
1111 4616 1230 4655 eum
1271 4602 1530 4655 Dominus
1560 4616 1574 4654 ι
1621 4601 1701 4655 Et
1730 4616 1827 4673 ego

124 4689 233 4742 scio
256 4686 408 4756 quod
447 4688 688 4757 simplici
741 4688 898 4742 corde
922 4691 1138 4757 feceris,
1187 4695 1241 4744 et
1280 4689 1399 4744 ideo
1446 4689 1715 4744 custodivi
1756 4696 1823 4757 te,

124 4792 191 4831 ne
226 4790 483 4846 peccares
520 4778 577 4830 in
617 4792 718 4843 me,
759 4781 811 4831 et
857 4793 963 4832 non
1019 4777 1228 4845 dimisi,
1282 4783 1342 4833 ut
1394 4782 1639 4846 tangeres
1686 4794 1824 4832 eam.

122 4866 282 4921 Nunc
329 4866 504 4933 igitur
569 4864 733 4919 redde
786 4880 1007 4921 uxorem
1060 4868 1180 4921 viro
1213 4882 1330 4933 suo,
1380 4868 1511 4935 quia
1560 4867 1829 4935 propheta

124 4959 222 5017 est,
266 4959 321 5008 et
347 4953 531 5007 orabit
557 4969 659 5022 pro
692 4959 754 5015 te,
789 4959 840 5008 et
884 4956 1050 5009 vives.
1101 4955 1164 5011 Si
1212 4959 1392 5009 autem
1420 4955 1659 5009 nolueris
1704 4955 1828 5009 red-

127 5041 273 5106 dere,
315 5045 453 5095 scito
481 5041 627 5110 quod
649 5046 818 5096 morte
862 5044 1129 5110 morieris,
1164 5047 1222 5096 tu
1250 5047 1301 5097 et
1343 5044 1526 5095 omnia
1567 5057 1687 5111 qua
1734 5047 1829 5097 tua

126 5137 271 5185 sunt.
316 5130 483 5197 Quia,
511 5129 716 5199 inquit,
763 5144 934 5186 carus
975 5130 1328 5199 infirmitate,
1362 5137 1419 5186 et
1449 5130 1706 5186 humana
1740 5131 1827 5186 fa-

130 5220 336 5275 tuitate
374 5218 643 5289 peccasti,
694 5218 963 5273 custodivi
995 5223 1065 5283 te,
1124 5234 1197 5274 ne
1227 5218 1286 5273 in
1317 5232 1464 5288 opus
1490 5219 1827 5288 excederes;

129 5308 406 5379 superbia
427 5306 583 5365 enim
616 5307 986 5376 peccantibus
1026 5314 1081 5364 et
1119 5307 1363 5364 scienter
1392 5314 1601 5378 puteus
1643 5307 1829 5364 ruina

134 5404 303 5466 patet,
337 5396 438 5453 sed
471 5395 681 5452 marito
724 5395 1036 5453 intellectui
1083 5396 1397 5453 voluntatis
1437 5410 1601 5467 vaga
1649 5396 1831 5452 subde

133 5484 434 5552 cervicem,
466 5485 603 5553 quia
618 5484 887 5554 propheta
918 5488 1017 5549 est,
1042 5482 1099 5539 id
1122 5491 1205 5541 est
1224 5483 1560 5554 providendi
1590 5484 1829 5540 interna

1932 4343 2015 4392 est
2043 4334 2441 4405 absquejugo,
2478 4333 2714 4389 liberam
2743 4332 3094 4388 voluntatem
3115 4332 3277 4388 abire
3298 4330 3500 4401 patior,
3528 4328 3625 4384 sed

1931 4438 2049 4480 non
2079 4423 2196 4478 filia
2217 4422 2417 4477 matris
2459 4436 2597 4477 mea
2641 4428 2869 4477 aeterna
2901 4420 3193 4490 sapientia
3226 4427 3330 4487 est,
3375 4433 3447 4475 ex
3497 4431 3618 4488 qua

1932 4510 2156 4582 suscepi
2190 4524 2452 4577 uxorem,
2485 4512 2657 4581 cujus
2712 4510 2915 4581 utique
2948 4509 3255 4581 originalia
3283 4509 3627 4564 documenta

1932 4600 2171 4657 tradunt
2202 4614 2290 4655 me
2326 4599 2478 4655 hanc
2514 4614 2629 4654 non
2664 4607 2728 4654 ut
2770 4614 2986 4668 parem,
3040 4607 3144 4653 aut
3179 4596 3496 4663 dominam,
3526 4594 3623 4650 sed

1932 4690 2144 4746 habere
2191 4688 2437 4744 maritali
2488 4687 2790 4743 severitate
2839 4687 3044 4743 debere
3093 4695 3156 4742 ut
3187 4686 3512 4758 conjugem.
3558 4712 3626 4723 —

2005 4777 2198 4847 (Vnus.
2264 4775 2370 4846 f3.)
2430 4777 2722 4843 Postquam
2775 4781 2953 4829 autem
2997 4774 3189 4828 eduxit
3236 4789 3318 4827 me
3371 4775 3507 4827 Deus
3562 4771 3628 4825 de

1935 4866 2088 4920 domo
2116 4867 2297 4934 patris
2317 4866 2440 4929 mei,
2467 4864 2595 4918 dixi
2617 4864 2691 4916 ad
2710 4878 2827 4917 eam
2854 4880 2867 4916 :
2898 4865 3048 4917 Hanc
3076 4865 3243 4927 facies
3273 4876 3476 4915 mecum
3523 4862 3628 4913 mi-

1933 4955 2309 5019 sericordiam,
2341 4956 2399 5007 in
2428 4954 2575 5007 omni
2618 4954 2727 5007 loco
2758 4952 2833 5006 ad
2862 4967 3018 5021 quem
3045 4950 3434 5017 ingrediemur,
3481 4949 3626 5003 dices

1935 5042 2079 5113 quod
2105 5044 2284 5108 frater
2317 5046 2440 5096 tuus
2456 5042 2577 5096 sim.
2608 5043 2683 5096 De
2711 5040 2864 5095 domo
2890 5042 3069 5110 patris
3092 5038 3268 5094 nostri
3299 5038 3623 5105 educimur,

1934 5128 2168 5201 quando
2197 5128 2265 5184 de
2293 5128 2663 5194 conscientia,
2699 5142 2831 5198 qua
2860 5127 3009 5198 patri
3041 5126 3267 5184 diabolo
3297 5126 3627 5183 conforma-

1936 5218 2109 5274 hatur
2156 5232 2257 5287 per
2302 5217 2719 5274 confessionem
2789 5216 3153 5288 egredimur;
3207 5215 3458 5272 dicimus
3492 5229 3627 5271 vero

1935 5313 2143 5363 nostra
2171 5306 2449 5363 voluntati
2500 5314 2565 5362 ut
2611 5306 2912 5363 nobiscum
2962 5305 3133 5361 faciat
3175 5305 3626 5369 misericordiam,

1936 5409 2070 5451 cum
2090 5395 2255 5465 quasi
2279 5394 2671 5450 ratiocinando
2696 5392 2803 5450 sibi
2822 5394 3189 5465 suggerimus
3220 5400 3280 5447 ut
3312 5406 3427 5447 non
3459 5390 3631 5445 nimis

1937 5484 2179 5539 arduam
2224 5482 2468 5552 arripiat
2520 5480 2752 5539 vivendi
2794 5482 3078 5553 regulam,
3125 5481 3278 5538 unde
3329 5479 3401 5534 ad
3441 5478 3630 5535 locum
