3902 6054
332 208 426 259 159
1172 204 1241 257 ν.
1305 202 1636 257 GUIBEBTI
1692 202 1982 256 ABBATIS
2028 202 2082 255 S.
2144 201 2380 256 MABUE
2438 201 2528 256 DE

2587 199 2976 256 NOVIGENTO
3718 202 3737 252 1
3750 201 3826 253 60

322 340 534 396 dicitur
555 339 799 411 ingredi,
832 340 972 409 quia
990 352 1122 394 cum
1147 338 1503 408 propositum
1534 337 1721 394 tenuis
1769 336 2017 406 alicujus
2052 338 2098 391 A
2128 338 2447 408 petulantia
2493 339 2644 395 Deus
2690 344 2874 404 sanat,
2925 351 3057 393 cum
3111 336 3401 407 appetitus
3445 344 3500 393 et
3546 336 3827 393 lascivias
3882 336 3883 411 ξ

321 430 454 486 vita
474 444 636 485 mens
667 428 942 499 languida
970 427 1202 496 caperit
1228 426 1485 497 aggredi,
1514 427 1635 482 sine
1667 426 1782 482 ullo
1811 426 2015 482 melio-

322 518 490 574 randi
546 515 841 582 desiderio,
887 529 953 571 ac
1000 515 1045 570 si
1099 515 1351 571 localiter
1400 515 1551 570 intra
1590 515 1838 585 idipsum
1888 515 2015 571 vult

322 606 619 671 contineri,
668 612 724 660 et
772 603 903 659 inde
944 603 1192 673 turpiter
1220 603 1430 658 nolenti
1470 602 1740 672 prolicere
1785 601 2014 658 contin-

322 693 404 765 git
428 707 573 762 sape
609 692 786 748 relabi
819 709 832 746 :
886 691 1339 747 misericordiam
1372 691 1566 761 itaque
1609 691 1840 760 prabet,
1880 705 2013 746 cum

319 787 420 837 80
445 781 696 836 remissa
723 780 931 835 rationi
962 772 1235 835 voluntas
1262 779 1433 834 favet.

390 870 560 926 νεεδ.
596 871 680 936 14,
723 871 804 923 l5.
827 898 895 908 —-
921 869 1071 922 Tulit
1092 870 1265 935 igitur
1288 873 1321 922 Α
1337 868 1587 921 bimelech
1617 882 1736 921 oves
1760 873 1812 921 et
1837 867 2012 934 boves,

317 973 495 1012 servos
525 963 575 1011 et
625 958 878 1021 ancillas,
941 962 991 1010 et
1039 956 1190 1010 dedit
1221 955 1503 1010 Abraham
1538 971 1550 1009 :
1579 955 1929 1025 reddiditquc
1964 958 2015 1010 ei

318 1046 518 1101 Suram
543 1061 764 1100 uxorem
804 1061 981 1110 suam,
1031 1051 1081 1098 et
1125 1048 1206 1098 ait
1242 1059 1254 1098 :
1290 1048 1461 1099 Terra
1489 1060 1669 1098 corum
1705 1044 1856 1098 vobis
1894 1049 2008 1098 est:

316 1135 622 1203 ubicunque
650 1134 751 1187 tibi
776 1134 1047 1203 placuerit
1074 1133 1280 1186 habita.
1331 1132 1657 1187 Abimelech
1707 1132 1850 1188 tollit
1877 1146 2011 1187 cum

318 1223 523 1278 rationi
554 1221 768 1277 tollenti
802 1220 1066 1277 diabolus
1115 1220 1400 1289 superbia
1436 1218 1716 1286 incentor,
1766 1220 1855 1275 vel
1890 1221 2011 1290 ipsa

318 1311 590 1381 superbia
633 1324 749 1365 non
796 1308 1157 1375 contradicit,
1190 1308 1343 1363 unde
1384 1316 1467 1363 est
1502 1322 1515 1361 :
1569 1308 1637 1362 Et
1664 1311 1863 1362 vinclis
1893 1309 2010 1376 ejus

316 1414 421 1452 non
447 1401 662 1468 aperuit
682 1413 943 1452 carcerem
976 1396 1108 1467 (Isa.
1143 1411 1254 1461 xtv,
1294 1400 1404 1465 17),
1440 1396 1595 1466 quod
1624 1404 1727 1463 est,
1777 1396 2006 1453 clausit.

319 1488 485 1543 Ratio
530 1496 724 1542 autem
781 1502 904 1542 oves
956 1486 1119 1553 tollit,
1180 1500 1311 1541 cum
1345 1485 1418 1541 ab
1474 1485 1787 1541 intentione
1823 1485 2009 1555 adipi-

313 1575 506 1631 scendi
532 1574 763 1631 honoris
802 1573 1199 1644 impendenda
1244 1572 1518 1628 beneficia
1563 1572 1862 1628 charitatis
1879 1587 2010 1643 qua

315 1664 498 1734 operit
533 1663 961 1719 multitudinem
1007 1669 1377 1731 peccatorum
1423 1663 1554 1727 (Jac.
1598 1676 1653 1727 v,
1696 1660 1809 1730 20),
1853 1661 2009 1731 quod

317 1765 421 1822 per
465 1752 752 1823 lanigeros
797 1764 1051 1821 congrue
1094 1749 1430 1820 designatur
1476 1763 1698 1821 greges,
1749 1749 2012 1805 funditus

318 1839 634 1895 abstrahit:
689 1840 841 1894 boves
863 1853 998 1894 vero
1044 1837 1384 1894 exercitium
1428 1837 1869 1907 pradicationis,
1902 1852 2012 1892 ser-

316 1943 408 1983 vos
433 1933 484 1982 et
515 1927 748 1981 ancillas
786 1927 956 1982 fortes
985 1926 1230 1982 dicimus
1252 1934 1307 1982 et
1346 1926 1623 1993 infirmas,
1664 1932 1719 1981 et
1761 1927 1835 1981 ad
1899 1941 2010 1983 sa-

316 2015 515 2071 culum
541 2029 751 2085 pronas
791 2014 1203 2070 sollicitudines
1249 2013 1631 2084 cogitationis,
1665 2013 1823 2069 aliud
1852 2027 2011 2069 nam-

318 2117 432 2175 que
459 2103 731 2159 violentia
755 2117 1081 2172 possumus,
1118 2102 1275 2158 aliud
1304 2101 1497 2172 fragili
1552 2101 1871 2157 adulationi
1914 2102 2009 2157 in-

316 2192 616 2249 serviendo
636 2199 954 2247 tractamus
988 2206 1000 2245 :
1039 2191 1161 2247 hac
1188 2191 1427 2245 Abrahae
1465 2190 1581 2258 dat,
1617 2205 1748 2246 cum
1798 2190 2010 2246 habere

314 2280 595 2336 volentem
631 2280 893 2349 spiritum
916 2279 1036 2350 jam
1080 2293 1194 2335 non
1225 2279 1557 2350 impugnat;
1597 2293 1841 2335 uxorem
1873 2279 2008 2334 red-

315 2365 416 2433 dit,
465 2380 598 2422 cum
636 2367 709 2422 ab
757 2366 941 2437 ipsius
982 2367 1299 2422 voluntatis
1365 2366 1681 2423 irritatione
1727 2366 2003 2437 quiescit:

317 2459 484 2521 terra,
522 2455 732 2525 inquit,
782 2461 861 2510 est
904 2472 1085 2509 coram
1122 2455 1292 2522 vobis,
1326 2454 1383 2510 id
1424 2463 1506 2511 est
1541 2454 1902 2511 conscientia
1932 2454 2005 2509 li-

317 2542 509 2598 bertas
538 2542 742 2599 vestris
771 2544 1020 2613 suppetit
1048 2543 1322 2609 arbitriis,
1358 2543 1415 2598 in
1448 2558 1564 2613 quo
1596 2543 1698 2599 tibi
1728 2542 2009 2613 placuerit

320 2630 638 2686 sanctitatis
675 2632 962 2701 proposito
991 2645 1350 2699 conversare,
1383 2639 1438 2688 et
1468 2631 1683 2687 habita.

384 2720 556 2775 Vsus.
594 2722 678 2786 16,
732 2724 816 2787 l7,
852 2723 937 2775 18.
988 2749 1060 2761 -
1088 2721 1239 2776 Sara
1268 2726 1447 2775 autem
1477 2720 1627 2775 dixit
1660 2737 1673 2774 :
1717 2723 1850 2776 Ecce
1877 2719 2008 2774 dedi

310 2808 458 2862 mille
485 2813 765 2875 argenteo:
782 2810 957 2874 fratri
987 2813 1095 2873 tuo,
1137 2810 1232 2862 hoc
1278 2810 1351 2862 sit
1384 2809 1487 2862 tibi
1515 2812 1572 2861 in
1610 2809 1850 2862 velamen
1880 2824 2004 2862 ocu-

2122 427 2400 483 animales
2427 427 2499 483 ad
2547 427 2735 497 potius
2781 426 2841 481 in
2872 441 2931 481 se
2960 425 3362 481 delectandum
3419 433 3719 489 convocat,
3753 433 3815 480 et

2123 517 2377 586 pariunt,
2401 515 2539 571 dum
2559 530 2812 571 amorem
2837 515 2978 569 bene
2998 514 3202 585 agendi
3239 513 3602 585 concipiunt;
3632 528 3824 584 quan-

2124 603 2226 658 diu
2256 618 2510 673 namque
2543 604 2810 659 voluntas
2835 617 2936 673 per
2964 602 3243 658 desideria
3274 602 3599 658 adulterina
3615 603 3827 658 distra-

2124 691 2302 759 hitur,
2353 692 2532 747 vulva
2577 692 2800 757 domus,
2845 691 2901 746 id
2949 698 3034 746 est
3085 691 3445 747 conscientia
3501 690 3696 747 aditus
3744 691 3823 746 ad

2123 780 2306 835 divini
2335 779 2565 836 seminis
2594 780 2898 835 tenendam
2926 780 3265 835 obstruitur.

2749 868 2980 923 CAPUT
3034 866 3187 922 XXI.

2199 956 2362 1012 Vens.
2397 960 2443 1023 l,
2477 960 2530 1022 2,
2564 956 2617 1021 3,
2652 957 2703 1022 4,
2730 958 2781 1008 5.
2819 987 2874 995 -
2924 958 3182 1011 Visitavit
3211 959 3391 1009 autem
3427 959 3558 1009 Deus
3588 956 3817 1022 Suram,

2120 1048 2259 1100 sicut
2289 1048 2632 1116 promiserat,
2665 1050 2716 1099 et
2747 1046 2990 1115 implevit
3021 1061 3139 1113 qua
3169 1046 3374 1099 locutus
3405 1050 3501 1098 est.
3536 1046 3823 1115 Concepit-

2121 1151 2244 1205 que,
2290 1139 2341 1188 et
2390 1137 2600 1203 peperit
2650 1134 2829 1196 ﬁlium
2868 1137 2927 1203 in
2970 1138 3234 1187 senectute
3261 1149 3384 1199 sua,
3447 1137 3680 1201 tempore
3710 1149 3821 1201 quo

2120 1224 2457 1292 praedixerat
2495 1225 2546 1276 ci
2594 1225 2750 1276 Deus.
2787 1223 3120 1290 Vocavilque
3158 1221 3441 1275 Abraham
3492 1237 3680 1275 nomen
3709 1221 3822 1290 ﬁlii

2119 1314 2227 1377 sui,
2259 1328 2413 1380 quem
2442 1314 2629 1379 genuit
2674 1312 2723 1364 ei
2759 1311 2925 1372 Sara,
2978 1311 3155 1377 Isaac,
3209 1315 3262 1363 et
3304 1309 3649 1363 circumcidit
3693 1325 3819 1363 eum

2119 1405 2304 1454 octavo
2352 1400 2460 1461 die,
2502 1416 2621 1453 cum
2667 1404 2875 1452 centum
2932 1403 3065 1452 esset
3108 1413 3411 1462 (annorum;
3463 1399 3563 1451 hac
3610 1400 3820 1468 quippe

2118 1493 2276 1543 atate
2298 1491 2485 1557 patris
2510 1494 2673 1542 natus
2693 1491 2773 1541 est
2803 1489 2985 1541 Isaac.
3029 1486 3282 1540 Tandem
3316 1486 3495 1556 igitur
3521 1494 3645 1555 post
3694 1485 3821 1541 hac

2118 1576 2475 1632 voluntatem
2510 1575 2677 1631 victis
2706 1575 3114 1644 undecumque
3146 1574 3417 1630 vitiorum
3468 1572 3821 1642 impulsibus

2121 1665 2270 1721 Deus
2311 1665 2522 1732 visitat,
2565 1665 2665 1735 qui
2697 1663 2946 1719 vincenti
2974 1664 3325 1719 sedaturuni
3346 1661 3527 1717 edere
3556 1661 3624 1715 de
3654 1660 3820 1731 ligno

2121 1753 2250 1809 vita
2279 1754 2662 1824 spoponderat
2703 1755 2894 1823 (Apoc.
2928 1768 2989 1818 ll,
3022 1754 3100 1819 7).
3143 1755 3494 1820 Conceptum
3525 1748 3820 1819 spirituali

2118 1842 2397 1898 desiderio
2447 1842 2629 1897 tilium
2682 1841 2852 1910 parit,
2889 1855 3023 1896 cum
3071 1848 3282 1895 certam
3323 1852 3478 1908 spem
3527 1851 3599 1893 ex
3629 1837 3818 1891 nimio

2119 1931 2326 1987 mentis
2378 1931 2596 1987 fervore
2642 1930 2901 1986 resumit.
2946 1929 3117 1985 Filios
3168 1942 3422 1998 namque
3450 1927 3521 1983 ob
3564 1926 3816 1996 posteri-
3882 1932 3883 1967 Ξ

2119 2026 2311 2086 tatem,
2370 2026 2426 2075 et
2471 2019 2649 2074 nostri
2716 2032 2849 2074 cum
2899 2016 3261 2073 senuerimus
3316 2014 3817 2081 sustentationem,

2118 2122 2246 2178 spes
2275 2116 2500 2164 nostras
2544 2121 2752 2163 vocare
2798 2106 3062 2162 solemus.
3113 2105 3275 2162 Hanc
3294 2112 3507 2160 certam
3538 2104 3660 2158 sine
3696 2102 3819 2159 ullo

2111 2197 2230 2268 jam
2290 2197 2506 2266 peccati
2573 2195 2848 2265 scrupulo
2895 2208 3050 2264 spem
3104 2193 3308 2249 beatus
3355 2200 3632 2262 expertus
3690 2199 3820 2246 erat

2117 2284 2425 2350 Antonius,
2470 2284 2572 2355 qui
2612 2284 2733 2339 ait:
2772 2305 2792 2331 ε
2830 2283 2952 2355 Ego
2976 2283 3095 2352 jam
3130 2297 3244 2337 non
3278 2282 3446 2337 timeo
3474 2280 3677 2346 Deum,
3715 2280 3817 2334 sed

2116 2389 2246 2430 amo
2279 2388 2291 2427 :
2333 2394 2354 2421 ι
2391 2380 2446 2428 et
2474 2373 2628 2429 hunc
2671 2372 2826 2442 parit
2854 2372 2914 2426 in
2949 2378 3259 2437 senectute,
3293 2370 3349 2424 id
3398 2376 3482 2425 est
3526 2369 3818 2423 exhausta

2114 2463 2268 2518 omni
2296 2461 2539 2532 juvenili
2584 2459 3053 2531 prasumptione.
3103 2468 3157 2515 et
3187 2458 3521 2515 circumsita
3551 2457 3804 2519 dierum,

2110 2550 2164 2605 id
2188 2557 2272 2605 est
2296 2550 2579 2605 virtutum
2610 2548 2948 2604 multimoda
2970 2547 3114 2615 luce,
3135 2555 3191 2602 et
3217 2561 3333 2617 quo
3357 2546 3506 2601 Deus
3527 2544 3814 2614 pradixe-
3882 2586 3883 2591 η

2114 2645 2204 2694 rat
2248 2645 2517 2707 tempore,
2577 2636 2774 2692 eadem
2824 2636 3041 2691 scilicet
3090 2650 3208 2705 qua
3260 2649 3416 2703 spem
3450 2631 3813 2703 perfectionis

2113 2726 2438 2782 obtinenda
2488 2732 2879 2794 assumpserat
2914 2723 3014 2780 Dei
3064 2722 3563 2793 contemplatione.
3636 2721 3691 2776 Is
3738 2719 3814 2774 ab
3881 2719 3883 2773 Ι

2116 2814 2431 2880 Abraham,
2457 2814 2529 2868 ab
2553 2814 2675 2883 ipso
2696 2812 2958 2868 videlicet
2979 2811 3243 2868 rationali
3265 2810 3528 2867 contuitu
3547 2815 3813 2869 vocatur,

315 2896 488 2949 lorum
520 2895 594 2949 ad
624 2911 801 2949 omnes
834 2899 931 2964 qui
955 2901 1125 2950 tecum
1158 2901 1304 2963 sunt,
1333 2902 1383 2950 ct
1408 2912 1722 2965 quocunque
1747 2912 2001 2966 perrcae-
2044 2928 2084 2984 ρ
2115 2902 2170 2957 id
2202 2909 2287 2957 est
2316 2901 2620 2957 discretive
2651 2900 2993 2971 intelligitur
3041 2900 3221 2966 Isaac,
3279 2898 3433 2968 quod
3462 2904 3545 2953 est
3574 2900 3719 2951 risus
3748 2902 3806 2950 et

244 3046 251 3053 ,
312 2986 409 3038 ris.
482 2990 737 3038 memento
797 2991 846 3038 te
915 3001 1027 3040 esse
1082 2985 1486 3054 deprehensam.
1569 2986 1770 3041 Orante
1824 2991 2004 3047 autem

314 3072 616 3141 Abraham,
679 3076 897 3128 sanavit
951 3074 1097 3128 Deus
1151 3074 1480 3139 Abimelech,
1535 3079 1586 3128 et
1646 3089 1896 3139 umorem,
1954 3079 2004 3128 et

313 3162 543 3216 ancillas
597 3162 735 3230 eius,
793 3168 843 3215 et
888 3166 1228 3231 pepererunt.
1292 3163 1636 3219 Concluserat
1679 3165 1821 3216 enim
1865 3166 2004 3217 Deus

312 3265 517 3304 omnem
560 3252 779 3305 vulvam
811 3250 999 3305 domus
1046 3252 1354 3306 Abimelech
1382 3257 1608 3322 propter
1634 3251 1830 3306 Suram
1875 3267 2009 3307 umo-

313 3353 424 3391 rem
475 3339 777 3393 Abraham.
833 3339 1160 3395 Abimelech
1211 3339 1364 3395 Sara
1408 3338 1575 3406 dixit,
1624 3353 1757 3396 cum
1803 3353 1838 3394 a
1901 3352 2006 3395 suo

312 3425 529 3496 impetu
554 3441 803 3495 cessans,
837 3441 969 3498 qua
1023 3427 1284 3498 subjecta
1311 3435 1447 3483 sunt
1479 3441 1578 3497 per
1600 3428 1851 3496 {effectus
1879 3427 2006 3484 evi-

310 3514 561 3570 dentiam
593 3515 787 3572 videre
818 3515 1110 3586 permisit:
1145 3517 1302 3572 Heus
1351 3524 1433 3584 tu,
1469 3516 1679 3587 inquit,
1714 3517 2003 3584 voluntas,

311 3602 464 3659 mille
493 3612 792 3676 argenteos
822 3604 986 3661 fratri
1037 3612 1136 3661 tuo
1166 3605 1315 3673 dedi,
1351 3605 1404 3661 id
1426 3613 1510 3662 est
1541 3605 1613 3662 ab
1641 3606 1794 3661 omni
1823 3605 2006 3677 [cupi—

313 3691 507 3747 ditatis
526 3693 891 3764 suggestione
909 3694 1227 3765 quiescens,
1265 3694 1437 3750 totius
1459 3702 1697 3751 terrena
1719 3694 2008 3750 facultatis

311 3780 647 3850 abjicienda
678 3782 899 3851 copiam
932 3797 1046 3838 non
1081 3784 1261 3838 abnui
1293 3782 1395 3837 tibi
1425 3784 1781 3853 germanitus
1804 3783 2007 3853 juncto

315 3866 647 3936 intellectui,
680 3884 813 3938 qua
839 3870 1267 3927 abrenuntiatio
1297 3886 1410 3926 non
1444 3880 1556 3926 tam
1586 3872 1753 3927 modo
1786 3887 2003 3941 rerum,

315 3968 493 4024 quam
536 3956 917 4026 cupiditatum
959 3958 1018 4013 in
1050 3959 1349 4014 munimen
1378 3959 1488 4014 erit
1531 3958 1633 4014 tibi
1681 3959 2003 4027 oculorum,

313 4041 692 4100 intentionum
715 4044 928 4101 scilicet
961 4053 1213 4111 tuarum,
1243 4054 1308 4102 ut
1329 4060 1443 4101 non
1467 4053 1785 4117 graventur
1800 4048 2009 4117 pituita

290 4138 608 4197 ‘curarum,
640 4140 705 4187 ut
725 4147 922 4189 omnes
952 4134 1053 4203 qui
1079 4142 1265 4189 tecum
1286 4142 1442 4199 sunt,
1475 4134 1787 4191 rationales
1805 4135 2007 4206 utique

2118 2990 2421 3062 gaudium,
2451 2990 2603 3060 quod
2639 3004 2739 3059 per
2765 2988 2881 3058 spei
2910 2988 3125 3043 donum
3165 2986 3256 3042 hic
3303 2987 3424 3057 jam
3465 2983 3812 3053 intelligitur

2116 3078 2174 3133 in
2217 3079 2477 3148 pignore,
2509 3091 2581 3133 ex
2610 3091 2725 3147 quo
2775 3076 2942 3132 nobis
2988 3075 3272 3130 astruitur
3309 3087 3412 3129 nos
3461 3072 3609 3127 idem
3642 3071 3817 3140 longe

2113 3174 2305 3222 tamen
2356 3165 2707 3222 ineﬂabilius
2745 3171 3081 3233 accepturos
3129 3163 3185 3217 in
3235 3177 3314 3218 re.
3360 3162 3529 3216 Hunc
3559 3158 3811 3228 denique

2112 3254 2581 3309 circumcidimus
2628 3238 2832 3309 octava
2880 3251 2988 3319 die,
3023 3251 3163 3321 quia
3197 3247 3659 3306 intellectualiter
3686 3244 3811 3300 col-

2113 3342 2349 3414 ligimus
2405 3355 2508 3397 nos
2561 3341 2633 3396 ad
2688 3340 2981 3411 integrum
3053 3338 3495 3408 passibilitatum
3567 3334 3811 3391 miseriis

2111 3429 2407 3485 exnendos
2437 3427 2797 3483 solummodo
2843 3427 2903 3481 in
2934 3425 3370 3482 resurrectione.
3424 3426 3646 3480 Centum
3701 3438 3810 3475 an-

2112 3534 2305 3572 norum
2351 3517 2405 3572 id
2444 3517 2693 3588 agimus,
2728 3530 2861 3571 cum
2914 3515 2982 3570 de
3008 3513 3238 3569 sinistra
3278 3511 3571 3582 praesentis
3611 3509 3807 3565 saeculi

2112 3605 2359 3676 expediti
2398 3604 2716 3674 pravolare
2747 3603 3045 3659 studemus
3101 3602 3174 3658 ad
3221 3615 3472 3657 amorem
3521 3612 3801 3670 spemque
3882 3628 3883 3633 η

2113 3694 2316 3762 futuri,
2359 3693 2513 3764 quod
2561 3700 2646 3749 est
2682 3692 2741 3747 in
2793 3692 3089 3749 dexteram
3136 3689 3500 3759 transpositio
3552 3686 3804 3743 numeri.

2114 3784 2233 3840 Hac
2278 3790 2444 3838 atate
2476 3782 2768 3837 Abraham
2818 3779 3220 3836 intellectualis
3266 3777 3524 3833 nascitur
3565 3776 3809 3831 materia

2114 3871 2311 3943 gaudii
2341 3869 2678 3941 spiritualis,
2704 3877 2843 3925 atas
2862 3883 2997 3925 vero
3027 3867 3106 3923 nil
3134 3867 3292 3923 aliud
3323 3880 3499 3937 quam
3521 3863 3809 3934 provectio

2114 3967 2200 4015 est
2231 3958 2571 4014 sanctitatis.

2184 4048 2356 4103 Vnus.
2382 4050 2435 4113 6,
2467 4052 2521 4100 7.
2557 4075 2629 4087 —
2654 4048 2860 4113 Risum,
2888 4047 3071 4114 inquit
3101 4045 3285 4110 Sarai,
3310 4043 3452 4096 mihi
3478 4043 3610 4108 fecit
3627 4041 3802 4096 Deus:

2115 4139 2419 4208 quicunque
2474 4136 2735 4201 audierit,
2785 4133 3077 4189 corridebit
3114 4133 3270 4187 mihi.
3304 4134 3644 4199 Rursumque
3672 4131 3753 4182 ait
3789 4145 3803 4182 :

312 4217 394 4274 tui
450 4226 659 4287 motus,
711 4235 813 4276 seu
859 4220 1144 4277 virtutum
1193 4221 1405 4289 studia,
1457 4237 1587 4293 qua
1628 4223 1796 4279 nobis
1841 4238 1910 4279 ac
1957 4224 2002 4279 si
2044 4225 2088 4278 D
2119 4227 2249 4294 (mis
2278 4224 2600 4279 auditurum
2629 4223 2864 4278 crederet
2891 4222 3196 4287 Abraham,
3228 4220 3373 4289 quod
3417 4220 3811 4275 Saralactaret

313 4306 551 4376 quidam
583 4307 892 4365 familiares
912 4309 1142 4377 adsunt,
1166 4310 1272 4366 hoc
1294 4311 1676 4367 immunitatis
1702 4319 2007 4384 contegan-

313 4403 411 4450 tur
431 4395 605 4465 asylo,
630 4396 702 4451 ad
724 4411 1093 4469 quacunque
1117 4398 1341 4468 pietatis
1374 4398 1662 4468 proposita
1688 4401 2007 4469 appetendo

312 4488 671 4553 processeris,
706 4492 762 4541 et
784 4485 912 4542 licet
940 4486 1001 4541 in
1027 4486 1266 4542 multam
1289 4486 1607 4542 sanctitatis
1636 4486 2007 4543 eminentiam

312 4571 627 4642 aliquando
654 4573 1000 4642 perveneris,
1034 4582 1225 4630 tamen
1266 4589 1300 4629 a
1345 4588 1471 4629 mea
1523 4574 1773 4646 regione,
1829 4589 2007 4645 quam

312 4660 484 4715 semel
514 4668 791 4730 expertus
818 4675 900 4729 es,
956 4669 1009 4717 te
1052 4675 1086 4716 a
1116 4662 1284 4719 modo
1323 4661 1601 4718 dirimens
1645 4664 1926 4733 superbia
1955 4671 2011 4720 te

314 4750 622 4820 voragines
642 4764 867 4821 semper
896 4749 1133 4806 irruisse
1152 4750 1499 4806 memineris.
1533 4751 1683 4807 Mille
1710 4760 2012 4823 argenteos

312 4850 415 4905 pro
441 4837 797 4906 plenitudine
829 4838 1002 4893 totius
1035 4845 1241 4893 terrna
1288 4837 1626 4894 substantia
1672 4838 2008 4907 accipimus,

312 4931 379 4981 ut
439 4933 543 4991 est,
605 4928 697 4979 Vir
748 4927 910 4995 affert
957 4941 1059 4995 pro
1119 4928 1309 4993 fructu
1363 4927 1480 4995 ejus
1526 4928 1674 4981 mille
1731 4932 2009 4994 argenteos

312 5013 493 5083 (Cant.
525 5028 646 5080 Viti,
694 5018 781 5084 ll)
817 5030 830 5068 :
866 5014 1192 5070 Abimelech
1219 5014 1335 5080 dat,
1370 5029 1502 5071 cum
1542 5030 1657 5071 non
1701 5016 2003 5073 disturbat.

315 5101 489 5156 Porro
508 5102 797 5157 Abraham
823 5116 923 5172 pro
952 5102 1275 5159 Abimelech
1295 5111 1441 5168 orat,
1463 5119 1716 5174 eumque
1732 5104 2011 5160 Dominus

313 5201 449 5243 cum
482 5202 663 5244 uxore
691 5197 747 5245 et
780 5189 1003 5245 ancillis
1028 5199 1214 5259 sanat,
1248 5206 1381 5248 cum
1412 5192 1648 5262 spiritus
1687 5200 1880 5248 noster
1908 5206 2009 5261 pro

316 5275 558 5331 incursu
589 5291 762 5346 quem
805 5277 983 5334 subiit
1034 5280 1336 5349 superbia,
1380 5281 1493 5335 Deo
1539 5280 1840 5349 supplicat,
1884 5280 2011 5351 ejus

319 5370 539 5418 motum
586 5378 718 5420 cum
752 5379 857 5421 sua
889 5380 1020 5436 qua
1067 5367 1171 5423 sibi
1206 5366 1351 5424 fade
1380 5381 1448 5423 ac
1495 5367 1849 5423 infructuose
1879 5368 2014 5424 sub-

318 5452 685 5510 sternebatur
709 5455 1195 5526 concupiscentia,
1246 5464 1302 5512 et
1349 5455 1612 5512 ancillari
1657 5470 1725 5513 ac
1785 5457 2014 5513 sordida

2109 4314 2312 4379 ﬁlium,
2343 4328 2499 4382 quem
2524 4315 2738 4382 peperit
2765 4311 2815 4365 ei
2833 4313 2955 4379 jam
2983 4314 3137 4365 seni?
3166 4314 3254 4363 ΘΙ
3293 4309 3320 4362 ⁴1
3331 4322 3450 4375 ure,
3485 4307 3583 4375 ait,
3613 4308 3691 4361 ita
3715 4320 3811 4362 vo-

2113 4403 2388 4465 caverim,
2424 4415 2556 4456 cum
2592 4401 2648 4454 in
2678 4401 2787 4456 hac
2814 4400 3057 4471 Egypto
3088 4397 3372 4465 maroris,
3417 4404 3473 4452 et
3520 4396 3812 4466 angustia

2116 4489 2257 4556 loco,
2286 4488 2485 4544 aterni
2517 4502 2605 4544 me
2645 4487 2843 4559 gaudii
2869 4487 2990 4557 jam
3021 4488 3173 4543 Deus
3198 4485 3391 4542 fecerit
3421 4484 3654 4540 habitus
3676 4498 3815 4552 pra-

2116 4583 2347 4647 gustare
2377 4575 2619 4631 futuros.
2649 4575 2994 4644 Quicunque
3048 4574 3316 4640 audierit,
3367 4573 3516 4628 idem
3547 4571 3814 4627 videlicet

2119 4663 2309 4734 palato
2341 4663 2527 4719 cordis
2555 4663 2831 4732 sapuerit,
2867 4662 3005 4718 meis
3036 4661 3235 4732 utique
3265 4660 3493 4733 gaudiis
3527 4673 3641 4714 non
3678 4658 3813 4715 ina-

2118 4752 2295 4808 nibus
2326 4753 2513 4822 ipsum
2536 4764 2907 4821 nequaquam
2940 4750 3270 4821 aggaudere
3294 4749 3523 4820 pigebit.
3552 4747 3705 4812 Quis,
3733 4750 3818 4803 ait

2119 4840 2344 4912 epinari
2377 4848 2562 4910 posset
2592 4840 2873 4896 rationem
2894 4840 3055 4896 illam
3082 4840 3139 4894 in
3156 4839 3372 4908 peccati
3397 4839 3530 4893 olim
3559 4836 3816 4892 ludibrio

2118 4927 2506 4998 prostitutam,
2540 4934 2656 4981 tam
2688 4927 2938 4982 coelestia
2982 4940 3179 4996 sapere
3211 4923 3481 4995 potuisse.
3512 4930 3566 4979 et
3610 4922 3817 4979 volun-

2117 5023 2313 5082 tatem,
2348 5030 2479 5085 qua
2531 5014 2916 5070 sensualitatis
2954 5014 3231 5071 uberibus
3282 5012 3446 5069 solita
3482 5018 3605 5067 erat
3636 5013 3812 5067 menti

2119 5105 2451 5161 ministrare
2492 5103 2749 5159 libidinis
2801 5104 3087 5175 cujusque
3137 5115 3446 5167 venenum,
3486 5099 3605 5169 jam
3656 5098 3814 5154 Scri-

2118 5200 2303 5261 ptura
2331 5191 2681 5248 candoribus
2707 5206 2773 5247 ac
2802 5192 2849 5247 si
2873 5193 3015 5247 lacte
3036 5189 3341 5260 purissimo
3373 5192 3660 5256 concepta
3690 5185 3812 5255 spei

2118 5280 2363 5336 educare
2386 5280 2754 5345 desiderium,
2805 5280 2961 5350 quod
3000 5279 3118 5349 jam
3152 5276 3381 5347 spiritui
3419 5290 3523 5330 suo
3552 5275 3625 5331 ab
3652 5275 3814 5329 omni

2121 5375 2361 5425 terrena
2391 5378 2672 5438 conceptu
2725 5367 2972 5424 levitatis
3023 5365 3188 5422 ell'eto
3240 5364 3479 5434 protulit
3537 5364 3629 5434 pia
3664 5362 3810 5429 sola,

2122 5456 2246 5514 sola
2276 5466 2474 5513 sancta
2501 5456 2765 5514 volendo.
