3902 6054
91 147 187 199 161

1311 146 1674 203 MORALIUM
1716 147 1786 203 IN
1825 148 2122 206 GENESIN
2164 150 2298 206 LIB.
2339 152 2427 206 VI.

3507 160 3605 213 162

160 283 350 339 Vnus.
381 286 435 337 8.
467 313 538 323 -
590 284 771 339 Crevit
801 284 989 351 itaque
1036 298 1191 351 puer,
1238 289 1289 338 et
1318 285 1626 339 ublactatus
1672 289 1751 339 est
1781 299 1794 339 :
1835 290 1881 342 A
1908 286 2130 340 errabat
2149 288 2208 341 in
2238 288 2531 342 solitudine
2563 288 2852 345 Bersabee.
2890 290 3400 363 SurgitAbraham
3427 310 3603 361 mane,

83 375 342 442 fecitque
380 374 662 427 Abraham
704 371 914 439 grande
964 374 1266 426 convivium
1293 376 1353 426 in
1418 373 1508 427 die
1557 374 1802 427 ablacta-

83 464 265 515 tionis
296 462 434 530 ejus.
470 462 595 517 Duo
643 461 832 515 virosa
874 468 1011 515 sunt
1050 460 1252 526 ubera,
1285 461 1501 530 quibus
1548 461 1805 531 pravitas

83 549 286 604 nostri
315 549 578 605 nutritur
613 546 873 615 affectus,
910 548 1259 604 sensualitas
1305 549 1689 618 corporalium
1725 549 1807 604 vi-

86 636 248 692 sioni
301 637 559 703 acclinis,
594 644 650 693 et
695 637 876 707 ipsius
924 636 1261 707 imaginatio
1308 637 1563 704 visionis,
1623 637 1805 693 multo

84 725 354 781 deterior
405 735 606 795 aperta
661 728 741 781 rei
796 724 1016 780 visione
1076 725 1407 795 praesentis;
1439 733 1575 782 sunt
1603 734 1655 782 et
1687 726 1804 782 duo

84 814 232 881 alia,
300 814 520 885 quibus
567 814 854 870 interioris
909 813 1159 870 hominis
1217 829 1406 885 usque
1441 815 1515 870 ad
1554 814 1804 871 solidum

83 908 525 970 promoventur
571 900 754 966 initia,
804 908 907 957 aut
959 901 1075 957 duo
1135 901 1349 958 scilicet
1418 903 1802 967 Testamenta,

82 996 193 1044 aut
227 989 484 1059 geminae
517 988 838 1045 dilectionis
865 997 1170 1060 praecepta,
1207 1004 1461 1061 quorum
1523 1006 1638 1047 usu
1663 991 1806 1048 dum

83 1078 428 1147 spiritualis
481 1079 641 1133 Isaac
698 1079 795 1148 pia
849 1078 1116 1134 coalescit
1161 1078 1425 1146 infantia,
1488 1094 1676 1149 usque
1731 1080 1805 1136 ad

87 1167 296 1236 ipsum
324 1181 530 1236 panem
554 1167 893 1238 angelorum
923 1182 1101 1237 quam
1128 1168 1314 1224 dulcis
1350 1176 1434 1223 est
1463 1168 1807 1238 sapiendum

85 1255 468 1325 provehitur,
519 1255 750 1310 sublata
782 1255 1072 1326 primaeva
1137 1256 1538 1312 teneritudinis
1578 1258 1803 1313 inertia.

89 1344 228 1399 Dies
272 1352 470 1399 autem
515 1344 913 1400 ablactationis
975 1344 1096 1413 ipsa
1122 1352 1206 1401 est
1234 1344 1444 1401 divinae
1496 1345 1806 1402 illustratio

87 1432 622 1501 contemplationis,
673 1433 771 1488 ubi
830 1433 893 1489 fit
945 1432 1083 1488 illud
1140 1431 1425 1489 ineﬂabile
1473 1434 1804 1490 convivium

88 1534 211 1574 non
242 1520 370 1589 jam
415 1519 778 1589 simplicitate
797 1521 974 1585 lactis,
1000 1521 1099 1576 sed
1128 1530 1417 1591 apparatu
1447 1522 1806 1592 sempiternae

84 1608 437 1677 soliditatis;
470 1615 657 1664 coenat
681 1609 835 1664 enim
856 1608 1464 1666 Dominus-nobiscum
1492 1617 1650 1673 tunc,
1678 1625 1803 1666 nos-

86 1710 211 1765 que
247 1710 386 1751 cum
420 1695 537 1752 illo.

163 1783 355 1840 Vsus.
405 1786 458 1850 9,
523 1786 608 1853 10,
646 1787 731 1838 11.
785 1773 851 1825 -ὲ
897 1786 1133 1856 Cumque
1178 1787 1407 1841 vidisset
1452 1788 1594 1843 Sara
1628 1787 1804 1855 filium

89 1875 266 1938 Agar
315 1872 605 1943 Egyptiz
656 1873 925 1929 ludentem
972 1890 1090 1928 cum
1119 1876 1296 1941 Isaac,
1339 1874 1489 1928 dixit
1516 1875 1591 1929 ad
1620 1875 1805 1929 Abra-

91 1961 275 2013 ham:
325 1961 488 2030 Ejice
535 1963 794 2015 ancillam
850 1967 902 2015 et
941 1963 1116 2030 ﬁlium
1157 1963 1310 2032 ejus;
1359 1979 1466 2016 non
1515 1966 1655 2017 enim
1703 1966 1805 2017 erit

92 2049 271 2102 lieres
304 2050 453 2116 ﬁlius
502 2051 716 2103 ancillae
743 2065 865 2104 cum
894 2052 1008 2118 ﬁlio
1045 2066 1158 2104 meo
1205 2052 1384 2106 Isaac.
1433 2053 1574 2105 Dure
1601 2054 1805 2121 accepit

92 2136 193 2190 hoc
223 2138 516 2191 Abraham
538 2153 639 2207 pro
667 2138 783 2196 ﬁlio
811 2153 927 2193 suo.
964 2139 1344 2209 Temporibus
1374 2146 1583 2195 nostrae
1628 2139 1804 2209 spiri-

95 2224 577 2281 tualis’infantiae
625 2227 892 2296 quandiu
923 2241 1069 2296 opus
1118 2228 1260 2283 lacte
1315 2228 1614 2294 habemus,
1650 2230 1807 2298 Agar

97 2313 380 2384 Egyptia
416 2314 602 2379 nobis,
646 2315 704 2370 id
733 2322 816 2370 est
869 2314 1089 2371 affectio
1116 2316 1413 2372 mundana
1442 2317 1802 2383 obversatur,

95 2416 235 2471 quae
271 2402 459 2458 filium
488 2402 680 2469 habet,
712 2402 853 2473 quia
877 2418 974 2472 spe
1010 2404 1209 2475 aliqua
1234 2404 1515 2460 mundiali
1546 2419 1659 2460 non
1704 2418 1805 2460 ca-

94 2499 185 2546 ret
219 2505 235 2544 :
272 2505 436 2560 spem
465 2499 658 2547 autem
691 2507 791 2562 per
836 2492 981 2548 ﬂlios
1006 2492 1213 2562 accipit
1260 2506 1411 2562 saepe
1440 2492 1714 2548 diximus.
1752 2494 1806 2548 Is

94 2593 233 2635 cum
286 2580 450 2635 Isaac
532 2579 699 2647 ludit,
751 2580 892 2651 quia
957 2580 1275 2651 spiritualis
1321 2580 1499 2637 nostri
1539 2581 1804 2637 desiderii

96 2668 350 2738 gloriam
384 2668 457 2723 ad
500 2668 724 2724 ludicra
764 2669 1078 2740 inaniaque
1130 2669 1395 2725 deﬂectit.
1444 2668 1546 2726 Sed
1593 2678 1806 2726 sancta:

96 2756 341 2812 libertas
381 2757 696 2813 voluntatis
747 2758 948 2814 nolens
1000 2758 1238 2827 spiritus
1267 2759 1548 2828 gaudium
1588 2759 1805 2814 annul-

1911 388 2043 430 cum
2088 376 2328 444 spiritus
2357 384 2551 432 noster
2596 392 2665 433 ex
2716 379 2916 436 divina
2964 384 3090 439 luce
3138 382 3212 437 ad
3257 383 3604 439 cohibendos

1913 462 2092 518 animi
2123 462 2325 518 ﬂuxus
2351 464 2598 533 erigitur
2637 481 2668 520 a
2704 470 2935 538 proprio
2964 478 3191 539 torpore
3226 484 3238 523 :
3283 469 3504 533 Panem,
3555 473 3605 522 et

1911 560 2068 618 aquae
2094 555 2269 604 utrem
2311 553 2548 620 scapulae
2596 555 2712 622 ejus
2764 557 3022 626 imponit,
3055 571 3187 612 cum
3238 556 3450 611 divina;
3477 556 3608 611 cha-

1912 637 2099 694 ritatis
2161 639 2375 708 pabulo
2410 648 2464 695 et
2521 642 2772 699 scientiae
2815 645 3087 701 salutaris
3138 651 3603 713 temperamento,

1913 740 2075 782 mens
2129 728 2439 783 mundana:
2494 727 2810 786 afl'ectionis
2839 733 3089 805 rigorem
3120 732 3288 803 quasi
3331 732 3476 802 jugo
3515 731 3607 787 de-

1914 815 2127 885 primit.
2181 817 2315 872 Uter
2361 831 2464 886 pro
2493 821 2870 888 temperantia
2910 837 3025 877 non
3052 822 3301 878 absurde
3348 821 3602 891 ponitur.

1913 904 2070 959 unde.
2097 912 2153 960 et
2184 905 2338 961 Deus
2378 906 2546 975 quasi
2580 907 2637 962 in
2684 915 2813 963 utre
2862 910 3126 965 statuisse
3154 909 3366 965 dicitur
3413 909 3606 979 bapti-

1912 992 2112 1049 smatis
2141 1007 2347 1063 aquas,
2370 996 2541 1064 cujus
2568 997 2812 1065 gratiam
2843 1011 2943 1066 pro
2991 997 3424 1067 suscipientium
3469 1010 3607 1052 cau-

1912 1081 1990 1136 sis
2014 1088 2068 1137 et
2099 1081 2311 1148 fundit,
2339 1089 2395 1138 et
2442 1083 2674 1153 retinet;
2724 1098 2879 1154 aqua
2911 1086 3228 1152 scientiam,
3261 1086 3424 1155 panis
3469 1085 3605 1140 cha-

1911 1169 2140 1225 ritatem
2168 1168 2385 1225 affatim
2413 1172 2645 1241 signare
2674 1171 2832 1228 solet.
2876 1176 3108 1228 Puerum
3139 1175 3332 1239 tradit,
3385 1188 3607 1240 eamque

1912 1257 2166 1326 dimittit,
2222 1258 2361 1313 dum
2418 1272 2549 1314 cum
2612 1260 2743 1315 totis
2819 1260 3121 1317 affectibus
3175 1275 3426 1331 nequam
3481 1274 3607 1329 spes

1912 1346 2083 1402 etiam
2136 1360 2400 1417 quasque
2456 1347 2693 1417 repellit.
2746 1351 2919 1405 Porro
2970 1349 3239 1405 recedens
3280 1362 3313 1403 a
3353 1348 3519 1404 nobis
3546 1351 3607 1402 in

1912 1435 2205 1489 solitudine
2232 1442 2406 1499 errat,
2448 1436 2584 1505 quia
2620 1436 2672 1490 in
2711 1445 2896 1492 mente
2937 1439 3057 1507 jam
3112 1437 3304 1500 unica,
3341 1444 3396 1491 et
3437 1450 3471 1490 a
3512 1449 3607 1489 ne-

1916 1522 2083 1593 gotiis
2114 1531 2331 1579 secreta
2362 1524 2485 1594 jam
2534 1524 2824 1593 appetitus
2868 1525 3120 1581 carnalis
3172 1532 3362 1589 nutat,
3414 1523 3604 1579 sedem

1913 1611 2124 1667 scilicet
2153 1611 2342 1667 cordis
2388 1627 2502 1668 non
2552 1612 2770 1667 habens
2819 1613 2878 1668 in
2917 1629 3033 1684 quo
3073 1614 3329 1669 localiter
3375 1612 3602 1680 requie-

1912 1706 2051 1754 scat.
2093 1699 2253 1755 Unde
2300 1715 2400 1769 per
2453 1701 2573 1756 loca
2603 1701 2903 1771 iuaquosa,
2941 1717 3040 1772 per
3087 1702 3263 1757 fortes
3311 1699 3491 1755 animi
3540 1701 3598 1754 in

1912 1802 2147 1858 quaque
2177 1788 2391 1844 virtute
2415 1797 2600 1845 status
2625 1790 2926 1845 ambulare
2962 1790 3245 1858 expulsus
3273 1789 3345 1845 ab
3374 1788 3606 1843 homine

1911 1876 2151 1944 spiritus
2194 1875 2404 1932 dicitur
2432 1878 2584 1941 (Luc.
2635 1892 2713 1943 xi,
2769 1877 2880 1947 24).
2928 1877 3206 1933 Bersabee
3260 1885 3453 1951 autem
3505 1891 3610 1944 pu-

1914 1968 2027 2017 teus
2059 1966 2375 2018 saturitatis
2431 1964 2870 2035 interpretatur;
2933 1980 3066 2020 nam
3127 1975 3356 2034 puteus,
3418 1963 3474 2019 id
3523 1970 3609 2020 est

1911 2050 2298 2120 cupiditatum
2377 2051 2738 2121 profunditas
2796 2061 3103 2123 postquam
3178 2054 3248 2108 ad
3333 2051 3607 2107 saturita-

1913 2146 2027 2195 tem
2077 2138 2289 2195 fastidii
2339 2142 2682 2209 pervenerit,
2747 2141 2918 2211 idque
2978 2156 3139 2197 mens
3214 2141 3634 2205 exhorruerit,-

1914 2236 2053 2284 tunc
2081 2229 2236 2298 apud
2282 2242 2340 2284 se
2368 2229 2488 2299 jam
2533 2228 2787 2285 solitaria
2828 2230 2970 2296 fieri,
3000 2231 3231 2300 Deoque
3263 2243 3469 2284 vacare
3508 2243 3606 2298 po-

1917 2315 2062 2371 terit.

1984 2401 2155 2457 Vnus.
2190 2406 2273 2471 15,
2318 2406 2395 2457 l6.
2432 2434 2492 2443 —
2527 2406 2761 2472 Cumque
2804 2410 3120 2474 consumpta
3164 2410 3300 2460 esset
3345 2404 3503 2473 faqua
3544 2405 3603 2457 in

1914 2495 2051 2557 utre,
2093 2491 2292 2559 abjecit
2333 2507 2565 2560 puerum
2605 2493 2790 2546 subter
2830 2508 2997 2546 unam
3053 2493 3318 2559 arborem,
3369 2507 3489 2562 qua:
3530 2491 3610 2544 ibi

1914 2584 2051 2633 erat.
2071 2581 2141 2633 Et
2160 2580 2319 2645 abiit,
2352 2581 2598 2648 seditque
2627 2596 2654 2634 e
2698 2583 2914 2649 regione
2932 2583 3146 2651 procul,
3185 2585 3451 2649 quantum
3506 2594 3605 2649 po-

1917 2673 2016 2722 test
2048 2684 2208 2723 arcus
2231 2669 2432 2737 jacere.
2486 2669 2866 2726 Consumitur
2903 2686 3051 2739 aqua
3080 2672 3138 2723 in
3167 2675 3307 2735 utre,
3352 2683 3485 2725 cum
3523 2676 3607 2723 at-

1914 2763 2190 2812 tenuatur
2227 2756 2314 2812 vis
2367 2757 2639 2823 scientiae,
2701 2767 2755 2814 et
2834 2757 3192 2814 discretionis
3272 2758 3329 2812 in
3387 2763 3606 2825 mente;

98 2845 230 2912 lari,
256 2844 621 2902 affectionem
671 2846 868 2902 saeculi
906 2860 1039 2902 cum
1069 2861 1168 2916 spe
1196 2860 1305 2902 sua
1334 2847 1572 2902 rationis
1598 2854 1805 2902 aucto-
1843 2879 1885 2935 Ο
1914 2842 2053 2897 solet
2084 2856 2334 2913 namque
2361 2844 2597 2913 quidam
2628 2851 2819 2899 motus
2855 2844 3022 2914 quasi
3077 2843 3507 2914 desperationis,
3556 2851 3611 2898 et

98 2934 293 3001 ritate,
330 2934 483 3003 quod
510 2941 596 2990 est
622 2934 933 3004 Abraham,
953 2935 1119 3005 jubet
1145 2934 1397 2991 excludi.
1434 2935 1586 2990 Dure
1616 2943 1807 2990 tamen

100 3021 248 3076 ratio
298 3022 529 3091 accipit,
573 3023 713 3093 quia
764 3023 867 3078 etsi
917 3023 1062 3079 velle
1111 3023 1217 3079 sibi
1267 3022 1510 3093 adjacet,
1560 3023 1808 3093 abjicere

100 3109 261 3179 quod
321 3110 523 3180 genuit
572 3110 823 3166 levitatis
870 3110 1202 3167 facultatem
1251 3124 1368 3165 non
1418 3110 1668 3175 invenit;
1709 3124 1809 3179 spe

102 3198 258 3253 enim
293 3200 399 3253 etsi
446 3197 591 3253 falsa
635 3198 980 3268 plerumque
1026 3199 1323 3254 trahitur:
1370 3199 1467 3254 sed
1523 3198 1676 3254 filius
1704 3211 1807 3253 an-

103 3284 245 3340 cillae
273 3283 412 3354 jure
441 3284 760 3356 projicitur,
785 3287 926 3356 quia
954 3287 1195 3343 caelestis
1225 3287 1408 3357 regni,
1433 3286 1492 3341 in
1520 3295 1808 3356 quantum

104 3385 230 3441 spes
264 3371 564 3427 ancillaris
589 3373 829 3428 descivit
858 3374 931 3429 ab
960 3372 1088 3444 ejus
1124 3387 1339 3440 amore,
1387 3373 1647 3429 mercede
1693 3374 1808 3428 mi-

104 3459 330 3514 nuitur.
360 3460 529 3516 Hunc
556 3474 694 3531 ergo
737 3461 1000 3532 cruciﬂgi
1017 3462 1191 3533 juxta
1221 3461 1557 3531 Apostolum
1592 3461 1809 3516 mundo

105 3556 329 3619 oportet
367 3547 520 3617 (Gal.
578 3563 654 3616 vx,
725 3549 837 3620 14),
909 3550 1009 3606 sed
1071 3550 1338 3619 primitus
1383 3549 1503 3619 ipse
1550 3550 1808 3605 mundus

106 3637 490 3708 crucifigatur
525 3638 728 3694 eidem.

171 3727 352 3783 Vsus.
418 3729 503 3792 l2,
564 3729 649 3781 13.
712 3756 783 3765 -ηε
838 3728 958 3781 Non
1014 3731 1156 3781 enim
1216 3729 1404 3799 inquit
1461 3729 1632 3797 Deus,
1708 3729 1812 3783 tibi

106 3830 361 3884 asperum
403 3814 661 3868 videatur
706 3830 874 3886 super
907 3830 1100 3885 puero,
1153 3822 1202 3870 et
1255 3833 1419 3886 super
1446 3819 1651 3871 ancilla
1691 3822 1805 3871 tua.

107 3904 301 3959 Omnia
336 3918 457 3971 quae
478 3903 581 3957 tibi
631 3903 839 3958 dixerit
871 3905 1032 3970 Sara,
1067 3905 1203 3959 audi
1247 3921 1425 3959 vocem
1475 3907 1614 3974 ejus,
1677 3908 1812 3974 quia

106 3995 157 4045 in
198 3993 361 4046 Isaac
412 3992 694 4046 vocabitur
736 3993 843 4046 tibi
889 4007 1085 4047 semen.
1139 3993 1244 4049 Sed
1272 3998 1323 4047 et
1372 3996 1547 4062 ﬁlium
1599 3995 1812 4048 ancillae

109 4081 318 4144 faciam
351 4080 407 4132 in
432 4085 640 4147 gentem
676 4095 953 4148 magnam,
1009 4083 1146 4150 quia
1176 4097 1350 4135 semen
1379 4087 1530 4135 tuum
1556 4086 1654 4135 est.
1688 4081 1810 4137 Etsi

1913 2944 1986 2986 ex
2014 2931 2209 2987 eadem
2268 2931 2662 3001 desperatione
2694 2932 2949 2987 defectus
2994 2932 3244 2987 suboriri
3302 2932 3360 2986 in
3391 2931 3604 2995 animo,

1917 3028 2217 3089 postquam
2262 3035 2393 3075 cum
2426 3033 2526 3089 spe
2556 3034 2663 3075 sua
2721 3021 2923 3090 repelli
2967 3022 3138 3090 cmpit
3176 3019 3470 3075 saecularis
3522 3019 3606 3074 af-

1914 3107 2100 3173 fectio,
2177 3108 2334 3178 Agar
2391 3107 2655 3162 videlicet
2701 3123 2835 3164 cum
2898 3108 3042 3169 lilio;
3098 3107 3340 3163 attendit
3406 3120 3611 3176 nempe

1915 3195 2308 3252 difficultatem
2380 3195 2692 3252 caelestium
2760 3197 3208 3266 sequendorum,
3267 3203 3321 3251 et
3379 3201 3612 3250 voretur

1915 3287 2168 3354 graviter
2216 3285 2520 3355 penuriam
2598 3292 2978 3341 terrenarum.
3043 3285 3267 3354 Abjecit
3327 3298 3464 3355 ergo
3510 3289 3610 3337 8'8

1916 3387 2163 3441 puerum
2191 3372 2390 3429 subter
2419 3386 2595 3428 unam
2628 3373 2914 3439 arborem,
2944 3387 3074 3427 cum
3129 3386 3287 3442 spem
3323 3372 3477 3441 ponit
3516 3370 3610 3425 in-

1915 3462 2145 3517 nitendo
2195 3476 2370 3531 super
2418 3461 2662 3531 potentis
2713 3461 2965 3531 alicujus
2997 3475 3318 3531 personam,
3356 3460 3490 3525 imo,
3550 3466 3614 3514 ut

1915 3563 2232 3619 sequamur
2260 3549 2583 3615 historiam,
2633 3548 2841 3619 abjecit
2882 3563 2981 3618 per
3010 3549 3352 3618 apostasiam
3406 3547 3608 3616 primas

1916 3638 2080 3693 bonae
2127 3637 2443 3693 voluntatis
2499 3637 2732 3702 scilicet,
2764 3650 2831 3692 ac
2873 3637 2918 3691 si
2971 3636 3308 3702 furibunda,
3348 3644 3404 3690 et
3434 3649 3468 3690 a
3497 3635 3612 3690 Deo

1916 3726 2202 3793 deficiens,
2237 3726 2454 3781 homini
2485 3726 2760 3796 cuiquam
2791 3739 2911 3781 sese
2943 3725 3109 3794 quasi
3131 3724 3333 3780 melius
3347 3725 3612 3794 juvanda

1917 3815 2210 3883 supponit.
2243 3814 2432 3869 Arbor
2459 3813 2837 3885 singulariter
2873 3827 3173 3883 personam
3209 3812 3419 3883 signat,
3454 3812 3609 3869 unde

1918 3902 1976 3957 in
1998 3902 2335 3971 Apocalypsi
2361 3916 2395 3957 a
2432 3911 2685 3972 quatuor
2714 3901 2935 3972 angelis
2988 3900 3304 3966 obsistitur,
3349 3915 3420 3955 ne
3458 3915 3606 3956 ven-

1917 3997 2013 4046 tus
2045 3992 2100 4046 in
2123 3990 2378 4061 aliquam
2429 3991 2690 4046 arborem
2735 3989 2873 4045 ﬂare
2902 3990 3105 4045 debeat
3144 3990 3331 4058 (Apoc.
3390 4003 3484 4050 vn.
3513 3990 3602 4058 3):

1918 4093 2174 4161 congrue
2216 4093 2354 4148 ergo
2402 4079 2618 4134 dicitur
2662 4079 2732 4135 de
2771 4079 2995 4145 arbore,
3047 4078 3188 4148 quia
3237 4077 3309 4133 ibi
3367 4085 3509 4144 erat,
3539 4090 3608 4132 ea

108 4168 183 4223 ait
212 4165 534 4223 affectionis
562 4174 765 4223 catena
809 4169 1178 4238 protraheris,
1212 4177 1265 4225 et
1296 4183 1447 4224 vana
1476 4183 1576 4238 spe
1604 4169 1803 4225 affice-
1842 4175 1886 4229 ι)
1915 4169 2065 4225 enim
2081 4168 2401 4238 qutejuxta
2430 4175 2567 4223 sunt
2592 4175 2649 4223 et
2669 4166 3103 4236 prmsentialiter
3132 4165 3331 4231 teneri,
3357 4178 3609 4235 moxque

112 4256 205 4321 ris,
239 4269 316 4311 ne
365 4254 527 4310 aeide
573 4256 723 4311 feras
768 4256 893 4312 haec
935 4263 1053 4312 tota
1096 4257 1419 4313 rescindere
1466 4258 1584 4313 vim
1627 4257 1806 4327 spiri-

111 4344 281 4399 tualis
304 4351 369 4399 ut
406 4351 457 4399 te
483 4346 771 4401 monuerit
799 4358 1115 4416 exsequere
1152 4345 1489 4412 voluntatis,
1520 4345 1704 4401 sciens
1731 4358 1806 4400 ex

110 4431 449 4487 aeternitatis
489 4432 770 4488 desiderio
823 4433 1079 4490 fructum
1138 4433 1538 4490 indefectibilis
1592 4433 1805 4490 laetitia)

110 4534 179 4575 ex
235 4521 404 4576 Isaac
458 4520 671 4577 scilicet
727 4535 844 4577 non
895 4522 1130 4578 aliunde
1178 4524 1390 4578 vocari.
1449 4522 1628 4578 Filius
1671 4536 1805 4577 vero

111 4608 335 4665 ancillae
365 4608 495 4665 licet
523 4610 686 4666 rudis
717 4610 910 4667 adhuc
937 4611 1148 4680 aspiret
1180 4612 1238 4666 in
1277 4619 1461 4678 extra,
1500 4617 1804 4681 postquam

110 4711 302 4754 semen
352 4705 518 4753 tuum
566 4698 757 4767 fuerit,
813 4699 870 4755 id
918 4708 1002 4756 est
1045 4698 1263 4757 fructui
1304 4700 1648 4770 sempiterno
1693 4698 1802 4755 ido-

109 4800 283 4843 neum
330 4800 391 4842 se
419 4788 767 4855 exhibuerit,
805 4796 860 4845 et
905 4789 1161 4845 carnalia
1208 4790 1494 4845 seminare
1541 4786 1687 4845 velle
1717 4788 1810 4844 de-

112 4874 319 4929 stiterit
386 4874 447 4928 in
483 4888 755 4946 magnam
812 4876 1138 4947 cogitando,
1212 4877 1518 4947 loquendo,
1584 4875 1808 4947 agendo

116 4962 435 5019 studiorum
467 4964 780 5032 proborum
825 4972 1052 5035 gentem
1097 4964 1225 5021 erit.
1257 4964 1587 5021 Notandum
1614 4973 1809 5021 autem

118 5051 263 5121 quod
294 5065 515 5118 semen,
547 5059 602 5107 et
632 5052 854 5109 fructus
888 5067 1009 5109 esse
1049 5052 1189 5109 solet
1234 5068 1361 5124 spes
1392 5067 1642 5124 qumque
1671 5067 1809 5123 pro—

121 5139 361 5212 pagandi
395 5138 640 5197 fructus.

182 5230 352 5285 Vens.
399 5233 486 5283 14.
548 5260 618 5270 -
661 5230 923 5287 Surrexit
974 5236 1162 5302 itaque
1199 5234 1485 5289 Abraham
1538 5248 1715 5299 mane,
1761 5237 1813 5286 et

130 5320 304 5374 tollens
333 5334 555 5387 panem,
587 5324 638 5372 et
671 5327 846 5374 utrem
901 5337 1058 5391 aqua
1101 5325 1363 5392 imposuit
1396 5322 1631 5393 scapulae
1657 5324 1808 5392 ejus;

127 5408 460 5476 tradiditque
504 5423 753 5476 puerum,
783 5413 836 5463 et
864 5409 1079 5465 dimisit
1105 5425 1243 5466 eam.
1281 5417 1407 5481 Quae
1434 5427 1554 5467 cum
1585 5411 1809 5466 abiisset

1913 4256 2141 4328 negotio
2194 4264 2386 4311 nostro
2443 4263 2667 4325 queunt
2719 4255 2923 4322 adniti,
2955 4254 3142 4325 magis
3197 4253 3377 4309 solent
3430 4266 3608 4323 quam

1911 4354 2128 4402 aeterna
2180 4344 2361 4415 diligi.
2420 4344 2555 4400 Abit
2608 4344 2805 4414 itaque
2834 4358 2869 4399 a
2915 4343 3051 4399 boni
3082 4351 3265 4412 coepto
3305 4342 3596 4412 propositi,

1911 4434 2124 4490 sedete
2153 4428 2648 4504 regione'procul,
2700 4434 2841 4490 dum
2890 4433 2949 4489 in
2996 4430 3419 4502 exspectatione
3469 4437 3599 4485 tem-

1911 4522 2120 4593 poralis
2148 4530 2405 4592 quaestus
2454 4521 2703 4578 ﬂectitur
2745 4528 2929 4577 status
2958 4520 3345 4588 conscientiae;
3382 4518 3442 4574 fit
3474 4531 3610 4574 vero

1916 4611 2114 4681 procul
2146 4616 2434 4680 quantum
2473 4616 2654 4680 potest
2708 4623 2879 4665 arcus
2898 4609 3112 4679 jacere,
3144 4607 3283 4679 quia
3312 4608 3415 4662 etsi
3449 4605 3609 4661 ﬂuxa

1913 4700 2127 4766 sedeat,
2148 4707 2203 4755 et
2233 4698 2445 4768 cupida
2485 4698 2772 4769 inspiciat,
2829 4706 3019 4753 tamen
3059 4704 3114 4752 et
3141 4711 3214 4752 ex
3260 4695 3481 4751 ratione
3535 4694 3608 4750 ad

1915 4787 2013 4844 Dei
2045 4788 2308 4844 timorem
2338 4802 2397 4843 se
2425 4787 2761 4857 reprimens,
2804 4787 2875 4841 ab
2902 4786 3026 4856 ipso
3064 4800 3169 4840 suo
3210 4798 3326 4854 quo
3359 4782 3611 4839 trahitur

1915 4877 2175 4946 appetitu
2222 4891 2281 4932 se
2323 4877 2590 4943 abstinet,
2641 4881 2927 4945 quantum
2952 4873 3131 4944 ipsius
3159 4872 3415 4939 rationis,
3480 4885 3611 4941 quae

1916 4974 2000 5021 est
2022 4965 2250 5036 signata
2277 4979 2379 5035 per
2416 4978 2641 5030 arcum,
2675 4963 2815 5034 quia
2841 4963 2911 5018 ad
2932 4971 3150 5019 certum
3183 4976 3249 5018 ae
3278 4961 3323 5015 si
3345 4960 3613 5031 sagittam

1919 5055 1977 5110 id
2012 5054 2164 5125 quod
2198 5054 2368 5111 sentit
2400 5054 2644 5121 emittat,
2695 5059 2877 5124 potest
2921 5050 3296 5122 exprimendo
3335 5050 3610 5106 determi-

1918 5158 2061 5199 nare
2089 5142 2390 5200 sententia.

1993 5233 2161 5289 Vsus.
2207 5236 2291 5286 17.
2339 5261 2405 5273 -
2456 5233 2613 5286 Dixit
2650 5232 2832 5285 enim:
2911 5233 3029 5286 Non
3073 5231 3263 5285 videbo
3304 5233 3615 5285 morientem

1916 5335 2165 5390 puerum,
2210 5326 2260 5375 et
2286 5320 2476 5378 sedens
2532 5325 2720 5375 contra
2761 5320 2964 5374 levavit
2993 5336 3170 5374 vocem
3212 5335 3386 5387 suam,
3437 5323 3489 5373 et
3515 5322 3614 5387 ﬂe-

1921 5412 2020 5463 vit.
2064 5408 2369 5465 Eaiaudivit
2415 5415 2593 5464 autem
2630 5411 2887 5465 Dominus
2940 5424 3118 5464 vocem
3144 5411 3342 5478 pueri:
3388 5409 3619 5464 vocavit-
