3884 6068
262 202 359 252 163
1157 198 1218 250 ν.
1261 195 1588 251 GUIBERTI
1630 196 1920 251 ABBATIS
1958 197 2013 252 S.
2058 195 2298 249 MARLE
2337 193 2427 249 DE
2466 195 2851 252 NOVIGENTO

3659 204 3760 254 164

263 349 365 402 que
385 333 608 398 angelus
640 328 1035 396 DominiAgar
1062 328 1127 382 de
1155 329 1297 382 caelo.
1331 326 1571 382 Moritur
1601 340 1764 396 puer,
1820 339 1952 380 cum
1989 327 2034 380 Α
2065 325 2333 380 astuanti
2370 325 2518 380 idem
2579 325 2929 394 impenditur
2975 326 3173 396 gratia
3231 328 3479 397 donum;
3525 329 3758 400 fuitque

265 419 639 476 sacularibus
661 421 879 474 intenta
907 431 1139 486 prorsus
1203 430 1233 470 a
1266 417 1379 470 Deo
1409 415 1760 470 interimitur
1793 429 1950 484 spes;

265 523 380 564 non
412 508 536 563 vult
568 510 759 575 itaque
789 505 981 560 videre
1020 507 1331 559 morientem
1376 519 1622 572 puerum,
1656 517 1787 559 cum
1827 516 1952 557 car-

265 597 412 652 nalis
465 595 684 651 afi’ectio
739 594 918 648 divini
954 593 1171 648 timoris
1201 607 1314 647 non
1345 592 1539 658 inscia,
1577 607 1687 646 non
1738 590 1955 660 patitur

263 683 602 752 contemptis
634 681 958 737 coelestibus
990 696 1046 736 se
1081 681 1409 736 omnimoda
1441 695 1534 749 spe
1575 681 1643 734 ad
1685 680 1775 735 sui
1818 693 1950 748 ραι*-

264 773 466 828 niciem
499 771 715 826 ambire
746 771 1053 825 mundum.
1097 770 1220 825 Vox
1260 769 1510 824 carnalis
1539 775 1622 824 est
1647 771 1953 838 appetitus,

263 859 605 914 desiderium
645 857 955 912 mundialis
1002 866 1288 928 quastus;
1321 857 1468 912 hanc
1495 869 1630 927 ergo
1678 871 1832 909 suam
1861 870 1954 908 vo—

259 964 368 1002 cem
397 947 598 1013 elevat,
642 956 775 1002 etim
841 960 874 1000 a
907 945 1202 1015 temporali
1257 947 1328 1000 ad
1359 953 1639 1000 aternum
1684 943 1952 998 afTectum

261 1035 571 1105 cupiditate
601 1035 842 1101 cxaltat;
876 1034 971 1088 sed
999 1034 1152 1088 sedet
1184 1041 1403 1100 contra,
1440 1033 1579 1102 quia
1608 1032 1711 1086 etsi
1737 1045 1951 1086 secun—

262 1122 400 1177 dum
436 1121 722 1176 hominem
758 1120 964 1176 inﬂecti
998 1121 1248 1190 quadam
1300 1119 1536 1190 indigna
1591 1133 1649 1174 se
1705 1118 1952 1174 sessione

262 1211 416 1265 videt
445 1210 516 1264 ad
553 1210 768 1275 intima,
806 1209 904 1265 ubi
950 1211 1292 1278 pugnaciter
1346 1216 1498 1263 stare
1543 1208 1830 1273 decuerat,
1883 1221 1955 1262 ex

261 1299 500 1353 rationis
539 1305 726 1352 tamen
774 1305 903 1351 voto
946 1298 1232 1352 exclamat
1288 1304 1508 1351 contra.
1561 1295 1680 1350 Flet
1737 1303 1951 1363 autem,

261 1401 393 1442 cum
438 1387 720 1441 interioris
777 1384 968 1440 ﬂuxus
1013 1399 1214 1454 aquas,
1281 1399 1381 1454 per
1411 1384 1584 1439 animi
1612 1384 1782 1453 juges
1833 1397 1866 1438 a
1895 1397 1954 1438 se

262 1475 468 1530 emittit
499 1475 818 1544 angustias.
866 1474 1193 1528 Notandum
1254 1488 1388 1529 vero
1419 1473 1572 1542 quod
1605 1487 1716 1527 non
1757 1487 1951 1526 vocem

263 1565 480 1629 matris,
513 1564 606 1617 sed
636 1564 797 1632 pueri
852 1563 1003 1618 Deus
1044 1562 1256 1617 dicitur
1284 1561 1608 1626 exaudisse,
1670 1562 1806 1630 quia
1838 1575 1950 1614 non

262 1653 592 1722 appetitum,
647 1651 747 1721 qui
778 1666 846 1706 ex
889 1665 1061 1706 carne
1118 1659 1402 1716 movetur,
1467 1651 1560 1704 sed
1609 1664 1786 1718 spem,
1823 1663 1953 1718 qua

262 1741 585 1809 paupertati
633 1739 870 1808 spiritus
920 1739 1156 1805 intenta,
1209 1746 1263 1793 et
1301 1751 1334 1792 a
1393 1738 1689 1806 prasentis
1759 1737 1953 1792 saculi

263 1829 474 1898 gaudio
501 1828 617 1897 jam
666 1827 1029 1882 destituenda
1068 1835 1174 1894 est,
1215 1827 1494 1882 exaudire
1537 1827 1688 1881 Deus
1719 1832 1952 1896 gratan-

264 1917 475 1972 tissime
528 1916 844 1971 consuevit.
894 1915 1088 1970 Oratio
1179 1929 1432 1985 namque
1487 1914 1777 1984 pauperis,
1837 1929 1955 1967 cum

261 2005 524 2056 anxiatus
579 2000 700 2074 [al.,
758 2002 981 2071 anxius]
1010 2005 1202 2067 fuerit,
1257 2007 1308 2055 et
1365 2018 1544 2056 coram
1571 2004 1672 2055 Deo
1700 2001 1955 2069 eﬂ‘uderit

257 2107 466 2160 precem
519 2105 672 2145 suam
726 2091 896 2160 juxta
948 2090 1152 2159 psalmi
1211 2090 1443 2146 titulum
1511 2090 1682 2157 (Psal.
1736 2091 1830 2158 Cl),
1882 2088 1954 2143 ad

263 2178 440 2233 Deum
473 2177 638 2248 quasi
668 2178 882 2232 clamor
915 2177 1172 2246 pervenit
1205 2177 1395 2243 (lbid.,
1429 2179 1504 2244 2).
1541 2176 1700 2232 Unde
1731 2176 1955 2243 angelus

263 2262 488 2315 Domini
516 2262 581 2314 de
609 2263 732 2316 coelo
749 2263 906 2330 Agar
937 2269 1119 2327 vocat,
1153 2262 1292 2331 quia
1320 2275 1506 2316 sermo
1541 2261 1775 2315 divinus
1804 2261 1956 2315 bona

261 2364 510 2420 quaque
539 2352 816 2405 nuntians
845 2351 913 2406 de
943 2364 1120 2405 sacra
1151 2350 1466 2418 Scriptura
1493 2349 1791 2404 excellenti
1830 2364 1952 2418 my-

263 2437 432 2493 sterio
476 2438 547 2492 ad
603 2451 670 2494 ea
704 2452 834 2508 qua
865 2445 1127 2508 aguntur
1177 2437 1330 2492 intra
1376 2452 1480 2492 nos
1513 2450 1854 2502 consonans,
1887 2436 1956 2491 de

263 2533 457 2581 nostro
493 2534 646 2582 statu
678 2525 1011 2596 interrogat.
1061 2526 1178 2580 Hoc
1207 2525 1414 2581 coelum
1444 2524 1779 2580 extenditur
1808 2525 1957 2579 sicut

264 2613 426 2684 pellis
455 2615 627 2680 (Psal.
660 2630 777 2679 cui,
814 2614 888 2683 3).

335 2745 480 2815 Quid
518 2748 658 2810 agis,
694 2745 904 2814 inquit,
951 2747 1149 2813 Agar?
1187 2746 1312 2798 Noli
1334 2747 1538 2798 timere.
1573 2744 1656 2798 Ac
1675 2743 1723 2798 si
1754 2743 1906 2798 dicat
1940 2756 1953 2796 :

267 2834 446 2889 Pensa
473 2834 653 2888 Deum
681 2848 836 2903 spem
877 2847 1044 2888 suam
1072 2833 1129 2888 in
1162 2848 1220 2888 se
1264 2832 1610 2902 ponentibus
1635 2832 1958 2902 adjutorem

265 2923 402 2990 fore,
447 2929 502 2977 et
543 2922 665 2978 ideo
721 2922 976 2992 penuria
1025 2923 1350 2991 cujuspiam
1405 2929 1565 2976 motu
1612 2920 1728 2975 noli
1785 2920 1854 2975 ab
1889 2933 1954 2974 eo

265 3010 531 3081 deficere;
575 3012 726 3083 quod
762 3011 940 3081 igitur
996 3011 1121 3082 agis
1175 3009 1412 3065 insiste:
1473 3009 1778 3064 Eaaudivit
1811 3013 1952 3064 enim

267 3105 537 3158 Dominus
588 3117 762 3156 vocem
792 3103 950 3168 pueri
994 3099 1060 3153 de
1091 3100 1199 3153 loco
1231 3102 1289 3152 in
1319 3114 1423 3167 quo
1454 3103 1550 3152 est.
1603 3098 1954 3165 Exauditur,

265 3207 397 3248 cum
431 3199 635 3247 nostra
669 3189 1012 3244 desiderium
1046 3187 1358 3242 voluntatis
1373 3201 1527 3256 spem
1561 3186 1629 3241 de
1658 3186 1955 3255 profundis

265 3281 521 3336 attollere
568 3279 868 3348 cupientis,
931 3277 1000 3332 de
1059 3276 1172 3332 situ
1222 3275 1386 3330 bona
1443 3274 1790 3341 intentionis,
1825 3290 1955 3345 qua

263 3366 423 3424 locus
453 3373 642 3423 noster
689 3373 792 3430 est,
819 3371 874 3420 et
902 3378 1022 3420 esse
1051 3364 1238 3430 debet,
1272 3363 1329 3416 in
1361 3377 1478 3432 quo
1516 3362 1654 3417 dum
1698 3363 1956 3418 constite-

265 3457 466 3524 rimus,
497 3456 567 3511 ad
601 3467 804 3510 verum
826 3467 944 3509 esse
973 3452 1282 3518 tendimus,
1326 3465 1359 3506 a
1396 3451 1509 3506 Deo
1531 3451 1777 3522 benigne
1806 3452 1956 3505 acci-

266 3545 440 3616 pitur.
460 3575 528 3584 —
554 3544 746 3613 (VERS.
779 3545 886 3610 18.)
908 3543 1093 3609 Surge
1121 3540 1217 3604 ait,
1248 3541 1370 3594 tolle
1387 3555 1634 3609 puerum,
1669 3546 1954 3594 etmanum

263 3635 433 3700 illius,
455 3636 586 3702 quia
617 3635 674 3686 in
712 3637 919 3699 gentem
959 3645 1215 3696 magnam
1250 3631 1458 3696 faciam
1497 3645 1633 3682 eum.
1661 3629 1832 3694 Surge
1881 3627 1953 3681 ab

265 3720 636 3778 hasitationis
697 3718 1042 3786 diffidentia,
1081 3717 1207 3772 tolle
1257 3732 1414 3786 spem
1458 3717 1531 3773 ab
1580 3716 1706 3771 imis
1754 3716 1823 3772 ad
1865 3731 1956 3770 su-

267 3824 422 3880 pera,
507 3811 576 3865 sit
636 3810 690 3864 in
760 3809 884 3877 ipsa
956 3820 1220 3876 superna
1294 3805 1413 3876 spei
1483 3820 1680 3872 manu,
1760 3804 1814 3858 id
1872 3812 1955 3859 est

264 3899 520 3955 virtitute
550 3896 913 3953 continentiae
943 3894 1388 3964 perseverantia,
1421 3893 1560 3963 quia
1591 3892 1802 3948 talibus
1828 3891 1953 3946 offi-

273 3987 374 4042 ciis
413 3987 470 4042 in
515 3993 850 4042 sanctarum
881 3983 1285 4053 operationum
1331 3982 1674 4052 propagines
1707 3988 1789 4035 est
1823 3979 1956 4035 dila-

265 4075 459 4132 tanda.

2063 429 2195 468 cum
2222 429 2306 481 eo,
2342 415 2481 484 quia
2511 430 2645 469 cum
2677 415 2748 469 ad
2792 416 3015 484 pietatis
3048 429 3301 472 amorem
3332 417 3516 473 solum
3566 419 3761 489 vergit

2061 501 2302 569 affectio,
2328 503 2630 558 individua
2655 503 2775 573 spei
2807 519 2940 560 mox
2973 505 3284 561 comitatur
3314 507 3556 574 devotio,
3600 509 3760 577 quod

2061 591 2214 645 enim
2247 599 2300 646 te
2330 591 2605 661 consequi
2639 606 2799 660 posse
2825 593 3091 662 desperas
3124 595 3302 649 miror
3325 594 3370 649 si
3407 595 3506 650 diu
3535 610 3760 650 concu—

2062 679 2272 746 piscere
2317 694 2516 748 queas,
2547 686 2601 734 et
2635 694 2759 748 spes
2797 682 2998 736 crescit
3052 696 3086 736 a
3113 684 3459 737 transitoriis
3488 684 3558 737 ad
3587 692 3758 738 ater-

2061 780 2156 831 na,
2185 775 2240 822 et
2279 775 2536 822 moratur
2587 768 2642 822 in
2675 767 3002 835 solitudine,
3049 769 3190 825 dum
3241 778 3494 826 removet
3520 784 3554 825 a
3590 785 3649 826 se
3683 772 3758 826 ad

2061 854 2174 908 Deo
2205 854 2305 909 soli
2331 870 2388 910 se
2420 856 2819 925 porrigendam
2854 858 3126 925 strepitus
3155 858 3532 913 conscientiae.
3581 860 3759 914 Porro

2062 940 2191 996 inde
2249 947 2309 1006 ﬁt
2349 945 2566 1012 juvenis
2596 947 2922 1010 sagittarius
2978 959 3107 1000 cum
3151 946 3351 1002 talium
3399 947 3758 1015 experientia

2061 1046 2302 1087 casuum
2333 1031 2401 1086 ad
2424 1032 2662 1100 spiritus
2701 1033 3104 1088 discernendos
3145 1034 3391 1089 efficitur
3416 1034 3760 1105 ,intellectus

2061 1120 2180 1190 spei
2231 1127 2438 1174 nostra
2493 1119 2719 1176 subtilis
2777 1128 2831 1175 et
2871 1120 3137 1176 disertus.
3197 1123 3446 1192 Lignum
3498 1137 3757 1193 namque

2062 1209 2337 1277 corporis,
2389 1208 2529 1262 dum
2578 1207 2793 1263 chorda
2832 1208 3072 1264 rationis
3117 1209 3448 1276 inflectitur,
3501 1210 3588 1266 vis
3620 1211 3756 1266 inde

2061 1297 2482 1366 spiritualitatis
2529 1297 2778 1361 acuitur,
2807 1305 2860 1352 et
2891 1300 3055 1368 quasi
3089 1300 3158 1354 ad
3185 1308 3405 1356 certum
3455 1302 3757 1356 sententia

2060 1385 2267 1454 sagitta
2313 1384 2602 1455 dirigitur,
2637 1394 2888 1442 attamen
2923 1388 3049 1442 licet
3079 1388 3407 1444 solitudinis
3432 1390 3550 1459 jam
3585 1390 3758 1459 quie-

2064 1480 2172 1527 tem
2217 1482 2466 1542 appetat,
2518 1475 2822 1544 aliquoties
2865 1475 2920 1528 in
2977 1475 3196 1530 deserto
3231 1476 3460 1532 Pharan
3509 1477 3755 1542 habitat,

2063 1561 2355 1616 horrorem
2439 1563 2640 1632 utique
2710 1563 3017 1619 ferocitatis
3080 1564 3352 1620 vitiorum
3447 1565 3755 1621 molestum

2062 1651 2224 1704 valde
2279 1650 2504 1714 tolerat;
2542 1658 2724 1706 mater
2750 1651 2903 1706 enim
2954 1665 3060 1706 sua
3109 1654 3588 1722 concupiscentia,
3624 1668 3758 1723 qua.

2059 1752 2117 1792 se
2143 1738 2436 1808 quondam
2473 1739 2530 1792 in
2572 1740 2818 1808 peccatis
2866 1740 3086 1808 genuit,
3118 1757 3339 1795 umorem
3372 1741 3453 1796 illi
3510 1741 3575 1795 de
3603 1749 3757 1796 terra

2059 1829 2286 1896 /Egypti
2336 1827 2571 1895 accepit,
2614 1841 2845 1883 carnem
2886 1828 3096 1884 scilicet
3125 1831 3252 1899 ejus
3298 1830 3579 1885 lenocinio
3607 1831 3758 1886 mol-

2060 1913 2234 1969 liatur
2262 1914 2440 1968 animi
2472 1915 2646 1984 rigor,
2683 1930 2813 1985 qua
2853 1917 2924 1970 ob
2953 1917 3298 1973 terrenitatis
3343 1919 3585 1988 propria
3619 1933 3757 1987 pon-

2061 2003 2170 2057 dus
2199 2002 2354 2056 omni
2388 2003 2754 2058 tribulatione
2781 2013 3197 2074 coangustatur
3227 2006 3497 2062 admovit.
3532 2007 3757 2062 Admo-

2061 2099 2154 2146 vet
2201 2105 2360 2156 sane,
2411 2092 2548 2161 quia
2607 2091 3064 2148 indesinentibus
3131 2095 3383 2150 stimulis
3422 2095 3492 2149 ad
3535 2094 3756 2150 malum

2063 2188 2247 2250 urget.
2296 2181 2521 2235 Pharan
2567 2188 2756 2235 autem
2813 2181 3224 2250 interpretatur
3252 2185 3509 2250 ferocitas
3549 2200 3755 2248 eorum,

2062 2270 2360 2339 Egyptus,
2388 2270 2670 2323 tribulatio
2698 2276 3076 2338 coangustans.

2133 2363 2231 2412 83
2263 2357 2431 2412 Vens.
2482 2360 2570 2423 22,
2622 2360 2708 2411 23.
2746 2388 2814 2397 -
2869 2359 3068 2413 Eodem
3100 2363 3332 2429 tempore
3360 2360 3760 2415 dixitAbime-

2064 2447 2198 2508 lech,
2230 2451 2280 2500 et
2317 2447 2512 2500 Phicol
2558 2449 2808 2515 princeps
2847 2451 3115 2502 exercitus
3146 2449 3262 2517 ejus
3292 2449 3366 2502 ad
3418 2449 3709 2503 Abraham
3746 2466 3759 2502 :

2064 2537 2200 2588 Deus
2231 2539 2401 2588 tecum
2431 2540 2508 2588 est
2555 2537 2612 2588 in
2645 2538 2914 2590 universis
2963 2553 3082 2604 qua
3113 2539 3253 2604 agis.
3286 2538 3436 2590 Jura
3466 2553 3591 2605 ergo
3620 2538 3763 2591 mihi

2062 2638 2160 2691 per
2214 2625 2512 2689 Dominum,
2560 2639 2625 2676 ne
2665 2639 2853 2678 noceas
2882 2626 3040 2692 mihi,
3084 2630 3134 2678 et
3167 2627 3395 2694 posteris
3444 2629 3596 2691 meis,
3627 2629 3762 2680 stir-

2060 2713 2228 2780 pique
2264 2726 2410 2777 mea,
2460 2711 2556 2765 sed
2584 2710 2754 2781 juxta
2801 2713 3234 2767 misericordiam
3274 2729 3439 2782 quam
3467 2716 3598 2781 fecit
3630 2715 3755 2779 tibi,

2077 2799 2248 2862 facies
2276 2798 2434 2864 mihi,
2477 2803 2527 2851 et
2550 2804 2703 2852 terra
2731 2802 2789 2852 in
2810 2816 2918 2867 qua
2947 2807 3190 2854 versatus
3222 2817 3274 2856 es
3305 2803 3532 2856 advena.
3566 2803 3763 2858 Gloria

1993 2916 2034 2972 ρ
2066 2882 2315 2937 victoria
2345 2897 2568 2951 semper
2597 2891 2678 2938 est
2711 2884 2899 2938 affinis
2935 2885 3244 2954 superbia,
3275 2895 3329 2941 et
3355 2901 3486 2941 cum
3522 2887 3759 2955 opinio—

2063 2970 2152 3025 nis
2180 2983 2324 3025 aura
2345 2971 2698 3039 discurrerit,
2735 2972 2954 3042 impetit
2976 2973 3235 3030 animum
3285 2967 3370 3029 vis
3399 2975 3761 3045 cenodoxia;

2062 3061 2256 3116 eodem
2304 3075 2441 3131 ergo
2499 3068 2772 3130 tempore,
2826 3061 2947 3130 ipso
2991 3061 3253 3117 videlicet
3303 3070 3454 3117 statu
3509 3063 3764 3117 victricis

2063 3149 2271 3204 anima
2338 3165 2454 3219 quo
2505 3164 2564 3204 se
2607 3151 2883 3204 audacter
2911 3149 3202 3220 {adversus
3258 3150 3554 3220 pralibata
3605 3151 3763 3206 mala

2063 3237 2288 3300 extulit,
2321 3238 2579 3308 loquitur
2607 3239 2947 3304 ‘Abimelech,
2999 3244 3049 3292 et
3075 3238 3280 3306 Phicol,
3335 3239 3604 3309 superbia
3641 3241 3762 3295 sci-

2063 3327 2211 3393 licet,
2229 3341 2294 3382 ac
2309 3327 2626 3383 cenodoxia
2655 3327 2935 3397 spirituali
2967 3329 3331 3399 suggestione
3357 3329 3432 3382 ad
3452 3330 3760 3383 Abraham.

2063 3415 2232 3481 Deus,
2283 3415 2574 3484 inquiunt,
2619 3416 2740 3471 sive
2772 3429 3064 3486 prospera,
3105 3417 3226 3471 sive
3259 3417 3501 3472 adversa
3529 3417 3629 3472 tibi
3679 3417 3763 3472 ir-

2064 3511 2258 3570 ruant,
2292 3503 2350 3558 in
2382 3503 2598 3559 bonum
2625 3504 2726 3560 tibi
2756 3512 3114 3574 cooperatur,
3151 3520 3253 3560 nec
3279 3504 3455 3560 ullius
3488 3505 3612 3561 vitii
3645 3505 3763 3560 im-

2063 3591 2234 3660 pulsu
2267 3591 2413 3647 scias
2465 3592 2564 3648 tibi
2607 3607 2769 3662 posse
2815 3593 3200 3662 perniciosum
3257 3600 3362 3648 aut
3403 3593 3764 3663 desperabile

2063 3679 2370 3734 discrimen
2421 3680 2698 3744 accidere,
2739 3695 2911 3750 quem
2969 3680 3028 3734 in
3061 3688 3138 3736 tot
3170 3681 3378 3736 mentis
3426 3681 3766 3737 incursibus

2063 3767 2299 3837 contigit
2330 3767 2610 3822 divinitus
2649 3767 2946 3823 victoriam
2985 3769 3281 3824 meruisse.
3315 3773 3453 3825 Jura
3499 3785 3624 3841 ergo
3663 3786 3766 3839 per

2064 3856 2377 3922 Dominum,
2420 3856 2570 3926 quod
2621 3864 2705 3912 est
2755 3857 2980 3912 dicere:
3050 3857 3333 3923 Quoniam
3386 3865 3604 3913 tantam
3658 3859 3762 3914 Dei

2063 3956 2202 4014 erga
2227 3951 2278 3998 te
2302 3945 2581 4013 experiris
2611 3944 2991 4012 clementiam,
3021 3959 3260 4001 securus
3305 3945 3590 4015 opinionis
3620 3954 3760 4014 tua,

2065 4045 2196 4102 qua
2220 4037 2332 4101 per
2355 4032 2614 4088 omnium
2645 4047 2746 4088 ora
2786 4033 3004 4099 volitat,
3037 4034 3236 4103 excipe
3267 4034 3528 4104 gloriam,
3563 4042 3766 4104 utpote

2066 4116 2168 4186 qui
2207 4123 2358 4171 certo
2388 4131 2552 4172 nosse
2595 4117 2794 4186 possis,
2829 4117 2986 4188 quod
3024 4132 3139 4173 non
3176 4117 3299 4174 sine
3331 4119 3426 4174 Dei
3457 4119 3763 4176 voluntate

333 4209 501 4264 Vens.
540 4211 622 4274 19,
658 4209 745 4271 20,
779 4209 866 4258 2t.
906 4235 971 4243 —-
1012 4205 1350 4273 Aperuitque
1389 4203 1563 4256 oculos
1617 4203 1732 4270 ejus
1789 4205 1944 4257 Deus.
1988 4215 2032 4269 1)
2065 4203 2338 4270 lauderis,
2387 4205 2540 4260 unde
2590 4221 2691 4274 per
2735 4208 3040 4272 Dominum,
3095 4206 3150 4260 id
3201 4215 3284 4262 est
3329 4221 3430 4276 per
3475 4222 3600 4263 eam
3636 4222 3761 4278 qua

263 4301 390 4366 Quae
433 4295 619 4350 videns
655 4299 874 4363 puteum
923 4308 1102 4362 aqua,
1159 4292 1318 4360 abiit,
1365 4296 1415 4344 et
1470 4291 1713 4360 implevit
1754 4295 1948 4351 utrem,

262 4386 518 4453 deditque
570 4398 736 4452 puero
783 4383 992 4447 bibere;
1018 4387 1067 4436 et
1113 4383 1227 4447 fuit
1275 4395 1393 4434 cum
1423 4394 1514 4445 eo;
1551 4382 1644 4448 qui
1682 4382 1867 4444 crevit,
1903 4384 1951 4433 et

259 4479 501 4528 moratus
540 4477 619 4525 est
663 4473 722 4524 in
767 4470 1083 4537 solitudine,
1150 4471 1439 4536 factusque
1472 4466 1692 4537 juvenis
1723 4471 1954 4536 sagitta-

260 4565 397 4616 rius.
434 4560 717 4615 Habitavit
764 4561 821 4613 in
861 4559 1069 4613 deserto
1108 4558 1352 4625 Pharan,
1384 4561 1434 4610 et
1472 4559 1678 4626 accepit
1711 4557 1798 4609 illi
1829 4572 1951 4612 ma-

265 4655 343 4704 ter
372 4666 472 4704 sua
510 4664 731 4702 uxorem
783 4648 849 4702 de
887 4653 1032 4701 terra
1074 4648 1318 4715 ngypti.
1370 4645 1451 4700 Ad
1494 4644 1811 4700 videndum
1853 4658 1954 4713 pu-

265 4749 416 4797 teum
446 4753 613 4809 aqua
663 4739 815 4793 Deus
854 4737 982 4808 ejus
1041 4736 1238 4791 oculos
1285 4735 1486 4805 aperit,
1536 4749 1670 4790 cum
1701 4733 1774 4788 ad
1813 4747 1952 4789 eum

261 4827 782 4899 persentiscendum
828 4824 1282 4895 sapiendumque
1341 4824 1442 4894 qui
1486 4822 1612 4878 fons
1650 4829 1735 4877 est
1784 4836 1952 4891 aqua

261 4918 410 4973 viva
433 4925 486 4972 et
507 4917 668 4986 origo
716 4914 1010 4984 sapientia
1049 4927 1115 4968 ac
1158 4911 1431 4978 scientia,
1468 4911 1756 4967 Christum
1807 4908 1953 4964 scili-

261 5013 366 5072 cet,
408 5005 509 5075 qui
561 5004 641 5059 nil
673 5002 832 5058 aliud
883 5015 1059 5072 quam
1107 5000 1262 5071 quod
1294 4999 1446 5055 mitis
1489 5005 1573 5054 est
1627 5006 1682 5053 et
1715 4996 1952 5053 humilis

260 5094 430 5150 corde
477 5106 511 5148 a
543 5107 602 5148 se
631 5107 735 5147 nos
791 5090 1008 5145 discere
1056 5089 1258 5155 voluit,
1295 5087 1500 5142 mentis
1530 5085 1790 5140 velamen
1861 5085 1954 5139 de-

263 5183 428 5252 tegit;
473 5180 695 5236 ambitu
740 5179 934 5249 itaque
987 5186 1253 5233 votorum
1304 5177 1458 5231 hunc
1505 5173 1703 5228 adiens
1756 5172 1952 5242 implet

186 5281 190 5290 ‘
260 5277 470 5336 utrem,
504 5276 733 5337 reparat
762 5267 1022 5323 videlicet
1053 5265 1205 5320 vires
1228 5263 1476 5320 scientia
1509 5262 1660 5317 intra
1690 5261 1950 5316 animum

255 5358 376 5429 jam
399 5357 602 5427 utique
644 5363 1074 5425 temperantem.
1128 5353 1293 5408 Potat
1339 5364 1605 5421 puerum,
1638 5348 1950 5405 affectuali-

260 5453 373 5502 tate
414 5445 568 5502 enim
611 5445 680 5501 ad
745 5446 928 5501 Deum
979 5456 1166 5503 versa,
1223 5441 1341 5511 spei
1395 5446 1605 5497 nostra
1650 5439 1950 5495 desideriis

2059 4295 2173 4348 Deo
2234 4294 2494 4348 inniteris
2561 4293 2849 4360 fiduciam,
2927 4297 3078 4360 mihi,
3134 4295 3326 4365 inquit
3395 4295 3754 4352 Abimelech.

2060 4381 2216 4452 quod
2257 4390 2340 4437 est
2387 4381 2676 4450 superbia,
2721 4381 3002 4451 pollicere,
3038 4383 3193 4452 quod
3238 4397 3341 4438 nec
3369 4385 3508 4437 mihi
3535 4399 3754 4452 noceas,

2061 4471 2118 4525 in
2162 4471 2272 4526 tuis
2300 4485 2390 4525 me
2415 4470 2682 4539 operibus
2706 4470 3050 4526 destruendo
3084 4485 3186 4526 nec
3210 4474 3458 4540 posteris,
3514 4471 3751 4527 laudem

2060 4558 2290 4625 scilicet,
2325 4573 2456 4627 qua
2509 4572 2682 4627 opera
2729 4559 3010 4628 sequitur,
3062 4559 3381 4629 abjiciendo
3442 4573 3546 4614 nec
3583 4562 3759 4628 stirpi

2059 4662 2203 4712 mea,
2263 4646 2656 4713 intentionem,
2709 4661 2839 4716 qua
2888 4646 3053 4701 radix
3082 4653 3165 4702 est
3213 4660 3472 4716 operum,
3533 4648 3756 4703 exstin-

2061 4735 2307 4806 guendo.
2342 4733 2671 4790 Abimelech
2703 4735 3109 4804 interpretatur
3131 4737 3316 4804 patris
3366 4737 3473 4789 mei
3500 4751 3753 4802 regnum,

2060 4823 2215 4893 quod
2245 4830 2328 4878 est
2356 4823 2644 4892 superbia,
2681 4822 2776 4878 cui
2806 4830 3008 4894 regnat
3049 4823 3331 4891 diabolus,
3362 4824 3516 4880 unde
3558 4831 3664 4892 est,
3699 4833 3758 4880 et

2061 4909 2174 4980 ipse
2217 4919 2299 4966 est
2342 4925 2445 4966 rex
2477 4925 2649 4980 super
2690 4925 2886 4967 omnes
2935 4911 3079 4967 filios
3128 4911 3410 4982 superbia
3460 4913 3575 4982 (Job
3636 4928 3756 4978 χιι,

2059 5000 2170 5067 25).
2237 4998 2429 5054 Phicol
2479 4999 2691 5055 dicitur
2749 5015 2806 5054 os
2863 5003 3121 5060 omnium,
3185 4999 3242 5054 in
3297 5016 3413 5070 quo
3470 5000 3762 5070 accipitur

2060 5085 2248 5141 inanis
2291 5085 2491 5157 gloria,
2524 5102 2653 5156 qua
2705 5101 2764 5142 se
2793 5087 3050 5143 omnium
3081 5089 3288 5157 quarit
3339 5088 3625 5144 celebrare
3655 5103 3761 5158 per

2059 5188 2177 5230 ora.
2209 5173 2399 5229 Gloria
2454 5175 2625 5230 etiam
2657 5175 2891 5230 diffiniri
2922 5175 3082 5241 solet,
3131 5177 3400 5246 frequens
3433 5177 3501 5233 de
3557 5177 3760 5246 aliquo

2060 5263 2212 5318 fama
2237 5278 2370 5320 cum
2400 5263 2588 5320 laude.
2622 5263 2950 5320 Abimelech
2987 5265 3284 5322 nobiscum
3311 5266 3762 5322 misericorditer

2061 5352 2212 5420 facit,
2243 5367 2376 5409 cum
2401 5353 2730 5423 temporalis
2763 5353 3205 5410 exuberantiam
3233 5354 3428 5424 gloria
3461 5355 3754 5425 suggerit;

2060 5439 2209 5496 idem
2279 5440 2387 5495 sibi
2458 5441 2861 5510 impendimus,
2912 5455 3045 5498 cum
3107 5442 3410 5512 ingestioni
3465 5442 3756 5498 honorum
