3884 6068
94 177 200 228 165

1372 169 1737 227 MORALIUM
1774 170 1842 226 IN
1883 165 2187 228 GENESIN
2229 171 2359 229 LIB.
2400 174 2491 229 Vl.

3510 179 3606 231 166

93 319 288 378 prava
322 304 695 361 delectatione
732 302 1011 359 favemus.
1054 302 1228 358 Porro
1271 307 1427 356 terra
1465 301 1807 358 miseremur
1840 307 1888 360 A
1916 305 2067 357 nium
2108 304 2263 370 mihi,
2292 305 2425 372 quia
2464 304 2711 371 ego-fodi
2734 308 2957 373 puteum
2983 306 3169 359 istum.
3203 305 3408 360 Idcirco
3437 322 3605 362 voca-

88 402 148 450 in
176 411 302 466 qua
338 394 550 449 versati
598 407 803 449 sumus
850 392 1107 458 advena,
1158 404 1291 447 cum
1336 391 1560 460 corpori
1610 399 1802 446 nostro

87 499 309 542 curam
356 483 749 553 indulgemus,
803 481 860 537 in
909 495 1028 553 qua
1072 480 1399 537 exhibenda
1451 479 1804 549 temporibus

85 575 235 630 olim
287 581 500 628 nostra
548 571 906 627 abstinentia
954 584 1069 625 non
1115 569 1426 636 domestici,
1475 568 1572 624 sed
1636 566 1803 637 quasi

86 662 391 727 extranei,
422 669 477 717 et
506 661 744 716 advena
791 659 1028 715 fuimus.
1056 658 1356 713 Abraham
1390 656 1603 728 itaque,
1637 658 1801 712 intel-

87 750 429 807 lectualitas
459 747 721 804 videlicet
745 755 960 815 nostra,
987 747 1074 802 his
1105 760 1281 817 quam
1303 745 1638 815 simpliciter
1665 760 1801 816 sug-

88 840 279 911 gestis
298 838 573 903 ﬂectitur,
594 843 650 891 et
677 835 996 891 secundum
1022 848 1089 890 ea
1110 849 1169 890 se
1187 841 1455 889 acturum
1480 833 1799 903 pollicetur.

160 927 350 982 Vens.
386 925 477 992 24,
508 927 597 991 25,
625 925 712 977 26.
744 954 812 962 —
841 924 984 992 Ego,
1018 925 1120 988 ait,
1145 922 1346 991 jurabo
1378 923 1687 991 :increpuit
1715 926 1801 974 ta-

85 1030 217 1068 men
246 1014 565 1068 Abimetech
590 1015 815 1081 propter
851 1016 1074 1082 puteum
1121 1025 1298 1080 aqua,
1331 1025 1486 1078 quem
1522 1011 1580 1062 vi
1608 1008 1803 1063 abstu-

89 1104 281 1157 lerant
328 1103 477 1157 servi
520 1103 690 1155 illius.
734 1102 967 1165 Nescivi,
1019 1099 1210 1169 inquit
1264 1098 1610 1165 Abimelech,
1680 1102 1803 1166 quis

91 1193 290 1257 fecerit
322 1192 463 1243 hanc
493 1189 643 1243 rem?
680 1187 776 1242 sed
818 1192 869 1241 et
907 1192 965 1241 tu
992 1203 1100 1241 non
1128 1186 1389 1241 indicasti
1414 1186 1571 1251 mihi,
1620 1190 1673 1241 et
1709 1201 1803 1254 ego

92 1295 204 1334 non
249 1279 456 1334 audivi
503 1282 701 1347 prater
747 1276 921 1330 hodie.
973 1277 1187 1331 Puteus
1226 1289 1394 1344 aqua
1443 1273 1804 1344 profunditas

93 1374 179 1422 est
230 1366 598 1422 discretionis
657 1379 723 1421 ac
770 1362 1195 1433 intelligentia:
1248 1364 1406 1420 hunc
1451 1362 1602 1419 servi
1652 1362 1803 1434 regis

94 1454 381 1510 auferunt
405 1468 539 1509 cum
577 1465 754 1523 prava
781 1451 1065 1520 superbia
1095 1464 1290 1520 opera,
1322 1464 1452 1520 qua
1500 1450 1607 1519 ipsi
1634 1449 1802 1519 quasi

93 1543 217 1614 regi
251 1541 610 1607 deserviunt,
643 1540 952 1594 cacitatem
985 1537 1149 1593 nobis
1190 1537 1410 1606 reprobi
1451 1551 1651 1593 sensus
1692 1536 1799 1593 im-

93 1634 377 1699 mittunt;
424 1630 522 1685 sed
568 1628 834 1700 cogitatio
882 1627 1130 1695 superba
1162 1641 1296 1681 cum
1328 1626 1449 1681 hac
1494 1639 1614 1681 sua
1655 1640 1801 1696 sug-

96 1719 351 1791 gestioni
387 1732 456 1774 ac
483 1717 526 1773 si
558 1715 907 1786 increpando
942 1714 1302 1784 opponimus,
1335 1728 1394 1769 se
1425 1715 1643 1769 nescire
1671 1713 1804 1784 quis

94 1808 299 1865 fecerit
332 1807 445 1863 hoc
496 1805 818 1876 respondet,
865 1803 1004 1875 quia
1043 1818 1160 1858 non
1207 1816 1314 1858 suo
1360 1803 1542 1858 reatui
1593 1801 1802 1857 ascribi

96 1898 343 1967 patitur,
389 1895 491 1951 sed
534 1909 640 1950 nec
687 1893 798 1949 illis
826 1892 1182 1964 argumentis
1231 1891 1336 1946 sibi
1367 1890 1599 1961 probari
1643 1904 1802 1961 posse

97 1992 371 2051 testatur,
405 1982 560 2054 quod
586 1980 792 2038 mentis
818 1980 1223 2050 perspicacitas
1244 1992 1346 2049 per
1374 1994 1432 2035 se
1455 1978 1798 2035 obducatur.

95 2078 302 2130 Praeter
358 2073 516 2125 hodie
548 2086 662 2126 non
710 2069 937 2126 audisse
976 2083 1035 2123 se
1081 2068 1234 2135 dicit,
1289 2069 1428 2138 quia
1474 2067 1557 2123 nil
1603 2083 1661 2124 se
1703 2081 1802 2123 sa-

99 2178 255 2233 pere,
292 2161 376 2216 nil
428 2160 747 2230 intelligere
792 2157 903 2213 nisi
936 2157 1122 2224 hodie,
1178 2157 1234 2212 id
1288 2163 1372 2212 est
1416 2156 1610 2212 lumen
1660 2157 1799 2212 falsa

100 2249 502 2306 testiﬁcatione
541 2248 751 2302 divina
799 2246 858 2301 in
886 2246 1007 2302 suis
1035 2245 1306 2315 operibus
1349 2244 1798 2315 gloriﬁcationis,

96 2348 147 2395 et
178 2337 489 2395 servanda
520 2336 852 2401 honestatis,
901 2348 1035 2390 cum
1067 2348 1198 2389 vere
1228 2334 1541 2404 superbiat,
1592 2341 1646 2389 et
1678 2334 1799 2389 ina-

93 2429 245 2483 niter
267 2426 575 2497 glorietur,
610 2423 887 2494 perhibet.
920 2422 1109 2477 Hodie
1137 2422 1318 2489 audit,
1353 2422 1492 2492 quia
1512 2422 1801 2492 quidquid

93 2514 197 2569 sibi
257 2515 411 2569 inest
453 2511 786 2582 simpliciter
827 2518 1008 2567 totum
1051 2524 1117 2565 ac
1162 2509 1350 2565 lucide
1390 2509 1704 2581 intelligere
1744 2524 1802 2566 se

95 2615 160 2657 ac
201 2601 398 2656 facere
429 2601 553 2657 sine
583 2599 704 2656 ulla
733 2598 961 2668 reprobi
994 2611 1196 2654 sensus
1220 2596 1476 2665 scientia,
1511 2611 1642 2667 qua
1671 2597 1802 2653 ullis

95 2688 334 2744 indiciis
363 2687 605 2759 coargui
633 2685 829 2757 possit,
862 2686 1085 2741 asserit.
1150 2702 1157 2709 '

165 2777 350 2834 Vens.
401 2778 493 2843 27,
541 2778 629 2830 28.
684 2806 752 2814 —
804 2776 951 2829 Tulit
994 2776 1181 2842 itaque
1231 2773 1521 2827 Abraham
1578 2787 1697 2827 oves
1749 2777 1803 2828 et

1911 396 1997 446 tus
2035 398 2114 447 est
2159 394 2301 448 locus
2348 394 2439 447 ille
2480 393 2759 458 Bersabee,
2812 396 2943 463 quia
2981 393 3066 448 ibi
3104 398 3330 464 uterque
3364 395 3597 464 juravit.

1910 483 1981 535 Et
2008 482 2249 534 inierunt
2275 481 2451 549 fcedus
2480 497 2579 549 pro
2606 487 2765 550 puteo
2788 483 3110 549 juramenti.
3155 484 3237 537 Ac
3274 485 3319 537 si
3351 483 3598 540 diceret:

1911 567 2131 623 Sancta
2186 575 2240 624 et
2286 568 2600 638 spiritualis
2661 583 2798 624 mea
2856 569 3190 625 intentionis
3247 572 3603 641 propositum

1910 655 2176 725 quandiu
2206 656 2321 711 tuis
2342 655 2628 712 deservire
2661 657 2902 726 placebit
2940 658 3114 727 nugis
3145 658 3214 714 de
3244 673 3422 716 manu
3453 674 3626 727 mea,

1913 741 1968 797 id
2020 749 2103 797 est
2144 743 2213 797 de
2255 757 2345 798 me
2387 758 2421 797 a
2461 751 2779 813 spontanea
2816 744 3225 802 deliberatione
3255 761 3370 801 non
3405 753 3603 802 extor-

1912 830 2134 900 quebis,
2183 832 2281 886 sed
2312 834 2479 902 quasi
2513 832 2833 901 depositum
2866 833 3037 889 alieni
3063 835 3220 904 juris
3249 849 3603 891 conservan-

1910 919 2048 974 dum
2082 934 2196 974 non
2224 920 2680 975 consumendum
2726 920 2986 990 accipies,
3020 922 3268 977 solemus
3316 928 3414 977 84
3447 923 3601 979 enim

1909 1009 2152 1064 scienter
2198 1009 2465 1079 quadam
2515 1011 2571 1064 in
2627 1025 2730 1066 nos
2781 1012 2932 1066 mala
2976 1012 3294 1077 admittere,
3327 1023 3381 1069 et
3409 1020 3602 1069 tamen

1909 1111 2025 1153 non
2062 1098 2317 1154 deserere
2370 1097 2742 1154 intentionem
2792 1098 3103 1154 voluntatis
3157 1100 3340 1168 bona,
3400 1109 3466 1157 ut
3508 1102 3599 1169 sit,

1909 1185 2119 1256 inquit,
2153 1187 2212 1241 in
2244 1186 2629 1243 testimonium
2654 1187 2791 1242 mihi
2817 1188 2938 1257 ipsa
2958 1188 3181 1257 pietatis
3200 1188 3437 1257 affectio,
3463 1191 3602 1260 quia

1910 1275 2202 1344 quondam
2232 1275 2375 1331 mihi
2422 1275 2779 1331 discretionis
2825 1291 2892 1331 ac
2934 1276 3182 1333 scientia
3226 1277 3436 1334 fontem
3469 1292 3601 1334 car-

1910 1363 2128 1418 nalium
2152 1364 2428 1420 ruderum
2458 1364 2624 1433 quasi
2657 1365 2961 1435 cujusdam
2996 1365 3227 1421 obsoleti
3260 1366 3420 1421 lacus
3451 1381 3603 1423 com-

1909 1454 2233 1522 paraverim
2260 1452 2548 1522 repurgio.
2594 1452 2805 1507 Puteus
2828 1466 2965 1523 ergo
2985 1453 3301 1522 juramenti
3336 1454 3490 1524 quod
3518 1462 3602 1509 est

1912 1541 2187 1595 Bersabee
2220 1541 2375 1595 locus
2410 1540 2499 1595 ille
2528 1540 2757 1607 dicitur,
2794 1541 2935 1609 quia
2963 1539 3041 1595 ibi
3082 1549 3325 1610 uterque
3357 1542 3599 1611 juravit.

1912 1630 2051 1685 dum
2081 1637 2136 1684 et
2167 1628 2363 1698 aliqua
2389 1629 2537 1683 mala
2568 1628 2719 1684 intra
2748 1629 2954 1684 mentis
2983 1629 3175 1684 sinum
3213 1643 3286 1684 ex
3317 1629 3603 1686 industria

1912 1717 2299 1787 recipiuntur;
2341 1725 2396 1773 et
2437 1725 2621 1772 tamen
2659 1731 2730 1772 ne
2762 1717 2818 1771 in
2850 1718 3158 1786 reprobnm
3195 1731 3363 1773 ruere
3395 1726 3604 1788 cogant

1910 1819 2164 1873 sensum,
2199 1819 2272 1860 ex
2303 1804 2501 1874 aliqua
2533 1811 2690 1873 parte
2719 1813 3097 1874 respuuntur,
3128 1805 3443 1875 spondente
3475 1819 3604 1861 con-

1910 1894 2161 1949 scientia
2206 1892 2344 1949 vitio
2375 1908 2432 1948 se
2476 1892 2812 1949 nullatenus
2841 1900 3008 1964 extra
3039 1894 3299 1963 regulam
3330 1907 3602 1964 progres-

1910 1997 2137 2047 surum,
2180 1980 2525 2037 conscientia
2570 1982 2946 2050 respondente
2993 1982 3213 2037 aditum
3266 1981 3358 2037 sui
3406 1982 3605 2052 gloria

1912 2069 2237 2140 temporalis
2264 2069 2530 2126 occursui
2570 2076 2761 2138 utpote
2809 2070 3058 2126 honesta
3104 2069 3185 2125 rei
3230 2084 3345 2125 non
3375 2084 3601 2141 negan-

1910 2159 2070 2227 dum,
2124 2166 2316 2214 tamen
2373 2158 2518 2214 citra
2562 2172 2787 2213 omnem
2839 2158 3066 2213 infamis
3114 2157 3299 2227 culpa
3352 2167 3593 2215 reatum.
3666 2177 3681 2185 λ

1912 2247 2015 2303 Sed
2047 2247 2451 2303 attendendum
2504 2256 2648 2301 esset
2701 2246 2841 2315 quia
2871 2246 3161 2301 modicum
3214 2246 3478 2303 fermenti
3511 2255 3600 2303 to-

1911 2344 2025 2392 tam
2080 2348 2323 2391 massam
2370 2335 2687 2404 corrumpit
2734 2335 2876 2403 (Gal.
2927 2349 2984 2389 v.
3032 2336 3119 2405 9):
3165 2334 3415 2391 solemus
3443 2335 3597 2393 enim

1909 2425 2160 2493 aSpicere
2190 2423 2415 2494 aliquos
2447 2422 2504 2477 in
2548 2423 2764 2493 quibus
2797 2431 2852 2478 et
2899 2423 3168 2493 quadam
3202 2423 3352 2479 mala
3382 2430 3596 2494 patent,

1891 2519 1963 2583 iet
2001 2512 2150 2567 bona
2178 2519 2369 2567 tamen
2411 2511 2610 2580 aliqua
2648 2511 2913 2579 retinent,
2964 2526 3068 2567 nec
3112 2511 3432 2582 cogitamus
3461 2513 3602 2583 quia

1910 2598 2068 2654 aliud
2103 2607 2184 2655 est
2221 2598 2554 2654 inﬁrmitate
2592 2606 2693 2654 aut
2724 2597 3053 2669 ignorantia
3085 2598 3210 2654 illos
3237 2599 3594 2670 delinquere,

1909 2686 2067 2742 aliud
2097 2700 2201 2742 nos
2230 2687 2478 2756 superba
2513 2686 2921 2743 deliberatione
2949 2700 3203 2756 peccare,
3242 2687 3402 2743 aliud
3429 2688 3599 2743 etiam

1909 2774 2274 2830 naturalibus
2306 2774 2459 2830 vitiis
2484 2773 2631 2841 laedi,
2674 2773 2831 2831 aliud
2879 2789 2991 2830 non
3022 2775 3409 2842 naturalibus,
3446 2776 3601 2847 quod

97 2866 277 2931 boves,
325 2871 378 2919 et
418 2864 572 2918 dedit
600 2863 933 2929 Abimetech,
978 2866 1463 2931 percusseruntque
1493 2861 1648 2915 ambo
1694 2862 1794 2926 fw-
1836 2895 1877 2950 ρ
1908 2868 1992 2918 est
2022 2862 2293 2932 superbia
2320 2870 2376 2918 et
2417 2861 2751 2932 cenodoxia,
2785 2870 2983 2932 sponte
3028 2862 3235 2919 addici.
3266 2865 3334 2919 In
3362 2866 3601 2918 malevo-

98 2955 220 3009 dus.
249 2956 328 3009 Et
365 2956 564 3008 statuit
594 2952 878 3007 Abraham
906 2956 1103 3020 septem
1133 2964 1305 3018 agnas
1334 2951 1513 3018 gregis
1538 2963 1795 3003 seorsum.

96 3044 395 3098 Abraham
421 3056 542 3095 oves
566 3045 617 3095 et
644 3040 795 3095 boves
825 3039 1139 3093 Abimelech
1167 3038 1282 3105 dat,
1319 3052 1450 3093 cum
1482 3037 1802 3093 intellectus

99 3140 295 3187 noster
322 3130 574 3186 admisso
616 3128 674 3183 in
722 3142 781 3184 se
817 3127 1104 3196 superbia
1152 3139 1329 3195 regno
1376 3122 1800 3195 simplicitatem

98 3219 300 3285 animi,
338 3225 395 3273 et
441 3216 736 3272 charitatis
775 3215 1136 3280 beneficium,
1170 3213 1325 3283 quod
1357 3220 1539 3268 totum
1568 3212 1640 3268 ob
1688 3212 1799 3267 mi-

100 3317 211 3365 tem
243 3315 545 3373 naturam,
591 3311 650 3360 et
678 3303 905 3361 velleris
934 3302 1347 3373 impensionem
1378 3300 1436 3356 in
1464 3300 1671 3356 ovibus
1700 3315 1801 3356 ac-

101 3395 333 3466 cipitur,
367 3401 424 3449 et
453 3391 875 3463 pradicationis
904 3390 1174 3453 laborem,
1204 3388 1358 3459 quod
1390 3388 1446 3443 in
1478 3388 1662 3444 bobus
1691 3402 1800 3443 no-

104 3493 278 3550 tatur,
322 3483 431 3553 ipsi
475 3480 741 3537 videlicet
770 3479 1227 3536 consumendum
1275 3478 1561 3548 superbia
1614 3477 1802 3547 prodit

106 3573 291 3642 potius
360 3583 541 3640 quam
587 3566 930 3624 commodat.
996 3566 1194 3620 Fiedus
1243 3565 1397 3618 ambo
1447 3564 1796 3635 percutiunt,

104 3660 240 3715 dum
272 3657 480 3714 mundi
520 3656 811 3712 arridente
861 3653 1044 3726 gloria
1075 3654 1220 3709 ratio
1270 3660 1325 3708 et
1353 3652 1620 3722 superbia
1652 3652 1800 3709 irre-

102 3748 462 3820 tragabiliter
489 3745 875 3803 consentiunt.
909 3743 1238 3800 Notandum
1274 3742 1428 3812 quod
1466 3742 1798 3798 Abimelech

100 3845 154 3893 et
184 3836 406 3903 Phicol,
452 3849 587 3891 cum
633 3834 748 3889 duo
793 3832 908 3888 sint
948 3831 1106 3899 vitia,
1158 3831 1236 3886 ita
1267 3839 1460 3886 tamen
1507 3831 1616 3886 sibi
1664 3838 1801 3886 sunt

102 3939 333 3982 annexa
385 3930 451 3980 ut
499 3935 806 3993 nunquam
852 3935 886 3976 a
931 3919 1247 3977 eenodoxia
1299 3919 1475 3989 possit
1521 3917 1800 3975 dimoveri

101 4014 396 4085 superbia,
446 4011 590 4068 illud
621 4024 800 4081 quam
828 4009 1081 4065 maxime
1112 4007 1265 4078 quod
1306 4007 1498 4063 Phicol
1532 4008 1801 4077 princeps

100 4103 393 4160 exercitus
455 4098 787 4156 Abimelech
859 4097 1089 4153 dicitur.
1157 4095 1482 4152 Cenodoxia
1549 4109 1801 4165 namque

1910 2950 2018 3004 lam
2048 2953 2289 3004 animam
2330 2966 2437 3004 non
2473 2950 2721 3004 introibit
2750 2952 3021 3019 sapientia
3065 2952 3220 3020 (Sap.
3270 2966 3309 3017 1,
3345 2951 3420 3022 4),
3468 2965 3599 3008 cum

1905 3043 2097 3093 tamen
2152 3037 2431 3108 peccatori
2490 3051 2588 3107 per
2653 3038 2830 3107 ipsam
2886 3038 3224 3107 sapientiam
3278 3039 3595 3109 inspiratur

1909 3126 2263 3196 paenitentia.

1978 3215 2250 3271 Bersabee
2302 3214 2497 3285 itaque
2527 3222 2765 3271 vocatur
2794 3214 2970 3282 locus,
3023 3215 3160 3271 dum
3197 3215 3254 3271 in
3303 3216 3407 3272 hac
3437 3217 3600 3273 nefa-

1908 3300 1994 3356 ria
2024 3301 2143 3369 Dei,
2165 3309 2219 3358 et
2243 3300 2455 3357 diaboli
2484 3302 2635 3357 intra
2654 3316 2833 3358 unam
2866 3302 3118 3356 animam
3151 3301 3598 3372 participatione,

1908 3389 2117 3445 misera
2164 3389 2310 3446 ratio
2361 3390 2534 3461 figere
2589 3390 2812 3458 nititur,
2863 3391 3016 3460 quod
3069 3390 3189 3446 ﬁeri
3235 3406 3349 3447 non
3401 3398 3597 3461 potest,

1907 3478 2075 3548 quasi
2108 3478 2340 3535 localem
2371 3485 2622 3534 statum:
2674 3478 2771 3533 sed
2815 3493 2929 3533 non
2976 3486 3061 3534 est
3092 3478 3454 3548 participatio
3484 3479 3600 3535 luci

1907 3567 1979 3622 ad
2034 3566 2316 3634 tenebras,
2371 3564 2600 3638 diffugit
2662 3566 2830 3636 plane
2882 3566 2988 3621 lux
3040 3566 3302 3622 tenebras
3361 3568 3596 3636 peccati.

1906 3654 2115 3710 Ineunt
2148 3654 2331 3711 foedus
2355 3668 2457 3724 pro
2489 3662 2659 3724 puteo
2682 3653 3015 3724 juramenti,
3049 3653 3185 3709 dum
3228 3654 3465 3724 quidam
3498 3654 3600 3725 qui

1907 3757 2011 3798 nec
2039 3756 2233 3799 carere
2265 3743 2415 3798 vitiis
2445 3742 2648 3798 volunt
2674 3749 2730 3797 et
2760 3749 2951 3798 tamen
2981 3741 3053 3796 ad
3094 3740 3314 3812 ﬂagitia
3347 3756 3464 3797 non
3499 3756 3601 3811 pro

1907 3832 2007 3887 Dei
2057 3839 2234 3899 metu,
2292 3831 2388 3887 sed
2443 3846 2543 3901 pro
2591 3831 2784 3888 saculi
2830 3832 3020 3901 potius
3052 3830 3287 3886 infamia
3331 3831 3602 3887 devenire

1907 3928 2192 3989 metuunt,
2220 3920 2322 3976 hos
2364 3927 2549 3976 status
2579 3921 2726 3975 intra
2768 3934 2827 3975 se
2859 3933 3163 3989 nunquam
3193 3926 3444 3974 staturos
3484 3924 3599 3973 sta-

1906 4008 2135 4076 biliunt,
2183 4016 2247 4064 ut
2291 4016 2498 4077 puteus
2535 4022 2649 4063 non
2701 4007 2987 4064 obruatur
3034 4007 3302 4072 scientia,
3350 4020 3453 4077 pro
3485 4019 3602 4075 quo

1906 4095 2071 4152 irrita
2100 4110 2235 4152 mox
2265 4096 2465 4152 futura
2521 4104 2577 4152 et
2623 4110 2787 4152 mens
2834 4102 2889 4151 et
2926 4095 3133 4151 vitium
3178 4095 3405 4151 sibimet
3428 4095 3602 4165 jura-

103 4199 246 4248 totas
278 4188 566 4260 superbia
607 4189 760 4245 vires
811 4186 871 4241 in
910 4199 968 4241 se
1007 4184 1216 4241 habere
1249 4184 1625 4255 dignoscitur,
1657 4183 1797 4239 dum
1838 4193 1882 4248 Ι)
1913 4191 2104 4240 menta
2131 4185 2351 4240 dedere.
2372 4177 2484 4254 (Ex
2510 4198 2668 4240 vens.
2695 4185 2811 4253 33.)
2836 4183 2943 4240 Sed
2965 4183 3523 4255 surgitAbimelech,
3547 4190 3600 4239 et

102 4288 257 4336 tanto
306 4277 569 4334 rabidius
616 4290 716 4346 per
755 4273 1073 4330 sanctitatis
1111 4272 1535 4328 simulationem
1582 4271 1797 4328 elevari

104 4368 324 4434 nititur,
355 4372 575 4436 quanto
603 4363 827 4419 visibus
852 4362 1154 4417 hominum
1186 4360 1466 4416 humilius
1487 4373 1797 4417 conversa-

103 4466 233 4521 tur;
270 4456 402 4525 plus
430 4467 567 4510 sane
597 4452 705 4509 sibi
740 4450 1028 4507 contrahit
1068 4450 1286 4520 iniqua
1317 4449 1665 4506 valetudinis
1695 4448 1796 4520 qui

103 4545 245 4611 ﬁcte,
281 4556 462 4614 quam
509 4541 611 4611 qui
663 4539 922 4610 superbit
952 4545 1164 4609 aperte.
1202 4538 1308 4592 Per
1354 4543 1554 4606 septem
1602 4543 1797 4593 autem

103 4628 671 4702 agnasjntelligimus
691 4627 1049 4683 universales
1077 4624 1324 4695 Spiritus
1344 4624 1527 4679 sancti
1549 4624 1794 4695 gratias;

106 4721 205 4776 has
235 4732 495 4775 seorsum
544 4716 874 4782 statuimus,
924 4728 1058 4770 cum
1105 4712 1375 4769 efﬂuente
1422 4711 1563 4768 alias
1602 4712 1797 4768 animo

106 4809 204 4865 has
232 4808 382 4864 inter
425 4804 875 4875 superbiendum
905 4810 961 4859 et
991 4815 1137 4858 vane
1170 4800 1537 4872 gloriandum
1566 4813 1795 4857 conser-

105 4911 236 4953 vare
266 4892 642 4951 discernenda
672 4905 986 4948 censemus.
1025 4889 1131 4946 Sed
1175 4889 1314 4960 quid
1355 4889 1478 4944 hac
1507 4902 1796 4960 agnarum

104 4986 205 5041 sibi
236 4984 373 5040 velit
400 4980 688 5037 distinctio
716 4980 964 5036 miratur
1005 4977 1356 5043 Abimelech,
1389 4978 1529 5048 quia
1577 4982 1796 5033 constat

105 5072 380 5143 superbia
430 5078 636 5141 typum
668 5068 903 5141 indigne
943 5080 1165 5137 semper
1202 5065 1350 5122 ferre
1399 5066 1563 5122 bona
1602 5064 1795 5121 inten-

109 5162 267 5218 tionis
294 5158 670 5216 consortium.

171 5250 337 5308 Vttns.
370 5249 463 5314 29,
510 5248 599 5309 30,
641 5245 729 5312 31,
775 5245 864 5302 32.
897 5274 967 5285 -
1016 5244 1159 5312 Quid
1215 5244 1340 5309 sibi,
1395 5241 1584 5313 inquit
1609 5243 1794 5297 volunt

111 5342 182 5394 hz
207 5352 386 5405 agna,
427 5349 567 5405 quas
598 5338 744 5390 stare
773 5335 958 5402 fecisti
988 5330 1258 5388 seorsum?
1289 5332 1369 5386 At
1396 5332 1524 5385 ille:
1557 5331 1789 5400 Septem,

111 5432 200 5495 ait,
232 5440 405 5493 agnas
438 5426 672 5493 accipies
719 5424 785 5477 de
827 5438 992 5477 manu
1029 5437 1167 5488 mea,
1207 5424 1270 5475 ut
1308 5421 1419 5475 sint
1458 5422 1518 5474 in
1549 5422 1791 5475 testimo-

1904 4271 2096 4328 Phicol
2131 4273 2392 4342 princeps
2423 4271 2641 4328 militia
2677 4271 2823 4342 ejus,
2868 4278 2924 4327 et
2966 4279 3341 4328 revertuntur
3387 4271 3446 4328 in
3487 4279 3599 4327 ter-

1903 4375 2027 4416 ram
2064 4360 2564 4428 Philisthinorum,
2609 4361 2751 4431 quia
2780 4360 2997 4430 peccati
3027 4360 3256 4416 initium
3289 4359 3462 4416 semel
3492 4360 3601 4415 ad-

1903 4449 2143 4504 missum
2194 4463 2418 4519 semper
2464 4449 2647 4519 seipse
2694 4449 2983 4518 potentius
3029 4448 3215 4520 surgit
3256 4449 3436 4504 animi
3479 4449 3598 4520 jam

1902 4536 2118 4607 captivi
2149 4551 2443 4606 usurpans
2488 4537 2818 4607 imperium,
2867 4546 2921 4593 et
2964 4537 3034 4592 ad
3070 4538 3458 4593 terrenitatem
3497 4550 3600 4593 nos

1902 4625 2055 4696 cogit
2074 4626 2283 4682 reverti
2306 4625 2801 4692 Philisthinorum,
2827 4625 2879 4681 id
2899 4634 2982 4681 est
2998 4626 3224 4695 potione
3245 4625 3596 4692 cadentium,

1902 4727 2102 4769 eorum
2152 4714 2364 4771 scilicet
2409 4714 2511 4785 qui
2544 4714 2679 4770 vino
2721 4714 2916 4785 gloria
2944 4713 3256 4769 mundialis
3292 4713 3535 4770 debriati
3566 4729 3599 4769 a

1904 4804 2058 4857 recto
2104 4801 2403 4859 deviantes
2451 4817 2645 4871 sensu,
2682 4803 2740 4858 in
2791 4802 3015 4858 funesta
3062 4801 3346 4858 malorum
3393 4802 3598 4858 discri-

1902 4890 2063 4946 mina
2089 4890 2326 4948 cadunt.

1974 4978 2143 5036 VERS.
2196 4982 2283 5035 33.
2329 5010 2399 5020 —
2442 4979 2723 5034 Abraham
2774 4983 2952 5033 autem
2987 4980 3261 5048 plantavit
3291 4980 3350 5033 in
3386 4978 3598 5034 Bersa-

1904 5067 1992 5121 bee
2039 5082 2245 5134 nemus,
2295 5074 2345 5123 et
2387 5070 2600 5123 vocavit
2646 5067 2725 5121 ibi
2762 5082 2951 5120 nomen
2998 5069 3097 5122 Dei
3142 5069 3348 5132 aterni,
3389 5072 3440 5123 et
3485 5068 3600 5135 fuit

1900 5155 2115 5209 colonus
2170 5160 2325 5210 terra
2370 5156 2818 5210 Philisthinorum
2864 5155 3051 5209 multis
3100 5155 3310 5210 diebus.
3368 5155 3599 5212 Plantat

1899 5244 2180 5299 Abraham
2206 5259 2413 5310 nemus,
2465 5258 2597 5299 cum
2633 5245 2756 5314 jam
2784 5243 2855 5298 ad
2886 5243 3083 5299 saculi
3116 5252 3335 5300 tractus
3368 5244 3600 5301 animus

1900 5331 2274 5401 voluptatem,
2310 5331 2573 5399 incultas,
2616 5330 3002 5387 inextricabili
3047 5346 3239 5389 errore
3274 5333 3595 5402 perplexas,

1898 5426 1954 5476 et
1985 5433 2165 5476 cacas
2194 5420 2565 5491 cogitationes
2613 5419 2730 5476 fixa
2772 5420 2892 5491 jam
2922 5421 3333 5479 deliberatione
3365 5420 3548 5491 gignit
3581 5438 3594 5477 :
