3902 6054
282 167 380 218 167

1199 164 1257 216 ν.
1297 162 1627 218 GUIBERTI
1664 160 1955 217 ABBATIS
1992 161 2048 216 S.
2087 160 2322 216 MARUE
2362 159 2450 215 DE
2485 160 2877 217 NOVIGENTO

3676 160 3781 212 l68

275 307 443 355 vocat
470 306 661 355 tamen
690 298 774 353 ibi
816 312 1007 353 nomen
1038 298 1159 363 Dei,
1207 296 1347 366 quia
1393 295 1602 365 saepius
1639 294 1710 351 ad
1742 308 1840 350 cor
1869 308 1963 349 re-
2001 296 2048 350 Α
2080 294 2210 350 aliis
2249 303 2437 364 erant,
2482 296 2613 366 ipsis
2659 296 2731 352 ad
2786 296 3021 366 plenum
3068 309 3169 366 per
3221 294 3500 366 imagines
3546 295 3778 366 signiﬁ-

277 386 437 443 diens
490 387 646 457 apud
696 387 877 443 Deum
925 383 1301 455 conqueritur
1350 383 1419 439 de
1470 383 1661 450 ruina,
1713 383 1807 438 cui
1850 382 1970 452 jam

277 489 436 532 nunc
480 476 698 531 invitus
742 474 1001 544 subjacet
1047 473 1138 528 sui
1176 487 1188 526 :
1250 473 1406 527 unde
1451 472 1691 542 pulchre
1738 472 1973 528 additur

276 563 507 632 aeterni;
561 563 699 633 quia
718 562 824 618 etsi
850 576 921 617 ex
942 576 1063 617 sua:
1085 561 1408 632 granditate
1433 575 1540 630 neq
1552 560 1706 616 uitiae
1728 559 1973 615 difﬁcilis

276 666 384 707 sua
413 651 515 707 sibi
564 650 793 706 videtur
831 649 1063 716 laxatio,
1108 656 1384 705 aeternum
1421 657 1612 704 tamen
1653 647 1969 704 reminisci-

278 748 375 795 tur
422 739 623 805 Deum,
673 737 774 808 qui
823 737 1146 807 antiquitus
1194 736 1342 792 mira
1373 735 1430 791 in
1482 737 1692 792 talibus
1739 737 1873 806 egit,
1921 746 1971 791 et

275 826 484 882 nostris
538 840 638 895 per
668 826 805 881 talia
835 825 1192 895 temporibus
1220 839 1336 880 non
1384 825 1611 880 desinit.
1662 824 1824 880 Unde
1852 831 1968 879 est:

272 914 429 969 Jesus
456 915 704 970 Christus
738 915 858 968 heri
888 918 939 967 et
968 913 1143 977 hodie,
1177 915 1291 982 ipse
1336 918 1388 967 et
1434 917 1493 966 in
1540 911 1741 967 saecula
1781 912 1967 980 (Hebr.

274 1016 398 1069 xm,
446 1006 500 1069 8)
554 1000 884 1072 hujusmodi
933 1001 1154 1057 vinctos
1205 1001 1425 1056 solvere
1479 1000 1713 1070 poterit:
1769 1000 1971 1056 talium

274 1104 391 1146 vox
427 1099 548 1146 est:
598 1091 679 1143 De
712 1089 1010 1159 profundis
1044 1090 1278 1143 clamavi
1307 1088 1382 1142 ad
1412 1094 1481 1153 te,
1516 1091 1746 1143 Domine
1788 1089 1968 1157 (Psal.

274 1192 478 1245 cxxrx,
513 1178 587 1248 l),
618 1185 675 1234 et
720 1178 964 1247 reliqua.
1017 1177 1104 1232 Fit
1143 1177 1379 1233 colonus
1405 1185 1569 1233 terrae
1602 1176 1969 1233 Philisthino-

274 1281 406 1323 rum
437 1266 634 1323 multis
660 1266 880 1331 diebus,
924 1280 1039 1335 quo
1066 1265 1220 1321 enim
1255 1265 1629 1335 multiplicior
1658 1265 1871 1322 divina:
1897 1265 1972 1321 ad

275 1371 333 1412 se
357 1355 811 1427 dignoscendum
842 1354 1239 1410 illustrationis
1267 1354 1376 1410 sibi
1418 1355 1724 1411 increverit
1756 1354 1972 1412 intelle-

275 1453 422 1509 ctus,
453 1458 518 1499 eo
548 1443 781 1513 gravior
825 1443 1082 1510 aperitur
1115 1442 1286 1497 menti
1322 1442 1550 1498 tristitia
1580 1443 1649 1499 de
1676 1443 1972 1499 diuturni-

275 1539 391 1587 tate
420 1531 508 1587 sui
543 1532 689 1586 inter
725 1530 867 1586 vitia
899 1530 1201 1586 incolatus.
1237 1532 1565 1598 Inveteravi,
1599 1532 1679 1588 ait
1710 1532 1966 1602 quidam,

274 1622 425 1675 inter
454 1634 631 1674 omnes
662 1621 911 1673 inimicos
940 1634 1080 1673 meos
1111 1620 1284 1687 (Psal.
1318 1634 1396 1683 v1,
1430 1620 1506 1690 8).
1542 1620 1612 1675 Et
1638 1635 1649 1674 ξ
1703 1622 1970 1676 lncolatus

275 1723 421 1763 meus
449 1709 805 1777 prolongatus
853 1712 933 1761 est
961 1708 1122 1777 (Psal.
1169 1722 1327 1774 cxrx,
1384 1708 1462 1777 5).
1494 1709 1639 1775 Ego,
1686 1709 1768 1765 ait
1803 1709 1967 1778 alter,

273 1800 363 1851 vir
386 1798 575 1852 videns
598 1802 977 1867 paupertatem
997 1813 1172 1851 meam
1196 1796 1417 1868 (Thren.
1452 1813 1532 1865 ιιι,
1572 1797 1646 1867 l).

889 1886 1120 1942 CAPUT
1160 1886 1347 1942 XXII.

346 1974 528 2030 Vsus.
569 1974 624 2039 1,
658 1976 710 2028 2.
747 2003 820 2015 —
867 1974 997 2038 Quae
1031 1978 1321 2042 postquam
1362 1979 1512 2042 gesta
1549 1980 1694 2042 sunt,
1743 1978 1972 2030 tentavit

275 2063 414 2116 Deus
444 2062 748 2122 Abraham.
778 2067 829 2116 et
876 2062 1026 2115 dixit
1071 2061 1146 2115 ad
1188 2078 1339 2117 eum:
1384 2063 1683 2118 Abraham.
1735 2064 1967 2131 Adsum,

275 2150 486 2221 inquit.
552 2152 716 2219 Tolle,
788 2150 885 2217 ait,
946 2153 1288 2219 unigenitum
1332 2152 1513 2221 ﬁlium
1577 2159 1750 2219 tuum,
1814 2168 1970 2222 quem

274 2238 487 2306 diligis,
537 2240 711 2299 Isaac,
754 2245 806 2293 et
843 2238 981 2292 vade
1014 2241 1072 2292 in
1101 2243 1305 2293 terram
1351 2242 1599 2302 visionis,
1647 2246 1810 2309 atque
1837 2241 1969 2310 offer

274 2342 393 2380 eum
419 2325 501 2380 ibi
518 2329 577 2380 in
604 2326 974 2382 holocaustum
994 2342 1157 2396 super
1177 2344 1343 2381 unum
1373 2331 1631 2383 montium
1655 2344 1810 2399 quem
1826 2344 1971 2384 mon-

272 2418 517 2469 stravero
551 2415 667 2469 tibi.
698 2415 788 2469 Ex
818 2415 926 2469 hoc
956 2423 1246 2485 gestorum
1277 2415 1478 2472 ordine
1503 2417 1733 2472 venitur
1762 2417 1834 2472 ad
1865 2418 1972 2473 hoc

276 2503 433 2572 quod
463 2510 645 2559 tentat
675 2503 827 2559 Deus
873 2503 1188 2558 Abraham.
1236 2503 1608 2560 Notissimum
1654 2513 1737 2561 est
1780 2505 1886 2561 hoc
1913 2505 1971 2561 in

274 2590 396 2647 loco
428 2592 794 2648 tentationem
827 2605 944 2647 non
976 2591 1133 2647 aliud
1165 2606 1341 2662 quam
1375 2593 1763 2662 probationem
1798 2592 1970 2649 intel-

275 2678 415 2750 ligi:
469 2679 663 2750 itaque
709 2688 908 2747 tentat,
951 2694 1081 2736 cum
1116 2680 1262 2736 inter
1291 2681 1415 2736 haec
1440 2681 1633 2737 omnia
1677 2682 1971 2751 probando

277 2767 542 2836 spiritum
573 2774 834 2823 nostrum
866 2768 1076 2835 erudit,
1108 2777 1162 2823 et
1203 2769 1517 2825 examinat.
1560 2769 1783 2825 Dicitur
1817 2784 1971 2840 quo—

279 2855 413 2911 dam
459 2855 519 2910 in
570 2854 714 2924 loco,
751 2855 891 2926 quia
940 2858 1142 2926 septies
1188 2857 1340 2912 cadit
1381 2858 1600 2927 justus,
1631 2864 1685 2913 et
1723 2859 1972 2928 resurgit

280 2945 458 3014 (Prov.
512 2958 678 3013 xxrv,
724 2943 841 3013 l6);
877 2944 1029 3014 quod
1074 2946 1248 3015 juxta
1281 2945 1691 3016 Hieronymum
1721 2947 1800 3002 sic
1833 2946 1974 3002 acci-

278 3034 456 3103 pitur,
483 3034 670 3103 justos
710 3032 976 3089 videlicet
1007 3033 1247 3090 diversis
1282 3035 1662 3090 tentationum
1712 3034 1975 3105 pulsibus

284 3121 504 3190 cadere,
540 3121 636 3177 sed
666 3128 859 3178 tamen
889 3136 989 3192 per
1018 3121 1285 3178 allectum
1330 3123 1494 3178 bonae
1523 3122 1856 3179 intentionis
1899 3123 1971 3178 ad

276 3208 625 3278 poenitentiae
671 3216 885 3264 statum
934 3223 1158 3279 semper
1195 3224 1515 3281 resurgere,
1547 3218 1603 3265 et
1635 3210 1759 3266 ideo
1793 3210 1973 3280 justi-

277 3297 370 3352 tiae
402 3311 609 3353 nomen
657 3311 773 3353 non
803 3297 1084 3364 amittere,
1115 3298 1256 3368 quia
1289 3313 1402 3354 non
1433 3298 1713 3355 desistunt
1743 3306 1974 3369 peccata

276 3383 524 3451 munire,
557 3398 659 3454 per
696 3399 827 3455 quae
855 3385 1065 3441 eruditi
1098 3385 1327 3442 discunt
1358 3386 1721 3456 postmodum
1755 3386 1976 3442 fortiter

274 3479 445 3528 stare.
510 3472 671 3529 Unde
731 3487 896 3529 nemo
952 3472 1198 3529 miretur
1248 3474 1306 3529 in
1364 3474 1454 3529 his
1500 3473 1795 3544 opusculis
1833 3461 1973 3529 dum

274 3561 665 3616 moralitatum
714 3561 942 3617 interna
972 3561 1372 3632 disquirimus,
1419 3562 1573 3632 quod
1621 3561 1974 3632 praemissam

274 3648 563 3705 virtutum
609 3663 1104 3720 qnarumcunqne
1133 3650 1395 3720 gloriam,
1427 3650 1699 3706 vitiorum
1731 3650 1975 3706 adversa

271 3735 689 3803 subnectimus,
739 3737 1026 3793 arridente
1054 3738 1308 3807 opinioni
1340 3745 1547 3794 nostra;
1577 3737 1757 3808 ipsius
1800 3746 1976 3793 mate-

273 3823 361 3878 ria
387 3830 601 3879 textus.
652 3824 798 3891 Non,
849 3824 1110 3895 inquam,
1144 3827 1391 3882 miretur
1421 3827 1574 3896 quis,
1625 3826 1723 3882 sed
1768 3826 1846 3882 ita
1879 3826 1973 3897 agi

272 3913 572 3980 praesentis
602 3911 734 3966 vita:
768 3920 964 3981 penset
990 3927 1338 3981 aerumnam,
1374 3922 1437 3970 ut
1463 3915 1544 3969 nil
1577 3929 1720 3984 pene
1749 3914 1821 3969 sit
1863 3915 1976 3970 vir-

278 3997 418 4054 tutis
449 3997 510 4052 in
556 3998 807 4063 homine,
849 3999 1004 4069 quod
1036 4014 1152 4055 non
1187 4000 1385 4070 aliqua
1413 4002 1727 4071 aliquando
1758 4001 1974 4070 peccati

278 4085 714 4142 labelactatione
746 4087 1007 4143 laedatur.
1058 4088 1307 4144 Tentans
1349 4103 1486 4160 ergo
1523 4104 1657 4145 eum
1706 4090 1859 4146 Deus
1901 4103 1974 4146 ex

2077 393 2204 440 cata
2258 384 2711 455 intelligentibus
2761 391 2971 453 apertae
3029 383 3534 453 contemplationes
3584 391 3777 439 erant.

2082 473 2242 529 Unde
2303 480 2441 528 est:
2521 475 2666 527 Tunc
2740 474 2945 527 locutus
3019 487 3074 527 es
3147 474 3206 526 in
3286 474 3491 526 visione
3564 474 3778 526 sanctis

2079 565 2162 616 tui
2223 561 2400 629 (Psal.
2469 575 2750 625 Lxxxvut,
2818 560 2932 630 20).
3002 560 3068 615 In
3136 560 3246 615 hac
3300 567 3495 615 autem
3552 560 3779 615 visione

2080 651 2235 721 quod
2307 658 2390 706 est
2452 648 2826 720 intelligentia
2880 648 3377 718 contemplationis
3428 653 3628 702 terram
3682 647 3777 703 ﬁr-

2081 751 2187 793 mae
2240 738 2543 808 cujusdam
2614 736 2955 808 cognitionis
3013 736 3361 803 invenimus,
3438 737 3578 806 quia
3655 750 3779 792 un-

2080 825 2150 880 de
2216 825 2388 895 tepidi
2462 825 2816 890 dubitamus,
2887 825 2959 880 ad
3028 825 3204 895 hujus
3274 824 3607 881 accedentes
3667 838 3776 881 ca-

2080 912 2257 969 lorem
2317 913 2455 969 certi
2518 913 2668 969 illico
2731 913 3048 969 reddimur.
3125 912 3332 969 Filium
3403 914 3775 967 holocaustum

2078 1002 2392 1069 offerimus,
2449 1017 2579 1058 cum
2620 1016 2777 1072 spem
2825 1016 2859 1057 a
2904 1001 3168 1057 saeculari
3212 1001 3396 1057 scoria
3450 1001 3582 1071 igne
3611 1001 3771 1056 desi-

2077 1089 2219 1145 derii
2249 1090 2492 1146 caelestis
2520 1090 2593 1145 ad
2622 1104 2834 1160 purum
2877 1098 3284 1160 excoquentes,
3322 1091 3435 1145 Deo
3462 1091 3563 1145 soli
3599 1090 3767 1158 votis,

2076 1186 2131 1235 et
2159 1178 2384 1234 actibus
2407 1178 2767 1249 exquirendo
2798 1178 3038 1234 nitidam
3070 1178 3431 1235 exhibemus.
3471 1179 3633 1234 Mons
3664 1177 3770 1249 qui

2077 1266 2242 1323 nobis
2270 1281 2443 1341 unus,
2480 1267 2537 1322 id
2580 1274 2665 1323 est
2693 1266 3005 1337 singularis
3036 1281 3071 1322 a
3102 1267 3215 1323 Deo
3245 1273 3615 1334 monstratur,
3655 1266 3768 1321 hu-

2078 1355 2287 1411 militas
2319 1355 2616 1426 accipitur,
2658 1355 2780 1411 sine
2811 1369 2929 1425 qua
2955 1362 3010 1411 et
3040 1363 3194 1410 terra
3231 1357 3461 1408 visionis
3502 1354 3766 1410 exinani-

2078 1449 2195 1510 tur,
2231 1449 2289 1497 et
2320 1442 2631 1498 holocausti
2661 1442 2883 1498 devotio
2916 1450 3031 1499 tota
3063 1450 3357 1511 cassatur;
3391 1456 3498 1497 nec
3524 1441 3773 1497 absurde

2083 1544 2249 1586 mons
2299 1530 2640 1601 intelligitur
2690 1530 3006 1598 humilitas,
3052 1545 3184 1587 cum
3242 1531 3340 1600 qui
3390 1545 3449 1585 se
3504 1529 3776 1585 humiliat

2010 1591 2051 1645 Β
2081 1632 2217 1674 eum
2261 1591 2637 1674 exaltandum
2692 1617 2918 1674 Veritas
2965 1591 3275 1688 perhibeat.
3326 1619 3545 1688 (Matth.
3606 1632 3774 1684 xvru,

2076 1708 2154 1770 4).
2214 1707 2378 1761 Hunc
2428 1705 2592 1762 nobis
2646 1714 2899 1762 montem
2965 1706 3397 1776 indicat,,cum
3456 1706 3780 1776 specialiter

2076 1808 2253 1864 super
2292 1794 2398 1849 hoc
2428 1793 2695 1863 apostolis
2731 1794 3006 1863 imperat:
3050 1796 3245 1848 Discite
3276 1809 3311 1846 a
3337 1809 3418 1847 me
3457 1795 3589 1862 quia
3626 1796 3778 1849 mitis

2078 1898 2195 1938 sum
2225 1888 2274 1937 et
2316 1883 2537 1937 humilis
2565 1883 2723 1937 corde
2764 1883 2991 1953 (Matth.
3030 1898 3107 1950 χι,
3162 1882 3274 1953 29).
3306 1882 3560 1952 Quisque
3599 1882 3779 1952 igitur

2079 1972 2186 2028 rite
2237 1971 2491 2027 immolat
2537 1985 2692 2041 spem
2725 1985 2857 2041 quae
2906 1971 3054 2026 bono
3086 1972 3273 2041 surgit
3301 1985 3468 2040 opere
3498 1971 3558 2025 in
3587 1971 3775 2026 excel-

2078 2060 2254 2116 lentia
2284 2060 2625 2115 humilitatis
2650 2060 2819 2129 quasi
2852 2059 3224 2115 fundamento
3254 2058 3523 2115 stabiliat.

2152 2150 2317 2205 Vnus.
2349 2151 2401 2203 3.
2449 2178 2517 2188 ——
2544 2150 2728 2216 Igitur
2773 2149 3077 2214 Abraham,
3128 2148 3195 2202 de
3231 2152 3381 2202 nocte
3427 2162 3772 2215 consurgens,

2077 2240 2277 2292 stravit
2314 2240 2530 2292 asinum
2576 2254 2754 2301 suum,
2804 2237 3002 2291 ducens
3047 2253 3225 2291 secum
3265 2237 3399 2291 duos
3436 2238 3681 2305 juvenes,
3724 2244 3775 2290 et

2076 2328 2241 2380 Isaac
2286 2327 2461 2394 ﬁlium
2504 2341 2681 2380 suum.
2729 2326 2963 2393 Cumque
3007 2325 3326 2381 concidisset
3373 2327 3524 2392 ligna
3571 2326 3630 2378 in
3679 2326 3772 2378 ho-

2079 2416 2392 2479 locaustum,
2444 2415 2584 2468 abiit
2611 2414 2686 2467 ad
2735 2415 2905 2467 locum
2948 2429 3108 2483 quem
3145 2419 3481 2484 prxceperat
3526 2416 3577 2466 ei
3612 2415 3771 2467 Deus.

2077 2502 2363 2557 Abraham
2392 2502 2457 2556 de
2486 2507 2635 2556 nocte
2666 2503 2983 2572 consurgit,
3030 2517 3164 2558 cum
3196 2502 3609 2572 cogitationum
3640 2513 3774 2569 per-

2080 2590 2369 2661 plexitate,
2423 2591 2773 2647 obscuritate
2825 2603 2893 2645 ac
2946 2589 3190 2657 incuria,
3250 2604 3382 2660 quae
3430 2603 3532 2659 per
3570 2601 3777 2643 nemus

2078 2680 2346 2748 superius
2383 2678 2611 2749 signata
2659 2686 2815 2745 sunt,
2880 2679 3118 2749 spiritus
3166 2686 3358 2734 noster
3403 2692 3463 2733 se
3493 2676 3778 2747 sagaciter

2078 2769 2250 2825 eruit.
2285 2769 2519 2822 Asinum
2558 2767 2782 2838 sternit,
2820 2781 2955 2823 cum
2986 2766 3238 2836 corporis
3270 2765 3586 2832 lasciviam,
3619 2764 3777 2834 quod

2080 2856 2128 2911 si
2156 2856 2263 2912 sibi
2313 2856 2479 2913 liceat
2508 2856 2735 2911 asinum
2767 2855 3005 2922 viveret,
3038 2856 3309 2925 contigua
3338 2867 3563 2922 semper
3599 2851 3779 2907 casti-

2082 2945 2310 3016 gatione
2339 2944 2652 3015 restringit.
2690 2946 2829 2998 Duos
2848 2943 3073 3014 juvenes
3096 2958 3229 2999 cum
3268 2943 3425 2998 Isaac
3457 2941 3572 2996 lilio
3599 2955 3777 2995 secum

2082 3033 2272 3098 duxit,
2302 3048 2434 3088 cum
2464 3033 2819 3089 voluntatem
2849 3041 2906 3088 et
2935 3031 3203 3088 affectum
3234 3030 3337 3087 sibi
3370 3030 3514 3084 ratio
3543 3028 3781 3099 conjun-

2081 3121 2183 3190 git,
2216 3121 2434 3191 quibus
2462 3121 2689 3176 duobus
2722 3120 2832 3175 nisi
2862 3120 3101 3176 rationis
3135 3119 3416 3190 gravitate
3456 3117 3772 3183 frenentur,

2082 3210 2266 3265 levius
2296 3209 2354 3264 in
2384 3209 2614 3265 homine
2655 3208 2735 3264 nil
2763 3209 2977 3276 existit,
3012 3207 3165 3264 unde
3189 3208 3322 3278 jure
3352 3205 3584 3261 nomine
3607 3204 3774 3273 juve-

2080 3311 2223 3352 num
2268 3295 2563 3367 Scriptura
2608 3311 2702 3352 eos
2742 3295 3041 3366 exprimit;
3090 3309 3249 3365 spem
3302 3306 3552 3363 quoque,
3607 3292 3662 3347 id
3692 3297 3781 3346 est

2081 3387 2243 3440 Isaac
2274 3385 2474 3441 eodem
2524 3384 2737 3455 pariter
2778 3392 2912 3441 voto
2949 3400 3125 3438 secum
3174 3382 3371 3438 trahit.
3416 3383 3592 3449 Ligna
3638 3394 3782 3435 con-

2080 3472 2325 3528 cidimus
2355 3472 2415 3527 in
2450 3473 2836 3540 holocaustum,
2886 3486 3019 3528 cum
3051 3471 3484 3541 Scripturarum
3512 3468 3782 3539 exempla

2079 3561 2462 3631 excerpimus,
2528 3560 2745 3631 quibus
2808 3560 3002 3616 acrius
3060 3559 3239 3614 animi
3295 3556 3641 3614 desiderium
3696 3556 3783 3611 in-

2082 3648 2462 3705 ﬂammemus.
2507 3649 2602 3704 Ad
2631 3650 2802 3704 locum
2844 3664 3001 3717 quem
3050 3650 3184 3703 Deus
3232 3646 3495 3716 praecepit
3526 3644 3776 3711 abimus,

2080 3752 2216 3793 cum
2269 3737 2329 3793 in
2384 3737 2506 3794 dies
2544 3737 2890 3808 proficiendo
2944 3735 3286 3793 humilitatis
3332 3735 3560 3790 culmen
3603 3731 3779 3787 attin-

2082 3825 2294 3896 gimus.

2152 3912 2332 3969 Vnus.
2374 3915 2426 3982 4,
2472 3916 2522 3968 5.
2562 3944 2622 3954 -
2654 3916 2746 3968 Die
2770 3918 2949 3968 autem
2970 3914 3144 3978 tertio,
3186 3912 3406 3966 elevatis
3434 3911 3600 3964 oculis
3630 3907 3777 3961 vidit

2081 4003 2253 4057 locum
2293 4004 2517 4072 procul;
2572 4002 2825 4073 dixitque
2866 4002 2941 4056 ad
2985 4016 3183 4073 pueros
3233 4015 3392 4055 suos:
3446 4000 3777 4067 Exspectate

2081 4090 2168 4144 hic
2198 4105 2317 4145 cum
2364 4093 2546 4158 asino;
2595 4106 2689 4159 ego
2737 4096 2787 4145 et
2813 4106 2972 4160 puer,
3018 4091 3145 4144 illuc
3190 4103 3360 4157 usque
3404 4091 3781 4157 properantes,

280 4173 515 4230 nomine
544 4182 711 4230 vocat
738 4174 1052 4230 Abraham.
1085 4179 1163 4230 Ac
1192 4175 1238 4230 si
1272 4176 1483 4232 diceret
1513 4191 1526 4231 :
1567 4177 1622 4232 Si
1652 4179 1723 4233 ad
1764 4179 1974 4248 proba-
2014 4188 2058 4243 1)
2084 4184 2373 4248 postquam
2427 4179 2858 4245 adoraverimus,
2902 4183 3231 4233 revertemur
3281 4176 3356 4231 ad
3391 4190 3504 4230 vos.
3551 4174 3784 4228 Primus

281 4259 455 4316 tionis
501 4262 771 4318 meritum
817 4278 886 4319 ex
923 4272 1023 4319 tua
1070 4263 1234 4333 cupis
1286 4264 1630 4333 impactione
1681 4266 1974 4335 prolicere,

282 4356 445 4418 pater
474 4349 791 4406 multarum
823 4350 1103 4422 gentium,
1148 4351 1202 4407 id
1232 4358 1316 4408 est
1344 4360 1538 4422 pastor
1565 4354 1977 4425 cogitationum

282 4436 623 4506 multarum,
676 4453 807 4509 quae
853 4446 988 4495 sunt
1035 4439 1289 4511 origines
1326 4455 1588 4511 operum,
1642 4456 1866 4499 necesse
1896 4449 1981 4499 est

281 4525 535 4594 primum
558 4527 791 4583 studeas
820 4529 1091 4584 eminere.

352 4613 586 4677 Adsum.
610 4615 817 4685 inquit,
845 4615 896 4672 id
917 4624 1002 4672 est
1021 4631 1137 4672 non
1150 4617 1292 4673 mihi
1307 4618 1478 4675 deero
1500 4619 1559 4674 in
1579 4625 1811 4676 tuorum
1828 4634 1981 4676 exse-

282 4702 510 4758 cutione
539 4702 844 4759 dictorum.
903 4706 1065 4771 Tolle,
1112 4705 1212 4771 ait,
1257 4720 1417 4776 spem
1463 4721 1643 4777 quam
1677 4708 1848 4764 unico
1881 4713 1981 4763 85

285 4788 491 4846 alTectu
524 4799 575 4847 te
604 4792 871 4862 prosequi
892 4792 1052 4849 decet
1073 4794 1145 4849 ab
1176 4793 1391 4850 inﬁmis
1416 4795 1766 4852 inhaesuram
1798 4796 1977 4864 Isaac,

285 4877 344 4932 id
374 4886 458 4933 est
487 4878 701 4935 risibus
738 4880 986 4948 aeternis,
1019 4889 1074 4937 et
1101 4882 1239 4936 vade
1265 4883 1530 4952 passibus
1566 4883 1980 4940 desideriorum

285 4967 344 5018 in
407 4970 627 5035 terram,
687 4968 929 5024 solidam
985 4969 1201 5026 scilicet
1270 4971 1670 5027 certitudinem
1734 4974 1978 5037 visionis,

286 5050 500 5109 divinae
544 5056 746 5126 utique
785 5058 1213 5126 speculationis.
1245 5058 1524 5124 Visiones,
1565 5059 1694 5115 licet
1722 5073 1824 5129 per
1865 5073 1983 5115 cor-

287 5152 495 5208 porum
537 5143 755 5200 soleant
800 5145 922 5201 iieri
967 5145 1267 5217 imagines,
1313 5155 1504 5203 tamen
1556 5148 1614 5203 in
1653 5147 1982 5218 prophetico

287 5234 443 5295 actu,
512 5232 782 5301 quamvis
842 5248 943 5303 per
984 5248 1287 5304 corporeas
1330 5234 1566 5291 forsitan
1618 5236 1732 5291 imo
1781 5250 1984 5291 revera

288 5316 729 5376 ostenderentur
757 5320 1184 5391 similitudines,
1218 5330 1433 5391 tamen,
1463 5331 1753 5393 quantum
1782 5324 1854 5379 ad
1888 5338 1985 5379 eos

289 5417 324 5459 a
384 5404 602 5475 quibus
652 5408 960 5466 videbatur
1023 5419 1259 5481 spectat,
1327 5411 1460 5481 ipsa:
1517 5411 1797 5483 imagines
1851 5426 1983 5482 quae

2085 4265 2204 4321 dies
2229 4280 2432 4322 eorum
2482 4265 2583 4336 qui
2631 4273 3004 4322 revertuntur
3047 4265 3118 4320 ad
3157 4278 3272 4332 cor,
3316 4263 3459 4319 bene
3500 4259 3782 4331 operandi

2085 4353 2358 4410 voluntas
2408 4363 2520 4423 est;
2576 4355 2866 4410 secundus
2935 4353 3076 4410 certi
3130 4352 3432 4408 destinatio
3482 4347 3779 4420 propositi,

2084 4443 2194 4499 sub
2224 4457 2343 4513 qua
2373 4442 2717 4513 professione
2774 4441 3034 4498 videlicet
3077 4440 3255 4508 vivat,
3292 4439 3475 4496 solent
3522 4451 3784 4506 namque

2086 4530 2301 4587 talibus
2332 4531 2596 4601 quaedam
2634 4530 2908 4602 ambages
2951 4543 3271 4597 occurrere,
3308 4535 3407 4583 aut
3449 4525 3644 4593 eremi,
3676 4538 3782 4580 seu

2087 4619 2440 4687 reclusionis,
2501 4618 2622 4674 sive
2690 4619 3083 4686 monachatus,
3149 4617 3240 4674 vel
3302 4612 3786 4688 peregrinationis

2089 4706 2460 4777 abripiendae.
2518 4707 2746 4763 Tertius
2791 4707 2926 4768 dies.
2977 4706 3075 4762 ubi
3107 4705 3180 4760 ad
3210 4711 3432 4761 certum
3476 4714 3789 4772 proposue-

2089 4795 2224 4862 rint,
2276 4794 2563 4851 destinata
2617 4793 2844 4851 eﬂ'ectui
2901 4793 3259 4863 mancipare;
3319 4792 3428 4847 hac
3483 4790 3651 4845 tertia
3691 4788 3789 4844 die

2089 4882 2287 4938 divina
2340 4882 2628 4952 praecipue
2680 4882 2865 4954 gratia
2921 4881 3064 4938 solet
3116 4892 3526 4937 conversorum
3577 4874 3792 4931 animis

2092 4970 2355 5041 illucere;
2390 4972 2495 5026 hac
2518 4969 2672 5026 enim
2708 4970 2856 5027 ﬁunt
2884 4970 3102 5041 nuptiae
3135 4969 3191 5024 in
3218 4967 3375 5025 Cana
3401 4965 3651 5032 Galilex,
3684 4963 3791 5020 ubi

2088 5066 2395 5115 transeunt
2439 5059 2581 5115 mire
2625 5059 2918 5116 moraliter
2961 5059 3020 5115 in
3060 5057 3262 5114 vinum
3302 5070 3471 5126 aquae
3501 5053 3677 5125 (Joan.
3725 5067 3788 5120 ιι,

2088 5146 2162 5216 9).
2195 5147 2262 5201 In
2300 5147 2426 5214 hac,
2462 5146 2718 5217 inquam,
2754 5162 2887 5203 cum
2922 5147 3103 5218 pietas
3128 5143 3394 5202 desiderii
3436 5143 3496 5198 in
3526 5141 3790 5198 fructum

2089 5234 2439 5305 operationis
2492 5234 2681 5306 digna:
2735 5235 3080 5307 proruperit.
3127 5235 3198 5291 ab
3259 5233 3388 5289 imis
3447 5231 3521 5287 ad
3574 5244 3791 5300 supera

2092 5324 2418 5380 contuenda
2455 5323 2617 5381 liberi
2651 5325 2773 5395 jam
2817 5323 3013 5380 saeculi
3059 5323 3269 5393 pituita
3311 5321 3613 5377 elevantur
3664 5331 3789 5373 cor-

2092 5412 2253 5469 dium
2299 5412 2475 5482 oculi,
2532 5412 2806 5484 locusque
2853 5414 3047 5482 procul
3090 5411 3339 5478 videtur,
3394 5409 3535 5480 quia
3582 5419 3789 5476 sapore
