  <div class='ocr_page' id='page_1' title='image "/cluster/home/n/w/nwhite01/storage/ocr_20150623/156/hvd.32044054760145/090.png"; bbox 0 0 3904 6066; ppageno 0'>
   <div class='ocr_carea' id='block_1_1' title="bbox 100 183 210 236">
    <p class='ocr_par' dir='ltr' id='par_1_1' title="bbox 100 183 210 236">
     <span class='ocr_line' id='line_1_1' title="bbox 100 183 210 236; baseline -0.009 0"><span class='ocrx_word' id='word_1_1' title='bbox 100 183 210 236; x_wconf 70' lang='grc'><strong>169</strong></span> 
     </span>
    </p>
   </div>
   <div class='ocr_carea' id='block_1_2' title="bbox 1305 181 2422 246">
    <p class='ocr_par' dir='ltr' id='par_1_2' title="bbox 1305 181 2422 246">
     <span class='ocr_line' id='line_1_2' title="bbox 1305 181 2422 246; baseline 0.003 -7"><span class='ocrx_word' id='word_1_2' title='bbox 1305 182 1670 242; x_wconf 76' lang='lat' dir='ltr'><strong>MORALIUM</strong></span> <span class='ocrx_word' id='word_1_3' title='bbox 1712 184 1784 240; x_wconf 86' lang='lat' dir='ltr'><strong>IN</strong></span> <span class='ocrx_word' id='word_1_4' title='bbox 1823 181 2121 244; x_wconf 81' lang='lat' dir='ltr'><strong>GENESIN</strong></span> <span class='ocrx_word' id='word_1_5' title='bbox 2163 189 2291 244; x_wconf 86' lang='lat' dir='ltr'><strong>LIB.</strong></span> <span class='ocrx_word' id='word_1_6' title='bbox 2334 185 2422 246; x_wconf 86' lang='lat' dir='ltr'><strong>VI.</strong></span> 
     </span>
    </p>
   </div>
   <div class='ocr_carea' id='block_1_3' title="bbox 3522 189 3622 248">
    <p class='ocr_par' dir='ltr' id='par_1_3' title="bbox 3522 189 3622 248">
     <span class='ocr_line' id='line_1_3' title="bbox 3522 189 3622 248; baseline -0.02 0"><span class='ocrx_word' id='word_1_7' title='bbox 3522 189 3622 248; x_wconf 69' lang='lat'><strong>170</strong></span> 
     </span>
    </p>
   </div>
   <div class='ocr_carea' id='block_1_4' title="bbox 93 317 3616 396">
    <p class='ocr_par' dir='ltr' id='par_1_4' title="bbox 93 317 3616 396">
     <span class='ocr_line' id='line_1_4' title="bbox 93 317 3616 396; baseline 0.003 -23"><span class='ocrx_word' id='word_1_8' title='bbox 93 318 363 388; x_wconf 85' lang='lat' dir='ltr'><strong>quodam</strong></span> <span class='ocrx_word' id='word_1_9' title='bbox 413 317 612 375; x_wconf 90' lang='lat' dir='ltr'><strong>intimo</strong></span> <span class='ocrx_word' id='word_1_10' title='bbox 682 327 805 390; x_wconf 89' lang='lat' dir='ltr'><strong>post</strong></span> <span class='ocrx_word' id='word_1_11' title='bbox 838 318 1068 388; x_wconf 82' lang='lat' dir='ltr'><strong>ﬂuctus,</strong></span> <span class='ocrx_word' id='word_1_12' title='bbox 1113 325 1168 375; x_wconf 89' lang='lat' dir='ltr'><strong>et</strong></span> <span class='ocrx_word' id='word_1_13' title='bbox 1208 319 1608 376; x_wconf 90' lang='lat' dir='ltr'><strong>instabilitates</strong></span> <span class='ocrx_word' id='word_1_14' title='bbox 1659 335 1804 391; x_wconf 73' lang='lat' dir='ltr'><strong>prte-</strong></span> <span class='ocrx_word' id='word_1_15' title='bbox 1843 325 1888 376; x_wconf 82' lang='grc' dir='ltr'><strong>Α</strong></span> <span class='ocrx_word' id='word_1_16' title='bbox 1920 324 2124 394; x_wconf 82' lang='lat' dir='ltr'><strong>agendi</strong></span> <span class='ocrx_word' id='word_1_17' title='bbox 2159 325 2296 379; x_wconf 88' lang='lat' dir='ltr'><strong>mihi</strong></span> <span class='ocrx_word' id='word_1_18' title='bbox 2334 325 2557 394; x_wconf 80' lang='lat' dir='ltr'><strong>injacet,</strong></span> <span class='ocrx_word' id='word_1_19' title='bbox 2598 334 2652 380; x_wconf 89' lang='lat' dir='ltr'><strong>et</strong></span> <span class='ocrx_word' id='word_1_20' title='bbox 2683 324 3116 394; x_wconf 86' lang='lat' dir='ltr'><strong>Scripturarnm</strong></span> <span class='ocrx_word' id='word_1_21' title='bbox 3151 327 3451 396; x_wconf 86' lang='lat' dir='ltr'><strong>promissio</strong></span> <span class='ocrx_word' id='word_1_22' title='bbox 3477 342 3616 383; x_wconf 84' lang='lat' dir='ltr'><strong>cou-</strong></span> 
     </span>
    </p>
   </div>
   <div class='ocr_carea' id='block_1_5' title="bbox 92 407 1814 478">
    <p class='ocr_par' dir='ltr' id='par_1_5' title="bbox 92 407 1814 478">
     <span class='ocr_line' id='line_1_5' title="bbox 92 407 1814 478; baseline 0.002 -16"><span class='ocrx_word' id='word_1_23' title='bbox 92 416 294 462; x_wconf 89' lang='lat' dir='ltr'><strong>sentes</strong></span> <span class='ocrx_word' id='word_1_24' title='bbox 333 421 634 474; x_wconf 74' lang='lat' dir='ltr'><strong>zerumnze,</strong></span> <span class='ocrx_word' id='word_1_25' title='bbox 715 408 1044 463; x_wconf 83' lang='lat' dir='ltr'><strong>firmissima</strong></span> <span class='ocrx_word' id='word_1_26' title='bbox 1098 407 1198 463; x_wconf 88' lang='lat' dir='ltr'><strong>illa</strong></span> <span class='ocrx_word' id='word_1_27' title='bbox 1274 409 1464 476; x_wconf 89' lang='lat' dir='ltr'><strong>statio,</strong></span> <span class='ocrx_word' id='word_1_28' title='bbox 1515 411 1669 478; x_wconf 87' lang='lat' dir='ltr'><strong>quod</strong></span> <span class='ocrx_word' id='word_1_29' title='bbox 1729 418 1814 466; x_wconf 88' lang='lat' dir='ltr'><strong>est</strong></span> 
     </span>
    </p>
   </div>
   <div class='ocr_carea' id='block_1_6' title="bbox 93 495 1809 566">
    <p class='ocr_par' dir='ltr' id='par_1_6' title="bbox 93 495 1809 566">
     <span class='ocr_line' id='line_1_6' title="bbox 93 495 1809 566; baseline 0.002 -17"><span class='ocrx_word' id='word_1_30' title='bbox 93 496 279 563; x_wconf 87' lang='lat' dir='ltr'><strong>Deus,</strong></span> <span class='ocrx_word' id='word_1_31' title='bbox 314 495 418 565; x_wconf 91' lang='lat' dir='ltr'><strong>qui</strong></span> <span class='ocrx_word' id='word_1_32' title='bbox 451 496 797 551; x_wconf 83' lang='lat' dir='ltr'><strong>universalis</strong></span> <span class='ocrx_word' id='word_1_33' title='bbox 825 497 1078 566; x_wconf 74' lang='lat' dir='ltr'><strong>quidem,</strong></span> <span class='ocrx_word' id='word_1_34' title='bbox 1132 497 1230 552; x_wconf 88' lang='lat' dir='ltr'><strong>sed</strong></span> <span class='ocrx_word' id='word_1_35' title='bbox 1260 497 1522 566; x_wconf 80' lang='lat' dir='ltr'><strong>specialis</strong></span> <span class='ocrx_word' id='word_1_36' title='bbox 1546 497 1654 552; x_wconf 83' lang='lat' dir='ltr'><strong>sibi</strong></span> <span class='ocrx_word' id='word_1_37' title='bbox 1713 514 1809 552; x_wconf 85' lang='lat' dir='ltr'><strong>co—</strong></span> 
     </span>
    </p>
   </div>
   <div class='ocr_carea' id='block_1_7' title="bbox 94 582 1812 654">
    <p class='ocr_par' dir='ltr' id='par_1_7' title="bbox 94 582 1812 654">
     <span class='ocr_line' id='line_1_7' title="bbox 94 582 1812 654; baseline 0.001 -16"><span class='ocrx_word' id='word_1_38' title='bbox 94 583 455 640; x_wconf 74' lang='lat' dir='ltr'><strong>hzerentium</strong></span> <span class='ocrx_word' id='word_1_39' title='bbox 507 584 666 640; x_wconf 90' lang='lat' dir='ltr'><strong>locus</strong></span> <span class='ocrx_word' id='word_1_40' title='bbox 713 593 818 651; x_wconf 90' lang='lat' dir='ltr'><strong>est,</strong></span> <span class='ocrx_word' id='word_1_41' title='bbox 859 593 916 640; x_wconf 91' lang='lat' dir='ltr'><strong>et</strong></span> <span class='ocrx_word' id='word_1_42' title='bbox 968 584 1077 640; x_wconf 90' lang='lat' dir='ltr'><strong>lide</strong></span> <span class='ocrx_word' id='word_1_43' title='bbox 1123 584 1310 654; x_wconf 88' lang='lat' dir='ltr'><strong>primo</strong></span> <span class='ocrx_word' id='word_1_44' title='bbox 1362 585 1610 652; x_wconf 89' lang='lat' dir='ltr'><strong>videtur,</strong></span> <span class='ocrx_word' id='word_1_45' title='bbox 1647 582 1812 641; x_wconf 90' lang='lat' dir='ltr'><strong>idest</strong></span> 
     </span>
    </p>
   </div>
   <div class='ocr_carea' id='block_1_8' title="bbox 93 673 1812 744">
    <p class='ocr_par' dir='ltr' id='par_1_8' title="bbox 93 673 1812 744">
     <span class='ocr_line' id='line_1_8' title="bbox 93 673 1812 744; baseline 0.001 -18"><span class='ocrx_word' id='word_1_46' title='bbox 93 673 364 728; x_wconf 74' lang='lat' dir='ltr'><strong>creditur</strong></span> <span class='ocrx_word' id='word_1_47' title='bbox 412 673 622 728; x_wconf 82' lang='lat' dir='ltr'><strong>dehinc</strong></span> <span class='ocrx_word' id='word_1_48' title='bbox 673 673 1116 743; x_wconf 90' lang='lat' dir='ltr'><strong>coutemplando</strong></span> <span class='ocrx_word' id='word_1_49' title='bbox 1172 675 1567 744; x_wconf 73' lang='lat' dir='ltr'><strong>cognoscitur;</strong></span> <span class='ocrx_word' id='word_1_50' title='bbox 1621 677 1812 744; x_wconf 79' lang='lat' dir='ltr'><strong>procul</strong></span> 
     </span>
    </p>
   </div>
   <div class='ocr_carea' id='block_1_9' title="bbox 93 761 1811 834">
    <p class='ocr_par' dir='ltr' id='par_1_9' title="bbox 93 761 1811 834">
     <span class='ocr_line' id='line_1_9' title="bbox 93 761 1811 834; baseline 0.001 -18"><span class='ocrx_word' id='word_1_51' title='bbox 93 762 408 830; x_wconf 74' lang='lat' dir='ltr'><strong>aspicitur,</strong></span> <span class='ocrx_word' id='word_1_52' title='bbox 443 763 583 831; x_wconf 83' lang='lat' dir='ltr'><strong>quia</strong></span> <span class='ocrx_word' id='word_1_53' title='bbox 617 761 782 832; x_wconf 90' lang='lat' dir='ltr'><strong>longe</strong></span> <span class='ocrx_word' id='word_1_54' title='bbox 811 770 914 828; x_wconf 89' lang='lat' dir='ltr'><strong>est,</strong></span> <span class='ocrx_word' id='word_1_55' title='bbox 947 761 1020 816; x_wconf 90' lang='lat' dir='ltr'><strong>ab</strong></span> <span class='ocrx_word' id='word_1_56' title='bbox 1049 776 1114 826; x_wconf 87' lang='lat' dir='ltr'><strong>eo</strong></span> <span class='ocrx_word' id='word_1_57' title='bbox 1145 762 1301 831; x_wconf 91' lang='lat' dir='ltr'><strong>quod</strong></span> <span class='ocrx_word' id='word_1_58' title='bbox 1329 763 1480 818; x_wconf 85' lang='lat' dir='ltr'><strong>Deus</strong></span> <span class='ocrx_word' id='word_1_59' title='bbox 1510 773 1611 830; x_wconf 78' lang='lat' dir='ltr'><strong>est,</strong></span> <span class='ocrx_word' id='word_1_60' title='bbox 1647 764 1811 834; x_wconf 88' lang='lat' dir='ltr'><strong>quid-</strong></span> 
     </span>
    </p>
   </div>
   <div class='ocr_carea' id='block_1_10' title="bbox 92 849 1808 922">
    <p class='ocr_par' dir='ltr' id='par_1_10' title="bbox 92 849 1808 922">
     <span class='ocr_line' id='line_1_10' title="bbox 92 849 1808 922; baseline 0.001 -17"><span class='ocrx_word' id='word_1_61' title='bbox 92 850 247 920; x_wconf 85' lang='lat' dir='ltr'><strong>quid</strong></span> <span class='ocrx_word' id='word_1_62' title='bbox 279 849 351 905; x_wconf 92' lang='lat' dir='ltr'><strong>de</strong></span> <span class='ocrx_word' id='word_1_63' title='bbox 379 864 447 905; x_wconf 90' lang='lat' dir='ltr'><strong>eo</strong></span> <span class='ocrx_word' id='word_1_64' title='bbox 477 850 737 904; x_wconf 86' lang='lat' dir='ltr'><strong>humana</strong></span> <span class='ocrx_word' id='word_1_65' title='bbox 785 849 1131 920; x_wconf 73' lang='lat' dir='ltr'><strong>cogitatione</strong></span> <span class='ocrx_word' id='word_1_66' title='bbox 1163 851 1444 920; x_wconf 88' lang='lat' dir='ltr'><strong>sentitur;</strong></span> <span class='ocrx_word' id='word_1_67' title='bbox 1480 853 1638 920; x_wconf 87' lang='lat' dir='ltr'><strong>pueri</strong></span> <span class='ocrx_word' id='word_1_68' title='bbox 1672 852 1808 922; x_wconf 89' lang='lat' dir='ltr'><strong>qni-</strong></span> 
     </span>
    </p>
   </div>
   <div class='ocr_carea' id='block_1_11' title="bbox 91 938 1808 1010">
    <p class='ocr_par' dir='ltr' id='par_1_11' title="bbox 91 938 1808 1010">
     <span class='ocr_line' id='line_1_11' title="bbox 91 938 1808 1010; baseline 0.002 -17"><span class='ocrx_word' id='word_1_69' title='bbox 91 938 510 1008; x_wconf 85' lang='lat' dir='ltr'><strong>busloquitur</strong></span> <span class='ocrx_word' id='word_1_70' title='bbox 567 938 884 1005; x_wconf 86' lang='lat' dir='ltr'><strong>Abraham,</strong></span> <span class='ocrx_word' id='word_1_71' title='bbox 941 938 1286 994; x_wconf 89' lang='lat' dir='ltr'><strong>sensualitas</strong></span> <span class='ocrx_word' id='word_1_72' title='bbox 1339 953 1407 994; x_wconf 88' lang='lat' dir='ltr'><strong>ac</strong></span> <span class='ocrx_word' id='word_1_73' title='bbox 1476 940 1808 1010; x_wconf 75' lang='lat' dir='ltr'><strong>imaginatio</strong></span> 
     </span>
    </p>
   </div>
   <div class='ocr_carea' id='block_1_12' title="bbox 89 1025 1804 1097">
    <p class='ocr_par' dir='ltr' id='par_1_12' title="bbox 89 1025 1804 1097">
     <span class='ocr_line' id='line_1_12' title="bbox 89 1025 1804 1097; baseline 0.001 -15"><span class='ocrx_word' id='word_1_74' title='bbox 89 1035 298 1082; x_wconf 90' lang='lat' dir='ltr'><strong>nostra</strong></span> <span class='ocrx_word' id='word_1_75' title='bbox 331 1034 489 1093; x_wconf 86' lang='lat' dir='ltr'><strong>sunt,</strong></span> <span class='ocrx_word' id='word_1_76' title='bbox 547 1041 678 1096; x_wconf 78' lang='lat' dir='ltr'><strong>qnte</strong></span> <span class='ocrx_word' id='word_1_77' title='bbox 711 1035 765 1082; x_wconf 88' lang='lat' dir='ltr'><strong>et</strong></span> <span class='ocrx_word' id='word_1_78' title='bbox 799 1025 1098 1096; x_wconf 89' lang='lat' dir='ltr'><strong>pueriliter</strong></span> <span class='ocrx_word' id='word_1_79' title='bbox 1143 1041 1201 1081; x_wconf 89' lang='lat' dir='ltr'><strong>se</strong></span> <span class='ocrx_word' id='word_1_80' title='bbox 1232 1036 1433 1097; x_wconf 90' lang='lat' dir='ltr'><strong>agunt,</strong></span> <span class='ocrx_word' id='word_1_81' title='bbox 1469 1037 1522 1084; x_wconf 93' lang='lat' dir='ltr'><strong>et</strong></span> <span class='ocrx_word' id='word_1_82' title='bbox 1552 1030 1804 1097; x_wconf 89' lang='lat' dir='ltr'><strong>sapiunt,</strong></span> 
     </span>
    </p>
   </div>
   <div class='ocr_carea' id='block_1_13' title="bbox 89 1114 1804 1185">
    <p class='ocr_par' dir='ltr' id='par_1_13' title="bbox 89 1114 1804 1185">
     <span class='ocr_line' id='line_1_13' title="bbox 89 1114 1804 1185; baseline 0.001 -14"><span class='ocrx_word' id='word_1_83' title='bbox 89 1123 148 1172; x_wconf 89' lang='lat' dir='ltr'><strong>et</strong></span> <span class='ocrx_word' id='word_1_84' title='bbox 175 1116 578 1184; x_wconf 86' lang='lat' dir='ltr'><strong>corporalium</strong></span> <span class='ocrx_word' id='word_1_85' title='bbox 602 1114 701 1169; x_wconf 86' lang='lat' dir='ltr'><strong>vix</strong></span> <span class='ocrx_word' id='word_1_86' title='bbox 734 1129 996 1185; x_wconf 84' lang='lat' dir='ltr'><strong>unquam</strong></span> <span class='ocrx_word' id='word_1_87' title='bbox 1025 1116 1478 1173; x_wconf 88' lang='lat' dir='ltr'><strong>consideratione</strong></span> <span class='ocrx_word' id='word_1_88' title='bbox 1508 1119 1804 1185; x_wconf 88' lang='lat' dir='ltr'><strong>recedunt,</strong></span> 
     </span>
    </p>
   </div>
   <div class='ocr_carea' id='block_1_14' title="bbox 93 1204 1802 1275">
    <p class='ocr_par' dir='ltr' id='par_1_14' title="bbox 93 1204 1802 1275">
     <span class='ocr_line' id='line_1_14' title="bbox 93 1204 1802 1275; baseline 0.002 -16"><span class='ocrx_word' id='word_1_89' title='bbox 93 1205 255 1260; x_wconf 90' lang='lat' dir='ltr'><strong>unde</strong></span> <span class='ocrx_word' id='word_1_90' title='bbox 274 1211 334 1260; x_wconf 87' lang='lat' dir='ltr'><strong>et</strong></span> <span class='ocrx_word' id='word_1_91' title='bbox 367 1219 488 1258; x_wconf 87' lang='lat' dir='ltr'><strong>cum</strong></span> <span class='ocrx_word' id='word_1_92' title='bbox 518 1206 672 1256; x_wconf 86' lang='lat' dir='ltr'><strong>asino</strong></span> <span class='ocrx_word' id='word_1_93' title='bbox 703 1211 1040 1273; x_wconf 89' lang='lat' dir='ltr'><strong>exspectare</strong></span> <span class='ocrx_word' id='word_1_94' title='bbox 1069 1204 1145 1259; x_wconf 88' lang='lat' dir='ltr'><strong>illi</strong></span> <span class='ocrx_word' id='word_1_95' title='bbox 1173 1205 1319 1275; x_wconf 88' lang='lat' dir='ltr'><strong>jussi</strong></span> <span class='ocrx_word' id='word_1_96' title='bbox 1359 1215 1524 1272; x_wconf 89' lang='lat' dir='ltr'><strong>sunt;</strong></span> <span class='ocrx_word' id='word_1_97' title='bbox 1562 1207 1618 1262; x_wconf 88' lang='lat' dir='ltr'><strong>hi</strong></span> <span class='ocrx_word' id='word_1_98' title='bbox 1653 1207 1802 1262; x_wconf 88' lang='lat' dir='ltr'><strong>enim</strong></span> 
     </span>
    </p>
   </div>
   <div class='ocr_carea' id='block_1_15' title="bbox 89 1291 1802 1364">
    <p class='ocr_par' dir='ltr' id='par_1_15' title="bbox 89 1291 1802 1364">
     <span class='ocr_line' id='line_1_15' title="bbox 89 1291 1802 1364; baseline 0.001 -17"><span class='ocrx_word' id='word_1_99' title='bbox 89 1307 211 1360; x_wconf 76' lang='lat' dir='ltr'><strong>prae</strong></span> <span class='ocrx_word' id='word_1_100' title='bbox 271 1291 454 1347; x_wconf 90' lang='lat' dir='ltr'><strong>nimio</strong></span> <span class='ocrx_word' id='word_1_101' title='bbox 500 1291 592 1345; x_wconf 91' lang='lat' dir='ltr'><strong>sui</strong></span> <span class='ocrx_word' id='word_1_102' title='bbox 661 1291 912 1360; x_wconf 89' lang='lat' dir='ltr'><strong>pondere</strong></span> <span class='ocrx_word' id='word_1_103' title='bbox 965 1293 1037 1347; x_wconf 89' lang='lat' dir='ltr'><strong>ad</strong></span> <span class='ocrx_word' id='word_1_104' title='bbox 1087 1291 1441 1348; x_wconf 85' lang='lat' dir='ltr'><strong>alacritatem</strong></span> <span class='ocrx_word' id='word_1_105' title='bbox 1499 1309 1802 1364; x_wconf 84' lang='lat' dir='ltr'><strong>nunquam</strong></span> 
     </span>
    </p>
   </div>
   <div class='ocr_carea' id='block_1_16' title="bbox 90 1378 1806 1452">
    <p class='ocr_par' dir='ltr' id='par_1_16' title="bbox 90 1378 1806 1452">
     <span class='ocr_line' id='line_1_16' title="bbox 90 1378 1806 1452; baseline 0.001 -17"><span class='ocrx_word' id='word_1_106' title='bbox 90 1379 602 1450; x_wconf 78' lang='lat' dir='ltr'><strong>contemplationis</strong></span> <span class='ocrx_word' id='word_1_107' title='bbox 634 1378 934 1434; x_wconf 89' lang='lat' dir='ltr'><strong>accedunt.</strong></span> <span class='ocrx_word' id='word_1_108' title='bbox 969 1379 1132 1434; x_wconf 82' lang='lat' dir='ltr'><strong>Ratio</strong></span> <span class='ocrx_word' id='word_1_109' title='bbox 1185 1394 1322 1435; x_wconf 90' lang='lat' dir='ltr'><strong>vero</strong></span> <span class='ocrx_word' id='word_1_110' title='bbox 1366 1381 1617 1436; x_wconf 87' lang='lat' dir='ltr'><strong>naturali</strong></span> <span class='ocrx_word' id='word_1_111' title='bbox 1667 1396 1806 1452; x_wconf 83' lang='lat' dir='ltr'><strong>qna-</strong></span> 
     </span>
    </p>
   </div>
   <div class='ocr_carea' id='block_1_17' title="bbox 90 1467 1804 1540">
    <p class='ocr_par' dir='ltr' id='par_1_17' title="bbox 90 1467 1804 1540">
     <span class='ocr_line' id='line_1_17' title="bbox 90 1467 1804 1540; baseline 0.001 -16"><span class='ocrx_word' id='word_1_112' title='bbox 90 1469 223 1524; x_wconf 88' lang='lat' dir='ltr'><strong>dam</strong></span> <span class='ocrx_word' id='word_1_113' title='bbox 260 1482 455 1538; x_wconf 85' lang='lat' dir='ltr'><strong>penna</strong></span> <span class='ocrx_word' id='word_1_114' title='bbox 484 1467 822 1523; x_wconf 82' lang='lat' dir='ltr'><strong>subliniium</strong></span> <span class='ocrx_word' id='word_1_115' title='bbox 883 1476 1082 1537; x_wconf 91' lang='lat' dir='ltr'><strong>potens</strong></span> <span class='ocrx_word' id='word_1_116' title='bbox 1139 1483 1270 1523; x_wconf 88' lang='lat' dir='ltr'><strong>cum</strong></span> <span class='ocrx_word' id='word_1_117' title='bbox 1303 1484 1500 1539; x_wconf 88' lang='lat' dir='ltr'><strong>puero,</strong></span> <span class='ocrx_word' id='word_1_118' title='bbox 1557 1472 1672 1540; x_wconf 86' lang='lat' dir='ltr'><strong>spei</strong></span> <span class='ocrx_word' id='word_1_119' title='bbox 1711 1471 1804 1525; x_wconf 76' lang='lat' dir='ltr'><strong>vi-</strong></span> 
     </span>
    </p>
   </div>
   <div class='ocr_carea' id='block_1_18' title="bbox 91 1557 1799 1628">
    <p class='ocr_par' dir='ltr' id='par_1_18' title="bbox 91 1557 1799 1628">
     <span class='ocr_line' id='line_1_18' title="bbox 91 1557 1799 1628; baseline 0.003 -19"><span class='ocrx_word' id='word_1_120' title='bbox 91 1558 300 1612; x_wconf 86' lang='lat' dir='ltr'><strong>delicet</strong></span> <span class='ocrx_word' id='word_1_121' title='bbox 333 1565 550 1612; x_wconf 61' lang='lat' dir='ltr'><strong>sanctas</strong></span> <span class='ocrx_word' id='word_1_122' title='bbox 601 1557 729 1627; x_wconf 90' lang='lat' dir='ltr'><strong>jugi</strong></span> <span class='ocrx_word' id='word_1_123' title='bbox 767 1558 1120 1612; x_wconf 89' lang='lat' dir='ltr'><strong>incremento</strong></span> <span class='ocrx_word' id='word_1_124' title='bbox 1177 1557 1314 1612; x_wconf 93' lang='lat' dir='ltr'><strong>illuc</strong></span> <span class='ocrx_word' id='word_1_125' title='bbox 1345 1567 1629 1628; x_wconf 85' lang='lat' dir='ltr'><strong>properat,</strong></span> <span class='ocrx_word' id='word_1_126' title='bbox 1664 1559 1799 1614; x_wconf 92' lang='lat' dir='ltr'><strong>dum</strong></span> 
     </span>
    </p>
   </div>
   <div class='ocr_carea' id='block_1_19' title="bbox 1923 411 3612 485">
    <p class='ocr_par' dir='ltr' id='par_1_19' title="bbox 1923 411 3612 485">
     <span class='ocr_line' id='line_1_19' title="bbox 1923 411 3612 485; baseline 0.002 -19"><span class='ocrx_word' id='word_1_127' title='bbox 1923 411 2240 469; x_wconf 83' lang='lat' dir='ltr'><strong>ﬂuentibus</strong></span> <span class='ocrx_word' id='word_1_128' title='bbox 2287 413 2420 468; x_wconf 90' lang='lat' dir='ltr'><strong>hinc</strong></span> <span class='ocrx_word' id='word_1_129' title='bbox 2465 413 2596 468; x_wconf 87' lang='lat' dir='ltr'><strong>inde</strong></span> <span class='ocrx_word' id='word_1_130' title='bbox 2667 413 3006 469; x_wconf 75' lang='lat' dir='ltr'><strong>testimoniis</strong></span> <span class='ocrx_word' id='word_1_131' title='bbox 3058 415 3104 469; x_wconf 90' lang='lat' dir='ltr'><strong>si</strong></span> <span class='ocrx_word' id='word_1_132' title='bbox 3167 430 3612 485; x_wconf 86' lang='lat' dir='ltr'><strong>perseveravero</strong></span> 
     </span>
    </p>
   </div>
   <div class='ocr_carea' id='block_1_20' title="bbox 1925 501 3618 571">
    <p class='ocr_par' dir='ltr' id='par_1_20' title="bbox 1925 501 3618 571">
     <span class='ocr_line' id='line_1_20' title="bbox 1925 501 3618 571; baseline 0.005 -17"><span class='ocrx_word' id='word_1_133' title='bbox 1925 501 2160 568; x_wconf 83' lang='lat' dir='ltr'><strong>grandis</strong></span> <span class='ocrx_word' id='word_1_134' title='bbox 2237 501 2438 569; x_wconf 78' lang='lat' dir='ltr'><strong>elucet,</strong></span> <span class='ocrx_word' id='word_1_135' title='bbox 2489 509 2566 556; x_wconf 89' lang='lat' dir='ltr'><strong>tot</strong></span> <span class='ocrx_word' id='word_1_136' title='bbox 2618 503 2999 571; x_wconf 89' lang='lat' dir='ltr'><strong>corporalium</strong></span> <span class='ocrx_word' id='word_1_137' title='bbox 3060 505 3474 561; x_wconf 87' lang='lat' dir='ltr'><strong>desideriorum</strong></span> <span class='ocrx_word' id='word_1_138' title='bbox 3533 507 3618 562; x_wconf 92' lang='lat' dir='ltr'><strong>ir-</strong></span> 
     </span>
    </p>
   </div>
   <div class='ocr_carea' id='block_1_21' title="bbox 1921 589 3617 660">
    <p class='ocr_par' dir='ltr' id='par_1_21' title="bbox 1921 589 3617 660">
     <span class='ocr_line' id='line_1_21' title="bbox 1921 589 3617 660; baseline 0.004 -18"><span class='ocrx_word' id='word_1_139' title='bbox 1921 597 2125 644; x_wconf 84' lang='lat' dir='ltr'><strong>ruente</strong></span> <span class='ocrx_word' id='word_1_140' title='bbox 2183 591 2336 660; x_wconf 81' lang='lat' dir='ltr'><strong>gelu,</strong></span> <span class='ocrx_word' id='word_1_141' title='bbox 2409 590 2501 645; x_wconf 87' lang='lat' dir='ltr'><strong>ubi</strong></span> <span class='ocrx_word' id='word_1_142' title='bbox 2560 589 2792 659; x_wconf 89' lang='lat' dir='ltr'><strong>reperiri</strong></span> <span class='ocrx_word' id='word_1_143' title='bbox 2858 591 3064 660; x_wconf 90' lang='lat' dir='ltr'><strong>poterit</strong></span> <span class='ocrx_word' id='word_1_144' title='bbox 3133 592 3466 648; x_wconf 90' lang='lat' dir='ltr'><strong>omnimoda</strong></span> <span class='ocrx_word' id='word_1_145' title='bbox 3520 594 3617 650; x_wconf 90' lang='lat' dir='ltr'><strong>illa</strong></span> 
     </span>
    </p>
   </div>
   <div class='ocr_carea' id='block_1_22' title="bbox 1920 679 3614 752">
    <p class='ocr_par' dir='ltr' id='par_1_22' title="bbox 1920 679 3614 752">
     <span class='ocr_line' id='line_1_22' title="bbox 1920 679 3614 752; baseline 0.004 -20"><span class='ocrx_word' id='word_1_146' title='bbox 1920 679 2284 747; x_wconf 88' lang='lat' dir='ltr'><strong>consumptio</strong></span> <span class='ocrx_word' id='word_1_147' title='bbox 2317 679 2625 734; x_wconf 86' lang='lat' dir='ltr'><strong>mundialis</strong></span> <span class='ocrx_word' id='word_1_148' title='bbox 2655 679 2910 746; x_wconf 73' lang='lat' dir='ltr'><strong>allectus,</strong></span> <span class='ocrx_word' id='word_1_149' title='bbox 2961 681 3056 735; x_wconf 92' lang='lat' dir='ltr'><strong>ubi</strong></span> <span class='ocrx_word' id='word_1_150' title='bbox 3087 680 3242 736; x_wconf 88' lang='lat' dir='ltr'><strong>calor</strong></span> <span class='ocrx_word' id='word_1_151' title='bbox 3271 683 3372 752; x_wconf 90' lang='lat' dir='ltr'><strong>qui</strong></span> <span class='ocrx_word' id='word_1_152' title='bbox 3421 683 3614 738; x_wconf 88' lang='lat' dir='ltr'><strong>incen-</strong></span> 
     </span>
    </p>
   </div>
   <div class='ocr_carea' id='block_1_23' title="bbox 1919 766 3612 840">
    <p class='ocr_par' dir='ltr' id='par_1_23' title="bbox 1919 766 3612 840">
     <span class='ocr_line' id='line_1_23' title="bbox 1919 766 3612 840; baseline 0.004 -20"><span class='ocrx_word' id='word_1_153' title='bbox 1919 766 2016 822; x_wconf 86' lang='lat' dir='ltr'><strong>dat</strong></span> <span class='ocrx_word' id='word_1_154' title='bbox 2045 768 2224 822; x_wconf 87' lang='lat' dir='ltr'><strong>sancti</strong></span> <span class='ocrx_word' id='word_1_155' title='bbox 2251 767 2525 836; x_wconf 89' lang='lat' dir='ltr'><strong>Spiritus.</strong></span> <span class='ocrx_word' id='word_1_156' title='bbox 2566 768 2802 822; x_wconf 86' lang='lat' dir='ltr'><strong>Victima</strong></span> <span class='ocrx_word' id='word_1_157' title='bbox 2851 783 3009 824; x_wconf 90' lang='lat' dir='ltr'><strong>mens</strong></span> <span class='ocrx_word' id='word_1_158' title='bbox 3042 769 3163 838; x_wconf 86' lang='lat' dir='ltr'><strong>ipsa</strong></span> <span class='ocrx_word' id='word_1_159' title='bbox 3187 779 3288 836; x_wconf 88' lang='lat' dir='ltr'><strong>est,</strong></span> <span class='ocrx_word' id='word_1_160' title='bbox 3315 785 3446 840; x_wconf 65' lang='lat' dir='ltr'><strong>quae</strong></span> <span class='ocrx_word' id='word_1_161' title='bbox 3474 779 3612 826; x_wconf 90' lang='lat' dir='ltr'><strong>tunc</strong></span> 
     </span>
    </p>
   </div>
   <div class='ocr_carea' id='block_1_24' title="bbox 1917 855 3609 930">
    <p class='ocr_par' dir='ltr' id='par_1_24' title="bbox 1917 855 3609 930">
     <span class='ocr_line' id='line_1_24' title="bbox 1917 855 3609 930; baseline 0.003 -21"><span class='ocrx_word' id='word_1_162' title='bbox 1917 862 2002 909; x_wconf 90' lang='lat' dir='ltr'><strong>est</strong></span> <span class='ocrx_word' id='word_1_163' title='bbox 2050 855 2388 922; x_wconf 85' lang='lat' dir='ltr'><strong>holocausti,</strong></span> <span class='ocrx_word' id='word_1_164' title='bbox 2447 871 2577 911; x_wconf 91' lang='lat' dir='ltr'><strong>cum</strong></span> <span class='ocrx_word' id='word_1_165' title='bbox 2660 857 2739 912; x_wconf 90' lang='lat' dir='ltr'><strong>nil</strong></span> <span class='ocrx_word' id='word_1_166' title='bbox 2796 857 3070 927; x_wconf 83' lang='lat' dir='ltr'><strong>relinquit</strong></span> <span class='ocrx_word' id='word_1_167' title='bbox 3138 858 3609 930; x_wconf 90' lang='lat' dir='ltr'><strong>inconsumptum</strong></span> 
     </span>
    </p>
   </div>
   <div class='ocr_carea' id='block_1_25' title="bbox 1916 942 3609 1016">
    <p class='ocr_par' dir='ltr' id='par_1_25' title="bbox 1916 942 3609 1016">
     <span class='ocr_line' id='line_1_25' title="bbox 1916 942 3609 1016; baseline 0.004 -19"><span class='ocrx_word' id='word_1_168' title='bbox 1916 942 2070 1012; x_wconf 82' lang='lat' dir='ltr'><strong>vitii;</strong></span> <span class='ocrx_word' id='word_1_169' title='bbox 2121 945 2217 998; x_wconf 91' lang='lat' dir='ltr'><strong>sed</strong></span> <span class='ocrx_word' id='word_1_170' title='bbox 2262 959 2396 999; x_wconf 90' lang='lat' dir='ltr'><strong>cum</strong></span> <span class='ocrx_word' id='word_1_171' title='bbox 2445 944 2588 1000; x_wconf 84' lang='lat' dir='ltr'><strong>ratio</strong></span> <span class='ocrx_word' id='word_1_172' title='bbox 2637 945 2850 1000; x_wconf 78' lang='lat' dir='ltr'><strong>relevat</strong></span> <span class='ocrx_word' id='word_1_173' title='bbox 2900 961 3079 1016; x_wconf 88' lang='lat' dir='ltr'><strong>spem,</strong></span> <span class='ocrx_word' id='word_1_174' title='bbox 3131 955 3186 1002; x_wconf 90' lang='lat' dir='ltr'><strong>et</strong></span> <span class='ocrx_word' id='word_1_175' title='bbox 3230 961 3357 1016; x_wconf 90' lang='lat' dir='ltr'><strong>spes</strong></span> <span class='ocrx_word' id='word_1_176' title='bbox 3408 947 3609 1003; x_wconf 90' lang='lat' dir='ltr'><strong>crebro</strong></span> 
     </span>
    </p>
   </div>
   <div class='ocr_carea' id='block_1_26' title="bbox 1915 1032 3608 1098">
    <p class='ocr_par' dir='ltr' id='par_1_26' title="bbox 1915 1032 3608 1098">
     <span class='ocr_line' id='line_1_26' title="bbox 1915 1032 3608 1098; baseline 0.004 -12"><span class='ocrx_word' id='word_1_177' title='bbox 1915 1032 2180 1098; x_wconf 85' lang='lat' dir='ltr'><strong>consulit,</strong></span> <span class='ocrx_word' id='word_1_178' title='bbox 2221 1043 2274 1088; x_wconf 93' lang='lat' dir='ltr'><strong>et</strong></span> <span class='ocrx_word' id='word_1_179' title='bbox 2306 1032 2456 1088; x_wconf 88' lang='lat' dir='ltr'><strong>inter</strong></span> <span class='ocrx_word' id='word_1_180' title='bbox 2493 1033 2910 1090; x_wconf 84' lang='lat' dir='ltr'><strong>consulendum</strong></span> <span class='ocrx_word' id='word_1_181' title='bbox 2968 1035 3246 1091; x_wconf 86' lang='lat' dir='ltr'><strong>suscitare</strong></span> <span class='ocrx_word' id='word_1_182' title='bbox 3278 1036 3488 1092; x_wconf 89' lang='lat' dir='ltr'><strong>nititur</strong></span> <span class='ocrx_word' id='word_1_183' title='bbox 3516 1051 3608 1092; x_wconf 90' lang='lat' dir='ltr'><strong>ra-</strong></span> 
     </span>
    </p>
   </div>
   <div class='ocr_carea' id='block_1_27' title="bbox 1919 1121 3608 1191">
    <p class='ocr_par' dir='ltr' id='par_1_27' title="bbox 1919 1121 3608 1191">
     <span class='ocr_line' id='line_1_27' title="bbox 1919 1121 3608 1191; baseline 0.003 -16"><span class='ocrx_word' id='word_1_184' title='bbox 1919 1121 2146 1188; x_wconf 88' lang='lat' dir='ltr'><strong>tionem,</strong></span> <span class='ocrx_word' id='word_1_185' title='bbox 2211 1130 2460 1191; x_wconf 84' lang='lat' dir='ltr'><strong>utraque</strong></span> <span class='ocrx_word' id='word_1_186' title='bbox 2508 1136 2731 1177; x_wconf 87' lang='lat' dir='ltr'><strong>necesse</strong></span> <span class='ocrx_word' id='word_1_187' title='bbox 2785 1131 2870 1177; x_wconf 88' lang='lat' dir='ltr'><strong>est</strong></span> <span class='ocrx_word' id='word_1_188' title='bbox 2923 1124 3247 1179; x_wconf 89' lang='lat' dir='ltr'><strong>referantur</strong></span> <span class='ocrx_word' id='word_1_189' title='bbox 3304 1125 3374 1179; x_wconf 87' lang='lat' dir='ltr'><strong>ad</strong></span> <span class='ocrx_word' id='word_1_190' title='bbox 3425 1126 3608 1181; x_wconf 90' lang='lat' dir='ltr'><strong>Deum</strong></span> 
     </span>
    </p>
   </div>
   <div class='ocr_carea' id='block_1_28' title="bbox 1915 1206 3610 1280">
    <p class='ocr_par' dir='ltr' id='par_1_28' title="bbox 1915 1206 3610 1280">
     <span class='ocr_line' id='line_1_28' title="bbox 1915 1206 3610 1280; baseline 0.004 -21"><span class='ocrx_word' id='word_1_191' title='bbox 1915 1206 2284 1262; x_wconf 87' lang='lat' dir='ltr'><strong>victimarum</strong></span> <span class='ocrx_word' id='word_1_192' title='bbox 2348 1209 2723 1278; x_wconf 84' lang='lat' dir='ltr'><strong>provisorem.</strong></span> <span class='ocrx_word' id='word_1_193' title='bbox 2765 1209 2854 1264; x_wconf 88' lang='lat' dir='ltr'><strong>Ex</strong></span> <span class='ocrx_word' id='word_1_194' title='bbox 2885 1209 3061 1265; x_wconf 90' lang='lat' dir='ltr'><strong>libero</strong></span> <span class='ocrx_word' id='word_1_195' title='bbox 3091 1224 3343 1280; x_wconf 87' lang='lat' dir='ltr'><strong>namque</strong></span> <span class='ocrx_word' id='word_1_196' title='bbox 3374 1211 3610 1267; x_wconf 89' lang='lat' dir='ltr'><strong>arbitrio</strong></span> 
     </span>
    </p>
   </div>
   <div class='ocr_carea' id='block_1_29' title="bbox 1915 1296 3606 1368">
    <p class='ocr_par' dir='ltr' id='par_1_29' title="bbox 1915 1296 3606 1368">
     <span class='ocr_line' id='line_1_29' title="bbox 1915 1296 3606 1368; baseline 0.004 -20"><span class='ocrx_word' id='word_1_197' title='bbox 1915 1303 2108 1350; x_wconf 89' lang='lat' dir='ltr'><strong>nostro</strong></span> <span class='ocrx_word' id='word_1_198' title='bbox 2139 1303 2192 1351; x_wconf 90' lang='lat' dir='ltr'><strong>et</strong></span> <span class='ocrx_word' id='word_1_199' title='bbox 2235 1296 2586 1366; x_wconf 87' lang='lat' dir='ltr'><strong>plantamus,</strong></span> <span class='ocrx_word' id='word_1_200' title='bbox 2617 1305 2671 1353; x_wconf 88' lang='lat' dir='ltr'><strong>et</strong></span> <span class='ocrx_word' id='word_1_201' title='bbox 2721 1297 2979 1366; x_wconf 88' lang='lat' dir='ltr'><strong>plantata</strong></span> <span class='ocrx_word' id='word_1_202' title='bbox 3021 1297 3300 1368; x_wconf 88' lang='lat' dir='ltr'><strong>rigatnus,</strong></span> <span class='ocrx_word' id='word_1_203' title='bbox 3335 1300 3431 1355; x_wconf 88' lang='lat' dir='ltr'><strong>sed</strong></span> <span class='ocrx_word' id='word_1_204' title='bbox 3460 1300 3606 1355; x_wconf 89' lang='lat' dir='ltr'><strong>nihil</strong></span> 
     </span>
    </p>
   </div>
   <div class='ocr_carea' id='block_1_30' title="bbox 1913 1385 3605 1456">
    <p class='ocr_par' dir='ltr' id='par_1_30' title="bbox 1913 1385 3605 1456">
     <span class='ocr_line' id='line_1_30' title="bbox 1913 1385 3605 1456; baseline 0.004 -20"><span class='ocrx_word' id='word_1_205' title='bbox 1913 1391 1994 1438; x_wconf 85' lang='lat' dir='ltr'><strong>est</strong></span> <span class='ocrx_word' id='word_1_206' title='bbox 2026 1385 2180 1452; x_wconf 76' lang='lat' dir='ltr'><strong>quod</strong></span> <span class='ocrx_word' id='word_1_207' title='bbox 2218 1387 2365 1440; x_wconf 83' lang='lat' dir='ltr'><strong>inter</strong></span> <span class='ocrx_word' id='word_1_208' title='bbox 2393 1400 2496 1440; x_wconf 80' lang='lat' dir='ltr'><strong>nos</strong></span> <span class='ocrx_word' id='word_1_209' title='bbox 2545 1385 2793 1455; x_wconf 79' lang='lat' dir='ltr'><strong>agimus,</strong></span> <span class='ocrx_word' id='word_1_210' title='bbox 2831 1385 2936 1441; x_wconf 84' lang='lat' dir='ltr'><strong>nisi</strong></span> <span class='ocrx_word' id='word_1_211' title='bbox 2963 1400 3034 1441; x_wconf 87' lang='lat' dir='ltr'><strong>ex</strong></span> <span class='ocrx_word' id='word_1_212' title='bbox 3068 1388 3255 1456; x_wconf 85' lang='lat' dir='ltr'><strong>gratia</strong></span> <span class='ocrx_word' id='word_1_213' title='bbox 3285 1387 3605 1443; x_wconf 89' lang='lat' dir='ltr'><strong>incremen-</strong></span> 
     </span>
    </p>
   </div>
   <div class='ocr_carea' id='block_1_31' title="bbox 1915 1473 2753 1544">
    <p class='ocr_par' dir='ltr' id='par_1_31' title="bbox 1915 1473 2753 1544">
     <span class='ocr_line' id='line_1_31' title="bbox 1915 1473 2753 1544; baseline 0 -18"><span class='ocrx_word' id='word_1_214' title='bbox 1915 1481 2038 1527; x_wconf 88' lang='lat' dir='ltr'><strong>tum</strong></span> <span class='ocrx_word' id='word_1_215' title='bbox 2067 1473 2158 1528; x_wconf 88' lang='lat' dir='ltr'><strong>det</strong></span> <span class='ocrx_word' id='word_1_216' title='bbox 2184 1475 2335 1529; x_wconf 89' lang='lat' dir='ltr'><strong>Deus</strong></span> <span class='ocrx_word' id='word_1_217' title='bbox 2357 1474 2402 1544; x_wconf 88' lang='lat' dir='ltr'><strong>(I</strong></span> <span class='ocrx_word' id='word_1_218' title='bbox 2423 1476 2540 1530; x_wconf 85' lang='lat' dir='ltr'><strong>Cor.</strong></span> <span class='ocrx_word' id='word_1_219' title='bbox 2579 1489 2652 1529; x_wconf 81' lang='grc' dir='ltr'><strong>ιιι.</strong></span> <span class='ocrx_word' id='word_1_220' title='bbox 2677 1475 2753 1541; x_wconf 84' lang='grc'><strong>6).</strong></span> 
     </span>
    </p>
   </div>
   <div class='ocr_carea' id='block_1_32' title="bbox 1985 1560 3608 1632">
    <p class='ocr_par' dir='ltr' id='par_1_32' title="bbox 1985 1560 3608 1632">
     <span class='ocr_line' id='line_1_32' title="bbox 1985 1560 3608 1632; baseline 0.001 -16"><span class='ocrx_word' id='word_1_221' title='bbox 1985 1560 2156 1616; x_wconf 68' lang='lat' dir='ltr'><strong>Vens.</strong></span> <span class='ocrx_word' id='word_1_222' title='bbox 2190 1564 2242 1615; x_wconf 85' lang='lat'><strong>9.</strong></span> <span class='ocrx_word' id='word_1_223' title='bbox 2271 1593 2340 1600; x_wconf 97' lang='lat'><strong><em>—</em></strong></span> <span class='ocrx_word' id='word_1_224' title='bbox 2370 1563 2666 1629; x_wconf 77' lang='lat' dir='ltr'><strong>Pc—rgebant</strong></span> <span class='ocrx_word' id='word_1_225' title='bbox 2702 1577 2826 1629; x_wconf 88' lang='lat' dir='ltr'><strong>ergo</strong></span> <span class='ocrx_word' id='word_1_226' title='bbox 2857 1565 3092 1630; x_wconf 78' lang='lat' dir='ltr'><strong>pariter,</strong></span> <span class='ocrx_word' id='word_1_227' title='bbox 3140 1568 3504 1632; x_wconf 77' lang='lat' dir='ltr'><strong>veneruntque</strong></span> <span class='ocrx_word' id='word_1_228' title='bbox 3533 1565 3608 1618; x_wconf 79' lang='lat' dir='ltr'><strong>ad</strong></span> 
     </span>
    </p>
   </div>
   <div class='ocr_carea' id='block_1_33' title="bbox 91 1626 3606 1719">
    <p class='ocr_par' dir='ltr' id='par_1_33' title="bbox 91 1626 3606 1719">
     <span class='ocr_line' id='line_1_33' title="bbox 91 1626 3606 1719; baseline 0.002 -21"><span class='ocrx_word' id='word_1_229' title='bbox 91 1644 246 1698; x_wconf 83' lang='lat' dir='ltr'><strong>bona</strong></span> <span class='ocrx_word' id='word_1_230' title='bbox 298 1644 557 1699; x_wconf 65' lang='lat' dir='ltr'><strong>caelestia</strong></span> <span class='ocrx_word' id='word_1_231' title='bbox 605 1626 768 1714; x_wconf 60' lang='lat' dir='ltr'><strong>quae</strong></span> <span class='ocrx_word' id='word_1_232' title='bbox 826 1644 1093 1714; x_wconf 84' lang='lat' dir='ltr'><strong>intelligit</strong></span> <span class='ocrx_word' id='word_1_233' title='bbox 1160 1626 1468 1714; x_wconf 70' lang='lat' dir='ltr'><strong>sperando</strong></span> <span class='ocrx_word' id='word_1_234' title='bbox 1495 1647 1798 1704; x_wconf 83' lang='lat' dir='ltr'><strong>desiderat.</strong></span> <span class='ocrx_word' id='word_1_235' title='bbox 1840 1626 1884 1682; x_wconf 80' lang='grc' dir='ltr'><strong>Β</strong></span> <span class='ocrx_word' id='word_1_236' title='bbox 1913 1648 2086 1702; x_wconf 88' lang='lat' dir='ltr'><strong>locum</strong></span> <span class='ocrx_word' id='word_1_237' title='bbox 2125 1664 2282 1716; x_wconf 87' lang='lat' dir='ltr'><strong>quem</strong></span> <span class='ocrx_word' id='word_1_238' title='bbox 2329 1626 2636 1704; x_wconf 71' lang='lat' dir='ltr'><strong>ostmulerat</strong></span> <span class='ocrx_word' id='word_1_239' title='bbox 2666 1652 2716 1702; x_wconf 89' lang='lat' dir='ltr'><strong>ei</strong></span> <span class='ocrx_word' id='word_1_240' title='bbox 2751 1626 2904 1714; x_wconf 63' lang='lat' dir='ltr'><strong>Deus,</strong></span> <span class='ocrx_word' id='word_1_241' title='bbox 2948 1653 3004 1702; x_wconf 86' lang='lat' dir='ltr'><strong>in</strong></span> <span class='ocrx_word' id='word_1_242' title='bbox 3037 1626 3142 1717; x_wconf 89' lang='lat' dir='ltr'><strong>quo</strong></span> <span class='ocrx_word' id='word_1_243' title='bbox 3193 1626 3485 1719; x_wconf 46' lang='lat' dir='ltr'><strong>mitiﬁcet-iit</strong></span> <span class='ocrx_word' id='word_1_244' title='bbox 3516 1654 3606 1706; x_wconf 89' lang='lat' dir='ltr'><strong>al-</strong></span> 
     </span>
    </p>
   </div>
   <div class='ocr_carea' id='block_1_34' title="bbox 90 1731 1806 1802">
    <p class='ocr_par' dir='ltr' id='par_1_34' title="bbox 90 1731 1806 1802">
     <span class='ocr_line' id='line_1_34' title="bbox 90 1731 1806 1802; baseline 0.001 -16"><span class='ocrx_word' id='word_1_245' title='bbox 90 1733 238 1787; x_wconf 88' lang='lat' dir='ltr'><strong>Nam</strong></span> <span class='ocrx_word' id='word_1_246' title='bbox 273 1745 625 1801; x_wconf 86' lang='lat' dir='ltr'><strong>progressus</strong></span> <span class='ocrx_word' id='word_1_247' title='bbox 662 1731 841 1786; x_wconf 91' lang='lat' dir='ltr'><strong>animi</strong></span> <span class='ocrx_word' id='word_1_248' title='bbox 901 1732 1090 1801; x_wconf 90' lang='lat' dir='ltr'><strong>ipsum</strong></span> <span class='ocrx_word' id='word_1_249' title='bbox 1129 1740 1214 1788; x_wconf 86' lang='lat' dir='ltr'><strong>est</strong></span> <span class='ocrx_word' id='word_1_250' title='bbox 1267 1733 1636 1800; x_wconf 86' lang='lat' dir='ltr'><strong>desiderium,</strong></span> <span class='ocrx_word' id='word_1_251' title='bbox 1677 1748 1806 1802; x_wconf 86' lang='lat' dir='ltr'><strong>spes</strong></span> 
     </span>
    </p>
   </div>
   <div class='ocr_carea' id='block_1_35' title="bbox 91 1820 1807 1892">
    <p class='ocr_par' dir='ltr' id='par_1_35' title="bbox 91 1820 1807 1892">
     <span class='ocr_line' id='line_1_35' title="bbox 91 1820 1807 1892; baseline 0.002 -18"><span class='ocrx_word' id='word_1_252' title='bbox 91 1821 265 1875; x_wconf 90' lang='lat' dir='ltr'><strong>etiam</strong></span> <span class='ocrx_word' id='word_1_253' title='bbox 321 1820 450 1888; x_wconf 90' lang='lat' dir='ltr'><strong>ipsa</strong></span> <span class='ocrx_word' id='word_1_254' title='bbox 479 1821 693 1875; x_wconf 89' lang='lat' dir='ltr'><strong>dicitur</strong></span> <span class='ocrx_word' id='word_1_255' title='bbox 731 1821 898 1890; x_wconf 89' lang='lat' dir='ltr'><strong>quasi</strong></span> <span class='ocrx_word' id='word_1_256' title='bbox 947 1830 1031 1876; x_wconf 89' lang='lat' dir='ltr'><strong>est</strong></span> <span class='ocrx_word' id='word_1_257' title='bbox 1079 1835 1194 1891; x_wconf 87' lang='lat' dir='ltr'><strong>pes,</strong></span> <span class='ocrx_word' id='word_1_258' title='bbox 1231 1836 1350 1892; x_wconf 89' lang='lat' dir='ltr'><strong>qua</strong></span> <span class='ocrx_word' id='word_1_259' title='bbox 1401 1835 1807 1892; x_wconf 86' lang='lat' dir='ltr'><strong>promovemnr</strong></span> 
     </span>
    </p>
   </div>
   <div class='ocr_carea' id='block_1_36' title="bbox 95 1909 1804 1982">
    <p class='ocr_par' dir='ltr' id='par_1_36' title="bbox 95 1909 1804 1982">
     <span class='ocr_line' id='line_1_36' title="bbox 95 1909 1804 1982; baseline 0.001 -20"><span class='ocrx_word' id='word_1_260' title='bbox 95 1911 164 1963; x_wconf 86' lang='lat' dir='ltr'><strong>ad</strong></span> <span class='ocrx_word' id='word_1_261' title='bbox 195 1909 419 1974; x_wconf 90' lang='lat' dir='ltr'><strong>Deum;</strong></span> <span class='ocrx_word' id='word_1_262' title='bbox 463 1909 729 1979; x_wconf 84' lang='lat' dir='ltr'><strong>signatur</strong></span> <span class='ocrx_word' id='word_1_263' title='bbox 754 1923 892 1964; x_wconf 89' lang='lat' dir='ltr'><strong>sane</strong></span> <span class='ocrx_word' id='word_1_264' title='bbox 925 1918 1073 1965; x_wconf 89' lang='lat' dir='ltr'><strong>recte</strong></span> <span class='ocrx_word' id='word_1_265' title='bbox 1126 1924 1227 1980; x_wconf 88' lang='lat' dir='ltr'><strong>per</strong></span> <span class='ocrx_word' id='word_1_266' title='bbox 1257 1925 1521 1980; x_wconf 91' lang='lat' dir='ltr'><strong>puerum,</strong></span> <span class='ocrx_word' id='word_1_267' title='bbox 1555 1913 1696 1982; x_wconf 91' lang='lat' dir='ltr'><strong>quia</strong></span> <span class='ocrx_word' id='word_1_268' title='bbox 1722 1910 1804 1964; x_wconf 90' lang='lat' dir='ltr'><strong>si-</strong></span> 
     </span>
    </p>
   </div>
   <div class='ocr_carea' id='block_1_37' title="bbox 95 1999 1804 2070">
    <p class='ocr_par' dir='ltr' id='par_1_37' title="bbox 95 1999 1804 2070">
     <span class='ocr_line' id='line_1_37' title="bbox 95 1999 1804 2070; baseline 0.001 -18"><span class='ocrx_word' id='word_1_269' title='bbox 95 2005 190 2052; x_wconf 90' lang='lat' dir='ltr'><strong>cut</strong></span> <span class='ocrx_word' id='word_1_270' title='bbox 245 2011 503 2066; x_wconf 87' lang='lat' dir='ltr'><strong>puerum</strong></span> <span class='ocrx_word' id='word_1_271' title='bbox 562 2011 662 2067; x_wconf 87' lang='lat' dir='ltr'><strong>per</strong></span> <span class='ocrx_word' id='word_1_272' title='bbox 707 1999 1196 2054; x_wconf 85' lang='lat' dir='ltr'><strong>nutrimentorum</strong></span> <span class='ocrx_word' id='word_1_273' title='bbox 1248 2014 1447 2055; x_wconf 90' lang='lat' dir='ltr'><strong>curam</strong></span> <span class='ocrx_word' id='word_1_274' title='bbox 1503 2013 1804 2070; x_wconf 86' lang='lat' dir='ltr'><strong>speramus</strong></span> 
     </span>
    </p>
   </div>
   <div class='ocr_carea' id='block_1_38' title="bbox 95 2085 1801 2156">
    <p class='ocr_par' dir='ltr' id='par_1_38' title="bbox 95 2085 1801 2156">
     <span class='ocr_line' id='line_1_38' title="bbox 95 2085 1801 2156; baseline -0.001 -15"><span class='ocrx_word' id='word_1_275' title='bbox 95 2100 376 2152; x_wconf 84' lang='lat' dir='ltr'><strong>crescere,</strong></span> <span class='ocrx_word' id='word_1_276' title='bbox 431 2086 514 2141; x_wconf 92' lang='lat' dir='ltr'><strong>sic</strong></span> <span class='ocrx_word' id='word_1_277' title='bbox 567 2100 723 2155; x_wconf 90' lang='lat' dir='ltr'><strong>spem</strong></span> <span class='ocrx_word' id='word_1_278' title='bbox 773 2099 873 2155; x_wconf 92' lang='lat' dir='ltr'><strong>per</strong></span> <span class='ocrx_word' id='word_1_279' title='bbox 923 2086 1072 2141; x_wconf 91' lang='lat' dir='ltr'><strong>bona</strong></span> <span class='ocrx_word' id='word_1_280' title='bbox 1136 2101 1309 2156; x_wconf 85' lang='lat' dir='ltr'><strong>opera</strong></span> <span class='ocrx_word' id='word_1_281' title='bbox 1355 2101 1522 2142; x_wconf 91' lang='lat' dir='ltr'><strong>nemo</strong></span> <span class='ocrx_word' id='word_1_282' title='bbox 1564 2095 1647 2142; x_wconf 90' lang='lat' dir='ltr'><strong>est</strong></span> <span class='ocrx_word' id='word_1_283' title='bbox 1701 2085 1801 2156; x_wconf 91' lang='lat' dir='ltr'><strong>qui</strong></span> 
     </span>
    </p>
   </div>
   <div class='ocr_carea' id='block_1_39' title="bbox 94 2173 1802 2244">
    <p class='ocr_par' dir='ltr' id='par_1_39' title="bbox 94 2173 1802 2244">
     <span class='ocr_line' id='line_1_39' title="bbox 94 2173 1802 2244; baseline 0.001 -16"><span class='ocrx_word' id='word_1_284' title='bbox 94 2177 316 2230; x_wconf 85' lang='lat' dir='ltr'><strong>nesciat</strong></span> <span class='ocrx_word' id='word_1_285' title='bbox 346 2173 418 2229; x_wconf 89' lang='lat' dir='ltr'><strong>ad</strong></span> <span class='ocrx_word' id='word_1_286' title='bbox 470 2173 774 2243; x_wconf 84' lang='lat' dir='ltr'><strong>perfectam</strong></span> <span class='ocrx_word' id='word_1_287' title='bbox 838 2175 1143 2243; x_wconf 88' lang='lat' dir='ltr'><strong>procedere</strong></span> <span class='ocrx_word' id='word_1_288' title='bbox 1193 2175 1558 2230; x_wconf 84' lang='lat' dir='ltr'><strong>securitatem</strong></span> <span class='ocrx_word' id='word_1_289' title='bbox 1608 2173 1802 2244; x_wconf 72' lang='lat' dir='ltr'><strong>gloriae</strong></span> 
     </span>
    </p>
   </div>
   <div class='ocr_carea' id='block_1_40' title="bbox 93 2261 1803 2333">
    <p class='ocr_par' dir='ltr' id='par_1_40' title="bbox 93 2261 1803 2333">
     <span class='ocr_line' id='line_1_40' title="bbox 93 2261 1803 2333; baseline -0.001 -16"><span class='ocrx_word' id='word_1_290' title='bbox 93 2261 542 2333; x_wconf 66' lang='lat' dir='ltr'><strong>consequentiae.</strong></span> <span class='ocrx_word' id='word_1_291' title='bbox 618 2264 910 2330; x_wconf 83' lang='lat' dir='ltr'><strong>Postquam</strong></span> <span class='ocrx_word' id='word_1_292' title='bbox 971 2262 1378 2316; x_wconf 83' lang='lat' dir='ltr'><strong>adoraverimus</strong></span> <span class='ocrx_word' id='word_1_293' title='bbox 1455 2263 1803 2318; x_wconf 90' lang='lat' dir='ltr'><strong>revertimur</strong></span> 
     </span>
    </p>
   </div>
   <div class='ocr_carea' id='block_1_41' title="bbox 93 2350 1798 2422">
    <p class='ocr_par' dir='ltr' id='par_1_41' title="bbox 93 2350 1798 2422">
     <span class='ocr_line' id='line_1_41' title="bbox 93 2350 1798 2422; baseline 0.001 -18"><span class='ocrx_word' id='word_1_294' title='bbox 93 2351 162 2404; x_wconf 88' lang='lat' dir='ltr'><strong>ad</strong></span> <span class='ocrx_word' id='word_1_295' title='bbox 189 2367 309 2415; x_wconf 79' lang='lat' dir='ltr'><strong>vos,</strong></span> <span class='ocrx_word' id='word_1_296' title='bbox 346 2351 402 2406; x_wconf 89' lang='lat' dir='ltr'><strong>id</strong></span> <span class='ocrx_word' id='word_1_297' title='bbox 449 2359 534 2406; x_wconf 90' lang='lat' dir='ltr'><strong>est</strong></span> <span class='ocrx_word' id='word_1_298' title='bbox 565 2350 664 2406; x_wconf 89' lang='lat' dir='ltr'><strong>ubi</strong></span> <span class='ocrx_word' id='word_1_299' title='bbox 694 2350 904 2405; x_wconf 64' lang='lat' dir='ltr'><strong>divinae</strong></span> <span class='ocrx_word' id='word_1_300' title='bbox 952 2351 1314 2421; x_wconf 86' lang='lat' dir='ltr'><strong>cognitionis,</strong></span> <span class='ocrx_word' id='word_1_301' title='bbox 1370 2350 1668 2422; x_wconf 90' lang='lat' dir='ltr'><strong>quidpiam</strong></span> <span class='ocrx_word' id='word_1_302' title='bbox 1710 2358 1798 2406; x_wconf 90' lang='lat' dir='ltr'><strong>at-</strong></span> 
     </span>
    </p>
   </div>
   <div class='ocr_carea' id='block_1_42' title="bbox 91 2438 1801 2509">
    <p class='ocr_par' dir='ltr' id='par_1_42' title="bbox 91 2438 1801 2509">
     <span class='ocr_line' id='line_1_42' title="bbox 91 2438 1801 2509; baseline 0 -15"><span class='ocrx_word' id='word_1_303' title='bbox 91 2439 405 2509; x_wconf 86' lang='lat' dir='ltr'><strong>tingentes,</strong></span> <span class='ocrx_word' id='word_1_304' title='bbox 472 2453 544 2495; x_wconf 86' lang='lat' dir='ltr'><strong>ex</strong></span> <span class='ocrx_word' id='word_1_305' title='bbox 627 2452 853 2494; x_wconf 87' lang='lat' dir='ltr'><strong>summa</strong></span> <span class='ocrx_word' id='word_1_306' title='bbox 908 2440 1036 2509; x_wconf 88' lang='lat' dir='ltr'><strong>ejus</strong></span> <span class='ocrx_word' id='word_1_307' title='bbox 1123 2438 1801 2509; x_wconf 88' lang='lat' dir='ltr'><strong>incomprehensibilitate</strong></span> 
     </span>
    </p>
   </div>
   <div class='ocr_carea' id='block_1_43' title="bbox 90 2527 1794 2598">
    <p class='ocr_par' dir='ltr' id='par_1_43' title="bbox 90 2527 1794 2598">
     <span class='ocr_line' id='line_1_43' title="bbox 90 2527 1794 2598; baseline 0 -16"><span class='ocrx_word' id='word_1_308' title='bbox 90 2527 391 2598; x_wconf 83' lang='lat' dir='ltr'><strong>quidquid</strong></span> <span class='ocrx_word' id='word_1_309' title='bbox 441 2541 646 2583; x_wconf 90' lang='lat' dir='ltr'><strong>sumus</strong></span> <span class='ocrx_word' id='word_1_310' title='bbox 699 2527 754 2582; x_wconf 94' lang='lat' dir='ltr'><strong>in</strong></span> <span class='ocrx_word' id='word_1_311' title='bbox 786 2528 954 2583; x_wconf 89' lang='lat' dir='ltr'><strong>nobis</strong></span> <span class='ocrx_word' id='word_1_312' title='bbox 986 2527 1281 2583; x_wconf 89' lang='lat' dir='ltr'><strong>humiliter</strong></span> <span class='ocrx_word' id='word_1_313' title='bbox 1313 2530 1794 2593; x_wconf 81' lang='lat' dir='ltr'><strong>contraxerimns,</strong></span> 
     </span>
    </p>
   </div>
   <div class='ocr_carea' id='block_1_44' title="bbox 89 2615 1796 2686">
    <p class='ocr_par' dir='ltr' id='par_1_44' title="bbox 89 2615 1796 2686">
     <span class='ocr_line' id='line_1_44' title="bbox 89 2615 1796 2686; baseline -0.001 -16"><span class='ocrx_word' id='word_1_314' title='bbox 89 2617 156 2670; x_wconf 89' lang='lat' dir='ltr'><strong>ad</strong></span> <span class='ocrx_word' id='word_1_315' title='bbox 213 2616 489 2670; x_wconf 87' lang='lat' dir='ltr'><strong>humana</strong></span> <span class='ocrx_word' id='word_1_316' title='bbox 538 2629 771 2671; x_wconf 90' lang='lat' dir='ltr'><strong>rursum</strong></span> <span class='ocrx_word' id='word_1_317' title='bbox 814 2615 1087 2686; x_wconf 88' lang='lat' dir='ltr'><strong>sapienda</strong></span> <span class='ocrx_word' id='word_1_318' title='bbox 1137 2624 1192 2672; x_wconf 89' lang='lat' dir='ltr'><strong>et</strong></span> <span class='ocrx_word' id='word_1_319' title='bbox 1269 2616 1568 2673; x_wconf 88' lang='lat' dir='ltr'><strong>tractanda</strong></span> <span class='ocrx_word' id='word_1_320' title='bbox 1643 2616 1796 2671; x_wconf 87' lang='lat' dir='ltr'><strong>redi-</strong></span> 
     </span>
    </p>
   </div>
   <div class='ocr_carea' id='block_1_45' title="bbox 91 2703 314 2760">
    <p class='ocr_par' dir='ltr' id='par_1_45' title="bbox 91 2703 314 2760">
     <span class='ocr_line' id='line_1_45' title="bbox 91 2703 314 2760; baseline -0.004 -2"><span class='ocrx_word' id='word_1_321' title='bbox 91 2703 314 2760; x_wconf 89' lang='lat' dir='ltr'><strong>bimus.</strong></span> 
     </span>
    </p>
   </div>
   <div class='ocr_carea' id='block_1_46' title="bbox 161 2792 1796 2862">
    <p class='ocr_par' dir='ltr' id='par_1_46' title="bbox 161 2792 1796 2862">
     <span class='ocr_line' id='line_1_46' title="bbox 161 2792 1796 2862; baseline -0.003 -13"><span class='ocrx_word' id='word_1_322' title='bbox 161 2793 346 2849; x_wconf 66' lang='lat' dir='ltr'><strong>Vens.</strong></span> <span class='ocrx_word' id='word_1_323' title='bbox 393 2793 451 2848; x_wconf 91' lang='lat'><strong>6.</strong></span> <span class='ocrx_word' id='word_1_324' title='bbox 503 2823 572 2833; x_wconf 96' lang='lat'><em>—</em></span> <span class='ocrx_word' id='word_1_325' title='bbox 614 2794 761 2847; x_wconf 86' lang='lat' dir='ltr'><strong>Tulit</strong></span> <span class='ocrx_word' id='word_1_326' title='bbox 806 2808 1016 2862; x_wconf 83' lang='lat' dir='ltr'><strong>quoque</strong></span> <span class='ocrx_word' id='word_1_327' title='bbox 1053 2793 1202 2860; x_wconf 89' lang='lat' dir='ltr'><strong>ligna</strong></span> <span class='ocrx_word' id='word_1_328' title='bbox 1228 2792 1544 2857; x_wconf 84' lang='lat' dir='ltr'><strong>holocausti,</strong></span> <span class='ocrx_word' id='word_1_329' title='bbox 1601 2797 1652 2845; x_wconf 90' lang='lat' dir='ltr'><strong>et</strong></span> <span class='ocrx_word' id='word_1_330' title='bbox 1694 2793 1796 2844; x_wconf 83' lang='lat' dir='ltr'><strong>im-</strong></span> 
     </span>
    </p>
   </div>
   <div class='ocr_carea' id='block_1_47' title="bbox 90 2879 1798 2952">
    <p class='ocr_par' dir='ltr' id='par_1_47' title="bbox 90 2879 1798 2952">
     <span class='ocr_line' id='line_1_47' title="bbox 90 2879 1798 2952; baseline -0.002 -16"><span class='ocrx_word' id='word_1_331' title='bbox 90 2885 275 2952; x_wconf 79' lang='lat' dir='ltr'><strong>posuit</strong></span> <span class='ocrx_word' id='word_1_332' title='bbox 335 2896 504 2950; x_wconf 83' lang='lat' dir='ltr'><strong>super</strong></span> <span class='ocrx_word' id='word_1_333' title='bbox 554 2883 708 2936; x_wconf 87' lang='lat' dir='ltr'><strong>Isaac</strong></span> <span class='ocrx_word' id='word_1_334' title='bbox 751 2883 928 2949; x_wconf 77' lang='lat' dir='ltr'><strong>ﬁlium</strong></span> <span class='ocrx_word' id='word_1_335' title='bbox 979 2895 1165 2946; x_wconf 89' lang='lat' dir='ltr'><strong>suum;</strong></span> <span class='ocrx_word' id='word_1_336' title='bbox 1225 2882 1339 2949; x_wconf 87' lang='lat' dir='ltr'><strong>ipse</strong></span> <span class='ocrx_word' id='word_1_337' title='bbox 1370 2896 1494 2934; x_wconf 85' lang='lat' dir='ltr'><strong>vero</strong></span> <span class='ocrx_word' id='word_1_338' title='bbox 1540 2879 1798 2948; x_wconf 80' lang='lat' dir='ltr'><strong>portabat</strong></span> 
     </span>
    </p>
   </div>
   <div class='ocr_carea' id='block_1_48' title="bbox 97 2968 1792 3037">
    <p class='ocr_par' dir='ltr' id='par_1_48' title="bbox 97 2968 1792 3037">
     <span class='ocr_line' id='line_1_48' title="bbox 97 2968 1792 3037; baseline -0.001 -12"><span class='ocrx_word' id='word_1_339' title='bbox 97 2975 150 3025; x_wconf 85' lang='lat' dir='ltr'><strong>in</strong></span> <span class='ocrx_word' id='word_1_340' title='bbox 179 2971 442 3024; x_wconf 77' lang='lat' dir='ltr'><strong>manibus</strong></span> <span class='ocrx_word' id='word_1_341' title='bbox 485 2973 662 3037; x_wconf 81' lang='lat' dir='ltr'><strong>ignem</strong></span> <span class='ocrx_word' id='word_1_342' title='bbox 694 2980 744 3023; x_wconf 86' lang='lat' dir='ltr'><strong>et</strong></span> <span class='ocrx_word' id='word_1_343' title='bbox 782 2969 1074 3035; x_wconf 86' lang='lat' dir='ltr'><strong>gladium:</strong></span> <span class='ocrx_word' id='word_1_344' title='bbox 1124 2971 1302 3036; x_wconf 83' lang='lat' dir='ltr'><strong>Ligna</strong></span> <span class='ocrx_word' id='word_1_345' title='bbox 1349 2969 1648 3023; x_wconf 84' lang='lat' dir='ltr'><strong>holocausti</strong></span> <span class='ocrx_word' id='word_1_346' title='bbox 1691 2968 1792 3024; x_wconf 89' lang='lat' dir='ltr'><strong>tol-</strong></span> 
     </span>
    </p>
   </div>
   <div class='ocr_carea' id='block_1_49' title="bbox 97 3057 1802 3128">
    <p class='ocr_par' dir='ltr' id='par_1_49' title="bbox 97 3057 1802 3128">
     <span class='ocr_line' id='line_1_49' title="bbox 97 3057 1802 3128; baseline -0.001 -13"><span class='ocrx_word' id='word_1_347' title='bbox 97 3060 296 3126; x_wconf 90' lang='lat' dir='ltr'><strong>limus,</strong></span> <span class='ocrx_word' id='word_1_348' title='bbox 343 3073 477 3114; x_wconf 91' lang='lat' dir='ltr'><strong>cum</strong></span> <span class='ocrx_word' id='word_1_349' title='bbox 535 3067 745 3114; x_wconf 67' lang='lat' dir='ltr'><strong>sanctae</strong></span> <span class='ocrx_word' id='word_1_350' title='bbox 801 3057 1112 3127; x_wconf 67' lang='lat' dir='ltr'><strong>Scriptura:</strong></span> <span class='ocrx_word' id='word_1_351' title='bbox 1157 3058 1328 3123; x_wconf 91' lang='lat' dir='ltr'><strong>dicta,</strong></span> <span class='ocrx_word' id='word_1_352' title='bbox 1380 3057 1595 3128; x_wconf 91' lang='lat' dir='ltr'><strong>quibus</strong></span> <span class='ocrx_word' id='word_1_353' title='bbox 1641 3071 1708 3110; x_wconf 87' lang='lat' dir='ltr'><strong>ac</strong></span> <span class='ocrx_word' id='word_1_354' title='bbox 1755 3057 1802 3113; x_wconf 92' lang='lat' dir='ltr'><strong>si</strong></span> 
     </span>
    </p>
   </div>
   <div class='ocr_carea' id='block_1_50' title="bbox 99 3145 1804 3217">
    <p class='ocr_par' dir='ltr' id='par_1_50' title="bbox 99 3145 1804 3217">
     <span class='ocr_line' id='line_1_50' title="bbox 99 3145 1804 3217; baseline -0.001 -15"><span class='ocrx_word' id='word_1_355' title='bbox 99 3150 216 3205; x_wconf 85' lang='lat' dir='ltr'><strong>veri</strong></span> <span class='ocrx_word' id='word_1_356' title='bbox 251 3147 408 3217; x_wconf 82' lang='lat' dir='ltr'><strong>ignis</strong></span> <span class='ocrx_word' id='word_1_357' title='bbox 439 3147 685 3202; x_wconf 89' lang='lat' dir='ltr'><strong>fomento</strong></span> <span class='ocrx_word' id='word_1_358' title='bbox 707 3145 1029 3202; x_wconf 89' lang='lat' dir='ltr'><strong>devotionis</strong></span> <span class='ocrx_word' id='word_1_359' title='bbox 1061 3152 1268 3201; x_wconf 69' lang='lat' dir='ltr'><strong>nostrae</strong></span> <span class='ocrx_word' id='word_1_360' title='bbox 1301 3145 1564 3200; x_wconf 83' lang='lat' dir='ltr'><strong>flammas</strong></span> <span class='ocrx_word' id='word_1_361' title='bbox 1594 3159 1804 3216; x_wconf 88' lang='lat' dir='ltr'><strong>augea-</strong></span> 
     </span>
    </p>
   </div>
   <div class='ocr_carea' id='block_1_51' title="bbox 100 3233 1802 3306">
    <p class='ocr_par' dir='ltr' id='par_1_51' title="bbox 100 3233 1802 3306">
     <span class='ocr_line' id='line_1_51' title="bbox 100 3233 1802 3306; baseline 0 -15"><span class='ocrx_word' id='word_1_362' title='bbox 100 3250 251 3302; x_wconf 90' lang='lat' dir='ltr'><strong>mus,</strong></span> <span class='ocrx_word' id='word_1_363' title='bbox 286 3243 590 3306; x_wconf 87' lang='lat' dir='ltr'><strong>gratanter</strong></span> <span class='ocrx_word' id='word_1_364' title='bbox 619 3240 719 3290; x_wconf 75' lang='lat'><strong>86</strong></span> <span class='ocrx_word' id='word_1_365' title='bbox 774 3234 1118 3304; x_wconf 84' lang='lat' dir='ltr'><strong>excipimus.</strong></span> <span class='ocrx_word' id='word_1_366' title='bbox 1149 3235 1310 3289; x_wconf 88' lang='lat' dir='ltr'><strong>Isaac</strong></span> <span class='ocrx_word' id='word_1_367' title='bbox 1341 3233 1456 3290; x_wconf 87' lang='lat' dir='ltr'><strong>filio</strong></span> <span class='ocrx_word' id='word_1_368' title='bbox 1507 3242 1702 3290; x_wconf 90' lang='lat' dir='ltr'><strong>nostro</strong></span> <span class='ocrx_word' id='word_1_369' title='bbox 1733 3248 1802 3290; x_wconf 89' lang='lat' dir='ltr'><strong>ea</strong></span> 
     </span>
    </p>
   </div>
   <div class='ocr_carea' id='block_1_52' title="bbox 103 3321 1803 3394">
    <p class='ocr_par' dir='ltr' id='par_1_52' title="bbox 103 3321 1803 3394">
     <span class='ocr_line' id='line_1_52' title="bbox 103 3321 1803 3394; baseline 0.001 -17"><span class='ocrx_word' id='word_1_370' title='bbox 103 3324 481 3394; x_wconf 88' lang='lat' dir='ltr'><strong>imponimus.</strong></span> <span class='ocrx_word' id='word_1_371' title='bbox 514 3337 647 3380; x_wconf 89' lang='lat' dir='ltr'><strong>eum</strong></span> <span class='ocrx_word' id='word_1_372' title='bbox 669 3323 785 3393; x_wconf 89' lang='lat' dir='ltr'><strong>spei</strong></span> <span class='ocrx_word' id='word_1_373' title='bbox 809 3331 1016 3377; x_wconf 70' lang='lat' dir='ltr'><strong>nostrae</strong></span> <span class='ocrx_word' id='word_1_374' title='bbox 1047 3321 1117 3377; x_wconf 91' lang='lat' dir='ltr'><strong>ad</strong></span> <span class='ocrx_word' id='word_1_375' title='bbox 1166 3335 1417 3392; x_wconf 87' lang='lat' dir='ltr'><strong>superna</strong></span> <span class='ocrx_word' id='word_1_376' title='bbox 1449 3322 1663 3393; x_wconf 88' lang='lat' dir='ltr'><strong>gaudia</strong></span> <span class='ocrx_word' id='word_1_377' title='bbox 1707 3322 1803 3379; x_wconf 92' lang='lat' dir='ltr'><strong>in-</strong></span> 
     </span>
    </p>
   </div>
   <div class='ocr_carea' id='block_1_53' title="bbox 103 3409 1802 3483">
    <p class='ocr_par' dir='ltr' id='par_1_53' title="bbox 103 3409 1802 3483">
     <span class='ocr_line' id='line_1_53' title="bbox 103 3409 1802 3483; baseline 0 -17"><span class='ocrx_word' id='word_1_378' title='bbox 103 3412 407 3483; x_wconf 78' lang='lat' dir='ltr'><strong>stigandae,</strong></span> <span class='ocrx_word' id='word_1_379' title='bbox 447 3413 516 3466; x_wconf 90' lang='lat' dir='ltr'><strong>de</strong></span> <span class='ocrx_word' id='word_1_380' title='bbox 571 3411 780 3467; x_wconf 76' lang='lat' dir='ltr'><strong>caelesti</strong></span> <span class='ocrx_word' id='word_1_381' title='bbox 848 3409 1112 3466; x_wconf 78' lang='lat' dir='ltr'><strong>felicitate</strong></span> <span class='ocrx_word' id='word_1_382' title='bbox 1161 3411 1308 3466; x_wconf 89' lang='lat' dir='ltr'><strong>sacri</strong></span> <span class='ocrx_word' id='word_1_383' title='bbox 1364 3410 1578 3481; x_wconf 88' lang='lat' dir='ltr'><strong>eloquii</strong></span> <span class='ocrx_word' id='word_1_384' title='bbox 1623 3411 1802 3466; x_wconf 91' lang='lat' dir='ltr'><strong>verba</strong></span> 
     </span>
    </p>
   </div>
   <div class='ocr_carea' id='block_1_54' title="bbox 106 3498 1800 3571">
    <p class='ocr_par' dir='ltr' id='par_1_54' title="bbox 106 3498 1800 3571">
     <span class='ocr_line' id='line_1_54' title="bbox 106 3498 1800 3571; baseline -0.001 -15"><span class='ocrx_word' id='word_1_385' title='bbox 106 3501 274 3571; x_wconf 86' lang='lat' dir='ltr'><strong>quasi</strong></span> <span class='ocrx_word' id='word_1_386' title='bbox 303 3500 497 3556; x_wconf 89' lang='lat' dir='ltr'><strong>oleum</strong></span> <span class='ocrx_word' id='word_1_387' title='bbox 543 3499 791 3554; x_wconf 88' lang='lat' dir='ltr'><strong>ﬂammis</strong></span> <span class='ocrx_word' id='word_1_388' title='bbox 822 3498 1176 3569; x_wconf 81' lang='lat' dir='ltr'><strong>ingerimus.</strong></span> <span class='ocrx_word' id='word_1_389' title='bbox 1210 3499 1500 3554; x_wconf 83' lang='lat' dir='ltr'><strong>Abraham</strong></span> <span class='ocrx_word' id='word_1_390' title='bbox 1534 3502 1592 3553; x_wconf 89' lang='lat' dir='ltr'><strong>in</strong></span> <span class='ocrx_word' id='word_1_391' title='bbox 1624 3503 1800 3554; x_wconf 84' lang='lat' dir='ltr'><strong>mani-</strong></span> 
     </span>
    </p>
   </div>
   <div class='ocr_carea' id='block_1_55' title="bbox 109 3586 1801 3659">
    <p class='ocr_par' dir='ltr' id='par_1_55' title="bbox 109 3586 1801 3659">
     <span class='ocr_line' id='line_1_55' title="bbox 109 3586 1801 3659; baseline 0.002 -19"><span class='ocrx_word' id='word_1_392' title='bbox 109 3588 203 3642; x_wconf 85' lang='lat' dir='ltr'><strong>bus</strong></span> <span class='ocrx_word' id='word_1_393' title='bbox 234 3588 429 3659; x_wconf 86' lang='lat' dir='ltr'><strong>ignem</strong></span> <span class='ocrx_word' id='word_1_394' title='bbox 452 3594 658 3658; x_wconf 86' lang='lat' dir='ltr'><strong>portat,</strong></span> <span class='ocrx_word' id='word_1_395' title='bbox 681 3601 812 3642; x_wconf 91' lang='lat' dir='ltr'><strong>cum</strong></span> <span class='ocrx_word' id='word_1_396' title='bbox 836 3586 984 3643; x_wconf 91' lang='lat' dir='ltr'><strong>ratio</strong></span> <span class='ocrx_word' id='word_1_397' title='bbox 1028 3593 1225 3643; x_wconf 90' lang='lat' dir='ltr'><strong>nostra</strong></span> <span class='ocrx_word' id='word_1_398' title='bbox 1268 3587 1548 3642; x_wconf 77' lang='lat' dir='ltr'><strong>fervorem</strong></span> <span class='ocrx_word' id='word_1_399' title='bbox 1591 3587 1801 3644; x_wconf 89' lang='lat' dir='ltr'><strong>interni</strong></span> 
     </span>
    </p>
   </div>
   <div class='ocr_carea' id='block_1_56' title="bbox 107 3675 1804 3746">
    <p class='ocr_par' dir='ltr' id='par_1_56' title="bbox 107 3675 1804 3746">
     <span class='ocr_line' id='line_1_56' title="bbox 107 3675 1804 3746; baseline 0 -14"><span class='ocrx_word' id='word_1_400' title='bbox 107 3677 368 3732; x_wconf 87' lang='lat' dir='ltr'><strong>desiderii</strong></span> <span class='ocrx_word' id='word_1_401' title='bbox 400 3675 491 3732; x_wconf 93' lang='lat' dir='ltr'><strong>sui</strong></span> <span class='ocrx_word' id='word_1_402' title='bbox 527 3690 627 3746; x_wconf 88' lang='lat' dir='ltr'><strong>per</strong></span> <span class='ocrx_word' id='word_1_403' title='bbox 669 3675 1083 3732; x_wconf 89' lang='lat' dir='ltr'><strong>exhibitionem</strong></span> <span class='ocrx_word' id='word_1_404' title='bbox 1123 3675 1350 3745; x_wconf 89' lang='lat' dir='ltr'><strong>piorum</strong></span> <span class='ocrx_word' id='word_1_405' title='bbox 1399 3689 1634 3745; x_wconf 89' lang='lat' dir='ltr'><strong>operum</strong></span> <span class='ocrx_word' id='word_1_406' title='bbox 1668 3690 1804 3746; x_wconf 88' lang='lat' dir='ltr'><strong>pru-</strong></span> 
     </span>
    </p>
   </div>
   <div class='ocr_carea' id='block_1_57' title="bbox 107 3763 1804 3832">
    <p class='ocr_par' dir='ltr' id='par_1_57' title="bbox 107 3763 1804 3832">
     <span class='ocr_line' id='line_1_57' title="bbox 107 3763 1804 3832; baseline 0 -12"><span class='ocrx_word' id='word_1_407' title='bbox 107 3766 310 3821; x_wconf 88' lang='lat' dir='ltr'><strong>denter</strong></span> <span class='ocrx_word' id='word_1_408' title='bbox 366 3772 632 3820; x_wconf 85' lang='lat' dir='ltr'><strong>ostentat.</strong></span> <span class='ocrx_word' id='word_1_409' title='bbox 677 3765 870 3820; x_wconf 85' lang='lat' dir='ltr'><strong>Portat</strong></span> <span class='ocrx_word' id='word_1_410' title='bbox 925 3765 1192 3832; x_wconf 84' lang='lat' dir='ltr'><strong>gladium,</strong></span> <span class='ocrx_word' id='word_1_411' title='bbox 1247 3763 1386 3819; x_wconf 93' lang='lat' dir='ltr'><strong>dum</strong></span> <span class='ocrx_word' id='word_1_412' title='bbox 1442 3764 1804 3821; x_wconf 89' lang='lat' dir='ltr'><strong>discretionis</strong></span> 
     </span>
    </p>
   </div>
   <div class='ocr_carea' id='block_1_58' title="bbox 109 3851 1800 3926">
    <p class='ocr_par' dir='ltr' id='par_1_58' title="bbox 109 3851 1800 3926">
     <span class='ocr_line' id='line_1_58' title="bbox 109 3851 1800 3926; baseline -0.001 -17"><span class='ocrx_word' id='word_1_413' title='bbox 109 3853 374 3926; x_wconf 85' lang='lat' dir='ltr'><strong>regulam</strong></span> <span class='ocrx_word' id='word_1_414' title='bbox 403 3867 519 3908; x_wconf 89' lang='lat' dir='ltr'><strong>non</strong></span> <span class='ocrx_word' id='word_1_415' title='bbox 549 3852 773 3909; x_wconf 81' lang='lat' dir='ltr'><strong>excedit</strong></span> <span class='ocrx_word' id='word_1_416' title='bbox 804 3854 927 3922; x_wconf 90' lang='lat' dir='ltr'><strong>ipsa</strong></span> <span class='ocrx_word' id='word_1_417' title='bbox 955 3852 1448 3909; x_wconf 88' lang='lat' dir='ltr'><strong>administratione</strong></span> <span class='ocrx_word' id='word_1_418' title='bbox 1484 3851 1800 3920; x_wconf 88' lang='lat' dir='ltr'><strong>virtutum;</strong></span> 
     </span>
    </p>
   </div>
   <div class='ocr_carea' id='block_1_59' title="bbox 110 3939 1800 4012">
    <p class='ocr_par' dir='ltr' id='par_1_59' title="bbox 110 3939 1800 4012">
     <span class='ocr_line' id='line_1_59' title="bbox 110 3939 1800 4012; baseline 0.002 -17"><span class='ocrx_word' id='word_1_419' title='bbox 110 3941 156 3996; x_wconf 87' lang='lat' dir='ltr'><strong>si</strong></span> <span class='ocrx_word' id='word_1_420' title='bbox 206 3940 366 3996; x_wconf 89' lang='lat' dir='ltr'><strong>enim</strong></span> <span class='ocrx_word' id='word_1_421' title='bbox 395 3948 546 3997; x_wconf 90' lang='lat' dir='ltr'><strong>recte</strong></span> <span class='ocrx_word' id='word_1_422' title='bbox 595 3939 820 4004; x_wconf 68' lang='lat' dir='ltr'><strong>oderas,</strong></span> <span class='ocrx_word' id='word_1_423' title='bbox 878 3948 933 3997; x_wconf 90' lang='lat' dir='ltr'><strong>et</strong></span> <span class='ocrx_word' id='word_1_424' title='bbox 981 3948 1132 3997; x_wconf 89' lang='lat' dir='ltr'><strong>recte</strong></span> <span class='ocrx_word' id='word_1_425' title='bbox 1204 3956 1319 3997; x_wconf 92' lang='lat' dir='ltr'><strong>non</strong></span> <span class='ocrx_word' id='word_1_426' title='bbox 1371 3941 1616 4010; x_wconf 86' lang='lat' dir='ltr'><strong>dividas,</strong></span> <span class='ocrx_word' id='word_1_427' title='bbox 1676 3957 1800 4012; x_wconf 89' lang='lat' dir='ltr'><strong>pec-</strong></span> 
     </span>
    </p>
   </div>
   <div class='ocr_carea' id='block_1_60' title="bbox 110 4029 270 4084">
    <p class='ocr_par' dir='ltr' id='par_1_60' title="bbox 110 4029 270 4084">
     <span class='ocr_line' id='line_1_60' title="bbox 110 4029 270 4084; baseline -0.006 -1"><span class='ocrx_word' id='word_1_428' title='bbox 110 4029 270 4084; x_wconf 84' lang='lat' dir='ltr'><strong>casti.</strong></span> 
     </span>
    </p>
   </div>
   <div class='ocr_carea' id='block_1_61' title="bbox 179 4117 1804 4188">
    <p class='ocr_par' dir='ltr' id='par_1_61' title="bbox 179 4117 1804 4188">
     <span class='ocr_line' id='line_1_61' title="bbox 179 4117 1804 4188; baseline -0.001 -14"><span class='ocrx_word' id='word_1_429' title='bbox 179 4117 359 4175; x_wconf 70' lang='lat' dir='ltr'><strong>Vens.</strong></span> <span class='ocrx_word' id='word_1_430' title='bbox 390 4118 446 4184; x_wconf 86' lang='grc'><strong>7,</strong></span> <span class='ocrx_word' id='word_1_431' title='bbox 476 4120 530 4172; x_wconf 89' lang='grc'><strong>8.</strong></span> <span class='ocrx_word' id='word_1_432' title='bbox 578 4146 652 4158; x_wconf 89' lang='grc'><strong><em>-</em></strong></span> <span class='ocrx_word' id='word_1_433' title='bbox 705 4119 940 4188; x_wconf 88' lang='lat' dir='ltr'><strong>Cumque</strong></span> <span class='ocrx_word' id='word_1_434' title='bbox 967 4118 1073 4172; x_wconf 90' lang='lat' dir='ltr'><strong>duo</strong></span> <span class='ocrx_word' id='word_1_435' title='bbox 1101 4122 1383 4187; x_wconf 81' lang='lat' dir='ltr'><strong>pergerent</strong></span> <span class='ocrx_word' id='word_1_436' title='bbox 1439 4119 1624 4184; x_wconf 83' lang='lat' dir='ltr'><strong>simul,</strong></span> <span class='ocrx_word' id='word_1_437' title='bbox 1654 4117 1804 4172; x_wconf 64' lang='lat' dir='ltr'><strong>dixit</strong></span> 
     </span>
    </p>
   </div>
   <div class='ocr_carea' id='block_1_62' title="bbox 1913 1737 3602 1809">
    <p class='ocr_par' dir='ltr' id='par_1_62' title="bbox 1913 1737 3602 1809">
     <span class='ocr_line' id='line_1_62' title="bbox 1913 1737 3602 1809; baseline 0.003 -19"><span class='ocrx_word' id='word_1_438' title='bbox 1913 1740 2048 1801; x_wconf 84' lang='lat' dir='ltr'><strong>tare,</strong></span> <span class='ocrx_word' id='word_1_439' title='bbox 2099 1741 2149 1791; x_wconf 86' lang='lat' dir='ltr'><strong>et</strong></span> <span class='ocrx_word' id='word_1_440' title='bbox 2196 1737 2428 1806; x_wconf 85' lang='lat' dir='ltr'><strong>desuper</strong></span> <span class='ocrx_word' id='word_1_441' title='bbox 2490 1739 2643 1804; x_wconf 87' lang='lat' dir='ltr'><strong>ligna</strong></span> <span class='ocrx_word' id='word_1_442' title='bbox 2691 1739 3005 1806; x_wconf 85' lang='lat' dir='ltr'><strong>composuit.</strong></span> <span class='ocrx_word' id='word_1_443' title='bbox 3060 1739 3280 1792; x_wconf 86' lang='lat' dir='ltr'><strong>Pari/er</strong></span> <span class='ocrx_word' id='word_1_444' title='bbox 3329 1747 3602 1809; x_wconf 85' lang='lat' dir='ltr'><strong>pergunt,</strong></span> 
     </span>
    </p>
   </div>
   <div class='ocr_carea' id='block_1_63' title="bbox 1912 1825 3602 1897">
    <p class='ocr_par' dir='ltr' id='par_1_63' title="bbox 1912 1825 3602 1897">
     <span class='ocr_line' id='line_1_63' title="bbox 1912 1825 3602 1897; baseline 0.003 -18"><span class='ocrx_word' id='word_1_445' title='bbox 1912 1840 2045 1880; x_wconf 81' lang='lat' dir='ltr'><strong>cum</strong></span> <span class='ocrx_word' id='word_1_446' title='bbox 2071 1825 2267 1880; x_wconf 87' lang='lat' dir='ltr'><strong>eadem</strong></span> <span class='ocrx_word' id='word_1_447' title='bbox 2313 1826 2623 1880; x_wconf 80' lang='lat' dir='ltr'><strong>intentione</strong></span> <span class='ocrx_word' id='word_1_448' title='bbox 2651 1825 2922 1892; x_wconf 63' lang='lat' dir='ltr'><strong>cielestia,</strong></span> <span class='ocrx_word' id='word_1_449' title='bbox 2974 1827 3275 1897; x_wconf 88' lang='lat' dir='ltr'><strong>Deumque</strong></span> <span class='ocrx_word' id='word_1_450' title='bbox 3313 1829 3602 1896; x_wconf 90' lang='lat' dir='ltr'><strong>ambiunt,</strong></span> 
     </span>
    </p>
   </div>
   <div class='ocr_carea' id='block_1_64' title="bbox 1912 1911 3606 1986">
    <p class='ocr_par' dir='ltr' id='par_1_64' title="bbox 1912 1911 3606 1986">
     <span class='ocr_line' id='line_1_64' title="bbox 1912 1911 3606 1986; baseline 0.004 -20"><span class='ocrx_word' id='word_1_451' title='bbox 1912 1911 2049 1966; x_wconf 92' lang='lat' dir='ltr'><strong>dum</strong></span> <span class='ocrx_word' id='word_1_452' title='bbox 2103 1927 2207 1967; x_wconf 89' lang='lat' dir='ltr'><strong>nec</strong></span> <span class='ocrx_word' id='word_1_453' title='bbox 2242 1913 2480 1982; x_wconf 88' lang='lat' dir='ltr'><strong>spiritus</strong></span> <span class='ocrx_word' id='word_1_454' title='bbox 2527 1914 2650 1968; x_wconf 89' lang='lat' dir='ltr'><strong>sine</strong></span> <span class='ocrx_word' id='word_1_455' title='bbox 2698 1913 3020 1969; x_wconf 84' lang='lat' dir='ltr'><strong>rationabili</strong></span> <span class='ocrx_word' id='word_1_456' title='bbox 3061 1929 3156 1984; x_wconf 91' lang='lat' dir='ltr'><strong>spe</strong></span> <span class='ocrx_word' id='word_1_457' title='bbox 3201 1923 3284 1971; x_wconf 89' lang='lat' dir='ltr'><strong>est</strong></span> <span class='ocrx_word' id='word_1_458' title='bbox 3331 1929 3437 1972; x_wconf 91' lang='lat' dir='ltr'><strong>nec</strong></span> <span class='ocrx_word' id='word_1_459' title='bbox 3476 1931 3606 1986; x_wconf 86' lang='lat' dir='ltr'><strong>spes</strong></span> 
     </span>
    </p>
   </div>
   <div class='ocr_carea' id='block_1_65' title="bbox 1913 1999 3601 2073">
    <p class='ocr_par' dir='ltr' id='par_1_65' title="bbox 1913 1999 3601 2073">
     <span class='ocr_line' id='line_1_65' title="bbox 1913 1999 3601 2073; baseline 0.004 -19"><span class='ocrx_word' id='word_1_460' title='bbox 1913 1999 2035 2055; x_wconf 90' lang='lat' dir='ltr'><strong>sine</strong></span> <span class='ocrx_word' id='word_1_461' title='bbox 2079 2001 2367 2070; x_wconf 89' lang='lat' dir='ltr'><strong>spirituali</strong></span> <span class='ocrx_word' id='word_1_462' title='bbox 2426 2001 2766 2056; x_wconf 88' lang='lat' dir='ltr'><strong>rectitudine</strong></span> <span class='ocrx_word' id='word_1_463' title='bbox 2827 2011 2930 2058; x_wconf 87' lang='lat' dir='ltr'><strong>est.</strong></span> <span class='ocrx_word' id='word_1_464' title='bbox 2975 2001 3068 2056; x_wconf 84' lang='lat' dir='ltr'><strong>Ad</strong></span> <span class='ocrx_word' id='word_1_465' title='bbox 3095 2004 3265 2057; x_wconf 90' lang='lat' dir='ltr'><strong>locum</strong></span> <span class='ocrx_word' id='word_1_466' title='bbox 3313 2004 3601 2073; x_wconf 89' lang='lat' dir='ltr'><strong>venimus,</strong></span> 
     </span>
    </p>
   </div>
   <div class='ocr_carea' id='block_1_66' title="bbox 1912 2088 3605 2155">
    <p class='ocr_par' dir='ltr' id='par_1_66' title="bbox 1912 2088 3605 2155">
     <span class='ocr_line' id='line_1_66' title="bbox 1912 2088 3605 2155; baseline 0.004 -13"><span class='ocrx_word' id='word_1_467' title='bbox 1912 2101 2084 2154; x_wconf 89' lang='lat' dir='ltr'><strong>quem</strong></span> <span class='ocrx_word' id='word_1_468' title='bbox 2119 2088 2364 2143; x_wconf 89' lang='lat' dir='ltr'><strong>ostendit</strong></span> <span class='ocrx_word' id='word_1_469' title='bbox 2397 2089 2564 2155; x_wconf 89' lang='lat' dir='ltr'><strong>Deus,</strong></span> <span class='ocrx_word' id='word_1_470' title='bbox 2598 2103 2728 2143; x_wconf 91' lang='lat' dir='ltr'><strong>cum</strong></span> <span class='ocrx_word' id='word_1_471' title='bbox 2765 2088 2824 2144; x_wconf 90' lang='lat' dir='ltr'><strong>in</strong></span> <span class='ocrx_word' id='word_1_472' title='bbox 2855 2089 2951 2144; x_wconf 90' lang='lat' dir='ltr'><strong>Dei</strong></span> <span class='ocrx_word' id='word_1_473' title='bbox 2992 2090 3212 2146; x_wconf 87' lang='lat' dir='ltr'><strong>visione</strong></span> <span class='ocrx_word' id='word_1_474' title='bbox 3237 2091 3308 2146; x_wconf 91' lang='lat' dir='ltr'><strong>ad</strong></span> <span class='ocrx_word' id='word_1_475' title='bbox 3338 2106 3605 2148; x_wconf 90' lang='lat' dir='ltr'><strong>momen-</strong></span> 
     </span>
    </p>
   </div>
   <div class='ocr_carea' id='block_1_67' title="bbox 1913 2176 3602 2248">
    <p class='ocr_par' dir='ltr' id='par_1_67' title="bbox 1913 2176 3602 2248">
     <span class='ocr_line' id='line_1_67' title="bbox 1913 2176 3602 2248; baseline 0.005 -19"><span class='ocrx_word' id='word_1_476' title='bbox 1913 2182 2036 2230; x_wconf 91' lang='lat' dir='ltr'><strong>tum</strong></span> <span class='ocrx_word' id='word_1_477' title='bbox 2093 2177 2258 2245; x_wconf 89' lang='lat' dir='ltr'><strong>quasi</strong></span> <span class='ocrx_word' id='word_1_478' title='bbox 2308 2176 2430 2232; x_wconf 88' lang='lat' dir='ltr'><strong>loco</strong></span> <span class='ocrx_word' id='word_1_479' title='bbox 2474 2191 2508 2231; x_wconf 89' lang='lat' dir='ltr'><strong>a</strong></span> <span class='ocrx_word' id='word_1_480' title='bbox 2560 2185 2750 2232; x_wconf 86' lang='lat' dir='ltr'><strong>nostra</strong></span> <span class='ocrx_word' id='word_1_481' title='bbox 2804 2178 3176 2235; x_wconf 91' lang='lat' dir='ltr'><strong>lluctuatione</strong></span> <span class='ocrx_word' id='word_1_482' title='bbox 3221 2181 3602 2248; x_wconf 89' lang='lat' dir='ltr'><strong>subsistimus,</strong></span> 
     </span>
    </p>
   </div>
   <div class='ocr_carea' id='block_1_68' title="bbox 1911 2263 3604 2335">
    <p class='ocr_par' dir='ltr' id='par_1_68' title="bbox 1911 2263 3604 2335">
     <span class='ocr_line' id='line_1_68' title="bbox 1911 2263 3604 2335; baseline 0.004 -18"><span class='ocrx_word' id='word_1_483' title='bbox 1911 2263 2066 2332; x_wconf 87' lang='lat' dir='ltr'><strong>quod</strong></span> <span class='ocrx_word' id='word_1_484' title='bbox 2099 2270 2286 2318; x_wconf 90' lang='lat' dir='ltr'><strong>tamen</strong></span> <span class='ocrx_word' id='word_1_485' title='bbox 2317 2278 2431 2319; x_wconf 90' lang='lat' dir='ltr'><strong>non</strong></span> <span class='ocrx_word' id='word_1_486' title='bbox 2464 2265 2573 2319; x_wconf 92' lang='lat' dir='ltr'><strong>nisi</strong></span> <span class='ocrx_word' id='word_1_487' title='bbox 2607 2265 2821 2334; x_wconf 60' lang='lat' dir='ltr'><strong>praevia</strong></span> <span class='ocrx_word' id='word_1_488' title='bbox 2873 2265 3050 2335; x_wconf 87' lang='lat' dir='ltr'><strong>ipsius</strong></span> <span class='ocrx_word' id='word_1_489' title='bbox 3093 2266 3474 2324; x_wconf 90' lang='lat' dir='ltr'><strong>illustratione</strong></span> <span class='ocrx_word' id='word_1_490' title='bbox 3523 2278 3604 2324; x_wconf 87' lang='lat' dir='ltr'><strong>at-</strong></span> 
     </span>
    </p>
   </div>
   <div class='ocr_carea' id='block_1_69' title="bbox 1908 2351 3601 2428">
    <p class='ocr_par' dir='ltr' id='par_1_69' title="bbox 1908 2351 3601 2428">
     <span class='ocr_line' id='line_1_69' title="bbox 1908 2351 3601 2428; baseline 0.004 -22"><span class='ocrx_word' id='word_1_491' title='bbox 1908 2351 2205 2422; x_wconf 88' lang='lat' dir='ltr'><strong>tingimus.</strong></span> <span class='ocrx_word' id='word_1_492' title='bbox 2265 2354 2329 2406; x_wconf 89' lang='lat' dir='ltr'><strong>In</strong></span> <span class='ocrx_word' id='word_1_493' title='bbox 2389 2369 2492 2422; x_wconf 85' lang='lat' dir='ltr'><strong>quo</strong></span> <span class='ocrx_word' id='word_1_494' title='bbox 2544 2355 2718 2407; x_wconf 80' lang='lat' dir='ltr'><strong>altare</strong></span> <span class='ocrx_word' id='word_1_495' title='bbox 2763 2355 3135 2422; x_wconf 78' lang='lat' dir='ltr'><strong>tedilicamus,</strong></span> <span class='ocrx_word' id='word_1_496' title='bbox 3195 2371 3372 2426; x_wconf 90' lang='lat' dir='ltr'><strong>super</strong></span> <span class='ocrx_word' id='word_1_497' title='bbox 3447 2359 3601 2428; x_wconf 89' lang='lat' dir='ltr'><strong>quod</strong></span> 
     </span>
    </p>
   </div>
   <div class='ocr_carea' id='block_1_70' title="bbox 1907 2441 3600 2510">
    <p class='ocr_par' dir='ltr' id='par_1_70' title="bbox 1907 2441 3600 2510">
     <span class='ocr_line' id='line_1_70' title="bbox 1907 2441 3600 2510; baseline 0.005 -16"><span class='ocrx_word' id='word_1_498' title='bbox 1907 2441 2060 2506; x_wconf 88' lang='lat' dir='ltr'><strong>ligna</strong></span> <span class='ocrx_word' id='word_1_499' title='bbox 2124 2441 2541 2510; x_wconf 88' lang='lat' dir='ltr'><strong>componimus,</strong></span> <span class='ocrx_word' id='word_1_500' title='bbox 2600 2442 2738 2498; x_wconf 89' lang='lat' dir='ltr'><strong>dum</strong></span> <span class='ocrx_word' id='word_1_501' title='bbox 2793 2443 3154 2498; x_wconf 63' lang='lat' dir='ltr'><strong>conscientia:</strong></span> <span class='ocrx_word' id='word_1_502' title='bbox 3239 2445 3600 2502; x_wconf 87' lang='lat' dir='ltr'><strong>devotionem</strong></span> 
     </span>
    </p>
   </div>
   <div class='ocr_carea' id='block_1_71' title="bbox 1893 2531 3598 2605">
    <p class='ocr_par' dir='ltr' id='par_1_71' title="bbox 1893 2531 3598 2605">
     <span class='ocr_line' id='line_1_71' title="bbox 1893 2531 3598 2605; baseline 0.005 -23"><span class='ocrx_word' id='word_1_503' title='bbox 1893 2533 2419 2585; x_wconf 69' lang='lat' dir='ltr'><strong>.czeterarumctetu</strong></span> <span class='ocrx_word' id='word_1_504' title='bbox 2470 2531 2748 2586; x_wconf 83' lang='lat' dir='ltr'><strong>virtutum</strong></span> <span class='ocrx_word' id='word_1_505' title='bbox 2800 2532 3250 2588; x_wconf 89' lang='lat' dir='ltr'><strong>adminiculante</strong></span> <span class='ocrx_word' id='word_1_506' title='bbox 3297 2533 3598 2605; x_wconf 89' lang='lat' dir='ltr'><strong>erigimus,</strong></span> 
     </span>
    </p>
   </div>
   <div class='ocr_carea' id='block_1_72' title="bbox 1905 2616 3604 2692">
    <p class='ocr_par' dir='ltr' id='par_1_72' title="bbox 1905 2616 3604 2692">
     <span class='ocr_line' id='line_1_72' title="bbox 1905 2616 3604 2692; baseline 0.005 -22"><span class='ocrx_word' id='word_1_507' title='bbox 1905 2616 2172 2686; x_wconf 89' lang='lat' dir='ltr'><strong>sacrique</strong></span> <span class='ocrx_word' id='word_1_508' title='bbox 2211 2616 2422 2686; x_wconf 88' lang='lat' dir='ltr'><strong>eloquii</strong></span> <span class='ocrx_word' id='word_1_509' title='bbox 2466 2619 2873 2690; x_wconf 88' lang='lat' dir='ltr'><strong>undecumque</strong></span> <span class='ocrx_word' id='word_1_510' title='bbox 2923 2619 3073 2675; x_wconf 88' lang='lat' dir='ltr'><strong>dicta</strong></span> <span class='ocrx_word' id='word_1_511' title='bbox 3123 2623 3509 2692; x_wconf 83' lang='lat' dir='ltr'><strong>excerpimus,</strong></span> <span class='ocrx_word' id='word_1_512' title='bbox 3549 2632 3604 2679; x_wconf 91' lang='lat' dir='ltr'><strong>et</strong></span> 
     </span>
    </p>
   </div>
   <div class='ocr_carea' id='block_1_73' title="bbox 1905 2705 3603 2784">
    <p class='ocr_par' dir='ltr' id='par_1_73' title="bbox 1905 2705 3603 2784">
     <span class='ocr_line' id='line_1_73' title="bbox 1905 2705 3603 2784; baseline 0.004 -23"><span class='ocrx_word' id='word_1_513' title='bbox 1905 2705 2093 2761; x_wconf 89' lang='lat' dir='ltr'><strong>cordis</strong></span> <span class='ocrx_word' id='word_1_514' title='bbox 2142 2705 2307 2760; x_wconf 89' lang='lat' dir='ltr'><strong>altari</strong></span> <span class='ocrx_word' id='word_1_515' title='bbox 2340 2706 2526 2776; x_wconf 87' lang='lat' dir='ltr'><strong>magis</strong></span> <span class='ocrx_word' id='word_1_516' title='bbox 2574 2709 2876 2777; x_wconf 87' lang='lat' dir='ltr'><strong>magisque</strong></span> <span class='ocrx_word' id='word_1_517' title='bbox 2917 2707 3276 2766; x_wconf 89' lang='lat' dir='ltr'><strong>incendendo</strong></span> <span class='ocrx_word' id='word_1_518' title='bbox 3335 2713 3603 2784; x_wconf 88' lang='lat' dir='ltr'><strong>congeri-</strong></span> 
     </span>
    </p>
   </div>
   <div class='ocr_carea' id='block_1_74' title="bbox 1904 2795 3604 2870">
    <p class='ocr_par' dir='ltr' id='par_1_74' title="bbox 1904 2795 3604 2870">
     <span class='ocr_line' id='line_1_74' title="bbox 1904 2795 3604 2870; baseline 0.004 -21"><span class='ocrx_word' id='word_1_519' title='bbox 1904 2808 2054 2849; x_wconf 87' lang='lat' dir='ltr'><strong>mus.</strong></span> <span class='ocrx_word' id='word_1_520' title='bbox 2109 2795 2356 2862; x_wconf 85' lang='lat' dir='ltr'><strong>Cumque</strong></span> <span class='ocrx_word' id='word_1_521' title='bbox 2397 2796 2702 2863; x_wconf 87' lang='lat' dir='ltr'><strong>colligasset</strong></span> <span class='ocrx_word' id='word_1_522' title='bbox 2758 2797 2922 2850; x_wconf 90' lang='lat' dir='ltr'><strong>Isaac</strong></span> <span class='ocrx_word' id='word_1_523' title='bbox 2950 2799 3135 2866; x_wconf 81' lang='lat' dir='ltr'><strong>ﬁlium</strong></span> <span class='ocrx_word' id='word_1_524' title='bbox 3191 2814 3368 2859; x_wconf 85' lang='lat' dir='ltr'><strong>suum.</strong></span> <span class='ocrx_word' id='word_1_525' title='bbox 3417 2806 3604 2870; x_wconf 80' lang='lat' dir='ltr'><strong>posuit</strong></span> 
     </span>
    </p>
   </div>
   <div class='ocr_carea' id='block_1_75' title="bbox 1903 2886 3604 2960">
    <p class='ocr_par' dir='ltr' id='par_1_75' title="bbox 1903 2886 3604 2960">
     <span class='ocr_line' id='line_1_75' title="bbox 1903 2886 3604 2960; baseline 0.005 -24"><span class='ocrx_word' id='word_1_526' title='bbox 1903 2898 2023 2936; x_wconf 89' lang='lat' dir='ltr'><strong>eum</strong></span> <span class='ocrx_word' id='word_1_527' title='bbox 2064 2897 2226 2952; x_wconf 87' lang='lat' dir='ltr'><strong>super</strong></span> <span class='ocrx_word' id='word_1_528' title='bbox 2275 2888 2476 2936; x_wconf 90' lang='lat' dir='ltr'><strong>struem</strong></span> <span class='ocrx_word' id='word_1_529' title='bbox 2523 2886 2812 2952; x_wconf 86' lang='lat' dir='ltr'><strong>lignorum.</strong></span> <span class='ocrx_word' id='word_1_530' title='bbox 2850 2887 3034 2950; x_wconf 74' lang='lat' dir='ltr'><strong>(Vnus.</strong></span> <span class='ocrx_word' id='word_1_531' title='bbox 3088 2887 3196 2956; x_wconf 86' lang='lat' dir='ltr'><strong>lO.)</strong></span> <span class='ocrx_word' id='word_1_532' title='bbox 3237 2889 3604 2960; x_wconf 70' lang='lat' dir='ltr'><strong>Extenditque</strong></span> 
     </span>
    </p>
   </div>
   <div class='ocr_carea' id='block_1_76' title="bbox 1911 2973 3600 3042">
    <p class='ocr_par' dir='ltr' id='par_1_76' title="bbox 1911 2973 3600 3042">
     <span class='ocr_line' id='line_1_76' title="bbox 1911 2973 3600 3042; baseline 0.004 -17"><span class='ocrx_word' id='word_1_533' title='bbox 1911 2987 2152 3037; x_wconf 90' lang='lat' dir='ltr'><strong>manum,</strong></span> <span class='ocrx_word' id='word_1_534' title='bbox 2225 2977 2275 3024; x_wconf 86' lang='lat' dir='ltr'><strong>et</strong></span> <span class='ocrx_word' id='word_1_535' title='bbox 2322 2973 2562 3038; x_wconf 77' lang='lat' dir='ltr'><strong>arripuit</strong></span> <span class='ocrx_word' id='word_1_536' title='bbox 2621 2973 2890 3042; x_wconf 81' lang='lat' dir='ltr'><strong>gladium,</strong></span> <span class='ocrx_word' id='word_1_537' title='bbox 2958 2979 3018 3027; x_wconf 86' lang='lat' dir='ltr'><strong>ut</strong></span> <span class='ocrx_word' id='word_1_538' title='bbox 3060 2976 3362 3030; x_wconf 82' lang='lat' dir='ltr'><strong>immolaret</strong></span> <span class='ocrx_word' id='word_1_539' title='bbox 3424 2978 3600 3038; x_wconf 82' lang='lat' dir='ltr'><strong>ﬁlium</strong></span> 
     </span>
    </p>
   </div>
   <div class='ocr_carea' id='block_1_77' title="bbox 1909 3058 3602 3130">
    <p class='ocr_par' dir='ltr' id='par_1_77' title="bbox 1909 3058 3602 3130">
     <span class='ocr_line' id='line_1_77' title="bbox 1909 3058 3602 3130; baseline 0.005 -17"><span class='ocrx_word' id='word_1_540' title='bbox 1909 3074 2085 3114; x_wconf 89' lang='lat' dir='ltr'><strong>suum.</strong></span> <span class='ocrx_word' id='word_1_541' title='bbox 2147 3061 2299 3113; x_wconf 88' lang='lat' dir='ltr'><strong>Isaac</strong></span> <span class='ocrx_word' id='word_1_542' title='bbox 2349 3058 2710 3130; x_wconf 88' lang='lat' dir='ltr'><strong>colligamus,</strong></span> <span class='ocrx_word' id='word_1_543' title='bbox 2761 3075 2892 3116; x_wconf 91' lang='lat' dir='ltr'><strong>cum</strong></span> <span class='ocrx_word' id='word_1_544' title='bbox 2953 3076 3112 3130; x_wconf 90' lang='lat' dir='ltr'><strong>spem</strong></span> <span class='ocrx_word' id='word_1_545' title='bbox 3175 3063 3234 3118; x_wconf 91' lang='lat' dir='ltr'><strong>in</strong></span> <span class='ocrx_word' id='word_1_546' title='bbox 3277 3065 3602 3122; x_wconf 75' lang='lat' dir='ltr'><strong>cmlestibns</strong></span> 
     </span>
    </p>
   </div>
   <div class='ocr_carea' id='block_1_78' title="bbox 1911 3146 3596 3222">
    <p class='ocr_par' dir='ltr' id='par_1_78' title="bbox 1911 3146 3596 3222">
     <span class='ocr_line' id='line_1_78' title="bbox 1911 3146 3596 3222; baseline 0.004 -21"><span class='ocrx_word' id='word_1_547' title='bbox 1911 3147 2139 3216; x_wconf 88' lang='lat' dir='ltr'><strong>gaudiis</strong></span> <span class='ocrx_word' id='word_1_548' title='bbox 2177 3146 2417 3216; x_wconf 89' lang='lat' dir='ltr'><strong>positam</strong></span> <span class='ocrx_word' id='word_1_549' title='bbox 2447 3146 2548 3202; x_wconf 92' lang='lat' dir='ltr'><strong>soli</strong></span> <span class='ocrx_word' id='word_1_550' title='bbox 2599 3147 2711 3202; x_wconf 91' lang='lat' dir='ltr'><strong>Deo</strong></span> <span class='ocrx_word' id='word_1_551' title='bbox 2741 3146 2858 3201; x_wconf 87' lang='lat' dir='ltr'><strong>fixa</strong></span> <span class='ocrx_word' id='word_1_552' title='bbox 2889 3148 3164 3204; x_wconf 85' lang='lat' dir='ltr'><strong>charitate</strong></span> <span class='ocrx_word' id='word_1_553' title='bbox 3201 3151 3596 3222; x_wconf 89' lang='lat' dir='ltr'><strong>astringimns.</strong></span> 
     </span>
    </p>
   </div>
   <div class='ocr_carea' id='block_1_79' title="bbox 1911 3233 3601 3310">
    <p class='ocr_par' dir='ltr' id='par_1_79' title="bbox 1911 3233 3601 3310">
     <span class='ocr_line' id='line_1_79' title="bbox 1911 3233 3601 3310; baseline 0.004 -21"><span class='ocrx_word' id='word_1_554' title='bbox 1911 3234 1976 3289; x_wconf 92' lang='lat' dir='ltr'><strong>In</strong></span> <span class='ocrx_word' id='word_1_555' title='bbox 2005 3233 2172 3290; x_wconf 88' lang='lat' dir='ltr'><strong>altari</strong></span> <span class='ocrx_word' id='word_1_556' title='bbox 2219 3249 2383 3303; x_wconf 88' lang='lat' dir='ltr'><strong>super</strong></span> <span class='ocrx_word' id='word_1_557' title='bbox 2409 3239 2612 3288; x_wconf 83' lang='lat' dir='ltr'><strong>struem</strong></span> <span class='ocrx_word' id='word_1_558' title='bbox 2665 3235 2933 3301; x_wconf 84' lang='lat' dir='ltr'><strong>lignorum</strong></span> <span class='ocrx_word' id='word_1_559' title='bbox 2989 3239 3275 3306; x_wconf 87' lang='lat' dir='ltr'><strong>ponimus,</strong></span> <span class='ocrx_word' id='word_1_560' title='bbox 3329 3254 3461 3294; x_wconf 89' lang='lat' dir='ltr'><strong>cum</strong></span> <span class='ocrx_word' id='word_1_561' title='bbox 3493 3241 3601 3310; x_wconf 61' lang='lat' dir='ltr'><strong>pia</strong></span> 
     </span>
    </p>
   </div>
   <div class='ocr_carea' id='block_1_80' title="bbox 1909 3321 3598 3392">
    <p class='ocr_par' dir='ltr' id='par_1_80' title="bbox 1909 3321 3598 3392">
     <span class='ocr_line' id='line_1_80' title="bbox 1909 3321 3598 3392; baseline 0.004 -14"><span class='ocrx_word' id='word_1_562' title='bbox 1909 3322 2240 3390; x_wconf 90' lang='lat' dir='ltr'><strong>voluntatis,</strong></span> <span class='ocrx_word' id='word_1_563' title='bbox 2295 3331 2350 3378; x_wconf 88' lang='lat' dir='ltr'><strong>et</strong></span> <span class='ocrx_word' id='word_1_564' title='bbox 2381 3321 2810 3392; x_wconf 86' lang='lat' dir='ltr'><strong>Scripturarum</strong></span> <span class='ocrx_word' id='word_1_565' title='bbox 2864 3326 3220 3380; x_wconf 89' lang='lat' dir='ltr'><strong>auctoritatis</strong></span> <span class='ocrx_word' id='word_1_566' title='bbox 3249 3329 3404 3382; x_wconf 90' lang='lat' dir='ltr'><strong>omni</strong></span> <span class='ocrx_word' id='word_1_567' title='bbox 3433 3328 3598 3384; x_wconf 89' lang='lat' dir='ltr'><strong>altari</strong></span> 
     </span>
    </p>
   </div>
   <div class='ocr_carea' id='block_1_81' title="bbox 1909 3411 3600 3485">
    <p class='ocr_par' dir='ltr' id='par_1_81' title="bbox 1909 3411 3600 3485">
     <span class='ocr_line' id='line_1_81' title="bbox 1909 3411 3600 3485; baseline 0.004 -19"><span class='ocrx_word' id='word_1_568' title='bbox 1909 3411 2208 3477; x_wconf 85' lang='lat' dir='ltr'><strong>sacratius,</strong></span> <span class='ocrx_word' id='word_1_569' title='bbox 2271 3411 2716 3467; x_wconf 90' lang='lat' dir='ltr'><strong>fundamentum</strong></span> <span class='ocrx_word' id='word_1_570' title='bbox 2775 3412 2880 3481; x_wconf 89' lang='lat' dir='ltr'><strong>ipsi</strong></span> <span class='ocrx_word' id='word_1_571' title='bbox 2934 3413 3390 3485; x_wconf 90' lang='lat' dir='ltr'><strong>substernimus;</strong></span> <span class='ocrx_word' id='word_1_572' title='bbox 3449 3418 3600 3474; x_wconf 91' lang='lat' dir='ltr'><strong>unde</strong></span> 
     </span>
    </p>
   </div>
   <div class='ocr_carea' id='block_1_82' title="bbox 1906 3499 3602 3572">
    <p class='ocr_par' dir='ltr' id='par_1_82' title="bbox 1906 3499 3602 3572">
     <span class='ocr_line' id='line_1_82' title="bbox 1906 3499 3602 3572; baseline 0.002 -15"><span class='ocrx_word' id='word_1_573' title='bbox 1906 3500 2062 3557; x_wconf 91' lang='lat' dir='ltr'><strong>enim</strong></span> <span class='ocrx_word' id='word_1_574' title='bbox 2093 3499 2302 3554; x_wconf 89' lang='lat' dir='ltr'><strong>melius</strong></span> <span class='ocrx_word' id='word_1_575' title='bbox 2336 3499 2639 3555; x_wconf 91' lang='lat' dir='ltr'><strong>roboretur</strong></span> <span class='ocrx_word' id='word_1_576' title='bbox 2677 3514 2857 3570; x_wconf 84' lang='lat' dir='ltr'><strong>quam</strong></span> <span class='ocrx_word' id='word_1_577' title='bbox 2909 3509 2971 3556; x_wconf 92' lang='lat' dir='ltr'><strong>ut</strong></span> <span class='ocrx_word' id='word_1_578' title='bbox 3021 3501 3227 3556; x_wconf 91' lang='lat' dir='ltr'><strong>mentis</strong></span> <span class='ocrx_word' id='word_1_579' title='bbox 3281 3505 3514 3572; x_wconf 89' lang='lat' dir='ltr'><strong>puritati</strong></span> <span class='ocrx_word' id='word_1_580' title='bbox 3547 3514 3602 3562; x_wconf 91' lang='lat' dir='ltr'><strong>et</strong></span> 
     </span>
    </p>
   </div>
   <div class='ocr_carea' id='block_1_83' title="bbox 1909 3586 3601 3649">
    <p class='ocr_par' dir='ltr' id='par_1_83' title="bbox 1909 3586 3601 3649">
     <span class='ocr_line' id='line_1_83' title="bbox 1909 3586 3601 3649; baseline 0.004 -7"><span class='ocrx_word' id='word_1_581' title='bbox 1909 3587 2118 3643; x_wconf 56' lang='lat' dir='ltr'><strong>divina:</strong></span> <span class='ocrx_word' id='word_1_582' title='bbox 2143 3586 2366 3642; x_wconf 89' lang='lat' dir='ltr'><strong>veritati</strong></span> <span class='ocrx_word' id='word_1_583' title='bbox 2396 3586 2761 3643; x_wconf 76' lang='lat' dir='ltr'><strong>innitamur?</strong></span> <span class='ocrx_word' id='word_1_584' title='bbox 2790 3589 3114 3645; x_wconf 85' lang='lat' dir='ltr'><strong>Extendere</strong></span> <span class='ocrx_word' id='word_1_585' title='bbox 3144 3589 3389 3647; x_wconf 90' lang='lat' dir='ltr'><strong>dicimus</strong></span> <span class='ocrx_word' id='word_1_586' title='bbox 3439 3599 3601 3649; x_wconf 71' lang='lat' dir='ltr'><strong>extra</strong></span> 
     </span>
    </p>
   </div>
   <div class='ocr_carea' id='block_1_84' title="bbox 1909 3676 3602 3750">
    <p class='ocr_par' dir='ltr' id='par_1_84' title="bbox 1909 3676 3602 3750">
     <span class='ocr_line' id='line_1_84' title="bbox 1909 3676 3602 3750; baseline 0.004 -19"><span class='ocrx_word' id='word_1_587' title='bbox 1909 3676 2147 3731; x_wconf 81' lang='lat' dir='ltr'><strong>tendere.</strong></span> <span class='ocrx_word' id='word_1_588' title='bbox 2209 3676 2452 3732; x_wconf 85' lang='lat' dir='ltr'><strong>Extendi</strong></span> <span class='ocrx_word' id='word_1_589' title='bbox 2508 3689 2644 3746; x_wconf 85' lang='lat' dir='ltr'><strong>ergo</strong></span> <span class='ocrx_word' id='word_1_590' title='bbox 2699 3692 2942 3744; x_wconf 87' lang='lat' dir='ltr'><strong>manum,</strong></span> <span class='ocrx_word' id='word_1_591' title='bbox 3027 3677 3295 3748; x_wconf 91' lang='lat' dir='ltr'><strong>quisquis</strong></span> <span class='ocrx_word' id='word_1_592' title='bbox 3349 3694 3602 3750; x_wconf 86' lang='lat' dir='ltr'><strong>superna</strong></span> 
     </span>
    </p>
   </div>
   <div class='ocr_carea' id='block_1_85' title="bbox 1908 3764 3604 3835">
    <p class='ocr_par' dir='ltr' id='par_1_85' title="bbox 1908 3764 3604 3835">
     <span class='ocr_line' id='line_1_85' title="bbox 1908 3764 3604 3835; baseline 0.004 -16"><span class='ocrx_word' id='word_1_593' title='bbox 1908 3764 2253 3834; x_wconf 86' lang='lat' dir='ltr'><strong>aspiratione</strong></span> <span class='ocrx_word' id='word_1_594' title='bbox 2311 3764 2620 3820; x_wconf 88' lang='lat' dir='ltr'><strong>delectatus</strong></span> <span class='ocrx_word' id='word_1_595' title='bbox 2665 3764 2818 3820; x_wconf 88' lang='lat' dir='ltr'><strong>ultra</strong></span> <span class='ocrx_word' id='word_1_596' title='bbox 2858 3765 3012 3820; x_wconf 89' lang='lat' dir='ltr'><strong>vires</strong></span> <span class='ocrx_word' id='word_1_597' title='bbox 3055 3765 3314 3835; x_wconf 88' lang='lat' dir='ltr'><strong>proprias</strong></span> <span class='ocrx_word' id='word_1_598' title='bbox 3361 3776 3604 3826; x_wconf 90' lang='lat' dir='ltr'><strong>conatur</strong></span> 
     </span>
    </p>
   </div>
   <div class='ocr_carea' id='block_1_86' title="bbox 1909 3850 3601 3924">
    <p class='ocr_par' dir='ltr' id='par_1_86' title="bbox 1909 3850 3601 3924">
     <span class='ocr_line' id='line_1_86' title="bbox 1909 3850 3601 3924; baseline 0.004 -18"><span class='ocrx_word' id='word_1_599' title='bbox 1909 3851 1968 3906; x_wconf 89' lang='lat' dir='ltr'><strong>in</strong></span> <span class='ocrx_word' id='word_1_600' title='bbox 2007 3850 2498 3920; x_wconf 89' lang='lat' dir='ltr'><strong>contemplationis</strong></span> <span class='ocrx_word' id='word_1_601' title='bbox 2543 3851 2903 3907; x_wconf 84' lang='lat' dir='ltr'><strong>exercitium.</strong></span> <span class='ocrx_word' id='word_1_602' title='bbox 2966 3853 3284 3923; x_wconf 82' lang='lat' dir='ltr'><strong>Arripimns</strong></span> <span class='ocrx_word' id='word_1_603' title='bbox 3331 3857 3601 3924; x_wconf 86' lang='lat' dir='ltr'><strong>gladium,</strong></span> 
     </span>
    </p>
   </div>
   <div class='ocr_carea' id='block_1_87' title="bbox 1910 3939 3602 4004">
    <p class='ocr_par' dir='ltr' id='par_1_87' title="bbox 1910 3939 3602 4004">
     <span class='ocr_line' id='line_1_87' title="bbox 1910 3939 3602 4004; baseline 0.005 -8"><span class='ocrx_word' id='word_1_604' title='bbox 1910 3947 1974 3996; x_wconf 91' lang='lat' dir='ltr'><strong>ut</strong></span> <span class='ocrx_word' id='word_1_605' title='bbox 2029 3939 2390 3996; x_wconf 88' lang='lat' dir='ltr'><strong>immolemus</strong></span> <span class='ocrx_word' id='word_1_606' title='bbox 2431 3940 2630 4004; x_wconf 85' lang='lat' dir='ltr'><strong>ﬁlium,</strong></span> <span class='ocrx_word' id='word_1_607' title='bbox 2665 3940 2802 3996; x_wconf 92' lang='lat' dir='ltr'><strong>dum</strong></span> <span class='ocrx_word' id='word_1_608' title='bbox 2867 3950 3024 3998; x_wconf 88' lang='lat' dir='ltr'><strong>tanta</strong></span> <span class='ocrx_word' id='word_1_609' title='bbox 3053 3945 3372 4001; x_wconf 88' lang='lat' dir='ltr'><strong>constantia</strong></span> <span class='ocrx_word' id='word_1_610' title='bbox 3424 3947 3602 4004; x_wconf 90' lang='lat' dir='ltr'><strong>animi</strong></span> 
     </span>
    </p>
   </div>
   <div class='ocr_carea' id='block_1_88' title="bbox 1910 4026 3602 4100">
    <p class='ocr_par' dir='ltr' id='par_1_88' title="bbox 1910 4026 3602 4100">
     <span class='ocr_line' id='line_1_88' title="bbox 1910 4026 3602 4100; baseline 0.005 -18"><span class='ocrx_word' id='word_1_611' title='bbox 1910 4026 2174 4083; x_wconf 89' lang='lat' dir='ltr'><strong>divinum</strong></span> <span class='ocrx_word' id='word_1_612' title='bbox 2226 4026 2624 4096; x_wconf 88' lang='lat' dir='ltr'><strong>amplectimur</strong></span> <span class='ocrx_word' id='word_1_613' title='bbox 2673 4028 2914 4084; x_wconf 84' lang='lat' dir='ltr'><strong>verbum</strong></span> <span class='ocrx_word' id='word_1_614' title='bbox 2968 4037 3030 4085; x_wconf 93' lang='lat' dir='ltr'><strong>ut</strong></span> <span class='ocrx_word' id='word_1_615' title='bbox 3057 4031 3350 4100; x_wconf 62' lang='lat' dir='ltr'><strong>praesentis</strong></span> <span class='ocrx_word' id='word_1_616' title='bbox 3399 4035 3602 4091; x_wconf 90' lang='lat' dir='ltr'><strong>mundi</strong></span> 
     </span>
    </p>
   </div>
   <div class='ocr_carea' id='block_1_89' title="bbox 1911 4113 3601 4186">
    <p class='ocr_par' dir='ltr' id='par_1_89' title="bbox 1911 4113 3601 4186">
     <span class='ocr_line' id='line_1_89' title="bbox 1911 4113 3601 4186; baseline 0.005 -16"><span class='ocrx_word' id='word_1_617' title='bbox 1911 4129 2015 4170; x_wconf 88' lang='lat' dir='ltr'><strong>nos</strong></span> <span class='ocrx_word' id='word_1_618' title='bbox 2062 4114 2298 4170; x_wconf 91' lang='lat' dir='ltr'><strong>omnino</strong></span> <span class='ocrx_word' id='word_1_619' title='bbox 2345 4114 2498 4184; x_wconf 90' lang='lat' dir='ltr'><strong>quod</strong></span> <span class='ocrx_word' id='word_1_620' title='bbox 2553 4113 2670 4170; x_wconf 85' lang='lat' dir='ltr'><strong>tieri</strong></span> <span class='ocrx_word' id='word_1_621' title='bbox 2702 4129 2816 4170; x_wconf 88' lang='lat' dir='ltr'><strong>non</strong></span> <span class='ocrx_word' id='word_1_622' title='bbox 2865 4125 3047 4186; x_wconf 89' lang='lat' dir='ltr'><strong>potest</strong></span> <span class='ocrx_word' id='word_1_623' title='bbox 3089 4117 3415 4178; x_wconf 89' lang='lat' dir='ltr'><strong>interimere</strong></span> <span class='ocrx_word' id='word_1_624' title='bbox 3462 4124 3601 4178; x_wconf 90' lang='lat' dir='ltr'><strong>veli-</strong></span> 
     </span>
    </p>
   </div>
   <div class='ocr_carea' id='block_1_90' title="bbox 115 4203 3606 4276">
    <p class='ocr_par' dir='ltr' id='par_1_90' title="bbox 115 4203 3606 4276">
     <span class='ocr_line' id='line_1_90' title="bbox 115 4203 3606 4276; baseline 0.002 -16"><span class='ocrx_word' id='word_1_625' title='bbox 115 4208 264 4261; x_wconf 86' lang='lat' dir='ltr'><strong>lsaac</strong></span> <span class='ocrx_word' id='word_1_626' title='bbox 303 4208 462 4276; x_wconf 85' lang='lat' dir='ltr'><strong>patri</strong></span> <span class='ocrx_word' id='word_1_627' title='bbox 483 4221 580 4260; x_wconf 89' lang='lat' dir='ltr'><strong>suo</strong></span> <span class='ocrx_word' id='word_1_628' title='bbox 613 4222 628 4260; x_wconf 92' lang='lat'><strong>:</strong></span> <span class='ocrx_word' id='word_1_629' title='bbox 674 4207 836 4261; x_wconf 89' lang='lat' dir='ltr'><strong>Pater</strong></span> <span class='ocrx_word' id='word_1_630' title='bbox 869 4209 990 4261; x_wconf 80' lang='lat' dir='ltr'><strong>mi?</strong></span> <span class='ocrx_word' id='word_1_631' title='bbox 1018 4211 1100 4262; x_wconf 82' lang='lat' dir='ltr'><strong>At</strong></span> <span class='ocrx_word' id='word_1_632' title='bbox 1158 4207 1250 4260; x_wconf 87' lang='lat' dir='ltr'><strong>ille</strong></span> <span class='ocrx_word' id='word_1_633' title='bbox 1306 4207 1622 4276; x_wconf 83' lang='lat' dir='ltr'><strong>respondit:</strong></span> <span class='ocrx_word' id='word_1_634' title='bbox 1664 4207 1809 4272; x_wconf 85' lang='lat' dir='ltr'><strong>Quid</strong></span> <span class='ocrx_word' id='word_1_635' title='bbox 1847 4210 1890 4263; x_wconf 85' lang='grc' dir='ltr'><strong>Ι)</strong></span> <span class='ocrx_word' id='word_1_636' title='bbox 1918 4217 2046 4259; x_wconf 91' lang='lat' dir='ltr'><strong>mus</strong></span> <span class='ocrx_word' id='word_1_637' title='bbox 2078 4203 2149 4258; x_wconf 87' lang='lat' dir='ltr'><strong>ad</strong></span> <span class='ocrx_word' id='word_1_638' title='bbox 2197 4217 2389 4259; x_wconf 91' lang='lat' dir='ltr'><strong>usum.</strong></span> <span class='ocrx_word' id='word_1_639' title='bbox 2452 4203 2570 4258; x_wconf 90' lang='lat' dir='ltr'><strong>Etsi</strong></span> <span class='ocrx_word' id='word_1_640' title='bbox 2597 4203 2752 4260; x_wconf 86' lang='lat' dir='ltr'><strong>enim</strong></span> <span class='ocrx_word' id='word_1_641' title='bbox 2801 4205 3059 4275; x_wconf 88' lang='lat' dir='ltr'><strong>dicitur;</strong></span> <span class='ocrx_word' id='word_1_642' title='bbox 3099 4209 3316 4274; x_wconf 87' lang='lat' dir='ltr'><strong>Vacate,</strong></span> <span class='ocrx_word' id='word_1_643' title='bbox 3349 4216 3399 4265; x_wconf 90' lang='lat' dir='ltr'><strong>et</strong></span> <span class='ocrx_word' id='word_1_644' title='bbox 3429 4212 3606 4266; x_wconf 81' lang='lat' dir='ltr'><strong>videte</strong></span> 
     </span>
    </p>
   </div>
   <div class='ocr_carea' id='block_1_91' title="bbox 113 4294 1803 4366">
    <p class='ocr_par' dir='ltr' id='par_1_91' title="bbox 113 4294 1803 4366">
     <span class='ocr_line' id='line_1_91' title="bbox 113 4294 1803 4366; baseline 0.001 -19"><span class='ocrx_word' id='word_1_645' title='bbox 113 4298 212 4358; x_wconf 75' lang='lat' dir='ltr'><strong>vis,</strong></span> <span class='ocrx_word' id='word_1_646' title='bbox 263 4296 350 4364; x_wconf 69' lang='lat' dir='ltr'><strong>ﬁli</strong></span> <span class='ocrx_word' id='word_1_647' title='bbox 377 4296 501 4348; x_wconf 86' lang='lat' dir='ltr'><strong>mi?</strong></span> <span class='ocrx_word' id='word_1_648' title='bbox 529 4297 682 4361; x_wconf 85' lang='lat' dir='ltr'><strong>Ecce,</strong></span> <span class='ocrx_word' id='word_1_649' title='bbox 724 4294 934 4366; x_wconf 87' lang='lat' dir='ltr'><strong>inquit,</strong></span> <span class='ocrx_word' id='word_1_650' title='bbox 981 4296 1154 4364; x_wconf 83' lang='lat' dir='ltr'><strong>ignis,</strong></span> <span class='ocrx_word' id='word_1_651' title='bbox 1187 4300 1237 4349; x_wconf 83' lang='lat' dir='ltr'><strong>et</strong></span> <span class='ocrx_word' id='word_1_652' title='bbox 1268 4295 1441 4363; x_wconf 87' lang='lat' dir='ltr'><strong>ligna,</strong></span> <span class='ocrx_word' id='word_1_653' title='bbox 1481 4295 1576 4348; x_wconf 85' lang='lat' dir='ltr'><strong>ubi</strong></span> <span class='ocrx_word' id='word_1_654' title='bbox 1603 4299 1680 4349; x_wconf 88' lang='lat' dir='ltr'><strong>est</strong></span> <span class='ocrx_word' id='word_1_655' title='bbox 1714 4297 1803 4348; x_wconf 81' lang='lat' dir='ltr'><strong>vi-</strong></span> 
     </span>
    </p>
   </div>
   <div class='ocr_carea' id='block_1_92' title="bbox 115 4383 1805 4452">
    <p class='ocr_par' dir='ltr' id='par_1_92' title="bbox 115 4383 1805 4452">
     <span class='ocr_line' id='line_1_92' title="bbox 115 4383 1805 4452; baseline -0.001 -15"><span class='ocrx_word' id='word_1_656' title='bbox 115 4387 274 4437; x_wconf 88' lang='lat' dir='ltr'><strong>ctima</strong></span> <span class='ocrx_word' id='word_1_657' title='bbox 323 4384 667 4438; x_wconf 77' lang='lat' dir='ltr'><strong>holocausti&#39;r</strong></span> <span class='ocrx_word' id='word_1_658' title='bbox 711 4386 865 4449; x_wconf 86' lang='lat' dir='ltr'><strong>Deus,</strong></span> <span class='ocrx_word' id='word_1_659' title='bbox 903 4383 1001 4450; x_wconf 90' lang='lat' dir='ltr'><strong>ait,</strong></span> <span class='ocrx_word' id='word_1_660' title='bbox 1041 4383 1351 4452; x_wconf 80' lang='lat' dir='ltr'><strong>providebit</strong></span> <span class='ocrx_word' id='word_1_661' title='bbox 1382 4383 1491 4436; x_wconf 83' lang='lat' dir='ltr'><strong>sibi</strong></span> <span class='ocrx_word' id='word_1_662' title='bbox 1527 4385 1805 4436; x_wconf 78' lang='lat' dir='ltr'><strong>victimam</strong></span> 
     </span>
    </p>
   </div>
   <div class='ocr_carea' id='block_1_93' title="bbox 116 4470 1804 4540">
    <p class='ocr_par' dir='ltr' id='par_1_93' title="bbox 116 4470 1804 4540">
     <span class='ocr_line' id='line_1_93' title="bbox 116 4470 1804 4540; baseline 0 -17"><span class='ocrx_word' id='word_1_663' title='bbox 116 4472 428 4534; x_wconf 83' lang='lat' dir='ltr'><strong>holocausti,</strong></span> <span class='ocrx_word' id='word_1_664' title='bbox 467 4472 552 4540; x_wconf 70' lang='lat' dir='ltr'><strong>[ili</strong></span> <span class='ocrx_word' id='word_1_665' title='bbox 592 4473 712 4524; x_wconf 84' lang='lat' dir='ltr'><strong>mi?</strong></span> <span class='ocrx_word' id='word_1_666' title='bbox 755 4473 866 4525; x_wconf 89' lang='lat' dir='ltr'><strong>Duo</strong></span> <span class='ocrx_word' id='word_1_667' title='bbox 921 4473 1084 4525; x_wconf 88' lang='lat' dir='ltr'><strong>simul</strong></span> <span class='ocrx_word' id='word_1_668' title='bbox 1132 4477 1402 4540; x_wconf 86' lang='lat' dir='ltr'><strong>pergunt,</strong></span> <span class='ocrx_word' id='word_1_669' title='bbox 1459 4485 1590 4524; x_wconf 91' lang='lat' dir='ltr'><strong>cum</strong></span> <span class='ocrx_word' id='word_1_670' title='bbox 1659 4470 1804 4524; x_wconf 91' lang='lat' dir='ltr'><strong>indi-</strong></span> 
     </span>
    </p>
   </div>
   <div class='ocr_carea' id='block_1_94' title="bbox 115 4559 1805 4630">
    <p class='ocr_par' dir='ltr' id='par_1_94' title="bbox 115 4559 1805 4630">
     <span class='ocr_line' id='line_1_94' title="bbox 115 4559 1805 4630; baseline 0 -17"><span class='ocrx_word' id='word_1_671' title='bbox 115 4560 411 4617; x_wconf 84' lang='lat' dir='ltr'><strong>visibiliter</strong></span> <span class='ocrx_word' id='word_1_672' title='bbox 433 4567 490 4616; x_wconf 89' lang='lat' dir='ltr'><strong>et</strong></span> <span class='ocrx_word' id='word_1_673' title='bbox 519 4559 855 4615; x_wconf 87' lang='lat' dir='ltr'><strong>rationabile</strong></span> <span class='ocrx_word' id='word_1_674' title='bbox 911 4573 1230 4630; x_wconf 88' lang='lat' dir='ltr'><strong>speramus,</strong></span> <span class='ocrx_word' id='word_1_675' title='bbox 1291 4567 1345 4614; x_wconf 90' lang='lat' dir='ltr'><strong>et</strong></span> <span class='ocrx_word' id='word_1_676' title='bbox 1395 4559 1676 4628; x_wconf 85' lang='lat' dir='ltr'><strong>sperabile</strong></span> <span class='ocrx_word' id='word_1_677' title='bbox 1709 4572 1805 4613; x_wconf 88' lang='lat' dir='ltr'><strong>ra-</strong></span> 
     </span>
    </p>
   </div>
   <div class='ocr_carea' id='block_1_95' title="bbox 117 4647 1801 4718">
    <p class='ocr_par' dir='ltr' id='par_1_95' title="bbox 117 4647 1801 4718">
     <span class='ocr_line' id='line_1_95' title="bbox 117 4647 1801 4718; baseline -0.003 -14"><span class='ocrx_word' id='word_1_678' title='bbox 117 4649 486 4718; x_wconf 89' lang='lat' dir='ltr'><strong>tiocinamur;</strong></span> <span class='ocrx_word' id='word_1_679' title='bbox 523 4647 760 4718; x_wconf 70' lang='lat' dir='ltr'><strong>haecque</strong></span> <span class='ocrx_word' id='word_1_680' title='bbox 792 4662 974 4704; x_wconf 90' lang='lat' dir='ltr'><strong>unum</strong></span> <span class='ocrx_word' id='word_1_681' title='bbox 1007 4648 1337 4718; x_wconf 88' lang='lat' dir='ltr'><strong>expetentia</strong></span> <span class='ocrx_word' id='word_1_682' title='bbox 1386 4647 1531 4703; x_wconf 90' lang='lat' dir='ltr'><strong>idem</strong></span> <span class='ocrx_word' id='word_1_683' title='bbox 1573 4653 1801 4717; x_wconf 87' lang='lat' dir='ltr'><strong>gerunt.</strong></span> 
     </span>
    </p>
   </div>
   <div class='ocr_carea' id='block_1_96' title="bbox 116 4735 1803 4807">
    <p class='ocr_par' dir='ltr' id='par_1_96' title="bbox 116 4735 1803 4807">
     <span class='ocr_line' id='line_1_96' title="bbox 116 4735 1803 4807; baseline -0.002 -13"><span class='ocrx_word' id='word_1_684' title='bbox 116 4740 276 4794; x_wconf 85' lang='lat' dir='ltr'><strong>Pater</strong></span> <span class='ocrx_word' id='word_1_685' title='bbox 318 4743 514 4793; x_wconf 90' lang='lat' dir='ltr'><strong>autem</strong></span> <span class='ocrx_word' id='word_1_686' title='bbox 561 4737 677 4807; x_wconf 91' lang='lat' dir='ltr'><strong>spei</strong></span> <span class='ocrx_word' id='word_1_687' title='bbox 724 4751 837 4793; x_wconf 91' lang='lat' dir='ltr'><strong>non</strong></span> <span class='ocrx_word' id='word_1_688' title='bbox 885 4737 1137 4793; x_wconf 89' lang='lat' dir='ltr'><strong>absurde</strong></span> <span class='ocrx_word' id='word_1_689' title='bbox 1193 4735 1515 4792; x_wconf 90' lang='lat' dir='ltr'><strong>intellectus</strong></span> <span class='ocrx_word' id='word_1_690' title='bbox 1574 4735 1803 4802; x_wconf 90' lang='lat' dir='ltr'><strong>dicitur,</strong></span> 
     </span>
    </p>
   </div>
   <div class='ocr_carea' id='block_1_97' title="bbox 115 4815 1806 4897">
    <p class='ocr_par' dir='ltr' id='par_1_97' title="bbox 115 4815 1806 4897">
     <span class='ocr_line' id='line_1_97' title="bbox 115 4815 1806 4897; baseline -0.004 -13"><span class='ocrx_word' id='word_1_691' title='bbox 115 4828 249 4897; x_wconf 87' lang='lat' dir='ltr'><strong>quia</strong></span> <span class='ocrx_word' id='word_1_692' title='bbox 279 4826 437 4882; x_wconf 88' lang='lat' dir='ltr'><strong>unde</strong></span> <span class='ocrx_word' id='word_1_693' title='bbox 457 4838 582 4894; x_wconf 90' lang='lat' dir='ltr'><strong>spes</strong></span> <span class='ocrx_word' id='word_1_694' title='bbox 611 4825 844 4894; x_wconf 90' lang='lat' dir='ltr'><strong>prodeat</strong></span> <span class='ocrx_word' id='word_1_695' title='bbox 871 4839 944 4881; x_wconf 87' lang='lat' dir='ltr'><strong>ex</strong></span> <span class='ocrx_word' id='word_1_696' title='bbox 970 4825 1191 4880; x_wconf 88' lang='lat' dir='ltr'><strong>ratione</strong></span> <span class='ocrx_word' id='word_1_697' title='bbox 1214 4815 1524 4893; x_wconf 64' lang='lat' dir='ltr'><strong>colligitur,</strong></span> <span class='ocrx_word' id='word_1_698' title='bbox 1551 4830 1606 4879; x_wconf 92' lang='lat' dir='ltr'><strong>et</strong></span> <span class='ocrx_word' id='word_1_699' title='bbox 1632 4823 1806 4880; x_wconf 90' lang='lat' dir='ltr'><strong>ubere</strong></span> 
     </span>
    </p>
   </div>
   <div class='ocr_carea' id='block_1_98' title="bbox 117 4911 1804 4984">
    <p class='ocr_par' dir='ltr' id='par_1_98' title="bbox 117 4911 1804 4984">
     <span class='ocr_line' id='line_1_98' title="bbox 117 4911 1804 4984; baseline -0.002 -14"><span class='ocrx_word' id='word_1_700' title='bbox 117 4915 408 4972; x_wconf 83' lang='lat' dir='ltr'><strong>charitatis</strong></span> <span class='ocrx_word' id='word_1_701' title='bbox 463 4913 693 4970; x_wconf 87' lang='lat' dir='ltr'><strong>admoto</strong></span> <span class='ocrx_word' id='word_1_702' title='bbox 733 4913 805 4969; x_wconf 90' lang='lat' dir='ltr'><strong>ab</strong></span> <span class='ocrx_word' id='word_1_703' title='bbox 835 4914 1075 4984; x_wconf 90' lang='lat' dir='ltr'><strong>spiritus</strong></span> <span class='ocrx_word' id='word_1_704' title='bbox 1134 4921 1345 4968; x_wconf 89' lang='lat' dir='ltr'><strong>natura</strong></span> <span class='ocrx_word' id='word_1_705' title='bbox 1411 4911 1804 4983; x_wconf 89' lang='lat' dir='ltr'><strong>progreditur;</strong></span> 
     </span>
    </p>
   </div>
   <div class='ocr_carea' id='block_1_99' title="bbox 120 5000 1808 5074">
    <p class='ocr_par' dir='ltr' id='par_1_99' title="bbox 120 5000 1808 5074">
     <span class='ocr_line' id='line_1_99' title="bbox 120 5000 1808 5074; baseline -0.002 -16"><span class='ocrx_word' id='word_1_706' title='bbox 120 5019 236 5074; x_wconf 86' lang='lat' dir='ltr'><strong>spes</strong></span> <span class='ocrx_word' id='word_1_707' title='bbox 265 5003 624 5060; x_wconf 90' lang='lat' dir='ltr'><strong>intellectum</strong></span> <span class='ocrx_word' id='word_1_708' title='bbox 674 5002 994 5072; x_wconf 85' lang='lat' dir='ltr'><strong>compellat,</strong></span> <span class='ocrx_word' id='word_1_709' title='bbox 1039 5001 1180 5058; x_wconf 89' lang='lat' dir='ltr'><strong>dum</strong></span> <span class='ocrx_word' id='word_1_710' title='bbox 1217 5000 1552 5057; x_wconf 85' lang='lat' dir='ltr'><strong>carnalibus</strong></span> <span class='ocrx_word' id='word_1_711' title='bbox 1590 5000 1808 5056; x_wconf 88' lang='lat' dir='ltr'><strong>deside-</strong></span> 
     </span>
    </p>
   </div>
   <div class='ocr_carea' id='block_1_100' title="bbox 123 5083 1806 5157">
    <p class='ocr_par' dir='ltr' id='par_1_100' title="bbox 123 5083 1806 5157">
     <span class='ocr_line' id='line_1_100' title="bbox 123 5083 1806 5157; baseline -0.003 -13"><span class='ocrx_word' id='word_1_712' title='bbox 123 5091 211 5145; x_wconf 85' lang='lat' dir='ltr'><strong>riis</strong></span> <span class='ocrx_word' id='word_1_713' title='bbox 237 5095 394 5146; x_wconf 88' lang='lat' dir='ltr'><strong>mota</strong></span> <span class='ocrx_word' id='word_1_714' title='bbox 433 5087 506 5143; x_wconf 92' lang='lat' dir='ltr'><strong>ad</strong></span> <span class='ocrx_word' id='word_1_715' title='bbox 551 5086 866 5142; x_wconf 67' lang='lat' dir='ltr'><strong>caelestium</strong></span> <span class='ocrx_word' id='word_1_716' title='bbox 911 5087 1359 5157; x_wconf 87' lang='lat' dir='ltr'><strong>desperationem</strong></span> <span class='ocrx_word' id='word_1_717' title='bbox 1423 5083 1806 5156; x_wconf 88' lang='lat' dir='ltr'><strong>patrocinium</strong></span> 
     </span>
    </p>
   </div>
   <div class='ocr_carea' id='block_1_101' title="bbox 125 5173 1807 5248">
    <p class='ocr_par' dir='ltr' id='par_1_101' title="bbox 125 5173 1807 5248">
     <span class='ocr_line' id='line_1_101' title="bbox 125 5173 1807 5248; baseline -0.003 -16"><span class='ocrx_word' id='word_1_718' title='bbox 125 5178 234 5248; x_wconf 83' lang='lat' dir='ltr'><strong>ejus</strong></span> <span class='ocrx_word' id='word_1_719' title='bbox 259 5176 371 5233; x_wconf 90' lang='lat' dir='ltr'><strong>sibi</strong></span> <span class='ocrx_word' id='word_1_720' title='bbox 411 5175 689 5245; x_wconf 86' lang='lat' dir='ltr'><strong>advocat;</strong></span> <span class='ocrx_word' id='word_1_721' title='bbox 724 5175 1046 5231; x_wconf 90' lang='lat' dir='ltr'><strong>intellectus</strong></span> <span class='ocrx_word' id='word_1_722' title='bbox 1079 5174 1260 5244; x_wconf 90' lang='lat' dir='ltr'><strong>ipsam</strong></span> <span class='ocrx_word' id='word_1_723' title='bbox 1309 5173 1492 5230; x_wconf 89' lang='lat' dir='ltr'><strong>lilium</strong></span> <span class='ocrx_word' id='word_1_724' title='bbox 1525 5173 1807 5238; x_wconf 88' lang='lat' dir='ltr'><strong>nominat,</strong></span> 
     </span>
    </p>
   </div>
   <div class='ocr_carea' id='block_1_102' title="bbox 129 5261 1810 5335">
    <p class='ocr_par' dir='ltr' id='par_1_102' title="bbox 129 5261 1810 5335">
     <span class='ocr_line' id='line_1_102' title="bbox 129 5261 1810 5335; baseline -0.004 -13"><span class='ocrx_word' id='word_1_725' title='bbox 129 5266 250 5322; x_wconf 88' lang='lat' dir='ltr'><strong>dum</strong></span> <span class='ocrx_word' id='word_1_726' title='bbox 287 5265 400 5322; x_wconf 90' lang='lat' dir='ltr'><strong>sibi</strong></span> <span class='ocrx_word' id='word_1_727' title='bbox 458 5264 716 5335; x_wconf 88' lang='lat' dir='ltr'><strong>quadam</strong></span> <span class='ocrx_word' id='word_1_728' title='bbox 763 5263 1016 5320; x_wconf 87' lang='lat' dir='ltr'><strong>naturali</strong></span> <span class='ocrx_word' id='word_1_729' title='bbox 1049 5262 1262 5318; x_wconf 89' lang='lat' dir='ltr'><strong>unione</strong></span> <span class='ocrx_word' id='word_1_730' title='bbox 1291 5262 1574 5318; x_wconf 59' lang='lat' dir='ltr'><strong>cohaerere</strong></span> <span class='ocrx_word' id='word_1_731' title='bbox 1605 5261 1810 5317; x_wconf 88' lang='lat' dir='ltr'><strong>debere</strong></span> 
     </span>
    </p>
   </div>
   <div class='ocr_carea' id='block_1_103' title="bbox 132 5350 1806 5416">
    <p class='ocr_par' dir='ltr' id='par_1_103' title="bbox 132 5350 1806 5416">
     <span class='ocr_line' id='line_1_103' title="bbox 132 5350 1806 5416; baseline -0.004 -6"><span class='ocrx_word' id='word_1_732' title='bbox 132 5354 474 5412; x_wconf 69' lang='lat' dir='ltr'><strong>mtitudinis</strong></span> <span class='ocrx_word' id='word_1_733' title='bbox 517 5359 732 5409; x_wconf 90' lang='lat' dir='ltr'><strong>statum</strong></span> <span class='ocrx_word' id='word_1_734' title='bbox 787 5352 1041 5407; x_wconf 88' lang='lat' dir='ltr'><strong>docendo</strong></span> <span class='ocrx_word' id='word_1_735' title='bbox 1096 5350 1457 5407; x_wconf 88' lang='lat' dir='ltr'><strong>determinat.</strong></span> <span class='ocrx_word' id='word_1_736' title='bbox 1508 5352 1658 5416; x_wconf 80' lang='lat' dir='ltr'><strong>Ecce,</strong></span> <span class='ocrx_word' id='word_1_737' title='bbox 1717 5350 1806 5404; x_wconf 93' lang='lat' dir='ltr'><strong>in-</strong></span> 
     </span>
    </p>
   </div>
   <div class='ocr_carea' id='block_1_104' title="bbox 134 5437 1811 5514">
    <p class='ocr_par' dir='ltr' id='par_1_104' title="bbox 134 5437 1811 5514">
     <span class='ocr_line' id='line_1_104' title="bbox 134 5437 1811 5514; baseline -0.004 -14"><span class='ocrx_word' id='word_1_738' title='bbox 134 5445 260 5514; x_wconf 87' lang='lat' dir='ltr'><strong>quit,</strong></span> <span class='ocrx_word' id='word_1_739' title='bbox 289 5447 464 5514; x_wconf 79' lang='lat' dir='ltr'><strong>ignis,</strong></span> <span class='ocrx_word' id='word_1_740' title='bbox 511 5448 564 5496; x_wconf 88' lang='lat' dir='ltr'><strong>et</strong></span> <span class='ocrx_word' id='word_1_741' title='bbox 589 5443 763 5508; x_wconf 84' lang='lat' dir='ltr'><strong>ligna,</strong></span> <span class='ocrx_word' id='word_1_742' title='bbox 797 5454 865 5496; x_wconf 90' lang='lat' dir='ltr'><strong>ac</strong></span> <span class='ocrx_word' id='word_1_743' title='bbox 912 5441 961 5496; x_wconf 91' lang='lat' dir='ltr'><strong>si</strong></span> <span class='ocrx_word' id='word_1_744' title='bbox 984 5440 1195 5496; x_wconf 89' lang='lat' dir='ltr'><strong>diceret</strong></span> <span class='ocrx_word' id='word_1_745' title='bbox 1227 5454 1240 5493; x_wconf 92' lang='lat'>:</span> <span class='ocrx_word' id='word_1_746' title='bbox 1269 5439 1413 5495; x_wconf 86' lang='lat' dir='ltr'><strong>Ecce</strong></span> <span class='ocrx_word' id='word_1_747' title='bbox 1435 5437 1628 5494; x_wconf 87' lang='lat' dir='ltr'><strong>fervor</strong></span> <span class='ocrx_word' id='word_1_748' title='bbox 1667 5437 1811 5494; x_wconf 88' lang='lat' dir='ltr'><strong>bene</strong></span> 
     </span>
    </p>
   </div>
   <div class='ocr_carea' id='block_1_105' title="bbox 469 5539 1008 5608">
    <p class='ocr_par' dir='ltr' id='par_1_105' title="bbox 469 5539 1008 5608">
     <span class='ocr_line' id='line_1_105' title="bbox 469 5539 1008 5608; baseline -0.006 0"><span class='ocrx_word' id='word_1_749' title='bbox 469 5542 751 5608; x_wconf 76' lang='lat' dir='ltr'><strong>PA&#39;mOL.</strong></span> <span class='ocrx_word' id='word_1_750' title='bbox 801 5539 1008 5606; x_wconf 76' lang='lat' dir='ltr'><strong>CLVI.</strong></span> 
     </span>
    </p>
   </div>
   <div class='ocr_carea' id='block_1_106' title="bbox 1914 4293 3604 4364">
    <p class='ocr_par' dir='ltr' id='par_1_106' title="bbox 1914 4293 3604 4364">
     <span class='ocr_line' id='line_1_106' title="bbox 1914 4293 3604 4364; baseline 0.007 -19"><span class='ocrx_word' id='word_1_751' title='bbox 1914 4294 2171 4360; x_wconf 86' lang='lat' dir='ltr'><strong>quoniam</strong></span> <span class='ocrx_word' id='word_1_752' title='bbox 2228 4306 2322 4358; x_wconf 90' lang='lat' dir='ltr'><strong>ego</strong></span> <span class='ocrx_word' id='word_1_753' title='bbox 2387 4306 2504 4346; x_wconf 88' lang='lat' dir='ltr'><strong>sum</strong></span> <span class='ocrx_word' id='word_1_754' title='bbox 2529 4293 2696 4363; x_wconf 90' lang='lat' dir='ltr'><strong>(Psal.</strong></span> <span class='ocrx_word' id='word_1_755' title='bbox 2726 4307 2856 4357; x_wconf 68' lang='lat' dir='ltr'><strong>xnv,</strong></span> <span class='ocrx_word' id='word_1_756' title='bbox 2912 4293 3020 4364; x_wconf 75' lang='grc'><strong>11),</strong></span> <span class='ocrx_word' id='word_1_757' title='bbox 3060 4294 3440 4354; x_wconf 89' lang='lat' dir='ltr'><strong>discernenda</strong></span> <span class='ocrx_word' id='word_1_758' title='bbox 3469 4310 3604 4358; x_wconf 91' lang='lat' dir='ltr'><strong>sunt</strong></span> 
     </span>
    </p>
   </div>
   <div class='ocr_carea' id='block_1_107' title="bbox 1915 4379 3606 4456">
    <p class='ocr_par' dir='ltr' id='par_1_107' title="bbox 1915 4379 3606 4456">
     <span class='ocr_line' id='line_1_107' title="bbox 1915 4379 3606 4456; baseline 0.007 -22"><span class='ocrx_word' id='word_1_759' title='bbox 1915 4379 2036 4434; x_wconf 90' lang='lat' dir='ltr'><strong>sola</strong></span> <span class='ocrx_word' id='word_1_760' title='bbox 2066 4380 2268 4448; x_wconf 88' lang='lat' dir='ltr'><strong>utique</strong></span> <span class='ocrx_word' id='word_1_761' title='bbox 2297 4379 2495 4445; x_wconf 88' lang='lat' dir='ltr'><strong>noxia,</strong></span> <span class='ocrx_word' id='word_1_762' title='bbox 2521 4393 2555 4434; x_wconf 91' lang='lat' dir='ltr'><strong>a</strong></span> <span class='ocrx_word' id='word_1_763' title='bbox 2591 4381 2807 4450; x_wconf 90' lang='lat' dir='ltr'><strong>quibus</strong></span> <span class='ocrx_word' id='word_1_764' title='bbox 2836 4395 3040 4439; x_wconf 88' lang='lat' dir='ltr'><strong>vacare</strong></span> <span class='ocrx_word' id='word_1_765' title='bbox 3071 4383 3377 4456; x_wconf 90' lang='lat' dir='ltr'><strong>debemus;</strong></span> <span class='ocrx_word' id='word_1_766' title='bbox 3409 4403 3606 4445; x_wconf 91' lang='lat' dir='ltr'><strong>secun-</strong></span> 
     </span>
    </p>
   </div>
   <div class='ocr_carea' id='block_1_108' title="bbox 1914 4467 3606 4548">
    <p class='ocr_par' dir='ltr' id='par_1_108' title="bbox 1914 4467 3606 4548">
     <span class='ocr_line' id='line_1_108' title="bbox 1914 4467 3606 4548; baseline 0.007 -26"><span class='ocrx_word' id='word_1_767' title='bbox 1914 4467 2053 4524; x_wconf 91' lang='lat' dir='ltr'><strong>dum</strong></span> <span class='ocrx_word' id='word_1_768' title='bbox 2116 4481 2368 4537; x_wconf 88' lang='lat' dir='ltr'><strong>namque</strong></span> <span class='ocrx_word' id='word_1_769' title='bbox 2412 4468 2705 4537; x_wconf 57' lang='lat' dir='ltr'><strong>passiones</strong></span> <span class='ocrx_word' id='word_1_770' title='bbox 2753 4474 3135 4539; x_wconf 87' lang='lat' dir='ltr'><strong>peccatorum,</strong></span> <span class='ocrx_word' id='word_1_771' title='bbox 3186 4489 3316 4544; x_wconf 73' lang='lat' dir='ltr'><strong>quzc</strong></span> <span class='ocrx_word' id='word_1_772' title='bbox 3371 4477 3423 4531; x_wconf 91' lang='lat' dir='ltr'><strong>in</strong></span> <span class='ocrx_word' id='word_1_773' title='bbox 3469 4478 3606 4548; x_wconf 90' lang='lat' dir='ltr'><strong>ipsis</strong></span> 
     </span>
    </p>
   </div>
   <div class='ocr_carea' id='block_1_109' title="bbox 1915 4555 3604 4630">
    <p class='ocr_par' dir='ltr' id='par_1_109' title="bbox 1915 4555 3604 4630">
     <span class='ocr_line' id='line_1_109' title="bbox 1915 4555 3604 4630; baseline 0.008 -20"><span class='ocrx_word' id='word_1_774' title='bbox 1915 4555 2313 4612; x_wconf 76' lang='lat' dir='ltr'><strong>mortificanda</strong></span> <span class='ocrx_word' id='word_1_775' title='bbox 2362 4564 2500 4612; x_wconf 91' lang='lat' dir='ltr'><strong>sunt</strong></span> <span class='ocrx_word' id='word_1_776' title='bbox 2550 4558 2809 4614; x_wconf 89' lang='lat' dir='ltr'><strong>membra</strong></span> <span class='ocrx_word' id='word_1_777' title='bbox 2857 4574 3032 4630; x_wconf 89' lang='lat' dir='ltr'><strong>super</strong></span> <span class='ocrx_word' id='word_1_778' title='bbox 3083 4569 3313 4630; x_wconf 90' lang='lat' dir='ltr'><strong>terram,</strong></span> <span class='ocrx_word' id='word_1_779' title='bbox 3367 4580 3482 4621; x_wconf 90' lang='lat' dir='ltr'><strong>non</strong></span> <span class='ocrx_word' id='word_1_780' title='bbox 3533 4568 3604 4623; x_wconf 90' lang='lat' dir='ltr'><strong>ad</strong></span> 
     </span>
    </p>
   </div>
   <div class='ocr_carea' id='block_1_110' title="bbox 1915 4645 3606 4718">
    <p class='ocr_par' dir='ltr' id='par_1_110' title="bbox 1915 4645 3606 4718">
     <span class='ocr_line' id='line_1_110' title="bbox 1915 4645 3606 4718; baseline 0.008 -18"><span class='ocrx_word' id='word_1_781' title='bbox 1915 4645 2148 4701; x_wconf 91' lang='lat' dir='ltr'><strong>utilium</strong></span> <span class='ocrx_word' id='word_1_782' title='bbox 2180 4652 2234 4700; x_wconf 90' lang='lat' dir='ltr'><strong>et</strong></span> <span class='ocrx_word' id='word_1_783' title='bbox 2267 4645 2619 4704; x_wconf 89' lang='lat' dir='ltr'><strong>naturalium</strong></span> <span class='ocrx_word' id='word_1_784' title='bbox 2668 4649 3030 4718; x_wconf 89' lang='lat' dir='ltr'><strong>negotiorum</strong></span> <span class='ocrx_word' id='word_1_785' title='bbox 3068 4665 3288 4706; x_wconf 91' lang='lat' dir='ltr'><strong>curam.</strong></span> <span class='ocrx_word' id='word_1_786' title='bbox 3325 4653 3483 4710; x_wconf 87' lang='lat' dir='ltr'><strong>Hanc</strong></span> <span class='ocrx_word' id='word_1_787' title='bbox 3513 4656 3606 4713; x_wconf 91' lang='lat' dir='ltr'><strong>ille</strong></span> 
     </span>
    </p>
   </div>
   <div class='ocr_carea' id='block_1_111' title="bbox 1913 4732 3607 4812">
    <p class='ocr_par' dir='ltr' id='par_1_111' title="bbox 1913 4732 3607 4812">
     <span class='ocr_line' id='line_1_111' title="bbox 1913 4732 3607 4812; baseline 0.009 -26"><span class='ocrx_word' id='word_1_788' title='bbox 1913 4733 2159 4788; x_wconf 85' lang='lat' dir='ltr'><strong>Joannes</strong></span> <span class='ocrx_word' id='word_1_789' title='bbox 2204 4732 2350 4788; x_wconf 89' lang='lat' dir='ltr'><strong>abba</strong></span> <span class='ocrx_word' id='word_1_790' title='bbox 2392 4734 2692 4804; x_wconf 88' lang='lat' dir='ltr'><strong>parvulus,</strong></span> <span class='ocrx_word' id='word_1_791' title='bbox 2735 4737 2837 4806; x_wconf 88' lang='lat' dir='ltr'><strong>qui</strong></span> <span class='ocrx_word' id='word_1_792' title='bbox 2889 4738 3083 4794; x_wconf 84' lang='lat' dir='ltr'><strong>vivere</strong></span> <span class='ocrx_word' id='word_1_793' title='bbox 3129 4747 3370 4796; x_wconf 90' lang='lat' dir='ltr'><strong>conatus</strong></span> <span class='ocrx_word' id='word_1_794' title='bbox 3398 4752 3502 4812; x_wconf 90' lang='lat' dir='ltr'><strong>est,</strong></span> <span class='ocrx_word' id='word_1_795' title='bbox 3543 4755 3607 4802; x_wconf 91' lang='lat' dir='ltr'><strong>ut</strong></span> 
     </span>
    </p>
   </div>
   <div class='ocr_carea' id='block_1_112' title="bbox 1916 4820 3607 4892">
    <p class='ocr_par' dir='ltr' id='par_1_112' title="bbox 1916 4820 3607 4892">
     <span class='ocr_line' id='line_1_112' title="bbox 1916 4820 3607 4892; baseline 0.009 -16"><span class='ocrx_word' id='word_1_796' title='bbox 1916 4820 2159 4892; x_wconf 88' lang='lat' dir='ltr'><strong>angelus</strong></span> <span class='ocrx_word' id='word_1_797' title='bbox 2204 4822 2541 4877; x_wconf 89' lang='lat' dir='ltr'><strong>extenderat</strong></span> <span class='ocrx_word' id='word_1_798' title='bbox 2592 4837 2852 4891; x_wconf 90' lang='lat' dir='ltr'><strong>manum,</strong></span> <span class='ocrx_word' id='word_1_799' title='bbox 2909 4827 3049 4881; x_wconf 85' lang='lat' dir='ltr'><strong>dum</strong></span> <span class='ocrx_word' id='word_1_800' title='bbox 3105 4830 3338 4885; x_wconf 90' lang='lat' dir='ltr'><strong>omnino</strong></span> <span class='ocrx_word' id='word_1_801' title='bbox 3393 4847 3607 4891; x_wconf 87' lang='lat' dir='ltr'><strong>exuere</strong></span> 
     </span>
    </p>
   </div>
   <div class='ocr_carea' id='block_1_113' title="bbox 1915 4907 3607 4989">
    <p class='ocr_par' dir='ltr' id='par_1_113' title="bbox 1915 4907 3607 4989">
     <span class='ocr_line' id='line_1_113' title="bbox 1915 4907 3607 4989; baseline 0.01 -27"><span class='ocrx_word' id='word_1_802' title='bbox 1915 4907 2099 4962; x_wconf 92' lang='lat' dir='ltr'><strong>voluit</strong></span> <span class='ocrx_word' id='word_1_803' title='bbox 2153 4908 2282 4964; x_wconf 75' lang='lat' dir='ltr'><strong>vitze</strong></span> <span class='ocrx_word' id='word_1_804' title='bbox 2333 4909 2636 4981; x_wconf 63' lang='lat' dir='ltr'><strong>humana);</strong></span> <span class='ocrx_word' id='word_1_805' title='bbox 2687 4913 3034 4970; x_wconf 81' lang='lat' dir='ltr'><strong>immolasset</strong></span> <span class='ocrx_word' id='word_1_806' title='bbox 3076 4916 3242 4986; x_wconf 88' lang='lat' dir='ltr'><strong>plane</strong></span> <span class='ocrx_word' id='word_1_807' title='bbox 3296 4919 3500 4989; x_wconf 88' lang='lat' dir='ltr'><strong>lilium,</strong></span> <span class='ocrx_word' id='word_1_808' title='bbox 3560 4925 3607 4980; x_wconf 93' lang='lat' dir='ltr'><strong>si</strong></span> 
     </span>
    </p>
   </div>
   <div class='ocr_carea' id='block_1_114' title="bbox 1918 4995 3610 5074">
    <p class='ocr_par' dir='ltr' id='par_1_114' title="bbox 1918 4995 3610 5074">
     <span class='ocr_line' id='line_1_114' title="bbox 1918 4995 3610 5074; baseline 0.011 -24"><span class='ocrx_word' id='word_1_809' title='bbox 1918 4995 2312 5052; x_wconf 85' lang='lat' dir='ltr'><strong>inﬂexibiliter</strong></span> <span class='ocrx_word' id='word_1_810' title='bbox 2367 4999 2476 5054; x_wconf 91' lang='lat' dir='ltr'><strong>Deo</strong></span> <span class='ocrx_word' id='word_1_811' title='bbox 2533 4999 2635 5054; x_wconf 87' lang='lat' dir='ltr'><strong>soli</strong></span> <span class='ocrx_word' id='word_1_812' title='bbox 2683 5001 3034 5070; x_wconf 88' lang='lat' dir='ltr'><strong>speculando</strong></span> <span class='ocrx_word' id='word_1_813' title='bbox 3098 5005 3216 5074; x_wconf 87' lang='lat' dir='ltr'><strong>spei</strong></span> <span class='ocrx_word' id='word_1_814' title='bbox 3271 5007 3610 5068; x_wconf 88' lang='lat' dir='ltr'><strong>intendisset</strong></span> 
     </span>
    </p>
   </div>
   <div class='ocr_carea' id='block_1_115' title="bbox 1919 5084 3610 5157">
    <p class='ocr_par' dir='ltr' id='par_1_115' title="bbox 1919 5084 3610 5157">
     <span class='ocr_line' id='line_1_115' title="bbox 1919 5084 3610 5157; baseline 0.011 -18"><span class='ocrx_word' id='word_1_815' title='bbox 1919 5084 2236 5153; x_wconf 86' lang='lat' dir='ltr'><strong>intuitum;</strong></span> <span class='ocrx_word' id='word_1_816' title='bbox 2274 5099 2401 5156; x_wconf 90' lang='lat' dir='ltr'><strong>spes</strong></span> <span class='ocrx_word' id='word_1_817' title='bbox 2444 5100 2702 5157; x_wconf 89' lang='lat' dir='ltr'><strong>namque</strong></span> <span class='ocrx_word' id='word_1_818' title='bbox 2749 5088 3012 5144; x_wconf 86' lang='lat' dir='ltr'><strong>funditus</strong></span> <span class='ocrx_word' id='word_1_819' title='bbox 3069 5093 3245 5148; x_wconf 85' lang='lat' dir='ltr'><strong>eximi</strong></span> <span class='ocrx_word' id='word_1_820' title='bbox 3307 5111 3339 5152; x_wconf 91' lang='lat' dir='ltr'><strong>a</strong></span> <span class='ocrx_word' id='word_1_821' title='bbox 3390 5101 3610 5157; x_wconf 89' lang='lat' dir='ltr'><strong>mundo</strong></span> 
     </span>
    </p>
   </div>
   <div class='ocr_carea' id='block_1_116' title="bbox 1918 5174 3611 5253">
    <p class='ocr_par' dir='ltr' id='par_1_116' title="bbox 1918 5174 3611 5253">
     <span class='ocr_line' id='line_1_116' title="bbox 1918 5174 3611 5253; baseline 0.01 -26"><span class='ocrx_word' id='word_1_822' title='bbox 1918 5181 2120 5244; x_wconf 90' lang='lat' dir='ltr'><strong>potest,</strong></span> <span class='ocrx_word' id='word_1_823' title='bbox 2153 5174 2249 5230; x_wconf 89' lang='lat' dir='ltr'><strong>sed</strong></span> <span class='ocrx_word' id='word_1_824' title='bbox 2298 5175 2417 5244; x_wconf 90' lang='lat' dir='ltr'><strong>spei</strong></span> <span class='ocrx_word' id='word_1_825' title='bbox 2450 5183 2657 5231; x_wconf 81' lang='lat' dir='ltr'><strong>nostrae</strong></span> <span class='ocrx_word' id='word_1_826' title='bbox 2696 5178 3095 5247; x_wconf 89' lang='lat' dir='ltr'><strong>contemplatio</strong></span> <span class='ocrx_word' id='word_1_827' title='bbox 3141 5195 3364 5253; x_wconf 86' lang='lat' dir='ltr'><strong>semper</strong></span> <span class='ocrx_word' id='word_1_828' title='bbox 3396 5188 3611 5244; x_wconf 90' lang='lat' dir='ltr'><strong>intendi</strong></span> 
     </span>
    </p>
   </div>
   <div class='ocr_carea' id='block_1_117' title="bbox 1919 5264 3613 5333">
    <p class='ocr_par' dir='ltr' id='par_1_117' title="bbox 1919 5264 3613 5333">
     <span class='ocr_line' id='line_1_117' title="bbox 1919 5264 3613 5333; baseline 0.009 -17"><span class='ocrx_word' id='word_1_829' title='bbox 1919 5276 2036 5316; x_wconf 87' lang='lat' dir='ltr'><strong>non</strong></span> <span class='ocrx_word' id='word_1_830' title='bbox 2091 5269 2297 5333; x_wconf 89' lang='lat' dir='ltr'><strong>potest;</strong></span> <span class='ocrx_word' id='word_1_831' title='bbox 2361 5264 2678 5320; x_wconf 86' lang='lat' dir='ltr'><strong>secundum</strong></span> <span class='ocrx_word' id='word_1_832' title='bbox 2727 5265 2832 5320; x_wconf 88' lang='lat' dir='ltr'><strong>hoc</strong></span> <span class='ocrx_word' id='word_1_833' title='bbox 2876 5281 3014 5322; x_wconf 83' lang='lat' dir='ltr'><strong>sane</strong></span> <span class='ocrx_word' id='word_1_834' title='bbox 3068 5279 3439 5330; x_wconf 85' lang='lat' dir='ltr'><strong>revertuntur</strong></span> <span class='ocrx_word' id='word_1_835' title='bbox 3481 5278 3613 5331; x_wconf 87' lang='lat' dir='ltr'><strong>ani-</strong></span> 
     </span>
    </p>
   </div>
   <div class='ocr_carea' id='block_1_118' title="bbox 1917 5350 2601 5419">
    <p class='ocr_par' dir='ltr' id='par_1_118' title="bbox 1917 5350 2601 5419">
     <span class='ocr_line' id='line_1_118' title="bbox 1917 5350 2601 5419; baseline -0.001 -13"><span class='ocrx_word' id='word_1_836' title='bbox 1917 5351 2111 5419; x_wconf 87' lang='lat' dir='ltr'><strong>malia,</strong></span> <span class='ocrx_word' id='word_1_837' title='bbox 2145 5366 2276 5406; x_wconf 92' lang='lat' dir='ltr'><strong>cum</strong></span> <span class='ocrx_word' id='word_1_838' title='bbox 2313 5350 2601 5408; x_wconf 89' lang='lat' dir='ltr'><strong>incedunt.</strong></span> 
     </span>
    </p>
   </div>
   <div class='ocr_carea' id='block_1_119' title="bbox 1993 5439 3614 5514">
    <p class='ocr_par' dir='ltr' id='par_1_119' title="bbox 1993 5439 3614 5514">
     <span class='ocr_line' id='line_1_119' title="bbox 1993 5439 3614 5514; baseline 0.007 -18"><span class='ocrx_word' id='word_1_839' title='bbox 1993 5439 2164 5496; x_wconf 72' lang='lat' dir='ltr'><strong>Vnus.</strong></span> <span class='ocrx_word' id='word_1_840' title='bbox 2223 5441 2308 5506; x_wconf 86' lang='lat' dir='ltr'><strong>ll,</strong></span> <span class='ocrx_word' id='word_1_841' title='bbox 2365 5443 2448 5495; x_wconf 83' lang='lat' dir='ltr'><strong>l2.</strong></span> <span class='ocrx_word' id='word_1_842' title='bbox 2491 5469 2558 5480; x_wconf 89' lang='lat'><strong><em>—</em></strong></span> <span class='ocrx_word' id='word_1_843' title='bbox 2604 5444 2674 5498; x_wconf 84' lang='lat' dir='ltr'><strong>Et</strong></span> <span class='ocrx_word' id='word_1_844' title='bbox 2704 5459 2816 5498; x_wconf 78' lang='lat' dir='ltr'><strong>ecce</strong></span> <span class='ocrx_word' id='word_1_845' title='bbox 2872 5447 3096 5514; x_wconf 83' lang='lat' dir='ltr'><strong>angelus</strong></span> <span class='ocrx_word' id='word_1_846' title='bbox 3145 5451 3356 5504; x_wconf 81' lang='lat' dir='ltr'><strong>Domini</strong></span> <span class='ocrx_word' id='word_1_847' title='bbox 3385 5451 3450 5504; x_wconf 81' lang='lat' dir='ltr'><strong>de</strong></span> <span class='ocrx_word' id='word_1_848' title='bbox 3489 5455 3614 5508; x_wconf 71' lang='lat' dir='ltr'><strong>calo</strong></span> 
     </span>
    </p>
   </div>
   <div class='ocr_carea' id='block_1_120' title="bbox 3267 5554 3306 5610">
    <p class='ocr_par' dir='ltr' id='par_1_120' title="bbox 3267 5554 3306 5610">
     <span class='ocr_line' id='line_1_120' title="bbox 3267 5554 3306 5610; baseline 0 0"><span class='ocrx_word' id='word_1_849' title='bbox 3267 5554 3306 5610; x_wconf 89' lang='lat'>6</span> 
     </span>
    </p>
   </div>
  </div>
