3904 6066
324 207 414 262 171
1222 205 1283 264 ν.
1325 206 1653 266 GUIBERTI
1694 207 1866 265 ABBA

1372 206 1653 266 UIBERTI
1694 207 1984 266 ABBATIS
2022 210 2076 267 S.
2121 207 2361 265 ΜΑΒῐίΕ
2398 207 2490 265 DE
2530 205 2913 266 NOVIGENTO

3722 207 3821 263 l72

318 342 576 397 clamavit
621 341 804 397 dicens
843 356 855 395 :
918 342 1226 408 Abraham,
1268 341 1603 397 Abraham?
1634 342 1743 407 Qui
1780 357 2001 411 respon-
2038 343 2083 395 Α
2111 341 2389 409 veritatis,
2426 340 2485 395 in
2517 354 2635 411 qua
2665 356 2797 395 eum
2825 340 3053 395 animus
3078 338 3185 395 sibi
3228 338 3564 410 praeminere
3591 339 3824 394 Videtur

319 431 446 484 dit:
494 430 724 485 Adsum.
771 433 849 485 Ne
903 430 1185 495 extendas,
1239 432 1339 495 ait,
1393 445 1613 483 manum
1652 437 1800 484 tuam
1846 445 2009 499 super

316 536 565 590 puerum,
620 537 793 590 neque
839 522 1019 586 facias
1059 522 1146 573 illi
1203 520 1526 589 quidquam.
1578 522 1732 577 Nune
1788 523 2009 587 cognovi

319 610 466 677 quod
486 611 675 662 timeas
712 612 893 673 Deum,
926 613 975 661 et
1001 624 1109 662 non
1143 610 1445 677 peperceris
1475 608 1589 668 ﬁlio
1612 614 1700 662 tuo
1733 611 2009 674 unigenito

313 700 537 767 propter
556 712 653 749 me.
697 696 937 763 Angelus
988 699 1202 750 Domini
1230 696 1295 749 de
1324 697 1448 750 cmlo
1478 696 1687 751 clamat
1716 711 1850 752 cum
1894 711 2008 751 vox

317 785 463 840 sacri
492 783 706 853 eloquii
756 784 906 839 bona
933 784 1098 839 nobis
1129 785 1406 839 nuntians
1427 784 1495 838 de
1528 784 1839 853 Scripturte
1881 799 2009 854 my-

313 874 485 931 sterio
528 887 594 928 ac
621 873 667 928 si
714 872 783 928 de
816 873 954 928 cmlo
988 874 1231 927 insonat.
1276 873 1569 941 Scriptura
1599 886 1762 927 sacra
1801 873 2009 928 c(elum

313 962 639 1032 appellatur
693 961 764 1016 ob
803 969 1019 1016 secreta
1079 961 1292 1027 divina,
1343 976 1474 1031 quze
1522 962 1721 1030 operit,
1768 968 1833 1016 ut
1876 968 2005 1016 est:

320 1057 430 1120 Qui
467 1058 641 1124 operit
684 1055 868 1107 cmlum
933 1054 1187 1119 nubibus,
1240 1058 1289 1106 et
1336 1058 1502 1122 parat
1548 1059 1703 1107 terrae
1762 1054 2009 1122 pluviam

319 1145 481 1212 (Psal.
529 1158 720 1204 CXLVI,
780 1146 851 1213 8).
916 1142 1207 1198 Abraham
1258 1142 1345 1198 bis
1396 1142 1491 1198 hic
1544 1150 1801 1211 vocatur,
1875 1157 2010 1198 cum

310 1233 482 1303 paulo
511 1232 780 1302 superius
829 1231 1000 1286 semel
1047 1231 1406 1298 nominetur;
1457 1231 1611 1301 quod
1654 1245 1766 1285 non
1833 1230 1903 1285 ab
1950 1244 2010 1285 re

311 1320 586 1386 creditur,
630 1319 745 1374 illic
774 1333 1029 1388 namque
1081 1333 1179 1387 per
1213 1318 1583 1374 tentationem
1616 1318 1785 1373 semel
1834 1331 2010 1372 voca-

310 1417 429 1475 tur,
485 1416 614 1465 uta
665 1416 937 1476 concepta
974 1407 1248 1477 superbia
1290 1415 1698 1473 convertatur;
1743 1407 1835 1462 hic
1861 1407 2010 1475 {vero

310 1498 657 1567 geminatur,
694 1504 755 1553 ut
787 1511 900 1551 non
932 1497 1096 1551 modo
1124 1504 1322 1551 sancta
1352 1497 1546 1550 anima
1586 1510 1618 1550 a
1648 1510 1751 1550 suo
1788 1505 2012 1564 torpore

312 1599 591 1641 conversa
620 1584 908 1649 credatur,
952 1585 1047 1639 sed
1098 1599 1171 1639 ex
1221 1589 1315 1638 87
1354 1584 1534 1640 multo
1582 1585 1753 1639 etiam
1787 1584 2012 1653 pietatis

312 1675 476 1731 cultu
519 1674 589 1728 ad
623 1673 1048 1743 justiﬁcationis
1080 1674 1318 1743 gloriam
1362 1674 1687 1743 pervenisse
1736 1680 2012 1728 monstre-

313 1773 431 1829 tur,
465 1762 617 1817 nnde
645 1770 699 1818 et
740 1762 962 1817 vocanti
1023 1763 1324 1831 respondet
1358 1778 1369 1815 :
1404 1763 1636 1821 Adsum.
1696 1770 1758 1817 ut
1801 1769 2013 1816 sanctae

316 1852 538 1922 paginae
591 1850 755 1906 dictis
808 1851 1012 1907 debitae
1063 1851 1395 1906 obedientize
1424 1851 1751 1920 impendere
1800 1866 1858 1906 se
1890 1864 2015 1919 pro-

318 1940 415 1994 dat
440 1938 714 1994 ofﬁcium.
739 1941 812 1995 Ne
842 1939 1098 1993 extendas
1128 1955 1348 1993 manum
1385 1944 1533 1993 tuam
1562 1955 1725 2009 super
1760 1956 2011 2008 puerum,

320 2026 373 2080 id
398 2033 482 2081 est
511 2040 582 2082 ne
597 2027 740 2082 citra
770 2026 981 2083 virium
1004 2028 1435 2097 possibilitatem
1462 2028 1853 2095 imbecillium,
1882 2042 2013 2097 qua}

317 2122 595 2170 notantur
640 2129 739 2184 per
785 2130 1051 2185 puerum,
1100 2123 1215 2172 tuze
1263 2116 1760 2185 contemplationis
1810 2130 2014 2171 exeras

318 2210 608 2259 conatum.
660 2205 847 2271 Neque
883 2206 1060 2269 facias
1102 2205 1186 2257 illi
1214 2204 1556 2275 quidquam;
1605 2218 1739 2259 cum
1771 2217 2013 2259 manum

317 2306 491 2361 super
543 2292 929 2359 extendimus,
980 2292 1200 2362 aliquid
1251 2292 1334 2347 illi
1384 2292 1599 2349 scilicet
1652 2308 1827 2362 puero
1869 2292 2014 2347 faci—

317 2396 466 2448 mus,
520 2380 573 2435 id
604 2388 687 2436 est
716 2380 941 2451 aliquid
979 2395 1052 2436 ex
1095 2381 1280 2448 nobis,
1331 2389 1386 2436 et
1434 2395 1507 2436 ex
1557 2382 1773 2437 virtute
1816 2390 2014 2437 nostra

317 2470 527 2526 addere
576 2470 845 2525 humanae
898 2476 1108 2524 nostra
1164 2468 1487 2524 inﬁrmitati
1538 2469 1825 2525 credimus
1880 2484 2013 2524 cum

317 2558 440 2613 sine
470 2559 580 2613 Deo
612 2558 691 2612 nil
739 2558 925 2612 facere
951 2564 1158 2627 praeter
1183 2557 1389 2612 vitium
1430 2557 1749 2613 valeamus.
1778 2558 2014 2613 Manum

317 2658 453 2714 ergo
492 2658 561 2699 ne
614 2642 940 2699 extenderis
1015 2658 1162 2699 onus
1234 2643 1514 2711 videlicet,
1564 2644 1738 2714 juxta
1794 2645 2013 2700 dictum

317 2731 591 2801 sapientis
638 2747 650 2785 :
700 2732 883 2801 Super
941 2738 991 2786 te
1039 2746 1111 2787 ne
1178 2731 1461 2788 levaveris
1500 2733 1674 2803 (Deut.
1743 2749 1846 2801 xn,
1904 2736 2011 2800 18),

317 2820 472 2875 unde
506 2834 641 2875 mox
674 2819 907 2889 superbi
966 2820 1188 2891 aliquid
1220 2821 1320 2877 tibi
1355 2837 1484 2877 cum
1535 2822 1616 2877 nil
1646 2837 1714 2878 ex
1751 2829 1801 2878 te
1827 2822 2015 2891 Lfacias

2119 430 2302 487 multa
2349 444 2450 500 pro
2480 444 2599 485 suae
2632 429 2882 484 scientiae
2921 428 3086 499 quasi
3142 428 3485 496 reverentia,
3546 428 3822 498 superbia

2116 526 2171 572 et
2228 518 2576 587 praelationis
2640 516 2973 572 affectanda:
3036 516 3378 587 cogitatione
3479 518 3823 586 plerumque

2119 607 2432 662 mordetur.
2497 609 2661 662 Hunc
2693 620 2830 675 ergo
2860 606 3096 661 arietem
3152 605 3397 661 tumoris
3426 613 3481 661 et
3528 607 3821 675 jactantize

2117 710 2227 767 pro
2283 695 2396 751 ﬁlio
2451 702 2701 750 mactare
2754 695 3047 761 debemus,
3094 693 3231 749 dum
3282 708 3397 749 non
3446 694 3564 763 spei
3612 702 3821 749 nostra;

2120 784 2415 847 intuitum,
2448 791 2733 854 quantum
2758 783 2826 837 ad
2860 783 3106 838 activam
3156 782 3357 839 attinet
3386 782 3563 838 vitam
3595 782 3820 838 exstin-

2120 874 2220 944 gui
2245 875 2646 944 permittimus,
2681 873 2777 927 sed
2799 862 3003 927 vitium
3034 870 3319 941 superbiae
3349 886 3480 927 cum
3506 886 3613 927 sua
3643 873 3822 927 ambi-

2119 962 2270 1018 tione
2305 961 2633 1017 omnimoda
2683 961 3047 1016 ambustione
3078 960 3495 1016 consumimus.
3532 960 3620 1014 Sic
3664 961 3819 1015 enim

2118 1064 2153 1105 a
2184 1052 2296 1105 Deo
2352 1050 2786 1121 intelligentiam
2834 1063 3065 1118 sperare
3095 1049 3369 1104 debemus
3430 1048 3815 1118 speculativaa,

2119 1147 2184 1196 ut
2222 1138 2593 1194 intentionem
2646 1153 2760 1193 non
2787 1137 3219 1193 diverberemus
3265 1137 3484 1192 activae.
3535 1137 3684 1192 Sane
3724 1152 3817 1192 oc-

2120 1228 2403 1283 cideretur
2439 1226 2611 1293 ﬁlius,
2644 1226 2689 1281 si
2723 1241 2851 1295 spes
2882 1234 3079 1281 nostra
3107 1225 3243 1281 solis
3283 1226 3608 1281 caelestibus
3648 1225 3819 1281 rebus

2122 1317 2342 1371 intenta
2382 1316 2646 1371 deﬁceret
2675 1316 2747 1370 ab
2786 1314 3030 1370 actualis
3072 1315 3204 1369 vitze
3261 1314 3506 1384 negotiis
3555 1314 3815 1369 utilibus.

2119 1405 2263 1460 Nam
2285 1404 2445 1459 hunc
2468 1403 2677 1464 locum,
2710 1402 2766 1457 id
2796 1411 2879 1457 est
2905 1402 3091 1457 cordis
3116 1409 3328 1457 statum
3355 1405 3615 1457 Dominus
3637 1404 3815 1465 videt;

2122 1493 2289 1548 idest
2328 1492 2626 1562 approbat,
2660 1506 2792 1547 cum
2843 1490 3131 1561 quidquid
3177 1491 3484 1546 suboritur
3532 1491 3816 1558 elationis,

2122 1589 2350 1646 mactat,
2397 1588 2452 1635 et
2482 1580 2611 1635 inde
2644 1579 2730 1635 his
2761 1581 2859 1649 qui
2911 1579 3121 1634 divinae
3165 1580 3508 1649 cognitionis
3539 1580 3704 1635 hodie
3730 1581 3820 1635 ha-

2051 1644 2092 1696 B
2124 1669 2259 1724 bent
2291 1644 2445 1724 certa
2474 1644 2815 1724 discretione
2864 1675 3104 1733 constat,
3161 1644 3315 1736 quod
3345 1669 3404 1719 in
3432 1672 3608 1720 monte
3636 1670 3816 1720 Domi-

2121 1773 2220 1811 nus
2261 1756 2469 1823 videat,
2525 1757 2666 1827 quia
2697 1757 2753 1810 in
2795 1770 3023 1812 summo
3083 1754 3425 1811 humilitatis
3472 1755 3815 1810 constitutos

2119 1844 2303 1901 futuri
2336 1845 2527 1901 saeculi
2555 1846 2739 1916 gloria
2768 1845 3004 1900 exaltat.
3055 1844 3214 1898 Videt
3243 1857 3380 1899 suos
3428 1858 3527 1913 per
3552 1843 3694 1914 jnge
3727 1844 3817 1899 hic

2120 1934 2478 2005 adjutorium
2509 1934 2905 2004 approbando,
2936 1933 3142 1987 videbit
3172 1939 3386 1988 aeterno
3416 1933 3617 1988 decore
3646 1948 3815 1988 coro—

2120 2024 2333 2079 nando.
2386 2024 2545 2080 Unde
2574 2032 2657 2079 est
2688 2039 2701 2078 :
2751 2022 2960 2077 Iterum
3005 2027 3185 2075 autem
3232 2020 3422 2074 videbo
3459 2036 3572 2089 vos,
3606 2026 3657 2075 et
3686 2038 3815 2090 gau-

2121 2112 2269 2165 debit
2320 2127 2410 2166 cor
2450 2117 2707 2177 vestrum,
2756 2117 2807 2165 et
2853 2110 3114 2179 gaudium
3146 2114 3384 2164 vestrum
3412 2125 3563 2163 nemo
3596 2111 3744 2164 tollet
3780 2128 3814 2163 a

2118 2202 2271 2255 vobis
2300 2201 2479 2272 (Joan.
2513 2217 2628 2269 xvr,
2666 2204 2780 2270 22).

2192 2288 2363 2344 Vens.
2392 2291 2476 2355 15,
2504 2288 2595 2356 16,
2636 2288 2719 2343 17.
2752 2318 2821 2326 --
2856 2289 3081 2342 Vocavit
3112 2290 3291 2340 autem
3338 2286 3561 2355 angelus
3603 2289 3818 2341 Domini

2121 2376 2403 2433 Abraham
2448 2376 2680 2430 secundo
2727 2375 2793 2429 de
2827 2377 2951 2429 cmlo
3000 2375 3229 2428 dicens:
3296 2376 3394 2429 Per
3442 2377 3816 2444 memetipsum

2114 2467 2332 2534 juravi,
2393 2465 2527 2519 dicit
2567 2466 2849 2531 Dominus,
2893 2466 3025 2532 quia
3063 2466 3247 2530 fecisti
3272 2479 3386 2516 rem
3417 2464 3575 2529 hunc,
3608 2469 3661 2517 et
3714 2480 3819 2517 non

2118 2552 2412 2623 pepercisti
2436 2555 2550 2622 ﬁlio
2582 2558 2670 2607 tuo
2702 2555 2977 2620 unigenito
3011 2568 3024 2605 :
3060 2552 3366 2605 benedicam
3399 2552 3518 2618 tibi,
3541 2557 3592 2605 et
3622 2554 3819 2607 multi-

2118 2643 2334 2712 plicabo
2365 2658 2539 2697 semen
2568 2648 2718 2696 tuum
2741 2645 2883 2696 sicut
2911 2642 3097 2695 stellas
3144 2642 3279 2708 caeli,
3323 2646 3373 2694 et
3410 2642 3556 2694 velut
3592 2658 3819 2695 arenam

2123 2747 2242 2799 quae
2293 2737 2373 2785 est
2418 2734 2477 2784 in
2532 2732 2713 2785 littore
2781 2732 2971 2784 maris.
3023 2729 3151 2784 Post
3200 2730 3444 2798 primam
3499 2730 3693 2799 angeli
3753 2731 3820 2784 de

2122 2820 2262 2875 ccelo
2317 2819 2693 2885 vocationem,
2748 2834 2880 2889 quze
2930 2818 3077 2873 facta
3107 2825 3191 2873 est
3241 2825 3367 2887 post
3423 2819 3815 2884 tentationem,

316 2922 485 2978 agere
540 2908 805 2964 videaris.
861 2910 1012 2965 Nunc
1060 2913 1298 2976 cegnovi,
1350 2911 1507 2981 quod
1555 2918 1660 2977 est,
1714 2912 2008 2981 cognitum
2051 2946 2091 3002 Ο
2126 2909 2180 2963 in
2210 2922 2326 2978 qua
2358 2914 2483 2977 post
2534 2907 2925 2963 conversionis
2980 2906 3303 2977 ingressum
3335 2906 3554 2962 evocati
3595 2921 3699 2976 per
3729 2907 3813 2961 di-

319 2996 423 3051 tibi
450 2996 573 3063 feci,
608 2999 739 3065 quia
770 2999 957 3051 timeas
997 2999 1180 3064 Deum,
1234 2998 1371 3053 dum
1406 3012 1638 3067 parcere
1666 2999 1790 3064 ﬁlio
1822 3001 2010 3069 unige-

317 3087 432 3139 nito
464 3086 736 3153 nolueris,
771 3086 909 3141 dum
940 3085 1151 3142 scilicet
1181 3086 1250 3141 de
1301 3101 1400 3156 spe
1428 3087 1691 3142 szeculari
1748 3087 1827 3141 nil
1862 3088 2012 3142 intra

319 3180 372 3227 te
405 3173 650 3227 residere
703 3172 1028 3242 protuleris,
1075 3174 1170 3229 sed
1215 3173 1396 3243 ipsam
1449 3188 1607 3243 spem
1654 3175 2013 3244 unigenitam

316 3260 531 3327 feceris,
556 3261 695 3316 dum
728 3261 871 3315 nulli
919 3261 1016 3316 alii
1042 3269 1255 3331 prieter
1284 3263 1397 3318 Deo
1416 3264 1518 3317 soli
1549 3277 1676 3318 eam
1721 3263 2013 3318 intendere

320 3351 597 3419 volucris;
656 3351 946 3421 parcimus
998 3351 1150 3407 enim
1198 3352 1317 3421 spei
1364 3359 1592 3419 nostrae,
1626 3366 1757 3407 cum
1791 3351 2012 3421 aliquid

317 3438 678 3494 mundanum
708 3438 1045 3494 humanitus
1076 3438 1132 3492 in
1164 3453 1231 3494 ea
1262 3439 1516 3508 patimur
1550 3452 1866 3494 remanere.

396 3527 567 3583 Vnus.
608 3530 689 3594 l3,
744 3528 827 3581 14.
860 3559 929 3565 -
966 3529 1196 3581 Levavit
1225 3527 1507 3582 Abraham
1530 3528 1724 3593 oculos,
1763 3527 2013 3594 viditque

321 3619 539 3669 arietem
554 3618 694 3670 inter
722 3632 905 3685 vepres
937 3618 1218 3670 haerentem
1249 3616 1516 3670 cornibus.
1542 3617 1705 3681 Quem
1737 3631 2015 3670 assumens

319 3702 514 3755 obtulit
542 3704 907 3757 holocaustum
937 3720 1035 3771 pro
1062 3705 1196 3772 filio.
1224 3704 1647 3773 Appellavitque
1678 3719 1867 3757 nomen
1912 3704 2015 3757 loci

316 3793 487 3855 illius,
524 3793 787 3845 Dominus
843 3793 1007 3845 videt.
1066 3792 1212 3847 Unde
1252 3807 1421 3861 usque
1465 3792 1623 3846 hodie
1666 3792 1911 3846 dicitur:
1944 3794 2014 3846 In

318 3885 493 3934 monte
546 3881 812 3935 Dominus
845 3880 1071 3934 videbit.
1116 3882 1294 3936 Levat
1324 3881 1607 3935 Abraham
1651 3881 1848 3947 oculos,
1878 3895 2012 3936 cum

318 3969 389 4024 ad
422 3968 731 4038 Scriptura!
766 3970 1080 4025 intonantis
1112 3970 1327 4025 montia
1360 3983 1398 4047 ag
1450 3970 1695 4040 propria
1728 3970 2014 4039 proposito

317 4058 628 4113 nimietatis
668 4059 837 4129 erigit
869 4058 1107 4127 spiritus
1146 4066 1340 4114 noster
1395 4058 1485 4113 sui
1520 4058 1842 4113 intellectus
1874 4072 2014 4114 acu-

317 4147 491 4202 mina.
527 4149 769 4201 Arietvm
798 4147 1049 4216 denique
1078 4149 1222 4200 inter
1245 4162 1431 4215 vepres
1453 4146 1734 4200 haerentem
1762 4146 2013 4200 cornibus

2122 2998 2259 3052 vina
2277 2997 2508 3067 eloquia
2531 2996 2914 3066 processimus
2942 2995 3014 3051 ad
3049 2995 3536 3065 justiticationem,
3562 2997 3818 3051 secundo

2123 3085 2321 3141 iisdem
2368 3086 2692 3141 cmlestibus
2731 3085 3041 3154 Scripturze
3088 3084 3320 3139 monitis
3369 3084 3698 3140 excitamur
3747 3086 3819 3141 ad

2123 3174 2551 3245 gloriﬁcationis
2606 3189 2782 3243 spem.
2832 3174 2960 3243 {Per
3008 3172 3376 3242 semetipsum
3437 3174 3590 3229 Deus
3634 3173 3818 3244 jnrat,

2122 3277 2256 3319 cum
2316 3276 2416 3332 per
2458 3262 2716 3317 veritatis
2746 3270 2996 3317 tenorem
3036 3260 3135 3331 jus
3184 3260 3242 3315 in
3290 3260 3455 3315 nobis
3518 3262 3823 3316 rectitudi-

2122 3365 2373 3420 ncmque
2405 3350 2610 3405 ﬁrmat.
2636 3354 2771 3418 Ego,
2804 3349 2902 3415 ait,
2931 3364 3051 3404 sum
3070 3351 3163 3403 via
3182 3354 3231 3402 et
3249 3353 3453 3403 veritas
3485 3350 3665 3416 (Joan.
3702 3364 3820 3417 xxv,

2122 3440 2211 3507 6);
2242 3440 2541 3494 veritatem
2572 3446 2764 3494 autem
2796 3445 2948 3494 tenet
2996 3437 3262 3507 quisquis
3291 3451 3325 3491 a
3352 3438 3563 3506 peccati
3595 3436 3825 3494 fallacia

2123 3542 2180 3582 se
2212 3528 2494 3591 continet;
2526 3542 2698 3582 omne
2721 3526 2943 3582 bonum
2975 3526 3032 3581 in
3064 3540 3293 3581 summo
3325 3526 3474 3581 bono
3501 3540 3621 3581 esse
3645 3526 3825 3583 habet

2124 3617 2337 3687 peccati
2363 3631 2493 3671 vere
2520 3616 2683 3671 nulla
2710 3623 2793 3671 est
2819 3615 3084 3682 essentia,
3112 3614 3253 3685 quia
3282 3615 3405 3670 sine
3450 3615 3563 3669 Deo
3601 3615 3825 3672 factum

2120 3713 2205 3761 est
2235 3704 2399 3771 nihil,
2442 3704 2499 3760 id
2528 3713 2613 3760 est
2655 3712 2974 3774 peccatum,
3007 3708 3063 3759 et
3106 3704 3365 3759 homines
3407 3718 3540 3758 cum
3581 3714 3827 3773 peccant

2124 3794 2271 3849 ﬁunt
2302 3792 2446 3848 nihil
2504 3800 2795 3863 quantum
2834 3792 2906 3847 ad
2959 3805 3079 3847 esse
3116 3805 3342 3848 verum.
3395 3791 3540 3858 Quia
3576 3806 3715 3861 ergo
3763 3793 3825 3848 in

2122 3882 2282 3938 nullo
2327 3883 2617 3952 pepercisti
2645 3881 2865 3937 carnali
2911 3889 3025 3937 tua;
3074 3881 3379 3947 voluntati,
3412 3887 3478 3936 ut
3532 3894 3633 3950 spe
3686 3881 3827 3936 boni

2122 3970 2435 4027 mundialis
2498 3985 2624 4026 eam
2669 3969 2921 4042 gaudere
2968 3969 3342 4039 permitteres,
3393 3969 3488 4025 sed
3545 3969 3647 4024 uni
3709 3970 3828 4026 Deo

2121 4072 2249 4114 eam
2334 4058 2632 4114 nnicornis
2691 4073 2849 4115 more
2917 4058 3089 4129 juxta
3146 4057 3455 4127 psalmum,
3524 4056 3823 4114 intendisti

2122 4147 2284 4217 (Psal.
2319 4161 2433 4209 xei,
2472 4147 2585 4216 tt),
2616 4146 2756 4216 quia
2785 4160 2927 4209 rem,
2978 4146 3033 4200 id
3065 4151 3149 4200 est
3193 4144 3496 4200 utilitatem
3528 4160 3643 4201 non
3682 4161 3825 4202 cor-

315 4236 488 4302 videt,
512 4250 642 4291 cum
674 4249 835 4290 sacro
865 4242 1210 4305 suggerente
1251 4234 1479 4305 eloquio
1510 4234 1792 4304 superbia":
1823 4236 2008 4290 eervi-
2048 4245 2092 4299 1)
2123 4235 2294 4305 poris,
2342 4235 2441 4291 sed
2488 4235 2727 4305 spiritus
2780 4236 2852 4290 ad
2902 4234 3255 4305 gignendum
3302 4235 3481 4291 unius
3538 4235 3827 4291 irreﬂexae

315 4326 607 4379 cositatem
633 4325 780 4379 inter
808 4338 1012 4393 vepres
1041 4324 1426 4393 cupiditatum
1476 4324 1695 4379 occulte
1728 4324 1787 4379 in
1819 4325 2011 4380 animo

314 4411 734 4468 suborientium
792 4411 1071 4467 affectatae
1107 4412 1371 4481 potentiae
1409 4413 1684 4468 cornibus
1722 4413 2010 4468 detentam

313 4498 599 4555 subtiliter
640 4498 921 4570 intelligit.
972 4499 1120 4555 Solet
1150 4515 1404 4571 namque
1439 4501 1686 4557 nimium
1725 4501 2012 4557 subtiliter

309 4587 681 4657 contemplari
706 4588 1051 4655 volentibus,
1094 4589 1262 4659 quasi
1292 4598 1417 4660 post
1450 4598 1698 4662 tergum,
1733 4590 1832 4646 ubi
1897 4589 2007 4645 sibi

311 4676 505 4732 minus
533 4677 858 4741 attendunt,
904 4677 1204 4747 subripere
1238 4678 1529 4748 superbia,
1575 4693 1707 4749 quae
1741 4678 1818 4733 ita
1847 4678 2006 4747 cupi-

308 4765 471 4822 ditati
515 4766 828 4835 honorum,
875 4774 977 4823 aut
1008 4767 1213 4835 laudis,
1262 4782 1329 4823 ac
1359 4770 1404 4823 si
1437 4768 1701 4837 veprium
1758 4767 2008 4823 stimulis

309 4855 562 4925 implexa
606 4855 869 4925 potentiae
900 4856 1252 4912 desideriove
1300 4856 1404 4912 luti
1461 4856 1735 4912 cornibus
1777 4855 2003 4925 pendet,

307 4944 579 4999 cornibus
609 4944 764 4999 enim
792 4945 1047 5014 potentia
1066 4945 1285 5016 signari
1311 4945 1470 5011 solet,
1498 4953 1561 5000 ut
1582 4945 1681 4999 vix
1710 4943 2003 4999 Abraham

308 5031 709 5088 intellectualis
764 5033 887 5088 hac
932 5033 1273 5105 distinguat,
1315 5032 1424 5089 nisi
1471 5033 1739 5102 respiciat
1797 5033 1867 5087 ad
1911 5046 2003 5087 se-

306 5120 493 5189 ipsum
523 5128 578 5176 et
598 5121 793 5178 oculos
821 5121 988 5191 levet,
1022 5122 1159 5192 quid
1192 5122 1300 5178 sibi
1342 5122 1604 5177 videlicet
1652 5122 1884 5191 irrepat,
1930 5136 2003 5177 ex

304 5208 426 5277 ipsa
454 5209 547 5264 cui
598 5209 1052 5279 contemplanda;
1110 5209 1296 5264 inhiat
1367 5208 1464 5263 Dei
1522 5209 2003 5278 contemplatione

304 5304 518 5366 penset.
554 5296 968 5368 Contemplatio
1008 5305 1223 5362 autem,
1253 5305 1318 5352 ut
1369 5311 1518 5366 saepe
1569 5296 1843 5363 diximus,
1884 5312 2000 5353 non

304 5384 491 5440 solum
532 5385 591 5440 in
632 5386 829 5441 divina
860 5386 1083 5442 visione
1113 5385 1411 5454 accipitur,
1456 5385 1554 5440 sed
1579 5386 1749 5440 etiam
1779 5386 1836 5441 in
1865 5400 2002 5442 con-

300 5473 644 5530 sideratione
682 5474 1073 5545 spiritualium
1108 5488 1322 5542 rerum,
1351 5481 1407 5530 et
1465 5473 1621 5530 omni
1645 5474 2000 5531 discussione

2122 4324 2239 4393 spei
2270 4325 2545 4390 fructum,
2580 4324 2736 4394 quod
2762 4324 3029 4395 signatur
3055 4337 3155 4394 per
3181 4322 3563 4394 unigenitum,
3602 4324 3822 4393 fecisti;

2122 4413 2429 4468 benedicam
2479 4414 2601 4479 tibi,
2630 4412 2683 4468 id
2719 4421 2801 4468 est
2831 4413 3147 4483 proveham
3180 4419 3232 4467 te
3256 4412 3600 4468 omnimodze
3634 4413 3825 4469 virtu-

2120 4502 2190 4558 tis
2217 4502 2424 4558 eﬁectu
2471 4508 2520 4557 et
2548 4501 2919 4571 multiplicabo
2949 4516 3125 4555 semen
3168 4505 3342 4567 tuum,
3373 4501 3577 4557 merita
3615 4502 3822 4557 videli-

2118 4599 2205 4647 cet
2246 4605 2483 4661 operum
2555 4598 2811 4657 tuorum,
2868 4604 3000 4661 quae
3046 4590 3139 4644 hic
3190 4590 3365 4660 juxta
3413 4589 3815 4653 Psalmistam,

2116 4679 2477 4735 seminantur
2514 4679 2573 4733 in
2602 4678 2869 4747 lacrymis
2908 4677 3142 4747 przemio
3171 4676 3484 4733 cumulabo
3503 4678 3820 4748 centuplici

2118 4768 2287 4836 (Psal.
2339 4783 2507 4835 cxxv,
2562 4771 2636 4834 5),
2678 4766 2875 4836 utqui
2922 4780 3096 4836 super
3143 4779 3332 4837 pauca
3380 4765 3562 4821 ﬁdelis
3608 4765 3814 4837 fueris,

2114 4870 2286 4926 super
2315 4856 2497 4912 multa
2524 4855 2891 4911 constituaris
2921 4856 3137 4925 (Matth.
3168 4870 3302 4923 xxv,
3328 4857 3416 4924 2t,
3453 4855 3567 4924 23).

2184 4946 2290 5000 Per
2334 4947 2517 4999 stellas
2549 4946 2684 5008 cteli,
2749 4945 2986 5000 virtutes
3032 4944 3239 4999 animae
3286 4944 3623 5014 accipimus,
3680 4960 3819 5015 quae

2114 5032 2170 5087 in
2191 5039 2409 5088 aeterna
2456 5032 2811 5089 beatitudine
2854 5033 3002 5089 sicut
3044 5049 3079 5089 a
3127 5033 3270 5089 ctelo
3318 5047 3623 5104 nunquam
3655 5034 3818 5090 divi-

2112 5122 2335 5177 duntur
2361 5120 2555 5188 stellae,
2590 5122 2671 5176 sic
2701 5136 2806 5178 nec
2835 5122 3091 5192 separari
3125 5129 3395 5192 poterunt
3423 5137 3458 5178 a
3478 5131 3815 5179 sanctorum

2112 5218 2317 5266 mente.
2364 5210 2470 5265 Per
2491 5227 2713 5265 arenam
2742 5216 2838 5267 88
2870 5215 3041 5266 maris
3081 5211 3388 5280 littoream,
3424 5212 3685 5281 corporis
3715 5213 3816 5268 in—

2111 5297 2423 5369 telligimus
2443 5298 2982 5368 impassibilitatem,
3002 5314 3133 5369 quae
3154 5299 3263 5355 erit
3292 5307 3418 5369 post
3434 5301 3811 5356 resurrectio-

2109 5401 2261 5454 nem,
2296 5388 2530 5458 quando
2544 5388 2664 5459 jam
2697 5388 3016 5444 securitatis
3046 5388 3234 5445 littore
3272 5388 3587 5456 constituti,
3620 5402 3655 5444 a
3690 5390 3813 5445 salo

2108 5482 2372 5533 motuum
2403 5475 2587 5543 liberi,
2611 5476 2759 5533 sicut
2779 5476 2848 5533 de
2865 5490 3042 5533 arena
3056 5476 3233 5533 salem
3264 5477 3386 5534 fieri
3404 5478 3806 5548 cognovimus,
