3902 6054
112 171 207 226 na
1114 132 1121 139 ’
1288 169 1651 227 common
1691 168 1758 226 IN
1797 166 2102 228 GENESIN
2145 172 2272 227 LIB.
2313 166 2402 227 Vi.
3512 167 3612 226 iit

106 300 183 355 ita
223 308 408 358 totam
451 300 642 358 carnis
680 301 1124 373 gravitudinem,
1169 308 1225 357 et
1266 302 1802 372 corruptibilitatem
1840 307 1885 359 Α
1913 302 2180 359 voluntas
2224 310 2435 359 nostra.
2485 302 2591 358 Sed
2626 309 2932 372 postquam
2963 303 3035 358 ad
3067 300 3343 359 Bersabee
3374 304 3612 359 reverti-

104 390 392 459 sapientia
451 405 555 445 nos
626 390 985 445 inhabitante
1057 390 1437 445 condiendam
1498 391 1806 446 credimus.
1918 399 2037 460 tur,
2108 392 2418 462 puerisque
2475 392 2874 462 conjungitur,
2948 392 3005 447 in
3064 392 3354 448 civitatem
3428 393 3614 448 Arbee

103 478 414 533 Possidebit
468 494 643 533 semen
707 485 857 533 tuum
914 484 1104 548 portas
1168 482 1512 533 inimicorum
1567 496 1806 533 suorum.
1918 481 2198 536 moritura
2239 481 2582 537 devolvitur.
2628 481 2842 537 Civitas
2892 482 3085 536 anima
3124 488 3224 545 est,
3258 482 3440 537 Arbee
3469 481 3613 538 dici-

106 568 296 635 (V’an.
361 567 470 637 18.)
537 571 606 623 Et
671 568 1048 622 benedicentur
1110 570 1169 621 in
1224 569 1423 622 semine
1486 572 1574 621 tuo
1631 584 1809 623 omnes
1920 576 2016 624 tur
2046 576 2296 637 quatuor.
2331 570 2419 624 Ex
2446 570 2802 624 auimalitate
2831 578 3045 636 autem,
3074 584 3149 625 ex
3178 570 3377 625 intima
3405 569 3618 625 scilicet

104 662 291 723 gentes
371 661 546 723 terra,
630 660 766 726 quia
833 657 1066 711 obedisti
1144 659 1260 711 coci
1332 672 1478 711 meae.
1561 658 1810 713 Possidet
1918 657 2093 711 nostri
2131 664 2311 726 parte,
2341 666 2595 727 quatuor
2622 658 2957 727 passionum
2992 658 3251 714 miserias
3282 658 3613 725 toleramus,

105 761 285 799 semen
314 752 504 815 portas
547 748 911 812 inimicorum,
961 760 1095 800 cum
1139 746 1384 801 virtutes
1414 746 1522 801 sub
1555 761 1612 801 se
1657 746 1810 801 obti-
1920 745 1973 800 id
2042 753 2125 801 est
2182 753 2455 813 metuere,
2520 761 2751 816 cupere,
2808 746 3078 815 gaudere,
3131 747 3339 802 dolere.
3393 745 3617 813 Quibus

107 841 247 889 nent
294 834 459 900 vitia,
505 849 637 903 quae
675 842 808 890 sunt
849 842 1044 903 portae,
1096 847 1197 903 per
1244 848 1391 903 quas
1440 834 1691 890 intratur
1737 835 1809 889 ad
1916 835 2056 889 dum
2089 834 2445 890 saeculariter
2474 849 2848 904 occupamur,
2882 850 2915 889 a
2946 835 3129 891 divini
3159 835 3395 891 omnino
3425 836 3617 891 cultus

105 924 462 978 consortium
498 923 878 989 diabolorum,
921 923 1387 989 antonomastice,
1419 923 1804 979 inimicorum.
1916 937 2058 978 cura
2107 924 2503 979 distrahimur.
2556 924 2784 979 Hebron
2836 938 2991 994 vero,
3046 939 3177 994 quae
3219 933 3275 980 et
3323 924 3611 992 Chebron,

106 1012 304 1067 Omnes
362 1017 539 1077 gentes
601 1012 1025 1068 benedicuntur
1069 1015 1126 1065 in
1185 1014 1404 1077 semine,
1460 1027 1589 1068 cum
1658 1013 1809 1067 bona
1913 1013 2222 1065 incantator
2264 1012 2714 1082 interpretatur;
2763 1012 2884 1068 hmo
2936 1027 3137 1082 nempe
3183 1014 3410 1069 funesta
3460 1027 3614 1083 qua—

108 1112 312 1157 nostra
341 1103 397 1156 in
429 1101 715 1170 praecipuo
745 1100 1006 1156 omnium
1035 1099 1321 1155 seminum
1351 1110 1644 1171 augentur
1672 1100 1808 1155 cha-
1916 1101 2157 1156 ternitas
2206 1100 2581 1156 incantatoris
2628 1100 2773 1171 gerit
2818 1100 3094 1167 officium,
3144 1101 3283 1156 dum
3343 1100 3612 1171 prosequi

107 1188 300 1244 ritate.
351 1189 482 1258 Ipsa
533 1188 684 1244 enim
740 1188 923 1258 operit
964 1188 1396 1244 multitudinem
1446 1196 1810 1259 peccatorum
1918 1190 2224 1263 persuadet
2257 1190 2510 1244 animam
2550 1188 2859 1259 cujuslibet
2902 1189 3107 1245 horum
3140 1190 3404 1245 desiderii
3453 1190 3615 1259 cogi—

109 1277 260 1345 (Jac.
297 1291 358 1347 v,
390 1278 499 1347 20),
544 1283 599 1331 et
630 1275 845 1331 dicitur
867 1278 1217 1346 perfectionis
1251 1277 1527 1331 vinculum
1558 1279 1692 1346 (Col.
1726 1291 1806 1344 ιιι,
1918 1287 2167 1336 tatuum.
2227 1278 2364 1344 Quae
2401 1278 2595 1332 omnia
2646 1280 2705 1331 in
2759 1283 2905 1331 terra
2951 1278 3213 1333 Chanaan
3264 1278 3428 1343 ﬁunt,
3476 1278 3616 1348 quia

107 1366 223 1428 14).
1920 1368 1976 1423 in
2021 1376 2247 1423 terrena
2293 1374 2478 1422 mente
2524 1366 2811 1422 eontinuze
2858 1366 3274 1435 inquietudinis
3320 1367 3613 1437 negotium

178 1454 355 1509 Vnus.
422 1455 503 1506 l9.
562 1484 630 1492 --
683 1456 943 1508 Reversus
1011 1457 1089 1507 est
1152 1453 1441 1508 Abraham
1495 1456 1571 1509 ad
1621 1470 1812 1524 pueros
1918 1456 2242 1520 excitando,
2292 1464 2584 1528 perpetuae
2632 1454 3019 1510 damnationis
3064 1455 3254 1524 parari
3307 1455 3617 1510 humilitati

107 1558 260 1609 suos;
317 1542 676 1610 abieruntque
735 1541 999 1596 Bersabee
1044 1542 1226 1610 simul,
1284 1550 1334 1598 et
1397 1545 1666 1599 habitavit
1716 1545 1808 1599 ibi.
1855 1611 1872 1612 ᾧ
1920 1558 2035 1598 non
2083 1551 2368 1599 metuunt.
2403 1542 2678 1598 Chanaan
2710 1556 2847 1597 sane
2893 1546 3217 1608 negotiator,
3270 1542 3356 1597 vel
3384 1547 3618 1612 paratus

108 1631 236 1686 Post
285 1630 664 1686 subtilitatem
706 1630 914 1685 divinae
958 1631 1383 1699 speculationis,
1419 1633 1605 1704 fragili
1656 1648 1809 1703 qua-
1851 1611 1890 1665 Β
1919 1633 2222 1686 humilitati
2251 1631 2482 1687 dicitur.
2523 1632 2786 1698 Venitque
2813 1630 3097 1685 Abraham
3139 1635 3199 1685 ut
3242 1611 3528 1699 plangeret
3568 1634 3619 1683 et

104 1720 237 1774 dam
266 1719 603 1774 necessitate
634 1717 951 1774 relabimur
985 1719 1057 1773 ad
1094 1734 1263 1774 usum
1298 1720 1568 1777 humanae
1602 1723 1808 1778 volun-
1917 1724 2066 1789 ﬂeret
2093 1736 2228 1785 eam.
2290 1722 2451 1775 Venit
2497 1719 2800 1784 Abraham,
2843 1733 2975 1774 cum
3005 1719 3151 1775 ratio
3186 1726 3382 1774 nostra
3431 1733 3465 1773 a
3502 1719 3618 1774 dis-

106 1808 262 1875 tatis,
294 1815 349 1862 et
402 1806 850 1871 aﬂectualitatis,
892 1822 1023 1877 quze
1081 1807 1243 1864 nobis
1299 1809 1603 1879 pueritiam
1653 1812 1812 1867 incu—
1921 1810 2181 1879 persione
2229 1823 2336 1864 sua
2376 1809 2702 1879 regreditur
2732 1809 2800 1862 ad
2845 1807 2934 1863 sui
2986 1807 3168 1878 ipsius
3211 1822 3448 1876 curam;
3498 1807 3613 1874 ﬂet,

106 1897 260 1951 tiunt
313 1895 580 1951 levitatis.
646 1896 924 1951 Bersabee
995 1902 1187 1964 puteus
1257 1901 1518 1966 septimus
1578 1899 1806 1955 dicitur.
1920 1914 2054 1954 cum
2092 1898 2291 1954 ﬂuxus
2339 1897 2624 1953 interioris
2670 1897 2965 1952 mollitiem
2995 1897 3163 1967 quasi
3198 1911 3383 1968 aquas
3427 1897 3500 1952 ab
3533 1897 3621 1951 in-

104 1982 351 2037 Abimus
372 1982 446 2038 ad
466 1990 704 2052 puteum
727 1983 1059 2051 septimum,
1087 1999 1219 2040 cum
1241 1985 1312 2040 ad
1334 1987 1810 2043 consuetudinem
1923 1988 2243 2043 tentionum
2276 1985 2457 2041 oculis
2497 1985 2732 2052 emittit;
2770 1985 3011 2055 plangit,
3060 2000 3193 2041 cum
3249 1986 3307 2040 in
3349 1983 3622 2040 exteriori

108 2070 473 2127 revolvimur
520 2071 861 2127 interiorum
908 2073 1381 2144 exteriorumque
1413 2088 1710 2141 sensuum,
1744 2077 1813 2132 de
1922 2073 2260 2131 habitudine
2306 2087 2375 2129 ac
2412 2074 2456 2129 si
2507 2074 2564 2128 in
2603 2089 2741 2129 voce
2769 2074 3003 2129 exhibet
3032 2073 3219 2129 cordis
3249 2073 3623 2140 anxietatem,

108 2173 224 2229 qua
270 2159 553 2230 voragine
587 2175 719 2215 cum
756 2160 956 2216 crebro
995 2160 1417 2217 exliauriamus
1449 2163 1637 2219 undas
1669 2165 1813 2220 sub-
1922 2177 2041 2234 qua
2088 2164 2308 2218 sincere
2355 2162 2703 2217 intrinsecus
2758 2162 3010 2231 poenitet.
3064 2162 3273 2218 Multos
3316 2162 3471 2218 enim
3518 2162 3626 2217 hoc

112 2246 428 2302 orientium
486 2248 891 2317 cupiditatum.
945 2262 1253 2318 nunquam
1311 2256 1503 2305 tamen
1548 2251 1815 2320 quandiu
1924 2266 2094 2323 agere
2120 2250 2310 2321 palam
2340 2251 2538 2321 pudet,

110 2344 385 2392 creatura
435 2336 744 2406 subjicitur
794 2336 1035 2391 vanitati
1086 2336 1289 2392 nolens
1332 2338 1499 2404 (Rom.
1537 2353 1656 2404 vni,
1697 2340 1813 2409 ‘20),
1995 2341 2168 2397 Vnus.
2201 2343 2252 2408 3,
2302 2341 2355 2394 4.
2388 2369 2462 2380 -
2493 2340 2739 2407 Cumque
2786 2341 3113 2394 surrexisset
3153 2340 3221 2393 ab
3251 2341 3432 2409 ofﬁcio
3456 2341 3615 2405 fune-

110 2426 465 2481 exhauritur
494 2426 566 2480 ad
595 2439 830 2495 purum.
860 2424 1224 2494 Septenarius
1253 2426 1402 2481 enim
1438 2441 1510 2482 ex
1542 2435 1812 2498 quatuor,
1923 2432 2024 2491 ris.
2058 2431 2263 2484 locutus
2301 2432 2378 2482 est
2408 2427 2483 2481 ad
2509 2429 2649 2496 ﬁlios
2697 2429 2837 2481 Heth
2882 2428 3061 2482 dicens
3089 2444 3101 2482 :
3153 2427 3384 2482 Advena
3420 2443 3541 2482 sum
3571 2432 3624 2481 et

110 2529 241 2585 quae
270 2529 488 2585 corpus
519 2516 772 2584 signant,
795 2522 851 2571 et
881 2514 1085 2582 tribus,
1119 2530 1250 2584 quae
1271 2515 1545 2584 animam,
1574 2524 1813 2585 constat,
1920 2520 2242 2589 peregrinus
2271 2516 2422 2587 apud
2450 2531 2562 2581 vos,
2608 2516 2734 2569 date
2782 2518 2919 2570 mihi
2934 2517 3032 2585 jus
3060 2518 3299 2585 sepulcri
3327 2517 3622 2581 vobiscum,

110 2618 209 2673 per
240 2618 380 2673 quae
413 2603 523 2659 sub
562 2603 953 2659 additamento
986 2604 1141 2672 putei
1175 2602 1460 2659 interioris
1485 2605 1818 2661 exterioris-
1925 2611 1987 2660 ut
2023 2607 2280 2675 sepeliam
2325 2610 2594 2658 mortuum
2636 2620 2826 2658 meum.
2861 2603 3166 2675 Surgimus
3214 2605 3282 2658 ab
3325 2606 3503 2673 ofﬁcio
3530 2604 3624 2667 fu-

109 2706 221 2762 que
250 2691 539 2760 accipitur
588 2690 979 2747 sensualitatis
1011 2692 1607 2760 incomprehensibilis
1641 2694 1820 2750 instar
1928 2696 2071 2748 neris
2101 2708 2232 2749 cum
2260 2692 2539 2764 erigimur
2570 2693 2628 2747 in
2667 2706 2822 2761 spem
2850 2692 3033 2760 venia:
3062 2699 3183 2762 post
3210 2692 3627 2748 exhibitionem

111 2781 307 2850 abyssi
358 2779 741 2849 profunditas.
799 2780 899 2835 Hic
941 2778 1292 2845 habitamus,
1335 2778 1472 2834 dum
1519 2776 1660 2833 etin
1690 2790 1817 2847 pro-
1928 2782 2318 2853 paenitudinis.
2351 2782 2498 2837 Heth
2548 2781 2958 2850 interpretatur
2985 2781 3243 2848 formido,
3274 2781 3365 2837 vel
3413 2788 3620 2850 stupor.

111 2869 315 2968 fundis
336 2868 936 2968 concupiscentiarum
961 2868 1345 2968 diversamur,
1369 2874 1423 2965 et
1446 2864 1819 2968 tamenquasi
1857 2913 1897 2968 Ο
2051 2868 2192 2937 ﬁlios
2223 2871 2362 2923 Heth
2392 2869 2707 2968 loquimur,
2741 2870 2881 2968 dum
2912 2883 3048 2924 cum
3087 2868 3297 2968 nostris
3334 2868 3625 2939 cogitatio-

116 2957 349 3013 Domini
389 2957 450 3012 in
480 2956 647 3011 domo
682 2956 915 3012 serviles
947 2956 1217 3026 strepitus
1244 2954 1594 3010 dominando
1624 2954 1820 3023 depri-
1860 2954 1897 2968 “
1927 2956 2119 3025 nibus,
2152 2971 2283 3027 quee
2334 2956 2513 3012 veluti
2546 2957 2783 3027 quidam
2812 2957 2961 3013 fetus
2992 2957 3199 3013 mentis
3228 2965 3437 3014 nostrze
3467 2964 3624 3025 sunt,

109 3046 352 3101 mimus.
408 3045 682 3100 Habitare
732 3051 927 3100 autem
971 3058 1121 3114 szepe
1166 3044 1225 3098 in
1280 3043 1593 3113 Scripturis
1625 3057 1727 3112 pro
1756 3056 1821 3098 eo
1925 3051 2232 3114 postquam
2292 3045 2490 3100 divina
2536 3045 2840 3101 formidine
2891 3060 3010 3101 non
3066 3045 3254 3101 solum
3300 3053 3626 3116 tanguntur

110 3132 271 3202 quod
306 3138 395 3187 est
426 3129 729 3197 dominari,
773 3131 1028 3200 ponitur,
1056 3145 1164 3187 nec
1196 3130 1268 3186 ab
1300 3144 1360 3186 re
1392 3130 1532 3200 quia
1557 3130 1821 3185 habitare
1927 3133 2263 3201 introrsum,
2311 3133 2409 3189 sed
2458 3134 2629 3190 etiam
2681 3134 2820 3190 dum
2853 3141 3008 3190 terra
3051 3134 3330 3191 Chanaan
3376 3148 3498 3190 esse
3526 3148 3624 3190 ve-

107 3221 179 3276 ab
215 3234 287 3277 eo
337 3218 540 3285 verbo,
586 3218 740 3289 quod
769 3225 853 3274 est
888 3219 1101 3285 habere,
1155 3218 1511 3275 detortitium
1542 3218 1820 3288 frequen-
1928 3229 2151 3290 rentur,
2198 3221 2265 3291 id
2308 3229 2392 3277 est
2434 3230 2708 3290 externae,
2757 3230 2813 3278 et
2859 3223 3046 3278 inutili
3077 3222 3389 3279 humilitati
3431 3224 3626 3292 parari

110 3310 366 3365 lativum
397 3314 513 3376 est;
561 3306 650 3362 bis
691 3314 884 3363 autem
913 3321 1046 3377 quae
1079 3307 1362 3363 habemus
1391 3307 1666 3361 dominari
1716 3320 1822 3361 nos
1928 3310 2246 3381 refugiunt,
2282 3325 2470 3381 usque
2517 3310 2590 3366 ad
2628 3319 2922 3380 stuporem
2977 3311 3231 3380 corporis
3276 3311 3383 3366 hoc
3422 3311 3626 3366 timore

111 3397 398 3465 dicimus;
453 3396 536 3451 sic
563 3409 701 3467 ergo
732 3395 1008 3451 Bersabee
1058 3403 1247 3465 puteo,
1284 3395 1545 3451 videlicet
1584 3394 1821 3465 septimo
1928 3396 2216 3465 feruntur,
2288 3397 2356 3453 de
2411 3404 2620 3453 nostrae
2688 3398 2890 3454 salutis
2944 3397 3171 3454 interna
3226 3398 3627 3455 commoditate

114 3485 555 3542 notissimorum
605 3483 801 3539 carnis
848 3491 904 3540 et
952 3485 1131 3540 animi
1179 3499 1479 3552 sensuum,
1510 3483 1822 3540 habitando
1927 3492 2262 3541 tractamus.
2304 3491 2405 3540 89
2436 3486 2683 3554 Advena,
2718 3486 2933 3557 inquit,
2963 3501 3084 3540 sum
3104 3487 3256 3555 apud
3285 3501 3397 3542 vos.
3429 3486 3627 3543 Adve-

113 3574 513 3641 dominamur,
570 3579 635 3628 ut
679 3586 879 3628 eorum
912 3573 1311 3644 evagationem
1356 3573 1674 3629 cohibendo
1723 3571 1823 3627 ali-
1928 3587 2016 3629 nae
2047 3587 2270 3641 sumus,
2305 3573 2406 3644 qui
2437 3574 2772 3644 nuperrime
2802 3575 2874 3630 ad
2900 3588 2999 3629 cor
3028 3574 3301 3630 redimus.
3332 3574 3627 3645 Peregrini

115 3663 465 3734 quantisper
514 3661 678 3718 ﬂuxa
724 3661 1006 3718 desideria
1054 3661 1219 3732 quasi
1268 3675 1453 3733 aquas
1489 3676 1562 3718 ex
1610 3659 1823 3717 intimis
1926 3676 2146 3730 sumus,
2197 3662 2300 3732 qui
2338 3662 2586 3717 necdum
2618 3662 2772 3717 intra
2801 3663 3169 3718 conscientiae
3200 3663 3391 3719 sinum
3424 3677 3627 3718 conse-

114 3758 516 3822 exportemus.
746 3821 750 3822 ν
796 3821 840 3822 γέ
1007 3821 1047 3822 η
1118 3821 1164 3822 η
1928 3751 2137 3806 dimus.
2186 3750 2530 3820 Peregrinus
2558 3756 2750 3805 autem
2798 3764 2833 3805 a
2858 3749 3207 3819 peragrando
3256 3750 3488 3806 dicitur.
3527 3753 3629 3804 Jus-

729 3821 961 3877 CAPUT
1000 3821 1213 3877 ΧΧῙΙῙ-
1928 3837 2166 3905 sepulcri
2189 3836 2263 3891 ab
2288 3835 2370 3890 eis
2398 3836 2562 3892 nobis
2580 3836 2884 3907 exigimus,
2917 3850 3051 3892 cum
3081 3837 3332 3893 debitam
3364 3837 3628 3908 requiem

183 3928 374 3985 Vens.
415 3931 466 3993 i,
516 3929 569 3981 2.
623 3956 694 3967 —
745 3928 906 3982 Vixit
959 3931 1137 3981 autem
1188 3927 1331 3982 Sara
1375 3931 1583 3982 centum
1622 3930 1825 3996 uiginti
1930 3926 2085 3980 intra
2138 3939 2242 3980 nos
2281 3924 2432 3993 ipsos
2470 3924 2542 3980 ab
2602 3925 2860 3995 ipsarum
2910 3924 3324 3995 cogitationum
3374 3926 3629 3982 naturali

118 4021 320 4085 septem
367 4030 559 4070 annos.
618 4018 689 4071 Et
726 4021 940 4071 mortua
984 4020 1064 4071 est
1109 4019 1169 4070 in
1197 4018 1420 4071 civitate
1466 4016 1661 4077 Arbee,
1707 4032 1825 4084 quae
1931 4012 2293 4069 turbulentia
2334 4012 2757 4083 conquirimus.
2790 4012 2895 4080 Qui
2935 4014 3277 4070 thesaurum
3324 4013 3626 4080 effodiunt,

119 4110 193 4159 est
220 4105 448 4160 Hebron
493 4107 552 4158 in
584 4108 731 4159 terra
766 4104 1049 4161 Chanaan.
1095 4104 1202 4160 Per
1244 4103 1464 4172 Saram,
1499 4118 1629 4174 quae
1658 4107 1821 4173 prin-
1925 4103 2098 4173 juxta
2155 4102 2281 4168 Job,
2361 4102 2633 4171 gaudent,
2715 4116 2848 4158 cum
2907 4103 3233 4159 invenerint
3299 4103 3630 4172 sepulcrum

120 4208 238 4262 seps
268 4192 710 4262 interpretatur,
756 4191 1025 4247 voluntas
1053 4190 1323 4260 superius
1347 4203 1381 4245 a
1411 4205 1501 4247 me
1537 4190 1823 4246 intellecta
1863 4215 1905 4269 ι)
1937 4191 2074 4261 (Job.
2110 4204 2190 4257 ιιι,
2237 4192 2327 4256 21,
2358 4193 2469 4257 22).
2501 4191 2571 4245 Et
2612 4190 2785 4260 juxta
2812 4191 2971 4246 hunc
3001 4198 3231 4261 typum,
3270 4192 3452 4247 Maria
3492 4190 3632 4246 foris

120 4280 507 4352 dignoscitur,
540 4294 607 4335 eo
643 4279 799 4350 quod
830 4279 1073 4336 rationis
1105 4279 1329 4335 imbuta
1366 4277 1619 4346 consilio,
1652 4280 1826 4339 totius
1940 4279 2123 4350 plorat
2169 4277 2244 4333 ad
2290 4285 2736 4334 monumentum
2786 4280 2962 4345 (Joan.
2993 4293 3097 4346 xx,
3154 4281 3264 4348 tl).
3320 4278 3634 4349 Sepelimus

122 4368 287 4425 bonae
336 4368 691 4438 principium
734 4369 1067 4425 inveniatur
1104 4382 1225 4424 esse
1270 4368 1527 4423 actionis.
1563 4368 1668 4424 Per
1698 4385 1825 4424 cen-
1936 4373 2226 4435 mortuum,
2273 4380 2406 4422 cum
2438 4365 2517 4421 nil
2562 4366 2622 4421 in
2656 4367 2767 4422 hoc
2794 4367 3012 4423 mundo
3044 4375 3369 4437 sperantem
3391 4369 3633 4437 jamque

124 4464 237 4511 tum
264 4458 474 4525 viginti
501 4462 701 4525 septem
743 4472 913 4511 annos
940 4455 1208 4527 perfectio
1246 4456 1496 4512 scientiae
1527 4469 1594 4512 ac
1632 4471 1828 4526 opera-
1937 4455 2285 4513 cruciﬁxum
2331 4454 2479 4510 intra
2535 4455 2747 4511 muenia
2800 4455 3040 4512 rationis
3085 4456 3451 4513 recondimus
3501 4457 3634 4511 ani-

125 4547 296 4602 tionis
334 4545 704 4615 exprimitur.
748 4546 813 4601 In
860 4546 1188 4602 centenario
1237 4560 1489 4614 namque
1538 4546 1826 4615 perfectio,
1940 4558 2121 4600 mum.

126 4634 183 4689 in
207 4633 529 4700 vicenario,
556 4633 655 4688 ubi
676 4633 934 4704 Decalogi
958 4634 1175 4703 species
1197 4633 1547 4704 geminatur,
1572 4634 1831 4691 doctrina
2013 4631 2182 4689 VERS.
2232 4633 2284 4697 5,
2317 4630 2369 4685 6.
2419 4660 2487 4669 —
2527 4631 3047 4701 Responderuntque
3088 4633 3198 4697 ﬁlii
3241 4633 3430 4687 Heth:
3482 4634 3637 4688 Audi

122 4730 177 4778 et
204 4721 506 4778 exsecutio
536 4721 747 4777 divinae
769 4721 909 4793 legis
932 4721 1310 4792 exprimitur;
1343 4736 1476 4792 quae
1509 4723 1590 4777 rei
1612 4722 1832 4778 utrius-
1940 4735 2058 4784 nos,
2105 4721 2361 4774 Domine?
2407 4721 2661 4789 Princeps
2714 4721 2821 4774 Dei
2866 4737 2919 4774 es
2973 4721 3124 4790 apud
3171 4737 3288 4787 nos,
3345 4724 3405 4776 in
3456 4724 3635 4777 electis

123 4826 239 4883 que
289 4810 565 4882 perfectio
612 4812 684 4867 ad
741 4812 1148 4880 septenarium,
1201 4811 1303 4881 qui
1351 4810 1698 4880 spiritualim
1749 4819 1835 4868 est
1941 4810 2204 4880 sepulcris
2251 4810 2453 4863 nostris
2490 4810 2657 4877 sepeli
2698 4816 2988 4875 mortuum,
3044 4815 3193 4865 tuum
3244 4812 3533 4879 nullusque
3573 4812 3639 4865 'te

129 4901 322 4973 ﬁgura
356 4898 776 4956 charismatum
826 4899 1150 4966 deducitur,
1185 4900 1326 4969 quia
1363 4907 1598 4955 centum
1630 4900 1835 4971 viginti
1940 4898 2227 4969 prohibere
2278 4900 2497 4966 poterit,
2567 4900 2701 4966 quin
2747 4901 2806 4952 in
2852 4905 3187 4953 monumento
3245 4898 3362 4969 ejus
3410 4902 3639 4970 sepelias

129 4987 504 5046 credentibus
527 4988 672 5054 (Act.
714 5004 752 5055 ι,
788 4991 898 5057 15),
930 4988 1112 5045 sancti
1144 4988 1389 5058 Spiritus
1417 4989 1606 5059 gratia
1637 4988 1837 5059 illapsa
1944 4990 2215 5041 mortuum
2260 4990 2430 5040 tuum.
2475 4987 2601 5039 Filii
2638 4987 2777 5039 Heth
2823 4985 3064 5040 Abrahae
3106 4986 3469 5055 respondent,
3507 5001 3640 5043 cum

134 5076 537 5149 cognoscitur;
580 5077 886 5147 requiescit
919 5078 1071 5132 enim
1098 5091 1274 5146 super
1304 5076 1605 5143 humilem,
1636 5084 1691 5132 et
1721 5084 1837 5133 tre-
1945 5074 2318 5146 cogitationes
2374 5073 2587 5129 timidae
2657 5073 2893 5129 consilio
2980 5074 3217 5129 rationis
3287 5077 3640 5145 aggaudent.

137 5173 387 5221 mentem
419 5178 711 5220 sermones
742 5164 840 5220 Dei
892 5163 1031 5227 (Isa.
1064 5179 1219 5234 LXVI,
1248 5168 1330 5234 2);
1367 5166 1470 5222 hos
1514 5165 1710 5235 itaque
1737 5166 1838 5235 qui
1950 5162 2127 5231 Audi,
2175 5162 2467 5232 inquiunt,
2524 5177 2641 5228 nos,
2681 5164 2921 5229 Domine,
2966 5162 3020 5217 id
3051 5169 3135 5217 est
3184 5162 3645 5220 intellectualiter

138 5253 328 5309 sciunt
353 5259 410 5308 et
439 5251 663 5308 faciunt
705 5251 951 5322 Spiritus
990 5253 1296 5317 inhabitat,
1326 5253 1646 5322 ﬁctumque
1684 5253 1839 5309 devi-
1950 5267 2052 5308 nos
2082 5251 2357 5308 discerne.
2394 5249 2756 5320 Principatus
2787 5250 2937 5307 enim
2971 5251 3068 5306 Dei
3115 5251 3268 5306 vices
3321 5252 3379 5306 in
3436 5253 3647 5309 nostris

141 5349 237 5397 tat.
294 5340 633 5397 Secundum
677 5340 836 5411 quod
886 5340 1081 5411 itaque
1126 5341 1214 5395 his
1273 5341 1541 5397 innuitur
1590 5342 1843 5396 numeris
1955 5341 2322 5397 interioribus
2354 5340 2495 5411 agis,
2552 5341 2705 5395 unde
2736 5348 2790 5396 et
2837 5340 2891 5395 in
2932 5341 3226 5411 Apocalysi
3259 5356 3391 5397 eum
3423 5343 3537 5398 Deo
3589 5344 3644 5398 in

144 5430 285 5487 vivit
317 5429 483 5495 Sara,
534 5428 678 5500 quia
719 5429 911 5485 taliter
939 5444 998 5485 se
1041 5429 1258 5485 habens
1286 5437 1435 5486 recte
1486 5428 1845 5499 principatur
1956 5430 2183 5497 throno,
2236 5429 2287 5483 id
2336 5437 2420 5484 est
2455 5428 2767 5499 judiciaria
2800 5437 3090 5499 potestate,
3128 5430 3408 5485 vincendo
3457 5432 3650 5487 sedere
