3904 6066
280 156 381 207 175

1230 150 1293 202 v.
1336 148 1670 204 GUIBERTI
1708 149 1999 205 ABBATIS
2036 146 2092 205 s.
2137 132 2373 204 uanus
2413 148 2500 202 ne
2540 144 2935 202 NOVIGENTO

3689 147 3789 200 Hii

276 282 618 354 permitteris
646 281 841 353 (Apoc.
878 295 956 346 ιιι,
1007 280 1119 349 21),
1164 279 1305 334 dum
1350 280 1513 334 utilia
1559 280 1851 349 noxiaque
1898 280 1974 335 die
2010 286 2058 337 Α
2088 280 2241 335 intra
2287 286 2446 348 septa
2495 276 2852 333 conscientia}
2907 283 3122 332 statum
3177 277 3355 332 animi
3402 276 3520 348 jam
3571 278 3792 334 saeculo

278 373 447 428 vidis.
506 372 699 427 Electa
749 370 1039 438 sepulcra,
1082 368 1297 437 quibus
1344 368 1652 437 sepelimus
1705 374 1975 424 mortuum

280 462 481 516 activae
526 469 609 516 est
668 467 722 514 et
779 456 1234 526 contemplativa:
1303 457 1430 511 vita:
1493 466 1794 524 secretum,
1847 457 1976 513 licet

282 565 528 620 quaeque
577 549 688 603 alia
728 548 915 602 virtus
967 545 1298 615 sepulcrum
1348 545 1456 600 dici
1504 548 1697 614 possit,
1751 560 1868 616 qua
1918 563 1976 602 se

282 640 529 706 quisque
588 650 620 689 a
670 636 940 691 vitiorum
993 634 1341 689 tumultibus
1392 633 1714 689 abscondit.
1770 634 1845 701 Si,
1884 636 1976 690 in—

282 725 512 794 quiunt,
548 738 680 779 cum
720 725 831 779 Deo
878 723 1130 778 sentiens
1171 723 1487 792 principari
1534 723 1784 793 legitime
1832 725 1979 779 inter

279 827 382 866 nos
450 812 719 880 volueris,
801 814 985 866 nullus
1047 818 1095 865 te
1162 814 1449 882 prohibere
1526 816 1729 881 poterit
1787 820 1977 867 motus

280 901 488 967 carnis,
547 900 688 970 quia
736 901 932 970 sopitis
983 900 1398 969 cogitationum
1458 902 1731 969 pestibus,
1793 914 1980 956 neces-

280 992 432 1043 sario
486 989 607 1059 jam
647 1004 766 1043 non
820 990 929 1045 erit
988 989 1237 1058 perversi
1291 989 1552 1045 molestia
1599 997 1783 1054 actus,
1845 1003 1977 1058 quae

280 1079 591 1147 przepediat
658 1080 717 1131 in
768 1084 1104 1132 monumento
1160 1082 1431 1131 mortuum
1485 1091 1714 1146 ponere,
1779 1076 1838 1132 id
1893 1084 1979 1132 est

281 1167 432 1221 intra
463 1166 798 1221 memoriam
845 1166 918 1220 ad
959 1166 1395 1220 incitamentum
1446 1165 1810 1234 paenitentiae,
1864 1180 1977 1221 non

280 1255 351 1309 ad
383 1253 799 1309 refricationem
832 1254 1063 1309 malitite
1112 1254 1326 1323 peccati
1369 1252 1656 1308 licentiam
1697 1267 1975 1308 coercere.

281 1344 716 1398 Monumentum
774 1351 965 1397 autem
1028 1357 1061 1396 a
1099 1342 1377 1409 monendo,
1437 1342 1603 1411 quasi
1658 1342 1981 1396 monimen-

283 1440 403 1485 tum
464 1431 694 1486 dicitur.
753 1433 1052 1485 Peccatum
1106 1444 1240 1485 vero
1288 1439 1583 1485 mortuum
1635 1430 1898 1498 dicimus,
1947 1444 1981 1485 a

282 1519 452 1587 cujus
483 1519 902 1587 perpetratione
933 1517 1249 1573 delicimus.

2084 368 2374 424 cruciﬁxi.

2155 459 2324 514 Vens.
2366 460 2451 523 l0,
2487 460 2572 510 ll.
2621 486 2691 494 —
2732 455 3033 509 Habitabat
3077 461 3259 510 autem
3289 457 3525 525 Ephron
3571 458 3632 509 in
3680 472 3791 509 me-

2084 548 2174 601 dio
2202 548 2438 615 ﬁliorum
2468 547 2621 600 lleth.
2681 545 3084 614 Respondilque
3112 546 3335 613 Ephron
3375 545 3451 598 ad
3479 545 3789 611 Abraham,

2085 639 2291 690 cunctis
2341 635 2707 697 audientibus,
2757 636 2854 701 qui
2890 633 3340 700 ingrediebantur
3385 640 3605 703 portam
3652 635 3794 687 civi-

2086 727 2217 780 tatis
2261 723 2377 793 ejus
2423 724 2638 777 dicens:
2704 724 3060 790 Nequaquam
3119 724 3203 775 ita
3247 724 3366 789 ﬁat,
3418 725 3643 776 Domine
3692 726 3794 789 mi,

2085 813 2180 867 sed
2239 814 2416 882 magis
2480 813 2729 864 ausculta
2794 811 2939 878 quod
2994 811 3218 878 loquor:
3277 813 3490 879 Agrum
3565 812 3794 864 tradam

2085 903 2205 967 tibi,
2251 906 2303 956 et
2338 902 2645 969 speluncam
2688 914 2807 968 quae
2850 901 2908 951 in
2955 914 3012 952 eo
3063 904 3161 963 est,
3221 900 3579 968 praesentibus
3627 899 3783 968 ﬁliis

2084 992 2275 1060 populi
2328 992 2451 1056 mei,
2507 990 2672 1056 sepeli
2726 994 2997 1042 mortuum
3047 992 3218 1041 tuum.
3266 988 3422 1043 Inter
3466 988 3610 1042 filios
3642 987 3795 1043 Heth

2086 1080 2321 1147 Ephron
2390 1078 2628 1145 habitat,
2694 1091 2828 1132 cum
2882 1075 3325 1147 cogitationibus
3382 1082 3538 1131 metu
3588 1075 3795 1131 divino
3874 1075 3875 1129 l

2087 1167 2431 1232 conterritis,
2491 1166 2729 1221 alTectus
2783 1173 2974 1221 noster
3026 1165 3127 1235 qui
3187 1179 3303 1219 non
3361 1165 3434 1220 ab
3478 1179 3541 1220 re
3595 1165 3796 1234 pulvis

2086 1256 2297 1310 dicitur
2358 1254 2596 1319 inutilis,
2647 1253 2815 1323 quasi
2870 1253 3122 1322 quodam
3177 1253 3465 1322 spirituali
3519 1254 3791 1319 humore,

2090 1345 2211 1413 ipsa
2238 1345 2435 1399 eadem
2467 1344 2766 1398 formidine
2813 1343 2885 1397 ad
2915 1356 3117 1398 earum
3148 1342 3489 1397 sententiam
3527 1357 3587 1398 se
3621 1343 3798 1397 strin-

2088 1434 2169 1502 git
2206 1441 2260 1488 et
2309 1433 2533 1488 solidat.
2593 1431 2971 1502 Cogitationes
3025 1437 3217 1486 autem
3264 1431 3408 1486 tilios
3465 1445 3629 1500 posse
3681 1431 3796 1485 dici

2088 1536 2161 1576 ex
2210 1522 2487 1591 sapientis
2534 1521 2709 1575 verbo
2754 1520 3101 1589 colligimus,
3148 1520 3250 1589 qui
3284 1519 3531 1589 vipereis
3562 1519 3796 1589 cogita—

358 1580 527 1663 πρέ.
560 1580 612 1673 7.,
664 1610 717 1670 8,
760 1609 810 1661 9.
863 1638 931 1645 —
974 1608 1229 1662 Surrexit
1279 1608 1589 1671 Abraham,
1633 1611 1685 1660 et
1724 1607 1978 1661 adoravit
2017 1580 2060 1634 Β
2092 1580 2619 1666 ιίυῐιθειδῐιιΙῐΟΓυΠι
2669 1580 3135 1678 generationibus
3166 1580 3482 1676 comparat,
3516 1580 3797 1675 metutam,

284 1697 539 1764 populum
602 1701 775 1758 terrae,
839 1698 979 1764 filios
1044 1696 1292 1749 videlicet
1352 1697 1514 1762 IIet/t,
1586 1697 1840 1765 discitque
1907 1696 1983 1750 ad

284 1800 403 1837 eos:
456 1786 517 1838 Si
564 1786 743 1853 placet
798 1788 992 1838 animae
1040 1790 1251 1847 vestrae,
1300 1790 1360 1838 ut
1406 1786 1664 1852 sepeliam
1712 1791 1981 1839 mortuum

283 1888 477 1938 meum,
529 1873 714 1926 audite
751 1890 848 1939 me,
905 1879 955 1926 et
999 1874 1316 1926 intercedite
1355 1874 1506 1941 apud
1539 1875 1762 1942 Ephron
1809 1876 1984 1942 ﬁlium

286 1963 433 2027 Seor,
488 1968 549 2014 ut
597 1961 685 2014 det
724 1963 861 2014 mihi
908 1963 1220 2029 speluncam
1265 1961 1557 2029 duplicem,
1609 1977 1771 2028 quam
1825 1962 1983 2015 habet

285 2053 345 2102 in
390 2055 630 2103 extrema
677 2054 835 2118 parte
873 2051 1000 2119 agri
1054 2053 1161 2103 sui.
1202 2052 1278 2103 Do
1316 2052 1367 2102 ei
1416 2053 1702 2118 pecuniam
1732 2049 1978 2120 dignam,

288 2138 474 2190 tradat
522 2136 640 2207 [a|.,
690 2140 924 2205 pecunia
969 2137 1141 2204 digna
1179 2134 1384 2208 tradat]
1441 2138 1578 2191 mihi
1630 2153 1748 2191 cum
1801 2154 1982 2192 coram

285 2226 434 2279 vobis
504 2226 564 2279 in
633 2228 1018 2294 possessionem
1072 2226 1363 2294 sepulchri.
1422 2227 1713 2280 Abraham
1771 2227 1977 2297 surgit,

283 2329 414 2368 cum
465 2313 534 2369 de
577 2313 991 2385 cogitationum
1038 2327 1277 2369 assensu
1329 2314 1384 2368 in
1433 2328 1592 2383 spem
1640 2313 1981 2383 arripiendae

283 2402 600 2457 sanctitatis
675 2402 997 2457 intellectus
1057 2415 1116 2456 se
1182 2403 1370 2472 erigit.
1443 2402 1658 2458 Adorat
1719 2405 1982 2472 populum

288 2497 463 2556 terra,
523 2506 655 2545 cum
713 2490 1013 2545 devotione
1070 2490 1277 2544 humili
1330 2490 1543 2558 excipit
1596 2491 1981 2547 obedientiam

285 2578 647 2647 cogitationis
700 2579 820 2647 jam
879 2576 1094 2633 solida).
1167 2579 1244 2643 Si,
1301 2578 1506 2647 inquit,
1554 2580 1733 2647 placet
1787 2583 1983 2634 anime

284 2672 493 2733 vestrae,
532 2667 586 2720 id
616 2675 697 2721 est
738 2667 874 2721 huic
904 2666 1011 2735 piae
1042 2666 1392 2721 animositati
1424 2674 1644 2734 vestrae,
1681 2681 1799 2737 qua
1828 2667 1982 2723 desi-

286 2755 513 2809 derium
541 2762 751 2808 sauctze
798 2754 1250 2809 conversationis
1293 2754 1605 2822 aspirastis,
1646 2763 1773 2810 uta
1818 2769 1979 2825 pres-

287 2843 440 2897 suris
496 2841 818 2896 forensibus
872 2842 1093 2896 foveam
1154 2843 1439 2907 animum,
1507 2843 1695 2897 audite
1749 2859 1848 2910 me,
1909 2843 1980 2899 ad
2021 2879 2061 2934 Ο

289 2944 479 2986 meum
537 2929 923 2998 obtemperate
974 2928 1303 2998 imperiutn,
1354 2936 1405 2985 et
1461 2931 1777 2986 intercedite
1832 2932 1983 3001 apud

286 3021 530 3088 Ephron,
564 3019 615 3074 id
669 3026 754 3073 est
810 3018 960 3087 agite
1018 3033 1150 3073 cum
1183 3017 1390 3075 affectu
1443 3027 1648 3087 vestro,
1693 3020 1794 3090 qui
1852 3028 1980 3075 tan-

289 3122 465 3176 quam
526 3106 714 3176 pulvis
771 3106 990 3183 inutilis
1048 3106 1332 3175 superbite
1367 3116 1531 3163 vento
1561 3124 1595 3162 a
1642 3108 1783 3163 facie
1812 3115 1979 3164 terrae

291 3195 606 3264 projicitur,
663 3202 952 3264 quatenus
1010 3196 1099 3249 det
1145 3195 1284 3249 mihi
1337 3197 1645 3263 speluncam
1690 3196 1978 3265 duplicem,

290 3283 579 3352 permittat
638 3283 848 3338 scilicet
904 3284 1161 3339 obtinere
1210 3285 1624 3353 sensualitatis,
1678 3292 1733 3339 et
1786 3284 1981 3355 imagi-

286 3372 535 3427 nationis
574 3372 859 3442 geminam
915 3386 1149 3427 caveam
1204 3372 1362 3426 ferali
1405 3373 1659 3442 quadam
1699 3373 1979 3443 [aviditate

287 3460 457 3514 rebus
489 3460 771 3528 corporeis
804 3458 1135 3527 inhiantem,
1190 3460 1408 3515 nullius
1446 3460 1764 3529 spiritualis
1800 3462 1978 3516 scien-

288 3549 376 3603 tize
431 3561 718 3616 capacem.
782 3547 1017 3615 Ephron
1076 3555 1267 3601 autem
1336 3548 1747 3617 interpretatur
1794 3550 1975 3617 pulvis

282 3637 512 3701 inutilis,
546 3635 604 3689 in
646 3650 762 3705 quo
803 3634 1043 3690 allectus
1084 3636 1386 3690 instabilis.
1419 3638 1471 3691 Is
1499 3646 1581 3692 est
1625 3639 1685 3689 in
1735 3643 1977 3692 extrema

280 3731 438 3793 parte
486 3726 629 3791 agri,
681 3724 737 3778 in
786 3723 875 3778 his
908 3724 1113 3793 utique
1146 3739 1277 3793 quae
1306 3726 1668 3782 extrinsecus
1712 3727 1976 3796 adjacent

281 3813 523 3881 corpori.
567 3816 721 3882 Ager
767 3820 961 3868 autem
1004 3826 1215 3881 corpus
1257 3821 1341 3869 est
1380 3814 1758 3870 excolendum
1789 3816 1973 3871 cultro

283 3899 516 3969 ingenii.
576 3905 651 3955 Do
703 3904 751 3952 ci
817 3904 1103 3968 pecuniam
1171 3902 1414 3969 dignam,
1487 3904 1690 3957 vinum
1762 3905 1974 3960 scilicet

282 3988 443 4056 illud,
477 3990 632 4059 quod
688 3993 745 4043 in
800 3989 1047 4044 Canticis
1076 3989 1305 4053 dicitur,
1359 3989 1525 4044 dulce
1573 3991 1763 4046 dilecti
1807 3991 1972 4048 labiis

279 4078 350 4133 ad
379 4078 817 4143 ruminamlum,
846 4087 899 4132 et
930 4078 1150 4148 gutturi
1192 4078 1318 4147 ejus
1344 4092 1613 4146 saporum
1651 4082 1825 4146 (Cant.
1868 4097 1966 4146 vu,

2090 1702 2189 1763 ait,
2219 1700 2545 1764 comedunt,
2582 1706 2823 1752 matrem
2854 1710 3040 1751 suam.
3079 1697 3141 1750 In
3173 1697 3360 1750 medio
3390 1710 3521 1751 vero
3556 1697 3797 1765 Ephron

2092 1789 2329 1849 habitat.
2364 1788 2505 1856 quia
2557 1786 2765 1841 rationi
2796 1785 3047 1840 innitens
3086 1788 3279 1839 noster
3308 1783 3548 1840 alfectus
3589 1786 3796 1840 iisdem

2089 1876 2534 1946 cogitationibus
2590 1888 2657 1929 ac
2712 1874 2757 1928 si
2813 1874 2935 1928 dux
2995 1872 3209 1942 aliquis
3258 1872 3538 1927 militibus
3570 1874 3797 1928 utiliter

2082 1964 2204 2035 jam
2237 1979 2294 2020 se
2342 1965 2548 2029 munit,
2595 1970 2650 2018 et
2679 1963 2976 2031 constipat.
3005 1962 3240 2030 Ephron
3267 1962 3517 2016 Abrahae
3549 1976 3794 2031 respon-

2088 2054 2190 2119 dit,
2240 2068 2373 2109 cum
2407 2052 2644 2109 alTectus
2672 2052 2911 2106 rationis
2962 2050 3179 2106 monita
3208 2058 3507 2120 gratanter
3548 2051 3790 2120 accepit.

2086 2142 2192 2209 Qui
2249 2142 2663 2212 ingrediuntur
2733 2147 2954 2209 portam
3015 2138 3264 2194 civitatis
3321 2139 3592 2205 audiunt,
3655 2154 3791 2195 cum

2088 2232 2344 2287 universi
2392 2230 2672 2285 animales
2702 2229 2879 2283 nostri
2914 2229 3178 2297 impetus,
3221 2228 3321 2297 qui
3368 2229 3628 2284 timorem
3666 2229 3789 2295 Dei,

2089 2320 2190 2390 qui
2260 2326 2419 2389 porta
2475 2319 2545 2373 ad
2597 2319 2799 2382 Deum,
2859 2325 2914 2371 et
2961 2317 3033 2371 ad
3091 2322 3194 2370 90
3247 2317 3437 2372 cordis
3491 2317 3792 2373 civitatem

2089 2407 2466 2464 redeuntibus
2515 2414 2617 2473 est,
2678 2404 3085 2474 experiuntur,
3149 2403 3433 2474 proposito
3491 2405 3796 2476 religionis

2088 2496 2380 2552 obediunt.
2427 2496 2805 2563 Nequaquam,
2862 2493 2960 2559 ait,
3018 2495 3258 2559 Domine,
3296 2494 3549 2549 scientiae
3595 2508 3795 2563 opero-

2088 2585 2209 2639 sius
2240 2583 2381 2638 mihi
2412 2581 2879 2638 commendanda;
2910 2581 3339 2650 Scripturarum
3371 2581 3616 2647 insistas,
3647 2583 3794 2652 quia

2090 2673 2137 2726 si
2196 2671 2391 2727 nullus
2446 2675 2612 2735 esset,
2669 2670 2772 2739 qui
2828 2683 2917 2724 me
2957 2676 3235 2736 moneret,
3285 2683 3472 2724 sermo
3525 2669 3791 2734 divinus,

2091 2759 2249 2814 nullo
2297 2759 2464 2814 modo
2494 2766 2683 2813 tamen
2716 2757 2942 2826 tepidus
2974 2757 3212 2826 reperiri
3247 2770 3464 2826 possem
3493 2772 3634 2828 erga
3688 2759 3792 2813 Dei

2090 2846 2414 2902 voluntates
2464 2845 2881 2914 exsequendas.
2929 2844 3089 2899 Talia
3139 2845 3482 2915 cogitamus,
3533 2860 3665 2902 cum
3714 2849 3792 2903 ad

2093 2941 2316 3004 tempus
2378 2932 2661 3002 spirituali
2711 2931 2987 2987 desiderio
3031 2930 3406 2987 aifectualiter
3454 2932 3792 2989 inﬂamma-

2092 3037 2243 3078 mur.
2315 3023 2477 3077 Unde
2522 3021 2789 3076 additur:
2850 3022 3114 3075 Ausculta
3180 3020 3325 3089 quod
3378 3024 3588 3090 loquor,
3645 3023 3792 3092 quia

2090 3111 2272 3167 multo
2317 3111 2595 3179 ampliora
2642 3110 2903 3178 proponit
2937 3108 3262 3180 aliquoties,
3304 3110 3447 3165 dum
3476 3111 3547 3166 ad
3582 3111 3789 3167 horam

2088 3199 2306 3254 novitia
2336 3199 2517 3253 fervet
2574 3195 2816 3261 affectio,
2853 3210 3031 3266 quam
3084 3196 3220 3252 velit
3257 3197 3494 3268 aggredi
3541 3199 3789 3269 spiritus

2089 3288 2267 3357 hujus
2313 3286 2503 3341 nimiae
2550 3285 2864 3340 alacritatis
2892 3286 3236 3340 moderator.
3292 3287 3525 3354 Agrum,
3566 3287 3785 3357 inquit,

2086 3373 2341 3442 corporis
2397 3380 2493 3427 tuo
2543 3370 3014 3442 irrefragabiliter
3085 3371 3203 3441 juri
3265 3373 3588 3443 subjiciam,
3647 3389 3785 3430 sen-

2087 3460 2388 3525 sualitatis,
2448 3474 2516 3515 ac
2569 3459 3002 3530 imaginalitatis
3031 3461 3321 3530 geminam
3374 3463 3781 3531 capacitatem,

2084 3552 2394 3619 speluncam
2447 3548 2648 3618 utique
2701 3547 2987 3617 duplicem
3037 3550 3351 3605 attribuam
3396 3549 3787 3618 praesentibus

2087 3638 2238 3703 filiis,
2296 3637 2352 3692 id
2403 3644 2488 3692 est
2538 3636 3001 3707 cogitationibus,
3049 3652 3165 3692 non
3215 3638 3335 3707 jam
3392 3638 3465 3693 ab
3521 3639 3785 3695 interiori

2084 3741 2191 3783 sua
2243 3726 2563 3782 oberrando
2606 3739 2747 3781 cura
2794 3726 3043 3793 remotis,
3076 3727 3175 3782 sed
3223 3727 3296 3782 ad
3329 3727 3492 3797 pium
3522 3727 3784 3784 officium

2085 3815 2406 3872 astantibus
2433 3822 2489 3870 et
2518 3814 2757 3870 devotis.

2155 3904 2326 3961 Vens.
2373 3906 2457 3968 l2,
2493 3906 2577 3967 l3,
2617 3904 2697 3970 14,
2749 3905 2832 3957 15.
2874 3934 2942 3942 -
2980 3904 3246 3958 Adoravit
3273 3905 3557 3960 Abraham
3593 3921 3785 3960 coram

2077 3992 2281 4062 populo
2320 3997 2495 4056 terra,
2545 3996 2594 4044 et
2627 3992 2834 4046 locutus
2881 3997 2961 4046 est
3004 3992 3080 4045 ad
3121 3993 3344 4061 Ephron
3393 3996 3786 4050 circumstante

2079 4082 2265 4150 plebe:
2319 4082 2508 4146 Quaeso
2563 4084 2624 4133 ut
2687 4079 2886 4133 audias
2952 4096 3074 4146 me;
3124 4081 3265 4135 dabo
3320 4088 3606 4151 pecuniam
3675 4099 3784 4152 pro

277 4166 355 4234 9),
387 4167 683 4221 scientiam
729 4166 926 4235 utique
971 4164 1400 4233 Scripturarum
1450 4166 1605 4220 omni
1653 4167 1967 4237 diligentia,
2011 4179 2055 4231 1)
2085 4183 2237 4235 agro,
2279 4170 2489 4236 suscipe
2525 4182 2661 4232 eam,
2703 4171 2754 4219 et
2797 4168 2875 4220 sic
2905 4169 3162 4235 sepeliam
3201 4173 3472 4222 mortuum
3504 4184 3679 4223 meum
3715 4172 3784 4224 in

276 4263 333 4309 et
389 4254 754 4309 meditatione
800 4253 1038 4324 dignam
1075 4253 1124 4308 ei
1178 4253 1537 4309 administro.
1575 4255 1721 4309 Huic
1766 4258 1972 4325 spretis

275 4343 656 4398 saecularibus
706 4341 881 4405 curis,
933 4342 1352 4411 multiplicibus
1399 4343 1734 4399 interiorum
1789 4360 1968 4416 nego-

272 4433 486 4487 tiorum
546 4430 998 4499 impensionibus
1051 4432 1518 4500 augmentandaa,
1577 4441 1631 4488 et
1663 4434 1777 4489 huc
1812 4435 1970 4490 illuc-

274 4534 386 4590 que
423 4535 538 4575 non
564 4519 928 4585 continendo,
961 4520 1055 4575 sed
1086 4520 1377 4589 erogando
1418 4520 1749 4590 dilatandae,
1779 4522 1967 4578 inten-

271 4608 407 4663 dere
464 4615 857 4677 opportunum
931 4622 1154 4676 semper
1205 4615 1288 4662 est
1339 4616 1395 4663 et
1460 4609 1691 4665 salubre
1738 4610 1965 4667 aiiectui

271 4705 481 4752 nostro.
519 4700 709 4753 Coram
756 4697 905 4750 vobis
953 4713 1071 4750 eam
1096 4698 1238 4750 mihi
1268 4698 1456 4750 tradat
1493 4701 1551 4751 in
1582 4702 1965 4767 possessionem

266 4786 528 4854 sepulcri,
588 4785 849 4841 videlicet
904 4800 1037 4840 cum
1090 4800 1266 4841 sacrae
1318 4787 1544 4857 paginae
1601 4789 1898 4856 pecuniam
1932 4803 1966 4844 a

268 4889 358 4929 me
388 4875 704 4930 curandam
748 4874 1329 4944 pertractandamque
1377 4876 1709 4945 susceperit,
1764 4884 1826 4932 ut
1871 4878 1966 4932 in—

267 4963 576 5018 terioribus
633 4963 810 5019 lucris
855 4963 1103 5029 studeat,
1135 4978 1269 5019 cum
1324 4965 1396 5019 ab
1435 4964 1819 5020 exterioribus
1860 4980 1963 5021 va-

265 5065 394 5106 care
470 5052 719 5120 cmpcrit,
798 5050 918 5120 ipse
992 5051 1279 5121 appetitus
1351 5052 1640 5121 quondam
1714 5054 1964 5110 carnalis

262 5140 401 5192 mihi
460 5156 577 5193 eam
626 5139 832 5204 tradat,
894 5140 1035 5195 mibi
1075 5141 1288 5196 scilicet
1342 5140 1552 5196 habere
1583 5141 1794 5196 volenti
1834 5157 1961 5211 spe-

262 5228 478 5281 luncam
532 5227 804 5296 duplicem
855 5229 1191 5285 nullatenus
1235 5229 1608 5295 contradicat,
1641 5246 1821 5284 coram
1867 5247 1959 5285 υο-

263 5315 347 5368 bis
385 5315 727 5371 assentiente
778 5316 981 5386 utique
1043 5317 1318 5372 universo
1373 5323 1535 5371 motu
1577 5317 1956 5387 cogitationis,

258 5405 317 5455 in
340 5404 723 5470 possessionem
754 5405 1011 5473 sepulcri,
1045 5411 1108 5459 ut
1138 5404 1303 5459 liceat
1343 5403 1401 5458 in
1447 5411 1571 5458 tuto
1616 5418 1957 5461 conservare

2079 4272 2156 4310 eo.
2186 4255 2488 4325 Respondit
2521 4256 2785 4324 Ephron:
2821 4255 3047 4309 Domine
3077 4257 3172 4321 mi,
3205 4256 3360 4309 audi.
3403 4257 3574 4311 Terra
3607 4273 3780 4327 quam

2075 4346 2321 4414 postulas
2367 4343 2786 4416 quadringentis
2835 4347 3052 4410 argenti
3089 4345 3240 4399 siclis
3288 4345 3460 4411 valet;
3500 4347 3654 4402 istud
3696 4354 3782 4401 est

2072 4431 2311 4502 pretium
2350 4435 2493 4486 inter
2524 4448 2625 4497 me,
2671 4436 2722 4485 et
2749 4436 2818 4497 te,
2869 4432 2964 4485 sed
2994 4438 3259 4499 quantum
3300 4434 3543 4488 esthoc?
3590 4435 3782 4503 Sepeli

2074 4526 2345 4575 mortuum
2376 4526 2546 4575 tuum.
2589 4520 2877 4573 Abraham
2921 4536 3101 4575 coram
3126 4521 3325 4590 populo
3357 4527 3513 4576 terra:
3543 4522 3774 4589 adorat,

2074 4624 2209 4666 cum
2265 4608 2676 4679 cogitationum
2713 4608 2885 4665 turba
2916 4623 2951 4664 a
2996 4622 3104 4666 sua
3131 4610 3485 4679 dispersione
3516 4625 3775 4680 reversa,

2073 4705 2129 4753 et
2157 4698 2229 4752 ad
2278 4711 2463 4752 unum
2489 4703 2703 4763 coacta,
2735 4704 2790 4752 et
2819 4697 3242 4766 quodammodo
3290 4698 3399 4754 sibi
3431 4698 3537 4768 ipsi
3575 4713 3775 4756 coram

2074 4785 2240 4848 facta,
2276 4800 2447 4855 penes
2495 4786 2675 4841 Deum
2705 4785 2852 4841 ratio
2889 4801 3009 4842 sese
3052 4787 3337 4842 humiliat.
3392 4788 3551 4844 Unde
3578 4795 3634 4844 et
3664 4804 3777 4859 po-

2072 4874 2249 4943 pulus
2317 4882 2482 4930 terrae
2535 4874 2768 4943 dicitur,
2837 4888 2969 4931 cum
3027 4876 3385 4946 cogitatuum
3439 4884 3777 4935 nostrorum

2072 4962 2359 5018 mobilitas
2416 4962 2485 5017 ad
2544 4962 2781 5018 modum
2835 4970 3002 5018 terra;
3056 4963 3401 5034 aliquandiu
3457 4964 3772 5035 stabiliter,

2069 5058 2126 5105 et
2178 5050 2299 5106 haec
2359 5049 2515 5119 plebs
2562 5050 2921 5117 circumstat,
2974 5052 3110 5108 dum
3172 5054 3463 5110 Abraham
3526 5055 3771 5125 Ephron

2070 5136 2348 5208 loquitur,
2407 5139 2548 5209 quia
2604 5139 2872 5210 cogitatio
2924 5141 2983 5195 in
3031 5155 3152 5197 suae
3190 5141 3416 5199 fervore
3450 5143 3775 5200 devotionis

2069 5228 2380 5284 constituta
2417 5228 2743 5294 circumest,
2795 5229 2936 5285 dum
2964 5243 3072 5285 sua
3102 5229 3307 5286 intima
3339 5231 3598 5301 undique
3628 5246 3772 5302 pro-

2067 5316 2193 5372 vide
2241 5317 2450 5383 munit,
2485 5332 2592 5373 nec
2640 5332 2698 5373 se
2748 5332 2781 5372 a
2839 5318 3076 5374 rationis
3119 5321 3353 5377 oraculo
3391 5321 3613 5389 dividit,
3654 5330 3771 5379 stat

2066 5419 2321 5475 quoque,
2375 5406 2516 5462 dum
2563 5407 2636 5462 ad
2683 5406 2969 5477 quoslibet
3000 5407 3277 5465 vitiorum
3307 5409 3563 5466 assultus
3590 5409 3764 5480 spiri-
