3902 6054
109 275 205 326 17⁸7

1334 273 1698 330 ΜΟΒΑΕΙΗΜ
1740 275 1806 330 IN
1847 249 2144 334 Genusus
2185 277 2316 334 LIB.
2361 278 2446 332 v1.

3523 289 3620 340 I78

102 410 184 462 tui
241 409 478 464 obedire
516 416 571 464 et
608 417 826 464 certare
890 417 1089 479 parata
1141 409 1418 466 consistit.
1467 411 1567 466 Est
1617 413 1787 478 enim,
1829 415 1984 470 Aest
2017 415 2274 471 omnium
2308 417 2590 471 veritatis.
2651 417 2734 471 Ad
2795 417 2947 472 hanc
2979 425 3096 474 tota
3145 419 3258 476 Lex
3297 423 3524 492 pendet,
3560 433 3616 480 et

97 497 277 564 quasi
332 497 630 566 proprium
667 504 819 552 stare
874 496 1156 552 certantis.
1190 497 1398 563 Quaeso,
1454 500 1551 564 ait,
1605 515 1676 554 ne
1710 510 1808 555 tuo

98 585 386 640 moderno
433 585 610 640 calori
661 585 910 642 nimium
983 585 1143 652 ﬁdas,
1204 601 1421 655 precor,
1473 588 1691 652 audias,
1751 588 1806 644 id

93 680 181 728 est
211 673 436 729 discere
465 687 538 729 ne
595 687 825 737 renuas,
870 673 1036 730 velox
1067 674 1138 729 ad
1184 674 1536 732 audiendum
1569 676 1802 744 existas,

94 761 224 816 sine
257 761 576 832 Scriptura
605 761 948 818 documento
978 762 1060 818 nil
1083 777 1244 832 posse
1276 772 1326 820 te
1357 764 1540 820 facere
1583 765 1804 831 credas,

95 849 256 905 hanc
286 864 430 921 ergo
460 865 564 920 pro
603 865 746 922 agro
775 851 1052 922 excipias,
1107 859 1170 908 ut
1214 866 1328 908 non
1361 853 1419 908 in
1471 853 1702 924 agresti,
1739 868 1805 910 ac

90 938 278 994 sterili
341 939 598 1008 corporis
658 940 844 1002 cultu,
891 940 988 996 sed
1049 941 1119 996 de
1173 941 1494 1012 spiritualis
1544 943 1803 1012 pecunia

91 1027 413 1096 gratuleris
445 1036 740 1098 provectu.
773 1028 974 1096 Siclus,
1011 1029 1186 1099 juxta
1215 1031 1369 1100 quod
1426 1031 1656 1100 legitur,
1709 1031 1802 1085 vi-

92 1115 240 1184 ginti
274 1116 470 1171 obolos
515 1117 716 1186 habet;
751 1117 956 1173 obolus
987 1132 1124 1174 vero
1175 1133 1209 1173 a
1247 1117 1626 1175 similitudine
1653 1121 1798 1176 obeli

92 1204 332 1272 dicitur,
360 1207 514 1276 quod
545 1214 629 1262 est
660 1207 904 1277 sagitta;
939 1207 1158 1262 Siculus
1187 1222 1324 1277 ergo
1371 1207 1579 1279 viginti
1608 1209 1802 1265 obolos

92 1292 418 1360 continens,
449 1307 614 1349 sacra
637 1295 964 1365 paginaest,
995 1310 1127 1364 qua
1148 1295 1494 1366 Decalogum
1526 1297 1791 1352 scientia.

91 1387 143 1435 et
165 1379 501 1446 denarium,
535 1381 595 1437 id
619 1389 702 1438 est
749 1381 1147 1452 perfectionem
1177 1383 1342 1438 nobis
1371 1385 1632 1454 proponit
1669 1400 1799 1454 ope-

91 1469 339 1526 rationis
374 1471 556 1539 hona,
618 1471 834 1541 quibus
879 1471 1045 1541 quasi
1081 1471 1306 1542 sagittis
1336 1473 1474 1528 vitia
1509 1473 1798 1530 feriuntur

89 1559 325 1626 anima,
364 1559 570 1629 hisque
599 1573 835 1616 rursum
900 1573 1060 1615 mens
1115 1561 1378 1632 tangitur
1427 1562 1796 1619 vulneranda

87 1647 394 1702 charitate.
445 1646 788 1702 Vicenarius
849 1648 1000 1703 enim
1053 1647 1141 1704 bis
1211 1648 1517 1705 denarium
1571 1651 1788 1708 ’habet.

85 1735 235 1798 Quia
277 1742 475 1792 autem
529 1735 940 1806 quadringenti
990 1743 1430 1806 quatercentum
1479 1739 1788 1808 continent,

85 1832 139 1879 et
177 1833 444 1894 quatuor
492 1824 811 1896 Evangelia
873 1826 1092 1881 mundo
1146 1827 1579 1894 abrenuntiare,
1636 1829 1792 1900 quod

87 1914 408 1983 perfectum
455 1921 558 1981 est,
612 1915 870 1979 edocent,
926 1916 1026 1984 qui
1082 1915 1354 1984 plenaria
1403 1917 1678 1981 scientia,
1737 1925 1793 1974 et

87 2003 336 2058 actionis
401 2003 639 2073 integra
691 2003 979 2072 denarios,
1031 2005 1086 2060 id
1145 2013 1229 2061 est
1273 2005 1647 2075 perfectiones
1701 2007 1792 2062 ha-

87 2091 221 2146 bent
273 2105 350 2146 ex
403 2090 713 2160 Scriptura
771 2090 972 2162 legalis
1029 2092 1392 2160 documento,
1429 2093 1790 2162 perfectionis

87 2179 492 2235 centenarium
528 2187 926 2248 assequuntur
953 2195 1024 2236 ex
1057 2189 1312 2250 quatuor
1339 2182 1789 2252 Evangeliorum

89 2267 278 2332 dictis,
332 2268 548 2338 seipsos
634 2268 997 2339 abnegando.
1085 2269 1443 2326 Adolescenti
1512 2285 1784 2340 namque,

88 2357 184 2426 qui
218 2356 408 2426 legem
448 2370 482 2411 a
530 2357 802 2426 primavo
851 2356 1217 2424 custodierat,
1266 2358 1482 2414 dicitur
1524 2373 1556 2412 a
1589 2360 1788 2415 Domi-

89 2459 178 2508 no,
217 2453 285 2500 ut
325 2445 374 2499 si
404 2445 542 2500 velit
584 2445 871 2513 perfectus
910 2459 1050 2512 esse,
1099 2460 1230 2514 qua
1277 2446 1523 2516 possidet
1577 2449 1788 2504 vendat

87 2533 307 2598 (Matth.
371 2547 488 2597 χιχ,
542 2532 660 2601 2t).
695 2533 1042 2603 Decalogum
1074 2533 1374 2590 exterioris
1403 2535 1784 2592 observantia

84 2621 431 2686 attenderat,
465 2628 521 2676 et
578 2621 701 2676 ideo
759 2620 1159 2678 intellectualis
1215 2623 1475 2694 Decalogi
1527 2639 1658 2680 eum
1694 2639 1786 2680 sa-

84 2709 227 2777 gitta
258 2723 376 2764 non
408 2708 696 2764 vulnerat.

151 2797 323 2852 Valet
379 2811 514 2867 ergo
545 2802 692 2850 terra
751 2797 1002 2868 corporis
1032 2799 1211 2854 nostri
1256 2799 1676 2869 quadringentis
1705 2804 1783 2856 si-

84 2887 202 2951 ctis,
245 2884 390 2955 quia
427 2885 508 2940 nil
541 2885 768 2954 stabile,
823 2895 1114 2954 constans,
1165 2895 1268 2943 aut
1308 2889 1568 2946 validum
1619 2891 1678 2946 in
1727 2905 1784 2946 se

84 2974 282 3038 habet,
309 2973 421 3028 nisi
454 2982 787 3030 sanctarum
823 2973 1252 3044 Scripturarum
1285 2991 1319 3032 a
1351 2977 1620 3034 vitiorum
1652 2980 1784 3050 jure

86 3061 409 3117 redimatur
458 3062 792 3132 impendiis;
845 3063 953 3118 hoc
1019 3063 1168 3120 inter
1245 3067 1546 3134 rationem,
1593 3072 1647 3122 et
1693 3067 1783 3123 af-

85 3149 301 3206 fectum
329 3157 412 3206 est
444 3150 713 3220 pretium,
749 3151 888 3221 quia
929 3151 1154 3222 quoties
1182 3154 1506 3210 carnalium
1548 3155 1785 3212 lascivia

85 3238 414 3307 prorumpit
469 3237 806 3307 affectuum,
849 3246 904 3294 et
949 3241 1204 3310 corporis
1260 3241 1506 3298 indebite
1539 3253 1784 3314 usurpat

83 3327 154 3382 ad
205 3326 478 3383 libidines
530 3341 760 3396 agrum,
806 3328 888 3382 nil
929 3328 1168 3398 spiritus
1199 3337 1392 3386 noster
1446 3338 1786 3388 convenien-

83 3418 196 3471 tius
227 3415 388 3486 quod
417 3416 690 3485 appetitui
725 3416 918 3472 carnis
938 3426 1190 3486 opponat
1215 3418 1388 3474 habet
1420 3420 1493 3475 ad
1521 3435 1779 3489 manum,

81 3518 259 3572 quam
295 3503 605 3573 Scriptura
635 3503 1065 3560 documentum.
1101 3507 1209 3562 Sed
1237 3511 1501 3576 quantum
1534 3514 1613 3564 est
1650 3511 1783 3566 hoc?

79 3593 160 3646 Ac
189 3591 236 3646 si
270 3590 526 3646 diceret:
583 3591 734 3647 Licet
778 3591 978 3661 aliqua
1025 3593 1321 3662 quantitas
1373 3595 1784 3653 tihi'videatur

79 3679 362 3734 adversus
393 3679 649 3748 corporis
705 3679 983 3748 impetum
1039 3679 1468 3750 Scripturarum
1525 3684 1782 3740 testimo-

76 3767 190 3822 niis
221 3767 544 3832 abundare,
595 3767 852 3837 appetitu
911 3775 1101 3823 tamen
1153 3769 1222 3824 ad
1258 3769 1497 3825 rationis
1527 3778 1642 3827 tua
1669 3779 1782 3837 tar—

77 3855 325 3911 bitrium
374 3854 744 3924 complacato,
795 3855 879 3910 nil
925 3869 1203 3924 magnum
1274 3865 1378 3913 est.
1425 3859 1603 3927 Sepeli
1643 3875 1780 3930 ergo

76 3949 372 4009 mortuum,
424 3942 585 3999 bonis
631 3944 832 4014 utique
881 3943 1155 4014 operibus
1203 3953 1325 4015 tege
1377 3960 1587 4016 corpus
1649 3963 1780 4004 cor-

77 4032 408 4102 ruptivum,
441 4045 514 4086 ne
568 4045 668 4101 per
712 4032 845 4087 vita
886 4032 1277 4089 remissionem
1331 4035 1570 4104 prodeat
1625 4037 1680 4092 in
1711 4038 1782 4093 fe-

79 4129 258 4176 torem
315 4121 642 4176 criminum.
707 4121 896 4189 (Vens.
939 4121 1050 4190 l6.)
1093 4121 1269 4176 Audit
1298 4123 1405 4177 hoc
1461 4123 1776 4194 Abraham,

77 4223 210 4264 cum
271 4207 572 4264 sentientis
613 4223 744 4263 cum
807 4208 918 4264 Deo
974 4207 1404 4266 ai’fectualitatis
1443 4225 1564 4268 sua
1619 4223 1782 4284 grate

77 4297 296 4366 excipit
342 4295 818 4352 benevolentiam.
879 4299 1160 4366 Appendit
1227 4299 1532 4366 pecuniam,

77 4387 306 4453 Ephron
359 4385 751 4453 postulaverat,
813 4385 1162 4440 audientibus
1216 4386 1353 4451 ﬁliis
1420 4389 1587 4451 Heth;
1643 4389 1782 4458 quia

81 4471 352 4542 proponit
385 4471 706 4528 intellectus
735 4471 963 4528 atlectui
1014 4472 1322 4543 Scriptura
1356 4474 1572 4540 divina
1605 4476 1779 4548 justi-

79 4562 237 4626 tiam,
273 4575 395 4630 qua
436 4574 602 4616 suam
649 4560 897 4632 dirigere
928 4560 1108 4616 vitam
1139 4562 1363 4628 debeat,
1390 4570 1446 4618 et
1475 4579 1652 4634 quam
1680 4581 1782 4636 per

75 4648 466 4705 obedientiam
537 4648 786 4704 ﬁliorum
857 4649 1036 4714 Heth,
1097 4651 1456 4721 cogitatuum
1521 4653 1782 4711 videlicet

76 4745 414 4794 nostrorum
445 4737 640 4792 divino
681 4737 882 4793 timore
907 4745 1228 4803 ,tactorum,
1271 4739 1434 4810 sequi
1482 4741 1777 4798 deliberat.

76 4828 139 4880 Et
171 4827 302 4881 hac
335 4832 563 4880 moneta
617 4824 849 4894 publica
875 4833 980 4890 est,
1039 4833 1094 4882 et
1146 4827 1404 4895 probata,
1453 4828 1594 4898 quia
1634 4829 1781 4885 nulli

79 4915 182 4970 nisi
215 4914 426 4969 insano
469 4913 528 4968 in
554 4912 796 4969 dubium
848 4915 1093 4970 veniunt
1123 4928 1300 4970 sacra
1339 4915 1566 4986 pagina
1611 4917 1781 4973 insti-

81 5011 220 5058 tuta.
279 5001 507 5055 Iudicia
549 5002 701 5057 enim
757 5004 975 5057 Domini
1005 5019 1132 5056 vera
1155 5005 1465 5072 justiﬁcata
1512 5007 1570 5058 in
1599 5011 1779 5060 semet-

83 5095 198 5160 ipsa
229 5090 403 5161 (Psal.
438 5103 599 5154 xvnt,
635 5092 737 5160 l0).
782 5091 1006 5146 Moneta
1029 5091 1296 5161 quadam
1327 5092 1528 5158 est,lex
1559 5093 1778 5159 divina,

84 5179 178 5235 ubi
213 5191 514 5245 mensura,
561 5193 821 5247 numero,
845 5187 901 5235 et
933 5180 1184 5250 pondere
1206 5181 1401 5236 omnia
1432 5182 1582 5236 Deus
1618 5181 1778 5238 insti-

85 5269 206 5335 tuit,
260 5279 576 5323 numerum
625 5266 860 5336 quidem
929 5267 1301 5324 consiliorum
1361 5269 1775 5340 universitatis,

87 5368 418 5412 mensuram
477 5354 740 5410 omnium
769 5369 870 5425 per
899 5356 1149 5426 singula.
1195 5364 1250 5412 et
1296 5371 1396 5426 per
1423 5357 1617 5412 omnia
1667 5358 1781 5414 sin-

89 5445 352 5514 gulorum
389 5443 1019 5513 contemperabilitatis,
1069 5445 1300 5514 pondus
1355 5445 1510 5516 quod
1560 5460 1595 5500 a
1645 5463 1780 5516 pen-

91 5533 254 5588 dendo
285 5531 506 5588 dicitur
547 5531 620 5587 ad
659 5532 1201 5604 contemplationem
1251 5533 1406 5590 illius
1461 5548 1594 5604 qua
1650 5534 1780 5590 linis

1605 4316 1768 4368 quam
1807 4305 1852 4358 D
1882 4305 2246 4368 peccatorum
2290 4297 2678 4364 confessionis,

1919 505 2208 574 propheta
2238 504 2455 575 (Matth.
2485 519 2623 566 χχιι,
2673 505 2794 573 40);
2837 505 3068 575 publica
3105 516 3294 565 autem
3332 518 3435 576 est,
3479 513 3620 582 quia

1917 591 2180 656 rudibus,
2213 599 2268 648 et
2313 593 2476 662 quasi
2513 593 2760 661 publicis
2804 593 3050 665 ingeniis
3109 597 3458 652 naturaliter
3497 598 3615 653 sin-

1913 679 2120 736 ceritas
2169 680 2406 750 justitia
2467 681 2870 751 cognoscibilis
2945 697 3065 737 esse
3114 691 3314 752 potest,
3375 686 3618 754 probata

1913 781 2069 835 vero,
2105 769 2244 838 quia
2295 768 2415 824 sine
2445 769 2704 824 externis
2729 773 3090 840 argumentis
3119 771 3324 839 elucet,
3361 788 3428 828 ac
3471 789 3612 843 pra-

1913 855 2091 912 minet
2112 871 2213 926 per
2242 857 2484 926 seipsam
2529 860 2643 926 ipsa
2676 858 2988 926 Scriptura
3017 874 3195 915 sacra
3227 863 3468 930 puritas.

1984 945 2152 1001 Vens.
2231 946 2315 1011 l7,
2380 949 2459 1003 l8.
2530 949 2614 1000 l9.
2675 977 2742 985 -—-
2796 947 3270 1018 Conﬁrmatusque
3325 955 3402 1004 est
3482 965 3613 1016 ager

1910 1033 2183 1102 quondam
2228 1033 2530 1101 Ephornis,
2562 1036 2621 1088 in
2659 1050 2764 1102 quo
2797 1038 2916 1087 erat
2961 1037 3216 1104 Spelunca
3269 1037 3474 1106 duplex
3515 1055 3600 1092 re-

1907 1123 2140 1190 spiciens
2193 1123 2407 1184 Manre,
2443 1126 2553 1176 tam
2613 1125 2728 1192 ipse
2781 1139 2944 1190 quam
3003 1125 3278 1192 spelunca,
3329 1133 3380 1179 et
3429 1142 3608 1181 omnes

1907 1210 2124 1264 arbores
2167 1211 2284 1279 ejus
2325 1215 2415 1264 9|
2469 1213 2526 1264 in
2582 1213 2787 1264 cunctis
2847 1214 3089 1266 terminis
3151 1229 3252 1282 per
3295 1217 3606 1280 circuitum,

1905 1299 2150 1353 Abrahae
2212 1301 2273 1353 in
2317 1301 2702 1368 possessionem
2787 1300 3097 1354 videntibus
3160 1303 3290 1370 ﬁliis
3340 1305 3500 1364 Heth,
3557 1310 3607 1358 et

1905 1389 2109 1441 cunctis
2142 1389 2240 1455 qui
2277 1387 2563 1442 intrabant
2586 1393 2806 1456 portam
2835 1389 3094 1442 civitatis.
3139 1393 3326 1458 Atque
3351 1394 3432 1444 ita
3462 1407 3605 1461 sepe-

1905 1475 2027 1528 livit
2067 1475 2355 1528 Abraham
2386 1477 2582 1530 Saram
2639 1491 2862 1529 umorem
2891 1491 3048 1530 suam
3076 1479 3135 1530 in
3159 1479 3412 1547 spelunca
3454 1483 3604 1547 agri-

1903 1563 2133 1633 duptici,
2175 1567 2272 1634 qui
2327 1565 2654 1633 resyiciebut
2712 1567 2922 1619 Manre.
2985 1567 3106 1619 Haec
3156 1570 3234 1620 est
3287 1567 3498 1621 Hebron
3546 1571 3605 1622 in

1903 1654 2052 1706 terra
2103 1654 2384 1710 Chanaan.
2459 1655 2608 1721 Ager
2691 1653 2965 1722 quondam
3021 1655 3316 1724 Ephronis,
3392 1669 3604 1726 corpus

1830 1709 1876 1765 Β
1900 1709 2123 1797 scilicet
2164 1741 2299 1796 olim
2355 1709 2652 1797 subditum
2698 1709 2978 1812 appetitui
3015 1709 3222 1809 carnis,
3261 1709 3316 1797 in
3355 1709 3475 1813 quo
3496 1709 3602 1798 21;:

1894 1831 2029 1900 ptem
2063 1831 2320 1899 spelunca
2375 1829 2765 1886 sensualitatis
2809 1843 2876 1886 ac
2930 1830 3366 1902 imaginalitatis
3423 1833 3604 1889 fervet

1901 1918 1972 1972 ad
2029 1917 2264 1972 insidias
2303 1917 2580 1984 avaritia,
2633 1933 2702 1972 ac
2749 1919 3098 1988 rapacitatis,
3161 1920 3404 1974 Abraha
3463 1936 3600 1977 con-

1901 2005 2166 2060 firmatur
2204 2008 2263 2059 in
2291 2008 2696 2074 possessionem,
2755 2006 2893 2062 dum
2929 2007 3083 2076 quod
3113 2007 3174 2062 in
3205 2008 3602 2064 conversionis

1899 2095 2061 2150 initio
2114 2107 2232 2149 non
2283 2093 2404 2149 sine
2461 2093 2722 2149 molestia
2774 2095 3214 2160 observabatur,
3286 2097 3494 2152 transit
3543 2098 3600 2152 in

1896 2182 2323 2238 delectationem
2385 2197 2489 2252 per
2536 2182 2838 2238 irremissa
2897 2182 3218 2239 devotionis
3263 2185 3594 2256 jugitatem.

1897 2271 2072 2326 Porro
2117 2285 2218 2340 per
2261 2271 2594 2340 speluncam
2637 2285 2840 2326 sensus
2907 2278 2962 2326 et
3012 2271 3294 2341 imagines
3341 2287 3455 2327 non
3503 2273 3594 2327 in-

1894 2359 2131 2414 concine
2184 2358 2526 2428 accepimus,
2597 2358 2736 2428 quia
2799 2357 2882 2412 uti
2944 2357 3046 2424 leo,
3109 2365 3285 2427 atque
3333 2357 3479 2414 latro
3537 2359 3593 2412 in

1895 2446 2116 2516 spelais
2154 2447 2326 2502 latere
2375 2445 2590 2513 didicit,
2642 2446 2715 2501 ita
2785 2444 3024 2501 affectus
3073 2445 3358 2514 corporeis
3422 2445 3596 2500 rebus

1894 2534 2146 2601 inhians,
2181 2535 2329 2589 intra
2361 2542 2415 2589 et
2459 2543 2625 2590 extra
2670 2534 2908 2604 prafata
2951 2535 3066 2589 duo
3105 2533 3203 2589 illa
3233 2547 3299 2590 ac
3339 2535 3386 2588 si
3418 2547 3599 2603 quas-

1893 2622 2027 2678 dam
2081 2621 2466 2678 concavitates
2525 2622 2759 2677 obsidet.
2819 2621 2940 2676 Non
2999 2621 3152 2676 enim
3236 2621 3350 2676 alia
3419 2635 3594 2690 quam

1893 2711 2210 2779 corporalia
2261 2717 2508 2775 norunt;
2548 2709 2683 2765 hinc
2731 2709 2823 2764 ille
2878 2709 3195 2780 egreditur,
3252 2717 3316 2764 ut
3377 2723 3597 2764 concu-

1892 2798 2090 2868 piscat,
2151 2812 2252 2868 per
2283 2799 2404 2854 hac
2451 2799 2522 2854 ad
2577 2797 2740 2852 illum
2775 2796 3084 2865 corporalis
3137 2797 3312 2852 libido
3343 2797 3594 2867 ingredi-

1890 2895 2009 2954 tur,
2037 2897 2098 2944 ut
2135 2891 2431 2958 suggerat.
2479 2888 2785 2956 Postquam
2819 2887 3074 2954 corporis
3103 2886 3384 2956 fragilitas
3413 2885 3592 2940 animi

1892 2975 2107 3031 virtute
2147 2976 2434 3042 ﬁrmatur,
2481 2975 2678 3030 Manre
2735 2974 2892 3044 quod
2935 2973 3347 3043 interpretatur
3375 2975 3596 3028 divisio-

1891 3079 2004 3127 nes,
2037 3064 2126 3118 vel
2169 3065 2482 3132 perspicua,
2533 3061 2777 3131 respicit,
2824 3062 2963 3132 quia
3011 3071 3316 3132 postquam
3366 3076 3527 3117 mens
3557 3077 3590 3116 a

1893 3152 2163 3208 vitiorum
2205 3165 2264 3206 se
2309 3151 2479 3206 ﬂuxu
2527 3150 2842 3220 restringit,
2901 3150 3361 3220 perspicuitatem
3438 3149 3593 3205 divi-

1891 3241 2088 3304 sionis,
2123 3241 2176 3295 id
2221 3247 2306 3295 est
2363 3239 2722 3294 discretionis
2769 3239 3031 3308 attingit;
3086 3239 3203 3308 ipse
3253 3253 3390 3309 ergo
3432 3253 3587 3308 ager,

1889 3337 1944 3385 et
1975 3328 2269 3397 spelunca,
2305 3336 2369 3383 ut
2407 3326 2812 3396 praemisimus,
2849 3327 3072 3381 interno
3117 3327 3314 3396 vigore
3365 3327 3594 3382 ﬁrman-

1893 3424 2006 3484 tur,
2082 3417 2179 3472 sed
2229 3424 2284 3471 et
2337 3416 2554 3470 arbores
2618 3418 2677 3470 in
2722 3417 2931 3469 cunctis
2976 3417 3242 3482 terminis,
3303 3415 3590 3471 universa

1889 3504 2102 3561 scilicet
2149 3503 2522 3575 cogitationes
2595 3503 2848 3559 fructum
2929 3502 3005 3573 pii
3063 3503 3268 3572 operis,
3351 3511 3404 3559 et
3455 3504 3589 3560 folia
3667 3567 3672 3586 Ι

1888 3601 2100 3648 sancta
2161 3591 2464 3648 locutionis
2517 3591 2858 3658 emittentes,
2924 3593 2977 3646 in
3033 3591 3190 3647 omni
3248 3606 3356 3648 sua
3415 3592 3590 3648 inten-

1887 3681 2062 3746 tione,
2115 3696 2247 3751 qua
2297 3681 2466 3750 quasi
2513 3681 2778 3750 quadam
2843 3678 3137 3735 ﬁnalitatis
3205 3679 3448 3748 provisio
3528 3680 3584 3733 in

1889 3769 2112 3825 cunctis
2141 3783 2272 3837 qua
2305 3769 2534 3838 agimus
2559 3767 2917 3838 dignoscitur
2939 3782 3080 3835 esse,
3118 3767 3458 3822 solidantur.

1959 3857 2086 3913 Filii
2127 3857 2270 3912 lleth
2324 3856 2540 3922 vident,
2577 3871 2708 3912 cum
2758 3855 2967 3912 talibus
2996 3855 3234 3926 negotiis
3282 3855 3585 3925 cngitatio-

1887 3959 2029 4000 num
2109 3949 2297 4000 motus
2356 3943 2460 3998 ulli
2533 3957 2648 3998 non
2706 3943 2934 4012 vident;
3011 3943 3202 3999 cuncti
3257 3942 3427 3997 etiam
3483 3943 3584 4012 qui

1883 4038 2100 4102 portam
2143 4035 2385 4087 civitatis
2456 4031 2693 4098 intrant,
2761 4045 2958 4086 omnes
3004 4031 3206 4100 utique
3255 4029 3582 4096 rationales,

1888 4121 2228 4192 imaginales
2259 4120 2552 4176 sensuales
2583 4135 2819 4190 quoque
2851 4120 3112 4188 impetus,
3161 4119 3262 4189 qui
3295 4133 3396 4188 per
3429 4119 3584 4189 ipor—

1887 4217 2002 4266 tam
2053 4209 2231 4264 divini
2283 4209 2504 4265 timoris
2543 4208 2796 4278 (initium
2837 4207 2990 4262 enim
3035 4207 3329 4278 sapientia
3381 4209 3486 4276 est)
3531 4215 3584 4263 et

2753 4296 2826 4352 ad
2879 4295 3167 4352 civitatem
3201 4295 3300 4350 Dei
3343 4311 3401 4352 se
3435 4295 3585 4351 colli-

1891 4395 2056 4458 gunt,
2092 4388 2180 4442 his
2209 4386 2563 4442 commerciis
2593 4386 2805 4441 favent.
2858 4385 3020 4441 Unde
3059 4383 3269 4440 dicitur
3303 4399 3314 4438 :
3350 4386 3583 4453 Populus

1889 4477 2027 4545 ejus,
2063 4481 2112 4529 et
2136 4491 2277 4542 oves,
2311 4478 2532 4530 introite
2581 4481 2770 4543 portas
2800 4475 2916 4542 ejus
2951 4476 3010 4527 in
3039 4475 3368 4539 confessione
3407 4473 3576 4537 (Psal.

1889 4579 2042 4630 xcrx,
2073 4562 2128 4634 4)
2157 4579 2168 4616 :
2197 4563 2392 4632 sepelit
2438 4563 2633 4632 itaque
2667 4562 2950 4617 Abraham
2980 4576 3202 4614 umorem
3240 4562 3299 4613 in
3327 4561 3582 4629 spelunca

1889 4656 2033 4719 agri,
2085 4654 2182 4720 qui
2253 4651 2484 4721 respicit
2539 4654 2746 4716 Manre,
2805 4664 2938 4706 cum
2987 4657 3224 4704 auctore
3289 4647 3581 4704 intellectu

1888 4739 2248 4806 sensualitas,
2281 4754 2347 4794 ac
2405 4737 2792 4810 imaginalitas
2819 4737 3128 4806 corporalis
3173 4737 3246 4791 ad
3285 4735 3576 4790 discretio-

1890 4827 1980 4882 nis
2009 4829 2280 4882 virtutem
2331 4827 2586 4893 tendens,
2619 4834 2674 4882 et
2731 4826 2838 4880 sub
2869 4840 3008 4896 agro
3048 4824 3364 4896 spiritualis
3415 4838 3577 4880 exer-

1889 4916 2003 4972 citii
2058 4930 2118 4970 se
2167 4916 2484 4980 continens,
2531 4930 2564 4970 a
2597 4914 2918 4971 visibilium
2963 4913 3578 4976 delectationererum

1887 5019 1947 5060 se
1975 5005 2266 5066 cohibens.
2319 5003 2498 5073 ipsam
2551 5004 2722 5058 etiam
2755 5003 3042 5058 interioris
3082 5003 3330 5058 hominis
3362 4999 3579 5056 volun-

1889 5101 2060 5149 tatem
2106 5093 2278 5159 fovet,
2321 5107 2390 5147 ac
2433 5092 2612 5147 veluti
2667 5092 2817 5146 intra
2849 5093 2965 5147 duo
3011 5099 3169 5160 septa
3216 5091 3422 5146 munit.
3461 5092 3581 5144 Hac

1887 5187 1964 5236 est
1995 5181 2206 5236 chron
2247 5183 2306 5234 in
2336 5186 2482 5235 terra
2527 5183 2799 5234 Chanaan
2833 5197 2845 5234 :
2880 5180 3108 5235 Hebron
3168 5179 3582 5248 interpretatur

1887 5275 2234 5337 augmentum
2275 5271 2682 5338 sempiternum,
2735 5269 2824 5324 vel
2880 5270 3018 5322 uisio
3072 5269 3398 5336 sempiterna
3444 5267 3578 5322 dici-

1887 5367 2002 5427 tur,
2054 5361 2329 5415 Chanaan
2365 5373 2499 5414 vero
2551 5360 2904 5412 mutationem
2960 5365 3152 5426 sonat;
3185 5357 3382 5412 Manre
3413 5371 3570 5425 ergo,

1887 5447 1942 5503 id
1971 5455 2054 5503 est
2096 5447 2438 5502 discretionis
2487 5449 2850 5516 perspicuitas
2907 5445 2978 5500 ad
3039 5446 3146 5501 hoc
3191 5452 3252 5500 ut
3289 5443 3385 5500 fiat
3434 5445 3580 5500 visio

1883 5536 2248 5606 sempiterna,
2281 5543 2336 5590 et
2381 5542 2666 5606 augeatur
2711 5547 2952 5604 semper,
2994 5533 3242 5604 attingit,
3284 5546 3415 5588 cum
3446 5533 3581 5588 sub-
