3904 6066
316 293 413 344 179
1213 289 1272 340 ν.
1316 287 1646 343 GUlBER'I‘l
1689 264 1979 342 ABBATIS
2015 288 2071 341 S.
2117 286 2352 341 MARI/E
2391 285 2480 340 DE
2521 286 2910 342 NOVIGENTO

3710 291 3813 341 1250

310 420 487 477 tilitas
535 419 1055 491 dignoscendorum
1102 416 1409 487 spirituum
1444 418 1515 472 ad
1555 416 1993 486 contemplatio-
2033 421 2079 474 A
2110 423 2380 492 corporis,
2431 424 2710 479 diuturna
2742 423 2863 494 jam
2913 432 3114 479 contra
3170 425 3462 494 passiones
3499 425 3817 496 vigilantia

309 525 441 565 nem
474 524 659 579 usque
686 508 781 563 Dei
816 506 1053 577 prolicit,
1087 521 1218 576 quae
1255 506 1491 577 quidem
1519 506 1612 561 hic
1644 506 1860 576 incipit,
1901 505 1999 561 sed

311 600 383 655 ab
404 598 709 669 aenigmate
737 605 791 652 et
827 595 1057 665 speculo
1086 596 1158 650 ad
1192 594 1661 665 sempiternitatis
1714 608 2002 665 augmen-

310 697 455 754 tum,
488 687 643 757 quod
674 685 1071 755 complebitur,
1104 699 1238 740 cum
1270 685 1411 740 facie
1471 685 1543 739 ad
1583 684 1781 739 faciem
1813 684 2005 739 videre

308 776 650 845 coeperimus
681 776 740 845 (Ι
773 775 892 831 Cor.
944 789 1063 842 xm,
1107 776 1209 839 l2),
1256 774 1463 843 surgit.
1497 775 1568 829 Et
1610 774 1715 829 hoc
1758 777 1815 826 in
1856 778 2006 827 terra

308 865 575 920 Chanaan
621 862 701 929 ﬁt,
746 861 847 917 ubi
907 876 1046 918 vera
1088 863 1331 918 mutatio
1378 870 1605 917 aeternae
1652 862 2000 930 stabilitatis,

312 961 475 1009 terra:
496 951 757 1008 videlicet
784 951 1107 1007 viventium
1138 952 1217 1006 nil
1240 953 1360 1022 jam
1394 952 1577 1007 inesse
1608 952 1769 1007 nobis
1808 960 2004 1008 muta—

310 1042 419 1097 bile
441 1041 595 1095 sinit.

380 1130 553 1184 Vnns.
613 1131 702 1182 20.
754 1159 822 1167 —-
880 1130 947 1184 Et
993 1130 1343 1200 conﬁrmatus
1416 1135 1513 1196 est,
1587 1129 1796 1200 inquit,
1874 1145 2006 1199 ager

2110 512 2219 568 sub
2272 512 2529 568 dominio
2602 513 2870 579 Abrahae,
2930 512 3144 569 scilicet
3195 514 3434 568 rationis
3478 520 3532 569 et
3587 520 3817 568 antrum

2112 602 2472 657 conscientia;
2534 610 2733 656 contra
2807 602 3112 670 imperium
3169 602 3411 672 justitiaa
3474 603 3821 658 nullatenus

2114 690 2555 757 murmurantis,
2609 699 2670 746 ut
2721 690 3077 759 piss‘dcatur
3144 690 3278 760 jure
3329 692 3713 755 monumenti,
3756 699 3824 746 ut

2109 780 2328 850 jugiter
2358 780 2571 834 scilicet
2608 781 2815 834 mentis
2869 780 3200 835 itu-moriam
3258 788 3529 836 moneant
3593 781 3822 850 profes-

2114 868 2309 935 sionis,
2343 882 2519 938 quam
2546 868 2614 922 de
2645 869 2889 937 propria:
2920 869 3112 923 fecerit
3133 870 3567 925 mortiticatione
3599 870 3821 934 carnis,

2114 965 2168 1011 et
2253 963 2759 1012 recommemorent
2832 955 3104 1025 propositi

2114 1057 2321 1112 nempe
2365 1051 2420 1099 et
2467 1051 2760 1100 mortuum
2811 1044 2967 1113 tegit,
3021 1051 3077 1099 et
3114 1058 3147 1099 a
3176 1045 3436 1099 monendo
3460 1044 3821 1101 vocabulum

2116 1132 2379 1201 sumpsit.

3180 957 3267 1013 sui
3302 973 3314 1011 :
3370 965 3822 1013 monumentum

1633 1309 1934 1351 EXPLICIT
1978 1310 2175 1353 LIBER
2217 1312 2493 1355 SEXTUS.

1444 1595 1801 1669 INCIPIT
1862 1596 2148 1669 LIBER
2205 1597 2702 1673 SEPTIMUS.

1063 1805 1907 1977 MOBALIUM
2048 1795 2237 1909 IN~
2350 1806 3072 1912 GENESIM.

385 2225 485 2273 ιη
517 2218 831 2288 Septimum
853 2217 911 2273 in
932 2216 1132 2274 Genesi
1163 2216 1523 2289 aggrediens,
1546 2218 1670 2288 iDeo
1701 2215 2013 2287 aspirante,
2057 2217 2096 2270 Β
2128 2216 2338 2284 inhias,
2372 2219 2481 2274 sub
2515 2218 2893 2289 intelligentia
2941 2218 3155 2290 ingenii
3215 2219 3326 2275 mei
3352 2218 3636 2289 jdeprime,
3687 2218 3836 2290 quia

316 2316 646 2373 tractatum,
703 2307 882 2363 sancti
944 2306 1189 2375 Spiritus
1258 2305 1399 2360 mihi
1478 2305 1753 2375 deprecor
1819 2305 2017 2360 adesse

314 2396 696 2465 praesentiam,
737 2396 843 2451 hoc
890 2395 1095 2450 deinde
1142 2393 1440 2449 humiliter
1486 2407 1680 2449 meum
1741 2401 2015 2462 expostu-

315 2486 486 2541 lando
540 2485 805 2540 lectorem
857 2492 938 2547 ut,
981 2482 1025 2537 si
1085 2496 1203 2553 qua
1256 2484 1454 2538 minus
1506 2496 1684 2551 quam
1745 2481 2016 2550 competit

313 2573 560 2628 dilucide
610 2573 814 2642 posita,
850 2580 951 2627 aut
1006 2571 1444 2646 scripturarum
1495 2570 1771 2638 exemplis
1822 2570 2017 2626 minus

313 2676 491 2731 quam
537 2661 701 2716 vellet
758 2660 978 2725 fulcita,
1029 2666 1130 2713 aut
1171 2658 1351 2713 nimia
1403 2658 1682 2712 brevitate
1721 2666 2017 2713 contracta

318 2749 643 2818 perviderit,
696 2749 993 2818 indulgeat
1052 2761 1191 2802 mea;
1262 2746 1704 2801 misericorditer
1751 2747 2016 2815 novitati,

316 2836 417 2906 qui
471 2838 660 2906 potius
708 2837 765 2891 in
815 2837 921 2890 hoc
963 2849 1088 2891 meo
1153 2835 1337 2904 primo
1394 2834 1672 2903 opusculo
1739 2833 2019 2904 quidnam

316 2938 485 2993 agere
509 2938 725 2994 possem
749 2923 998 2993 experiri
1030 2923 1209 2989 volui,
1252 2930 1307 2977 et
1339 2936 1475 2977 mem
1535 2921 1715 2977 solius
1757 2921 2020 2978 utilitatis

314 3026 490 3068 causa
510 3013 717 3068 cudere
768 3011 875 3067 ista
904 3012 1196 3081 proposui,
1245 3011 1354 3065 imo
1386 3024 1500 3066 non
1533 3010 1763 3077 cudere,
1798 3010 1896 3065 sed
1946 3010 2018 3065 ad

314 3102 604 3156 memoria:
677 3101 816 3156 mihi
868 3100 1327 3170 ,reparationem,
1389 3113 1522 3154 cum
1600 3112 1667 3153 ea
1740 3098 2017 3169 relegero,

314 3189 644 3245 summatim
695 3196 931 3258 tangere
982 3186 1155 3257 cupii.
1214 3186 1388 3242 Plane
1436 3186 1620 3241 multa
1682 3186 2019 3242 testimoniis

319 3278 589 3332 roborare
613 3276 789 3345 potui,
819 3276 916 3330 sed
948 3289 1120 3330 morte
1165 3275 1468 3343 impatiens
1499 3273 1679 3329 nolui.
1739 3273 2018 3343 Septifor-

319 3364 396 3420 mi
432 3366 607 3435 igitur
636 3364 851 3434 Spiritu
882 3364 1260 3433 accingamur
1289 3363 1359 3417 ad
1392 3370 1614 3417 cratera.

920 3450 1151 3506 CAPUT
1192 3449 1405 3505 XXIV.

2127 2304 2245 2360 vim
2293 2314 2405 2361 tuae
2469 2306 2817 2377 operationis
2877 2306 2950 2362 ab
3007 2306 3229 2377 origine
3297 2307 3467 2362 debes
3524 2306 3837 2362 rationalis

2125 2404 2454 2465 exspectare
2480 2396 2749 2467 scientize,
2803 2404 2864 2451 ut
2897 2396 3056 2451 nulla
3087 2396 3188 2451 tibi
3219 2397 3504 2466 subripiat
3531 2410 3832 2466 praesum-

2128 2483 2243 2552 ptio
2274 2484 2586 2539 alacritatis
2616 2498 2817 2553 vanzc;
2855 2484 3041 2540 femur
3074 2499 3211 2540 sane
3242 2485 3369 2541 fons
3398 2485 3833 2555 quodammodo

2128 2571 2461 2641 propaginis
2483 2586 2603 2627 esse
2632 2572 3011 2642 dignoscitur,
3049 2588 3148 2642 per
3176 2574 3331 2643 quod
3364 2574 3488 2643 ipsa
3510 2574 3835 2645 intelligen-

2127 2660 2219 2715 tize
2250 2660 2409 2714 sedes
2439 2673 2552 2713 non
2588 2659 2822 2730 indigne
2859 2663 3071 2716 veritas
3100 2675 3133 2715 a
3163 2662 3328 2717 nobis
3354 2663 3656 2732 accipitur,
3692 2663 3834 2719 inde

2126 2763 2261 2818 ergo
2309 2749 2615 2818 adjuratur
2666 2748 2954 2817 appetitus
3010 2757 3202 2804 noster
3247 2767 3347 2820 per
3395 2752 3567 2804 Deum
3607 2752 3728 2805 cudi
3781 2759 3834 2805 et

2129 2842 2304 2901 terrae,
2329 2837 2466 2906 quia
2495 2850 2596 2905 per
2634 2836 2913 2891 humilem
2945 2850 3063 2907 qua
3116 2838 3342 2893 veritati
3372 2853 3613 2894 summa:
3651 2838 3834 2896 infle—

2128 2922 2302 2977 ctitur
2344 2921 2770 2991 depressionem
2822 2921 2893 2975 ad
2916 2922 3014 2991 jus
3045 2922 3564 2991 rectitudinemque
3596 2925 3833 2990 statuit,

2127 3023 2228 3078 per
2256 3009 2383 3079 ejus
2447 3009 2850 3081 cognitionem,
2908 3010 3011 3079 qui
3044 3008 3397 3066 intellectum
3430 3011 3527 3066 dat
3560 3011 3837 3081 parvulis

2130 3096 2304 3167 (Psal.
2338 3113 2533 3166 cxvm,
2586 3100 2732 3167 130),
2776 3098 2875 3167 qui
2908 3105 2991 3152 est
3033 3098 3186 3153 Deus
3232 3098 3380 3164 (εαξη,
3418 3098 3836 3155 intellectuali-

2127 3187 2261 3242 tatis
2289 3193 2518 3250 nostrze,
2552 3200 2660 3240 sua
2689 3185 2902 3241 scilicet
2940 3198 3066 3240 eam
3099 3185 3476 3241 illustratione
3508 3186 3833 3253 clariﬁans,

2125 3279 2180 3327 et
2202 3287 2304 3341 per
2332 3272 2521 3342 ipsum
2558 3274 2767 3329 cmlum
2801 3273 3027 3342 pluvias
3058 3273 3417 3329 voluntarias
3449 3288 3625 3329 sacra:
3648 3274 3828 3330 insti-

2125 3361 2364 3417 tutionis
2411 3368 2595 3428 terrae,
2656 3362 2761 3431 ipsi
2810 3362 2900 3429 pio
2947 3361 3211 3417 videlicet
3240 3362 3520 3431 appetitui
3570 3362 3832 3419 admini-

2125 3457 2335 3516 strans,
2401 3449 2632 3520 adjurat
2684 3463 2756 3505 ne
2815 3450 3058 3519 accipiat
3126 3466 3347 3504 umorem
3402 3453 3516 3520 ﬁlio
3597 3465 3703 3507 suo
3762 3454 3834 3507 de

392 3540 563 3596 Vens.
609 3542 657 3607 1,
691 3539 743 3606 9,
774 3541 827 3604 3,
861 3539 913 3592 4.
960 3567 1034 3579 -
1079 3540 1215 3592 Erat
1259 3542 1439 3591 autem
1491 3536 1777 3590 Abraham
1833 3552 2014 3603 senem,
2055 3512 2095 3566 C
2128 3512 2346 3606 ﬁliabus
2377 3512 2821 3603 Chananazorum,
2872 3512 3014 3594 inter
3055 3554 3187 3607 quos
3220 3512 3462 3605 habitat,
3497 3540 3602 3595 hoc
3629 3548 3716 3595 est
3750 3557 3829 3597 ne

322 3629 639 3697 dierumque
700 3627 1010 3693 multorum,
1082 3631 1132 3679 et
1181 3626 1443 3679 Dominus
1488 3627 1545 3678 in
1599 3627 1803 3679 cunctis
1857 3626 2018 3679 bene-

323 3717 542 3771 diwerat
580 3718 649 3770 ei.
692 3719 952 3783 Discitque
995 3715 1069 3768 ad
1114 3729 1326 3767 servum
1369 3716 1628 3767 seniorem
1658 3713 1846 3766 domus
1883 3728 2013 3779 suae,

323 3810 419 3875 qui
452 3810 685 3875 praeerat
720 3804 963 3859 omnibus
997 3819 1114 3871 quae
1140 3803 1408 3855 habebat:
1446 3803 1584 3855 Pone
1612 3817 1831 3855 manum
1865 3812 2015 3855 tuam

320 3896 504 3949 subter
538 3898 717 3961 femur
762 3910 953 3959 meum,
994 3898 1055 3945 ut
1083 3892 1332 3959 azljurcm
1383 3896 1449 3956 te,
1482 3906 1579 3959 per
1612 3894 1769 3943 Dium
1820 3891 1937 3943 caeli
1966 3895 2016 3943 et

323 3990 497 4049 terrae,
529 3989 590 4037 ut
635 3999 741 4037 non
778 3985 1015 4051 accipias
1073 3997 1292 4034 uxorem
1345 3982 1458 4047 ﬁlio
1499 3995 1609 4032 meo
1672 3979 1737 4031 de
1794 3979 2014 4047 ﬁliabus

323 4075 777 4138 Chananaeorum,
834 4074 975 4123 inter
1030 4085 1160 4139 quos
1212 4068 1447 4145 habitos
1477 4068 1571 4121 sed
1604 4067 1677 4120 ad
1712 4073 1933 4135 terram,
1965 4072 2016 4121 et

322 4162 395 4216 ad
438 4163 804 4228 cognationem
849 4173 1021 4212 meam
1075 4159 1461 4227 proﬁciscaris,
1514 4160 1565 4209 et
1612 4156 1736 4209 inde
1775 4158 2013 4225 accipias

322 4266 542 4304 uxorem
600 4249 720 4319 ﬁlio
766 4264 876 4301 meo
915 4247 1091 4302 Isaac.
1147 4246 1378 4314 Sepulta
1433 4261 1497 4299 eo
1550 4260 1666 4313 quo
1705 4244 2013 4299 adnotavi-

321 4353 451 4394 mus
478 4338 641 4392 modo
694 4335 851 4400 Sara,
888 4332 1285 4389 intellectualis
1318 4339 1509 4387 noster
1559 4333 1849 4387 Abraham
1891 4347 2011 4389 mo-

321 4440 451 4482 rum
473 4425 755 4496 gravitate
776 4423 1036 4490 senescit,
1066 4422 1499 4490 multarumque
1513 4421 1793 4476 virtutum
1811 4421 2013 4478 diebus

320 4513 571 4581 albescit,
607 4520 661 4567 et
704 4512 753 4567 ei
802 4525 1027 4566 omnem
1086 4510 1558 4576 benedictionem,
1620 4509 2010 4579 spiritualium

317 4601 581 4657 videlicet
623 4600 1036 4656 charismatum
1103 4598 1546 4668 provectionem,
1600 4597 1877 4653 Dominus
1932 4599 2014 4653 in-

319 4691 529 4747 fundit.
588 4689 644 4745 Si
703 4703 839 4759 ergo
890 4702 991 4757 per
1035 4687 1326 4742 Abraham
1377 4701 1450 4741 ex
1496 4686 1623 4756 ejus
1680 4686 2012 4756 conjectura

2130 3616 2484 3683 voluntatem
2532 3626 2754 3682 ﬂuxam
2784 3628 3103 3683 secundum
3135 3628 3418 3683 desideria
3448 3628 3832 3686 saecularium

2127 3722 2353 3769 aztcrnze
2409 3715 2795 3771 damnationis
2868 3715 3176 3771 humilitati
3234 3717 3647 3785 parandorum,
3705 3720 3831 3787 spei

2127 3803 2297 3858 semel
2350 3803 2407 3857 in
2436 3803 2643 3859 caelesti
2686 3803 2899 3874 gaudio
2932 3804 3081 3871 ﬁxae,
3116 3818 3181 3859 ac
3212 3803 3259 3859 si
3304 3804 3419 3860 ﬁlio
3453 3805 3613 3861 Isaac
3643 3806 3834 3861 admi-

2124 3898 2297 3958 sceat,
2345 3898 2409 3946 ut
2468 3891 2537 3946 de
2595 3891 2822 3947 ﬁliabus
2862 3892 3217 3948 Hierusalem
3292 3893 3364 3947 ad
3407 3893 3833 3950 Chananitidas

2125 3980 2322 4035 oculos
2379 3979 2648 4035 reflectat.
2694 3980 2873 4035 Habet
2922 3980 3075 4035 ﬁlius
3119 3995 3379 4049 uxorem,
3432 3982 3667 4051 quando
3694 3997 3833 4052 spes

2124 4068 2437 4123 caelestium
2483 4081 2518 4122 a
2574 4068 2815 4123 terrenis
2865 4068 3051 4123 elevat
3100 4069 3476 4137 voluntatem,
3537 4077 3604 4125 ut
3663 4072 3832 4140 quod

2122 4164 2310 4226 sperat
2339 4171 2455 4212 non
2474 4156 2695 4226 Everbo,
2731 4157 2829 4212 sed
2871 4171 3042 4226 opere
3069 4158 3261 4237 ‘velit;
3298 4157 3475 4212 ﬁliam
3503 4172 3641 4213 vero
3671 4157 3831 4214 Cha-

2125 4246 2438 4301 nanitidem
2486 4246 2589 4301 sibi
2637 4245 2906 4312 adnectit,
2959 4260 3089 4301 cum
3153 4246 3223 4301 ad
3276 4246 3590 4312 mollitiem,
3648 4245 3832 4303 lasci—

2125 4334 2395 4405 viamque
2450 4334 2651 4391 mundi
2696 4348 2949 4404 superna
3000 4333 3267 4390 alacritas
3316 4348 3376 4390 se
3440 4335 3703 4390 demittit.
3745 4336 3830 4393 De

2122 4424 2461 4493 cognatione
2513 4423 2760 4479 Abrahae
2809 4438 3048 4479 uxorem
3118 4424 3407 4493 accepturi
3462 4423 3535 4478 ad
3602 4431 3826 4481 terram

2125 4513 2560 4582 proﬁciscimur,
2604 4527 2736 4567 cum
2793 4513 2864 4567 ad
2896 4512 3408 4581 impassibilitatem
3435 4512 3491 4567 in
3525 4521 3825 4583 quantum

2122 4600 2387 4671 possibile
2443 4608 2527 4656 est
2575 4600 2774 4665 animi,
2828 4615 2958 4670 quae
3015 4614 3153 4656 vera
3196 4600 3477 4656 stabilitas
3533 4608 3617 4656 est
3692 4602 3825 4673 (hoc

2119 4690 2269 4745 enim
2303 4697 2455 4744 terra
2484 4688 2813 4759 signiﬁcat),
2867 4689 3291 4755 contendentes,
3333 4689 3712 4758 spiritualiter
3746 4691 3825 4746 ad

319 4778 570 4835 nominis
625 4777 945 4834 intellectus
1004 4776 1300 4844 accipitur,
1381 4775 1518 4845 quid
1590 4789 1690 4844 per
1751 4777 2010 4829 seniorem
2053 4776 2579 4851 Dconformitatem
2618 4776 2817 4831 matris
2860 4784 3067 4831 nostrae
3124 4776 3479 4831 Hierusalem
3525 4791 3823 4848 superetn-

318 4870 524 4933 domus,
561 4867 661 4937 qui
707 4872 908 4936 prmest
948 4863 1065 4919 suis
1098 4863 1385 4931 omnibus,
1426 4862 1631 4918 melius
1661 4877 1839 4932 quam
1873 4863 2014 4917 bene

319 4956 524 5027 agendi
567 4953 853 5025 appetitus
893 4952 1259 5021 exprimitur,
1298 4952 1399 5021 qui
1432 4958 1736 5021 postquam
1762 4950 2016 5019 rationis

318 5044 634 5101 maturitati
666 5042 865 5099 sedula
896 5042 1171 5097 servitute
1227 5041 1609 5106 connectitur,
1666 5039 1833 5109 quasi
1868 5053 2012 5107 pra}-

320 5134 467 5201 vins,
500 5142 554 5188 et
577 5132 849 5202 magister
868 5144 1088 5197 eorum,
1129 5145 1259 5201 quae
1293 5130 1383 5199 pie
1417 5128 1672 5199 gerimus
1694 5126 2008 5182 invenitur.

319 5223 425 5277 Per
476 5223 657 5287 femur
722 5218 1000 5285 Abrahae,
1092 5218 1559 5288 propagationem
1639 5214 2015 5285 intelligimus

316 5308 634 5379 spiritualis
676 5305 1081 5379 intelligentia),
1124 5322 1255 5377 qua:
1286 5302 1894 5379 divinis'lectionibus,
1958 5312 2014 5360 et

314 5398 542 5453 diutina
570 5397 1020 5453 conversationis
1046 5393 1401 5464 experientia
1430 5392 1706 5447 dilatatur
1727 5392 1783 5447 in
1798 5400 2006 5449 mente.

315 5488 555 5549 Manum,
607 5486 798 5555 inquit
839 5490 989 5537 tuam
1058 5482 1253 5538 femori
1318 5496 1444 5537 meo
1492 5495 1766 5550 suppone,
1820 5480 1875 5535 id
1923 5485 2009 5537 est

317 5577 583 5631 virtutem
633 5574 795 5629 bonae
838 5580 951 5627 tute
1001 5571 1313 5639 aviditatis,
1370 5584 1489 5643 qua
1527 5571 1738 5626 sanctis
1783 5570 2007 5627 actibus

2124 4866 2294 4933 lestis,
2354 4880 2485 4920 cum
2533 4879 2649 4936 qua
2707 4865 2998 4935 quondam
3053 4865 3220 4919 homo
3266 4872 3459 4921 noster
3540 4868 3822 4936 exterior,

2123 4955 2260 5009 dum
2310 4961 2459 5009 recte
2508 4954 2670 5021 vivit,
2731 4954 3164 5024 germanitatem
3219 4953 3414 5022 habet,
3487 4957 3824 5012 conversari

2123 5043 2433 5113 gestimus;
2484 5044 2636 5098 unde
2664 5042 2811 5098 sicut
2868 5042 2925 5096 in
2972 5042 3132 5105 coelo,
3176 5041 3255 5097 ita
3302 5049 3357 5097 et
3394 5042 3450 5096 in
3492 5049 3646 5098 terra
3696 5044 3826 5100 ﬁeri

2122 5132 2221 5187 Dei
2279 5132 2632 5187 voluntatem
2677 5145 2911 5187 oramus
2948 5132 3165 5197 (Matth.
3234 5146 3315 5199 γι,
3372 5134 3475 5196 l2),
3508 5145 3581 5187 ex
3612 5146 3681 5187 ea
3721 5148 3824 5188 co-

2121 5220 2392 5291 gnatione
2450 5234 2690 5275 uxorem
2750 5220 3081 5289 accipimus,
3142 5234 3275 5296 cum
3335 5220 3470 5275 moti
3533 5220 3825 5277 desiderio

2119 5308 2281 5364 beate
2312 5308 2591 5377 gvivendi,
2646 5307 2752 5378 piae
2810 5307 3125 5363 voluntatis
3181 5308 3426 5379 gratiam
3476 5309 3661 5380 magis
3686 5325 3824 5366 am-

2122 5398 2443 5468 plectimus.

2191 5485 2362 5539 Vnus.
2391 5485 2445 5551 5,
2500 5488 2549 5539 6.
2584 5514 2653 5526 -
2706 5484 3013 5553 Respondit
3043 5500 3229 5539 servus
3264 5501 3276 5539 :
3332 5487 3395 5542 Si
3423 5486 3659 5541 noluerit
3687 5504 3821 5542 mu-

2118 5574 2217 5627 lier
2274 5575 2455 5627 venire
2524 5588 2729 5627 mecum
2774 5575 2832 5626 in
2886 5578 3087 5627 terram
3148 5573 3306 5641 hanc,
3383 5590 3514 5628 num
3558 5575 3820 5634 reducere
