3902 6054
160 212 251 263 181
1245 207 1599 263 MORAIJUM
1643 209 1707 263 IN
1746 207 2069 265 GENESIN.
2104 240 2169 247 -—
2204 210 2331 264 LIB.
2376 210 2498 265 VII.

3565 214 3665 267 182

150 344 320 399 debeo
352 346 528 412 ﬁlium
568 347 718 396 tuum
777 342 850 396 ad
882 343 1052 397 locum
1080 343 1145 396 de
1167 358 1271 412 quo
1300 358 1543 410 egressus
1588 347 1681 398 es?
1706 345 1854 398 Cave
1892 344 1937 397 A
1967 342 2149 399 divini
2191 352 2276 400 est
2306 346 2555 414 seminis,
2612 346 3001 403 fortitudinem
3033 361 3152 402 suae
3182 348 3344 404 bonae
3376 348 3662 418 operatio-

151 432 357 502 inquit
418 432 736 498 Abraham,
807 447 873 484 ne
930 432 1148 499 quando
1209 432 1437 486 reducas
1504 433 1632 485 illuc
1687 434 1861 500 ﬁlium

147 537 356 575 meum.
393 522 676 591 Loquitur
720 521 1013 576 Abraham
1060 521 1131 575 ad
1162 534 1417 587 servum,
1447 533 1580 575 cum
1614 521 1758 576 ratio
1792 521 1861 576 de

150 611 496 682 quibusque
534 608 822 681 gerendiis
871 609 1139 664 informat
1190 608 1479 664 affectum.
1544 608 1861 676 Respondet

152 700 267 755 hoc
298 700 423 755 loco
467 713 672 755 servus
719 698 989 765 Abrahae,
1024 713 1155 753 cum
1208 698 1278 752 ad
1313 698 1433 752 haec
1462 711 1593 766 quae
1624 696 1861 766 spiritus

149 789 423 859 suggerit
454 787 800 858 peragenda,
851 792 950 841 93
987 786 1179 858 objicit
1208 786 1555 841 desideratos
1602 784 1857 852 effectus,

151 889 311 945 quos
340 882 507 944 putat
551 889 665 929 non
694 889 854 943 posse
884 882 1186 944 suppetere
1226 873 1508 929 voluntati
1536 888 1685 941 suae;
1726 887 1862 928 mu-

152 964 267 1019 lier
296 964 452 1018 enim
484 971 622 1018 tunc
674 977 789 1017 non
843 963 968 1018 vult
1025 961 1221 1018 venire
1278 976 1473 1018 secum
1526 962 1583 1016 in
1614 951 1858 1027 terram,

156 1067 302 1106 cum
345 1052 551 1117 mollis,
583 1059 637 1106 et
671 1051 833 1106 ﬂuxa
863 1051 1132 1121 cogitatio
1187 1050 1369 1120 magis
1427 1050 1585 1119 eligit
1616 1050 1862 1104 saecula-

162 1142 417 1196 ritatum
451 1140 680 1196 turbine
721 1140 1079 1195 circumferri
1107 1153 1281 1210 quam
1313 1139 1607 1207 consopito
1640 1138 1861 1207 passio—

154 1243 306 1283 num
343 1228 524 1283 tluctu
554 1229 625 1284 ad
658 1236 824 1283 terrae
847 1227 1279 1283 similitudinem
1314 1226 1576 1281 stabiliri.
1611 1225 1862 1281 Reduci—

155 1324 258 1372 tur
304 1316 459 1372 ﬁlius
500 1317 573 1371 ad
620 1315 810 1372 locum
857 1316 925 1371 de
970 1330 1088 1386 quo
1142 1329 1407 1385 egressus
1458 1322 1561 1380 est,
1623 1313 1859 1384 quando

152 1420 289 1475 spes
344 1413 540 1460 nostra
593 1412 824 1475 propter
854 1404 1111 1474 aliquam
1173 1402 1499 1460 temtationis
1545 1415 1749 1457 auram
1792 1402 1860 1456 de

151 1494 488 1550 caelestibus
543 1493 900 1563 desperando
930 1500 1057 1563 post
1093 1507 1152 1547 se
1192 1491 1473 1547 relabitur
1503 1491 1575 1545 ad
1646 1498 1860 1546 statum

148 1590 412 1638 veterem
467 1582 730 1639 desiderii
776 1581 1086 1645 saecularis,
1144 1581 1212 1636 de
1262 1594 1381 1651 qua
1437 1580 1571 1635 olim
1628 1593 1859 1650 egressa

150 1678 413 1741 tempore
464 1670 855 1727 conversionis
909 1678 1009 1725 est.
1064 1672 1251 1734 Quare
1289 1676 1480 1724 autem
1530 1683 1632 1738 per
1671 1668 1853 1723 ﬁlium

148 1774 316 1829 spem
347 1760 678 1829 accipimus,
740 1759 1139 1828 praediximus,
1172 1758 1311 1828 quia
1358 1772 1513 1827 spem
1550 1758 1606 1812 in
1642 1756 1776 1827 ipsis
1800 1763 1856 1812 et

150 1848 495 1919 propaginis
525 1857 580 1904 ct
610 1847 909 1903 solaminis
935 1846 1223 1916 ponimus,
1258 1848 1411 1902 unde
1435 1855 1491 1902 et
1520 1847 1685 1918 vulgi
1740 1859 1854 1901 usu

150 1951 285 2005 spes
327 1951 426 1991 eos
478 1950 767 1991 vocamus.
826 1935 985 1991 Unde
1043 1935 1337 2003 psalmus:
1374 1938 1443 1989 Et
1496 1935 1683 1988 videas
1712 1935 1853 2003 ﬁlios

146 2026 391 2091 ﬁliorum
472 2031 675 2078 tuorem
742 2025 904 2093 (Psal.
974 2038 1187 2089 cxxvu,
1249 2025 1318 2089 6),
1376 2023 1433 2078 id
1491 2031 1573 2078 est
1627 2023 1853 2078 fructus

147 2114 549 2182 sperationum
598 2121 852 2168 tuarum.
916 2112 1016 2178 Ne,
1080 2112 1290 2182 inquit,
1341 2113 1411 2166 ad
1472 2111 1851 2182 antiquarum

147 2201 463 2257 volutabra
513 2201 877 2270 voluptatum
920 2201 1034 2270 spei
1082 2216 1218 2256 meae
1271 2200 1449 2256 aciem
1489 2201 1849 2271 detorqueas,

148 2290 295 2359 quia
340 2288 533 2360 (Vens.
579 2289 635 2358 7)
684 2291 941 2344 Dominus
999 2292 1137 2343 Deus
1171 2291 1307 2355 cceli,
1342 2291 1438 2358 qui
1492 2289 1617 2342 tulit
1648 2305 1728 2342 me
1787 2289 1852 2342 de

148 2379 311 2432 domo
362 2381 545 2447 patris
582 2381 703 2445 mei,
761 2384 811 2432 et
850 2378 916 2432 de
975 2383 1121 2431 terra
1162 2380 1474 2431 nativitatis
1550 2393 1693 2443 meae,
1756 2380 1853 2445 qui

146 2467 362 2520 locutus
418 2472 496 2520 est
524 2467 663 2520 mihi
716 2470 767 2519 et
786 2466 1006 2535 juravit
1062 2466 1283 2519 dicens:
1319 2466 1524 2521 Semini
1563 2465 1669 2519 duo
1713 2464 1852 2518 dabo

146 2559 355 2608 terram
387 2555 543 2621 hanc,
579 2557 692 2624 ipse
728 2558 907 2609 mittet
962 2555 1213 2621 angelum
1260 2569 1415 2607 suum
1463 2569 1642 2607 coram
1690 2559 1758 2620 te,
1801 2559 1852 2607 et

145 2646 387 2712 accipies
434 2642 560 2696 inde
613 2659 836 2697 uxorem
890 2644 1003 2711 ﬁlio
1050 2658 1182 2696 meo.
1213 2643 1293 2697 Ac
1323 2642 1367 2697 si
1399 2642 1649 2697 diceret:
1712 2645 1850 2695 Deus

143 2734 258 2799 qui.
287 2746 380 2786 me
410 2731 781 2787 intellectuali
812 2732 938 2787 luce
991 2731 1253 2798 aediﬁcat,
1310 2731 1411 2801 qui
1462 2734 1589 2785 tulit
1649 2747 1729 2783 me
1782 2731 1851 2785 de

144 2819 503 2875 conscientia
562 2821 798 2890 peccati,
870 2834 1047 2890 quam
1102 2819 1465 2875 inbabitabat
1539 2818 1851 2874 auctoritas

1970 432 2061 489 nis
2104 435 2295 491 debita
2343 436 2618 491 servitute
2675 435 3006 506 subjungit;
3067 451 3231 505 super
3287 452 3525 491 sermone
3564 438 3658 491 hoc

1962 521 2144 589 jurat,
2178 537 2309 577 cum
2343 524 2661 579 secundum
2703 523 3023 579 intellectus
3054 525 3392 579 sententiam
3424 524 3664 579 affectus

1969 612 2146 666 nostri
2200 610 2504 666 inﬁrmitas
2555 626 2675 667 sese
2722 612 2936 683 dirigit,
2992 620 3047 667 et
3101 613 3409 667 iunormat.
3460 612 3660 680 (Vens.

1973 698 2080 768 10.)
2134 701 2359 768 Tulique
2410 700 2585 754 decem
2615 702 2838 754 camelos
2896 700 2961 753 de
3007 701 3256 769 gregibus
3308 700 3516 754 domini
3554 702 3661 767 sui,

1968 792 2019 840 et
2054 788 2194 842 abiit
2241 804 2308 842 ex
2372 790 2616 842 omnibus
2647 788 2798 842 bonis
2858 788 2972 859 ejus
3004 794 3228 857 portans
3257 804 3451 842 secum.
3531 790 3664 843 Pro-

1967 880 2245 946 fectusquc
2292 880 2541 946 perrexit
2594 876 3035 945 Mesopotamiam
3080 877 3154 929 ad
3189 877 3373 930 urbem
3426 877 3660 931 Nachor.

1969 966 2075 1022 Per
2094 967 2378 1022 camelum
2405 966 2507 1035 qui
2538 966 2815 1028 ruminat,
2845 965 2939 1020 sed
2973 965 3255 1036 ungulam
3290 980 3404 1020 non
3436 965 3661 1029 dividit,

1967 1062 2021 1112 et
2051 1055 2123 1111 ab
2156 1055 2502 1111 incurvitate
2532 1069 2656 1122 sua,
2710 1055 2855 1111 sicut
2885 1055 3166 1121 caminus,
3208 1062 3263 1109 et
3298 1067 3524 1109 camera
3576 1068 3666 1108 no-

1968 1159 2101 1200 men
2159 1145 2394 1213 accepit,
2453 1144 2572 1199 vita
2619 1143 2850 1213 quidem
2886 1158 2956 1199 ex
3007 1156 3218 1214 magna
3248 1149 3407 1213 parte
3454 1142 3666 1197 divinae

1969 1233 2109 1303 legis
2142 1233 2488 1301 praeminens
2516 1232 2883 1287 observantia
2906 1231 3268 1300 intelligitur,
3319 1230 3415 1286 sed
3472 1237 3665 1286 tamen

1968 1320 2039 1375 ob
2081 1319 2538 1374 indiscretionem
2587 1332 2773 1385 suam,
2829 1318 2967 1388 quia
3000 1319 3253 1373 necdum
3299 1318 3461 1386 plene
3519 1318 3667 1372 inter

1968 1408 2108 1463 vitia
2136 1409 2482 1477 virtutisque
2516 1407 2718 1462 dividit
2756 1420 2789 1461 a
2838 1404 3179 1475 perfectione
3211 1406 3447 1471 distans,
3499 1412 3554 1460 et
3594 1406 3665 1459 ob

1970 1497 2077 1552 hoc
2132 1511 2251 1552 sese
2306 1510 2567 1567 congrua
2622 1495 2947 1551 humilitate
3012 1493 3257 1564 propriae
3308 1492 3670 1563 indignitatis

1969 1585 2426 1641 consideratione
2469 1584 2773 1640 inclinans.
2823 1584 2928 1638 Per
2956 1584 3132 1637 decem
3162 1583 3356 1652 itaque
3416 1583 3661 1645 camelos,

1898 1644 1937 1697 Β
1967 1675 2177 1730 divinze
2207 1674 2366 1745 legis,
2418 1675 2588 1745 cujus
2643 1686 2870 1728 summa
2916 1672 3231 1742 Decalogus
3258 1678 3361 1737 est,
3411 1684 3573 1724 amor
3606 1677 3660 1724 et

1963 1763 2286 1819 retractatio
2316 1762 2518 1818 crebra
2549 1761 2847 1830 accipitur,
2901 1774 3031 1830 quae
3077 1760 3217 1814 dum
3249 1758 3417 1814 avido
3460 1758 3666 1813 mentis

1961 1866 2059 1908 ore
2085 1859 2371 1923 gustatur,
2433 1850 2582 1905 ﬁdeli
2630 1850 2757 1919 ejus
2812 1848 3199 1904 ruminatione
3243 1847 3419 1902 animi
3486 1846 3667 1901 robur

1957 1941 2225 2011 erigitur,
2264 1934 2318 1995 et
2347 1938 2539 1994 carnis
2587 1937 2933 1993 desiderium
2986 1944 3259 1991 tenuatur
3308 1943 3363 1990 et
3416 1935 3554 1991 dum
3587 1936 3659 1990 ad

1959 2040 2215 2097 unguem
2257 2040 2316 2081 se
2369 2032 2431 2080 ut
2473 2024 2757 2079 desiderat
2804 2024 2999 2093 perﬁci
3038 2022 3227 2078 carnis
3271 2023 3497 2094 objectu
3544 2037 3661 2076 non

1959 2129 2121 2185 posse
2149 2113 2487 2180 considerat,
2520 2127 2591 2169 ex
2620 2127 2726 2168 sua
2753 2126 2887 2167 mox
2918 2112 3072 2182 quod
3102 2120 3235 2167 actu
3283 2127 3399 2167 non
3431 2125 3659 2181 praeva-

1962 2203 2034 2259 let
2064 2203 2386 2259 humilitate
2439 2203 2727 2258 reformat.
2782 2202 2989 2272 Greges
3044 2201 3289 2268 Domini,
3345 2202 3413 2256 de
3443 2201 3658 2270 quibus

1959 2292 2149 2348 decem
2184 2292 2556 2357 assumimus,
2588 2298 2922 2346 caeterorum
2973 2290 3373 2344 multitudines
3421 2289 3657 2343 manda-

1959 2389 2146 2437 torum
2179 2389 2333 2447 sunt,
2383 2381 2450 2435 de
2502 2380 2716 2450 quibus
2775 2378 3104 2449 perfectiora
3136 2378 3472 2446 accipimus,
3522 2390 3655 2430 cum

1958 2470 2077 2537 Dei,
2129 2477 2183 2525 et
2231 2469 2477 2539 proximi
2516 2469 2872 2533 charitatem,
2912 2467 2971 2520 in
3011 2467 3223 2535 quibus
3254 2473 3371 2521 tota
3402 2465 3494 2520 lex
3524 2479 3657 2533 pen-

1958 2558 2050 2614 det
2103 2566 2158 2613 et
2213 2558 2523 2627 propheta},
2584 2556 2886 2612 tenendam
2934 2556 3221 2625 eligimus.
3274 2554 3437 2611 Unde
3485 2562 3539 2609 et
3586 2570 3653 2607 cx

1957 2648 2203 2702 omnibus
2261 2646 2488 2701 Domini
2554 2645 2643 2701 sui
2694 2646 2844 2699 bonis
2899 2648 3125 2713 portans
3182 2642 3395 2698 dicitur
3446 2642 3653 2709 abisse,

1959 2737 2097 2807 quia
2142 2736 2234 2791 cui
2284 2734 2603 2790 dilectionis
2648 2734 2836 2788 virtus
2882 2733 3052 2799 inest;
3107 2732 3164 2787 in
3213 2738 3499 2802 quantum
3546 2730 3655 2786 sibi

1958 2825 2135 2891 adest,
2166 2824 2222 2879 in
2262 2831 2488 2879 tantum
2519 2823 2622 2878 etsi
2658 2836 2771 2877 non
2822 2821 3017 2875 omnia
3065 2820 3295 2887 adsunt,
3364 2820 3432 2875 de
3491 2819 3655 2874 bonis

145 2907 386 2975 diaboli,
437 2908 575 2964 dum
626 2908 676 2963 ei
710 2908 1121 2975 conformarer,
1182 2922 1248 2963 ac
1289 2907 1333 2962 si
1391 2908 1557 2976 patri,
1609 2908 1728 2963 sive
1781 2907 1848 2961 de
1889 2913 2224 2997 Comnibus
2256 2919 2462 2982 portat,
2497 2925 2629 2966 cum
2687 2909 2937 2965 charitas
2984 2909 3188 2976 ofﬁcio,
3226 2923 3357 2978 quae
3414 2908 3654 2964 univer-

145 2997 585 3052 conversatione
639 2996 951 3066 mundiali;
1001 2996 1214 3052 dicitur
1242 2996 1397 3051 enim
1430 2996 1641 3051 atrium
1675 3009 1848 3050 suum

145 3085 440 3140 custodire
491 3086 756 3155 princeps
809 3085 1012 3141 mundi
1060 3084 1210 3152 (Luc.
1262 3099 1342 3151 χι,
1374 3086 1489 3153 21),
1544 3085 1692 3139 etde
1733 3092 1848 3139 ter-

144 3174 392 3229 renitate
424 3174 481 3228 in
512 3187 648 3244 qua,
683 3180 738 3229 et
768 3174 840 3229 ad
876 3188 1053 3243 quam
1086 3187 1290 3229 sumus
1306 3187 1378 3228 ex
1398 3173 1595 3229 eodem
1626 3173 1851 3229 diabolo

148 3270 315 3331 patre
348 3262 491 3329 nati,
525 3262 627 3332 qui
656 3262 774 3331 spei
814 3262 1117 3317 collatione
1174 3261 1487 3317 introrsum
1541 3263 1744 3316 locutus
1775 3266 1851 3315 est

148 3352 309 3415 mihi,
359 3355 411 3403 et
448 3351 686 3419 juravit,
734 3349 793 3405 id
844 3357 929 3405 est
972 3349 1030 3404 in
1079 3348 1527 3405 Christianitatis
1583 3364 1674 3405 me
1719 3349 1852 3420 jure

145 3437 446 3494 constituit
488 3439 713 3494 interna
766 3438 1075 3508 sponsione
1106 3438 1380 3508 pollicens
1407 3440 1617 3504 semini,
1650 3439 1708 3494 id
1767 3445 1851 3494 est

144 3526 311 3582 bonae
342 3535 460 3583 tuae
490 3526 731 3582 actionis
763 3526 981 3594 merito,
1019 3526 1176 3596 quod
1208 3526 1265 3580 in
1297 3540 1396 3595 spe
1422 3525 1607 3597 frugis
1622 3533 1851 3582 aeternae

141 3615 544 3681 seminaveris,
596 3615 948 3671 terrenitatis
992 3615 1171 3685 hujus
1197 3615 1409 3670 scilicet
1449 3616 1703 3685 corporis
1764 3617 1850 3671 tui

139 3705 373 3774 pondus
404 3704 762 3771 submittam,
797 3711 862 3759 ut
893 3703 1214 3773 spiritualis
1238 3703 1550 3759 alacritatis
1585 3704 1847 3773 experia-

142 3801 236 3849 tur
267 3793 543 3864 gratiam,
577 3794 744 3860 Deus,
775 3793 984 3862 inquit,
1015 3792 1118 3862 qui
1149 3800 1203 3847 et
1235 3792 1356 3847 haec
1385 3792 1532 3860 fecit,
1567 3800 1621 3847 et
1660 3792 1850 3847 factu-

138 3897 271 3939 rum
340 3896 401 3937 se
459 3881 739 3950 promisit,
782 3884 896 3950 ipse
947 3883 1199 3948 angelum
1227 3881 1409 3936 divini
1462 3881 1552 3937 sui
1609 3881 1845 3951 eloquii,

141 3972 246 4043 qui
277 3984 415 4040 quae
438 3970 661 4040 agenda
692 3978 829 4025 sunt
864 3971 1112 4039 nuntiet,
1144 3986 1324 4024 coram
1357 3975 1405 4023 te
1449 3972 1645 4036 mittet,
1676 3970 1731 4025 id
1766 3977 1849 4027 est

142 4060 435 4131 praevium
460 4059 561 4113 tibi
595 4059 778 4123 faciet,
815 4069 869 4114 et
912 4059 1064 4126 inde,
1107 4073 1178 4114 ex
1213 4059 1338 4129 ejus
1379 4057 1639 4114 videlicet
1679 4059 1849 4115 docu-

144 4154 343 4203 mento
390 4146 610 4202 videbis
662 4161 839 4217 quam
892 4148 1100 4203 debeas
1163 4147 1370 4217 eligere
1425 4148 1694 4215 corporis,
1772 4161 1845 4202 an

1958 3002 2143 3057 sitatis
2200 3002 2487 3056 bonorum
2531 2999 2770 3054 materia
2828 3005 2930 3065 est,
2988 2998 3242 3066 corporis
3298 2995 3652 3052 voluntatem

1958 3091 2255 3161 subjugat.
2312 3089 2466 3154 Abit,
2499 3102 2630 3142 cum
2674 3087 2733 3141 in
2768 3086 3006 3142 meliora
3036 3084 3268 3155 gerendi
3296 3098 3521 3154 semper
3552 3099 3655 3154 ap-

1958 3179 2197 3248 petitum
2229 3191 2289 3232 se
2314 3176 2590 3231 extendit.
2614 3174 3020 3244 Mesopotamia
3050 3187 3253 3244 graece,
3301 3172 3482 3226 media
3513 3175 3655 3227 inter

1957 3267 2214 3336 flumina;
2291 3263 2582 3330 Hebraice,
2661 3265 2867 3318 elevata
2925 3264 3134 3316 vocatio
3219 3261 3649 3330 interpretatur.

1964 3354 2213 3411 Vocatur
2241 3353 2425 3422 primo
2472 3352 2544 3407 ad
2578 3352 2765 3419 ﬁdem,
2800 3352 3062 3407 elevatur
3105 3364 3242 3406 vero
3285 3348 3510 3404 vocatio
3555 3362 3655 3417 per

1960 3443 2160 3499 mundi
2213 3440 2795 3508 abrenuntiationem,
2857 3440 2977 3505 ubi,
3015 3440 3162 3494 inter
3192 3438 3403 3493 ﬂuctus
3436 3444 3655 3505 tempe-

1958 3539 2172 3588 statum
2229 3530 2432 3585 mentis
2497 3537 2553 3585 et
2601 3529 2815 3596 saeculi,
2877 3541 3106 3584 necesse
3161 3534 3244 3582 est
3312 3524 3656 3581 commorari

1959 3620 2167 3690 spiritu
2225 3632 2563 3689 pauperem;
2601 3631 2702 3687 per
2758 3617 2911 3672 hanc
2954 3613 3419 3685 Mesopotamiam
3452 3612 3521 3667 ad
3556 3627 3651 3667 ur-

1958 3708 2085 3764 bem
2144 3709 2390 3776 Nachor,
2474 3706 2627 3775 quod
2687 3705 3095 3774 interpretatur
3148 3703 3358 3772 requies
3411 3702 3651 3765 luminis,

1958 3796 2271 3867 pergimus,
2333 3794 2566 3865 quando
2619 3793 2691 3849 ad
2740 3792 3139 3863 perfectionem
3193 3788 3489 3846 charitatis
3556 3802 3655 3857 per

1958 3886 2249 3956 passiones
2301 3882 2650 3953 proﬁcimus,
2709 3896 2840 3953 quze
2896 3881 3090 3937 lumen
3143 3880 3330 3950 juxta,
3378 3878 3652 3934 Joannem

1957 3973 2280 4043 apostolum
2310 3980 2391 4028 est
2423 3971 2472 4042 (Ι
2510 3974 2667 4026 Joan.
2719 3985 2777 4037 ιι,
2813 3968 2917 4040 10),
2947 3984 3064 4039 qua
3108 3982 3241 4024 vere
3277 3966 3651 4038 quiescimus.

1955 4063 2045 4118 vel
2087 4063 2157 4118 ad
2215 4062 2503 4117 civitatem
2542 4072 2873 4129 supernam,
2934 4058 3034 4114 ubi
3089 4058 3282 4113 lumen
3330 4055 3387 4111 in
3439 4054 3658 4110 lumine

1958 4151 2153 4207 verius
2184 4150 2541 4220 quiescentes
2569 4148 2887 4204 videamus.

143 4235 329 4292 animi
386 4235 760 4302 voluntatem,
794 4236 909 4304 spei
936 4235 1137 4306 utique
1171 4244 1283 4291 tuae
1313 4250 1380 4289 ac
1416 4236 1464 4290 si
1496 4235 1611 4291 ﬁlio
1659 4236 1848 4291 admi-
1889 4238 1931 4292 D
2031 4239 2201 4295 Vens.
2258 4241 2338 4305 11,
2378 4240 2464 4291 12.
2523 4267 2587 4276 -
2618 4238 2854 4303 Cumque
2899 4235 3124 4290 camelos
3182 4235 3398 4301 fecisset
3438 4247 3658 4286 accum—

145 4324 444 4382 scendam.
480 4325 667 4394 (VERS.
720 4324 799 4394 8.)
826 4325 921 4379 Sin
963 4331 1141 4379 autem
1170 4326 1364 4378 mulier
1406 4327 1560 4393 sequi
1590 4329 1638 4378 te
1663 4326 1846 4379 nolue-

146 4416 238 4481 rit,
295 4428 407 4466 non
465 4413 724 4466 teneberis
766 4411 1103 4482 juramento,
1138 4412 1190 4467 id
1223 4421 1325 4478 est,
1370 4412 1414 4466 si
1471 4413 1844 4481 seductibilis,

146 4511 198 4557 et
245 4502 467 4557 lasciva
543 4501 810 4571 cogitatio
856 4501 1178 4557 secundum
1233 4501 1549 4570 appetitum
1610 4501 1848 4571 justitize

148 4606 327 4661 quam
360 4590 538 4645 habes
571 4590 781 4661 corrigi
838 4590 1115 4657 tenuerit,
1146 4589 1242 4660 jus
1288 4590 1670 4661 regulamque
1699 4591 1845 4645 veri-

147 4679 277 4736 tatis
334 4679 637 4743 excedens,
716 4693 830 4733 non
882 4678 1041 4756 ultra
1096 4678 1399 4745 teneberis,
1458 4678 1556 4733 sed
1620 4678 1851 4735 effrenis

149 4781 458 4838 vagusque
497 4781 597 4836 per
626 4766 768 4821 vitia
822 4781 1072 4837 quaeque
1122 4768 1348 4822 laberis.
1395 4769 1596 4822 Filium
1640 4772 1851 4823 tantum

150 4873 323 4911 meum
352 4872 419 4909 ne
463 4856 692 4910 reducas
745 4857 895 4911 illuc.
930 4855 1093 4922 Quod
1145 4864 1228 4912 est
1277 4856 1509 4912 dicere:
1545 4864 1599 4911 et
1647 4857 1694 4912 si
1743 4858 1850 4913 ha-

151 4946 311 5002 benis
341 4944 557 5000 divinx
604 4944 751 5013 legis
805 4944 986 5000 teneri
1020 4944 1259 5015 refugis,
1309 4958 1464 5014 spem
1524 4945 1723 5000 saltem
1780 4960 1852 5001 ne

154 5035 381 5103 penitus
438 5032 509 5088 de
574 5032 714 5088 caelo
767 5033 1058 5101 devolvas,
1114 5042 1169 5088 et
1210 5033 1473 5088 saeculari
1522 5033 1851 5103 labyrintho

157 5123 486 5192 immergas.

221 5211 395 5266 Vrsas.
431 5212 463 5262 9
511 5239 581 5248 -—-
614 5210 800 5263 Posuit
840 5224 967 5277 ergo
1018 5225 1205 5265 servus
1242 5225 1463 5264 manum
1498 5211 1596 5265 sub
1652 5212 1854 5277 femore

160 5300 438 5355 Abraham
467 5298 678 5352 domini
696 5300 803 5365 sui,
840 5303 890 5351 et
910 5297 1134 5369 juravit
1157 5301 1245 5354 illi
1272 5314 1436 5368 super
1465 5314 1703 5353 sermone
1730 5299 1854 5354 hoc-

160 5388 347 5442 Servus
376 5401 603 5439 manum
652 5385 749 5439 sub
781 5387 983 5452 femore
1032 5386 1251 5442 domini
1282 5387 1459 5456 ponit,
1492 5401 1623 5442 cum
1670 5386 1854 5457 pieta-

166 5475 228 5531 tis
298 5473 545 5531 aﬂ'ectus
602 5473 858 5530 veritatis
940 5473 1225 5546 praesidio,
1288 5490 1419 5546 quae
1471 5474 1629 5531 locus
1686 5475 1858 5531 totius

1958 4328 2077 4381 bere
2132 4331 2291 4381 extra
2336 4325 2597 4394 oppidum
2639 4326 2809 4394 juxta
2868 4329 3087 4392 puteum
3131 4338 3286 4392 aqua:
3324 4336 3560 4390 vespere,
3602 4335 3658 4372 eo

1957 4421 2208 4485 tempore,
2250 4430 2353 4483 quo
2405 4415 2575 4468 solent
2631 4415 2880 4467 mulieres
2936 4411 3121 4480 egredi
3165 4411 3239 4464 ad
3298 4409 3659 4463 hauriendam

1957 4519 2159 4572 aquam
2189 4502 2376 4556 dixit:
2440 4503 2660 4556 Domine
2708 4501 2873 4566 Deus,
2907 4506 3012 4554 etc.
3075 4497 3361 4568 Oppidum
3403 4496 3659 4552 mundus

1956 4599 2058 4659 est,
2092 4591 2181 4646 cui
2216 4591 2374 4646 fortis
2413 4596 2674 4645 armatus
2709 4588 3067 4658 principatur
3117 4594 3171 4642 et
3231 4592 3434 4656 regnat
3503 4585 3655 4654 (Luc.

1957 4695 2017 4747 ιι,
2047 4680 2155 4748 21).
2200 4679 2362 4734 Unde
2392 4678 2603 4733 dicitur
2641 4677 2947 4747 apostolis:
2979 4679 3056 4731 Ite
3102 4678 3161 4729 in
3206 4675 3485 4729 castellum
3515 4673 3660 4740 quod

1957 4771 2144 4822 contra
2192 4782 2285 4820 vos
2340 4771 2423 4819 est
2480 4765 2700 4834 (Matth.
2756 4781 2875 4831 xm,
2934 4765 3010 4836 2),
3069 4772 3121 4820 et
3176 4762 3376 4818 merito
3437 4769 3656 4827 contra,

1959 4857 2094 4925 quia
2156 4855 2213 4910 in
2269 4854 2484 4910 mundo
2525 4869 2854 4924 pressuram
2899 4854 3121 4910 habetis
3150 4852 3324 4923 (Joan.
3377 4865 3491 4919 xvr,
3550 4851 3655 4916 33).

1957 4945 2141 5000 Extra
2184 4943 2459 5013 oppidum
2517 4943 2761 4999 camelos
2819 4943 3062 4998 facimus
3121 4940 3481 5007 accumbere,
3526 4953 3658 4995 cum

1962 5032 2111 5088 bona
2139 5040 2333 5088 nostra
2361 5045 2555 5101 opera,
2603 5032 2817 5101 quibus
2846 5031 3058 5087 divinae
3087 5031 3198 5101 legi
3246 5034 3343 5082 94
3394 5026 3661 5099 congrui-

1959 5136 2110 5188 mus,
2148 5134 2182 5176 a
2222 5120 2421 5200 mundi
2453 5120 2668 5176 carnali
2722 5120 2930 5189 pariter
2958 5128 3013 5175 et
3041 5117 3328 5189 spirituali
3378 5115 3659 5173 consortio

1962 5224 2316 5280 separamus.
2369 5209 2507 5264 dum
2564 5208 2707 5264 vitia
2760 5210 2885 5279 ejus
2937 5215 2992 5264 et
3047 5208 3247 5264 laudes
3318 5206 3657 5278 refugimus.

1962 5302 2133 5354 Juxta
2176 5303 2399 5368 puteum
2448 5313 2604 5366 aqua?
2646 5312 2861 5366 vespere
2908 5297 3326 5364 accumbimus,
3385 5310 3517 5352 cum
3558 5281 3686 5350 de?

1966 5386 2415 5443 fervescentibus
2475 5387 2533 5441 in
2613 5385 2779 5441 nobis
2828 5385 3101 5442 vitiorum
3143 5385 3435 5441 caloribus
3481 5398 3548 5439 ac
3616 5383 3661 5436 si

1966 5475 2217 5547 quodam
2262 5474 2499 5531 meridie
2525 5474 2597 5530 ad
2628 5474 2841 5532 fontem
2887 5488 3055 5546 aquae
3097 5474 3267 5538 vivae,
3317 5474 3386 5530 de
3416 5487 3532 5545 quo
3559 5471 3664 5543 qui
