3904 6066
263 173 359 226 183

1145 169 1207 222 ν.
1251 167 1587 225 GUIBEBTI
1633 169 1926 223 ABBATIS
1965 169 2018 223 S.
2065 168 2307 224 MARUE
2346 169 2437 224 DE
2479 167 2870 223 NOVIGENTO

3667 169 3782 222 181»

259 301 484 369 biberit,
548 315 663 356 non
708 300 858 356 sitiet
905 299 1056 356 ultra
1111 301 1306 370 (Joau.
1357 313 1432 366 vr,
1488 300 1605 367 35),
1658 297 1946 354 Christum
1988 303 2029 352 A
2138 299 2308 355 Vens.
2342 299 2434 366 15,
2468 302 2553 352 16.
2601 327 2674 340 -
2706 299 2944 354 Necdum
2977 302 3126 353 intra
3155 315 3210 353 se
3242 300 3406 354 verba
3459 302 3777 369 compleve-

257 391 475 446 scilicet
508 390 674 446 bonis
697 389 907 445 nostris
935 389 1204 458 operibus
1233 403 1334 457 pzr
1363 396 1575 443 sancite
1607 389 1722 457 spei
1752 401 1952 457 exspe-

256 481 556 536 ctationem
587 479 846 549 requiem
878 479 1224 534 invenimus.
1281 479 1425 534 Nam
1469 478 1538 532 de
1567 491 1724 548 aqua
1761 477 1952 546 oppidi

259 571 360 639 qui
390 569 548 633 bibit,
582 567 732 624 sitiet
767 567 996 622 iterum.
1039 570 1184 622 Dum
1213 567 1457 636 superbit
1500 570 1719 634 impius,
1765 569 1953 620 incen-

257 659 410 712 ditur
437 671 647 726 pauper
673 655 834 724 (Psal.
860 669 934 724 ix,
971 657 1063 723 23)
1097 669 1110 708 :
1144 655 1282 710 dum
1338 657 1586 710 mulieres
1630 655 1950 725 fegrediun~

257 753 354 800 tur
382 745 454 797 ad
508 744 868 798 hauriendam
909 759 1130 812 aquam,
1175 744 1312 800 dum
1343 743 1572 812 fragilia
1601 744 1782 798 instar
1827 757 1951 798 mu-

258 833 460 888 lierum
509 832 681 888 corda
730 832 798 887 de
827 846 1010 902 prava
1047 845 1172 898 sua,
1229 840 1283 886 et
1315 833 1540 888 occulta
1581 831 1950 900 conceptione

254 923 326 976 ad
350 929 578 991 apertas
598 928 814 976 exeunt
851 921 1096 976 malitias
1139 929 1198 976 ut
1246 921 1519 977 hauriant
1565 935 1680 976 non
1720 919 1946 988 Christi,

255 1007 348 1063 sed
377 1006 569 1076 oppidi
619 1021 822 1076 aquas,
879 1007 934 1063 id
985 1015 1067 1063 est
1097 1008 1368 1076 impleant
1405 1007 1458 1064 in
1492 1008 1674 1074 malis,
1729 1022 1846 1063 non
1890 1007 1948 1062 in

256 1096 422 1152 bonis
451 1095 728 1151 desideria
756 1110 881 1164 sua,
914 1111 998 1164 eo,
1034 1097 1296 1166 inquam,
1331 1105 1602 1166 tempore,
1657 1111 1774 1166 quo
1827 1095 1947 1151 lar—

257 1188 374 1257 gito
425 1184 530 1241 sibi
564 1185 890 1254 'pcenitendi
944 1185 1126 1254 spatio
1175 1185 1503 1241 abutuntur
1547 1186 1604 1240 in
1652 1184 1944 1255 superbia,

255 1275 488 1331 student
544 1275 724 1330 sancti
785 1274 1004 1344 quique
1049 1284 1216 1330 extra
1275 1275 1552 1345 oppidum
1600 1288 1708 1332 sua
1763 1274 1946 1331 facere

253 1377 442 1432 opera.

327 1451 496 1505 Vens.
553 1452 634 1506 l2.
671 1479 732 1489 —
783 1451 1030 1518 Domine,
1078 1451 1176 1518 ait,
1233 1451 1441 1506 domini
1487 1454 1593 1506 mei
1635 1451 1943 1517 Abraham,

253 1553 487 1606 occurre,
539 1539 778 1607 obsecro,
840 1540 995 1607 mihi,
1046 1539 1222 1608 hodie,
1270 1544 1320 1594 et
1374 1541 1467 1606 fac
1518 1541 1942 1595 misericordiam

254 1643 374 1681 cum
423 1628 638 1682 domino
687 1644 802 1684 meo
853 1628 1157 1683 Abraham.
1215 1628 1378 1696 Quod
1442 1637 1526 1685 est
1570 1629 1776 1696 dicere,
1835 1630 1947 1686 Do-

255 1717 426 1781 mine,
485 1716 586 1785 qui
633 1731 772 1772 mem
821 1717 1134 1773 dominaris
1180 1717 1406 1784 rationi,
1462 1731 1639 1788 quam
1679 1718 1842 1784 mihi,
1893 1727 1948 1775 te

255 1803 512 1872 praeside,
571 1804 830 1859 desidero
889 1805 1057 1860 hodie
1112 1805 1528 1860 inhabitatione
1586 1807 1785 1876 utique
1833 1813 1946 1862 tute

253 1893 418 1959 lucis,
453 1892 555 1962 qui
581 1893 699 1948 dies
732 1893 948 1963 ubique
1000 1907 1268 1964 praesens,
1319 1901 1374 1950 et
1403 1908 1623 1963 semper
1646 1909 1724 1962 es,
1757 1895 1948 1965 opitu-

253 1981 482 2036 lationis
513 1989 624 2037 tute
657 1981 794 2037 mibi
818 1983 1008 2052 praebe
1037 1997 1362 2050 occursum,
1401 1991 1458 2039 et
1485 1997 1608 2038 eam
1645 1999 1776 2054 quae
1805 1983 1949 2039 mihi

255 2077 460 2139 praeest
494 2085 609 2125 non
643 2071 866 2138 merito,
896 2071 990 2127 sed
1044 2070 1433 2128 misericordia
1471 2073 1723 2128 clariﬁca
1773 2074 1947 2130 ratio-

252 2171 402 2212 nem.
435 2157 628 2226 (Vens.
661 2160 773 2227 l3.)
801 2163 934 2214 Ecce
970 2165 1050 2214 sto
1071 2165 1296 2229 propter
1323 2163 1528 2225 fontem
1557 2177 1734 2229 aquae,
1757 2167 1808 2216 et
1821 2163 1950 2230 ﬁliae

251 2248 620 2301 habitatorum
648 2250 890 2302 civitatis
925 2249 1090 2316 hujus
1117 2250 1462 2316 egredientur
1485 2250 1559 2303 ad
1589 2251 1949 2306 hauriendam

252 2351 471 2402 aquam.
507 2335 625 2392 Stat
673 2341 898 2406 propter
949 2339 1173 2403 fontem,
1208 2337 1442 2407 quando
1473 2346 1664 2394 noster
1711 2337 1950 2394 affectus

254 2425 466 2480 haustu
502 2424 670 2480 fontis
709 2425 910 2480 aeterni
961 2425 1266 2482 roboratus
1313 2433 1489 2481 certat
1530 2426 1652 2496 jam
1709 2427 1951 2482 viriliter

251 2519 452 2566 contra
478 2511 691 2568 diaboli
714 2520 768 2568 et
798 2513 987 2569 carnis
1023 2513 1535 2584 impugnationem.
1593 2515 1804 2570 Cameli
1849 2529 1950 2572 ac-

253 2601 554 2668 cumbunt,
585 2609 642 2656 et
667 2615 866 2656 servus
893 2609 1022 2669 stat,
1067 2603 1205 2672 quia
1249 2603 1480 2658 virtutis
1530 2603 1721 2659 studia
1766 2604 1822 2658 in
1853 2619 1952 2674 spe

252 2689 343 2742 sui
373 2688 590 2756 praemii
623 2689 1009 2758 requiescunt,
1046 2691 1315 2759 quamvis
1362 2691 1488 2760 pius
1529 2691 1818 2761 appetitus
1849 2707 1950 2762 pro

253 2775 547 2846 religionis
591 2776 915 2832 defensione
967 2778 1283 2847 pugnando
1309 2793 1367 2834 se
1403 2786 1698 2846 exerceat;
1749 2781 1952 2836 stando

253 2865 407 2918 enim
455 2863 706 2934 quisque
756 2872 967 2933 certat;
1015 2865 1363 2920 habitatores
1437 2866 1702 2934 civitatis,
1762 2873 1950 2923 motus

252 2961 389 3008 sunt
448 2956 626 3008 nostri
682 2953 989 3008 rationales
1054 2953 1125 3008 ad
1173 2969 1320 3022 quos
1373 2956 1630 3025 regimen
1707 2956 1951 3026 pertinet

256 3039 476 3094 mentis.
533 3040 601 3094 Hi
651 3041 797 3095 ﬁlias
863 3041 1093 3108 habent,
1149 3041 1386 3111 quando
1429 3043 1536 3112 ipsi
1593 3051 1804 3110 motus,
1861 3045 1950 3100 vel

259 3129 500 3183 virtutes
535 3142 609 3183 ex
658 3143 764 3184 suo
813 3143 1086 3198 prospero
1123 3137 1336 3186 eventu
1379 3144 1662 3186 venarum
1729 3131 1952 3202 cogita-

259 3213 478 3268 tionum
536 3213 801 3268 lascivias
831 3222 1123 3284 generant.
1161 3215 1240 3270 De
1293 3215 1523 3271 civitate
1573 3217 1954 3286 egrediuntur

257 3301 376 3355 istae
434 3301 505 3356 ad
562 3301 942 3357 hauriendam
1005 3316 1238 3372 aquam,
1303 3304 1371 3357 de
1430 3304 1687 3360 interiori
1742 3305 1952 3362 scilicet

257 3388 434 3443 animi
466 3403 626 3457 cura,
659 3390 948 3446 excedunt
975 3391 1046 3446 ad
1079 3391 1276 3445 horam
1313 3391 1384 3446 ad
1412 3390 1734 3448 affectanda
1764 3392 1954 3450 laudis

258 3477 618 3547 temporarize
642 3479 878 3548 gaudia.

330 3567 502 3624 Vens.
556 3568 640 3620 14».
685 3596 751 3608 -
800 3569 980 3636 Igitur
1029 3570 1233 3636 puclla,
1291 3571 1380 3623 cui
1423 3570 1668 3624 dixero:
1745 3572 1954 3625 Inclina

259 3655 514 3722 hydriam
539 3660 600 3709 ut
653 3655 834 3708 bibam
888 3662 938 3709 et
990 3656 1086 3710 illa
1118 3657 1458 3726 responderit
1489 3673 1502 3712 :
1533 3658 1686 3725 Bibe,
1739 3662 1872 3728 quin
1903 3666 1955 3714 et

261 3745 475 3798 camelis
527 3746 632 3797 tuis
678 3745 818 3798 dabo
865 3749 1072 3813 potum,
1127 3748 1249 3814 ipsa
1301 3751 1379 3799 est
1437 3763 1599 3814 quam
1624 3751 1956 3816 preparasti

259 3848 440 3886 seruo.
469 3837 560 3885 tuo
597 3833 780 3897 Isaac,
839 3837 890 3886 et
933 3848 1032 3900 per
1093 3833 1186 3886 hoc
1236 3835 1538 3901 intelligam
1579 3835 1724 3902 quod
1759 3838 1954 3902 feceris

259 3919 688 3974 miscricordiam
741 3935 862 3973 cum
912 3922 1138 3973 Domino
1191 3937 1302 3974 meo
1330 3923 1503 3975 Isaac.
1561 3925 1666 3978 Per
1708 3925 1952 3992 puellam

263 4009 502 4078 paritas,
535 4016 590 4064 et
616 4007 768 4063 nitor
797 4022 962 4063 novre
1009 4009 1399 4077 conscientia};
1432 4010 1565 4065 huic
1621 4020 1683 4067 ut
1726 4013 1958 4070 inclinet

262 4098 528 4168 hydriam
581 4096 652 4151 ad
685 4096 998 4152 bibendum
1037 4097 1304 4166 dicimus,
1353 4114 1484 4154 cum
1543 4102 1958 4159 rationabiliter

2060 395 2170 456 rut,
2227 394 2276 442 et
2319 405 2434 442 ecce
2481 387 2860 456 egrediebatur
2901 388 3140 442 Rebecca
3189 389 3308 456 ﬁlia
3367 389 3600 443 Bathurl
3641 390 3779 457 filia

2061 479 2298 546 Melchae,
2348 481 2538 531 umoris
2591 477 2828 544 Nachor,
2911 479 3112 543 fratris
3161 477 3480 544 Abraham;
3548 477 3774 531 habens

2061 567 2316 634 hydriam
2369 569 2429 620 in
2463 567 2723 634 scapula;
2765 567 2947 633 puella
3007 566 3201 619 decora
3248 568 3430 633 nimis,
3491 568 3778 634 virgoque

2058 655 2428 724 pulcherrima
2457 657 2508 706 et
2531 655 2802 718 ἱηουυτ..⁷.ν-ί
2841 667 2973 706 mro.
3009 651 3196 707 Verba
3226 651 3486 707 absolute
3526 652 3777 722 aliquo-

2063 742 2164 797 lies
2213 741 2409 796 inania
2443 740 2713 810 quaelibet
2745 757 2948 796 voc..re
3001 741 3272 807 solemus,
3315 755 3446 811 quae
3477 742 3559 797 nil
3593 741 3777 796 aliud

2059 844 2235 900 quam
2275 844 2481 885 sonum
2518 829 2760 897 habent;
2794 829 2948 885 unde
2977 839 3085 884 est:
3147 847 3174 880 (ι
3202 829 3391 885 Verba
3416 829 3512 884 dat
3561 827 3772 884 omnis

2059 933 2221 974 amor
2252 918 2426 988 (Ov.).
2461 938 2488 966 »
2551 919 2876 986 Antequam
2928 917 3108 972 verba
3153 917 3562 986 compleamus,
3628 930 3775 972 ecce

2057 1007 2308 1063 Rebecca
2337 1005 2650 1076 egreditur,
2678 1006 2819 1076 quia
2847 1007 3186 1075 priusquam
3218 1005 3416 1061 nubila
3457 1019 3774 1075 nugarum

2057 1097 2127 1151 ad
2158 1095 2390 1165 plenum
2428 1109 2462 1149 a
2509 1095 2676 1150 corde
2731 1095 3130 1160 excludamus,
3187 1103 3417 1164 repente
3457 1109 3530 1150 ex
3574 1093 3774 1150 nimio

2056 1183 2398 1253 repulsionis
2453 1182 2663 1249 labore,
2721 1182 3013 1238 oboriente
3077 1183 3300 1238 fastidio
3364 1182 3646 1250 Rebecca,
3705 1182 3771 1238 id

2053 1279 2138 1328 est
2163 1274 2435 1342 patientia
2480 1271 2590 1340 (sic
2613 1271 2768 1326 enim
2809 1270 3246 1340 interpretatur)
3289 1271 3562 1326 excedere
3608 1270 3773 1326 defi-

2054 1361 2254 1417 ciendo
2287 1359 2508 1416 nititur.
2563 1361 2773 1416 Reatus
2803 1361 2953 1416 enim
2989 1359 3090 1430 qui
3120 1359 3323 1415 suffert
3378 1358 3772 1415 tentationem

2056 1451 2208 1519 (Jac.
2245 1465 2282 1513 ι,
2317 1449 2396 1516 12).
2428 1465 2440 1502 :
2478 1448 2718 1505 Bathuel
2746 1451 2902 1518 virgo
2933 1450 3039 1503 Dei
3067 1448 3300 1517 dicitur,
3336 1448 3393 1503 in
3414 1462 3529 1518 quo
3562 1447 3771 1504 incor-

2057 1545 2244 1608 ruptae
2273 1537 2400 1594 ﬁdei
2433 1545 2616 1594 status
2653 1538 3023 1608 exprimitur,
3082 1538 3151 1594 de
3194 1552 3310 1608 quo
3359 1537 3611 1593 Bebecca
3665 1536 3772 1607 gi-

1983 1597 2028 1654 B
2057 1597 2274 1698 gnitur,
2333 1625 2473 1696 quia
2513 1625 2654 1682 dum
2713 1597 3138 1694 c‘rcdimus'his,
3180 1597 3312 1696 quae
3365 1639 3439 1680 ex
3495 1625 3605 1681 ﬁde
3637 1597 3774 1680 sola

2057 1719 2346 1781 tenentur,
2400 1713 2675 1783 patientia
2728 1714 2877 1771 inter
2932 1715 3084 1770 mala
3140 1715 3444 1785 prmsentia
3483 1729 3587 1784 pro
3657 1727 3772 1784 spe

2054 1808 2400 1857 aeternorum
2434 1801 2491 1856 iu
2522 1803 2683 1858 nobis
2708 1812 3060 1873 procreatur.
3112 1803 3271 1860 Unde
3302 1803 3543 1859 Bathuel
3598 1802 3770 1858 ﬁlius

2056 1891 2286 1947 Melchte
2341 1891 2393 1947 id
2455 1899 2540 1948 est
2599 1895 2820 1960 regi-n3,
2872 1893 2961 1949 vel
3003 1893 3578 1962 regnaturaedicitur,
3609 1893 3769 1962 quia

2055 1979 2209 2047 quod
2241 1979 2486 2047 nunclin
2520 1980 2628 2036 ﬁde
2681 1982 2828 2037 inter
2864 1988 3215 2037 teutamenta
3277 1982 3624 2052 persistitur,
3682 1995 3767 2036 ex

2055 2067 2302 2136 perfecta
2342 2069 2530 2138 surgit
2581 2069 2782 2140 gloria,
2816 2085 2992 2140 quam
3041 2070 3349 2138 credimus,
3403 2069 3767 2140 superemic-

2054 2153 2154 2208 stis
2173 2154 2525 2211 Hierusalem
2553 2157 2753 2212 matris
2782 2165 3010 2222 nostrae,
3040 2159 3160 2226 jam
3183 2172 3256 2213 ex
3303 2165 3465 2228 parte
3492 2171 3764 2228 regnan-

2057 2241 2146 2310 tis,
2205 2250 2260 2298 et
2309 2252 2432 2312 post
2478 2245 2681 2315 judicii
2724 2245 2874 2302 diem
2923 2247 2996 2301 ad
3047 2248 3336 2316 integrum
3391 2253 3758 2317 regnaturae.

2056 2331 2276 2387 Melcha
2305 2341 2387 2388 est
2418 2347 2567 2389 uxor
2620 2334 2848 2390 Nachor
2888 2334 3079 2390 fratris
3127 2335 3442 2402 Abraham,
3485 2335 3628 2404 quia
3657 2333 3765 2388 illa

2058 2435 2190 2489 quae
2215 2420 2332 2490 jam
2384 2430 2589 2492 regnat
2618 2437 2828 2492 sponsa
2879 2431 2964 2479 est
3009 2424 3156 2494 ejus,
3190 2423 3292 2493 qui
3323 2437 3524 2479 verum
3573 2424 3764 2476 lumen

2056 2515 2158 2572 est.
2217 2511 2278 2563 in
2327 2525 2432 2580 quo
2485 2514 2844 2581 requiescunt,
2889 2512 3227 2582 quicunque
3279 2525 3417 2568 vera
3449 2525 3587 2581 pace
3618 2511 3762 2580 qui-

2057 2605 2286 2665 escunt;
2345 2606 2402 2654 et
2450 2599 2567 2668 ipse
2614 2600 2840 2656 Nachor
2895 2600 3073 2656 frater
3132 2609 3216 2658 est
3275 2601 3536 2668 Abrahae,
3609 2600 3764 2670 quia

2061 2683 2257 2740 lumen
2282 2687 2438 2756 quod
2479 2687 2769 2743 illuminat
2795 2689 3102 2756 mundum,
3128 2689 3265 2745 dum
3298 2703 3432 2744 caro
3462 2688 3542 2756 lit,
3576 2687 3764 2744 frater

2058 2771 2247 2827 factus
2288 2781 2374 2829 est
2403 2775 2664 2830 omnium
2719 2777 2842 2846 qui,
2887 2791 2986 2846 per
3033 2777 3222 2843 ﬁdem,
3254 2791 3462 2832 nomen
3496 2785 3550 2832 et
3578 2789 3764 2844 opera

1989 2896 2030 2950 ο
2061 2859 2362 2950 imitantur
2385 2863 2650 2919 Abrahae.
2685 2864 2960 2934 Hydriam
3013 2865 3071 2920 in
3103 2865 3342 2934 scapula
3373 2871 3575 2934 portat,
3611 2863 3764 2933 quia

2063 2949 2286 3018 pondus
2310 2951 2713 3022 cupiditatum,
2741 2953 2894 3022 quod
2927 2955 3190 3008 talentum
3223 2953 3436 3022 plumbi
3465 2951 3522 3006 in
3550 2952 3763 3006 Zacha-

2058 3037 2145 3092 ria
2164 3037 2450 3109 signitiCat
2479 3040 2666 3109 (Zach.
2707 3057 2758 3108 v,
2792 3041 2867 3112 7),
2901 3056 3033 3112 quae
3081 3057 3140 3097 se
3168 3041 3448 3098 violenter
3481 3039 3762 3110 ingerunt

2057 3140 2209 3195 agre
2266 3127 2494 3198 tolerat;
2550 3129 2756 3198 hydria
2807 3130 3196 3198 cupiditatem,
3254 3143 3411 3198 aqua
3463 3128 3761 3200 signiﬁcat

2057 3215 2440 3285 voluntatem;
2493 3227 2774 3286 gravatur
2819 3233 2954 3288 ergo
3001 3233 3102 3288 per
3133 3218 3496 3288 voluptatum
3540 3217 3762 3286 cupidi-

2059 3309 2252 3371 tatem,
2309 3305 2504 3358 decora
2551 3305 2610 3360 in
2658 3305 2888 3372 affectu,
2921 3307 3046 3363 sine
3094 3307 3462 3378 corruptione
3498 3305 3756 3374 tiavoris,

2053 3379 2427 3460 pulcherrima
2479 3393 2539 3447 in
2595 3392 2822 3455 effectu,
2875 3397 3152 3462 incognita
3205 3398 3345 3460 viro,
3377 3409 3508 3464 quae
3537 3393 3760 3449 scilicet

2060 3479 2316 3536 audaciae
2345 3479 2558 3536 diaboli
2591 3490 2782 3552 patere
2811 3483 2948 3538 velit
2979 3483 3038 3538 in
3071 3483 3251 3539 nullo.
3277 3481 3532 3538 Dicimus
3559 3489 3758 3537 autem

2059 3583 2174 3624 non
2205 3569 2359 3639 quod
2389 3570 2510 3626 haec
2539 3570 2735 3626 omnia
2749 3571 2870 3640 jam
2895 3571 2987 3635 sit,
3028 3571 3124 3626 sed
3157 3570 3330 3640 ;quod
3361 3570 3434 3626 ad
3482 3570 3586 3624 hoc
3633 3584 3760 3626 esse

2059 3657 2374 3726 contendit,
2399 3659 2876 3714 sicutEcclesiam
2907 3659 3031 3716 sine
3067 3673 3216 3731 ruga
3246 3667 3302 3716 et
3333 3660 3590 3714 mascula
3619 3659 3762 3714 dicit

2060 3746 2368 3816 Apostolus
2387 3746 2605 3817 (Ephes.
2637 3763 2690 3816 v,
2723 3748 2837 3817 27).

2133 3835 2302 3891 Vens.
2344 3836 2426 3903 17,
2466 3839 2550 3890 18.
2601 3865 2670 3876 ——
2718 3836 3076 3891 Descenderat
3124 3841 3304 3891 autem
3327 3836 3403 3890 ad
3451 3837 3675 3904 fontem,
3707 3843 3761 3890 et

2050 3923 2378 3991 impleverat
2435 3923 2709 3991 hydriam,
2755 3941 2819 3978 ac
2858 3925 3247 3978 revertebatur.
3318 3925 3504 3980 Occurt
3521 3926 3669 3994 itque
3708 3927 3763 3978 ei

2061 4025 2264 4078 servus,
2321 4015 2372 4064 et
2400 4013 2528 4067 ait:
2580 4011 2903 4066 Pauan'llum
2945 4013 3082 4066 mihi
3105 4013 3283 4080 praebe
3337 4012 3412 4066 ad
3436 4009 3760 4066 sorbendum

2061 4115 2217 4167 aquae
2253 4099 2318 4154 de
2345 4100 2548 4166 hydria
2569 4105 2688 4154 tua.
2725 4100 2855 4164 Quae
2877 4101 3156 4169 respondit
3181 4117 3193 4154 :
3223 4101 3371 4167 Bibe,
3402 4106 3503 4154 95
3545 4099 3758 4154 domine

262 4187 334 4240 ad
364 4183 781 4240 bumiliandam
818 4183 1011 4239 saeculi
1039 4187 1417 4253 cupiditatum
1453 4187 1511 4242 in
1543 4191 1725 4258 seipsa
1763 4205 1957 4258 super—
1995 4197 2038 4250 D
2069 4191 2163 4252 mi,
2195 4191 2540 4257 celeriterque
2587 4191 2837 4257 deposuit
2875 4189 3132 4258 hydriam
3154 4204 3318 4258 super
3354 4190 3540 4243 ulnam
3578 4203 3754 4254 suam,

265 4275 417 4329 biam
452 4286 846 4342 provocamus,
891 4280 956 4327 ut
1007 4287 1131 4327 eam
1173 4273 1458 4342 bibamus,
1512 4275 1566 4329 id
1611 4285 1695 4331 est
1729 4291 1800 4331 ex
1843 4284 1954 4332 toto

261 4363 321 4417 in
362 4361 526 4418 nobis
563 4374 992 4416 consumamus.
1041 4361 1158 4417 Hoc
1207 4363 1371 4417 modo
1407 4363 1674 4419 lsraelitae
1707 4364 1954 4420 vitulum

261 4451 682 4506 comminutum
743 4449 1032 4516 biberunt,
1088 4458 1143 4506 et
1173 4451 1344 4508 draco
1377 4452 1550 4508 datur
1573 4467 1702 4508 esca
1733 4453 1957 4522 populis

265 4539 598 4608 rEthiopum
645 4538 793 4608 (Psal
863 4553 1058 4599 Lxxut.
1111 4540 1215 4603 l-i).
1251 4540 1569 4610 Respondet
1623 4541 1766 4606 illa;
1807 4543 1954 4608 Bibe,

261 4642 395 4684 cum
427 4626 634 4684 rationi
659 4626 802 4682 bene
832 4629 1159 4698 suggerenti
1189 4629 1388 4684 hilaris
1415 4629 1602 4684 obedit
1629 4630 1960 4686 benevolen-

261 4717 340 4771 tia
364 4717 436 4772 ad
463 4730 522 4772 se
543 4715 1326 4786 castigandameonscientize.
1343 4716 1583 4773 Camelis
1609 4726 1805 4787 potum
1827 4718 1957 4788 pol—

261 4803 487 4872 licetur,
519 4819 652 4859 cum
685 4803 994 4859 virtutibus
1023 4819 1092 4860 ex
1125 4803 1383 4874 lproprize
1419 4807 1759 4877 evagatione
1789 4806 1958 4876 cupi-

261 4893 452 4948 ditatis
484 4893 770 4948 instaurat
801 4892 994 4948 robur.
1029 4893 1193 4959 Cum,
1221 4893 1430 4963 inquit,
1465 4894 1560 4949 tali
1608 4894 1776 4950 modo
1817 4893 1957 4948 mihi

265 4995 426 5036 mens
457 4981 754 5036 munditiae
785 4981 968 5036 amica
993 4981 1270 5045 arriserit,
1311 4982 1487 5038 sciam
1519 4984 1716 5052 procul
1755 4983 1952 5050 dubio,

259 5077 314 5124 et
352 5070 698 5138 perpendam
748 5083 864 5124 non
907 5083 1032 5124 meo
1076 5070 1366 5136 exercitio,
1414 5071 1511 5126 sed
1567 5069 1767 5140 gratize
1843 5078 1956 5124 tute

263 5156 414 5211 dono
445 5157 595 5210 hanc
623 5156 936 5224 praeparari
984 5157 1043 5211 in
1075 5171 1163 5211 me
1199 5157 1576 5224 voluntatem,
1629 5172 1760 5226 quae
1793 5171 1954 5212 asso-

261 5243 404 5300 ciari
435 5253 726 5299 mereatur
780 5245 955 5312 Isaac,
996 5244 1141 5300 risui
1187 5245 1399 5300 scilicet
1435 5245 1798 5314 sempiterno,
1851 5245 1956 5315 qui

261 5347 423 5388 nunc
453 5331 599 5388 ridet
640 5332 697 5387 in
743 5347 858 5402 spe,
921 5333 1018 5389 sed
1060 5341 1247 5390 tamen
1276 5333 1453 5389 servit
1509 5334 1644 5401 tuis,
1691 5333 1949 5400 Domine,

263 5421 465 5477 officiis
487 5420 802 5477 militando.

2061 4282 2111 4330 et
2141 4277 2292 4332 dedit
2335 4280 2387 4332 ei
2415 4283 2620 4347 potum.
2671 4277 2759 4333 Ad
2801 4280 3006 4344 fontem
3060 4278 3348 4334 descendit
3389 4275 3754 4340 conscientia,

2063 4380 2196 4420 cum
2249 4380 2282 4420 a
2322 4365 2531 4422 crelesti
2561 4366 2844 4421 desiderio
2877 4365 3200 4421 deﬂectitur
3233 4366 3304 4420 ad
3357 4365 3551 4421 saeculi
3580 4365 3757 4434 hujus

2065 4453 2244 4509 ﬂuxa.
2280 4454 2481 4523 Implet
2537 4455 2808 4521 hgdriam,
2850 4469 2982 4509 cum
3041 4454 3111 4510 de
3155 4453 3357 4509 inﬁma
3413 4454 3539 4524 ejus
3575 4454 3758 4525 gloria

2063 4542 2274 4598 satiare
2301 4542 2504 4596 nititur
2527 4541 2853 4598 avaritiam.
2900 4542 3028 4597 Post
3070 4557 3202 4612 quae
3251 4541 3575 4609 revertitur,
3621 4542 3759 4612 quia

2065 4631 2322 4700 qualibet
2379 4629 2605 4698 expleta
2654 4629 2888 4686 libidine
2913 4629 3216 4700 aliquoties
3262 4629 3494 4686 animus
3528 4629 3756 4686 admissi

2064 4720 2344 4788 paenitens
2384 4719 2455 4772 ad.
2487 4733 2546 4773 se
2595 4719 2906 4774 reducitur.
2959 4719 3240 4774 Redeunti
3289 4733 3476 4774 servus
3505 4721 3753 4786 occurrit,

2063 4817 2196 4858 cum
2237 4802 2586 4872 resipiscenti
2625 4804 2985 4859 conscientiae
3028 4803 3256 4858 virtutis
3285 4804 3572 4873 appetitus
3609 4803 3753 4860 allu-

2064 4891 2166 4947 dit.
2197 4893 2513 4946 Pana-illum
2551 4907 2706 4960 aqua:
2743 4893 2818 4945 ad
2854 4892 3177 4946 sorbendum
3232 4892 3500 4961 postulat,
3537 4892 3755 4962 quoties

2066 4979 2461 5035 intellectualis
2517 4979 2755 5036 affectus
2825 4981 3211 5050 cupiditatum
3275 4979 3509 5036 ﬂuentis
3563 4981 3752 5037 sinum

2062 5067 2267 5123 mentis
2304 5068 2528 5138 deplere
2557 5069 2861 5124 desiderat.
2893 5069 3144 5126 Celeriter
3189 5082 3325 5140 ergo
3356 5068 3752 5138 obtemperans

2063 5157 2316 5226 hydriam
2369 5173 2532 5226 super
2584 5159 2770 5212 ulnam
2827 5158 3078 5228 deponit,
3129 5171 3264 5213 cum
3313 5157 3421 5212 sibi
3451 5157 3743 5226 scapulum

2061 5246 2266 5316 iniqua
2317 5247 2586 5316 patientia
2617 5247 2687 5302 ad
2750 5247 2866 5302 ima
2894 5246 3128 5302 curvari
3157 5245 3566 5301 carnalitatum
3611 5247 3749 5302 mole

2059 5335 2300 5404 respuit,
2347 5337 2441 5392 sed
2480 5335 2685 5392 debitze
2718 5334 3072 5390 fortitudinis
3119 5333 3356 5390 brachio
3389 5333 3746 5404 voluptatum

2063 5421 2356 5480 lasciviam
2387 5423 2696 5494 regendam
2745 5423 3002 5494 suscipit,
3044 5430 3100 5479 et
3155 5421 3396 5480 rationis
3427 5436 3525 5478 ore
3555 5436 3748 5480 consu-
