3904 6066
124 229 227 282 183

1307 227 1672 284 MORALIUM
1720 230 1788 284 IN
1840 231 2135 287 GENESIN
2190 232 2315 286 LIB.
2374 230 2488 284 VII.

3525 232 3621 285 186

105 363 385 418 mendam
421 364 679 433 exponit.
716 363 884 420 νειμ.
914 364 1022 434 (19.
1056 365 1162 434 20).
1188 365 1423 433 Cumque
1452 366 1544 419 ille
1573 366 1813 433 bibisset,
1856 369 1898 420 Α
1933 367 2152 436 absque
2203 365 2527 422 humilitate
2558 374 2613 421 et
2646 366 2921 435 patientia
2964 364 3221 421 exhiberi
3270 380 3383 421 non
3423 374 3623 436 potest.

104 450 317 520 adjecit
351 467 365 504 :
400 451 543 517 Quin
576 457 627 506 et
677 453 893 506 camelis
938 453 1044 506 tuis
1100 453 1356 507 hauriam
1393 469 1615 522 aquam,
1658 454 1823 508 donec

100 541 295 594 cuncti
354 540 563 594 bibant.
624 541 1031 611 Effundensque
1086 542 1343 610 hydriam
1399 545 1456 595 in
1517 542 1822 610 canalibus,

102 630 351 682 recurrit
403 629 478 682 ad
534 635 772 697 puteum,
834 635 892 682 ut
942 631 1186 683 hauriret
1230 645 1414 698 quam,
1470 634 1521 683 et
1570 631 1822 684 haustam

101 718 363 771 omnibus
396 719 611 772 camelis
660 718 830 771 dedit.
863 718 1023 773 Mens
1054 725 1200 773 tacta
1232 718 1511 774 divinitus
1554 733 1668 774 non
1726 734 1823 775 so-

100 807 228 861 lum
265 805 327 860 in
364 819 485 861 una
514 806 776 876 qualibet
803 821 863 862 re
909 807 1432 876 concupiscentiam
1463 805 1516 862 vi
1564 806 1824 862 rationa-

102 893 291 948 litatis
348 895 613 949 consumi
664 895 898 963 gaudet,
947 896 1102 950 sedet
1154 895 1425 950 omnibus
1471 896 1706 962 camelis,
1770 895 1824 950 id

106 989 193 1038 est
230 983 562 1039 humilibus
599 984 879 1039 virtutum
910 983 1117 1039 studiis
1147 984 1354 1039 datura
1384 990 1439 1040 et
1470 983 1827 1039 refocillatio—

107 1072 202 1125 nis
250 1071 470 1136 locum,
519 1070 689 1141 aquis
725 1072 911 1128 omnis
956 1072 1214 1128 molliciei
1262 1075 1451 1128 noxiae
1493 1086 1551 1128 se
1590 1072 1828 1128 haurire

107 1160 387 1229 spondet.
436 1158 637 1216 Virtus
679 1161 829 1217 enim
874 1176 991 1217 non
1036 1161 1209 1217 habet
1256 1176 1372 1231 quo
1414 1168 1664 1228 maneat,
1715 1160 1828 1217 nisi

107 1247 238 1302 vitii
276 1248 585 1303 humorem
618 1249 856 1318 spiritus
888 1249 1038 1319 ignis
1069 1249 1281 1305 sudum
1324 1249 1542 1305 reddat.
1596 1250 1823 1320 Aquam

107 1334 311 1404 itaque
345 1338 405 1388 in
444 1336 729 1390 canalibus
774 1335 1145 1403 effundimus,
1195 1350 1329 1391 cum
1369 1334 1823 1404 superﬂuitatem

106 1424 520 1479 saecularitatis
553 1438 651 1493 per
683 1424 1064 1480 humilitatem
1095 1423 1507 1495 cogitationum
1552 1425 1823 1479 exinani-

106 1526 255 1567 mus.
292 1513 533 1568 Canalis
562 1513 714 1568 enim
747 1514 818 1568 ob
854 1512 1266 1569 concavitatem
1313 1526 1479 1568 suam
1524 1513 1823 1568 humilita—

105 1608 218 1655 tem
287 1601 504 1657 mentis
560 1601 862 1671 signiﬁcat,
928 1602 1081 1658 unde
1139 1601 1351 1657 dicitur
1406 1601 1464 1655 in
1526 1601 1820 1657 Cantieis:

106 1690 278 1745 Coma:
311 1687 435 1759 ejus
461 1691 604 1744 sicut
622 1706 874 1759 purpura
903 1693 1047 1759 regis
1082 1692 1267 1745 vincta
1307 1690 1587 1745 canalibus
1639 1690 1821 1756 (Cant.

108 1792 202 1843 vn,
240 1780 324 1843 6).
358 1778 454 1832 Ad
484 1786 703 1847 puteum
751 1792 883 1833 vero
914 1777 1287 1845 recurrimus,
1322 1786 1383 1833 ut
1429 1793 1634 1847 aquam
1682 1778 1826 1833 bau-

109 1867 360 1934 riamus,
398 1867 757 1935 haustumque
789 1869 1006 1921 camelis
1032 1867 1255 1931 demus,
1287 1880 1416 1922 cum
1450 1867 1523 1920 ad
1567 1865 1824 1921 conside-

114 1956 362 2010 randam
406 1955 586 2011 totius
615 1963 824 2011 nostra:
845 1955 1320 2024 concupiscentia:
1360 1968 1605 2009 massam
1646 1954 1824 2009 aciem

112 2043 293 2098 animi
326 2043 684 2109 reducimus,
716 2052 780 2100 ut
812 2059 843 2099 a
870 2044 1077 2099 nostris
1117 2057 1243 2098 eam
1274 2042 1499 2097 sinibus
1542 2043 1825 2097 extruda—

114 2146 263 2198 mus,
321 2140 379 2187 et
441 2132 727 2187 virtutum
779 2146 1149 2202 quarumque
1204 2129 1478 2186 examina
1517 2129 1824 2185 libidinum

115 2220 558 2288 consumptione
610 2234 933 2290 pascamus.

182 2308 364 2365 Vens.
400 2311 489 2369 2-1.
525 2311 611 2362 22.
654 2339 723 2348 ——-
751 2310 851 2365 Ille
879 2314 1057 2363 autem
1082 2309 1547 2377 contemplabatur
1575 2324 1691 2361 eam
1732 2312 1825 2360 ta-

118 2399 275 2462 citus,
318 2400 463 2452 scire
498 2399 701 2464 volens,
733 2403 914 2452 utrum
966 2412 1287 2467 prosperum
1313 2399 1530 2464 fecisset
1568 2397 1824 2449 Dominus

115 2489 216 2539 iter
257 2502 444 2553 suum,
494 2502 569 2540 an
614 2502 741 2541 non.
797 2488 1096 2555 Postquam
1142 2501 1265 2553 ergo
1314 2486 1561 2539 biberunt
1612 2485 1822 2550 cameli,

113 2578 348 2645 protulit
393 2578 485 2629 vir
516 2577 736 2629 inaures
765 2590 960 2629 aureas
991 2575 1354 2644 appendentes
1381 2574 1541 2628 siclos
1580 2573 1735 2640 duos,
1775 2578 1825 2626 et

114 2666 369 2718 armillas
427 2664 653 2718 totidem
703 2664 881 2733 pondo
947 2665 1202 2718 sicterum
1272 2663 1466 2717 decem.
1527 2660 1824 2730 Virginem

114 2752 266 2808 taciti
302 2752 789 2821 coutemplamur,
833 2767 964 2808 cum
1005 2766 1039 2807 a
1078 2751 1321 2822 strepitu
1353 2749 1614 2806 forastico
1659 2762 1825 2804 men—

115 2842 268 2897 tibus
290 2841 626 2911 consopitis,
657 2855 835 2912 quam
864 2841 1177 2912 gloriosum
1209 2841 1280 2896 sit
1311 2855 1345 2895 a
1377 2838 1591 2909 peccati
1630 2851 1824 2893 morsu

1932 453 2137 510 Aureae
2174 463 2329 519 sunt,
2382 468 2514 510 cum
2557 468 2657 522 pro
2695 453 2812 509 solo
2847 454 2960 509 Deo
3011 453 3253 524 imperia
3294 455 3626 511 obedientize

1933 545 2099 600 liunt.
2124 544 2378 600 Armillae
2408 545 2589 614 pondo
2613 545 2761 599 siclm
2776 561 2865 599 um
2898 545 3073 599 decem
3121 553 3276 612 sunt,
3334 562 3463 602 cum
3498 561 3629 602 cor-

1933 646 2041 701 pus
2073 641 2335 688 nostrum
2368 641 2620 703 quatuor
2652 633 2969 689 subsistens
3000 634 3314 701 elementis,
3347 644 3401 691 et
3435 635 3630 690 anima

1931 720 2138 789 tribus,
2173 721 2466 778 intellectu
2496 721 2728 788 scilicet,
2774 723 3067 789 memoria,
3116 722 3433 790 voluntate,
3469 724 3629 793 prin-

1931 810 2217 879 cipalibus
2263 811 2429 866 donis
2480 810 2748 880 pendent,
2807 825 2874 867 ac
2924 826 3105 881 prona
3155 820 3293 867 sunt
3333 813 3404 868 ad
3452 812 3631 868 unius

1932 898 2278 954 desiderium
2325 899 2663 967 Trinitatis;
2711 899 2937 969 pondus
2986 914 3243 970 namque
3281 914 3348 955 ac
3377 901 3563 969 pondo
3595 914 3630 955 a

1927 987 2211 1055 pendendo
2264 987 2561 1054 dicuntur,
2590 996 2667 1042 vet
2708 987 2861 1055 quod
2896 987 3099 1056 pendet
3129 987 3198 1041 ad
3244 988 3463 1057 aliquid
3505 995 3626 1042 ten-

1932 1074 2032 1142 dit,
2063 1075 2215 1130 unde
2246 1082 2300 1130 et
2329 1084 2589 1131 amantes
2619 1075 2866 1144 pendere
2890 1076 3173 1131 feruntur.

2004 1163 2177 1219 VERS.
2211 1164 2406 1230 23,24,
2543 1195 2608 1203 —
2638 1165 2903 1232 Diamque
2926 1165 3000 1218 ad
3030 1182 3178 1219 eam:
3209 1166 3374 1233 Cujus
3395 1180 3447 1220 es
3468 1164 3631 1235 ﬁlia?

1930 1253 2030 1305 Est
2085 1253 2143 1304 in
2190 1252 2345 1305 domo
2391 1255 2572 1321 patris
2603 1255 2694 1306 tui
2732 1253 2876 1307 locus
2928 1253 3002 1307 ad
3069 1253 3432 1307 manendum?
3499 1254 3630 1319 Quae

1930 1339 2253 1408 respondit:
2306 1342 2450 1396 Filia
2497 1342 2773 1395 Bathuelis
2829 1357 2967 1408 sum,
3027 1342 3132 1410 ﬁlii
3171 1342 3407 1407 Nachor,
3467 1355 3628 1409 quem

1930 1432 2142 1497 peperit
2179 1431 2229 1481 ei
2256 1430 2483 1483 Melo/ta.
2518 1431 2805 1483 Palearum
2853 1446 3062 1499 quoque
3091 1434 3142 1483 et
3174 1432 3293 1496 feni
3328 1430 3628 1499 plurimum

1932 1522 2009 1570 est
2065 1518 2216 1585 apud
2270 1532 2362 1571 nos
2394 1524 2445 1572 et
2491 1520 2637 1572 locus
2666 1520 2941 1588 spatiosus
2971 1519 3046 1571 ad
3075 1518 3421 1572 manendum.
3477 1517 3627 1572 Dum

1931 1605 2381 1661 conversationis
2409 1612 2618 1660 nostra:
2646 1606 2894 1676 rigorem
2927 1606 3215 1661 ferventer
3254 1604 3625 1671 attendimus,

1933 1689 2113 1758 ipsam
2189 1690 2600 1747 conversionis.
2667 1691 2755 1744 vel
2813 1690 2984 1746 etiam
3040 1690 3372 1745 intentionis
3418 1697 3629 1745 nostrae

1932 1778 2215 1847 originem
2250 1792 2603 1846 causamque
2633 1777 2868 1833 solerter
2896 1778 3236 1848 plerumque
3263 1776 3626 1833 discutimus.

1935 1864 2100 1935 Cujus
2151 1880 2286 1935 ergo
2352 1866 2423 1920 sit
2468 1867 2591 1925 ﬁlia
2648 1874 2762 1922 tam
2827 1867 3016 1922 nitens
3076 1866 3446 1933 conscientia,
3514 1866 3628 1921 Deo

1933 1954 2164 2020 scilicet,
2202 1969 2274 2009 an
2302 1954 2527 2010 diabolo
2549 1962 2918 2025 propagante,
2950 1955 3021 2010 sit
3051 1955 3204 2010 edita
3227 1954 3625 2025 disquirimus,

1932 2056 2064 2097 cum
2096 2057 2167 2097 ne
2201 2042 2350 2097 bona
2381 2053 2445 2099 ut
2474 2044 2678 2097 assolet
2707 2057 2885 2112 prava
2916 2043 3227 2098 intentione
3262 2043 3625 2112 cmperimus,

1930 2138 2094 2185 caute
2111 2131 2506 2199 prospicimus.
2544 2132 2759 2185 Domus
2793 2130 3006 2185 diaboli
3039 2131 3133 2187 hic
3181 2130 3436 2186 mundus
3483 2130 3625 2185 dici-

1934 2226 2047 2274 tur.
2075 2220 2246 2274 Porro
2277 2219 2370 2274 hic
2399 2219 2604 2274 domus
2629 2220 2826 2288 patris,
2862 2218 3125 2274 videlicet
3167 2219 3285 2286 Dei,
3319 2233 3434 2274 non
3464 2218 3625 2274 aliud

1931 2314 2221 2376 estquam
2266 2321 2428 2362 mens
2480 2307 2603 2377 ipsa
2641 2321 2772 2377 quae
2804 2307 3182 2376 spiritualiter
3227 2307 3345 2377 ipso
3393 2307 3626 2362 inhabi-

1930 2403 2087 2452 tante
2114 2396 2403 2466 dirigitur.
2436 2396 2508 2451 Et
2539 2396 2688 2451 sicut
2709 2396 2861 2465 apud
2883 2396 3175 2452 diabolum
3217 2396 3625 2466 dispergimur,
3683 2404 3687 2409 '

1934 2483 2012 2539 ita
2068 2484 2138 2539 ad
2173 2498 2372 2539 curam
2423 2483 2711 2539 interioris
2758 2483 3006 2539 hominis
3052 2484 3204 2552 apud
3254 2485 3436 2539 Deum
3495 2497 3630 2538 vere

1903 2573 2158 2630 .Patrem
2217 2573 2371 2628 intra
2418 2588 2520 2629 nos
2567 2573 2722 2642 ipsos
2777 2588 2844 2628 ac
2896 2573 2943 2627 si
3000 2572 3294 2628 domestici
3372 2571 3628 2627 localiter

1932 2674 2383 2716 commanemus.
2440 2662 2620 2716 Locus
2674 2670 2869 2716 autem
2927 2661 3181 2716 lidelium
3228 2661 3480 2716 charitas
3518 2667 3622 2726 est,

1931 2762 2047 2804 non
2070 2749 2319 2811 horaria.
2357 2750 2473 2816 sed,
2508 2758 2573 2805 ut
2613 2750 2690 2805 ita
2719 2750 2925 2814 dicam,
2959 2748 3367 2815 mansionaria,
3398 2747 3550 2803 unde
3576 2754 3631 2802 et

1932 2838 2178 2907 Spiritus
2206 2847 2440 2893 sanctus
2494 2838 2585 2893 die
2625 2839 2977 2894 Pentecostes
3030 2837 3288 2893 illabitur
3347 2835 3626 2890 manenti-

115 2930 445 2985 immunem
475 2930 686 2986 habere
716 2929 1142 2997 conscientiam,
1173 2930 1328 2985 intra
1359 2942 1462 2983 nos
1492 2927 1646 2996 ipsos
1693 2938 1820 2994 per-
1859 2951 1900 3007 ρ
1933 2926 2043 2982 bus
2096 2925 2155 2980 in
2211 2926 2407 2983 eodem
2477 2927 2614 2982 loco.
2678 2927 2843 2994 Filia,
2902 2926 3114 2996 inquit,
3170 2925 3470 2992 Bathuelis,
3529 2928 3630 2977 96

120 3019 455 3088 pendimus.
538 3019 603 3073 In
677 3019 846 3088 cujus
907 3018 1357 3088 pulchritudinis
1448 3013 1822 3072 delectatione

119 3107 455 3175 auspicium
497 3107 791 3176 quoddam
837 3106 1171 3176 accipimus,
1233 3113 1432 3162 utrum
1486 3114 1825 3176 prosperum

120 3195 387 3251 desiderii
422 3195 604 3250 nostri
657 3209 895 3263 cursum
942 3194 1114 3250 faciat
1144 3194 1441 3261 Dominus,
1501 3194 1638 3264 quia
1685 3198 1826 3254 dum

120 3284 462 3339 divinarum
488 3283 693 3352 speciei
724 3297 916 3338 rerum
947 3283 1051 3338 soli
1086 3283 1413 3354 qumrendte
1450 3283 1823 3350 intendimus,

124 3374 195 3428 ibi
228 3372 483 3442 profecto
514 3386 582 3426 ac
629 3370 759 3427 siin
787 3371 928 3427 libro
960 3372 1223 3441 legimus,
1252 3371 1391 3441 quid
1423 3371 1578 3439 boni,
1612 3373 1828 3442 quidve

124 3461 256 3515 mali
288 3474 713 3529 exsequamur.
759 3459 900 3530 quid
926 3474 1103 3525 nunc,
1147 3459 1287 3529 quid
1332 3460 1389 3513 in
1433 3460 1629 3515 futuro
1655 3461 1828 3516 sorti-

126 3551 235 3605 turi
276 3564 511 3613 sumus,
551 3564 625 3605 ex
651 3550 852 3620 aliqua
900 3556 1058 3619 parte
1090 3562 1503 3619 prmsagamur.
1533 3552 1828 3619 Postquam

124 3637 303 3707 igitur
335 3637 546 3691 bibunt
570 3639 780 3705 cameli,
825 3638 923 3692 ubi
966 3636 1179 3692 scilicet
1210 3651 1243 3691 a
1281 3636 1496 3692 virtute
1526 3638 1829 3692 humilita-

124 3728 191 3780 tis
217 3725 610 3793 consumitur,
645 3725 931 3795 quidquid
987 3726 1138 3781 intra
1169 3740 1272 3781 nos
1315 3733 1398 3781 est
1449 3725 1570 3781 vitii
1615 3726 1830 3795 profert

126 3814 310 3869 virilis
368 3814 618 3869 feminea
687 3815 806 3883 jam
880 3814 1118 3870 exclusa
1188 3813 1422 3869 mollitie
1509 3813 1831 3871 intellectus

130 3904 426 3972 geminam
460 3903 575 3957 Deo
596 3910 651 3956 et
672 3902 1006 3957 hominibus
1046 3903 1201 3973 quod
1260 3917 1358 3971 per
1389 3907 1607 3957 inaures
1648 3903 1832 3974 signa-

131 3994 224 4045 tur
252 3989 660 4057 obedientiam,
693 3998 757 4045 ut
795 4004 927 4045 cum
959 3991 1074 4046 Deo
1095 3990 1334 4060 obsequi
1364 3991 1569 4046 nititur
1619 3992 1705 4047 his
1727 3992 1829 4062 qui

133 4078 237 4134 sibi
287 4086 529 4148 paterae
571 4085 841 4147 praesunt,
878 4086 935 4134 et
982 4079 1233 4134 fraterne
1260 4079 1489 4145 adsunt,
1525 4079 1581 4134 iu
1626 4081 1831 4136 auditu

131 4167 289 4222 auris
316 4174 726 4222 ornamentum
754 4167 1015 4237 obsequii
1045 4182 1158 4223 non
1192 4175 1449 4236 negetur.
1475 4167 1598 4222 Non
1643 4167 1829 4223 solum

1929 3032 2049 3070 sum
2080 3032 2092 3069 :
2126 3016 2367 3071 Batbuel
2387 3018 2542 3083 virgo
2574 3018 2676 3070 Dei
2694 3016 2906 3072 dicitur
2932 3030 2944 3069 :
2973 3015 3136 3084 virgo
3167 3021 3359 3069 autem
3393 3012 3473 3067 nil
3496 3026 3623 3067 con-

1933 3104 2303 3160 venientibus
2330 3103 2614 3173 accipitur
2643 3117 2820 3173 quam
2843 3103 3071 3169 veritas,
3105 3100 3394 3172 quiaquia
3422 3115 3495 3156 ex
3520 3103 3629 3155 Deo

1932 3200 2037 3261 est,
2073 3192 2152 3248 nil
2185 3206 2253 3248 ea
2286 3192 2491 3262 purius
2521 3200 2633 3260 est;
2667 3206 2827 3246 mens
2855 3191 3050 3261 itaque
3097 3190 3192 3260 pia
3216 3189 3509 3245 Batbuelis
3535 3189 3631 3255 fest

1934 3281 2072 3348 lilia,
2123 3281 2224 3351 qui
2255 3294 2328 3335 ex
2380 3279 2639 3336 castitate
2688 3279 2946 3334 veritatis
2982 3278 3155 3346 edita,
3207 3277 3369 3333 nulla
3408 3276 3626 3346 recipit,

1934 3369 2044 3424 nisi
2075 3368 2415 3425 sinceritatis
2443 3368 2679 3425 monita.
2707 3369 2892 3424 Omnis
2929 3367 3083 3423 enim
3134 3369 3232 3436 qui
3269 3372 3348 3421 est
3391 3384 3458 3420 ea:
3486 3367 3629 3419 veri-

1936 3462 2064 3524 tate,
2125 3458 2284 3510 audit
2328 3473 2506 3511 vocem
2561 3473 2733 3511 meam
2785 3460 2960 3522 (Joan.
3021 3470 3180 3522 xvut,
3228 3454 3336 3524 37).
3389 3454 3629 3510 Bathuel

1935 3546 2167 3602 Melcbae
2193 3556 2276 3601 est
2308 3546 2478 3613 ﬁlius,
2514 3547 2654 3615 quia
2677 3545 2886 3600 veritas
2934 3558 3047 3599 non
3081 3543 3191 3599 nisi
3222 3558 3323 3613 per
3350 3544 3628 3599 rationem

1935 3634 1996 3689 in
2044 3634 2207 3689 nobis
2254 3636 2534 3699 exoritur,
2569 3648 2700 3703 qum
2753 3632 2986 3697 Melcha,
3038 3631 3093 3686 id
3127 3638 3209 3686 est
3250 3634 3442 3698 regina
3497 3632 3630 3701 jure

1936 3722 2165 3789 dicitur,
2208 3724 2348 3793 quia
2391 3722 2670 3778 divinitus
2718 3721 3005 3777 illustrata
3052 3719 3265 3774 nostris
3319 3717 3632 3773 rectissime

1939 3810 2204 3865 sensibus
2253 3808 2634 3878 principatur,
2678 3807 2831 3862 unde
2876 3815 2931 3862 et
2976 3804 3260 3876 peperisse
3314 3805 3473 3861 hunc
3511 3804 3632 3859 Na-

1936 3899 2075 3954 chor
2129 3897 2360 3965 dicitur,
2412 3897 2515 3967 qui
2564 3898 2778 3965 requies
2827 3897 3046 3950 luminis
3092 3893 3437 3964 appellatur,
3491 3892 3631 3961 quia

1938 3984 2225 4055 quidquid
2284 3998 2438 4039 veras
2495 3982 2836 4054 cognitionis
2872 3982 3025 4037 intra
3056 3995 3159 4036 nos
3199 3994 3301 4051 per
3353 3978 3631 4044 Melcban,

1938 4073 2217 4130 rationem
2271 4072 2502 4140 scilicet,
2574 4070 2852 4143 gignitur,
2901 4071 2973 4126 ad
3040 4077 3331 4125 auctorem
3378 4069 3631 4138 profecto

1938 4163 2137 4225 Deum,
2175 4162 2233 4216 in
2263 4176 2380 4232 quo
2404 4175 2537 4216 vero
2569 4160 2785 4215 lumine
2815 4173 2850 4213 a
2879 4159 3130 4229 negotio,
3177 4158 3232 4213 id
3265 4165 3349 4213 est
3381 4164 3628 4226 peccato,

132 4255 283 4309 enim
312 4254 596 4323 patribus,
628 4254 725 4309 sed
784 4263 840 4310 et
885 4255 1040 4310 omni
1082 4255 1351 4310 humanae
1381 4264 1661 4311 creaturae
1704 4270 1826 4324 pro.
1866 4256 1907 4309 D
1936 4250 2369 4320 perambulante
2422 4248 2479 4302 in
2529 4247 2777 4303 tenebris
2832 4246 2997 4315 (Psal.
3040 4261 3116 4310 1x,
3178 4245 3231 4316 8)
3294 4244 3633 4315 insipientia:

136 4352 255 4412 pter
285 4344 470 4398 Deum
494 4343 664 4397 subdi
695 4343 968 4399 debemus
996 4346 1039 4409 (Ι
1065 4345 1205 4398 Petr.
1237 4358 1294 4410 Il,
1334 4345 1442 4413 t3).
1476 4343 1830 4413 Obsequium

136 4445 287 4498 vero,
318 4431 493 4501 juxta
520 4439 764 4499 poetam,
787 4433 953 4501 parit,
987 4432 1199 4488 amicos
1228 4431 1385 4502 (Tun.
1420 4432 1650 4500 Andr.),
1680 4431 1832 4486 unde

133 4528 185 4575 et
219 4520 457 4575 totidem
491 4519 733 4574 armillas
766 4521 969 4589 puellae
1011 4521 1281 4576 manibus
1323 4520 1696 4575 adhibentur.
1730 4520 1833 4574 Per

130 4609 402 4671 armillas,
462 4620 595 4677 quas
638 4607 927 4675 manibus,
991 4608 1159 4678 quasi
1206 4622 1419 4664 corona
1461 4607 1821 4677 praeminent,

131 4696 355 4751 fructus
386 4696 518 4751 boni
550 4696 738 4767 operis
770 4697 1069 4766 accipitur,
1103 4697 1259 4767 quod
1287 4705 1371 4752 est
1400 4711 1513 4766 pax
1548 4696 1729 4765 primo
1759 4695 1832 4750 ad

131 4785 333 4850 Deum,
367 4784 579 4840 dehinc
608 4786 680 4840 ad
722 4786 1085 4854 proximum;
1122 4799 1231 4854 pax
1263 4785 1416 4840 enim
1469 4784 1601 4839 belli
1641 4782 1829 4838 exacti

131 4874 398 4941 pretium,
458 4886 571 4940 pax
619 4886 848 4927 summa
907 4872 1168 4927 laborum
1217 4879 1344 4927 est:
1414 4885 1622 4926 manus
1690 4883 1824 4925 vero

135 4974 306 5029 opera
336 4960 643 5031 signiﬁcat,
681 4961 898 5029 quibus
926 4969 980 5016 et
1034 4961 1148 5015 Deo
1180 4960 1576 5029 obsequimur,
1622 4967 1677 5014 et
1706 4973 1833 5028 pro-

136 5049 289 5105 ximo
311 5048 581 5117 exempla
616 5049 957 5118 prmbemus.
990 5048 1294 5103 Praemium
1337 5055 1529 5103 autem
1590 5061 1831 5117 operum

135 5138 299 5193 etiam
367 5136 427 5191 in
469 5136 758 5206 przesenti,
808 5135 975 5206 quasi
1020 5135 1253 5204 quidam
1310 5148 1526 5190 ornans
1569 5149 1692 5202 nos,
1766 5148 1835 5189 ac

139 5225 403 5282 muniens
456 5224 711 5280 ambitus
779 5222 1163 5285 armillarum,
1241 5237 1404 5279 amor
1475 5231 1667 5279 noster
1761 5224 1834 5278 ad

144 5316 334 5379 Deum,
387 5313 608 5383 Deique
654 5312 726 5367 ad
780 5327 883 5368 nos
936 5325 1261 5381 rursusque
1316 5324 1388 5366 ex
1447 5312 1537 5380 pio
1596 5325 1834 5367 nascens

141 5415 301 5471 opere
332 5400 586 5471 proximi
619 5399 691 5454 ad
751 5413 871 5467 nos,
918 5406 973 5455 et
1023 5407 1218 5455 noster
1243 5398 1315 5453 ad
1355 5398 1709 5468 proximum.
1738 5399 1833 5453 In-

141 5503 289 5544 aures
334 5489 684 5561 appendth
727 5489 883 5543 siclas
940 5488 1096 5555 duos,
1144 5487 1284 5558 quia
1335 5500 1471 5543 vera
1513 5486 1837 5544 obedientia

1938 4337 2196 4393 suaviter
2251 4336 2623 4407 quiescimus,
2686 4336 2953 4391 refertur.
3005 4335 3109 4390 Per
3160 4335 3350 4405 paleas
3396 4334 3550 4403 quod
3598 4347 3633 4388 a

1940 4440 2123 4497 grano
2148 4425 2456 4492 decutitur,
2486 4439 2700 4494 eaquae
2728 4424 2785 4479 in
2814 4423 2980 4479 nobis
3005 4423 3397 4493 superfluunt,
3432 4421 3633 4491 culpas

1940 4513 2153 4570 scilicet
2185 4512 2578 4583 intelligimus.
2622 4512 2727 4567 Per
2759 4512 2951 4568 fenum
2981 4509 3359 4566 humanitatis
3409 4508 3634 4580 fragili-

1940 4612 2028 4659 tas
2055 4603 2364 4672 accipitur;
2405 4602 2595 4671 paleas
2641 4616 2797 4672 ergo,
2851 4610 2906 4657 et
2939 4600 3050 4656 feni
3083 4600 3397 4668 plurimum
3464 4597 3635 4652 habet

1941 4691 2205 4762 quisquis
2228 4681 2289 4746 et'
2310 4690 2616 4759 culparum
2649 4697 2703 4746 et
2722 4689 2966 4759 propriae
2996 4688 3188 4744 carnis
3212 4686 3340 4757 jugi
3369 4685 3634 4741 conside-

1941 4779 2161 4836 ratione
2191 4794 2304 4834 non
2335 4786 2505 4833 caret.
2550 4778 2655 4834 Sed
2699 4786 2752 4834 et
2795 4780 2937 4832 locus
2988 4778 3261 4845 spatiosus
3292 4774 3367 4827 ad
3417 4789 3634 4827 manen-

1940 4868 2069 4921 dum
2102 4866 2155 4921 in
2185 4867 2353 4922 domo
2381 4871 2479 4932 est,
2509 4867 2648 4936 quia
2671 4866 2777 4922 etsi
2806 4866 3060 4934 corporis
3089 4864 3314 4932 pondus
3355 4862 3631 4931 patimur,

1939 4964 1995 5013 et
2049 4957 2430 5010 circumstans
2486 4970 2589 5009 nos
2648 4962 2962 5025 peccatum,
3006 4953 3185 5007 latum
3222 4959 3412 5007 tamen
3466 4965 3636 5020 penes

1942 5059 2044 5100 nos
2070 5057 2482 5099 conservamus
2530 5042 2826 5099 cbaritatis
2876 5041 3235 5103 mandatum,
3268 5039 3423 5109 quod
3461 5039 3633 5095 etiam

1942 5133 2336 5202 complectitur
2374 5132 2694 5200 inimicum,
2751 5129 3022 5200 quodque
3067 5126 3246 5198 operit
3306 5126 3637 5182 multitudi-

1941 5236 2073 5277 nem
2132 5228 2517 5291 peccatorum,
2580 5220 2733 5276 unde
2789 5217 3046 5273 dicitur:
3108 5218 3374 5273 Statuisti
3416 5218 3474 5270 in
3529 5217 3637 5270 loco

1939 5313 2182 5380 spatioso
2233 5309 2397 5379 pedes
2441 5324 2580 5363 meos
2640 5308 2800 5377 (Psal.
2861 5320 2996 5372 xxx,
3054 5308 3129 5374 9).
3186 5304 3275 5360 Ad
3311 5304 3638 5359 manendum
3734 5290 3739 5296 ’

1943 5412 2081 5454 vero
2113 5403 2192 5453 est
2230 5398 2442 5454 scilicet
2492 5396 2565 5451 ad
2620 5394 3127 5465 perseverandum,
3172 5400 3235 5448 ut
3285 5407 3400 5448 non
3461 5390 3638 5445 verbo

1944 5495 1999 5545 et
2044 5486 2266 5557 lingua,
2321 5487 2418 5543 sed
2456 5498 2628 5555 opere
2671 5483 2983 5556 diligamus
3013 5491 3068 5541 et
3115 5481 3355 5538 veritate
3395 5480 3443 5549 (Ι
3478 5480 3636 5532 Joan.
