3904 6066
171 246 272 297 189

1346 242 1708 297 MORALIUM
1749 242 1819 297 IN
1857 243 2157 298 GENESJN
2196 243 2331 298 LIB.
2382 246 2491 299 VII.
3572 245 3669 295 190

163 381 345 430 tatem
372 374 623 430 Trinitas
656 376 810 429 hunc
841 387 1045 443 panem
1078 372 1321 441 amicus,
1352 373 1421 428 de
1450 372 1546 427 via
1601 371 1845 440 rediens,
1888 379 1935 432 Α
1965 373 2270 443 praeteritis
2347 374 2487 431 meis
2554 375 2813 445 lapsibus
2862 374 3186 444 panitendo
3233 388 3593 446 compungar
3654 390 3666 428 :

163 463 240 519 ab
273 463 463 520 amico
493 462 749 533 improbe
779 462 1026 533 postulat
1058 460 1207 532 (Luc.
1239 477 1314 531 x1,
1347 461 1440 533 6).’

236 552 468 607 Annuit
499 552 714 619 Laban,
752 559 816 606 ut
872 550 1164 621 loquatur,
1223 551 1362 621 quia
1392 549 1613 606 caeleste
1643 548 1870 604 deside-

164 641 321 697 rium
372 656 478 696 nos
501 641 787 711 praecipue
824 641 1012 711 juvat,
1035 647 1099 695 ut
1129 641 1282 710 quod
1330 639 1508 710 probe
1532 647 1867 709 conceptum

162 739 271 795 est,
304 729 610 786 efﬁciatur.
643 730 833 786 Verba
879 736 1070 784 autem
1119 743 1221 799 pro
1252 729 1424 785 rebus
1468 728 1524 783 in
1556 742 1718 784 sacra
1764 742 1871 798 pa-

163 818 330 887 gina,
378 820 629 873 maxime
658 818 835 873 veteri
872 818 1047 874 selere
1092 817 1247 887 poni,
1300 817 1441 873 nulli
1487 816 1729 873 dubium
1766 824 1868 872 est.

162 909 367 977 (Vsus.
414 909 501 976 34,
553 910 665 970 35.)
712 909 932 974 Servus,
981 909 1182 976 inquit,
1233 923 1351 961 sum
1401 907 1642 960 Abraha
1695 913 1745 960 et
1781 909 1875 960 Do-

161 1000 355 1052 minus
381 997 659 1051 benedimit
702 997 914 1050 domino
944 1012 1057 1050 meo
1098 996 1279 1064 valde,
1323 996 1382 1050 in
1422 1004 1708 1066 quantum
1758 995 1875 1050 sci-

162 1086 303 1142 licet
347 1099 478 1140 sum
527 1084 903 1140 aﬂectualitas
966 1098 1054 1138 me
1114 1083 1358 1155 subjicio
1430 1083 1657 1149 rationi,
1704 1084 1874 1154 cujus

164 1174 433 1229 dominio
486 1173 801 1229 ubertatem
853 1173 1007 1228 Deus
1051 1171 1252 1228 tribuit
1298 1171 1698 1242 provectionis,
1755 1187 1872 1225 ma-

166 1266 572 1332 gniﬁcatusque
623 1267 702 1316 est
753 1261 824 1317 ad
872 1274 1161 1317 summam
1213 1260 1586 1332 pertingendo
1619 1260 1871 1329 virtutis,

168 1368 295 1406 oves
320 1353 540 1407 habens
588 1350 995 1406 beneﬁcientia
1042 1349 1120 1405 ad
1150 1351 1480 1420 proximum
1511 1357 1566 1406 et
1597 1351 1654 1405 in
1688 1351 1875 1420 seipsa

170 1439 583 1509 simplicitatis,
618 1441 791 1507 boves,
828 1440 1218 1495 maturitatem
1270 1453 1497 1495 morum
1540 1446 1595 1495 et
1628 1440 1873 1510 gratiam

168 1529 624 1600 praedicationis,
674 1533 959 1597 argentum
1006 1528 1257 1584 scientia
1286 1534 1341 1583 et
1381 1528 1618 1598 eloquii,
1678 1545 1876 1582 aurum

166 1618 471 1688 sapientia
501 1626 601 1673 aut
633 1631 810 1673 sacra
835 1616 1147 1688 religionis,
1178 1631 1356 1671 servos
1383 1616 1695 1686 corporalis
1728 1631 1871 1672 con-

167 1707 447 1763 tumacia
491 1705 748 1778 legitimo
796 1721 900 1762 suo
963 1705 1235 1761 addicens
1298 1706 1557 1775 imperio,
1613 1708 1864 1769 ancillas,

165 1795 467 1851 interioris
526 1795 774 1851 lascivia
839 1794 1114 1850 castitatis
1176 1795 1478 1850 severitate
1530 1794 1869 1865 reprimens,

165 1886 404 1940 camelos
437 1885 897 1955 ponderositatis,
936 1898 1001 1939 ac
1049 1883 1286 1947 inertia.
1332 1888 1383 1937 et
1429 1886 1608 1938 asinos
1653 1883 1870 1939 stolidi-

168 1974 307 2029 tatis
343 1987 412 2029 ac
454 1973 703 2042 ineptia,
741 1972 813 2027 ad
856 1986 1104 2027 acumen
1150 1972 1361 2027 divina
1410 1972 1744 2028 subtilitatis
1773 1972 1876 2027 eli-

165 2077 363 2117 mans.
407 2060 547 2128 Qua
595 2069 925 2131 sequuntur
967 2075 1153 2130 usque
1197 2060 1268 2115 ad
1312 2075 1446 2116 eum
1500 2061 1711 2129 locum,
1771 2060 1872 2116 ubi

167 2150 363 2205 dicit:
414 2151 483 2204 Si
537 2152 727 2218 facitis
775 2149 1229 2216 misericordiam,
1290 2155 1341 2203 et
1414 2152 1698 2203 veritatem
1754 2166 1875 2204 cum

170 2240 391 2293 domino
447 2256 577 2307 meo,
646 2239 884 2293 indicate
940 2239 1099 2305 mihi,
1151 2238 1287 2294 satis
1315 2238 1585 2308 superius
1628 2247 1874 2294 tractata

169 2335 391 2397 patent,
447 2342 553 2383 nec
611 2327 942 2397 replicanda
990 2334 1145 2394 sunt,
1196 2342 1331 2382 cum
1380 2334 1460 2383 tot
1513 2327 1875 2383 discutienda

170 2425 413 2473 restent.
454 2418 553 2472 Est
604 2424 797 2472 tamen
837 2415 1012 2486 quod,
1067 2416 1171 2471 etsi
1216 2415 1483 2471 videatur
1510 2430 1631 2471 esse
1662 2416 1869 2472 disser-

168 2515 323 2572 tum,
356 2505 609 2575 aliquem
645 2519 874 2560 movere
921 2505 1119 2574 possit,
1165 2504 1374 2560 scilicet
1420 2504 1574 2575 quod
1622 2505 1834 2560 dicitur
1856 2523 1878 2580 ε⁴

175 2598 319 2651 Veni
360 2596 522 2649 hodie
556 2595 630 2648 ad
672 2597 876 2660 fontem
927 2609 1101 2664 aqua.
1171 2593 1226 2648 Si
1284 2592 1437 2649 enim
1498 2593 1621 2649 fons
1680 2608 1869 2663 aqua,

161 2686 342 2755 juxta
372 2684 529 2754 quod
561 2684 668 2738 hoc
694 2683 819 2738 loco
846 2696 987 2752 pene
1009 2682 1230 2752 ubique
1276 2682 1580 2750 sensimus,
1616 2682 1671 2737 in
1702 2682 1873 2750 cupi_

168 2773 370 2828 ditatis
393 2782 526 2841 typo
552 2771 851 2840 accipitur,
893 2770 1251 2826 contrarium
1293 2769 1541 2838 videtur,
1577 2768 1733 2838 quod
1764 2769 1835 2823 ad

169 2862 337 2917 ditur
380 2861 557 2922 hodie,
605 2860 701 2915 sed
757 2859 936 2925 hodie,
1002 2858 1057 2913 id
1104 2866 1190 2913 est
1238 2871 1340 2927 per
1387 2856 1870 2913 illuminationem

1977 462 2259 518 habemus
2282 464 2435 519 enim
2485 464 2774 525 sinistram
2833 464 2902 519 de
2941 463 3280 519 contritione
3325 463 3561 533 peccati,
3611 471 3667 518 et

1978 553 2272 608 dexteram
2295 553 2363 608 de
2393 560 2667 622 provectu
2697 551 2851 607 boni.
2890 553 2976 607 Ad
3008 553 3128 608 hac
3164 550 3349 623 gratia
3396 551 3492 607 Dei
3525 566 3659 606 cum

1978 654 2043 694 eo
2075 641 2229 710 quod
2286 642 2484 711 genuit
2542 641 2751 696 caelesti
2809 640 3108 706 desiderio,
3172 640 3412 696 Batbuel
3460 640 3673 696 scilicet

1981 730 2177 785 Laban
2228 730 2683 787 intellectualiter
2737 729 3011 785 inierunt.
3060 733 3113 783 Α
3170 733 3390 784 Domino
3427 744 3671 798 egressus

1981 825 2059 874 est
2104 834 2297 887 sermo,
2345 834 2415 874 ex
2461 818 2669 875 occulti
2701 818 2901 888 utique
2938 832 3186 874 censura
3216 816 3441 887 judicii,
3504 813 3671 885 quasi

1981 903 2190 974 sagitta
2245 918 2317 959 ex
2358 904 2629 974 pharetra
2679 917 2779 973 per
2817 903 3095 958 evidentis
3135 909 3247 957 tua
3306 898 3674 970 aspirationis

1983 1011 2198 1053 munus
2228 997 2327 1052 Dei
2360 996 2596 1052 emicuit
2621 995 2920 1061 sententia,
2948 1009 3021 1050 ex
3054 1008 3171 1064 qua
3200 1002 3353 1063 potes
3401 993 3669 1063 colligere

1981 1086 2134 1157 quod
2175 1100 2242 1141 ea
2291 1100 2409 1155 qua
2460 1085 2701 1140 interius
2750 1099 2852 1155 per
2902 1099 3007 1139 nos
3054 1082 3273 1139 doceris
3328 1083 3541 1149 unctio,
3598 1082 3671 1137 ad

1982 1175 2381 1232 certitudinem
2422 1182 2535 1231 tua
2566 1175 2777 1230 futura
2799 1174 3180 1244 provectionis
3227 1173 3338 1228 imo
3370 1172 3671 1243 perfectio-

1981 1266 2072 1320 nis
2099 1264 2485 1320 tibihabenda
2510 1263 2580 1319 sit
2614 1263 2780 1333 quasi
2830 1278 2933 1333 pro
2980 1255 3232 1333 quodam
3275 1261 3485 1319 calesti
3534 1275 3672 1317 ora-

1982 1355 2130 1410 culo.
2172 1354 2297 1409 Non
2346 1354 2498 1409 enim
2547 1353 2707 1408 aliud
2748 1353 2848 1409 tibi
2896 1367 3207 1423 suggerere
3249 1366 3348 1421 per
3386 1352 3667 1406 incertum

1984 1458 2285 1513 possumus
2317 1457 2491 1513 quam
2523 1442 2677 1513 quod
2705 1442 2838 1497 velit
2879 1441 3018 1511 ipse,
3050 1455 3182 1496 cum
3235 1440 3416 1495 simus
3448 1438 3672 1494 indubi-

1983 1540 2170 1588 tanter
2200 1533 2272 1588 ab
2298 1532 2440 1602 ipso.

2059 1622 2228 1678 Vens.
2277 1624 2363 1688 51,
2412 1623 2501 1686 52,
2554 1622 2640 1674 53.
2687 1648 2756 1658 -——
2802 1621 2886 1673 En
2939 1617 3171 1673 Rebecca
3231 1632 3410 1671 coram
3473 1620 3521 1670 te
3572 1618 3670 1681 est,

1985 1712 2108 1766 tolle
2152 1726 2288 1777 eam,
2335 1715 2384 1764 et
2418 1712 2768 1778 proﬁciscere,
2813 1713 2863 1761 et
2908 1709 2981 1762 sit
3012 1722 3151 1761 uxor
3178 1707 3284 1775 filii
3316 1706 3526 1759 domini
3572 1705 3673 1771 tui,

1980 1805 2120 1857 sicut
2169 1802 2373 1854 locutus
2410 1804 2489 1853 est
2539 1801 2814 1853 Dominus.
2866 1797 3021 1861 Quod
3069 1811 3190 1849 cum
3241 1795 3485 1849 audisset
3539 1808 3678 1863 puer

1982 1891 2286 1956 Abraham,
2352 1889 2606 1943 adoravit
2653 1890 2712 1941 in
2769 1892 2915 1941 terra
2983 1887 3288 1941 Dominum.
3338 1884 3678 1951 Prolatisque

1979 1982 2127 2035 vasis
2157 1980 2425 2046 argenteis
2454 1983 2504 2032 et
2529 1979 2730 2043 aureis,
2765 1981 2817 2030 et
2851 1976 3107 2042 vestibus,
3146 1972 3297 2027 dedit
3331 1988 3393 2026 ea
3438 1971 3678 2026 Rebecca

1980 2085 2078 2138 pro
2121 2083 2370 2135 munere,
2420 2066 2798 2134 frutribusque
2837 2064 2985 2135 ejus,
3027 2068 3078 2117 et
3118 2064 3287 2116 matri
3330 2074 3556 2114 munera
3591 2057 3679 2111 ob-

1983 2159 2125 2212 tulit.
2166 2156 2243 2223 Si,
2296 2155 2593 2226 inquiunt,
2640 2154 2935 2209 dexteram
2993 2150 3225 2207 virtutis
3269 2148 3456 2219 eligis,
3549 2159 3680 2202 ecce

1980 2247 2309 2313 Rebeccam,
2364 2245 2417 2300 id
2449 2251 2533 2299 est
2577 2242 2911 2314 patientiam
2962 2254 3078 2310 pra
3108 2238 3289 2294 oculis
3326 2235 3535 2292 mentis
3576 2233 3678 2290 tibi

1980 2334 2303 2390 habendam
2348 2346 2642 2403 cognosce,
2694 2331 2764 2386 ad
2816 2329 3187 2385 tentationem
3230 2325 3383 2381 enim
3456 2335 3678 2393 prapa—

1980 2437 2128 2491 rare,
2162 2430 2217 2478 et
2243 2436 2341 2491 per
2367 2420 2769 2477 tribulationes
2796 2431 3041 2487 regnum
3087 2415 3186 2469 Dei
3234 2413 3453 2468 intrare
3493 2419 3543 2466 te
3573 2424 3680 2464 ne-

1980 2526 2131 2568 cesse
2160 2519 2241 2567 est
2268 2509 2410 2581 (Act.
2443 2524 2560 2574 xw,
2613 2508 2723 2578 2t).
2761 2506 2812 2561 Si
2843 2520 2980 2575 ergo
3013 2504 3102 2558 vis
3151 2501 3453 2573 proﬁcisci,
3517 2498 3679 2554 bonis

1980 2601 2182 2670 utique
2212 2599 2437 2654 actibus
2474 2595 2819 2667 promoveri,
2860 2594 2983 2649 tolle
3013 2593 3084 2648 ab
3122 2592 3317 2647 intima
3348 2587 3678 2654 intentione,

1979 2688 2288 2744 sublevans
2318 2703 2457 2754 eam,
2483 2699 2554 2740 ne
2594 2699 2697 2754 pro
2741 2682 3005 2753 praesenti
3039 2679 3238 2751 procul
3272 2678 3449 2734 dubio
3507 2675 3679 2731 retri—

1982 2778 2216 2833 butione
2265 2776 2555 2831 ferendam
2607 2781 2773 2842 putes
2823 2786 2943 2826 esse
3002 2769 3343 2832 molestiam,
3393 2766 3491 2821 sed
3564 2764 3678 2819 tilio

1981 2865 2207 2921 Domini
2268 2865 2349 2920 tui
2406 2870 2646 2918 annecte
2692 2875 2839 2928 eam,
2895 2859 3013 2929 spei
3046 2857 3309 2913 videlicet
3351 2854 3562 2909 divina
3607 2867 3679 2908 ex

170 2949 400 3021 gratiae,
427 2949 502 3002 αά
527 2950 752 3015 fontem,
784 2955 1023 3016 βιηθοω
1072 2946 1285 3001 δείιίεθῐ
1344 2946 1506 3001 illum
1549 2960 1712 3001 083039
1742 2960 1872 3001 (5011-
1909 2964 1950 3020 c
1981 2955 2270 3010 intellectu
2298 2952 2569 3023 magistro
2600 2949 2929 3021 progenita,
2972 2962 3006 3002 a
3037 2961 3153 3018 quo
3204 2948 3352 3001 inter
3389 2956 3680 2999 arumnas

170 3037 541 3108 cupiscentia
554 3037 837 3104 venimus,
858 3036 1018 3103 dum,
1034 3037 1147 3090 Deo
1168 3034 1511 3100 illustrante,
1539 3035 1870 3105 voraginem

170 3124 530 3181 confusionis
555 3125 679 3195 ejus
732 3124 1120 3194 agnoscimus,
1170 3123 1324 3178 unde
1373 3130 1426 3178 et
1460 3130 1630 3191 stare,
1688 3124 1744 3178 id
1790 3132 1871 3180 est

170 3213 487 3285 vigilanter
512 3213 802 3269 decertare
828 3211 1045 3281 positus
1069 3210 1241 3282 juxta
1266 3219 1505 3280 puteum
1538 3212 1873 3281 perhibetur

172 3316 402 3358 servus.
441 3302 559 3356 Etsi
608 3301 748 3371 quia
805 3300 865 3355 in
910 3301 1117 3355 bonam
1182 3308 1403 3369 partem
1447 3301 1617 3356 fontis
1663 3315 1871 3356 nomen

173 3389 356 3459 accipi
410 3389 551 3446 solet
598 3389 918 3459 intelligere
966 3388 1188 3444 diverse
1227 3389 1496 3456 velimus,
1572 3389 1734 3442 hodie
1798 3389 1873 3443 ad

172 3483 379 3545 fontem
408 3478 698 3544 venimus,
731 3479 871 3548 quia
915 3492 1031 3533 non
1084 3477 1192 3532 nisi
1220 3491 1321 3548 per
1357 3477 1503 3533 diem
1537 3477 1747 3532 divina
1778 3492 1871 3533 co-

176 3567 473 3638 gnitionis,
498 3566 791 3636 sapientia
822 3573 876 3622 et
932 3566 1064 3622 vita
1111 3566 1321 3622 fontem
1351 3566 1710 3637 attingimus.
1748 3567 1874 3636 Ipse

175 3655 330 3709 enim
358 3654 511 3709 Deus
546 3668 645 3723 per
672 3653 924 3723 seipsum
954 3654 1303 3724 quaerendus
1331 3660 1431 3720 est,
1465 3656 1578 3720 Ego
1598 3667 1871 3723 namque,

175 3743 274 3810 ait,
324 3758 445 3797 sum
492 3745 584 3796 via
642 3741 815 3812 (Joan.
873 3757 989 3809 xw,
1047 3743 1124 3808 6).
1177 3743 1261 3798 Ad
1326 3742 1567 3798 Bathuel
1623 3756 1759 3813 ergo
1819 3749 1876 3796 et

174 3832 391 3897 Laban,
426 3832 494 3886 ad
520 3831 763 3902 gratiam
793 3830 1054 3886 videlicet
1085 3830 1204 3898 Dei,
1252 3845 1369 3900 qua
1398 3831 1481 3886 nil
1529 3830 1761 3895 castius,
1792 3830 1872 3885 nil

174 3920 457 3991 integrius
483 3927 584 3984 est,
626 3934 699 3975 ex
732 3932 850 3988 qua
881 3919 1097 3974 candor
1124 3919 1366 3974 caelestis
1403 3918 1668 3974 desiderii
1708 3920 1875 3975 nobis

176 4009 519 4074 innascitur,
551 4016 746 4063 utrum
808 4006 1258 4063 misericordiam
1301 4015 1356 4063 et
1406 4008 1710 4063 veritatem
1758 4009 1874 4063 Do-

176 4100 331 4155 mino
370 4106 566 4152 nostro
587 4095 799 4151 faciant
827 4095 1057 4150 dicitur.
1088 4095 1175 4150 Ex
1211 4095 1397 4166 gratia
1423 4096 1874 4151 misericordiam

177 4195 538 4259 peccatorum
567 4199 753 4239 venia
783 4183 1132 4253 accipimus;
1175 4198 1247 4240 ex
1280 4185 1540 4251 veritate,
1597 4186 1750 4255 quod
1784 4186 1875 4240 de-

175 4276 385 4334 sideria
465 4282 659 4329 nostra
734 4272 1047 4341 suspirant,
1120 4273 1539 4342 supercalestis
1610 4274 1876 4329 candoris

175 4364 454 4438 promissa
476 4360 803 4431 recipimus.
826 4362 891 4416 ln
921 4367 1207 4431 quantum
1235 4376 1370 4432 ergo
1390 4369 1444 4417 et
1474 4361 1593 4417 vim
1623 4362 1682 4417 in
1712 4363 1876 4417 nobis

177 4455 502 4525 gratia,-et
552 4449 790 4520 superni
841 4449 1101 4505 desiderii
1154 4448 1373 4507 fervere
1451 4450 1746 4518 sentimus,
1806 4451 1875 4506 de

176 4543 377 4599 futura
428 4546 625 4594 nostra
653 4537 1042 4593 misericordia
1089 4545 1143 4593 et
1173 4538 1415 4594 veritate
1447 4540 1538 4609 agi
1576 4539 1874 4594 nobiscum

177 4632 450 4687 sciamus.

249 4718 422 4775 Vnus.
451 4718 541 4781 49,
574 4716 662 4769 50.
684 4745 754 4754 —-
782 4718 886 4771 Sin
918 4714 1074 4769 aliud
1097 4716 1295 4783 placet,
1353 4719 1403 4769 et
1452 4716 1548 4770 hoc
1589 4716 1767 4778 dicite,
1814 4722 1875 4772 ut

174 4809 377 4865 cadam
418 4805 494 4859 ad
535 4805 832 4871 dexteram,
882 4807 992 4859 sive
1023 4804 1097 4858 ad
1127 4805 1427 4858 sinistram.
1467 4806 1873 4874 Responderunt

176 4899 369 4953 Laban
399 4900 451 4949 et
480 4892 709 4949 Bathuel
742 4910 753 4947 :
786 4896 837 4945 Α
868 4894 1091 4947 Domino
1142 4908 1385 4964 egressus
1419 4898 1497 4948 est
1537 4910 1736 4963 sermo;
1767 4911 1873 4949 non

174 4998 458 5057 possumus
488 4987 647 5036 extra
680 4982 943 5050 placitum
991 4980 1107 5052 ejus
1153 4981 1455 5050 quidquam
1508 4982 1663 5036 aliud
1702 4988 1872 5037 tecum

175 5077 344 5146 loqui.
388 5071 550 5138 Quod
581 5076 663 5125 est
692 5068 914 5125 dicere:
958 5069 1013 5125 Si
1054 5069 1299 5139 peccatis
1336 5070 1726 5126 emerentibus
1756 5086 1871 5128 non

176 5159 422 5222 veniam,
456 5164 513 5212 et
548 5156 914 5211 beatitudinis
947 5157 1235 5226 promissa
1274 5157 1676 5227 impletionem,
1716 5160 1870 5230 quod

174 5254 254 5302 est
292 5246 485 5316 gratia
528 5251 583 5299 et
643 5245 870 5312 veritas,
925 5244 1253 5315 impendere
1300 5247 1440 5302 mihi
1477 5247 1590 5303 Deo
1620 5261 1718 5317 per
1771 5262 1872 5303 vos

176 5341 449 5406 operante
481 5348 597 5389 non
629 5333 783 5401 libet,
831 5341 887 5389 et
935 5334 1043 5389 hoc
1070 5334 1351 5391 divinitus
1393 5335 1729 5405 inspirando
1777 5337 1871 5393 in-

177 5423 459 5490 notestite,
494 5429 558 5477 ut
590 5429 692 5477 aut
718 5422 793 5477 ad
839 5422 1134 5478 dexteram
1166 5422 1403 5479 tendens
1433 5424 1635 5495 potiori
1680 5426 1871 5482 studio

180 5511 413 5571 virtutis
452 5525 746 5579 exercear,
796 5515 895 5566 98
941 5519 1043 5568 aut
1088 5511 1333 5569 sinistra
1363 5526 1452 5568 me
1501 5514 1759 5582 credens,
1801 5514 1871 5571 de

1980 3053 2257 3113 partuum
2308 3041 2571 3097 osculum
2628 3052 2895 3109 superna
2968 3034 3374 3092 consolationis
3416 3031 3677 3100 accipiat.

1981 3129 2260 3185 Dominus
2305 3129 2424 3183 hac
2465 3125 2743 3196 loquitur,
2795 3124 2932 3179 dum
2972 3122 3191 3191 ubique
3230 3117 3677 3189 persecutionem

1983 3218 2331 3289 patientibus
2352 3215 2600 3272 caelestia
2623 3213 2745 3269 sola
2780 3225 3011 3282 sperare
3060 3217 3271 3265 monet.
3315 3207 3492 3263 Audit
3536 3205 3676 3272 hac,

1981 3308 2041 3363 in
2087 3313 2172 3362 est
2220 3304 2485 3375 intelligit
2547 3302 2786 3357 allectus
2835 3299 3044 3356 rationi
3111 3297 3462 3357 deserviens,
3517 3301 3573 3349 et
3622 3292 3680 3348 in

1981 3405 2155 3463 terra,
2191 3395 2296 3450 hoc
2333 3400 2419 3449 est
2450 3391 2507 3446 in
2557 3391 2844 3446 soliditate
2884 3386 3229 3444 humilitatis
3271 3385 3393 3441 sine
3438 3397 3556 3455 qua
3588 3396 3683 3451 pa-

1984 3483 2181 3539 tientia
2255 3496 2370 3536 non
2431 3486 2535 3547 est,
2618 3479 2801 3533 Deum
2867 3476 3159 3533 excelsum
3221 3481 3376 3531 tanto
3429 3470 3681 3528 vicinius

1982 3579 2199 3644 quanto
2231 3569 2509 3626 humilius
2533 3576 2676 3623 orat.
2726 3567 2879 3623 Vasa
2910 3572 3184 3635 argentea
3212 3562 3498 3632 capacitas
3545 3563 3685 3615 sunt

1982 3661 2131 3716 sacri
2204 3658 2438 3729 eloquii,
2506 3665 2562 3712 et
2625 3655 2893 3712 scientia.
2954 3655 3148 3709 Aurea
3205 3650 3544 3712 fecunditas,
3608 3662 3681 3702 ne

1983 3749 2221 3805 scientia
2284 3748 2460 3815 inﬂet,
2503 3745 2827 3814 charitatis;
2875 3750 3059 3798 vestes
3105 3739 3425 3797 sanctitatis
3485 3750 3678 3807 opera,

1983 3834 2201 3904 quibus
2232 3830 2630 3888 mortiﬁcanda
2658 3830 2906 3900 tegimus
2933 3840 3111 3896 super
3140 3832 3349 3881 terram
3398 3822 3676 3877 membra.

1984 3921 2331 3978 Proferimus
2386 3920 2512 3987 ista,
2598 3932 2731 3975 cum
2798 3915 3079 3987 proximis
3150 3913 3445 3969 reddimus
3494 3909 3676 3966 utilia.

1985 4012 2224 4068 Rebecca
2246 4026 2347 4080 pro
2378 4023 2593 4063 munere
2624 4022 2691 4063 ea
2717 4007 2941 4067 damus,
2976 4019 3107 4060 cum
3140 4001 3426 4059 laboranti
3471 3999 3681 4056 exinde

1985 4100 2275 4171 patientia
2352 4098 2575 4169 aliquid
2642 4094 3051 4152 consolationis
3121 4091 3350 4148 interim
3414 4088 3676 4145 facimus.

1988 4190 2300 4255 Fratribus,
2342 4187 2521 4242 animi
2554 4186 2721 4255 plane
2748 4184 3068 4239 virtutibus
3107 4180 3409 4237 desudanti
3458 4177 3683 4248 spiritui

1986 4277 2228 4333 viriliter
2259 4274 2668 4341 adnitentibus,
2714 4280 2769 4328 et
2800 4272 2968 4327 matri
3019 4269 3305 4336 charitati,
3363 4282 3495 4337 qua
3529 4272 3684 4320 amat

1985 4366 2140 4436 quod
2162 4364 2381 4432 tolerat,
2412 4363 2607 4418 eodem
2649 4361 2812 4416 modo
2858 4375 3083 4414 munera
3135 4356 3317 4414 solatii
3365 4355 3680 4412 oll‘erimus.

1986 4454 2180 4523 (Vens.
2243 4454 2356 4519 54.)
2421 4452 2677 4519 Initoque
2742 4452 2984 4503 convivio
3031 4451 3296 4502 vescentes
3340 4447 3569 4514 pariter,
3622 4458 3684 4497 ac

1984 4543 2224 4599 bibentes
2271 4546 2583 4596 manserunt
2632 4541 2730 4593 ibi.
2808 4538 3060 4594 Affectus
3128 4541 3319 4590 noster
3372 4539 3678 4601 postquam

1983 4638 2321 4700 conceptum
2368 4628 2708 4685 humanitus
2753 4627 3032 4690 timorem,
3082 4621 3433 4692 patientiam,
3476 4632 3543 4672 ac
3584 4618 3685 4672 hu-

1982 4719 2279 4775 militatem
2309 4718 2533 4774 reﬂavit
2573 4716 2838 4780 amando,
2871 4713 3207 4770 convivium
3251 4724 3383 4764 cum
3430 4705 3683 4778 prafatis

1981 4807 2252 4863 omnibus
2283 4807 2406 4873 init,
2437 4805 2575 4861 dum
2625 4804 2780 4875 quod
2812 4804 2869 4858 in
2917 4801 3075 4856 initio
3115 4795 3503 4854 conversionis
3531 4808 3683 4865 agre

1981 4897 2210 4963 tulerat,
2263 4896 2388 4959 hoc,
2436 4895 2493 4950 id
2535 4902 2620 4950 est
2691 4893 2931 4948 adversa
2999 4888 3200 4944 mundi
3253 4885 3372 4943 sola
3450 4883 3683 4939 virtutis

1981 4984 2283 5041 dulcedine
2339 4990 2557 5040 tractus
2598 4980 2962 5051 amplectitur
3012 4987 3067 5034 et
3109 4976 3408 5033 desiderat.
3479 4972 3680 5031 Vesci-

1981 5089 2115 5130 mur
2165 5088 2320 5145 ergo,
2382 5088 2513 5130 cum
2577 5070 2861 5141 quidquid
2894 5068 3063 5123 noxie
3114 5067 3328 5121 durum
3388 5076 3445 5118 se
3505 5058 3679 5116 menti

1979 5162 2270 5229 obtulerit,
2309 5162 2476 5219 dente
2519 5159 2757 5216 rationis
2798 5156 3115 5222 atterimus,
3164 5156 3307 5211 etin
3334 5167 3506 5210 usum
3555 5159 3679 5206 tra-

1979 5250 2253 5306 ducentes
2316 5248 2692 5321 spiritualiter
2763 5248 3126 5303 roboramur.
3189 5244 3465 5309 Bibimus,
3544 5253 3677 5295 cum

1979 5339 2254 5410 poculum
2313 5340 2511 5410 gratia
2572 5334 2917 5409 septiformis
2967 5333 3289 5390 hauriendo
3335 5332 3533 5388 eadem
3592 5343 3683 5384 co-

1982 5436 2157 5484 mesta
2179 5428 2499 5484 condimus.
2528 5430 2744 5482 Pariter
2792 5438 3108 5490 manemus,
3150 5435 3284 5477 cum
3331 5435 3365 5475 a
3404 5418 3684 5488 religione

1984 5517 2294 5586 proposita,
2341 5524 2396 5573 et
2438 5515 2509 5570 ab
2554 5515 2644 5571 his
2694 5529 2824 5585 qua
2872 5510 3253 5585 pramisimus
3305 5508 3464 5567 nullo
3512 5506 3687 5565 modo
