3904 6066
206 200 297 254 191
370 247 374 251 .
1106 203 1163 255 ν.
1207 200 1535 258 GUIBEllTI
1576 202 1874 258 ABBATIS
1912 204 1966 257 S.
2013 203 2252 258 lllARL‘E
2295 204 2382 258 DE
2423 202 2809 258 NOVIGENTO

3617 202 3713 255 l9'.’

213 330 406 387 dirimi
454 332 727 401 patimur.
776 334 886 399 lbi,
929 332 1067 401 quia
1097 331 1273 387 locale
1310 333 1558 388 verbum
1595 339 1698 399 est,
1740 332 1906 387 bonae
1943 328 1992 384 A
2024 331 2147 388 haec
2194 332 2315 402 ipsa
2356 331 2497 387 vitia
2538 340 2592 387 et
2640 331 2697 385 iu
2760 330 2995 400 psalmis
3039 338 3095 386 et
3144 330 3477 400 Evangelio,
3537 337 3715 398 portae

216 419 534 476 voluntatis
562 428 775 477 statum
806 419 1110 491 signiﬁcat,
1147 421 1271 476 sine
1316 436 1435 492 qua
1466 421 1552 476 his
1582 421 1910 477 cohabitare

215 508 347 580 quis
376 517 645 579 nequeat.

288 598 460 654 Vens.
505 602 592 664 55,
639 601 723 651 56.
762 626 832 638 -
871 598 1110 667 Sui-gens
1161 604 1340 653 autem
1386 615 1540 653 mane
1588 600 1793 654 locutus
1830 604 1908 653 est

209 702 349 756 puer
393 703 406 740 :
477 689 695 741 Dimitte
740 703 841 753 me,
893 693 953 740 ut
1005 686 1205 741 cadam
1252 687 1326 740 ad
1382 688 1657 741 dominum
1712 702 1903 740 meum.

213 776 622 844 Responderunt
670 778 872 842 fratres
905 775 1042 845 ejus,
1097 780 1148 830 et
1200 780 1419 830 mater:
1464 778 1682 830 Maneat
1723 776 1908 844 puella

213 865 404 917 saltem
439 864 615 918 decem
653 864 846 920 diebus
889 864 1039 934 apud
1067 879 1183 931 nos,
1215 870 1265 917 et
1300 868 1485 932 postea
1511 865 1901 932 proﬁciscetur.

212 954 402 1019 Nolite,
443 956 544 1021 ait,
596 968 678 1006 me
720 955 967 1019 retinere,
1025 954 1156 1022 quia
1195 951 1404 1005 diremit
1457 951 1708 1005 dominus
1760 953 1909 1004 viam

212 1056 404 1095 meam.
452 1042 589 1095 Puer
641 1057 796 1095 mane
843 1041 1051 1112 surgit,
1104 1054 1236 1095 cum
1285 1039 1475 1095 debita
1522 1039 1827 1096 sedulitate
1872 1053 1907 1094 a

213 1129 420 1185 mentis
453 1129 697 1185 infantia
728 1130 787 1184 in
830 1129 993 1184 virile
1038 1128 1214 1184 robur
1248 1126 1480 1183 virtutis
1519 1126 1758 1183 allectus
1796 1126 1907 1182 efﬁ-

204 1232 319 1274 cax
358 1233 417 1273 se
461 1218 718 1288 proripit.
762 1219 924 1273 Mane
966 1231 1068 1287 pro
1107 1216 1409 1272 sedulitate
1451 1215 1587 1286 poni
1630 1216 1785 1271 testis
1822 1223 1906 1271 est

214 1306 468 1377 psalmus
522 1322 535 1361 :
595 1310 754 1362 Mane
814 1309 988 1361 oratio
1046 1322 1165 1360 mea
1227 1308 1517 1374 praeveniet
1591 1309 1639 1358 te
1727 1304 1901 1373 (Psal.

211 1411 459 1462 Lxxxvu,
499 1397 603 1466 14).
640 1397 753 1451 Et:
788 1397 1086 1463 Castigatio
1125 1410 1243 1447 mea
1291 1397 1348 1447 in
1396 1396 1683 1448 matutinis
1723 1394 1902 1462 (Psal.

209 1498 383 1551 Lxxn,
434 1485 535 1553 14).
587 1486 873 1551 Dimittite,
918 1484 996 1539 ait
1045 1488 1104 1537 ut
1160 1483 1361 1537 cadam
1405 1484 1477 1536 ad
1509 1483 1804 1549 dominum,
1850 1482 1905 1536 id

208 1579 292 1627 est
347 1579 552 1628 vestrae
601 1571 901 1627 infusionis
944 1572 1203 1627 ubertate
1252 1585 1408 1626 meas
1447 1570 1680 1626 dilatate
1728 1584 1907 1641 angu-

208 1660 364 1728 stias,
399 1668 462 1716 ut
492 1660 853 1717 dominatrici
881 1660 1141 1717 omnium
1172 1659 1380 1716 rationi
1420 1661 1763 1730 conjungar.
1800 1658 1904 1714 Sed

208 1748 410 1805 matris
442 1748 755 1816 charitatis,
799 1756 1253 1818 czeterorumque
1293 1748 1573 1803 bonorum
1605 1747 1907 1817 respondet

206 1835 460 1905 eﬂ'cctus,
493 1838 581 1893 vel
616 1838 791 1892 decem
822 1837 1009 1891 diebus
1057 1837 1213 1907 apud
1259 1850 1318 1892 se
1358 1850 1588 1891 manere
1630 1836 1899 1905 puellam,

206 1939 307 1995 per
340 1926 768 1981 universitatem
800 1925 1001 1995 utique
1036 1924 1230 1996 lhujus
1274 1925 1565 1994 temporis,
1623 1924 1776 1994 quod
1817 1940 1902 1979 se-

206 2019 358 2083 ptem
389 2013 590 2070 diebus
627 2014 841 2085 agitur,
889 2014 1064 2069 trium
1097 2028 1229 2084 quae
1273 2013 1559 2082 praecipue
1599 2013 1902 2069 molestant

204 2117 335 2158 cum
388 2118 500 2159 usu
543 2103 829 2159 virtutum
870 2104 1251 2159 exercendam
1310 2102 1640 2173 patientiam
1685 2102 1901 2173 cogita-

208 2190 379 2247 tionis
433 2192 663 2255 scilicet,
713 2192 1040 2258 locutionis,
1104 2199 1159 2248 et
1216 2192 1422 2261 operis,
1480 2201 1541 2248 ut
1599 2206 1733 2247 cum
1781 2192 1901 2247 haec

204 2279 497 2351 religionis
554 2281 686 2352 jure
761 2279 1086 2350 defregerit,
1153 2280 1532 2349 proﬁciscitur
1596 2279 1666 2334 ad
1717 2279 1895 2345 Isaac,

204 2368 403 2437 gaudii
437 2369 637 2425 reterni
680 2368 954 2439 jubilum.
1004 2369 1288 2424 Denarius
1326 2375 1519 2423 autem
1572 2382 1645 2423 ex
1683 2376 1898 2437 septem

202 2464 258 2512 et
308 2457 495 2513 tribus
553 2464 793 2513 constat.
865 2457 1074 2524 Quare,
1140 2456 1240 2524 ait,
1289 2470 1324 2510 a
1378 2463 1569 2511 vestra
1620 2456 1899 2526 parcitate

204 2544 495 2610 cohibeor,
541 2546 641 2616 qui
677 2545 798 2615 jam
847 2546 1060 2601 futurae
1100 2544 1425 2602 directionis
1473 2559 1611 2600 mete
1656 2546 1894 2615 gloriam

204 2631 558 2702 speculando
590 2640 877 2703 praegusto
894 2633 921 2687 ‘?

277 2721 449 2777 Vsus.
485 2725 575 2787 57,
608 2724 696 2787 58,
733 2725 820 2788 59,
852 2724 939 2776 60.
990 2753 1057 2761 —
1097 2723 1368 2783 Vocemus,
1404 2721 1698 2792 inquiunt,
1741 2725 1897 2792 puel-

206 2811 335 2875 lam,
391 2813 441 2862 et
479 2825 784 2877 quaeramus
817 2812 991 2879 ipsius
1038 2810 1384 2864 voluntatem.
1430 2812 1666 2878 Cumque
1705 2817 1896 2867 vocata

2017 421 2216 477 mortis
2254 421 2420 492 (Psat.
2460 436 2571 487 cvu,
2620 419 2705 490 18)
2743 427 2797 476 et
2838 427 3013 489 portae
3053 428 3336 475 vocantur
3395 420 3712 475 inferorum

2020 510 2236 577 (Matth.
2278 516 2388 576 xvt;
2426 508 2531 578 18).

2090 597 2258 654 VEns.
2294 601 2379 652 6t.
2421 627 2489 638 —
2528 600 2708 665 Igitur
2739 598 2985 666 Rebecca,
3030 603 3078 651 et
3107 598 3300 666 puellm
3328 597 3444 667 ejus
3477 600 3714 653 ascensis

2017 688 2231 740 camelis
2262 692 2453 741 secutae
2489 692 2615 741 sunt
2661 689 2859 740 virum.
2914 689 3023 751 Qui
3059 688 3293 752 festinus
3334 688 3716 741 revertebatur

2017 775 2090 828 ad
2133 775 2411 830 dominum
2458 790 2634 829 suum.
2683 776 2924 829 Rebecca
2978 775 3198 844 puellas
3248 775 3419 831 habet
3456 775 3714 840 comites,

2017 863 2151 933 quia
2195 864 2481 934 patientiae
2514 879 2619 919 nec
2664 864 2899 919 humilis
2936 863 3304 931 verecundia,
3348 878 3536 934 neque
3579 864 3718 919 sim-

2013 953 2177 1022 plicis
2225 953 2617 1022 temperantiae
2687 954 2896 1008 desunt
2944 953 3334 1023 cogitationes.
3389 953 3724 1010 Asceudunt

2015 1042 2280 1110 camelos,
2312 1051 2367 1098 et
2397 1049 2728 1110 sequuntur
2754 1043 2959 1108 virum,
2984 1056 3115 1097 cum
3148 1042 3456 1097 humilium
3487 1041 3717 1111 fastigio

2014 1128 2300 1186 virtutum
2348 1131 2563 1199 pariter
2604 1129 2957 1197 innituntur,
3003 1138 3058 1184 ct
3109 1130 3424 1199 appetitum
3474 1129 3721 1185 caelestis

2016 1219 2149 1276 boni
2190 1220 2357 1289 quasi
2399 1220 2600 1275 ducem
2641 1220 2974 1288 virumque,
3017 1233 3134 1287 quo
3167 1233 3389 1288 semper
3417 1218 3723 1273 fecundan-

2015 1315 2132 1373 tur,
2178 1316 2532 1378 sequuntur.
2600 1308 2654 1363 Is
2699 1307 2898 1363 festiue
2938 1308 3012 1360 ad
3055 1307 3331 1361 dominum
3369 1307 3715 1378 regreditur,

2016 1396 2155 1466 quia
2192 1410 2264 1451 ex
2305 1403 2515 1451 natura
2554 1394 2801 1461 virtutis,
2842 1407 2908 1448 ac
2952 1393 2997 1449 si
3044 1393 3193 1464 ignis
3231 1393 3301 1448 ad
3341 1393 3584 1455 excelsa,
3625 1393 3719 1460 {ad

2015 1499 2149 1540 eum
2194 1498 2228 1539 a
2270 1498 2386 1554 quo
2425 1485 2600 1540 datur
2656 1482 2963 1539 insatiabili
3007 1482 3296 1552 appetitus
3341 1496 3544 1554 amore,
3579 1496 3717 1537 con-

2015 1572 2257 1628 veritur.

2088 1660 2261 1717 Vnus.
2296 1663 2384 1727 62,
2426 1663 2492 1715 63
2549 1691 2617 1700 —
2650 1663 2727 1715 Eo
2761 1664 2994 1728 tempore
3020 1661 3179 1715 Isaac
3206 1658 3586 1713 deambulabat
3617 1672 3721 1725 per

2013 1751 2161 1803 viam
2204 1765 2322 1817 qua
2349 1750 2498 1804 ducit
2543 1750 2618 1803 ad
2658 1753 2900 1818 puteum,
2936 1748 3090 1816 cujus
3139 1763 3328 1801 nomen
3380 1749 3617 1803 Viventis
3666 1750 3719 1798 et

2021 1838 2285 1892 Videntis.
2312 1837 2608 1892 Habitabat
2637 1839 2778 1890 enim
2810 1838 2869 1889 in
2901 1841 3048 1890 terra
3075 1837 3313 1889 australi
3345 1850 3357 1888 :
3392 1839 3442 1888 et
3470 1848 3719 1901 egressus

2010 1928 2197 1993 fuerat
2227 1926 2301 1979 ad
2325 1927 2701 1980 meditandum
2732 1928 2790 1979 in
2816 1941 2949 1993 agro
2980 1926 3245 1978 inclinata
3261 1924 3381 1992 jam
3409 1923 3517 1977 die.
3552 1925 3718 1978 Cum-

2012 2031 2114 2083 que
2143 2016 2367 2068 levasset
2395 2016 2573 2068 oculos
2601 2029 2745 2077 suos,
2780 2013 2922 2067 cidit
2952 2014 3178 2068 camelos
3207 2018 3475 2066 venientes
3496 2013 3713 2080 procul.

2012 2102 2131 2158 Hac
2159 2102 2333 2157 animi
2368 2110 2697 2171 tempestate
2730 2102 2874 2157 votis
2907 2102 3144 2172 ubique=
3170 2101 3527 2157 ferventibus
3555 2102 3716 2155 Isaac

2006 2208 2109 2261 per
2139 2196 2284 2245 ciam
2315 2191 2647 2247 deambulat
2685 2207 2804 2261 qua:
2832 2191 2985 2245 ducit
3015 2190 3088 2245 ad
3118 2195 3360 2259 puteum,
3403 2190 3540 2245 dum
3583 2204 3717 2258 spes

2007 2283 2240 2350 superni
2291 2279 2486 2350 gaudii
2518 2294 2618 2349 per
2642 2294 2777 2334 eum
2821 2279 2921 2350 qui
2954 2280 3051 2334 via
3098 2280 3169 2334 ad
3198 2293 3257 2333 se
3285 2278 3562 2334 euntibus
3602 2286 3709 2345 est,

2009 2369 2325 2439 gradiendo
2358 2368 2579 2438 proﬁcit
2609 2368 2680 2422 ad
2710 2367 2839 2438 ejus
2871 2366 3055 2437 ipsius
3080 2366 3487 2438 cognitionem,
3514 2367 3616 2436 qui
3654 2375 3716 2422 et

2008 2457 2129 2527 ipse
2161 2465 2385 2526 puteus,
2435 2457 2492 2511 id
2526 2464 2610 2513 est
2654 2456 3033 2526 profunditas,
3081 2464 3167 2512 est
3205 2455 3496 2524 sapientiae
3538 2456 3715 2511 totius

2005 2555 2062 2602 et
2099 2546 2349 2601 scientiae
2391 2547 2819 2611 thesaurorum,
2863 2545 3019 2614 cujus
3064 2559 3178 2600 non
3212 2560 3400 2597 nomen
3446 2545 3710 2610 Vicmtis,

2003 2642 2061 2692 et
2090 2649 2218 2691 cum
2242 2643 2419 2691 suaet
2441 2634 2722 2705 generalis
2749 2636 3004 2690 omnium
3037 2634 3109 2691 sit
3132 2634 3267 2702 vita,
3300 2648 3509 2689 nomen
3539 2634 3716 2689 habet

2003 2724 2175 2780 etiam
2225 2724 2489 2790 Videntis,
2529 2722 2779 2791 seipsum
2831 2722 3039 2779 scilicet
3088 2724 3187 2792 qui
3229 2726 3315 2778 est
3346 2723 3465 2778 vita
3517 2722 3715 2778 videre

2003 2820 2058 2868 et
2087 2813 2229 2868 alios
2283 2812 2555 2873 facientis.
2614 2814 2677 2866 In
2730 2813 2967 2866 australi
3013 2825 3266 2880 namque
3310 2816 3475 2876 terra,
3523 2810 3577 2865 id
3625 2820 3713 2867 est

203 2900 452 2960 venisset,
487 2900 749 2952 sciscitati
787 2903 929 2960 sunt,
963 2898 1195 2953 dicentes
1224 2914 1237 2951 :
1274 2900 1367 2952 Vis
1400 2900 1481 2951 ire
1525 2914 1644 2953 cum
1688 2899 1895 2952 homine
1933 2902 1973 2959 C
2004 2902 2061 2957 iu
2090 2901 2408 2971 spiritualis
2442 2900 2682 2955 fervoris
2720 2913 2787 2955 ac
2821 2900 3123 2956 soliditatis
3146 2900 3351 2971 gratia,
3396 2900 3705 2965 habitabat,

205 2989 348 3042 isto?
400 2988 530 3052 Quae
555 2989 635 3041 ait
668 3003 684 3056 ς
724 2988 949 3041 Vadam.
987 2990 1319 3041 Dimiserunt
1350 3003 1482 3050 eum,
1526 2992 1582 3041 et
1633 2990 1899 3042 nutricem

207 3076 343 3144 ejus,
395 3092 713 3145 servumque
777 3077 1077 3139 Abraham,
1143 3081 1192 3131 et
1239 3079 1452 3131 comites
1504 3074 1645 3146 ejus,
1695 3080 1895 3146 impre-

209 3169 390 3219 cantes
441 3180 707 3235 prospera
754 3166 930 3219 sorori
974 3180 1104 3230 sum,
1160 3168 1324 3232 atque
1375 3164 1610 3218 dicentes
1646 3181 1658 3218 :
1734 3166 1899 3221 Soror

202 3258 391 3308 nostra
431 3269 505 3319 es,
555 3269 762 3309 crescas
807 3255 867 3308 in
900 3254 1047 3308 mille
1094 3254 1289 3318 millia,
1323 3260 1376 3308 et
1415 3254 1693 3322 possideat
1722 3270 1899 3308 Semen

205 3348 357 3397 tuum
414 3347 601 3411 portas
636 3344 978 3397 inimicorum
1014 3357 1253 3395 suorum.
1305 3341 1592 3399 Vocamus
1638 3344 1894 3411 puellam,

202 3443 336 3486 cum
371 3430 571 3486 matris
602 3437 656 3486 et
687 3431 954 3498 fratrum,
988 3430 1307 3485 secundum
1348 3430 1501 3499 quod
1533 3430 1746 3485 dictum
1791 3437 1894 3498 est,

202 3517 439 3587 aspirati
492 3518 726 3574 consilio
784 3524 1041 3573 nostram
1088 3530 1163 3572 an
1220 3531 1585 3587 perseverare
1637 3517 1773 3574 velit
1838 3519 1896 3573 in

202 3605 523 3662 sanctitatis
566 3606 758 3663 studio
793 3606 1170 3677 disquirimus
1219 3606 1643 3662 conscientiam.
1695 3609 1898 3661 Vocata

202 3692 454 3759 advenit,
489 3708 619 3749 cum
652 3694 890 3750 rationis
926 3694 1319 3750 concionantis
1344 3693 1564 3763 judicio
1596 3701 1710 3749 tota
1748 3695 1895 3749 assi-

202 3782 317 3838 stit.
372 3782 678 3838 Desideriis
735 3782 913 3854 igitur
956 3782 1281 3838 cmlestibus
1326 3790 1380 3838 et
1424 3783 1523 3838 Dei
1573 3783 1793 3853 gratiae,
1841 3791 1896 3838 et

201 3870 497 3926 charitatis
553 3870 782 3926 aﬁcctui
840 3871 1002 3941 plene
1048 3871 1397 3940 respondens
1448 3871 1630 3935 fratri,
1685 3870 1896 3926 scilicet

203 3959 421 4026 Labau,
467 3959 750 4027 Bathucli,
799 3968 853 4015 et
892 3960 1083 4028 matri,
1122 3974 1378 4027 servum,
1425 3965 1526 4014 99
1566 3960 1620 4015 id
1661 3967 1745 4015 est
1784 3959 1895 4029 pie-

203 4048 333 4102 tatis
359 4046 628 4117 sequitur
657 4048 994 4116 appetitum,
1039 4058 1093 4103 et
1132 4048 1189 4102 in
1223 4048 1604 4117 amplitudine
1641 4055 1895 4103 contem-

200 4134 465 4205 plationis
503 4135 797 4190 dilatanda
832 4135 1086 4200 laxatur,
1122 4151 1253 4191 cum
1288 4136 1513 4193 nutrice
1551 4150 1677 4203 sua,
1730 4135 1893 4191 vide-

2007 2999 2204 3046 auster
2224 2990 2378 3045 enim
2402 2989 2624 3044 calidus
2644 2996 2727 3043 est
2749 2996 2956 3044 ventus
2987 3004 3161 3059 quem
3186 3003 3431 3057 sponsus
3458 2989 3513 3042 in
3546 2988 3706 3045 Can-

2003 3079 2131 3134 ticis
2181 3079 2250 3133 ad
2297 3077 2593 3147 perﬂanda
2640 3085 2900 3132 aromata
2944 3091 3052 3133 sua
3088 3078 3371 3133 sollicitat.
3404 3077 3585 3148 (Cant,
3627 3093 3706 3142 tv,

2008 3168 2116 3235 16).
2169 3167 2273 3222 Sed
2307 3175 2426 3236 post
2461 3165 2776 3235 spiritualis
2806 3166 3203 3222 excellentiam
3236 3181 3440 3222 sensus
3474 3167 3548 3220 ad
3586 3183 3703 3221 me-

2006 3256 2296 3310 ditandum
2335 3260 2394 3309 in
2437 3270 2571 3323 agro
2600 3256 2787 3320 fuerat
2825 3269 3090 3322 egressus,
3137 3255 3275 3309 dum
3326 3254 3399 3310 ad
3427 3255 3713 3325 discepta-

2006 3344 2216 3399 tionem
2248 3342 2578 3412 passionum
2601 3340 2876 3409 corporis,
2908 3341 3065 3410 quod
3094 3340 3220 3410 agri
3245 3354 3399 3396 more
3420 3340 3585 3396 nobis
3613 3356 3713 3397 ex-

2003 3431 2303 3487 colendum
2342 3438 2446 3495 est,
2480 3429 2801 3485 necessario
2833 3429 3156 3485 sublimitas
3186 3428 3492 3484 deducitur
3531 3429 3710 3485 intel—

2005 3519 2202 3575 lectus.
2246 3519 2556 3589 Egreditur
2593 3520 2652 3571 in
2689 3533 2823 3587 agro
2859 3517 2933 3571 ad
2972 3518 3369 3585 meditandum,
3403 3517 3491 3574 vel
3532 3518 3711 3588 juxta

2002 3608 2269 3678 quaedam
2305 3606 2674 3676 exemplaria,
2710 3606 2785 3660 ad
2814 3605 3147 3671 metendum,
3188 3620 3319 3661 cum
3347 3606 3416 3661 de
3449 3606 3708 3662 thalamo

2002 3696 2241 3752 internae
2271 3694 2694 3764 speculationis,
2728 3694 2801 3749 ad
2840 3694 3265 3750 meditationem
3295 3694 3523 3766 cogitur
3546 3710 3712 3752 mens

1998 3784 2268 3854 supernis
2292 3784 2514 3839 imbuta
2543 3782 2772 3854 gaudiis
2789 3795 2944 3837 curae
2975 3783 3236 3849 actualis,
3271 3789 3373 3839 aut
3404 3783 3476 3838 ad
3512 3784 3706 3852 prteﬁ-

2001 3874 2274 3944 gendum,
2318 3873 2423 3927 sibi
2460 3880 2640 3927 metas
2679 3885 2964 3939 corporeae
2993 3871 3368 3927 restrictionis
3419 3872 3708 3942 compellit

2000 3960 2260 4015 animum
2309 3959 2513 4015 subitae
2551 3959 2805 4014 molestia
2835 3958 3185 4015 tentationis.
3238 3959 3399 4024 Quod
3443 3960 3502 4015 tit
3538 3963 3703 4015 incli-

1998 4054 2135 4102 nata
2157 4048 2278 4115 jam
2310 4048 2414 4112 die,
2462 4047 2517 4102 id
2545 4054 2629 4103 est
2657 4048 2952 4103 subtracta
2984 4047 3281 4117 paulisper
3310 4048 3522 4105 divinae
3552 4065 3701 4105 con-

2002 4136 2386 4205 templationis
2426 4136 2570 4191 luce.
2626 4135 2730 4191 Sed
2772 4137 2928 4190 Isaac
2968 4136 3120 4192 levat
3177 4137 3376 4203 oculos,
3421 4137 3702 4207 videtque

198 4222 329 4279 licet
370 4222 749 4292 providentia,
791 4238 921 4293 quae
953 4239 1023 4280 ne
1062 4225 1201 4293 quid
1242 4225 1414 4279 nimis
1453 4225 1550 4279 ﬁat
1581 4238 1892 4295 procurare
1930 4255 1974 4310 υ
1998 4226 2189 4294 procul
2216 4226 2461 4292 camelos,
2495 4224 2634 4280 dum
2663 4237 2868 4279 rursus
2898 4237 2931 4277 a
2959 4225 3203 4293 propriae
3246 4239 3421 4281 sensu
3471 4224 3702 4297 fragili-

199 4311 421 4378 debeat,
475 4317 529 4366 et
577 4311 650 4366 ab
692 4326 931 4368 excessu
980 4320 1198 4383 arceat;
1251 4329 1569 4382 servumque
1627 4314 1887 4378 Abrahae,

199 4399 516 4470 appetitum
561 4400 761 4469 utique
803 4400 1119 4456 intellectui
1155 4401 1544 4471 undecunque
1586 4402 1894 4458 subactum

197 4502 331 4543 cum
361 4487 649 4557 spirituali
679 4489 963 4544 virtutum
995 4489 1225 4544 comitia
1254 4489 1427 4546 libere
1459 4491 1723 4561 progredi
1752 4505 1894 4562 gau-

196 4576 351 4643 dent,
394 4580 767 4644 imprecantes,
809 4577 962 4646 quod
1003 4585 1087 4633 est
1129 4578 1433 4647 imprecari
1476 4578 1745 4634 facientes
1782 4580 1889 4636 sibi

197 4664 302 4734 ipsi
361 4665 635 4731 animam,
687 4665 942 4721 studium
998 4665 1236 4721 meliora
1288 4667 1544 4737 gerendi,
1607 4668 1717 4723 sibi
1768 4668 1888 4738 jam

197 4768 471 4826 germane
513 4754 901 4825 conjunctam.
958 4755 1122 4810 Soror
1166 4759 1353 4808 nostra
1399 4771 1470 4808 es.
1516 4758 1599 4811 Ac
1646 4757 1691 4811 si
1733 4757 1891 4813 dice-

195 4851 359 4899 rent:
410 4843 494 4898 Ex
542 4842 722 4898 divini
763 4841 1170 4898 communione
1214 4842 1490 4912 germinis
1546 4844 1723 4900 habes
1770 4859 1891 4901 esse

196 4932 383 4986 virtus
422 4931 755 4999 nobiscum;
799 4929 1074 4999 patientia
1112 4930 1265 4985 enim
1300 4930 1409 4986 nisi
1452 4946 1551 5001 pro
1584 4933 1695 4987 Deo
1733 4932 1890 4988 stoli-

195 5019 343 5074 ditas
377 5026 481 5085 est,
516 5018 904 5075 nobilitaberis
944 5018 1294 5074 fecunditate
1321 5018 1625 5076 virtutum.
1662 5022 1890 5076 Crescas

194 5110 253 5161 in
282 5108 426 5162 mille
462 5108 663 5175 millia,
696 5106 1090 5177 promovearis
1123 5107 1336 5163 scilicet
1378 5109 1716 5178 perfectione
1749 5109 1890 5179 Iom—

195 5193 460 5263 nimoda;
503 5195 608 5251 hoc
649 5196 802 5251 enim
838 5196 948 5252 ista
995 5197 1373 5254 numerositas
1405 5205 1586 5264 sonat,
1628 5205 1683 5253 et
1713 5213 1890 5252 semen

197 5284 347 5339 bona
400 5283 596 5353 procul
650 5282 826 5339 dubio
897 5298 1071 5353 opera
1130 5293 1231 5342 tua
1290 5285 1634 5356 possideant,
1692 5285 1748 5340 id
1807 5295 1892 5343 est

196 5371 513 5442 subjugeut
557 5377 748 5440 portas
784 5374 1131 5427 inimicorum
1167 5389 1411 5440 suorum,
1452 5372 1593 5427 vitia
1642 5373 1889 5442 profecto

195 5472 296 5530 per
316 5472 447 5528 quas
477 5458 729 5515 intratur
758 5460 828 5515 ad
859 5461 1143 5516 consortia
1172 5460 1555 5525 diabolorum,
1587 5460 1687 5529 qui
1717 5460 1888 5515 etiam

193 5546 392 5617 vulgo,
426 5548 871 5606 antonomastice
908 5556 1186 5605 notantur
1218 5549 1450 5605 nomine
1477 5548 1888 5621 inimicorum;

2000 4314 2133 4368 tatis
2176 4314 2246 4368 ad
2279 4313 2489 4368 divinae
2524 4311 2922 4367 celsitudinem
2956 4311 3269 4367 suscitatur
3309 4312 3562 4375 visionis,
3596 4313 3698 4369 ubi

2001 4401 2275 4457 rediviva;
2321 4400 2746 4469 contemplatur
2789 4400 2913 4470 jam
2950 4400 3177 4471 regredi
3224 4400 3405 4455 robur
3440 4399 3696 4472 virtutis.

2000 4490 2234 4546 Cametos
2265 4497 2478 4553 autem,
2513 4489 2755 4543 virtutes
2794 4488 3060 4554 dicimus,
3094 4494 3150 4543 et
3189 4488 3331 4558 quia
3372 4487 3696 4554 ruminant,

1999 4585 2054 4633 et
2082 4578 2221 4646 quia
2258 4592 2292 4632 a
2324 4576 2626 4641 curvitate,
2661 4575 2717 4631 id
2755 4583 2839 4631 est
2872 4575 3196 4631 humilitate
3234 4583 3535 4644 vocantur,
3568 4583 3625 4631 et
3653 4575 3700 4631 si

1999 4665 2282 4735 ungulam
2332 4664 2565 4735 quidem
2619 4679 2736 4720 non
2794 4665 3042 4731 findunt,
3096 4662 3455 4719 discretionis
3509 4670 3701 4718 tamen

1999 4755 2228 4825 signum
2261 4767 2333 4807 ex
2367 4752 2526 4823 gibbi
2555 4752 2644 4807 sui
2675 4752 2980 4821 partitione
3011 4751 3341 4820 prmferunt.

2073 4841 2243 4896 Vens.
2303 4841 2389 4907 64,
2450 4843 2537 4906 65,
2597 4843 2684 4895 66.
2744 4869 2814 4879 --
2857 4840 3083 4895 Rebecca
3141 4855 3371 4908 quoque,
3422 4844 3704 4908 conspecto

1997 4932 2153 4986 Isaac
2208 4928 2483 4983 descendit
2539 4929 2604 4982 de
2640 4930 2857 4992 camelo,
2909 4933 2960 4982 et
3008 4931 3089 4982 ait
3136 4927 3211 4981 ad
3246 4943 3517 4996 puerum:
3562 4928 3702 4992 Quis

1997 5024 2076 5073 est
2106 5020 2196 5072 ille
2217 5018 2388 5085 homo,
2430 5019 2528 5086 qui
2553 5021 2699 5072 venit
2746 5033 2843 5087 per
2873 5032 3068 5084 agrum
3100 5020 3158 5071 in
3196 5032 3476 5071 occursum
3502 5017 3704 5071 nobis?

1996 5109 2121 5177 Ipse
2167 5112 2268 5174 est,
2320 5108 2522 5176 inquit,
2574 5107 2823 5161 dominus
2877 5121 3037 5160 meus.
3090 5108 3171 5158 At
3217 5106 3307 5159 ille
3354 5106 3540 5160 tollens
3592 5107 3702 5160 cito

1991 5197 2225 5266 pallium
2253 5198 2465 5264 operuit
2496 5210 2567 5249 se.
2622 5196 2819 5251 Servus
2862 5198 3042 5247 autem
3083 5201 3274 5249 cuncta
3316 5209 3435 5264 quae
3459 5199 3700 5262 gesserat

1996 5286 2250 5338 narravit
2286 5285 2458 5339 Isaac.
2510 5284 2738 5340 Rebecca
2791 5282 3144 5352 conspiciens
3189 5283 3368 5352 Isaac,
3420 5284 3703 5338 descendit

1998 5373 2063 5428 de
2090 5373 2307 5438 camelo,
2338 5372 2478 5428 dum
2522 5370 2795 5442 patientia
2826 5371 3044 5428 visione
3089 5371 3293 5427 intima
3336 5372 3701 5443 perpendens

1998 5475 2172 5531 super
2218 5459 2488 5527 ctelestia,
2539 5474 2707 5515 omne
2749 5460 2808 5514 in
2850 5474 2909 5516 se
2951 5459 3076 5529 ipsa
3127 5460 3359 5517 virtutis
3398 5460 3699 5532 fastigium

1998 5549 2233 5622 propria
2284 5548 2663 5606 aestimatione
2724 5547 2955 5618 deponit
3021 5562 3140 5606 non
3192 5562 3317 5606 esse
3384 5549 3704 5622 condignas
