3902 6054
142 151 249 208 193

1333 152 1695 219 MORALIUM
1738 152 1806 208 IN
1843 152 2142 210 GENESIN
2181 155 2308 209 LIB.
2353 152 2463 208 VII.

3557 163 3656 217 l9’t

138 286 441 354 passiones
478 284 654 356 hujus
693 284 961 354 temporis
1007 283 1080 339 ad
1121 283 1379 339 futuram
1420 283 1694 354 judicans
1734 284 1848 355 glo—
1883 286 1930 339 A
1961 285 2092 339 dum
2125 285 2304 340 adhuc
2347 287 2462 354 ipse
2489 273 2712 352 viveret,
2752 285 2827 339 ad
2867 287 3093 356 plagam
3133 291 3464 346 orientalem.
3514 294 3653 347 Dum

135 372 314 441 riam,
349 388 482 443 quae
509 372 856 428 revelabitur
890 372 949 426 in
981 372 1147 427 nobis
1187 372 1368 441 (Rom.
1401 387 1517 436 vm,
1557 372 1672 442 l8);
1706 387 1847 443 pro-

136 462 337 530 prium
394 464 588 532 itaque
630 461 968 516 admirando
1016 461 1321 530 compellat
1369 461 1659 517 affectum.
1713 463 1846 531 Quis

132 555 237 615 est,
294 549 505 620 inquit,
540 556 713 605 tantae
743 548 1120 604 humanitatis
1164 550 1221 603 in
1262 551 1374 604 Deo
1404 551 1637 605 motus?
1667 563 1845 620 quam

135 638 434 707 profundo
468 636 674 693 mentis
713 635 928 692 intuitu
955 637 1357 704 attendendus,
1389 640 1486 706 qui
1507 655 1610 708 per
1628 653 1842 704 agrum,

134 724 195 779 id
228 734 320 781 est
349 725 647 796 spirituale
675 725 1015 781 exercitium
1066 725 1230 781 nobis
1273 726 1345 781 ad
1387 741 1445 781 se
1479 726 1847 782 tendentibus

134 814 399 884 gratuito
432 815 682 870 occurrit
712 827 938 884 semper
968 815 1211 870 auxilio!
1253 815 1401 870 Solet
1432 824 1623 870 autem
1670 815 1844 870 etiam

130 904 467 959 secundum
512 903 693 973 ipsam
736 903 1003 959 deitatem
1052 902 1347 959 humanus
1376 903 1487 958 dici
1525 904 1690 968 Deus,
1734 903 1845 973 spi-

132 992 293 1047 ritus
338 1006 575 1062 quoque
622 992 916 1047 humanus
946 998 1000 1046 et
1031 991 1253 1047 stabilis
1303 991 1601 1061 appellari,
1655 992 1846 1047 verbis

132 1082 356 1136 nostris
385 1081 702 1136 necessario
743 1080 816 1135 ad
844 1080 1043 1136 divina
1086 1081 1365 1135 traductis
1414 1095 1509 1149 per
1540 1080 1843 1137 'bomiuem

134 1180 281 1237 ergo
352 1167 705 1235 humanitas,
767 1167 822 1222 id
872 1174 958 1223 est
1011 1167 1209 1236 pietas.
1278 1168 1580 1237 Apparuit,
1631 1168 1841 1238 inquit,

136 1255 474 1321 benignitas,
517 1262 566 1310 et
609 1257 921 1310 humanitas
964 1256 1255 1310 salvatoris
1306 1256 1440 1325 (Tit.
1490 1272 1570 1322 ιιι,
1611 1257 1686 1326 4).
1740 1258 1846 1313 Hic

135 1349 236 1409 est,
296 1344 395 1411 ait,
443 1342 700 1411 allectus,
752 1344 1002 1399 dominus
1046 1359 1214 1409 meus,
1274 1345 1428 1401 hunc
1469 1347 1672 1415 utique
1728 1360 1843 1402 non

135 1432 429 1487 immerito
468 1432 731 1503 praeelegi
780 1432 1121 1500 dominatui,
1171 1441 1464 1503 tantopere
1512 1436 1693 1504 pium,
1743 1435 1844 1506 qui

135 1528 190 1574 et
221 1534 399 1576 suam
440 1535 543 1576 nos
577 1521 996 1592 agriculturam
1029 1521 1225 1588 efficit,
1274 1531 1328 1578 et
1375 1523 1540 1579 nobis
1585 1524 1846 1580 resisten-

136 1608 301 1664 tibus
329 1620 507 1679 atque
530 1610 771 1678 superbe
803 1611 1018 1666 aversis
1062 1618 1406 1680 precaturus
1438 1619 1501 1667 ut
1543 1612 1844 1668 redeamus

133 1699 415 1754 occurrit.
461 1698 548 1753 Ad
589 1699 710 1754 haec
742 1700 994 1755 Rebecca
1042 1700 1152 1755 cito
1197 1700 1427 1768 pallium
1472 1701 1636 1769 tollit,
1689 1708 1745 1757 et
1791 1716 1845 1756 se

134 1787 365 1855 operit;
396 1787 537 1856 quia
582 1787 854 1857 patientia
904 1788 1030 1843 licet
1078 1787 1184 1843 sibi
1223 1802 1323 1857 pro
1370 1789 1483 1844 Deo
1516 1790 1699 1845 multa
1728 1792 1843 1859 pati

136 1876 435 1941 videatur,
472 1875 832 1931 verecundiae
861 1884 1130 1932 ornatum
1163 1877 1359 1945 sumit,
1390 1878 1530 1933 dum
1564 1893 1695 1949 quae
1725 1878 1845 1949 agit

138 1964 311 2019 nulla
352 1965 618 2031 aestimat,
659 1973 714 2019 et
758 1965 825 2019 de
871 1965 1174 2035 praeteritis
1234 1966 1541 2027 erubescit.
1593 1967 1745 2022 unde
1789 1974 1844 2022 et

138 2052 452 2122 insigniter
506 2052 614 2107 hac
666 2053 790 2122 ipsa
844 2052 1167 2108 humilitate
1216 2061 1349 2109 ante
1396 2055 1497 2110 Dei
1540 2055 1735 2110 oculos
1785 2069 1844 2109 se

139 2143 354 2209 operit.
389 2143 573 2197 Potest
605 2150 660 2197 et
704 2155 804 2210 per
835 2141 1075 2211 pallium
1102 2142 1258 2211 quod
1290 2142 1530 2199 inferius
1568 2143 1845 2198 dilatatur

140 2236 195 2283 et
246 2230 517 2297 superius
574 2235 940 2299 angustatur,
1000 2228 1242 2283 actualis
1288 2236 1343 2284 et
1403 2229 1847 2299 contemplativa

143 2326 265 2372 Vlla
310 2318 509 2386 accipi,
545 2331 799 2388 quarum
845 2317 1025 2373 altera
1070 2317 1143 2372 ad
1189 2332 1391 2373 curam
1442 2319 1690 2387 proximi
1730 2318 1847 2373 lata

140 2415 247 2473 est,
302 2407 481 2461 altera
525 2406 596 2461 ad
628 2408 725 2461 Dei
754 2407 1034 2461 visionem
1078 2405 1327 2462 acuitur.
1359 2406 1569 2462 Narrat
1608 2405 1846 2463 affectus

149 2500 303 2548 Io»
342 2502 532 2550 noster
558 2508 689 2564 quae
716 2495 886 2565 gessit
915 2494 1093 2560 Isaac,
1118 2509 1251 2549 cum
1283 2494 1569 2565 quidquid
1601 2494 1841 2564 agendo,

142 2584 232 2638 vel
295 2583 732 2653 contemplando
788 2583 1012 2639 efficere
1069 2584 1298 2639 videtur
1352 2583 1424 2639 ad
1479 2584 1843 2640 emereudam

141 2673 391 2728 cmlestis
421 2672 617 2743 gaudii
647 2673 892 2743 gratiam
917 2679 1187 2741 reportat.

214 2762 390 2816 VEHS.
425 2765 513 2814 67.
545 2791 615 2800 -—
660 2762 768 2826 Qui
812 2761 1126 2815 introduxit
1166 2776 1284 2814 eam
1335 2762 1394 2814 in
1439 2760 1846 2816 tabernaculum

142 2851 298 2905 Sorte
344 2852 541 2903 matris
592 2864 722 2916 suae,
770 2853 819 2903 et
877 2851 1082 2917 accepit
1127 2863 1370 2914 uxorem,
1416 2855 1467 2903 et
1523 2851 1581 2903 in
1631 2854 1843 2904 tantum

141 2940 344 2993 dilexit
370 2942 432 2992 ut
461 2938 695 2992 dolorem
735 2939 834 3007 qui
879 2952 948 2991 ex
976 2941 1144 2991 morte
1177 2940 1368 2991 matris
1399 2938 1674 2992 acciderat
1704 2943 1842 2992 tem-

139 3032 379 3097 perm-et.
430 3028 589 3083 Isaac
625 3027 939 3082 Rebeccam
969 3029 1026 3079 in
1063 3028 1257 3079 matris
1309 3026 1717 3080 tabernaculum
1746 3027 1846 3081 in-

143 3117 326 3184 ducit,
384 3129 517 3171 cum
574 3116 815 3170 caelestis
868 3114 1065 3185 gaudii
1113 3114 1462 3169 desiderium
1512 3116 1841 3184 patientiam

144 3204 299 3258 intra
321 3203 428 3273 piae
458 3203 774 3259 voluntatis
796 3202 1099 3268 ambitum,
1134 3217 1266 3272 quae
1298 3203 1475 3259 totius
1503 3204 1639 3259 boni
1663 3212 1846 3260 mater

144 3303 244 3355 est,
301 3293 409 3348 sibi
457 3293 987 3360 commilitaturam,
1034 3299 1089 3347 et
1135 3305 1170 3346 a
1215 3305 1273 3346 se
1315 3291 1530 3347 sanctis
1574 3292 1845 3362 operibus

145 3381 575 3437 fecundandam
609 3380 867 3449 suscipit,
900 3384 951 3433 et
980 3383 1039 3433 in
1082 3385 1293 3434 tantum
1335 3395 1439 3449 pro
1469 3380 1585 3435 Deo
1620 3381 1737 3451 jam
1786 3395 1846 3437 se

144 3470 260 3539 pati
315 3471 563 3536 laetatur,
609 3477 677 3524 ut
726 3468 888 3524 dolor
935 3468 1302 3536 poenitentiae,
1356 3469 1457 3539 qui
1497 3484 1568 3524 et;
1624 3469 1845 3525 defectu

145 3559 280 3614 olim
313 3557 572 3628 ejusdem
602 3557 763 3612 bonae
806 3556 1119 3612 voluntatis
1159 3557 1463 3624 acciderat,
1497 3557 1660 3612 nimii
1707 3571 1844 3627 pro-

143 3662 309 3703 cessu
348 3645 565 3701 amoris
595 3651 750 3700 certa
779 3659 874 3714 spe
912 3645 1097 3700 venite
1124 3645 1244 3715 jam
1279 3645 1507 3715 penitus
1545 3645 1841 3702 leniretur.

777 3787 1004 3844 CAPUT
1044 3786 1220 3843 XXV.

208 3913 384 3969 Vsus.
424 3915 471 3965 l.
502 3940 576 3952 —
606 3911 886 3965 Abraham
914 3927 1036 3965 vero
1077 3912 1244 3964 aliam
1276 3910 1438 3965 duxit
1476 3926 1720 3980 uxorem,
1747 3927 1841 3967 no-

139 4004 281 4056 mine
329 4001 641 4057 Cethuram.
694 4000 946 4056 Cethura
987 3999 1200 4054 dicitur
1247 4000 1537 4053 thimiama
1593 4001 1841 4068 offerens,

138 4090 224 4146 vel
257 4090 542 4159 capulata.
589 4088 901 4158 Postquam
947 4086 1104 4153 Sara,
1139 4087 1408 4142 voluntas
1447 4088 1679 4155 scilicet,
1711 4104 1843 4159 quae

1952 374 2206 430 vivimus
2261 374 2411 429 enim
2472 374 2547 427 ad
2597 375 2909 429 orientalem
2961 378 3203 445 plagam,
3255 393 3525 449 separare
3583 382 3651 435 ab

1953 464 2107 517 Isaac
2128 461 2244 532 ﬁlio
2281 476 2376 518 eos
2405 462 2698 531 debemus,
2728 463 2868 532 quia
2898 464 3184 520 subtiliter
3206 467 3647 525 discernendum

1955 550 2118 606 nobis
2142 558 2243 615 est,
2278 551 2417 606 dum
2446 551 2567 606 veri
2597 550 2843 607 Orientis
2876 552 3035 607 vitali
3063 553 3187 608 luce
3217 555 3648 627 perfundimur,

1953 653 2026 694 ne
2055 652 2228 708 opera
2275 640 2611 695 humanitus
2638 639 2788 695 facta
2832 640 2904 695 ad
2955 641 3330 698 intentionem
3373 646 3651 701 mercedis

1952 741 2216 797 supernae
2250 728 2587 797 permiscere
2604 729 2941 784 audeamus.
2975 728 3143 784 Filios
3168 732 3647 801 concubinarum,

1951 831 2124 886 opera
2145 816 2619 872 affectualitatum
2641 817 3044 887 corporalium,
3079 818 3239 873 Isaac
3261 819 3462 888 tilium,
3492 836 3650 892 spem

1952 906 2193 961 cmlestis
2238 904 2435 976 gaudii
2475 905 2737 960 dicimus.
2780 905 2931 961 Ordo
2961 913 3151 962 autem
3185 916 3268 963 est
3301 923 3313 962 :
3344 912 3485 964 Dum
3508 912 3650 964 vive-

1951 1001 2033 1048 ret
2062 994 2136 1047 ad
2160 994 2474 1047 orientalem
2493 994 2736 1063 plagam,
2772 997 3049 1064 separavit
3077 1010 3183 1050 eos.

2027 1083 2197 1138 Vnus.
2248 1087 2300 1148 7,
2331 1085 2378 1136 8.
2417 1112 2490 1124 —
2517 1085 2756 1137 Fuerunt
2788 1089 2966 1138 autem
3014 1087 3150 1139 anni
3191 1088 3318 1140 vitae
3372 1086 3488 1156 ejus
3534 1105 3651 1143 cen-

1954 1177 2067 1225 tum
2099 1173 2449 1241 septuaginta
2495 1174 2733 1241 quinque
2779 1188 3062 1228 annorum.
3097 1175 3175 1228 Et
3215 1174 3465 1244 deﬁciens
3502 1192 3647 1231 mor-

1955 1267 2077 1314 tuus
2121 1265 2200 1314 est
2236 1262 2294 1313 in
2322 1265 2585 1313 senectute
2624 1261 2780 1328 bona,
2810 1267 3180 1330 provectxque
3207 1267 3408 1332 artatis,
3438 1268 3489 1318 et
3525 1267 3649 1335 ple-

1952 1363 2054 1403 nus
2090 1349 2319 1401 dierum.
2356 1351 2458 1402 Per
2490 1348 2826 1417 quinarium
2858 1349 3109 1405 exterior
3140 1351 3308 1407 homo
3340 1360 3545 1416 noster,
3576 1354 3647 1410 ob

1952 1438 2215 1508 quinque
2236 1452 2371 1493 suos
2399 1451 2603 1492 sensus
2626 1437 2923 1506 accipitur.
2959 1439 3444 1508 Septuagenarius
3473 1449 3651 1511 septe-

1954 1527 2184 1582 narium
2230 1534 2284 1581 et
2315 1525 2614 1580 denarium
2649 1526 2972 1581 evidentius
3011 1526 3238 1595 praefert
3282 1527 3338 1581 in
3380 1534 3649 1596 septena-

1884 1595 1924 1649 Β
1956 1616 2059 1682 rio,
2104 1614 2203 1685 qui
2254 1627 2534 1668 numerus
2564 1613 2879 1682 spiritualis
2923 1621 3025 1681 est,
3082 1622 3135 1669 et
3164 1629 3235 1669 ex
3269 1595 3521 1685 quatuor
3550 1615 3648 1670 tri-

1953 1702 2179 1772 busque
2211 1707 2449 1762 constat.
2503 1700 2741 1769 spiritus
2794 1708 2985 1755 noster
3018 1700 3255 1771 intelligi
3306 1709 3505 1771 potest,
3547 1702 3647 1772 qui

1953 1800 2206 1862 quatuor
2249 1788 2667 1859 principalibus
2708 1789 3044 1857 virtutibus,
3086 1796 3141 1844 et
3171 1788 3407 1857 ratione,
3440 1790 3646 1847 volun-

1952 1887 2065 1935 tate
2111 1876 2437 1946 at‘fectuque
2486 1878 2798 1945 praeminet,
2832 1885 2886 1933 et
2914 1877 3068 1932 solus
3109 1876 3421 1947 septiformi
3449 1879 3648 1949 gratiae

1953 1966 2315 2038 capessendae
2355 1965 2594 2021 idoneus
2630 1972 2742 2033 est;
2789 1965 2945 2020 hunc
2992 1966 3381 2034 septenarium
3413 1966 3648 2022 denario

1954 2056 2277 2126 adjicimus,
2332 2054 2471 2109 dum
2537 2052 2796 2107 animum
2877 2066 3053 2107 sacrae
3113 2053 3454 2109 documento
3509 2053 3649 2124 legis

1954 2140 2305 2196 imbuimus-
2332 2141 2471 2196 Inde
2499 2155 2635 2211 ergo
2666 2141 2735 2195 ad
2767 2140 3162 2196 centenarium
3194 2142 3295 2211 qui
3328 2143 3553 2211 transit,
3588 2143 3647 2198 in

1955 2229 2248 2284 dexteram
2286 2229 2549 2298 ferimur,
2609 2230 2662 2284 id
2706 2238 2791 2285 est
2837 2230 2909 2284 ad
2954 2231 3490 2299 contemplationem
3521 2231 3643 2292 Dei,

1954 2331 2085 2387 quae
2127 2316 2355 2373 initium
2383 2318 2647 2386 perennis
2672 2317 2806 2386 'jam
2842 2317 3209 2373 beatitudinis
3239 2327 3341 2385 est,
3373 2333 3644 2375 conscen-

1953 2406 2164 2461 dimus.
2204 2405 2372 2461 Hunc
2414 2419 2599 2475 usque
2637 2405 3030 2461 centenarium
3077 2407 3367 2461 Abraham
3420 2408 3646 2464 intelle-

1952 2493 2157 2549 ctualis
2213 2494 2405 2549 vivere
2447 2508 2681 2564 quoque
2731 2503 2892 2563 pacto
2940 2495 3149 2549 saeculo
3200 2495 3404 2564 potuit,
3439 2497 3538 2551 sed
3586 2498 3642 2552 in

1954 2581 2062 2636 hoc
2108 2581 2454 2636 constitutus
2484 2580 2751 2636 deﬁciens
2793 2580 3209 2650 cupiditatibus
3242 2595 3444 2638 earum
3472 2598 3647 2656 nego-

1954 2668 2046 2725 ti.s
2083 2669 2241 2738 obiit,
2273 2683 2407 2724 cum
2436 2670 2629 2736 plenus
2676 2670 2903 2735 dierum,
2939 2682 3237 2725 sacrarum
3268 2670 3481 2727 scilicet
3522 2672 3648 2729 luce

1955 2757 2257 2827 multiplici
2288 2757 2681 2821 scientiarum,
2731 2764 2786 2813 et
2832 2762 3094 2826 provectae
3120 2760 3318 2826 aetatis,
3354 2768 3648 2828 promotus

1955 2860 2091 2901 sane
2120 2846 2249 2902 altis
2296 2846 2574 2917 gradibus
2610 2846 2927 2901 sanctitatis
2964 2847 3023 2899 in
3060 2850 3341 2913 senectute,
3384 2861 3498 2902 non
3529 2862 3647 2919 qua

1954 2933 2861 2990 inveteraveritinterinimicosin
2899 2941 3051 2989 terra
3077 2934 3262 2990 aliena
3281 2936 3449 3006 (Psal.
3481 2951 3557 3003 v1,
3578 2938 3643 3005 8;

1950 3024 2184 3077 Baruch.
2226 3038 2307 3088 ιιι,
2350 3022 2455 3092 Η).
2490 3021 2587 3077 sed
2618 3035 2737 3092 qua
2773 3021 3159 3091 permaturuit
3198 3024 3478 3094 religiosae
3504 3039 3646 3080 con-

1950 3111 2288 3168 versationis
2318 3110 2700 3166 diuturnitate
2738 3100 2909 3165 bene.

2022 3200 2193 3257 VEns.
2229 3202 2280 3253 9.
2317 3229 2386 3239 —
2425 3200 2897 3268 Congregatusque
2937 3203 3015 3253 est
3057 3198 3132 3253 ad
3157 3201 3417 3269 populum
3462 3217 3642 3270 suum,

1951 3293 2002 3343 et
2036 3288 2358 3357 sepelierunt
2385 3302 2503 3341 eum
2534 3288 2689 3341 Isaac
2721 3292 2771 3340 et
2798 3287 3010 3352 lsmael,
3052 3286 3164 3356 ﬁlii
3193 3291 3280 3342 sui
3303 3291 3362 3344 in
3390 3291 3647 3359 spelunca

1950 3376 2178 3446 duplici,
2229 3391 2347 3444 quae
2394 3378 2503 3429 sita
2530 3381 2609 3429 est
2654 3378 2713 3428 in
2758 3390 2890 3443 agro
2934 3377 3171 3444 Ephron.
3218 3385 3325 3434 etc.
3362 3380 3543 3448 Isaac,
3598 3384 3648 3435 et

1953 3466 2143 3519 Ismacl
2181 3465 2293 3529 ﬁlii
2328 3464 2641 3524 Abraham.
2692 3463 2977 3532 sepeliunt
3025 3468 3083 3517 in
3130 3467 3386 3535 spelunca
3413 3468 3644 3538 duplici,

1951 3567 2083 3609 cum
2140 3560 2195 3607 et
2248 3565 2377 3622 spes
2428 3551 2666 3607 caelestis
2720 3552 2940 3621 gaudii,
2988 3559 3044 3606 et
3096 3551 3336 3610 affectus
3359 3554 3481 3624 jam
3533 3557 3648 3613 Deo

1950 3640 2222 3696 obediens
2267 3654 2383 3695 non
2422 3639 2530 3695 sibi
2579 3639 2788 3709 quietis
2836 3640 3074 3696 internae
3130 3642 3409 3698 rationem
3462 3645 3649 3715 gratia

1951 3735 2282 3799 contegunt,
2322 3736 2383 3784 ut
2426 3742 2531 3783 nec
2559 3728 2835 3797 spelunca
2879 3727 3286 3796 sensualitatis,
3328 3745 3432 3787 nec
3474 3734 3647 3789 etiam

1950 3816 2149 3887 ipsius,
2188 3831 2317 3887 quae
2371 3816 2658 3872 molestior
2696 3830 2818 3872 esse
2855 3817 3012 3884 solet,
3066 3806 3501 3888 imaginalitatis
3541 3823 3649 3893 spi-

1951 3907 2130 3961 ritum
2162 3906 2275 3961 Deo
2321 3906 2605 3961 intentum
2648 3905 2909 3975 prodant,
2963 3904 3060 3961 sed
3113 3906 3296 3962 eidem
3343 3909 3561 3966 servire
3611 3925 3646 3967 a

1950 3994 2195 4065 negotiis
2237 4008 2513 4050 curarum
2579 3994 2885 4063 parcendo,
2952 3994 3195 4051 fovendo
3249 3999 3643 4069 consentiant;

1951 4092 2155 4138 caetera
2189 4083 2453 4152 superius
2501 4089 2744 4137 tractata
2773 4091 3135 4152 quaerantur.
3181 4083 3287 4140 Sed
3330 4093 3645 4157 antequam

138 4180 408 4247 princeps
448 4177 712 4244 Abrahze,
764 4176 817 4231 id
848 4183 930 4231 est
968 4176 1209 4231 rationis
1252 4184 1354 4243 est,
1388 4191 1504 4232 non
1555 4178 1709 4248 quod
1742 4192 1840 4234 ra-
1881 4195 1925 4249 ι)
1955 4171 2204 4241 sepeliat,
2239 4172 2312 4225 ad
2335 4173 2597 4240 populum
2624 4186 2781 4225 suum
2809 4181 3195 4244 congregatus
3219 4174 3480 4231 ordinate
3511 4178 3647 4233 satis

138 4270 277 4324 tioni
309 4266 691 4336 principetur.
745 4264 842 4320 sed
876 4264 1030 4334 quod
1058 4278 1130 4319 ex
1158 4264 1284 4334 ejus
1310 4266 1595 4320 consortio
1624 4266 1844 4335 princi-

139 4358 301 4426 pium
342 4356 517 4409 totius
562 4351 856 4422 probitatis
905 4354 996 4419 sit,
1044 4359 1371 4422 postquam,
1409 4353 1670 4424 inquam,
1723 4355 1843 4409 haec

138 4445 352 4500 saeculo
399 4442 623 4507 occidit,
684 4441 746 4498 ﬁt
792 4441 1062 4507 Cethura,
1114 4441 1255 4496 dum
1303 4441 1382 4497 ita
1414 4449 1527 4497 toto
1575 4442 1841 4498 desiderii

140 4533 348 4588 ardore
375 4539 686 4597 crematur,
720 4537 784 4586 ut
815 4531 933 4585 vita
966 4529 1230 4596 hominis,
1265 4529 1378 4585 Deo
1410 4544 1512 4600 per
1551 4530 1840 4586 internum

140 4617 428 4673 individui
473 4616 682 4671 amoris
740 4615 923 4670 fmdus
979 4615 1264 4685 copulata,
1324 4615 1396 4671 ad
1457 4617 1636 4671 Deam
1683 4617 1839 4671 omni

138 4706 311 4761 odore
368 4704 687 4760 sanctitatis
751 4703 1006 4759 confecta
1070 4702 1290 4759 feratur
1344 4703 1540 4773 (Vens.
1602 4705 1676 4773 5.)
1736 4705 1840 4760 Dat

137 4795 428 4850 Abraham
469 4799 661 4847 cuncta
710 4808 828 4861 quae
871 4792 1121 4863 possidet
1158 4794 1335 4860 Isaac,
1382 4793 1523 4863 quia
1552 4792 1839 4862 quidquid

143 4883 470 4940 intellectus
514 4881 570 4937 in
599 4882 880 4951 spirituali
911 4882 1234 4938 substantia
1282 4881 1612 4947 fmneratur,
1656 4888 1838 4937 totum

140 4968 209 5023 ad
272 4967 524 5024 caelestis
571 4966 766 5022 laetitia
819 4966 982 5022 lucra
1031 4965 1468 5036 multiplicanda
1523 4966 1836 5022 confertur.

143 5057 333 5126 (Vens.
381 5055 462 5125 6.)
494 5055 661 5109 Filiis
690 5057 1111 5110 concubinarum
1142 5053 1386 5126 largitur
1411 5070 1655 5121 munera,
1698 5054 1836 5109 dum

143 5147 410 5215 operibus
477 5144 892 5199 rationabiliter
953 5146 1184 5215 quidem
1232 5144 1449 5214 coeptis,
1501 5144 1597 5199 sed
1647 5145 1840 5200 minus

145 5235 394 5307 legitima
454 5235 726 5289 humanae
782 5231 1098 5289 affectionis
1157 5231 1495 5288 admistione
1553 5232 1834 5301 perfectis,

146 5338 250 5380 non
303 5332 546 5389 aeterna,
606 5322 702 5377 sed
760 5324 1119 5390 temporaria:
1169 5319 1561 5391 prosperitatis
1604 5319 1838 5376 ascribit

144 5415 387 5481 praemia.
422 5414 496 5467 Et
537 5412 839 5481 separavit,
900 5409 1107 5480 inquit,
1151 5425 1235 5464 eos
1267 5409 1336 5463 ab
1366 5410 1521 5463 Isaac
1554 5408 1671 5469 ﬁlio
1718 5424 1835 5472 suo,

1951 4260 2180 4325 dicitur,
2232 4260 2342 4316 nisi
2387 4260 2538 4316 enim
2584 4273 2619 4315 a
2666 4274 2771 4316 sua
2822 4260 3176 4330 dispersione
3227 4262 3547 4320 intellectus
3572 4266 3644 4322 ad

1950 4348 2060 4403 sibi
2108 4349 2418 4403 uniendam
2458 4348 2876 4419 cogitationum
2907 4349 3074 4419 quasi
3114 4350 3276 4421 vulgi
3328 4352 3645 4410 multitudi-

1951 4450 2083 4491 nem
2113 4450 2233 4491 sese
2263 4436 2573 4506 collegerit,
2606 4451 2909 4507 nunquam
2939 4438 3270 4508 sepulcrum
3302 4440 3440 4497 illud
3474 4443 3643 4513 quie-

1950 4531 2062 4580 tem
2096 4524 2303 4579 mentis
2340 4524 2589 4596 attingit.
2625 4525 2817 4596 (VEas.
2850 4526 2966 4596 11.)
2999 4530 3068 4582 Et
3107 4534 3230 4597 post
3257 4529 3463 4584 obitum
3490 4532 3642 4587 illius

1951 4612 2226 4667 benedixit
2256 4615 2522 4668 Dominus
2545 4615 2699 4668 Isaac
2724 4616 2838 4683 ﬁlio
2875 4615 3012 4684 ejus,
3041 4619 3142 4687 qui
3162 4617 3445 4672 habitabat
3468 4620 3641 4690 juxta

1944 4706 2168 4771 puteum
2250 4704 2487 4756 Viventis
2543 4708 2594 4756 et
2677 4703 2947 4758 Videntis.
3032 4705 3317 4761 Benedicit
3383 4710 3641 4764 Dominus

1951 4792 2101 4846 Isaac
2154 4791 2265 4860 ﬁlio
2319 4799 2442 4860 post
2498 4792 2702 4845 obitum
2750 4792 3017 4859 Abrahae,
3074 4793 3213 4848 dum
3258 4795 3378 4864 spei
3434 4804 3641 4854 nostrae

1947 4878 2264 4949 spiritualis
2310 4878 2519 4935 laetitiae
2576 4879 3017 4936 exuberantiam
3069 4882 3428 4952 multiplicat,
3480 4893 3641 4955 post-

1948 4981 2126 5039 quam
2174 4967 2494 5024 intellectus
2543 4976 2734 5024 noster
2779 4983 2852 5024 ex
2913 4976 3027 5025 toto
3058 4969 3247 5026 deficit
3294 4971 3349 5026 in
3382 4974 3642 5043 appetitu

1947 5055 2262 5112 mundialis
2298 5055 2512 5126 gloriae.
2543 5058 2716 5111 Juxta
2751 5063 2973 5126 puteum
3008 5059 3252 5114 Viventis
3294 5066 3344 5115 et
3396 5063 3641 5121 Videntis

1947 5143 2191 5209 habitat,
2223 5158 2356 5200 cum
2390 5145 2676 5201 interioris
2707 5145 2953 5202 hominis
2984 5147 3247 5217 gloriatio
3277 5164 3407 5215 eum
3442 5151 3502 5208 in
3524 5169 3641 5225 quo

1944 5240 2028 5288 est
2077 5232 2250 5288 totius
2280 5232 2414 5288 boni
2452 5234 2631 5304 origo,
2678 5240 2733 5289 et
2783 5235 2935 5290 unde
2966 5235 3271 5293 haurimus
3315 5240 3489 5297 totius
3519 5244 3642 5313 spi-

1946 5320 2282 5378 ritualitatis
2336 5336 2404 5377 ac
2456 5322 2753 5378 vitalitatis
2810 5323 3018 5389 undas,
3076 5324 3434 5383 observando
3485 5331 3642 5385 omni

1946 5409 2243 5482 diligentia
2283 5411 2740 5480 confrequentat.
2784 5411 2872 5467 Illi
2902 5413 3052 5468 enim
3093 5414 3172 5470 rei
3204 5416 3450 5473 assidere
3491 5418 3644 5475 sole-
