3904 6066
254 100 352 157 196

1136 94 1193 155 v.
1241 92 1585 156 GUIBERTI
1617 90 1908 153 ABBATIS
1945 94 2001 153 s.
2046 91 2282 165 MARUE
2318 94 2408 152 on
2448 88 2841 151 novrcnnro

3654 99 3665 149 t
3683 89 3748 149 97

250 239 400 293 mus,
433 236 608 294 quam
636 221 942 289 custodire,
976 235 1211 291 quaque
1240 220 1355 276 frui
1383 220 1682 291 cupimus;
1708 220 1787 275 sic
1813 232 1949 289 ergo
1986 222 2028 274 A
2059 224 2195 284 erat,
2238 218 2373 288 quid
2419 233 2626 272 necesse
2653 220 2764 284 fuit
2793 220 3102 286 concipere?
3146 219 3500 287 Perreat'tque
3526 223 3589 272 ut
3617 234 3748 272 con-

245 314 417 385 juxta
456 319 694 382 puteum
724 311 964 367 habitat.

320 398 492 453 Vnus.
526 400 605 460 17,
642 398 727 450 18.
757 427 825 434 -
876 397 1028 450 Anni
1061 396 1186 448 vita
1218 394 1412 448 Ismael
1456 398 1666 448 centum
1714 394 1946 461 triginta

250 491 467 555 septem.
504 486 760 552 Deﬁciens
790 488 1035 537 mortuus
1063 488 1163 544 est.
1186 488 1235 536 et
1274 485 1555 552 appositus
1586 482 1660 536 ad
1682 482 1946 551 populum

250 589 426 629 suum.
458 575 749 629 Habitavit
775 576 954 626 autem
988 572 1060 625 ab
1107 572 1314 625 Hevita
1361 586 1529 640 usque
1566 572 1845 639 Sur,'qua
1868 586 1947 624 re-

250 666 414 733 spicit
449 664 762 731 JEgyptum
804 660 1200 714 introeuntibus
1229 662 1521 730 Assyrios;
1578 665 1711 714 non
1767 675 1945 712 corum

251 753 454 806 cunctis
478 751 750 816 fratribus
769 751 885 802 suis
909 749 1056 803 obiit.
1084 748 1187 803 Per
1215 748 1602 817 septenarium
1626 747 1950 816 temporali-

249 847 333 895 tas
347 838 647 908 accipitur,
661 852 791 908 qua
808 845 1022 907 septem
1039 836 1559 892 diebusevolvitur.
1583 834 1948 891 Tricenarius

251 928 323 983 ad
352 925 647 982 Trinitatis
677 927 917 995 pertinet
937 926 1314 993 dilectionem,
1338 940 1440 995 per
1460 925 1687 995 piorum
1706 938 1945 993 operum

184 1064 189 1069 .
251 1016 698 1082 exsecutionem,
731 1014 916 1071 sexies
947 1014 1112 1084 quini
1136 1014 1370 1085 triginta
1392 1014 1694 1083 complent.
1714 1013 1822 1069 Sex
1840 1012 1950 1068 die-

252 1105 361 1161 bus
383 1105 694 1175 fecitiopera
712 1118 819 1159 sua
841 1104 1008 1170 Deus,
1029 1109 1190 1158 sexta
1209 1103 1381 1157 etiam
1404 1102 1943 1158 creavithominem.

249 1194 500 1263 Operum
568 1206 703 1263 ergo
758 1191 1022 1247 senarius
1089 1191 1280 1246 innuit
1336 1190 1755 1260 perfectionem,
1816 1203 1947 1259 qua

252 1280 505 1352 quinarii
535 1282 885 1335 exteriorum
932 1294 1207 1335 sensuum
1239 1278 1500 1334 cohibeat
1534 1278 1942 1349 inaquitatem.

252 1371 627 1426 Centeuarius
658 1383 793 1425 vero
834 1368 1106 1435 insinuat,
1141 1367 1281 1438 quia
1318 1368 1518 1423 dexter
1545 1375 1647 1433 est,
1683 1367 1779 1421 Dei
1811 1381 1945 1421 con-

252 1459 704 1529 templationem.
737 1457 1031 1527 Quidquid
1078 1459 1273 1527 itaque
1310 1455 1746 1525 temporalitatis
1782 1453 1947 1509 nobis

254 1549 416 1615 inest,
463 1546 701 1603 affectus
730 1553 921 1602 noster
963 1560 1137 1601 verus
1183 1544 1385 1600 Ismael
1419 1544 1706 1614 expendat
1738 1543 1794 1598 in
1825 1543 1944 1609 Dei,
1987 1532 2029 1587 Β

252 1652 367 1692 non
418 1637 606 1703 verbo,
657 1636 756 1691 sed
804 1649 972 1704 opere
1003 1634 1243 1704 integro,
1294 1633 1672 1697 dilectionem,
1728 1631 1775 1686 si
1821 1632 1947 1686 vult

252 1724 567 1794 perfectum
599 1726 781 1780 facere
812 1723 1123 1789 hominem,
1164 1730 1219 1777 et
1257 1720 1357 1777 Dei
1398 1721 1679 1792 attingere
1711 1718 1950 1775 visionis

253 1812 685 1868 beatitudinem.
736 1812 790 1866 Is
834 1824 1113 1866 numerus
1158 1818 1243 1865 est
1292 1824 1579 1864 annorum
1629 1808 1945 1878 plenitudo,

253 1900 465 1955 scilicet
511 1900 669 1955 clara
709 1898 1014 1955 virtutum.
1074 1898 1235 1954 Unde
1282 1912 1537 1969 congrue
1584 1897 1948 1967 postmodum

255 1989 467 2044 dicitur
515 1991 795 2058 appositus
847 1988 921 2041 ad
976 1989 1233 2056 populum
1281 2002 1459 2052 suum,
1509 1986 1648 2041 dum
1698 1994 1822 2056 post
1870 1992 1951 2041 tot

255 2077 630 2133 claritudines
687 2076 1004 2132 sanctitatis
1052 2076 1335 2132 derelictis
1381 2075 1799 2130 habitatoribus
1842 2075 1950 2129 Ce-

256 2166 382 2232 dar,
433 2165 615 2221 solum
684 2164 879 2234 patria
936 2178 1137 2219 revera
1188 2163 1306 2233 jam
1368 2178 1488 2219 sua
1538 2161 1951 2231 supercoelestis

256 2254 487 2324 populo,
521 2254 858 2309 concivibus
880 2252 1000 2307 suis
1031 2252 1244 2322 apponi
1275 2266 1434 2307 nunc
1466 2251 1768 2319 desiderat,
1805 2250 1862 2305 in
1888 2264 1950 2306 re

256 2351 449 2413 postea
479 2342 873 2413 apponendus.
908 2341 1193 2396 Habitavit
1243 2347 1434 2396 autem
1466 2340 1533 2394 ab
1566 2342 1755 2395 [levita
1784 2355 1953 2408 usque

256 2433 383 2498 Sur,
412 2432 468 2487 id
515 2440 600 2487 est
640 2431 972 2487 dominatus
1009 2438 1093 2485 est
1133 2429 1382 2485 motibus
1430 2430 1550 2484 suis
1592 2443 1626 2484 a
1668 2428 1951 2498 principio

259 2520 668 2585 conversionis,
713 2519 772 2574 in
814 2533 930 2588 quo
977 2518 1165 2575 omnis
1211 2525 1479 2573 creatura
1528 2516 1952 2587 ingemiscendo

259 2611 510 2680 parturit
539 2623 722 2680 usque
763 2608 954 2663 adhuc
984 2616 1037 2662 et
1079 2607 1228 2662 dolet
1259 2609 1425 2675 (Rom.
1460 2621 1575 2674 VIII,
1619 2609 1749 2676 22):,
1786 2621 1954 2674 usque

258 2700 382 2763 Sur,
426 2697 483 2753 id
526 2706 610 2752 est
658 2711 841 2767 usque
886 2696 956 2751 ad
987 2694 1307 2765 spiritualis
1353 2694 1706 2750 fortitudinis
1755 2704 1954 2750 contra

259 2787 453 2843 omnia
497 2792 950 2855 temperamenta
1005 2783 1204 2839 robur.
1254 2782 1391 2848 Qua
1440 2790 1632 2839 tamen
1680 2782 1952 2838 fortitudo

260 2875 489 2946 respicit
514 2875 847 2945 Egyptum,
901 2873 955 2927 id
985 2878 1068 2927 est
1106 2871 1494 2927 tribulationis
1524 2870 1954 2942 coangustantis

260 2965 545 3033 tenebras,
584 2963 1006 3019 introeuntibus
1036 2960 1225 3016 carnis
1256 2959 1556 3016 affectibus
1584 2960 1866 3030 Assyrios,
1899 2960 1956 3015 id

260 3062 343 3110 est
413 3053 648 3120 aulicos,
727 3052 958 3116 scilicet,
1029 3049 1239 3105 imitari
1297 3049 1622 3105 volentibus
1693 3063 1956 3119 quosque

260 3142 542 3211 voluptati
573 3140 811 3196 deditos.
844 3138 1023 3195 Aulas
1061 3152 1314 3209 namque
1343 3137 1603 3194 omnium
1634 3152 1756 3193 esse
1785 3137 1958 3194 novi-

263 3244 394 3286 mus
417 3229 781 3300 voluptatum
807 3227 1131 3284 volutabra.
1162 3228 1229 3283 In
1260 3227 1526 3283 domibus
1558 3227 1725 3298 plane
1754 3240 1957 3298 regum

261 3325 398 3372 sunt
430 3318 531 3387 qui
579 3316 848 3373 mollibus
890 3317 1219 3372 induuntur
1271 3318 1417 3380 (Luc.
1451 3330 1549 3384 vn,
1575 3316 1701 3387 25):
1758 3315 1960 3371 Hevila

262 3406 675 3476 interpretatur
722 3408 1057 3475 parturiens,
1103 3405 1191 3461 vel
1240 3405 1453 3473 dolens;
1503 3405 1613 3461 Sur
1657 3405 1956 3472 fortitudo;

260 3495 544 3565 {Egy'ptus
574 3495 854 3548 tribulatio
889 3498 1274 3561 coangustans,
1310 3494 1397 3549 vel
1421 3494 1663 3549 tenebra.
1697 3495 1961 3548 Habitare

260 3598 417 3651 vero,
473 3598 575 3654 pro
624 3597 691 3640 eo
722 3584 877 3654 quod
923 3593 1024 3649 est,
1076 3583 1370 3649 dominari,
1406 3584 1464 3638 in
1513 3583 1812 3651 Scriptura
1855 3598 1959 3653 po—

261 3673 441 3729 nitur.
465 3674 614 3729 Dum
637 3672 802 3742 plane
823 3673 991 3728 fortia
1010 3671 1281 3743 qualibet
1306 3671 1553 3743 agimus,
1582 3679 1637 3728 et
1665 3672 1733 3727 de
1756 3671 1961 3728 mundi

260 3762 634 3818 oblectatione
683 3761 852 3832 quasi
909 3761 977 3817 de
1032 3760 1182 3816 aula
1224 3760 1463 3817 introitu
1520 3768 1833 3828 tentamur,
1887 3760 1959 3815 ad

259 3851 575 3922 rEgyptnm
635 3851 896 3907 maroris
965 3858 1021 3906 et
1082 3850 1469 3917 tenebrarum,
1548 3849 1703 3920 quod
1776 3856 1961 3905 totum

261 3939 517 3995 mundus
540 3946 641 4006 est,
674 3939 966 3994 attendere
991 3938 1286 4017 debemus.
1316 3939 1500 3994 Assur
1524 3945 1717 3993 autem
1750 3936 1963 3993 dicitur

263 4028 411 4080 aula.
447 4028 637 4082 Coram
668 4032 870 4082 cunctis
907 4028 1182 4094 fratribus
1213 4027 1346 4092 obit,
1371 4027 1528 4096 _dum
1555 4026 1826 4081 omnibus
1853 4026 1962 4095 piis

1990 2834 2031 2888 C

2053 309 2251 362 suleret
2281 309 2587 379 pominum.
2637 308 2946 376 Postquam
2984 306 3044 361 in
3073 306 3465 362 conversionis
3496 306 3748 376 primor-

2054 397 2146 451 dio
2172 397 2462 466 patientia
2495 396 2646 467 leges
2692 396 3113 466 amplectimur,
3147 396 3325 465 ipsam
3373 396 3622 451 sterilem
3659 411 3747 451 re-

2057 483 2329 554 perimus,
2381 483 2520 554 quia
2578 483 2681 538 etsi
2739 482 3099 538 adversarios
3146 482 3365 548 tolerat,
3417 482 3509 537 his
3555 491 3745 538 tamen

2056 572 2302 643 benigne
2345 572 2581 641 obsequi
2621 571 2875 627 arduum
2925 571 3095 627 nimis
3121 579 3304 640 putat.
3347 571 3585 627 Necesse
3611 586 3747 642 ergo

2053 669 2138 717 est
2171 672 2235 717 ut
2266 675 2567 731 precemur
2602 661 2910 716 Dominum
2948 675 3063 730 quo
3096 660 3312 716 tribuat
3344 662 3584 716 Rebecca
3622 676 3746 714 con-

2054 755 2282 819 ceptum.
2325 750 2509 820 Igitur
2535 749 2904 815 exaudimur,
2937 756 2990 804 et
3010 750 3131 819 jam
3164 749 3420 819 geminos
3444 749 3591 805 fetus
3618 763 3751 804 con-

2055 840 2328 908 cepimus,
2370 839 2603 906 scilicet,
2655 846 2719 894 ut
2761 852 2908 908 quos
2940 838 3270 905 toleramus,
3321 839 3444 894 sine
3473 837 3749 908 scrupulo

2054 926 2251 997 aliquo
2284 928 2342 981 in
2392 927 2638 998 gratiam
2677 926 3066 994 admittamus,
3103 934 3319 981 etcum
3359 927 3750 981 amaverimus

2054 1016 2383 1072 benefacere
2414 1016 2502 1072 his
2530 1015 2701 1072 etiam
2753 1030 2884 1071 cum
2941 1015 3435 1084 perseveraverint
3466 1016 3524 1069 in
3575 1014 3746 1080 malo,

2056 1119 2123 1161 ac
2152 1104 2435 1161 deservire
2478 1118 2780 1173 curemus;
2822 1104 2918 1160 sed
2948 1103 3302 1160 colliduntur
3330 1107 3387 1158 in
3418 1109 3566 1157 utero
3610 1119 3748 1172 par-

2053 1195 2190 1254 vuli,
2223 1195 2363 1264 quia
2392 1193 2669 1249 immensa
2697 1200 2781 1248 est
2809 1191 3134 1263 congressio
3164 1192 3318 1248 intra
3344 1193 3748 1247 conscientiam

2054 1283 2165 1338 ista
2194 1283 2381 1338 facere
2427 1282 2711 1338 molientis
2755 1281 2952 1336 animi.
3004 1281 3155 1336 Dum
3199 1280 3353 1335 enim
3385 1281 3540 1336 videt
3586 1281 3750 1335 obse-

2056 1371 2260 1441 quium
2314 1370 2539 1441 ingrate
2586 1370 2658 1425 ab
2709 1370 2939 1425 inimico
2986 1369 3223 1439 suscipi,
3279 1384 3439 1426 mens
3495 1370 3614 1439 ipsa
3646 1383 3753 1425 cur

2055 1460 2223 1517 talem
2269 1459 2487 1530 diligat,
2532 1458 2870 1529 indignatur
2914 1458 3043 1515 sibi.
3085 1459 3296 1514 Amare
3337 1474 3495 1529 ergo,
3549 1467 3751 1515 etnon

2059 1549 2260 1615 amari,
2311 1547 2655 1618 obsequium
2699 1548 2969 1617 prabere,
3015 1548 3111 1603 sed
3158 1547 3389 1617 despici,
3436 1556 3756 1617 utrumque
3853 1541 3856 1543 λ

2057 1638 2310 1707 graviter
2352 1636 2693 1708 indignatur
2736 1637 2864 1705 sibi,
2909 1636 3049 1692 dum
3078 1636 3377 1692 servitium
3407 1650 3524 1692 non
3552 1651 3756 1692 susce-

2058 1733 2219 1796 ptum
2268 1724 2563 1781 internum
2624 1726 2933 1781 conturbat
2991 1738 3267 1787 amorem,
3329 1730 3383 1780 et
3428 1738 3591 1780 amor
3641 1725 3758 1793 ipse

2057 1812 2228 1869 nimis
2248 1828 2401 1884 agre
2430 1814 2648 1883 patitur
2676 1814 2847 1870 officii
2871 1814 3301 1884 impensionem.
3335 1812 3503 1882 Quid,
3540 1813 3755 1883 inquit,

2058 1901 2199 1957 mihi
2242 1903 2496 1972 proderit
2542 1901 2722 1972 hujus
2764 1901 2928 1957 bona
2979 1901 3219 1958 actionis
3244 1903 3569 1972 concepisse
3609 1900 3759 1957 affe—

2058 2000 2235 2059 ctum,
2261 1990 2361 2061 qui
2383 1990 2453 2045 ad
2479 1998 2592 2046 tam
2618 1991 2836 2046 tristem
2856 1990 3217 2046 conscientia
3243 1991 3428 2062 vergit
3448 1990 3757 2047 effectum?

2058 2079 2164 2136 Sed
2225 2080 2531 2150 petendum
2576 2087 2658 2135 est
2706 2078 3211 2136 intellectualitatis
3257 2079 3581 2147 oraculum,
3654 2078 3754 2134 ubi

2059 2169 2428 2225 consulamus
2450 2169 2778 2224 Dominum.

2130 2257 2303 2314 Vsus.
2334 2260 2425 2324 23,
2456 2257 2544 2321 24,
2578 2259 2666 2311 25.
2708 2287 2777 2297 -
2819 2259 2947 2311 Duae
2976 2258 3117 2311 enim
3160 2261 3339 2325 gentes
3386 2258 3447 2310 in
3483 2261 3632 2312 utero
3664 2260 3756 2312 tuo

2058 2351 2206 2413 sunt,
2252 2351 2303 2400 et
2352 2345 2458 2399 duo
2503 2346 2697 2414 populi
2735 2361 2801 2399 ea:
2842 2351 3025 2399 ventre
3074 2350 3163 2399 tuo
3210 2343 3546 2408 dividentur,
3576 2358 3756 2411 popu-

2060 2437 2248 2503 lusque
2286 2434 2550 2503 populum
2597 2434 2898 2503 superabit,
2958 2439 3007 2488 et
3058 2434 3235 2500 major
3285 2435 3479 2486 serviet
3530 2433 3753 2485 minori.

2062 2524 2166 2589 Qui
2185 2526 2342 2593 prior
2388 2537 2631 2591 egressus
2676 2527 2772 2590 est,
2803 2525 2966 2589 rufus
2996 2526 3132 2588 erat,
3177 2526 3227 2576 et
3267 2525 3406 2575 totus
3452 2522 3512 2574 in
3556 2534 3758 2574 morem

2055 2612 2216 2681 pellis
2282 2611 2560 2681 hispidus.
2640 2613 3004 2680 Vocatumque
3057 2614 3135 2665 est
3181 2626 3370 2663 nomen
3419 2609 3537 2678 ejus
3583 2611 3755 2663 Esau.

2061 2703 2316 2755 Protinus
2343 2702 2483 2754 alter
2512 2699 2788 2766 egrediens
2808 2701 3060 2769 plantam
3085 2701 3285 2766 fratris
3322 2698 3532 2752 tenebat
3567 2713 3756 2762 manu,

2061 2793 2112 2843 et
2152 2788 2360 2843 idcirco
2417 2789 2718 2857 appellavit
2767 2803 2957 2841 nomen
2994 2788 3111 2856 ejus
3161 2786 3344 2841 Jacob.
3393 2789 3524 2841 Duae
3577 2791 3762 2852 gentes

2062 2876 2297 2946 patienti
2349 2877 2558 2932 anima
2615 2879 2673 2930 in
2730 2876 3093 2932 conscientia
3156 2880 3306 2930 utero
3362 2880 3508 2941 sunt,
3568 2875 3765 2948 carnis

2063 2964 2276 3022 scilicet
2325 2966 2630 3036 cogitatus,
2681 2971 2736 3020 et
2789 2963 3118 3034 spirituales
3164 2964 3401 3020 rationis
3450 2970 3661 3030 motus,
3714 2967 3766 3016 et

2064 3070 2131 3108 ea:
2176 3060 2378 3119 ventre,
2431 3054 2487 3109 id
2540 3057 2643 3122 est,
2703 3053 2962 3109 humana
3011 3053 3342 3124 fragilitate,
3390 3052 3506 3109 duo
3550 3065 3767 3123 genera

2065 3144 2425 3214 appetituum
2490 3142 2598 3198 sibi
2670 3142 2916 3198 invicem
2986 3141 3362 3210 infensorum,
3440 3140 3768 3197 conditione

2064 3231 2562 3302 corruptibilitatis
2619 3231 2859 3287 unitatis
2914 3238 3129 3287 statum
3178 3230 3560 3301 prapediente
3618 3243 3767 3285 con-

2067 3328 2331 3391 surgent,
2359 3320 2456 3376 sed
2489 3321 2724 3390 populus
2753 3321 3014 3389 populum
3060 3327 3315 3389 superat,
3346 3317 3628 3391 majorque
3656 3322 3766 3372 mi-

2064 3411 2189 3464 nori
2243 3409 2440 3476 servit,
2499 3409 2639 3465 dum
2688 3407 3016 3464 animalitas
3065 3423 3197 3479 qua
3255 3408 3439 3478 primo
3483 3407 3542 3463 in
3602 3406 3766 3462 omni

2067 3497 2298 3554 homine
2326 3505 2558 3569 regnat;
2600 3496 2760 3567 prius
2788 3497 2961 3565 enim,
2994 3496 3164 3568 juxta
3206 3495 3564 3566 Apostolum,
3606 3494 3768 3565 quod

2068 3586 2335 3653 animale,
2383 3585 2733 3654 demumque
2779 3584 2934 3654 quod
2963 3584 3261 3654 spirituale
3302 3586 3350 3655 (Ι
3375 3586 3495 3641 Cor.
3529 3598 3622 3651 xv,
3650 3581 3767 3651 46),

2068 3674 2491 3745 spiritualitatis
2549 3681 2613 3729 ut
2671 3673 2916 3744 dignum
2967 3681 3052 3729 est
3104 3673 3343 3743 imperio
3391 3673 3766 3743 subjugatur.

2068 3764 2193 3821 Noli
2251 3777 2408 3834 ergo,
2470 3761 2680 3833 inquit,
2736 3777 2908 3832 penes
2966 3769 3016 3818 te
3075 3762 3318 3830 turbari,
3377 3763 3422 3818 si
3478 3762 3771 3833 patientia

2071 3850 2306 3923 pramio
2336 3852 2424 3907 vis
2464 3851 2750 3907 coronari.
2782 3852 2886 3918 Qui
2907 3854 3062 3921 prior
3085 3851 3398 3923 egreditur,
3432 3855 3591 3919 rufus
3620 3858 3767 3916 erat,

2070 3940 2209 4009 quia
2241 3940 2287 3995 is
2315 3940 2413 4010 qui
2441 3939 2708 4009 primitus
2739 3940 2798 3994 in
2831 3940 2996 3995 nobis
3028 3947 3266 4011 apparet
3300 3947 3511 4009 motus,
3540 3954 3613 3995 ex
3644 3953 3774 4010 pas-

2066 4027 2222 4083 sione
2253 4028 2667 4084 desideriorum
2698 4027 2952 4096 veniens,
2985 4029 3153 4099 quasi
3183 4042 3257 4084 ex
3297 4029 3510 4089 carnis.
3548 4035 3604 4083 et
3636 4040 3776 4082 san-

262 4113 442 4169 animi
473 4115 721 4171 motibus
749 4129 783 4170 a
811 4129 919 4171 sua
949 4115 1287 4187 evagatione
1331 4114 1595 4181 reversis,
1628 4114 1855 4184 sibique
1885 4115 1956 4170 ad
1997 4135 2042 4189 ι)
2073 4116 2266 4187 guinis
2324 4116 2545 4187 origine
2618 4123 2721 4184 est,
2780 4116 3375 4187 mucupiscentialiter
3443 4116 3769 4172 ﬂammeus.

262 4203 648 4259 securandum
681 4205 1059 4274 praesentibus
1087 4219 1121 4260 a
1160 4204 1367 4260 forensi
1400 4204 1768 4259 distractione
1788 4210 1963 4274 atque

263 4293 489 4363 negotio
533 4292 691 4349 beate
733 4293 945 4349 interit.
994 4293 1154 4349 Unde
1184 4300 1239 4349 et
1267 4293 1532 4362 superius
1575 4292 1830 4361 primum
1859 4293 1963 4348 de-

264 4381 480 4450 fecisse,
555 4382 918 4452 postmodum
987 4389 1252 4438 mortuus
1321 4381 1496 4437 fuisse
1551 4381 1792 4450 dicitur;
1850 4381 1964 4436 nisi

264 4470 414 4526 enim
463 4470 668 4526 Ismael
714 4478 952 4526 terrena
1002 4484 1074 4525 ex
1132 4477 1246 4527 toto
1276 4468 1666 4526 atiectualitati
1716 4469 1962 4537 deficiat,

266 4559 479 4629 peccati
504 4558 801 4615 effectibus
830 4557 1117 4630 quomodo
1150 4556 1295 4613 mori
1323 4557 1396 4612 ad
1425 4556 1719 4629 integrum
1750 4558 1965 4628 queat?

336 4647 473 4714 Qua
531 4655 861 4718 sequuntur
917 4647 1110 4717 (Vens.
1168 4644 1382 4717 18-22),
1436 4645 1579 4702 alias
1630 4646 1753 4717 jam
1814 4646 1966 4702 dicta

268 4744 423 4804 sunt,
454 4743 692 4806 excepto
721 4736 877 4808 quod
899 4735 1272 4804 quadraginta
1308 4750 1573 4790 annorum
1602 4735 1761 4790 Isaac
1797 4734 1968 4790 duxit

269 4826 602 4892 Rebeccam,
633 4839 734 4896 per
765 4824 1024 4896 Decalogi
1056 4824 1318 4881 videlicet
1360 4825 1765 4895 impletionem,
1801 4839 1966 4880 sum-

269 4928 425 4970 mam
448 4914 768 4985 Evangelii,
805 4914 959 4985 quod
990 4914 1361 4984 quaternario
1387 4915 1650 4986 signatur
1680 4915 1969 4985 attingens

272 5004 346 5059 ad
384 5005 673 5074 patientia
721 5003 1041 5074 amplexus,
1079 5004 1234 5073 quod
1280 5011 1365 5059 est
1408 5003 1770 5074 perfectionis
1818 5000 1968 5057 fasti-

274 5092 436 5163 gium
512 5093 759 5148 devenit.
834 5095 1263 5162 Deprecatusque
1326 5097 1404 5146 est
1459 5094 1617 5145 Isaac
1684 5091 1969 5146 Dominum

274 5196 374 5250 pro
416 5196 586 5235 umore
612 5196 733 5246 sua,
779 5197 837 5236 eo
877 5182 1022 5250 quod
1071 5187 1205 5236 esset
1249 5182 1478 5247 sterilis;
1539 5182 1635 5248 qui
1684 5179 1970 5233 exaudivit

278 5285 416 5335 eum,
456 5274 505 5323 et
562 5269 713 5324 dedit
761 5275 1067 5340 conceptum
1122 5270 1387 5335 Rebecca,
1447 5268 1542 5321 sed
1581 5267 1970 5322 collidebantur

280 5361 338 5415 in
386 5362 537 5412 utero
574 5356 690 5428 ejus
725 5361 965 5428 parvuli.
1013 5361 1144 5424 Qua:
1197 5360 1313 5411 ait:
1347 5358 1410 5411 Si
1442 5359 1519 5410 sic
1549 5358 1687 5410 mihi
1717 5358 1968 5423 futurum

2073 4206 2129 4261 Is
2155 4205 2309 4261 enim
2364 4205 2518 4261 color
2545 4212 2599 4260 et
2647 4204 2814 4276 ignis,
2855 4213 2911 4260 et
2957 4204 3263 4275 sanguinis
3294 4204 3539 4274 speciem
3575 4204 3770 4273 habet,

2072 4294 2228 4350 unde
2281 4302 2337 4349 et
2380 4301 2581 4349 astum
2632 4293 3108 4362 concupiscentia
3156 4292 3407 4348 carnalis
3461 4292 3771 4363 significat.

2072 4385 2140 4439 In
2164 4398 2363 4438 morem
2388 4383 2546 4452 peltis
2582 4389 2666 4437 est
2697 4382 2969 4451 hispidus,
3002 4382 3141 4438 dum
3173 4381 3477 4451 asperitate
3518 4381 3778 4437 influen-

2075 4472 2221 4528 tium
2250 4469 2748 4540 superfluarumvc
2786 4469 3195 4541 cogitationum
3238 4475 3377 4523 loc
3410 4483 3477 4525 ac
3507 4476 3776 4525 motuum

2074 4573 2296 4628 semper
2351 4565 2434 4613 est
2484 4557 2774 4614 horridus.
2825 4559 2932 4614 Per
2989 4558 3191 4627 pellem
3246 4572 3379 4614 vero
3438 4558 3778 4614 memoriam

2074 4661 2381 4719 possumus
2424 4646 2760 4718 intelligere,
2796 4661 2929 4717 qua
2970 4645 3237 4701 animalis
3262 4647 3382 4718 jam
3437 4647 3642 4702 mortui
3676 4661 3778 4703 re—

2074 4734 2438 4805 prasentatio
2502 4743 2614 4805 est;
2671 4734 2946 4791 memoria
2996 4748 3134 4806 ergo
3188 4741 3385 4790 nostra
3453 4741 3533 4790 tot
3583 4730 3779 4788 afﬂuit

2077 4823 2409 4879 incursibus
2471 4824 2923 4894 suggestionum,
2987 4831 3209 4893 quanta
3285 4822 3446 4892 pellis
3500 4821 3780 4892 qualibet

2076 4913 2354 4969 densitate
2401 4913 2665 4983 pilorum.
2733 4913 2889 4969 Esau
2946 4912 3160 4969 dicitur
3215 4926 3436 4966 acervus
3489 4910 3780 4980 lapidum;

2076 5002 2385 5059 carnalitas
2440 5002 2635 5072 itaque
2684 5009 2879 5057 nostra
2925 5015 3167 5058 acervus
3200 5000 3458 5070 lapidum
3508 5006 3774 5064 vocatur,

2078 5092 2216 5147 dum
2237 5092 2481 5161 pondus,
2507 5098 2561 5146 et
2582 5090 2800 5147 duritia
2827 5090 3240 5160 spiritualium,
3266 5087 3777 5159 corporaliumque

2077 5180 2319 5249 pestium
2378 5179 2763 5237 indesinenter
2825 5179 2879 5234 in
2935 5179 3089 5234 illam
3142 5177 3491 5249 congeritur,
3540 5184 3605 5233 ut
3652 5177 3779 5247 jam

2078 5266 2178 5321 vix
2209 5267 2278 5323 ad
2311 5281 2560 5338 superna
2592 5269 2906 5339 quarenda
2935 5268 3185 5331 levetur;
3222 5268 3315 5323 sed
3353 5268 3606 5336 protinus
3637 5268 3780 5320 alter

2079 5358 2392 5427 egreditur,
2460 5357 2561 5427 qui
2617 5358 2864 5426 plantam
2920 5359 3121 5423 fratris
3169 5372 3343 5426 manu
3390 5362 3577 5411 teneat
3633 5355 3777 5411 dum
