3904 6066
136 128 243 186 197

1323 129 1689 189 MORALIUM
1727 128 1798 189 IN
1837 130 2133 190 GENESIN
2174 132 2305 189 LIB.
2339 128 2460 189 VII.

3559 133 3655 193 198

128 270 459 339 spiritualis
515 268 896 340 subsequitur
941 269 1116 336 zelus,
1178 267 1280 339 qui
1339 268 1617 338 plantam,
1680 267 1733 324 id
1762 274 1847 324 est
1885 279 1925 326 Α
1957 268 2184 325 duritia
2228 269 2478 325 carnalis
2521 268 2691 325 sentit
2732 268 2951 325 emollit
3001 268 3149 325 Esau
3196 269 3262 324 de
3309 286 3442 340 agro
3478 273 3653 328 lassus

128 359 519 415 intentionem
552 359 717 429 pravi
753 358 1045 426 desiderii,
1076 373 1207 428 qua
1239 358 1405 427 quasi
1431 357 1672 428 quidam
1714 357 1844 413 linis

125 456 184 503 et
218 448 533 518 cogitatus.
574 457 629 504 et
675 448 864 518 operis
894 454 997 514 est,
1042 446 1375 502 fortitudine
1407 445 1647 501 rationis
1675 461 1844 501 ever-

128 544 240 594 tat.
290 538 472 593 Iacob
514 537 732 607 itaque,
792 536 849 592 id
906 543 990 591 est
1045 536 1513 605 supplantatorem
1572 535 1845 605 patientia

125 625 298 681 hunc
349 633 535 681 mater
590 624 859 695 appellat,
915 624 1019 694 qui
1061 624 1304 693 profecto
1354 623 1638 694 quidquid
1692 623 1846 678 mala

126 714 548 783 praestolamur
598 712 912 768 intentione
959 711 1266 767 subducat.
1313 711 1428 767 Hoc
1457 711 1724 781 estquod
1763 711 1845 767 le-

127 802 316 872 gitur,
351 803 491 858 Caro
521 801 1148 870 concupiscit-adversus
1194 803 1475 869 spiritum,
1521 805 1571 854 et
1611 803 1843 869 Spiritus

125 891 404 945 adversus
444 906 659 945 carnem
690 890 841 960 (Gal.
887 906 942 958 v,
989 891 1102 959 17).
1151 892 1378 958 Tempus
1420 897 1640 959 partus,
1687 890 1843 959 quod

126 980 411 1050 superius
460 994 565 1036 nos
603 980 974 1049 praeterierat,
1006 994 1124 1050 quo
1166 981 1370 1045 gemini
1406 982 1466 1032 in
1504 983 1653 1032 utero
1681 992 1842 1048 repe-

127 1068 401 1135 riuntur,
458 1068 539 1122 nil
565 1067 722 1123 aliud
768 1067 1206 1123 convenientius
1232 1066 1453 1122 astimo
1484 1080 1661 1136 quam
1694 1068 1847 1135 ipsas

134 1157 479 1212 tentationis
517 1155 824 1222 molestias,
875 1170 1005 1226 qua
1052 1156 1283 1226 quidem
1335 1155 1594 1226 geminos
1642 1155 1840 1221 edunt,

132 1246 277 1300 dum
359 1246 614 1315 primum
673 1244 982 1301 carnaliter
1033 1245 1282 1311 titillant,
1334 1244 1695 1313 postmodum
1770 1243 1844 1298 ad

130 1335 576 1390 subversionem
606 1334 881 1405 nequitia
910 1334 1175 1403 spiritum
1207 1332 1375 1403 quasi
1419 1333 1675 1403 pugilem
1717 1331 1842 1387 vir-

130 1424 273 1477 tutis
311 1423 698 1479 exsuscitant.
743 1424 953 1479 Uterus
984 1430 1196 1490 autem,
1236 1424 1360 1494 ipsa
1392 1437 1508 1492 quo
1540 1422 1661 1477 hac
1691 1421 1841 1476 cele-

130 1512 389 1567 brantur
421 1512 786 1567 conscientia
814 1512 1177 1567 invisibilitas
1205 1520 1311 1566 est.

198 1600 383 1656 Vsus.
418 1601 507 1665 26,
532 1604 622 1666 27,
651 1603 739 1654 28.
761 1630 829 1639 —
846 1600 1253 1667 Sexagena-rius
1280 1602 1397 1653 erat
1424 1600 1599 1664 Isaac,
1624 1597 1842 1667 quando
1882 1577 1922 1630 Β

125 1689 250 1741 nati
280 1693 416 1742 sunt
447 1690 498 1741 ei
520 1689 768 1756 parvuli.
811 1688 1015 1753 Quibus
1039 1688 1246 1741 adultis
1266 1689 1448 1753 factus
1470 1692 1547 1741 est
1579 1690 1728 1741 Esau
1755 1688 1844 1740 vir

125 1792 343 1841 gnarus
396 1777 656 1842 venandi,
697 1780 747 1829 et
787 1777 939 1830 homo
985 1777 1250 1843 agricola.
1309 1776 1472 1831 Iacob
1522 1780 1701 1830 autem
1756 1777 1845 1828 vir

127 1866 372 1934 simplex
397 1865 687 1918 habitabat
715 1869 772 1917 in
801 1865 1188 1918 tabernaculis.

195 1955 368 2009 Isaac
403 1953 628 2007 amabat
666 1953 841 2019 Esau,
894 1968 950 2007 eo
995 1953 1139 2021 quod
1176 1952 1242 2006 de
1288 1952 1665 2007 venationibus
1726 1952 1844 2021 ejus

126 2045 459 2106 vesceretur,
522 2045 575 2093 et
636 2041 862 2095 Rebecca
922 2039 1185 2106 diligebat
1259 2040 1441 2093 Iacob.
1512 2039 1846 2095 Nascuntur

129 2129 301 2185 nobis
330 2129 582 2198 parvuli,
636 2143 769 2184 cum
799 2127 872 2183 ad
922 2128 1158 2197 plenum
1204 2126 1261 2182 in
1313 2128 1527 2197 praliis
1571 2127 1844 2184 vitiorum

127 2218 465 2273 exercitata
510 2215 770 2272 carnalia
839 2229 907 2271 ac
961 2215 1286 2286 spiritualia
1329 2230 1580 2286 quaque
1648 2222 1845 2286 patent

129 2307 468 2361 discretioni
490 2314 715 2361 nostra.
751 2306 908 2360 Isaac
931 2305 1311 2375 sexagenario
1344 2313 1685 2373 nascuntur,
1710 2319 1843 2360 eum

128 2397 247 2465 spei
281 2403 500 2451 nostra
528 2409 626 2465 per
654 2393 879 2466 integra
908 2394 1141 2465 perfecti
1177 2394 1423 2450 hominis
1451 2408 1644 2464 opera,
1689 2395 1845 2464 quod

129 2483 521 2554 sexagenario
571 2481 860 2552 signatur,
907 2482 1177 2551 supernis
1206 2481 1436 2547 gaudiis
1460 2482 1580 2552 jam
1614 2481 1845 2537 intenta

130 2571 355 2627 utiliter
406 2572 529 2626 hac
584 2578 1039 2641 temperamenta
1096 2571 1167 2625 ad
1212 2570 1572 2640 probationis
1635 2570 1847 2625 scilicet

133 2660 382 2729 gloriam
407 2659 817 2715 suboriuntur.
852 2659 1087 2715 Parvuli
1112 2666 1247 2715 tunc
1270 2659 1519 2725 adolent,
1539 2665 1847 2728 cumtcpor

135 2748 528 2818 suggestionis
550 2747 623 2802 ad
645 2747 889 2803 calorem
914 2748 1105 2803 nimia
1128 2747 1453 2818 prorumpit
1472 2747 1841 2803 invectionis:

137 2836 230 2890 sed
284 2844 484 2891 tamen
530 2836 577 2891 si
624 2837 933 2892 carnalitas
1000 2837 1195 2903 fervet,
1250 2836 1567 2906 spiritualis
1618 2849 1846 2892 necesse

139 2932 221 2979 est
274 2924 527 2993 impetus
573 2932 639 2980 ut
684 2932 883 2979 contra
930 2924 1227 2980 ardentius
1270 2925 1468 2980 ardere
1540 2938 1847 2994 nunquam

143 3020 341 3068 cesset.
394 3012 630 3068 Parvuli
685 3027 822 3068 sane
872 3012 1013 3068 alter
1067 3012 1273 3080 bonus,
1324 3012 1515 3068 malus
1581 3012 1743 3079 alter,
1794 3018 1850 3067 et

141 3110 413 3171 uterque,
446 3101 494 3155 si
526 3100 788 3168 velimus,
822 3100 1029 3156 bonus.
1065 3100 1225 3156 Unde
1270 3108 1325 3156 et
1356 3102 1530 3166 Esau,
1580 3102 1669 3154 vir
1718 3100 1849 3156 licet

142 3202 352 3253 gnarus
382 3190 622 3242 venandi
648 3189 738 3255 sit,
770 3191 1026 3257 homoque
1061 3190 1325 3257 agricola,
1362 3197 1551 3245 tamen
1584 3190 1657 3244 ab
1689 3190 1850 3245 Isaac

143 3275 431 3346 diligitur,
489 3292 547 3331 eo
605 3278 750 3345 quod
804 3279 870 3331 de
929 3277 1045 3348 ejus
1086 3279 1463 3333 venationibus
1515 3283 1847 3345 vesceretur;

146 3371 389 3418 venator
413 3364 595 3420 multo
626 3380 732 3420 suo
762 3374 894 3421 actu
925 3367 1004 3421 nil
1028 3367 1186 3422 aliud
1219 3380 1395 3436 quam
1424 3380 1657 3422 carnem
1680 3381 1849 3437 qua-

147 3452 242 3506 rit.
287 3451 575 3522 Agricola,
627 3467 758 3509 cum
804 3462 1013 3510 terram
1066 3462 1348 3522 exerceat,
1383 3456 1606 3517 frugem
1656 3464 1848 3511 tamen

145 3539 351 3610 exigit.
389 3540 549 3596 Esau
593 3541 806 3611 itaque,
860 3542 916 3597 id
945 3550 1029 3598 est
1064 3543 1254 3597 carnis
1285 3542 1525 3598 affectus
1560 3543 1679 3598 sola
1717 3558 1849 3599 cor-

145 3629 299 3697 poris
348 3629 633 3686 desideria
680 3631 911 3700 quarit,
980 3632 1079 3686 sed
1124 3640 1317 3687 tamen
1386 3630 1568 3687 instar
1619 3639 1673 3687 et
1734 3633 1849 3701 ipse

146 3716 412 3786 agricola
442 3733 574 3774 cum
619 3719 811 3773 carnis
862 3726 1073 3775 terram
1119 3720 1315 3775 multis
1354 3728 1489 3791 agat
1530 3720 1847 3788 laboribus,

143 3819 386 3876 magnos
436 3806 673 3862 rationis
700 3815 905 3863 nostra
936 3808 1006 3863 ad
1045 3823 1298 3878 superna
1337 3809 1672 3877 respectanti
1704 3816 1757 3864 et
1780 3809 1850 3865 ad

146 3892 253 3947 ista
307 3894 594 3965 pugnanti
638 3909 862 3965 magna
912 3896 1234 3951 saturitatis
1280 3896 1488 3967 ingerit
1527 3904 1734 3967 gustus
1779 3912 1852 3953 ex

143 3982 521 4038 victoriarum
554 3985 947 4052 proventibus.
982 3985 1146 4040 Iacob
1175 3989 1265 4039 vir
1291 3987 1528 4054 simplex
1555 3986 1709 4042 domi
1741 3987 1852 4042 ha-

148 4069 311 4139 bitat,
366 4085 542 4140 quem
589 4072 846 4128 Rebecca
894 4074 983 4129 vel
1033 4073 1156 4143 ipsa
1203 4082 1381 4141 amat,
1432 4075 1570 4130 dum
1615 4074 1853 4130 animus

1951 358 2130 426 venit,
2182 373 2313 414 cum
2355 358 2414 413 in
2460 358 2704 413 terrenis
2761 358 3002 429 fatigata
3055 360 3296 429 negotiis
3325 360 3654 417 animalitas

1952 454 2153 501 nostra
2194 448 2265 502 ad
2315 446 2722 502 conscientiam
2775 447 3100 516 spiritualia
3131 448 3551 518 disquirentem
3595 464 3655 505 se

1953 535 2184 605 colligit.
2218 535 2409 591 Coctio
2439 550 2576 591 vero
2605 542 2689 591 est
2708 538 2861 603 rufa,
2894 535 3012 605 ipse
3038 536 3249 604 carnis,
3273 544 3327 592 et
3348 537 3655 608 sanguinis

1952 624 2282 692 passionum
2299 623 2564 679 coercitio
2597 624 2818 678 fervida
2846 665 2861 691 ,
2887 624 3067 679 rubor
3088 624 3241 678 enim
3272 625 3651 695 sanguineus,

1950 715 2052 766 aut
2082 712 2344 767 carnales
2365 721 2560 781 astus,
2592 719 2695 767 aut
2714 720 3012 781 peccatum
3045 712 3350 783 significat.
3389 716 3464 766 Da
3492 714 3650 782 mihi,

1951 800 2160 870 inquit,
2191 801 2258 854 de
2294 803 2525 856 coctione
2562 803 2724 867 rufa,
2756 801 2811 856 id
2842 808 2926 856 est
2980 815 3159 856 avara
3201 794 3342 856 mihi
3391 816 3653 872 excoque

1951 888 2251 956 desideria,
2284 895 2341 944 et
2379 889 2436 943 in
2461 889 2598 944 meis
2630 903 2716 944 me
2746 889 3160 959 cupiditatibus
3206 889 3649 953 lassabundum,

1949 975 2040 1031 vel
2070 976 2195 1046 ipsa
2224 976 2391 1032 famis
2418 977 2697 1046 pestifera
2742 976 3075 1046 depulsione
3105 985 3409 1046 exsatura;
3441 977 3513 1032 ob
3544 978 3652 1033 hoc

1952 1078 2204 1134 namque
2233 1064 2411 1119 Edoni
2446 1072 2636 1120 noster
2661 1071 2901 1119 vocatur
2932 1064 3190 1130 affectus,
3229 1064 3370 1134 quia
3410 1059 3651 1120 terrenis

1950 1151 2336 1207 indesinenter
2374 1159 2722 1222 angustatur
2770 1152 3151 1220 pas‘sionibus.
3212 1152 3392 1207 Edom
3445 1166 3650 1222 nempe

1950 1239 2160 1295 dicitur
2208 1245 2470 1305 terrenus,
2538 1240 2628 1295 vel
2698 1242 3045 1305 sanguineus.
3121 1239 3327 1307 Vende,
3358 1239 3456 1306 ait,
3514 1239 3653 1293 mihi

1948 1332 2329 1398 primogenita,
2377 1343 2449 1384 ne
2505 1328 2718 1385 scilicet
2775 1328 3018 1384 ulterius
3070 1327 3129 1381 in
3184 1328 3326 1383 meis
3397 1327 3646 1398 aliquem

1950 1418 2206 1474 moribus
2262 1418 2576 1488 primatum
2626 1417 2864 1487 privata
2907 1415 3199 1485 potestatis
3246 1430 3488 1486 usurpa,
3552 1415 3650 1471 sed

1952 1507 2124 1577 regia
2174 1506 2489 1577 majestatis
2535 1506 2774 1575 imperio
2843 1505 3046 1560 cedens
3112 1504 3535 1573 spiritualitatis
3599 1512 3652 1559 te

1950 1596 2113 1665 sequi
2165 1596 2426 1665 protitere
2472 1596 2732 1664 vestigia.
2764 1594 2906 1664 Quid
2953 1594 3107 1659 mihi,
3158 1592 3367 1662 inquit,
3403 1591 3653 1647 carnalis

1952 1682 2209 1749 affectus,
2265 1685 2451 1753 prodit
2507 1691 2706 1739 contra
2773 1683 3048 1738 rationem
3118 1696 3299 1751 prava
3343 1680 3530 1737 moliri
3587 1694 3654 1735 ac

1950 1771 2187 1841 indigna
2228 1772 2499 1839 dominia,
2549 1787 2681 1828 cum
2739 1772 2818 1826 nil
2869 1771 3009 1826 milii
3050 1785 3123 1826 ex
3156 1771 3277 1841 [hoc
3327 1769 3648 1840 acquiram,

1952 1861 2062 1916 nisi
2109 1861 2307 1917 mortis
2360 1870 2589 1916 aterna
2642 1859 2983 1930 dispendia?
3029 1860 3224 1930 (Vens.
3270 1862 3357 1926 33,
3401 1857 3512 1928 34:)
3554 1859 3655 1912 Ait

1951 1951 2112 2004 Iacob
2144 1952 2317 2004 :Jura
2340 1965 2465 2017 ergo
2493 1952 2648 2003 mihi.
2688 1951 2907 2003 Juruvit
2952 1951 3120 2015 Esau,
3154 1950 3206 2001 et
3235 1947 3486 2001 vendidit
3532 1948 3651 2015 pri-

1950 2043 2241 2107 mogenita.
2270 2042 2340 2093 Et
2383 2040 2460 2093 sic
2485 2046 2700 2107 accepto
2744 2054 2886 2107 pane
2916 2043 2966 2092 et
3004 2040 3162 2092 lentis
3194 2037 3373 2091 edulio
3402 2036 3651 2102 comedit,

1950 2133 2002 2183 et
2023 2129 2159 2182 bibit
2188 2132 2238 2182 et
2265 2128 2424 2190 abiit,
2454 2126 2855 2196 parvipendens
2887 2126 3032 2195 quod
3059 2128 3427 2194 primogenita
3462 2125 3649 2179 vendi-

1950 2216 2111 2271 derit.
2135 2217 2301 2272 Jnrat
2327 2219 2476 2271 Esau
2515 2215 2814 2271 vendendo
2850 2217 3232 2284 primogenita,
3268 2214 3409 2269 dum
3441 2213 3513 2268 ad
3552 2212 3652 2282 jus

1951 2305 2467 2374 rectitudinemque
2505 2318 2562 2359 se
2591 2304 2807 2359 confert
2847 2302 3038 2359 carnis
3068 2303 3377 2372 appetitus,
3410 2309 3652 2372 accepto

1951 2393 2268 2463 spiritualis
2298 2393 2576 2448 libertatis
2606 2392 2805 2461 pretio,
2838 2392 3036 2447 subter
3064 2391 3303 2447 rationis
3329 2404 3450 2446 sese
3490 2403 3651 2445 man-

1952 2482 2198 2552 cipando
2228 2481 2530 2552 regimina.
2558 2483 2766 2536 Panem
2796 2495 2933 2551 ergo
2963 2487 3102 2535 tunc
3131 2478 3355 2549 accipit,
3388 2485 3445 2535 et
3483 2478 3653 2534 lentis

1932 2570 2234 2638 edulium,
2267 2586 2396 2627 cum
2454 2578 2573 2639 post
2615 2568 2873 2625 avaritia
2918 2568 3123 2624 famem
3158 2581 3307 2637 pane
3354 2566 3653 2623 charitatis

1954 2660 2226 2726 reficitur,
2250 2666 2306 2715 et
2328 2662 2658 2729 passionum
2690 2657 3033 2725 carnalium,
3065 2671 3196 2727 qua
3233 2657 3399 2712 lentis
3439 2655 3653 2712 rubore

1953 2751 2278 2819 signantur,
2312 2747 2748 2817 consumptione
2774 2746 3092 2817 saginatur.
3134 2745 3385 2799 Comedit
3433 2744 3648 2814 itaque,

1957 2836 2013 2891 id
2042 2843 2127 2891 est
2154 2835 2282 2891 forti
2315 2834 2601 2905 quidquid
2650 2834 2708 2888 in
2755 2848 2815 2889 se
2843 2833 3012 2889 noxie
3062 2833 3278 2888 durum
3316 2839 3400 2888 est
3433 2831 3650 2886 discre-

1958 2924 2127 2981 tionis
2161 2924 2353 2979 atterit
2399 2923 2603 2990 dente;
2639 2923 2792 2987 bibit,
2838 2922 3041 2992 poeulo
3069 2921 3281 2977 scilicet
3335 2919 3655 2991 spiritualis

1958 3013 2192 3084 gratia;
2226 3012 2363 3079 abit,
2411 3012 2626 3068 virtute
2682 3011 2884 3081 utique
2949 3009 3191 3081 prolicit,
3234 3018 3290 3066 et
3344 3009 3652 3080 primetum

1957 3102 2230 3172 nequitia
2260 3099 2547 3171 spirituali
2568 3099 2817 3171 jservitia
2850 3099 3154 3170 postponit.

2482 3247 2627 3297 nos
2665 3242 2895 3299 CAPUT
2933 3241 3143 3299 XXVI.

2025 3368 2205 3425 Vens.
2261 3371 2310 3434 l,
2351 3370 2403 3421 2.
2437 3397 2503 3408 —
2534 3367 2668 3423 Orta
2707 3371 2884 3420 antem
2911 3368 3059 3432 fame
3088 3381 3249 3436 super
3280 3369 3500 3432 terram,
3531 3370 3656 3435 post

1957 3474 2075 3511 eam
2106 3458 2450 3510 sterilitatem
2481 3472 2599 3524 qua
2629 3456 2898 3509 acciderat
2922 3457 2981 3508 in
3008 3455 3194 3508 diebus
3223 3455 3480 3521 Abrahae,
3514 3455 3655 3508 abiit

1958 3548 2031 3601 ad
2060 3546 2366 3600 Abimelech
2392 3561 2566 3612 regem
2613 3547 3021 3621 Palastinorum
3062 3546 3119 3597 in
3171 3545 3403 3599 Gerara.
3457 3543 3652 3612 Appa-

1956 3638 2175 3704 ruitque
2223 3637 2272 3688 ei
2323 3636 2606 3700 Dominus,
2656 3639 2706 3686 et
2751 3635 2869 3687 ait:
2908 3634 2987 3689 Ne
3013 3632 3304 3686 descendas
3353 3635 3411 3685 in
3469 3633 3654 3700 zEgy-

1902 3798 1905 3799 ν
1952 3727 2125 3792 ptum.
2180 3723 2382 3777 Fames
2424 3737 2586 3791 super
2636 3726 2837 3775 terram
2876 3720 3009 3792 [post
3069 3721 3413 3774 sterilitatem
3467 3721 3656 3774 diebus

1960 3811 2203 3865 Abrahae
2231 3809 2438 3865 factam
2470 3808 2673 3875 oritur,
2721 3823 2852 3864 cum
2895 3807 3104 3864 divina
3135 3822 3305 3878 sapor
3333 3807 3657 3864 dulcedinis

1959 3899 2030 3954 ad
2081 3897 2508 3967 deprimendam
2552 3896 2899 3953 terrenitatis
2949 3904 3157 3952 nostra
3201 3896 3532 3966 superbiam
3578 3911 3653 3952 ex

1956 3987 2198 4042 victoria
2241 3987 2671 4042 intumescentis
2719 3985 2994 4041 vitiorum
3040 3984 3216 4041 menti
3260 3985 3649 4053 subtrahitur,

1960 4075 2260 4146 postillam
2289 4075 2665 4142 sterilitatem,
2700 4089 2878 4144 quam
2922 4075 3173 4144 primum
3218 4078 3350 4130 ante
3405 4090 3654 4130 concus-

148 4158 522 4229 simplicitati,
555 4160 613 4215 id
642 4168 726 4216 est
775 4160 981 4217 unitati
1027 4162 1236 4218 mentis
1267 4162 1367 4217 uni
1399 4176 1627 4231 vacare,
1661 4178 1849 4219 unum
1889 4180 1932 4233 ι)
1964 4165 2179 4221 sionem
2256 4163 2615 4220 conscientia
2674 4163 2940 4230 Abrahae,
3015 4163 3124 4218 hoc
3176 4170 3261 4219 est
3338 4163 3655 4220 intellectui

149 4248 411 4317 gaudens
456 4248 709 4319 cogitare
760 4249 1023 4317 intendit,
1074 4258 1127 4306 et
1173 4250 1326 4306 domi
1373 4251 1658 4319 habitans,
1708 4265 1841 4307 con-

148 4335 401 4391 scientia
445 4337 650 4407 utiqne
713 4337 1020 4407 imperans,
1074 4352 1108 4393 a
1170 4338 1443 4408 patientia
1506 4339 1846 4395 humanitus

151 4424 437 4495 diligitur,
478 4440 609 4495 qua
649 4427 815 4496 quasi
853 4427 1214 4483 muliebriter
1258 4428 1326 4482 de
1367 4427 1601 4497 propria
1654 4428 1845 4498 quiete

148 4512 399 4581 latatur,
447 4514 589 4570 dum
630 4515 801 4571 Iacob
830 4515 1167 4585 simpliciter
1193 4516 1463 4584 stabilito,
1501 4516 1663 4572 nullo
1716 4524 1845 4572 tur-

148 4601 279 4657 bine
317 4601 561 4658 interius
587 4603 971 4672 propulsatus,
1002 4604 1143 4660 dum
1178 4605 1371 4660 minus
1401 4604 1661 4675 providet
1693 4619 1847 4674 qna-

148 4704 283 4745 nam
310 4690 529 4746 utilitas
556 4706 629 4747 ex
658 4692 967 4749 tentatione
997 4700 1291 4749 nascatur.

216 4778 393 4836 Vsus.
430 4782 519 4846 29,
548 4781 635 4848 30,
665 4784 721 4835 3l
741 4822 754 4835 .
781 4812 849 4820 —
884 4783 1041 4838 Cea-it
1070 4790 1248 4837 autem
1276 4783 1438 4837 Jacob
1476 4783 1841 4852 pulmentum;

153 4868 225 4922 ad
255 4885 415 4939 quem
446 4884 568 4925 cum
613 4873 845 4925 venisset
886 4874 1036 4925 Esau
1074 4871 1141 4925 de
1169 4887 1302 4939 agro
1354 4873 1550 4940 lassus,
1597 4874 1678 4926 ait
1709 4888 1721 4925 :
1764 4875 1847 4926 Da

150 4960 284 5012 mihi
323 4958 393 5011 de
439 4961 672 5013 coctione
707 4960 807 5014 hac
843 4962 994 5027 rufa,
1054 4962 1189 5029 quia
1235 4961 1436 5030 oppido
1475 4962 1651 5015 lassus
1703 4976 1840 5015 sum.

152 5050 317 5115 Quam
367 5047 434 5101 ob
518 5063 739 5103 causam
793 5053 1041 5103 vocatum
1104 5054 1183 5104 est
1230 5065 1419 5103 nomen
1466 5050 1581 5119 ejus
1650 5051 1841 5105 Edom.

159 5137 326 5191 Vende
371 5137 515 5191 mihi
541 5140 910 5208 prirnugenita
958 5143 1071 5204 tua,
1127 5141 1326 5207 inquit.
1377 5140 1477 5196 Cui
1525 5142 1705 5194 Esau:
1763 5143 1845 5194 En

151 5231 380 5297 morior;
452 5227 595 5296 quid
660 5229 797 5281 mihi
851 5229 1151 5297 proderunt
1222 5232 1631 5297 primogenita?
1682 5228 1843 5283 Jacob

148 5320 475 5385 pulmentum
540 5315 758 5385 coquit,
808 5316 947 5372 dum
994 5316 1312 5386 spiritualis
1372 5318 1544 5388 vigor
1596 5317 1843 5374 scientia

148 5406 367 5479 aliquis,
419 5413 480 5462 et
518 5404 737 5460 divina
790 5404 910 5459 foco
957 5406 1255 5463 charitatis
1293 5407 1577 5477 quidquid
1608 5408 1760 5477 apud
1786 5421 1844 5463 se

1950 4254 2221 4324 privatim
2266 4251 2609 4308 infecundus
2657 4251 2840 4307 factus
2886 4260 2969 4307 est
3020 4251 3419 4323 insipihusque
3484 4253 3653 4322 panis

1954 4343 2107 4398 vita.
2157 4340 2323 4396 Prius
2387 4340 2538 4395 enim
2597 4353 2628 4393 a
2678 4340 2773 4395 Dei
2819 4340 2977 4396 verbi
3031 4347 3207 4411 gustu
3248 4340 3393 4396 ratio
3445 4348 3650 4411 torpet,

1952 4430 2311 4501 postmodum
2379 4443 2450 4485 ex
2510 4429 2632 4498 ipsa
2696 4429 2887 4485 inedia
2970 4429 3225 4499 graviter
3298 4429 3649 4486 conscientia

1953 4520 2217 4590 languet;
2267 4519 2474 4584 diebus,
2512 4517 2567 4573 id
2595 4525 2679 4573 est
2712 4518 3093 4574 intellectibus
3143 4520 3399 4584 Abrahae,
3438 4517 3651 4574 scilicet

1952 4608 2190 4664 rationis
2227 4608 2336 4663 hac
2378 4613 2542 4662 nocte
2602 4607 2950 4663 tabentibus.
3004 4608 3162 4663 Isaac
3212 4608 3285 4661 ad
3339 4608 3649 4662 Abimelech

1950 4713 2128 4765 regem
2156 4698 2213 4750 in
2248 4696 2458 4752 Gerara
2506 4695 2685 4761 vadit,
2726 4696 2867 4765 quia
2898 4709 3074 4762 mens,
3117 4710 3367 4765 superno
3414 4695 3649 4766 quidem

1954 4786 2164 4857 gaudio
2209 4785 2445 4853 intenta,
2496 4784 2569 4839 ad
2608 4784 2790 4839 Patris
2855 4783 2943 4840 sui
2999 4798 3264 4854 regnum,
3326 4784 3481 4854 quod
3566 4791 3650 4841 est

1953 4875 2228 4938 mundus,
2251 4872 2498 4940 excedit,
2526 4873 2626 4929 ubi
2648 4874 2789 4930 dum
2820 4873 3072 4943 gaudere
3097 4872 3320 4940 nititur,
3352 4872 3645 4928 diabolum

1953 4964 2053 5035 qui
2092 4970 2253 5033 pater
2310 4964 2513 5019 mundi
2542 4968 2866 5018 amatorum
2896 4969 2999 5027 est,
3034 4975 3224 5032 regem
3265 4961 3645 5029 advenarum,

1952 5052 2162 5109 scilicet
2220 5051 2741 5123 peregrinationem
2807 5050 2984 5120 hujus
3046 5049 3240 5106 saculi
3290 5063 3392 5119 pro
3457 5050 3649 5121 patria

1953 5140 2295 5207 amantium,
2340 5150 2395 5196 et
2434 5155 2534 5210 per
2550 5140 2658 5195 hoc
2678 5139 2750 5195 ad
2770 5153 2828 5194 se
2858 5138 3377 5209 propinquantium
3412 5140 3644 5210 reperit.

1952 5230 2303 5297 Abimelech,
2354 5232 2538 5301 patris
2577 5231 2683 5283 mei
2727 5243 2982 5295 regnum;
3037 5227 3251 5284 Gerara
3280 5228 3494 5285 dicitur
3548 5230 3649 5284 ad-

1950 5335 2086 5373 vena
2116 5322 2588 5388 appropinquans.
2647 5317 2899 5387 Apparet
2945 5319 2995 5371 ei
3040 5319 3317 5387 Dominus,
3367 5317 3508 5374 dum
3547 5331 3644 5374 er-

1952 5422 2141 5463 rorem
2172 5407 2381 5463 anima
2427 5406 2609 5463 oculis
2659 5407 2870 5477 detegit
2919 5406 3257 5464 intellectus.
3315 5408 3389 5464 Ne
3435 5406 3644 5461 descen-
