3904 6066
235 140 337 195 199

1138 139 1196 194 ν.
1239 137 1575 195 GUIBERTI
1620 134 1917 193 ABBATIS
1955 139 2011 194 S.
2055 136 2295 195 MARUE
2335 140 2422 193 DE
2462 136 2859 195 NOVIGENTO

3654 144 3775 196 200

238 271 339 324 dat
383 272 443 323 in
470 272 794 340 Egi/ptum,
849 282 922 323 ne
971 267 1191 322 deﬂuas
1221 267 1485 323 videlicet
1533 267 1605 322 ad
1635 266 1937 322 conformi-
1978 267 2025 320 Α
2054 267 2388 331 virtutibus,
2424 266 2514 321 vel
2547 267 2619 322 ab
2654 266 2789 336 ipsis
2818 266 3053 322 rationis
3084 268 3354 334 motibus,
3400 268 3591 325 locum
3649 272 3773 326 sibi

232 365 407 414 tatem
448 359 813 414 saecularium
859 356 953 410 sed
1002 358 1213 423 quiesce
1242 358 1300 408 in
1331 360 1498 421 terra,
1544 371 1708 424 quam
1739 355 1931 409 dia-ero

235 447 361 512 tibi;
421 447 616 516 (γωδ.
670 446 745 509 3.)
804 449 856 499 et
908 446 1259 512 peregrinare
1303 446 1359 497 in
1406 460 1487 497 ea.
1539 445 1587 499 A
1636 443 1829 498 labore
1877 450 1933 499 et

233 548 403 590 onere
468 535 761 589 saecularis
829 532 1039 603 negotii
1088 530 1145 585 in
1216 531 1394 585 solido
1449 530 1795 586 humilitatis
1878 538 1931 585 te

231 622 551 690 deprimens
619 620 934 688 consopire,
1002 632 1105 673 nec
1181 619 1390 674 habeas
1455 619 1547 674 hic
1601 626 1925 674 manentem

233 710 541 773 civitatem,
584 709 680 764 sed
753 708 1009 763 futuram
1082 709 1389 776 peregimus
1449 706 1677 777 inquire
1743 708 1927 777 (Hebr.

232 800 383 867 XIII);
414 806 677 852 oneratos
714 810 851 851 sane
879 803 934 851 et
966 795 1291 851 laborantes
1321 810 1459 850 voco
1489 804 1552 851 ut
1607 796 1925 865 quiescant,

231 893 286 941 et
308 886 529 941 discant
572 885 712 955 quia
741 884 896 939 milis
925 899 1074 949 sum,
1112 892 1167 937 et
1224 883 1460 939 humilis
1497 884 1666 939 corde
1710 883 1927 954 (Matth.

232 989 308 1041 x1,
354 974 465 1038 29).
519 974 645 1027 Tibi
692 975 833 1027 enim
867 978 917 1026 et
971 976 1167 1026 semini
1214 978 1303 1026 tuo
1356 973 1495 1026 dabo
1524 976 1809 1027 universas
1852 987 1933 1026 re-

230 1065 411 1129 giones
454 1062 575 1127 has,
629 1062 792 1117 bonae
842 1061 1055 1116 scilicet
1089 1068 1201 1115 tuae
1251 1061 1452 1116 merito
1500 1060 1835 1127 voluntatis,
1876 1066 1932 1115 et

231 1151 387 1220 operi
413 1158 511 1207 tuo
544 1151 697 1221 quod
734 1150 790 1205 in
820 1164 978 1219 spem
1028 1149 1213 1219 frugis
1258 1157 1485 1204 aeterna:
1522 1148 1613 1204 hic
1659 1149 1928 1215 seminas,

232 1240 374 1293 dabo
423 1247 660 1294 cunctos
707 1239 963 1307 corporis
1006 1240 1089 1293 tui
1153 1252 1357 1293 sensus
1417 1237 1806 1306 possidendas,
1875 1244 1932 1291 et

232 1329 633 1398 rationisjurc
688 1328 1043 1397 premendus.
1116 1328 1211 1381 H213
1253 1335 1388 1382 sunt
1439 1326 1617 1391 enim,
1677 1340 1808 1395 quae
1874 1326 1929 1380 in

234 1418 546 1487 Evangelio
595 1417 737 1471 bene
787 1414 1182 1471 fenerantibus
1215 1417 1622 1470 attribuuntur
1673 1414 1932 1469 civitates

236 1508 388 1577 (Luc.
424 1519 545 1570 XIX,
582 1508 667 1571 17,
717 1507 830 1575 19),
875 1511 930 1559 et
964 1504 1021 1559 in
1048 1503 1267 1573 psalmo
1298 1506 1470 1557 latera
1500 1504 1689 1558 domus
1727 1502 1931 1572 appel-

234 1597 431 1652 lantur
457 1593 623 1664 (Psal.
660 1607 872 1660 cxxvn,
926 1593 999 1661 3),
1033 1592 1321 1647 universae
1360 1591 1623 1647 videlicet
1677 1591 1933 1660 corporis

233 1683 411 1740 nostri
440 1690 652 1752 partes.

306 1771 486 1826 Vens.
540 1770 594 1823 4.
641 1799 698 1809 -
738 1769 1024 1837 Complens
1069 1768 1443 1836 juramentum
1481 1767 1626 1836 quod
1666 1767 1935 1837 spopondi

235 1861 520 1915 Abraham
582 1858 737 1927 patri
796 1862 905 1911 tuo.
968 1857 1047 1911 Et
1114 1857 1485 1925 multiplicabo
1541 1872 1716 1910 semen
1783 1862 1932 1909 tuum

233 1952 380 2004 sicut
420 1949 602 2002 stellas
659 1947 794 2013 carli,
838 1946 893 2000 id
945 1952 1030 2000 est
1090 1945 1377 2014 perﬁciam
1444 1945 1733 2015 quidquid
1790 1944 1931 1999 illud

234 2046 316 2093 est
348 2035 599 2092 scientias
651 2049 718 2091 ac
748 2034 1134 2095 rectitudinis,
1196 2034 1349 2103 quod
1389 2041 1541 2089 certo
1596 2034 1809 2090 certius
1839 2033 1933 2087 in-

235 2125 409 2182 servit
448 2124 699 2180 scientize
733 2122 1259 2185 intellectualitatis,
1296 2136 1426 2193 quae
1457 2123 1555 2178 tibi
1603 2122 1933 2192 patrocina-

234 2221 350 2281 tur,
375 2221 429 2269 et
458 2226 633 2282 opera
662 2219 765 2266 tua
784 2210 875 2265 vel
902 2209 1361 2265 certeinternam
1404 2210 1669 2280 gratiam,
1705 2210 1774 2265 de
1814 2221 1933 2279 qua

234 2304 393 2359 velut
420 2316 451 2358 e
488 2302 704 2356 semine
733 2301 1078 2368 proserpunt
1117 2298 1314 2353 eadem
1346 2311 1521 2366 opera
1562 2301 1719 2363 sicut,
1768 2296 1824 2352 id
1850 2304 1934 2353 est

235 2397 452 2462 utpote,
481 2391 686 2456 stellas,
720 2387 966 2442 virtutes
1014 2385 1245 2451 scilicet,
1290 2399 1420 2455 qum
1448 2393 1503 2441 et
1542 2386 1683 2441 emlo
1727 2387 1935 2441 mentis

236 2489 349 2536 tute
401 2478 742 2548 infulgeant,
796 2483 852 2530 et
914 2482 1102 2540 terrae,
1176 2473 1593 2542 peccatoribus,
1672 2473 1934 2529 videlicet

235 2567 567 2639 quibusque
613 2566 805 2619 lumen
832 2562 1077 2630 exempli
1120 2561 1433 2629 praebeant.
1470 2562 1727 2630 Daboque
1760 2566 1935 2631 poste-

234 2660 312 2711 ris
344 2658 453 2709 tuis
476 2655 758 2707 universas
786 2652 1032 2721 regiones
1064 2651 1183 2716 has,
1218 2649 1324 2704 hoc
1352 2657 1435 2704 est
1468 2649 1929 2719 impassibititati,

235 2753 289 2801 et
320 2740 847 2811 incorruptibilitati
890 2745 1005 2794 tute
1031 2752 1160 2807 quae
1188 2745 1314 2806 post
1347 2738 1403 2792 id
1444 2738 1601 2808 quod
1644 2753 1805 2794 nunc
1848 2746 1933 2795 est

239 2834 296 2889 in
345 2830 774 2902 regeneratione
830 2827 932 2883 tibi
984 2827 1279 2882 nascitura
1327 2835 1488 2894 sunt,
1547 2826 1686 2881 dabo
1734 2841 1933 2882 omnes

237 2923 399 2978 beate
447 2918 783 2974 obtinendas
825 2915 1014 2971 carnis
1042 2922 1097 2970 et
1136 2914 1344 2970 animae
1393 2913 1802 2970 distinctiones.
1852 2916 1933 2970 Et

238 3010 615 3065 benedicentur
664 3008 723 3059 in
775 3007 974 3059 semine
1010 3008 1099 3058 tuo
1165 3018 1345 3058 omnes
1393 3008 1574 3072 gentes
1625 3010 1801 3071 terrae,
1874 3005 1932 3059 in

237 3096 521 3170 spirituali
546 3094 776 3161 scilicet,
827 3105 945 3162 qua
975 3092 1219 3148 interius
1246 3092 1483 3162 ungeris
1521 3092 1727 3163 gratia,
1774 3092 1933 3149 mul-

236 3187 657 3258 tiplicabuntur
691 3184 857 3253 quasi
902 3195 975 3237 ex
1000 3195 1139 3236 vero
1169 3183 1383 3236 semine
1426 3194 1624 3236 omnes
1645 3195 1932 3251 corporea

239 3278 310 3333 ad
372 3275 593 3331 cultum
654 3270 879 3341 pietatis
922 3271 1194 3326 actiones.
1262 3269 1457 3339 (Vens.
1516 3273 1592 3337 5.)
1642 3270 1730 3324 Eo
1788 3270 1933 3333 quod

238 3366 500 3420 obedierit
531 3362 833 3423 Abraham.
869 3359 1106 3430 spiritus
1143 3358 1405 3414 videlicet
1444 3365 1608 3426 tuus,
1635 3361 1755 3413 voci
1784 3374 1931 3429 meae,

238 3454 293 3509 id
358 3460 443 3510 est
487 3449 841 3523 suggestioni
888 3448 1147 3513 internae,
1199 3451 1249 3501 et
1288 3448 1629 3501 caeremonias
1691 3448 1935 3516 legesque

237 3543 551 3608 servaverit,
581 3553 678 3610 per
703 3536 1106 3608 abstinentiam
1125 3535 1289 3604 plane
1318 3534 1625 3601 malorum,
1651 3535 1929 3591 bonorum

238 3632 660 3691 observantiam
718 3627 993 3699 attigerit.
1058 3625 1422 3681 Caremonize
1476 3638 1682 3694 nempe
1747 3637 1782 3679 a
1840 3641 1927 3679 ca-

236 3721 404 3776 rendo
447 3718 614 3790 quasi
678 3714 1008 3773 cerimonias
1056 3711 1291 3780 dicitur,
1360 3711 1516 3781 quod
1579 3710 1791 3766 illicitis
1859 3711 1928 3766 ad

237 3810 338 3866 Dei
366 3809 560 3880 legum
608 3804 925 3862 custodiam
964 3814 1159 3856 carere
1187 3798 1590 3869 aequanimiter
1620 3798 1926 3867 patiamur.

309 3898 480 3956 Vnus.
528 3898 584 3961 6,
627 3899 680 3960 7,
734 3895 786 3954 8,
836 3894 887 3945 9.
925 3919 996 3929 —
1047 3890 1259 3943 Mansit
1296 3889 1484 3954 itaque
1531 3887 1694 3941 Isaac
1727 3889 1783 3940 in
1831 3887 1931 3943 Ge-

236 4003 387 4042 rara.
451 3987 558 4051 Qui
601 3997 721 4037 cum
757 3980 1191 4044 interrogaretur
1247 3990 1281 4027 a
1318 3976 1458 4028 viris
1500 3975 1604 4030 loci
1638 3975 1792 4029 illius
1839 3989 1930 4029 su-

234 4091 332 4145 per
384 4088 553 4128 umore
580 4086 700 4136 sua,
750 4065 1032 4135 respondit
1068 4080 1080 4117 :
1120 4064 1282 4118 Soror
1331 4076 1451 4115 mea
1512 4067 1608 4117 est.
1657 4065 1933 4118 Timuerat

2039 354 2191 410 intra
2213 356 2469 411 eamdem
2513 355 2919 411 conscientiam
2961 355 3204 411 viriliter
3241 357 3436 414 adhuc
3462 358 3775 415 vindican-

2039 442 2212 498 tibus.
2281 443 2592 499 discutitur
2647 457 2823 512 super
2869 451 3024 498 statu
3078 445 3413 513 voluntatis,
3466 461 3607 514 suae,
3657 447 3767 502 sed

2036 544 2288 586 sororem
2310 544 2473 586 suam
2508 545 2629 587 esse
2656 532 2978 600 respondet,
3035 531 3173 586 dum
3202 547 3317 587 non
3376 533 3763 591 intellectuali

2031 618 2270 688 judicio,
2313 633 2379 675 ac
2427 620 2474 674 si
2509 619 2756 674 maritali
2805 620 3058 688 imperio.
3093 620 3188 674 sed
3242 635 3344 690 pro
3392 622 3592 677 libera:
3641 638 3759 692 po—

2041 708 2255 763 testatis
2297 708 2537 763 arbitrio
2584 709 2942 764 voluntatem
2988 708 3169 777 ipsam
3214 723 3272 763 se
3316 724 3485 779 agere
3533 710 3755 768 effectu

2036 794 2223 864 magis
2260 808 2438 864 quam
2466 808 2600 849 voce
2640 794 2912 863 perhibet,
2970 795 3109 849 dum
3166 797 3548 852 tentationum
3581 798 3752 852 moli-

2038 882 2148 937 bus
2189 883 2357 937 obrui
2405 890 2656 949 veretur,
2706 882 2752 937 si
2801 883 3063 938 resistere
3100 897 3293 952 prava;
3342 886 3618 955 cuiquam
3682 886 3755 940 li-

2038 971 2238 1026 centiae
2291 979 2493 1040 paret:
2570 971 2661 1026 Sic
2726 972 2931 1026 mentis
2988 973 3230 1040 speciem
3302 973 3527 1043 aliquos
3592 977 3757 1029 inter

2036 1058 2327 1115 molestias
2372 1072 2602 1115 servare
2643 1059 2830 1115 taedet.
2880 1060 3094 1115 Ibidem
3149 1061 3395 1116 moranti
3444 1062 3560 1116 dies
3618 1065 3753 1132 ptu-

2036 1150 2168 1202 rimi
2216 1155 2638 1218 pertranseunt,
2688 1162 2820 1203 cum
2852 1149 3128 1218 cuiquam
3161 1149 3547 1218 :intepescenti
3596 1153 3757 1207 mul-

2037 1242 2229 1293 tarum
2281 1236 2791 1307 intelligentiarum
2840 1236 3321 1299 ratiocinationes.
3355 1247 3411 1298 et
3456 1240 3751 1295 virtutum

2038 1325 2478 1392 recordationes,
2512 1338 2580 1379 ac
2625 1325 2669 1379 si
2715 1325 2981 1394 quaedam
3027 1325 3251 1381 dierum
3294 1341 3352 1381 se
3400 1327 3582 1382 altera
3626 1336 3758 1396 post

2038 1413 2273 1467 alteram
2316 1413 2591 1483 ingerunt
2622 1413 2928 1477 ;claritates
2956 1414 3263 1467 Abimelech
3312 1415 3585 1485 prospicit
3643 1430 3757 1486 per

2041 1503 2360 1567 fenestram,
2407 1515 2539 1557 cum
2589 1501 2884 1556 saecularis
2916 1502 3160 1571 quilibet
3204 1503 3273 1557 ad
3325 1505 3503 1572 patris
3532 1504 3753 1561 diaboli

1973 1565 2014 1619 Β
2042 1565 2293 1645 attinens
2340 1604 2609 1661 regnum,
2657 1565 2975 1659 spiritualis
3025 1565 3352 1661 cujuspiam
3399 1599 3612 1648 statum
3670 1595 3753 1649 ri-

2042 1685 2236 1732 matur
2272 1693 2370 1746 per
2396 1681 2711 1744 fenestram,
2748 1678 2801 1732 id
2837 1686 2919 1733 est
2944 1692 3048 1748 per
3096 1678 3435 1735 exteriorem
3466 1694 3749 1736 sensuum

2042 1765 2461 1821 habitudinem.
2543 1768 2817 1821 Jocantem
2890 1783 3010 1821 cum
3083 1783 3253 1821 umore
3338 1783 3440 1823 sua
3515 1770 3751 1824 Rebecca

2042 1853 2221 1922 videt,
2258 1869 2389 1910 cum
2432 1856 2728 1911 voluntate
2772 1856 2844 1910 ad
2888 1855 2987 1925 jus
3033 1857 3310 1912 uxorium
3352 1858 3561 1913 rationi
3602 1860 3747 1915 sub-

2037 1943 2206 2014 jecta,
2251 1958 2364 1999 non
2395 1944 2464 1999 ad
2513 1949 2653 1998 :04
2703 1944 2894 2000 saeculi
2944 1944 3259 2013 lasciviam,
3312 1947 3409 2002 sed
3451 1946 3601 2003 inter
3634 1948 3748 2003 ad-

2039 2045 2210 2087 versa
2254 2032 2485 2103 conjicit
2539 2030 2930 2088 desiderarfter
2990 2034 3135 2089 velle
3201 2035 3452 2103 gaudere
3508 2037 3581 2091 ad
3642 2051 3745 2106 pa-

2042 2119 2317 2176 tientiam.
2371 2120 2538 2175 Hunc
2587 2120 2723 2175 talia
2771 2121 3099 2176 molientem
3147 2122 3241 2177 ille
3267 2122 3505 2178 forsitan
3550 2138 3746 2180 saecu—

2042 2208 2181 2264 laris
2209 2209 2563 2279 aggreditur,
2599 2216 2654 2264 et
2682 2209 2752 2265 de
2786 2223 2845 2265 re
2890 2210 3090 2264 divina
3135 2211 3378 2280 propriae
3426 2211 3748 2269 voluntatis

2042 2297 2421 2353 intrenatione
2463 2304 2805 2353 causatur:
2883 2298 2957 2366 Si,
3031 2299 3243 2369 inquit,
3325 2301 3749 2357 rationabiliter

2045 2386 2156 2442 tuis
2204 2386 2380 2441 ﬂuxis
2443 2387 2697 2443 motibus
2760 2387 3068 2457 principari
3139 2389 3493 2456 decreveras,
3543 2404 3654 2445 cur
3691 2397 3747 2444 te

2040 2475 2206 2544 quasi
2252 2474 2521 2530 etl‘renem
2576 2483 2632 2530 et
2679 2475 2923 2531 liberum
2978 2484 3172 2544 aperto
3235 2491 3474 2547 operum
3548 2486 3747 2547 tepore

2043 2563 2440 2618 monstrabas?
2504 2566 2702 2626 Timui,
2781 2564 2880 2629 ait,
2954 2578 3027 2620 ne
3092 2565 3365 2621 molestiis
3432 2566 3745 2637 impugna-

2042 2651 2265 2706 tionum
2289 2650 2663 2718 interimerer,
2696 2651 2742 2707 si
2775 2652 3052 2724 refragari
3092 2654 3504 2723 cogitationum
3551 2656 3745 2711 turbm

2041 2753 2309 2796 conarer:
2384 2740 2707 2796 humanum
2763 2755 2899 2812 ergo
2961 2741 3247 2798 habeatur
3315 2742 3589 2811 timuisse,
3644 2744 3740 2799 sed

2041 2828 2305 2884 divinum
2341 2829 2462 2899 jam
2496 2832 2568 2884 sit
2605 2829 2758 2885 vires
2805 2836 3003 2885 contra
3051 2831 3362 2886 vanitatem
3411 2832 3607 2887 szeculi
3648 2846 3736 2887 re-

2039 2917 2369 2986 sumpsisse.
2405 2918 2605 2987 (Vens.
2661 2918 2768 2988 t0.)
2818 2923 3015 2986 Quare,
3065 2922 3145 2974 ait
3196 2920 3518 2988 Abimelech,
3554 2924 3736 2990 impo-

2039 3008 2204 3060 suisti
2248 3006 2442 3061 nobis?
2508 3008 2692 3061 Potuit
2733 3009 2873 3061 coire
2918 3010 3196 3077 quispiam
3245 3009 3311 3062 de
3359 3011 3561 3080 populo
3615 3026 3738 3064 cum

2040 3109 2211 3148 umore
2236 3099 2353 3158 tua,
2397 3100 2448 3149 et
2475 3094 2777 3150 indumeras
2821 3111 2985 3165 super
3030 3112 3127 3152 nos
3176 3096 3386 3165 grande
3431 3103 3733 3166 peccatum.

2042 3182 2187 3239 Sunt
2234 3183 2415 3253 aliqui
2470 3184 2794 3253 saeculares,
2846 3192 2902 3241 et
2948 3199 3092 3254 pene
3154 3200 3370 3254 omnes,
3423 3186 3545 3256 qui,
3602 3200 3736 3242 cum

2040 3270 2196 3327 viros
2236 3271 2530 3342 religiosos
2567 3272 2988 3343 aliquantisper
3053 3274 3411 3345 quibuslibet
3483 3274 3738 3331 titubare

2040 3358 2372 3430 collegerint
2404 3359 2604 3430 signis,
2638 3361 2783 3416 dure
2812 3362 3123 3418 admodum
3152 3362 3596 3433 reprehendant.
3624 3364 3735 3431 Tu,

2040 3447 2338 3518 inquiunt,
2381 3448 2481 3519 qui
2517 3449 2836 3505 sanctitatis
2858 3450 3155 3519 speculum
3177 3451 3343 3506 nobis
3371 3451 3487 3506 fore
3515 3451 3739 3508 debue-

2041 3548 2156 3604 ras,
2190 3535 2518 3593 otl‘endiculi
2572 3538 2842 3594 materias
2881 3539 3023 3595 bene
3050 3539 3377 3595 volentibus
3406 3553 3588 3609 quare
3628 3540 3734 3596 im-

2042 3625 2311 3694 ponebas,
2342 3626 2480 3681 dum
2512 3626 2796 3682 voluntati
2828 3635 2961 3695 tuae,
3021 3641 3196 3697 quam
3248 3628 3513 3698 conjugis
3557 3628 3739 3685 instar

2039 3713 2272 3769 subesse
2321 3714 2608 3783 decuerat,
2663 3714 2884 3785 absque
2933 3716 3076 3786 jugo
3128 3716 3287 3773 abire
3334 3718 3528 3773 sinens
3573 3717 3735 3773 frena

2039 3802 2223 3870 laxas,
2255 3803 2517 3872 exemplo
2542 3803 2894 3859 remissionis
2912 3810 3026 3859 tuae
3055 3804 3314 3860 eamdem
3355 3818 3473 3875 qua
3522 3805 3735 3860 volun-

2039 3898 2128 3946 tas
2184 3899 2285 3947 tua
2336 3891 2627 3960 impudica
2673 3891 2793 3962 jam
2832 3892 2949 3948 ruit
2999 3892 3247 3948 lascivire
3284 3896 3345 3948 et
3393 3894 3604 3949 erroris
3649 3893 3730 3950 fo-

2041 3991 2227 4042 veam,
2255 3978 2467 4049 aliquis
2497 3980 2660 4035 rudis
2685 3987 2739 4036 et
2788 3980 3003 4037 inscius
3033 3981 3380 4051 principitari
3423 3990 3625 4053 posset,
3677 3992 3732 4040 et

2038 4082 2112 4124 ex
2153 4075 2203 4124 te
2232 4074 2345 4123 tota
2397 4068 2610 4138 peccati
2654 4082 2839 4124 massa
2882 4069 2939 4123 in
2992 4084 3095 4125 nos
3124 4077 3335 4126 rueret.
3366 4072 3731 4141 Praecepitque

237 4167 379 4218 enim
404 4161 644 4229 canﬁteri
674 4156 820 4227 quod
864 4169 968 4208 sua
997 4156 1131 4206 esset
1173 4151 1393 4220 coniux,
1441 4166 1508 4205 ne
1530 4152 1675 4217 forte
1711 4154 1926 4220 interﬁ—
1965 4165 2010 4220 Ῑ)
2040 4159 2217 4211 omnia
2255 4158 2496 4225 populo:
2547 4157 2741 4225 (Vens.
2792 4161 2875 4225 II.)
2920 4158 3024 4224 Qui
3074 4160 3331 4226 tetigerit,
3382 4158 3591 4229 inquit,
3635 4160 3728 4214 ιιο-

237 4255 411 4305 cerent
457 4264 576 4303 eum
641 4251 864 4317 propter
910 4243 1063 4297 illius
1123 4239 1608 4311 pulchritudinem.
1695 4241 1933 4309 Cumque

232 4337 660 4407 pertransissent
747 4331 863 4385 dies
921 4329 1171 4398 plurimi,
1233 4327 1540 4395 ibidemque
1600 4332 1926 4394 moraretur,

236 4426 569 4496 prospiciens
596 4418 914 4475 Abimelech
940 4432 1038 4486 per
1073 4419 1388 4483 fenestram,
1419 4415 1561 4469 vidit
1594 4430 1712 4471 eum
1732 4417 1930 4485 'jocan-

239 4519 343 4569 tem
388 4528 507 4567 cum
556 4511 786 4566 Rebecca
832 4522 1000 4562 umore
1042 4520 1160 4559 sua.
1212 4507 1284 4559 Et
1327 4506 1584 4559 accersito
1628 4507 1755 4559 ait:
1798 4506 1931 4559 Per-

239 4605 484 4673 spicuum
515 4607 594 4656 est
639 4597 783 4669 quod
822 4611 963 4651 umor
1008 4599 1105 4649 tua
1154 4595 1248 4647 sit.
1297 4623 1368 4632 —
1416 4593 1524 4650 Cur
1567 4596 1824 4648 mentitus
1880 4608 1933 4648 es

240 4708 356 4748 eam
399 4706 632 4747 sororem
677 4695 827 4743 tuam
868 4687 1029 4741 esse?
1082 4685 1282 4749 Timui,
1315 4682 1523 4753 inquit,
1581 4698 1649 4737 ne
1698 4698 1935 4737 morerer

237 4787 460 4853 propter
491 4796 629 4834 eam.
677 4776 733 4832 Si
778 4773 1126 4841 Abimelech,
1179 4773 1358 4841 patris
1410 4773 1514 4826 mei
1539 4786 1786 4840 regnum,
1809 4771 1930 4826 dia—

241 4870 353 4927 boli
401 4868 678 4935 videlicet,
734 4864 888 4935 quod
944 4868 1079 4919 sunt
1132 4874 1330 4917 omnes
1370 4868 1651 4915 amatores
1706 4858 1930 4927 mundi,

240 4959 395 5016 unde
431 4965 486 5014 et
522 4957 708 5027 ipsum
763 4967 1007 5024 regnum
1048 4951 1282 5018 Gerara,
1334 4949 1390 5005 id
1428 4956 1512 5005 est
1544 4950 1786 5003 colonum
1831 4947 1935 5018 eji-

240 5051 403 5111 ciens,
430 5046 658 5112 dicitur,
695 5042 835 5113 quia
882 5040 1251 5096 conformitas
1289 5038 1491 5095 talium
1534 5052 1568 5093 a
1597 5036 1762 5093 cultu
1795 5051 1932 5107 pro-

241 5134 379 5206 priae
433 5133 639 5188 mentis
680 5132 739 5186 in
791 5127 1153 5200 negligentia:
1190 5140 1441 5183 errorem
1482 5125 1770 5181 hominem
1823 5125 1933 5197 eji-

241 5224 335 5291 cit,
359 5224 522 5278 Isaac
542 5220 841 5285 ibimanet,
867 5218 1004 5273 dum
1037 5218 1091 5272 in
1120 5215 1414 5271 saecularis
1442 5213 1641 5285 gaudii
1667 5214 1933 5270 contuitu

242 5324 405 5367 mens
437 5308 656 5379 pridem
701 5307 911 5363 cmlesti
960 5307 1179 5361 intenta
1224 5302 1449 5373 torpida
1488 5304 1659 5373 jacet.
1695 5305 1741 5355 A
1796 5305 1934 5358 viris

245 5402 346 5457 loci
372 5399 523 5453 illius
555 5397 942 5467 interrogatur
974 5408 1138 5463 super
1165 5407 1335 5447 umore
1354 5405 1489 5448 cum
1518 5405 1553 5447 a
1582 5390 1935 5463 quibuslibet

2039 4245 2203 4297 minis
2231 4245 2392 4298 istius
2421 4259 2664 4309 umorem,
2696 4249 2864 4299 morte
2900 4247 3176 4300 morietur.
3226 4246 3531 4316 Postquam
3565 4248 3729 4317 quasi

2039 4344 2112 4387 ex
2152 4346 2348 4387 amore
2370 4332 2608 4402 justitise
2634 4334 3186 4404 correxissejustum
3220 4342 3480 4403 peccator
3514 4335 3728 4391 videbi-

2040 4427 2157 4487 tur,
2200 4421 2347 4476 idem
2370 4420 2590 4489 ubique
2619 4422 2898 4492 gentium,
2936 4422 2983 4477 si
3024 4422 3244 4492 poterit,
3289 4423 3589 4492 divulgare
3623 4425 3729 4479 sub

2040 4509 2237 4564 eodem
2254 4515 2387 4577 typo
2410 4507 2732 4577 conabitur,
2766 4516 2921 4565 utex
2942 4510 3047 4565 hoc
3075 4510 3202 4579 ejus
3243 4511 3501 4581 nequitia
3530 4511 3728 4580 pallie-

2044 4603 2158 4653 tur.
2198 4595 2280 4650 Ac
2314 4596 2358 4651 si
2389 4595 2642 4667 diceret;
2673 4598 2777 4654 Vir
2819 4597 2923 4653 iste
2952 4598 3107 4667 apud
3148 4613 3249 4655 vos
3289 4613 3389 4668 pro
3418 4601 3732 4656 sanctitatis

2040 4684 2350 4741 simulacro
2390 4683 2731 4751 celebratur,
2779 4685 2875 4741 sed
2922 4686 3113 4742 sciatis
3153 4687 3370 4742 crimen
3414 4691 3729 4745 maximum

2041 4770 2206 4827 illum
2237 4770 2528 4827 incurrere
2547 4772 2649 4842 qui
2669 4773 2796 4843 ejus
2818 4773 3230 4829 malevolentiae
3253 4775 3727 4833 confederabitur.

2109 4859 2285 4916 Vnus.
2344 4862 2428 4919 i2,
2479 4862 2565 4929 l3,
2626 4862 2712 4916 14.
2772 4891 2842 4901 ——
2900 4863 3047 4919 Sevit
3092 4868 3271 4917 autem
3322 4865 3478 4919 Isaac
3523 4868 3580 4918 in
3634 4867 3730 4921 illa

2042 4952 2206 5015 terra,
2237 4953 2288 5003 et
2314 4950 2518 5004 invenit
2572 4952 2631 5004 in
2677 4952 2795 5020 ipso
2841 4967 2983 5005 anno
3035 4955 3362 5021 centuplum.
3413 4954 3728 5010 Benedicit-

2042 5052 2144 5105 que
2187 5039 2238 5091 ei
2289 5040 2563 5094 Dominus.
2620 5041 2690 5094 Et
2744 5040 3096 5110 locupletatus
3152 5048 3233 5097 est
3285 5043 3456 5111 homo,
3520 5048 3570 5097 et
3614 5044 3728 5099 ibat

2035 5127 2329 5197 proﬁciens
2372 5134 2535 5197 atque
2573 5143 2926 5197 succrescens,
2976 5131 3140 5185 donec
3177 5147 3408 5201 magnus
3454 5134 3722 5187 vehemen-

2041 5220 2124 5270 ter
2164 5216 2382 5285 effectus
2432 5223 2529 5272 est.
2580 5218 2801 5273 Habuit
2847 5235 3056 5289 quoque
3090 5224 3475 5290 possessionem
3530 5225 3719 5289 ovium,

2040 5310 2091 5360 et
2142 5311 2527 5375 armentorum,
2587 5311 2639 5361 et
2693 5310 2923 5373 familiae
2966 5312 3286 5379 plurimum.
3352 5314 3414 5366 1n
3472 5314 3571 5366 illa
3624 5326 3725 5369 sua

2042 5395 2371 5453 terrenitate
2396 5397 2555 5452 Isaac
2582 5399 2767 5464 servit,
2786 5397 2945 5466 dum,
2969 5399 3038 5455 de
3067 5399 3329 5456 saeculari
3354 5400 3427 5456 ad
3452 5400 3723 5471 gaudium
