3904 6066
97 237 192 289 201

1292 234 1658 291 MORALIUM
1700 236 1768 291 IN
1808 235 2104 294 GENESIN
2145 237 2279 294 LIB.
2322 240 2438 295 VII.

3505 248 3609 302 202

94 365 319 421 caleste
364 364 561 421 anima
619 364 976 435 resipiscens,
1026 364 1162 420 boni
1205 366 1394 435 operis
1440 365 1655 421 semine
1686 366 1803 422 hu-
1840 370 1881 424 A
1913 367 2206 423 Abraham
2235 368 2499 434 moritur,
2534 383 2666 425 cum
2703 368 3022 428 intellectus
3049 384 3084 427 a
3127 373 3240 429 Deo
3271 372 3603 443 dirimitur‘;

91 454 393 510 manitatis
439 469 639 511 casum
706 454 975 525 contegit.
1031 455 1235 510 Annus
1285 455 1615 525 cujuspiam
1666 455 1801 511 boni

94 543 366 612 perfectio
410 543 772 614 intelligitur.
840 543 930 599 Uti
987 543 1138 599 enim
1198 558 1388 600 annus
1443 544 1664 611 diebus,
1723 545 1803 600 sic

93 646 348 703 quaque
388 633 574 688 virtus
619 632 1053 703 cogitationum,
1105 632 1483 699 locutionum,
1531 647 1801 703 operum-

95 735 211 791 que
242 721 473 791 piorum
514 720 692 792 fulget
734 720 1076 791 adnisibus;
1125 721 1181 777 in
1232 721 1339 777 hac
1378 722 1574 792 itaque
1614 722 1799 778 virtu-

95 817 221 864 tum
270 809 627 879 plenitudine
701 811 1010 879 centuplum
1072 812 1303 878 invenit,
1368 810 1509 865 dum
1573 817 1800 866 aterna

98 899 583 955 remunerationis
623 913 909 954 summam
955 900 1075 970 jam
1143 907 1331 955 mente
1385 912 1644 970 prasaga
1690 914 1800 955 ex-

93 995 414 1057 spectatam
442 987 680 1043 ﬁdeliter
710 987 943 1058 colligit.
998 987 1363 1043 Benedicitur
1411 990 1606 1058 itaque
1638 987 1801 1058 spiri-

96 1076 244 1131 tuali
294 1075 504 1132 scilicet
550 1076 872 1132 substantia
902 1082 1334 1146 augmentatur,
1393 1075 1795 1146 locupletatur,

93 1165 188 1220 sed
239 1172 454 1232 tamen,
507 1171 571 1220 ut
620 1179 741 1221 sua
793 1178 1018 1234 semper
1069 1164 1392 1235 fragilitatis
1452 1164 1795 1234 meminerit,

95 1252 251 1306 homo
312 1252 540 1308 dicitur.
588 1252 877 1318 Proﬁciens
913 1266 1051 1322 ergo
1099 1252 1332 1321 virtute,
1365 1257 1527 1321 atque
1554 1268 1797 1308 succres-

93 1354 214 1394 cens
272 1354 375 1409 spe
431 1339 494 1405 it,
541 1340 593 1395 id
643 1347 729 1396 est
778 1340 1058 1396 desiderio
1113 1340 1368 1396 tenditur
1405 1341 1478 1396 ad
1524 1341 1798 1396 bravium

90 1427 412 1484 vocationis
455 1442 719 1499 superna
765 1427 992 1498 (Philip.
1045 1443 1133 1496 ιιι,
1188 1430 1300 1500 14),
1341 1429 1522 1485 donec
1568 1428 1798 1484 inﬁmas

90 1515 324 1572 evincat
369 1516 708 1586 cupiditates
763 1517 1079 1572 sanctitatis
1136 1516 1555 1588 magnitudine.
1617 1518 1798 1574 Habet

86 1607 480 1673 possessionem
516 1608 697 1659 ovium
742 1610 795 1659 et
840 1610 1227 1672 armentorum,
1279 1605 1417 1661 dum
1478 1613 1533 1661 et
1591 1613 1797 1661 actua-

89 1692 234 1748 lium
266 1701 323 1749 et
363 1693 941 1762 contemplativorum
973 1693 1252 1750 bonorum
1288 1694 1410 1749 sine
1457 1693 1647 1749 laudis
1684 1695 1793 1750 hu-

89 1795 281 1837 mana
335 1781 769 1852 participatione
819 1781 1037 1838 obtinet
1093 1782 1596 1852 multiplicitatem.
1652 1783 1799 1839 Oves

89 1869 370 1941 lanigera
443 1877 499 1926 et
543 1869 826 1940 simplices
877 1885 1012 1926 cum
1067 1870 1199 1935 sint,
1254 1870 1529 1926 humilem
1582 1870 1794 1926 benefi-

91 1958 297 2014 centia
346 1958 580 2029 signant
645 1966 858 2014 actum.
930 1962 1223 2026 Armenta,
1294 1958 1461 2015 fortia
1506 1958 1797 2030 religionis

92 2060 288 2116 opera,
340 2061 473 2117 qua
520 2054 576 2103 et
625 2046 1101 2116 contemplatores
1139 2047 1445 2104 sublevant
1501 2048 1573 2103 ad
1598 2047 1797 2103 divina

91 2135 348 2192 videnda
378 2136 549 2204 viros,
590 2136 922 2205 accipimus.
958 2136 1199 2192 Familia
1234 2150 1268 2192 a
1296 2137 1620 2205 famulando
1650 2136 1796 2192 dici-

95 2230 219 2291 tur;
254 2225 489 2290 familia
507 2225 702 2295 itaque
724 2224 915 2292 habet,
960 2225 1281 2295 plurimum,
1331 2226 1433 2295 qui
1473 2232 1796 2296 quantum—

94 2326 331 2383 cunque
377 2312 606 2369 culmen
664 2312 914 2384 attigerit
969 2314 1272 2381 virtutum,
1325 2314 1557 2370 turbam
1603 2321 1795 2370 tamen

94 2399 267 2470 (licet,
300 2401 480 2458 velint
508 2401 713 2470 nolint,
740 2402 947 2458 rationi
979 2401 1354 2473 famulentur)
1376 2402 1592 2473 patitur
1634 2402 1796 2474 cogi-

100 2491 409 2546 tationum.

161 2578 342 2635 Vnus.
379 2582 465 2644 15,
503 2582 585 2647 16,
622 2579 706 2634 l7.
746 2608 818 2620 —
863 2579 939 2635 0b
994 2580 1088 2634 hoc
1135 2578 1439 2636 invidentes
1488 2580 1793 2649 Palaestini,

90 2682 273 2722 omnes
297 2672 492 2737 puteos
514 2708 529 2735 ,
570 2683 701 2736 quos
719 2668 974 2735 foderant
1003 2670 1147 2723 servi
1166 2670 1350 2738 patris
1396 2670 1486 2723 sui
1513 2669 1796 2723 Abraham

91 2759 186 2811 illo
227 2763 468 2826 tempore
511 2758 902 2825 obstruserunt,
953 2759 1231 2828 implentes
1276 2759 1434 2813 humo
1466 2760 1525 2811 in
1585 2763 1795 2812 tantum

93 2851 153 2900 ut
182 2848 306 2914 ipse
351 2845 664 2901 Abimelech
701 2847 902 2901 diceret
951 2846 1025 2901 ad
1068 2848 1260 2901 Isaac:
1305 2846 1502 2900 Recede
1556 2862 1592 2900 a
1621 2847 1792 2912 nobis,

95 2936 358 3004 quoniam
392 2936 666 3002 potentior
700 2937 878 2989 nostri
902 2936 1085 3001 factus
1116 2949 1169 2989 es
1216 2934 1394 2989 valde.
1426 2935 1505 2989 Et
1542 2936 1633 2989 ille
1679 2935 1792 2989 dis-

93 3022 287 3077 cedens
313 3028 376 3077 ut
418 3025 624 3078 veniret
666 3023 741 3077 ad
788 3026 1074 3078 torrentem
1127 3024 1361 3090 Gerara,
1421 3023 1798 3092 habitaretque

92 3112 193 3179 ibi,
225 3111 536 3180 Palastini,
585 3112 685 3183 qui
711 3119 766 3168 et
815 3111 1143 3180 Philisthai,
1193 3112 1297 3182 qui
1340 3112 1587 3182 potione,
1627 3112 1686 3167 id
1713 3119 1798 3169 est

97 3201 400 3271 superﬂuo
428 3201 645 3257 haustu
687 3200 972 3270 superbia
1023 3200 1307 3267 cadentes,
1353 3200 1564 3257 scilicet
1593 3200 1798 3256 damo-

96 3303 197 3345 nes
251 3288 681 3360 intelliguntur,
752 3289 825 3345 ob
881 3289 1094 3345 divina
1141 3288 1306 3345 nobis
1362 3288 1563 3360 gratia
1620 3289 1797 3345 uber-

97 3384 270 3434 tatem
306 3378 648 3445 invidentes,
678 3385 878 3448 puteos
919 3377 1252 3449 capacitatis
1279 3392 1346 3434 ac
1389 3376 1793 3448 intelligentiae,

97 3482 244 3537 quos
294 3468 591 3535 memoria,
646 3467 936 3535 voluntas,
990 3469 1047 3523 et
1071 3466 1310 3523 affectus
1337 3473 1392 3523 et
1436 3466 1623 3522 cateri
1651 3466 1795 3522 inte-

100 3558 278 3614 riores
307 3563 499 3612 motus
530 3555 737 3612 anima
786 3557 937 3612 servi
990 3556 1235 3626 profecto
1264 3554 1504 3611 rationis
1532 3554 1798 3611 detractis

100 3648 319 3703 inertia
371 3645 704 3711 ruderibus,
755 3651 1122 3716 paraverant,
1167 3651 1407 3700 terrena
1436 3642 1797 3714 cogitationis

98 3735 256 3789 humo
281 3733 562 3801 obruunt,
589 3741 643 3789 et
670 3732 947 3801 foramen,
979 3747 1096 3803 quo
1143 3746 1434 3803 aquarum
1475 3730 1797 3788 viventium

98 3822 462 3893 profunditas
518 3821 840 3893 attingitur,
902 3820 1277 3878 subtilitatem
1323 3820 1534 3876 scilicet
1580 3820 1799 3891 ingenii

96 3924 378 3968 curarum
407 3908 657 3966 molibus
686 3910 1014 3966 obstruunt.
1049 3911 1115 3965 In
1162 3916 1388 3965 tantum
1420 3908 1568 3964 livor
1592 3908 1797 3964 damo-

97 4013 241 4056 num
268 3997 655 4066 excandescit,
705 4004 770 4053 ut
799 4011 900 4068 per
928 3996 1275 4063 Abimelech,
1307 3996 1575 4066 iniquum
1606 3996 1800 4052 videli-

99 4096 185 4145 cet
217 4088 558 4158 quempiam
601 4087 674 4142 ad
721 4086 933 4143 diaboli
980 4085 1163 4156 patris
1219 4084 1503 4141 malorum
1551 4099 1798 4156 regnum

100 4177 502 4248 pertinentem,
550 4175 816 4247 religioso
862 4175 1035 4231 alicui
1081 4183 1271 4245 aperte
1315 4175 1545 4231 dicant:
1593 4176 1801 4230 Recede

98 4282 132 4319 a
158 4266 341 4333 nobis,
375 4262 515 4336 quia
560 4267 833 4335 potentior
882 4266 1056 4319 nostri
1083 4266 1265 4331 factus
1302 4278 1356 4319 es
1393 4263 1572 4331 valde,
1609 4263 1663 4319 id
1695 4270 1800 4332 est,
1834 4268 1877 4323 D
1912 4264 2229 4325 moveatur,

99 4355 145 4410 si
174 4353 520 4411 excellentia
567 4354 699 4409 vita
748 4368 852 4409 nos
924 4366 1263 4423 exsuperas,
1322 4352 1470 4408 inter
1516 4366 1637 4419 nos,
1697 4351 1799 4422 qui

102 4443 314 4499 sacqu
368 4442 563 4498 adhuc
606 4440 980 4507 deservimus,
1038 4455 1111 4497 ne
1141 4454 1436 4511 appareas,
1473 4440 1569 4496 sed
1600 4439 1799 4510 procul

103 4547 135 4589 a
159 4532 332 4589 nobis
359 4539 416 4588 et
452 4530 682 4603 egregie
725 4530 856 4587 vive
900 4537 963 4586 ut
993 4529 1248 4586 simulas.
1278 4529 1523 4585 Torrens
1560 4529 1797 4596 Geram,

100 4619 457 4682 volubilitas,
514 4626 571 4675 et
626 4618 872 4689 impetus
919 4626 1003 4675 est
1064 4619 1336 4674 humana
1388 4617 1541 4686 vita,
1591 4616 1803 4673 scilicet

102 4706 548 4779 propinquantis
597 4707 835 4764 advena
876 4707 948 4763 ad
976 4708 1290 4764 terminum
1329 4704 1803 4776 peregrinationis

99 4811 242 4853 sua.
267 4794 394 4862 Quo
421 4810 560 4867 ergo
591 4796 775 4868 magis
808 4796 939 4866 pius
981 4795 1195 4865 aliquis
1241 4794 1581 4850 molestatur
1619 4806 1654 4848 a
1694 4807 1803 4849 cu-

100 4885 251 4955 pidis
310 4883 627 4940 mundialis
669 4884 886 4956 gloria,
941 4898 1007 4940 eo
1054 4883 1305 4954 amplius
1360 4880 1683 4939 concitatur
1731 4881 1805 4937 ad

101 4972 619 5031 considerationem
677 4972 969 5029 labilitatis
1025 4980 1289 5042 terrena,
1327 4978 1383 5028 et
1432 4970 1489 5026 in
1522 4970 1629 5026 hoc
1671 4982 1803 5040 pro-

104 5070 303 5133 spectu
343 5061 470 5133 figit
498 5068 713 5117 statum
735 5060 939 5117 mentis
968 5074 1115 5116 sua.

172 5151 351 5208 Vnus.
394 5152 481 5217 48,
548 5147 630 5203 t9.
679 5177 754 5190 —
798 5151 1137 5218 Rursumque
1197 5146 1344 5215 fodit
1388 5147 1524 5202 alios
1594 5149 1804 5216 puteos,

109 5254 236 5309 quos
266 5239 528 5306 foderant
557 5240 703 5292 servi
725 5239 908 5307 patris
937 5238 1027 5292 sui
1070 5236 1370 5302 Abraham,
1425 5240 1475 5289 et
1510 5249 1642 5305 quos
1681 5235 1809 5288 olim

109 5330 197 5383 illo
256 5332 473 5384 mortuo
535 5326 908 5382 obstruserant
959 5326 1334 5390 Philisthiim;
1401 5324 1810 5394 appellavitque

110 5433 192 5472 eos
248 5417 448 5473 iisdem
496 5416 824 5482 nominibus,
875 5415 1071 5484 quibus
1120 5419 1246 5469 ante
1285 5417 1587 5469 vocaverat.
1640 5411 1809 5466 Fode-

112 5513 343 5579 runtque
400 5510 463 5562 in
536 5511 790 5572 torrente,
854 5509 905 5560 et
972 5507 1285 5575 repererunt
1348 5517 1550 5571 aquam
1603 5502 1805 5555 vivam.

467 5598 745 5662 PATROL.
797 5595 1003 5663 CLVI.

1909 456 2007 511 alii
2039 457 2216 526 putei,
2272 472 2417 528 quos
2450 458 2744 514 obstrusos
2791 459 2953 515 Isaac
2996 460 3152 528 fodit,
3203 462 3305 517 Dei
3359 464 3608 535 cognitio

1908 544 2263 615 scientiaque
2297 559 2666 616 quarumque
2716 554 3019 615 Virtutum,
3055 563 3085 604 e
3134 549 3348 619 quibus
3375 552 3607 608 vitalem

1906 631 2194 687 sumimus
2267 633 2505 700 undam,
2562 633 2987 705 intelliguntur,
3051 636 3155 707 qui
3211 651 3313 707 per
3369 639 3608 696 rationis

1906 718 2188 777 defectum
2221 734 2255 775 a
2303 721 2661 778 daemonibus
2705 723 2865 779 obice
2894 725 3241 780 terrenitatis
3272 727 3601 797 opplentur,

1906 808 2003 864 sed
2035 809 2105 864 ad
2138 824 2391 879 superna
2432 811 2645 881 gaudia
2683 812 2875 868 animo
2905 812 3240 882 respirante,
3283 815 3606 884 spirituali-

1908 895 2019 952 bus
2047 897 2272 963 studiis,
2309 897 2410 968 qui
2444 898 2674 967 rationi,
2736 904 2873 953 I05
2904 914 3038 955 vero
3088 902 3300 958 scilicet
3336 903 3600 973 Abraha,

1907 984 2253 1052 inserviunt,
2305 988 2594 1054 exhausti,
2649 987 3007 1044 discretionis
3063 990 3275 1046 sedula
3324 1006 3465 1048 cura
3514 994 3604 1049 de-

1906 1074 2172 1144 plentur;
2207 1075 2309 1130 hos
2352 1075 2544 1130 iisdem
2572 1076 2898 1143 nominibus,
2943 1077 3138 1145 quibus
3185 1083 3236 1132 et
3281 1084 3405 1133 ante
3442 1086 3605 1148 pater

1906 1162 2174 1231 appellat,
2205 1163 2344 1219 dum
2381 1163 2435 1217 in
2472 1170 2694 1219 tantum
2752 1164 3070 1220 sanctitatis
3115 1166 3271 1235 apud
3320 1167 3500 1223 Deum
3547 1176 3603 1225 et

1908 1249 2166 1306 homines
2197 1250 2465 1321 opinione
2504 1265 2622 1307 sese
2665 1251 2982 1322 iusigniens
3014 1254 3362 1324 magniﬁcat,
3407 1270 3602 1326 quan-

1907 1345 2029 1394 tum
2063 1339 2352 1395 subtilitas
2399 1340 2580 1410 ipsius
2622 1340 2862 1396 rationis
2914 1341 3031 1397 fieri
3063 1343 3265 1399 debere
3294 1345 3488 1400 dictat.
3528 1347 3601 1400 In

1907 1431 2142 1483 torrente
2153 1435 2343 1484 autem
2360 1429 2628 1495 fodimus,
2643 1444 2773 1485 cum
2794 1428 3258 1487 transibilitatem
3273 1432 3449 1503 hujus
3466 1442 3602 1490 tem-

1906 1516 2591 1585 poralitatisdiscutimus,
2616 1516 2808 1587 ibique
2828 1534 3029 1587 aquam
3048 1522 3230 1573 vivam
3252 1521 3599 1588 invenimus,

1908 1603 2068 1673 quia,
2091 1605 2295 1660 mundi
2318 1605 2720 1675 perpendendo
2739 1620 3072 1675 excursum,
3099 1607 3308 1664 fontem
3330 1623 3499 1680 aqua
3519 1624 3604 1665 sa-

1838 1671 1877 1724 Β
1910 1671 2099 1748 lientis
2128 1692 2186 1748 in
2217 1671 2392 1748 vitam
2426 1671 2696 1749 aternam
2742 1694 2918 1764 (Joan.
2949 1710 3024 1763 iv,
3058 1671 3157 1763 l4)
3189 1671 3452 1753 suiticerc
3493 1712 3600 1755 no-

1906 1780 1993 1837 bis
2022 1781 2095 1837 ad
2122 1780 2362 1852 gloriam
2386 1790 2706 1851 contempto
2731 1784 3091 1852 prasentium
3116 1784 3285 1841 ﬂuxu
3316 1787 3597 1843 videmus.

1977 1869 2147 1926 Vsus.
2172 1872 2263 1936 20,
2296 1873 2384 1938 2i,
2412 1872 2500 1924 22.
2538 1900 2600 1909 ~—
2623 1871 2728 1927 Sed
2755 1876 2805 1925 et
2826 1871 2907 1925 ibi
2924 1872 3174 1942 jurgium
3191 1876 3304 1940 fuit
3318 1880 3602 1944 pastorum

1905 1958 2121 2015 Gerara
2184 1959 2472 2013 adversum
2530 1965 2774 2029 pastores
2832 1959 3014 2027 Isaac,
3092 1963 3419 2019 dicentium:
3496 1967 3603 2022 No-

1902 2052 2021 2101 stra
2057 2051 2137 2101 est
2178 2063 2345 2117 aqua.
2406 2048 2759 2114 Quamobrem
2798 2064 2987 2103 nomen
3030 2054 3203 2119 putei,
3253 2068 3320 2106 ea
3365 2068 3426 2107 eo
3457 2054 3603 2122 quod

1903 2135 2195 2203 acciderat,
2240 2142 2449 2190 vocavit
2496 2137 2854 2193 Calumniam.
2913 2139 3183 2194 Fuderunt
3221 2145 3273 2194 et
3311 2143 3501 2209 alium,
3551 2148 3602 2196 et

1897 2239 2002 2294 pro
2029 2225 2123 2279 illo
2156 2240 2365 2293 quoque
2400 2227 2578 2279 rimati
2617 2231 2762 2292 sunt,
2796 2228 3200 2296 appellavitque
3238 2245 3356 2283 eum
3395 2232 3601 2285 Inimi-

1903 2315 2079 2368 citias.
2138 2315 2417 2380 Profectus
2464 2314 2591 2367 inde
2638 2314 2785 2380 fodit
2848 2316 3019 2369 alium
3060 2322 3283 2385 puteum
3340 2335 3443 2387 pro
3494 2335 3600 2389 quo

1901 2417 2007 2456 non
2033 2401 2439 2457 contenderunt.
2484 2404 2739 2457 Pastores
2769 2403 2991 2458 Gerara.o
3033 2418 3235 2461 sensus
3284 2407 3601 2477 accipimus

1902 2491 2094 2547 carnis
2118 2498 2349 2558 nostra,
2390 2490 2493 2561 qui
2540 2504 2644 2546 nos
2690 2491 3125 2548 sorbitiunculis
3169 2495 3463 2551 sacularis
3506 2511 3601 2567 pa-

1893 2587 2074 2636 scunt
2119 2579 2389 2637 lascivia.
2442 2582 2689 2634 Pastores
2734 2581 2906 2648 Isaac,
2940 2588 3130 2637 motus
3169 2590 3305 2639 sunt
3344 2592 3600 2641 contem-

1903 2668 2122 2739 plativi,
2178 2668 2280 2739 qui
2324 2668 2662 2724 defectiones
2704 2668 2989 2738 spirituali
3018 2668 3287 2728 alimento
3334 2673 3601 2731 reficiunt

1904 2756 2103 2813 animi.
2146 2757 2416 2815 Carnalia
2452 2771 2587 2828 ergo
2637 2757 2915 2813 adversus
2961 2758 3285 2827 spiritualia
3329 2761 3596 2833 jurgant,

1904 2844 2105 2901 dicunt
2151 2845 2305 2916 quod
2352 2850 2541 2899 nostra
2594 2850 2672 2899 est
2711 2861 2877 2914 aqua,
2918 2846 3057 2903 dum
3102 2848 3378 2905 suadetur
3408 2850 3482 2906 ab
3514 2850 3601 2906 his

1835 2969 1876 3023 Β
1905 2931 2060 3000 quod
2088 2932 2381 2987 sacularis
2408 2932 2693 3001 spirituali
2740 2934 2974 2989 omnino
3028 2935 3364 3003 pramineat
3416 2937 3598 2993 scien-

1906 3019 2003 3087 tia,
2028 3019 2197 3090 cujus
2227 3019 2282 3075 in
2316 3028 2586 3090 promptu
2616 3026 2701 3076 est
2732 3020 2935 3091 gloria.
2969 3021 3307 3094 Nomenque
3340 3029 3498 3094 putei
3525 3040 3598 3081 ex

1904 3115 2117 3164 eventu
2157 3115 2323 3164 vocat
2368 3109 2727 3175 Calumniam,
2782 3109 2920 3164 dum
2961 3123 3035 3165 ex
3080 3124 3148 3166 ea
3196 3111 3592 3184 intelligentia,

1905 3206 2037 3263 qua
2078 3208 2151 3250 ex
2179 3200 2428 3250 torrente
2460 3194 2715 3250 discusso
2771 3194 3081 3266 colligitur,
3118 3196 3358 3267 insignis
3393 3206 3596 3256 contra

1906 3288 2161 3352 pastores
2206 3281 2433 3338 Gerara
2482 3282 2775 3338 calumnia
2824 3283 3109 3340 interioris
3158 3285 3407 3342 hominis
3452 3302 3600 3344 nun-

1907 3384 2084 3441 quam
2114 3370 2372 3426 desitura
2420 3378 2699 3427 movetur.
2759 3370 2935 3439 Alter,
2969 3372 3068 3442 qui
3118 3373 3332 3431 foditur
3368 3384 3595 3445 puteus,

1906 3472 2083 3515 sacra
2134 3458 2555 3529 pradicationis
2594 3458 2933 3530 intelligitur
2983 3460 3188 3529 virtus,
3240 3477 3394 3534 qua,
3448 3465 3600 3521 vires

1905 3561 1979 3604 ex
2011 3548 2274 3603 torrentis
2301 3546 2615 3603 defossione
2654 3554 2710 3603 et
2738 3554 2877 3617 potu
2904 3548 3097 3605 vitalis
3144 3564 3313 3621 aqua
3342 3566 3595 3622 sumens,

1906 3643 2064 3692 tanto
2089 3636 2292 3706 purius
2303 3635 2431 3691 aliis
2452 3635 2722 3705 propinat
2738 3643 2955 3706 quanto
2969 3635 3369 3696 fontivicinius
3389 3640 3596 3713 instat;

1907 3738 2010 3795 pro
2031 3724 2138 3780 hoc
2166 3738 2399 3794 quoque
2425 3724 2714 3789 rixantur,
2739 3724 2880 3794 quia
2899 3724 3041 3781 bene
3071 3725 3439 3796 loquentibus
3466 3743 3597 3798 pro-

1908 3813 2047 3884 pria
2093 3813 2332 3869 actionis
2368 3811 2673 3868 inﬁrmitas
2701 3812 2746 3867 si
2800 3813 2997 3883 aliqua
3025 3813 3098 3870 sit
3128 3814 3278 3871 illico
3306 3804 3594 3888 objicitur.

1979 3902 2243 3973 Appellat
2282 3903 2439 3957 hunc
2494 3902 2831 3968 inimicitias,
2892 3916 2998 3958 nec
3045 3902 3379 3974 incongrue,
3435 3906 3595 3976 quia,

1902 3991 2076 4062 juxta
2122 3998 2369 4061 poetam,
2414 3990 2520 4046 hoc
2573 3998 2825 4061 tempore
2869 4014 2890 4040 ι
2951 3992 3144 4048 odium
3198 3994 3349 4064 parit
3389 3996 3600 4052 veritas

1908 4079 2052 4151 (Tei.
2097 4080 2284 4134 Andr.
2343 4080 2389 4146 Ι,
2453 4078 2569 4148 41).
2646 4101 2667 4127 ι
2725 4079 2885 4135 Unde
2942 4094 3167 4137 necesse
3213 4089 3296 4138 est
3357 4089 3418 4139 ut
3468 4083 3599 4141 inde

1908 4168 2323 4239 proficiscatur,
2360 4167 2414 4224 id
2457 4175 2561 4236 est,
2611 4168 2683 4223 ad
2716 4167 3005 4234 meliorem
3038 4169 3169 4225 vita
3206 4177 3419 4227 statum
3463 4185 3600 4241 pro-

2304 4263 2359 4313 et
2434 4263 2673 4326 puteum
2733 4255 2928 4323 fodiat,
2999 4257 3205 4327 egestis
3259 4258 3472 4316 scilicet
3531 4259 3602 4316 ab

1906 4345 2100 4401 animo
2152 4344 2393 4401 terrenis
2440 4342 2759 4412 affectibus,
2792 4358 2909 4400 non
2960 4345 3020 4400 in
3047 4345 3349 4415 superﬁcie
3379 4347 3603 4419 cogita-

1906 4433 2095 4500 tionis,
2129 4432 2577 4504 imaginationis,
2618 4439 2719 4488 aut
2768 4432 3049 4488 forastica
3088 4434 3343 4502 visionis,
3393 4436 3493 4492 sed
3544 4437 3602 4493 in

1906 4522 2110 4578 intimo
2182 4519 2663 4592 iutelligibilitatis
2726 4521 3100 4591 purissimum
3175 4523 3408 4579 vivendi
3472 4524 3604 4580 fon-

1908 4618 2021 4668 tem
2068 4610 2345 4680 requirat.
2391 4609 2540 4666 Ordo
2590 4609 2745 4666 enim
2814 4614 3022 4666 nostra
3090 4611 3332 4668 actionis
3394 4627 3467 4668 ex
3525 4613 3606 4669 in-

1907 4705 2084 4756 terna
2114 4712 2261 4754 vena
2291 4698 2657 4769 progreditur
2699 4698 3117 4769 propositionis,
3161 4699 3315 4756 unde
3344 4701 3605 4771 exempla

1909 4788 2037 4845 aliis
2072 4786 2372 4858 profluunt
2417 4786 2789 4844 eruditionis:
2834 4786 2993 4856 prius
3042 4801 3178 4858 ergo
3239 4795 3449 4858 puteus
3498 4788 3606 4845 do-

1910 4877 2129 4944 ctrina,
2222 4875 2582 4946 postmodum
2668 4874 2884 4932 foditur
2967 4875 3314 4946 operationis
3408 4877 3602 4948 justa,

1912 4965 2015 5037 qui
2089 4964 2322 5022 omnino
2387 4965 2507 5036 jam
2585 4970 2738 5020 caret
2811 4964 3193 5033 contentione,
3259 4966 3400 5036 quia
3466 4966 3608 5022 tales

1911 5054 2265 5125 pracipuam
2306 5052 2686 5109 reverentiam
2738 5050 2919 5108 solent
2972 5052 3204 5120 habere,
3264 5052 3483 5123 quibus
3525 5053 3606 5109 uil

1912 5143 2174 5199 homines
2252 5149 2489 5211 possunt
2556 5139 2834 5212 objicere;
2898 5139 3078 5210 prius,
3161 5140 3423 5211 inquam,
3472 5142 3609 5197 Ani-

1913 5247 2006 5287 ma
2066 5245 2320 5301 namque
2378 5231 2695 5297 laborantis,
2766 5229 2940 5298 juxta
3009 5228 3388 5299 Salomonem,
3453 5231 3609 5285 labo-

1914 5324 2005 5375 rat
2033 5320 2158 5387 sibi,
2211 5320 2344 5388 quia
2387 5318 2647 5388 compulit
2678 5332 2795 5371 eum
2822 5331 2878 5371 os
2916 5332 3073 5372 suum
3111 5317 3310 5387 (Prov.
3348 5333 3464 5385 xvr,
3494 5318 3606 5389 26).

1919 5409 2152 5478 Propter
2191 5406 2443 5463 officium
2499 5420 2637 5461 sane
2689 5404 3129 5475 pradicationis,
3175 5421 3247 5463 ne
3295 5405 3611 5476 pradicans

1920 5496 2202 5567 reprobus
2250 5495 2599 5555 inveniatur,
2650 5493 2878 5550 extendi
2914 5494 3221 5551 admodum
3279 5493 3610 5549 soletexcr-

3265 5592 3299 5647 7
