3902 6054
291 256 396 309 203

1145 253 1213 307 V.
1275 250 1607 306 GUIBERTI
1662 250 1954 306 ABBATIS
2000 250 2055 305 S.
2114 251 2351 306 MARUE
2408 251 2499 307 DE

2560 250 2947 306 NOVIGENTO
3685 251 3798 304 205

292 391 493 446 citium
524 388 629 458 pim
671 386 1031 458 operationis.
1073 387 1144 441 Et
1199 393 1434 442 contra:
1494 387 1819 456 Abscondit,
1886 388 1980 442 in-
2018 390 2065 442 Α
2104 388 2367 457 Vidimus,
2428 388 2722 459 inquiunt,
2788 393 2960 443 tecum
3029 401 3140 442 esse
3196 388 3511 442 Dominum.
3564 386 3800 442 Geraris

295 480 441 549 quit,
470 481 631 547 piger
676 493 893 531 manum
924 491 1078 529 suam
1106 475 1205 529 sub
1235 477 1453 543 ascella,
1486 493 1582 531 nec
1623 476 1698 531 ad
1737 492 1793 532 os
1829 492 1988 531 suum

295 568 539 637 applicat
585 581 702 619 eam
754 567 931 623 (Prov.
976 578 1101 629 xxx,
1139 565 1247 632 24).
1286 564 1445 620 Unde
1472 572 1526 620 et
1558 568 1772 619 vocavit
1798 581 1988 620 nomen

294 656 445 709 illius
472 653 751 719 Latitudo,
805 653 1023 706 dicens:
1059 655 1214 709 Nunc
1261 654 1522 708 dilatavit
1561 669 1657 709 nos
1699 656 1983 723 Dominus,

294 748 343 796 et
389 745 518 808 fecit
563 756 790 795 crescere
839 756 1003 810 super
1055 746 1281 797 terram.
1340 742 1394 797 Si
1449 742 1690 799 latitudo
1736 743 1989 799 charitas

294 831 638 901 appellatur,
711 830 964 886 charitas
1040 831 1287 900 profecto
1364 832 1619 887 maxima
1680 840 1763 889 est
1817 839 1872 888 et
1929 832 1987 887 in

294 920 471 975 verbo
529 933 629 988 pro
685 918 870 974 salute
924 918 1173 988 proximi
1230 919 1512 988 laborare,
1563 927 1619 976 et
1669 920 1867 985 vitam,
1925 927 1990 976 ut

293 1007 468 1063 verbo
532 1015 834 1076 competat,
901 1007 1184 1075 sagaciter
1252 1008 1539 1075 ordinare,
1618 1016 1683 1064 ut
1751 1020 1805 1064 et
1860 1008 1989 1063 aliis

292 1095 482 1150 valeat
532 1096 794 1165 exemplo
849 1095 1133 1164 prodesse.
1186 1095 1400 1151 Aliter:
1465 1095 1613 1151 Solet
1668 1111 1872 1166 nempe
1930 1096 1989 1151 in

293 1183 607 1254 Evangelio
655 1184 1074 1239 desudantibus
1113 1184 1265 1239 Deus
1321 1185 1468 1239 mira
1505 1185 1691 1255 gratia
1721 1200 1837 1256 quo
1867 1199 1989 1240 am-

293 1272 445 1342 plius
499 1273 771 1328 insistunt
818 1272 1057 1328 dilatare
1102 1273 1455 1329 intellectum
1486 1274 1559 1329 ad
1601 1274 1745 1330 sacri
1776 1274 1990 1344 eloquii

292 1361 682 1431 dignoscenda
710 1375 777 1415 ac
805 1361 1143 1431 eloquenter
1166 1362 1520 1418 enubilanda
1541 1363 1831 1433 mysteria.
1866 1363 1990 1419 Non

292 1448 466 1503 dicit:
528 1451 802 1504 Dilatavit
872 1463 962 1504 me
1030 1452 1308 1517 Dominus,
1358 1450 1457 1505 sed
1520 1466 1615 1505 nos
1671 1451 1987 1520 pluraliter,

293 1538 433 1606 quia
465 1537 750 1607 quidquid
794 1538 881 1593 vel
915 1538 969 1591 in
1001 1538 1280 1605 doctrina,
1318 1539 1407 1594 vel
1438 1539 1495 1593 in
1528 1540 1757 1594 virtutis
1803 1539 1991 1595 studio

294 1626 724 1696 propagationis
773 1625 863 1680 vir
912 1625 1161 1695 quisque
1200 1626 1330 1696 pius
1363 1627 1712 1696 assequitur,
1750 1627 1855 1682 hoc
1877 1641 1992 1682 non

295 1689 617 1782 magisvpru
669 1728 777 1769 sua
829 1727 1005 1784 quam
1059 1714 1307 1784 proximi
1362 1714 1606 1770 utilitate
1665 1728 1699 1769 a
1738 1715 1851 1770 Deo
1881 1714 1990 1770 sibi
2031 1689 2070 1742 Β

292 1800 416 1855 dari
457 1801 793 1858 arbitratur.
858 1802 1011 1857 Facit
1057 1816 1163 1857 nos
1214 1804 1363 1857 Deus
1422 1817 1584 1871 super
1632 1807 1833 1857 terram
1871 1818 1991 1857 cre-

290 1904 452 1958 scere,
486 1904 618 1946 cum
668 1899 769 1946 aut
816 1905 991 1960 super
1030 1893 1283 1960 corporis
1311 1891 1591 1946 desideria
1638 1891 1846 1960 spiritu
1888 1905 1993 1945 nos

291 1978 589 2045 excellere,
639 1986 740 2034 aut
787 1992 960 2048 super
996 1986 1229 2045 terram,
1280 1979 1337 2033 id
1389 1986 1472 2034 est
1529 1978 1840 2047 Christum,
1888 1979 1989 2049 qui

293 2082 491 2122 omnes
518 2067 617 2122 alit
642 2067 927 2135 fundatos,
955 2066 1091 2122 facit
1122 2067 1437 2123 virtutibus
1456 2068 1726 2123 eminere.

365 2154 537 2211 Vens.
589 2157 677 2221 23,
729 2154 820 2209 24.
873 2185 941 2194 —
972 2155 1240 2210 Ascendit
1296 2161 1477 2209 autem
1525 2172 1592 2210 em
1642 2157 1732 2210 illo
1792 2157 1901 2211 loco
1931 2159 1991 2211 in

294 2244 575 2312 Bersabee,
615 2244 710 2297 ubi
736 2246 999 2313 apparuit
1028 2246 1078 2297 ei
1105 2246 1361 2298 Dominus
1388 2247 1445 2298 in
1484 2246 1608 2314 ipsa
1646 2251 1795 2299 nocte
1822 2260 1834 2299 :
1867 2247 1992 2313 Ego

292 2346 430 2397 sum,
464 2331 677 2402 inquit,
713 2334 858 2387 Deus
895 2334 1078 2402 patris
1110 2336 1211 2386 tui.
1246 2334 1373 2388 Noli
1420 2336 1625 2401 timere,
1658 2336 1791 2402 quia
1821 2339 1991 2389 tecum

292 2435 429 2474 sum.
487 2421 763 2476 Bersabee
819 2421 1031 2477 dicitur
1073 2427 1269 2490 puteus
1312 2424 1645 2488 saturitatis,
1682 2424 1769 2478 vel
1792 2429 1992 2492 puteus

293 2510 536 2575 quintus.
571 2508 783 2564 Puteus
820 2517 1014 2565 autem
1045 2509 1363 2565 saturitatis
1402 2509 1696 2579 plenitudo
1742 2519 1826 2568 est
1850 2527 1991 2568 con—

296 2596 637 2665 templativm
671 2596 1008 2665 refectionis,
1037 2603 1091 2652 et
1121 2598 1362 2667 quintus
1404 2606 1506 2665 est,
1566 2598 1705 2667 quia
1751 2606 1990 2668 quater-

294 2683 525 2737 narium
581 2684 756 2738 totius
809 2684 1242 2753 temporalitatis
1287 2685 1563 2756 dignitate
1616 2686 1988 2742 transcendit.

294 2770 515 2825 Dicitur
559 2770 730 2826 etiam
779 2785 813 2826 a
861 2773 1210 2841 quibusdam
1259 2774 1414 2843 quod
1473 2788 1675 2829 verum
1723 2782 1827 2841 est,
1876 2788 1992 2830 non

295 2864 503 2928 puteus
533 2859 793 2928 quintus,
826 2860 921 2915 sed
966 2861 1263 2930 septimus,
1296 2869 1350 2917 et
1380 2862 1523 2917 bene
1567 2870 1815 2930 resonat,
1852 2864 1993 2933 quia

294 2946 575 3046 sapientia
611 2945 999 3046 spiritualium
1031 2947 1314 3046 donorum
1342 2950 1618 3020 septimus
1644 2952 1860 3022 gradus
1884 2959 1987 3016 est,
2027 2990 2068 3046 ο

295 3028 397 3085 ubi
427 3029 721 3098 plenitudo
751 3030 882 3086 vitae
912 3046 977 3087 ac
1008 3031 1203 3102 glorim
1246 3042 1348 3101 est,
1399 3036 1539 3104 quia
1591 3037 1738 3092 Deus
1770 3037 1992 3105 sapien-

297 3117 376 3171 tia
402 3124 503 3172 est.
539 3120 624 3171 Ea:
659 3119 753 3171 illo
784 3117 963 3188 igitur
1010 3120 1138 3187 loco,
1197 3120 1469 3190 prmdicta
1520 3122 1733 3177 scilicet
1780 3122 1992 3193 ampli-

296 3204 496 3260 tudine
539 3205 853 3272 charitatis,
904 3221 1021 3262 non
1071 3207 1182 3262 nisi
1236 3208 1293 3263 in
1350 3224 1466 3279 quo
1521 3217 1672 3265 recte
1700 3218 1888 3267 statur
1918 3210 1991 3265 ad

293 3292 578 3361 Bersabee,
613 3294 668 3348 id
690 3301 773 3349 est
812 3294 1090 3350 haustum
1120 3295 1332 3352 divinm
1362 3297 1599 3353 visionis
1636 3300 1988 3355 ascenditur.

297 3381 383 3436 Ibi
437 3381 496 3436 in
542 3382 665 3451 ipsa
696 3383 935 3452 speculi,
966 3390 1020 3439 et
1050 3385 1372 3455 mnigmatis
1421 3386 1768 3443 obscuritate
1801 3398 1992 3446 monet

296 3482 401 3524 nos
452 3469 605 3524 Deus
658 3484 773 3525 non
819 3470 1024 3527 debere
1077 3472 1293 3540 timere,
1352 3472 1471 3542 ipse
1524 3474 1627 3543 qui
1671 3475 1987 3545 Abraham,

294 3557 646 3613 intellectum
701 3558 913 3615 scilicet
965 3567 1248 3629 nostrum,
1298 3575 1405 3617 sua
1440 3563 1562 3633 jam
1603 3564 1861 3633 implevit
1891 3580 1992 3621 co-

294 3645 567 3715 gnitione,
622 3645 789 3701 nobis
858 3646 1041 3702 aderit
1096 3647 1155 3702 in
1213 3647 1465 3717 seminis,
1529 3650 1582 3705 id
1651 3659 1735 3707 est
1791 3654 1991 3723 gratim

292 3734 782 3804 multiplicatione,
837 3734 909 3789 ad
965 3737 1445 3793 secontnendum
1499 3753 1613 3794 non
1672 3740 1731 3795 in
1769 3742 1988 3809 nubilo,

293 3822 392 3878 sed
418 3832 628 3893 aperte.
685 3823 876 3893 (Vens.
936 3823 1052 3891 25.)
1097 3825 1291 3896 Itaque
1329 3825 1627 3897 aedificavit
1667 3830 1748 3883 ibi
1795 3831 1988 3900 altare,

293 3915 344 3962 et
398 3912 646 3964 invocato
715 3910 796 3963 ibi
840 3912 1054 3964 nomine
1104 3914 1322 3966 Domini
1385 3915 1629 3969 extendit
1678 3917 1990 3972 tabernacu-

294 3998 423 4062 lum,
474 4000 833 4066 prmcepitque
885 4001 1054 4053 servis
1119 4002 1234 4054 suis
1302 4006 1364 4055 ut
1428 4003 1676 4068 {ederent
1747 4010 1987 4074 puteum.

293 4084 493 4139 Altare
530 4087 612 4139 ibi
638 4086 1008 4155 aediﬁcamus,
1041 4103 1172 4144 cum
1207 4099 1425 4159 quanto
1456 4094 1642 4163 magis
1679 4086 1990 4151 Deum'co-

293 4174 643 4243 gnoscimus,
679 4181 834 4230 tanto
886 4176 1170 4232 fortiorem
1224 4178 1364 4234 bene
1402 4182 1608 4251 agendi
1633 4182 1989 4239 voluntatem

2094 478 2325 545 dicitur,
2379 483 2677 547 cornupeta
2733 493 2933 544 eorum,
2995 477 3055 532 in
3105 491 3223 547 quo
3286 476 3629 548 intelligitur
3684 491 3799 531 no-

2093 566 2260 623 cendi
2316 567 2622 636 appetitus,
2704 566 2860 621 haud
2918 565 3160 621 dubium
3237 565 3381 635 quin
3440 565 3794 622 dmmonum.

2098 655 2243 710 Hinc
2288 669 2447 725 ergo,
2478 668 2551 710 ex
2602 655 2820 724 impetu
2870 654 3080 710 scilicet
3126 668 3245 709 sum
3275 653 3691 710 malevolentia
3721 652 3798 707 ad

2096 743 2275 799 altare
2303 743 2459 812 quod
2494 741 2825 812 principalis
2854 741 3014 798 locus
3037 748 3139 810 est,
3166 741 3413 798 veniunt
3440 740 3794 807 Abimelech,

2097 831 2199 902 qui
2232 831 2444 887 dicitur
2488 836 2648 901 pater
2690 845 2838 885 meus
2867 845 2991 898 rex,
3048 830 3139 886 vel
3167 846 3391 899 regnum
3434 833 3618 899 patris
3664 832 3795 895 mei,

2097 920 2157 975 in
2188 934 2304 990 quo
2331 919 2615 990 accipitur
2653 919 2947 989 superbia,
2994 919 3087 975 cui
3122 918 3479 988 potissimum
3528 917 3796 973 diabolus

2097 1009 2359 1079 imperat,
2412 1015 2607 1078 utpote
2664 1021 2768 1063 rex
2825 1021 2996 1077 super
3052 1021 3250 1063 omnes
3305 1006 3452 1062 filios
3508 1006 3795 1076 superbiae

2099 1097 2231 1165 (Job
2278 1111 2391 1163 xu,
2460 1097 2574 1166 25),
2633 1104 2688 1153 et
2744 1096 3007 1164 Ocozath,
3067 1095 3136 1151 de
3183 1110 3298 1166 quo
3356 1095 3645 1151 nescimus
3688 1095 3795 1165 qui

2097 1185 2289 1252 fuerit,
2333 1193 2584 1243 attamen
2626 1185 2961 1255 complicem
3005 1184 3133 1255 ejus
3179 1198 3294 1240 non
3325 1183 3680 1251 dubitamus,
3732 1184 3793 1238 in

2100 1290 2216 1346 quo
2245 1289 2358 1330 non
2385 1274 2637 1330 absurde
2668 1273 3010 1343 intelligitur
3048 1272 3283 1339 invidia,
3320 1270 3604 1342 superbim
3642 1271 3795 1328 vide—

2097 1362 2229 1419 licet
2285 1363 2402 1418 filia
2432 1363 2585 1419 unde
2634 1370 2689 1418 et
2734 1367 2933 1428 tenens,
2974 1360 3066 1416 vel
3114 1358 3562 1429 comprehenderis
3610 1355 3795 1410 inter-

2100 1459 2385 1522 pretatur,
2440 1452 2582 1521 quia
2632 1465 2747 1519 cor,
2808 1449 2965 1520 quod
3022 1444 3534 1518 comprehenderit,
3592 1444 3674 1499 sic
3720 1450 3796 1497 te-

2100 1548 2232 1596 neat
2257 1548 2321 1596 ut
2361 1540 2593 1596 difticile
2635 1538 2958 1595 renitescat.
3001 1537 3146 1592 Hinc
3176 1536 3231 1590 in
3281 1534 3393 1590 alia
3423 1530 3795 1589 translatione

2099 1630 2378 1700 pronubus
2418 1628 2747 1685 Abimelech
2796 1626 3025 1693 dicitur,
3068 1625 3207 1696 quia
3253 1622 3523 1693 superbia
3567 1620 3796 1692 gaudiis

2101 1718 2435 1775 luxuriante
2508 1716 2860 1783 carnalibus,
2939 1715 3088 1770 livor
3157 1714 3283 1784 ejus
3342 1709 3796 1781 intemperantiis

2100 1807 2264 1877 quasi
2313 1806 2554 1877 quidam
2606 1805 2891 1876 pronuba,
2943 1804 3000 1859 id
3045 1809 3129 1858 est
3183 1800 3643 1871 supplementum
3701 1810 3797 1851 ne-

2099 1896 2296 1966 quitim
2353 1896 2702 1964 comitatur;
2758 1902 2812 1949 et
2878 1893 3060 1947 Phicol
3127 1890 3243 1944 dua:
3290 1891 3542 1955 militum,
3607 1886 3795 1941 inanis

2100 1981 2301 2053 gloria,
2335 1983 2509 2038 totius
2544 1980 2934 2052 perversitatis
2981 1978 3428 2043 firmamentum,
3479 1975 3580 2045 qni
3611 1974 3793 2029 inter-

2100 2078 2363 2141 pretatur
2393 2086 2448 2125 os
2476 2073 2733 2137 omnium,
2777 2057 3007 2139 quia'in
3062 2066 3250 2123 laudis
3296 2066 3565 2121 humanm
3603 2061 3795 2134 praeci-

2097 2174 2208 2229 pue
2237 2160 2546 2215 delectetur
2595 2172 2780 2227 aura;
2813 2158 2953 2222 hmc,
3003 2157 3263 2226 inquam,
3319 2153 3446 2220 tria,
3500 2152 3557 2208 id
3585 2159 3669 2207 est
3694 2165 3793 2206 su-

2099 2248 2317 2317 perbia,
2381 2246 2617 2313 invidia,
2679 2246 2867 2301 inanis
2914 2244 3095 2315 gloria
3151 2241 3369 2299 homini
3426 2249 3654 2297 terrena
3709 2253 3794 2295 re-

2099 2337 2329 2405 spuenti
2383 2343 2439 2391 et
2494 2334 2713 2390 amanti
2767 2334 3032 2401 cmlestia,
3076 2331 3308 2402 speciali
3352 2329 3705 2385 insecutione
3736 2342 3796 2383 se

2097 2424 2389 2494 ingerunt,
2443 2432 2499 2479 et
2546 2430 2705 2478 tanto
2760 2420 3133 2491 perniciosius
3189 2426 3408 2489 quanto
3454 2416 3795 2473 consulendi

2100 2512 2285 2583 gratia
2334 2511 2443 2567 sub
2486 2510 2804 2566 amicorum
2855 2507 3084 2563 nomine
3139 2505 3418 2562 devotius.
3475 2503 3796 2573 Respondet

2100 2608 2288 2657 tamen
2323 2601 2501 2663 Isaac,
2551 2612 2762 2669 eosque
2809 2596 3104 2667 prmvenit,
3153 2610 3221 2650 ac
3282 2594 3327 2649 si
3368 2594 3616 2649 diceret:
3657 2591 3797 2658 Quis

2102 2688 2241 2742 mihi
2269 2697 2588 2743 conventus
2619 2687 2935 2754 vobiscum,
2994 2699 3127 2741 cum
3181 2683 3263 2738 nil
3319 2683 3378 2737 in
3431 2681 3594 2737 vobis
3633 2679 3794 2735 aliud

2100 2790 2277 2846 quam
2340 2776 2546 2832 lethale
2603 2766 2811 2830 animm
2875 2788 3013 2829 mem
3076 2774 3238 2827 virus
3286 2770 3683 2841 compererim,
3742 2776 3798 2824 et

2099 2866 2219 2920 sola
2270 2873 2460 2921 vestra
2515 2862 2943 2919 exsecrabilitas
3003 2875 3107 2917 suo
3164 2861 3399 2915 horrore
3451 2859 3525 2914 ab
3573 2856 3799 2913 ambitu

2101 2953 2292 3008 smculi
2352 2968 2441 3009 me
2499 2950 2839 3021 expulerit?
2914 2950 3163 3006 Vidimus
3227 2953 3415 3015 tecum,
3493 2946 3792 3015 inquiunt,

2105 3044 2224 3111 ipsa
2252 3042 2439 3111 operis
2494 3040 2781 3097 evidentia
2828 3040 3011 3095 Deum
3035 3052 3165 3092 esse.
3213 3038 3283 3092 Et
3324 3050 3457 3092 cum
3505 3033 3795 3105 spirituali

2102 3130 2411 3199 prmcellas,
2452 3128 2610 3185 omni
2661 3127 2960 3197 temporali
3003 3141 3064 3183 es
3115 3126 3327 3197 dignus
3378 3125 3609 3190 honore,
3638 3122 3795 3192 quod

2099 3218 2311 3275 multos
2357 3217 2611 3273 obtinere
2658 3215 2844 3273 cernis
2882 3215 3150 3281 indebite,
3193 3228 3327 3268 cum
3358 3221 3470 3269 tum
3501 3210 3797 3281 religionis

2101 3306 2263 3362 favor
2320 3304 2683 3361 diffundatur
2730 3304 2968 3374 ubique.
3023 3302 3265 3358 Attende
3317 3314 3454 3372 ergo
3501 3299 3657 3370 quod
3688 3299 3796 3355 tibi

2102 3395 2366 3464 prodesse
2403 3393 2695 3463 cupimus,
2737 3406 2808 3448 ne
2837 3405 3049 3448 renuas
3079 3389 3407 3460 impendere
3453 3401 3621 3444 aures
3651 3387 3797 3443 bene

2102 3481 2555 3551 consulentibus,
2588 3482 2875 3552 perpende
2915 3480 3070 3551 quod
3114 3479 3216 3535 tibi
3248 3490 3553 3548 nunquam
3583 3476 3798 3532 damno

2102 3570 2337 3638 fuimus,
2401 3584 2506 3626 nec
2568 3579 2696 3625 tuas
2748 3568 3150 3640 prosperitates
3203 3566 3622 3632 imminuimus,
3683 3564 3799 3620 imo

2102 3658 2400 3728 multiplici
2446 3658 2618 3713 laude
2662 3657 2966 3727 pollentem
3019 3670 3177 3712 nunc
3216 3670 3401 3725 usque
3432 3654 3624 3726 vigere
3670 3666 3799 3722 per-

2101 3747 2382 3803 misimus.
2427 3746 2635 3802 Fmdus
2682 3746 2877 3816 itaque
2927 3753 3188 3801 nostrum
3234 3758 3307 3799 ne
3364 3756 3618 3812 respuas,
3662 3757 3795 3798 cum

2102 3836 2215 3892 Deo
2272 3834 2687 3904 multiplicante
2739 3842 2792 3890 te
2848 3834 3047 3905 augeri
3105 3832 3334 3900 sentias,
3375 3831 3421 3886 si
3453 3830 3682 3887 monitis
3711 3844 3800 3885 ac-

2103 3924 2403 3995 quiescas;
2468 3923 2589 3979 hmc
2642 3921 3082 3993 mquipolleuter
3146 3920 3299 3976 dicta
3348 3919 3544 3976 sensui
3589 3934 3792 3975 eorum

2100 4020 2437 4068 consonant.

2172 4100 2346 4158 Vens.
2378 4099 2468 4167 30,
2515 4103 2603 4167 31,
2650 4101 2740 4168 32,
2784 4099 2871 4156 33.
2922 4127 2992 4140 —
3045 4100 3189 4153 Fecit
3215 4113 3340 4166 ergo
3366 4098 3794 4163 eisconvivium,

2098 4193 2166 4257 et,
2198 4193 2319 4258 post
2366 4188 2544 4242 cibum
2601 4193 2652 4242 et
2678 4193 2883 4257 potum,
2934 4191 3213 4256 surgentes
3265 4202 3421 4240 mane
3465 4187 3798 4255 juraverunt

291 4274 513 4329 semper
565 4261 854 4317 meliorem
905 4263 1077 4331 avidi,
1133 4264 1256 4321 sine
1303 4280 1421 4337 qua
1451 4269 1637 4325 omnis
1662 4269 1847 4326 virtus
1875 4284 1986 4325 an-
2026 4272 2200 4333 Dsibi
2246 4282 2451 4332 mutuo.
2519 4279 2843 4345 Dimisitque
2890 4291 2975 4331 eos
3029 4277 3250 4344 paciﬁce
3306 4276 3460 4329 Isaac
3517 4276 3576 4327 in
3622 4275 3796 4328 locum

294 4358 462 4420 gusta
502 4357 604 4417 est,
658 4352 1123 4421 constabiliendo,
1180 4353 1316 4410 hinc
1367 4355 1497 4412 inde
1548 4357 1767 4415 collatis
1794 4359 1983 4415 virtu-

296 4438 448 4493 tibus
474 4439 544 4494 ad
592 4439 773 4494 Deum
801 4440 1119 4510 erigimus:
1158 4444 1311 4498 unde
1338 4449 1390 4499 et
1435 4447 1679 4501 invocato
1735 4450 1833 4501 Dei
1880 4464 1984 4503 no-

291 4527 433 4580 mine
462 4524 673 4581 dicitur
717 4527 1039 4583 extendisse
1084 4529 1507 4600 tabernaculum,
1560 4533 1699 4589 dum
1750 4549 1866 4590 non
1911 4536 1983 4590 ad

291 4612 383 4669 sui
413 4613 590 4683 ipsius
617 4614 970 4683 opinionem,
1008 4617 1105 4673 sed
1136 4617 1209 4673 ad
1241 4619 1341 4675 Dei
1372 4620 1550 4677 solius
1580 4622 1808 4680 laudem
1843 4639 1984 4695 ope-

290 4716 422 4757 rum
452 4702 746 4759 effectibus
787 4704 947 4760 bonm
981 4706 1164 4762 exerit
1195 4708 1508 4765 voluntatis
1552 4714 1869 4781 appetitum
1910 4713 1983 4768 ad

292 4791 390 4847 Dei
426 4792 687 4848 militiam
716 4795 1173 4865 exsequendum.
1224 4797 1340 4853 Hoc
1376 4800 1531 4854 enim
1578 4801 1768 4873 signat
1799 4803 1978 4859 taber-

292 4880 589 4947 naculum,
641 4882 897 4952 prmcipit
946 4888 1116 4939 servis
1176 4892 1237 4941 ut
1291 4885 1511 4944 fodiant
1554 4896 1798 4959 puteum,
1850 4907 1981 4947 cum

292 4967 659 5024 interioribus
696 4971 1197 5044 exterioribusque
1247 4980 1394 5029 nos
1446 4977 1568 5033 suis
1599 4978 1796 5034 indicit
1826 4981 1986 5036 moti-

291 5056 423 5125 bus,
460 5065 522 5113 ut
551 5066 901 5127 scrutentur,
936 5061 1138 5130 quanti
1172 5063 1361 5119 valeat
1392 5074 1625 5135 gustare
1654 5068 1984 5135 prmsentia-

292 5144 437 5213 liter,
471 5146 519 5200 si
538 5147 679 5201 tanti
707 5148 856 5203 valet
884 5149 1194 5220 mnigmata
1223 5153 1508 5221 speculari
1530 5155 1748 5211 Deum.

364 5233 535 5289 Vnus.
590 5237 680 5304 26,
718 5236 807 5302 27,
855 5238 943 5291 28.
1006 5268 1063 5278 —
1128 5240 1225 5293 Ad
1272 5256 1428 5308 quem
1493 5243 1665 5297 locum
1718 5247 1988 5300 venissent

292 5322 357 5376 de
379 5321 599 5377 Geraris
628 5324 961 5394 Abimelech,
992 5332 1041 5381 et
1077 5328 1312 5384 0cozath
1359 5332 1523 5385 amici
1563 5331 1702 5403 ejus,
1747 5338 1799 5387 et
1854 5336 1985 5388 Phi-

293 5411 372 5465 col
409 5410 527 5464 dua:
555 5413 809 5480 militum,
852 5415 1057 5469 locutus
1099 5422 1178 5471 est
1204 5420 1280 5472 eis
1327 5420 1514 5474 Isaac:
1563 5421 1712 5487 Quid
1761 5425 1985 5479 venistis

293 5499 369 5553 ad
411 5514 495 5553 me
542 5500 807 5556 hominem
860 5519 1015 5572 quem
1058 5506 1270 5574 odistis,
1305 5513 1356 5563 et
1396 5512 1688 5579 expulistis
1717 5527 1753 5565 a
1787 5513 1987 5569 vobis?

2090 4383 2267 4422 suum.
2320 4369 2451 4421 Ecce
2496 4372 2674 4421 autem
2716 4348 2974 4420 venerunt
3024 4367 3083 4419 in
3139 4366 3255 4433 ipso
3303 4362 3393 4417 die
3446 4364 3590 4417 servi
3637 4364 3794 4416 Isaac

2091 4458 2479 4512 annuntiantes
2510 4458 2560 4509 ei
2596 4456 2661 4509 de
2699 4460 2862 4525 puteo
2903 4469 3059 4523 quem
3104 4452 3380 4520 foderant,
3413 4456 3576 4519 atque
3604 4450 3792 4504 dicen-

2090 4548 2200 4597 tes:
2235 4545 2542 4598 Invenimus
2590 4560 2809 4613 aquam.
2858 4543 3007 4598 Unde
3055 4540 3361 4612 appellavit
3408 4555 3549 4608 eum,
3591 4539 3787 4592 Abun-

2090 4632 2359 4685 dantiam.
2409 4632 2618 4688 Tribus
2674 4632 2786 4687 illis
2841 4630 3177 4687 convivium
3230 4630 3391 4684 Isaac
3447 4628 3597 4695 facit,
3657 4640 3793 4682 cum

2090 4720 2244 4790 ipsas
2272 4720 2545 4777 vitiorum
2574 4720 2931 4777 adulationes
2978 4717 3514 4775 ratiocinationibus
3560 4715 3796 4787 quibus-

2091 4810 2223 4865 dam
2262 4817 2455 4881 auget,
2482 4817 2537 4865 et
2568 4810 2769 4865 nutrit.
2804 4810 2932 4864 Post
2958 4809 3154 4864 cibum
3196 4814 3251 4863 et
3276 4805 3488 4877 [potum
3518 4811 3790 4875 surgunt,

2092 4912 2223 4953 cum
2276 4905 2400 4967 post
2453 4898 2671 4954 fercula
2715 4896 3045 4968 temporalis
3101 4897 3315 4967 glorim,
3376 4909 3508 4966 qum
3560 4893 3794 4964 potibus

2094 4985 2411 5056 irrigantur
2454 4986 2674 5041 consilii
2734 4986 2974 5042 rationis
3022 4986 3313 5051 humanm,
3372 4984 3675 5040 elevantur
3733 4981 3791 5036 in

2092 5088 2247 5143 spem
2282 5073 2608 5131 ambitionis
2635 5075 2953 5145 explendm.
2989 5074 3154 5131 Mane
3183 5072 3289 5129 sibi
3322 5080 3526 5129 mutuo
3562 5071 3787 5141 jurant,

2091 5162 2230 5218 dum
2281 5163 2339 5217 in
2402 5162 2523 5232 ipso
2552 5162 2945 5233 prosperitatis
2976 5162 3167 5219 arrisu
3196 5176 3315 5218 sese
3368 5160 3546 5216 fidelis
3593 5159 3794 5214 anima

2092 5258 2148 5305 et
2230 5250 2437 5307 vitium
2498 5253 2903 5308 confmderant.
2984 5254 3142 5307 Mane
3226 5251 3347 5307 sive
3415 5261 3650 5315 aurora,
3738 5255 3797 5303 et

2091 5339 2262 5395 etiam
2310 5339 2429 5395 dies
2479 5355 2580 5410 pro
2608 5341 2875 5396 secundis
2913 5340 3085 5397 rebus
3134 5346 3453 5409 ponuntur,
3498 5344 3563 5393 ut
3600 5343 3684 5392 est
3730 5336 3795 5392 in

2092 5427 2231 5483 Job:
2291 5429 2352 5483 Si
2395 5430 2571 5484 subito
2628 5431 2949 5499 apparuerit
3010 5444 3230 5496 aurora,
3284 5428 3633 5482 arbitrantur
3677 5440 3796 5479 um-

2097 5517 2250 5571 bram
2297 5520 2487 5573 mortis
2538 5519 2658 5588 (Job
2709 5531 2871 5586 xxnv,
2930 5516 3039 5588 i7).
3096 5516 3163 5572 In
3214 5516 3406 5573 locum
3459 5529 3633 5572 suum
3688 5530 3792 5574 eos
