3904 6066
145 226 250 277 205

146 352 388 423 paciﬁce
434 352 688 421 dimittit,
735 353 875 409 dum
927 367 1027 423 per
1069 352 1307 409 aliectus
1354 354 1667 408 vanitatem
1709 367 1844 409 eva-
1882 355 1931 409 A

146 442 274 512 gari
304 456 375 497 ea
402 441 526 498 sine
573 441 694 497 ulla
720 441 959 511 spiritus
987 442 1391 512 objurgatione
1422 441 1717 511 permittit,
1751 442 1849 498 sed

144 528 203 584 in
254 529 383 599 ipsa
433 530 544 595 die,
606 544 740 600 quae
788 530 859 585 ad
911 544 1103 599 pacem
1153 529 1284 596 sibi,
1330 530 1436 598 piae
1490 529 1850 600 cogitationis

142 625 356 686 motus,
390 619 494 689 qui
524 618 730 674 rationi
778 618 1117 686 inserviunt,
1158 617 1408 674 interieri
1449 618 1849 689 hominilsug-

145 715 359 777 gerunt
387 722 446 763 se
476 707 763 764 invenisse
798 724 1021 777 aquam,
1062 722 1120 763 se
1164 708 1262 763 Dei
1293 707 1553 777 aliquam
1588 715 1850 779 gustasse

143 794 428 850 notitiam.
488 795 650 851 Unde
689 803 744 852 et
801 796 1052 866 appellat
1105 796 1538 857 Abundantium,
1618 796 1759 867 quia
1816 811 1851 852 a

145 883 557 952 temporalium
605 885 865 954 appetitu
905 898 965 940 se
1000 891 1230 940 revocat
1269 884 1341 940 ad
1389 885 1600 941 divinae
1649 900 1848 956 perpe-

143 970 375 1026 tuitatis
401 972 865 1028 exuberantiam.
899 974 970 1028 Et
1001 988 1191 1027 nomen
1226 974 1353 1027 urbi
1393 976 1708 1043 impositum
1747 977 1846 1041 est,

145 1056 422 1112 Bersabee
449 1073 619 1128 usque
658 1061 719 1112 in
756 1064 1072 1127 praesentem
1111 1058 1272 1114 diem.
1321 1060 1464 1116 Urbs
1492 1061 1600 1117 ista
1643 1075 1850 1131 super-

144 1146 397 1201 ccelestis
460 1146 728 1203 Ecclesiae
776 1146 1103 1218 frequentia
1159 1156 1263 1215 est,
1322 1163 1454 1219 quae
1511 1151 1641 1205 vitae
1698 1150 1851 1205 fonte

144 1234 430 1300 nutritur,
467 1236 566 1292 ubi
599 1235 794 1291 lumen
826 1236 882 1291 in
912 1236 1150 1302 lumine,
1180 1244 1236 1293 et
1265 1236 1385 1293 dies
1404 1238 1471 1293 de
1498 1238 1587 1294 die
1625 1238 1854 1294 videtur

146 1324 321 1392 (Psat.
369 1338 533 1392 xxxv,
600 1323 704 1395 l0).
757 1326 1029 1381 Bersabee
1079 1325 1185 1381 sibi
1245 1340 1456 1381 nomen
1506 1326 1847 1397 imponitur,

145 1414 291 1482 quia
318 1414 740 1470 excandescens
766 1414 1045 1480 avaritiae,
1089 1415 1177 1470 vel
1220 1414 1532 1485 cujuslibet
1569 1415 1696 1471 vitii
1729 1415 1852 1472 sitis

145 1500 209 1556 in
269 1501 378 1557 hoc
433 1502 644 1558 saeculo
696 1516 794 1572 per
848 1503 1386 1573 contemplationem
1445 1503 1625 1574 hujus
1681 1504 1850 1560 fontis

144 1597 366 1645 aeterna
387 1589 690 1645 saturitate
724 1591 1108 1662 extinguitur,
1160 1591 1218 1646 in
1258 1591 1455 1647 futuro
1499 1598 1613 1647 tota
1654 1592 1851 1649 salva-

146 1686 345 1733 torum
406 1692 542 1747 pars
585 1677 713 1748 ejus
762 1678 882 1734 sola
930 1678 1219 1735 inlusione
1260 1680 1427 1735 beata
1477 1678 1743 1735 efﬁcitur.
1797 1681 1851 1735 Is

144 1768 304 1823 enim
347 1776 558 1837 puteus
597 1766 693 1822 Dei
736 1767 949 1823 scilicet
989 1768 1211 1836 notitia,
1258 1769 1530 1839 pertingit
1566 1783 1754 1839 usque
1792 1769 1850 1824 in

145 1856 308 1911 illam
358 1856 512 1911 diem
564 1855 969 1912 indefectivam
1016 1856 1458 1925 prmsentialiter
1514 1856 1846 1925 videndam,

147 1959 283 2015 quae
314 1958 433 2000 una
463 1944 668 2000 melior
695 1951 778 2000 est
820 1944 875 1999 in
919 1944 1081 2001 atriis
1118 1945 1258 2014 suis,
1292 1959 1472 2015 quam
1515 1945 1697 2001 millia
1726 1945 1851 2003 die-

146 2047 283 2088 rum
316 2034 485 2099 (Psal.
517 2048 743 2099 Lxxxnt,
779 2032 887 2102 ll).

218 2122 394 2178 Vnus.
422 2121 513 2181 34.
554 2123 642 2176 35.
683 2150 756 2163 -
804 2125 955 2176 Esau
995 2138 1118 2176 vero
1164 2121 1640 2191 quadragenarius
1687 2121 1849 2176 duxit

144 2225 365 2277 umores,
431 2210 626 2264 Iudith
697 2211 866 2274 ﬁliam
942 2210 1107 2264 Beeri
1166 2212 1389 2279 Hethaei,
1455 2215 1506 2265 et
1561 2211 1851 2266 Basemath

145 2298 324 2365 ﬁliam
350 2298 500 2351 Elon
533 2297 774 2367 ejusdem
808 2299 937 2364 loci,-
982 2314 1102 2368 quae
1153 2299 1324 2353 amba:
1362 2298 1699 2368 oﬂ‘enderant
1728 2300 1849 2352 ani-

145 2402 298 2440 mum
335 2388 493 2441 Isaac
530 2391 581 2439 et
624 2385 889 2441 Rebeccae.
922 2387 1079 2443 Esau
1125 2388 1228 2458 qui
1277 2387 1692 2458 interpretatur
1733 2389 1853 2454 fru-

143 2479 288 2541 stra,
348 2474 673 2530 inferiorem
728 2475 909 2531 nostri
977 2483 1217 2545 partem,
1295 2476 1585 2532 carnalem
1638 2476 1851 2532 scilicet

144 2563 342 2635 signat
370 2561 665 2631 affectum,
703 2564 941 2620 vanitati
982 2564 1288 2621 intentum.
1328 2564 1435 2630 Qui
1468 2564 1849 2633 quadragena-

143 2655 289 2719 rius,
323 2652 379 2707 id
422 2659 503 2708 est
540 2651 945 2721 temporalitati
992 2667 1123 2723 qum
1162 2652 1534 2723 quaternario
1585 2652 1852 2723 signatur

145 2742 436 2807 addictus,
480 2740 649 2796 duxit
694 2755 910 2809 uxores,
956 2740 1224 2805 lasciviae,
1272 2739 1587 2796 mundialis
1635 2740 1853 2809 cupidi-

149 2830 318 2896 tatis;
350 2828 549 2885 Judith
585 2828 817 2884 laudans
857 2829 945 2885 vel
972 2828 1259 2899 conﬁtens;
1302 2828 1460 2885 Beeri
1496 2831 1688 2899 putei;
1734 2829 1851 2885 He-

1326 223 1684 280 MORALIUM
1720 223 1793 279 IN
1830 222 2135 279 GENESIN
2177 223 2308 279 LIB.
2339 222 2453 277 VII.

3552 226 3654 278 206

2560 352 2792 411 CAPUT
2832 353 3046 411 XXVII.

2028 442 2198 499 Vnus.
2247 443 2298 508 1,
2344 446 2397 509 2,
2451 446 2501 497 3.
2549 473 2617 482 ——
2666 445 2859 498 Senuit
2899 448 3079 497 autem
3120 444 3303 511 Isaac,
3343 447 3395 498 et
3437 444 3649 509 caliga-

1954 536 2147 585 verunt
2190 533 2330 586 oculi
2365 531 2501 602 ejus,
2544 538 2594 587 et
2644 533 2829 586 videre
2871 548 2977 586 non
3026 538 3258 601 poterat.
3324 534 3650 600 Vocavitque

1954 622 2104 674 Esau
2153 622 2329 689 ﬁlium
2373 636 2531 676 suum
2583 620 2863 691 majorem,
2921 625 2972 674 et
3017 622 3165 675 dixit
3220 623 3271 674 ei
3300 637 3312 675 :
3374 621 3490 674 Fili
3544 622 3649 676 mi.

1954 708 2191 776 Adsum,
2256 710 2464 781 inquit.
2503 712 2603 767 Cui
2637 716 2816 779 pater.
2877 709 3033 765 Vides
3075 709 3219 778 quod
3273 713 3565 774 senuerim,
3602 713 3654 762 et

1955 796 2195 862 ignorem
2241 798 2383 851 diem
2429 801 2617 853 mortis
2662 815 2808 875 mem.
2861 798 3025 852 Sume
3080 813 3237 852 arma
3284 803 3398 865 tua,
3449 798 3655 867 phare-

1958 888 2100 937 tram
2151 890 2202 938 et
2259 900 2462 951 arcum,
2520 892 2570 940 et
2618 878 2866 953 egredere
2913 888 3087 953 foras.
3146 887 3305 942 Isaac
3366 892 3652 953 senectus,

1956 972 2163 1028 animae
2219 981 2302 1029 est
2349 988 2383 1029 a
2430 974 2713 1043 spirituali
2762 976 2964 1031 robore
3012 974 3287 1030 defectus.
3345 975 3498 1029 Oculi
3535 974 3652 1043 ejus

1957 1061 2227 1132 caligant,
2272 1078 2405 1118 cum
2463 1063 2588 1133 ejus
2638 1065 2845 1119 mentis
2896 1065 3077 1119 aciem
3130 1078 3164 1119 a
3213 1064 3326 1120 Deo
3375 1063 3656 1119 desideria

1954 1163 2134 1219 prava
2192 1152 2581 1207 reverberant.
2654 1154 2963 1222 Postquam
3024 1167 3160 1223 ergo
3224 1153 3524 1222 ingenium
3571 1151 3644 1207 ab

1958 1239 2185 1294 interna
2232 1240 2450 1295 visione
2494 1247 2695 1306 cessat,
2755 1240 2815 1294 in
2877 1240 3144 1296 affectum
3219 1240 3427 1308 cordis,
3482 1240 3657 1310 juxta
3754 1235 3761 1241 ’

1958 1327 2266 1396 psalmum,
2306 1327 2455 1384 illico
2488 1342 2717 1384 necesse
2746 1336 2830 1384 est
2860 1335 3111 1384 transeat
3140 1329 3306 1399 (Psal.
3340 1344 3543 1397 Lxxxn,
3572 1330 3649 1398 7),

1958 1416 2113 1471 unde
2142 1424 2197 1471 et
2242 1418 2515 1486 majorem
2566 1432 2683 1472 non
2734 1416 3030 1487 dignitate,
3066 1417 3163 1472 sed
3217 1418 3470 1486 quadam
3516 1424 3655 1473 tem-

1960 1503 2170 1573 poralis
2237 1519 2376 1560 usus
2460 1505 2852 1574 primaevitate,
2921 1506 3098 1575 ﬁlium
3175 1506 3384 1575 ipsum,
3444 1505 3657 1562 scilicet

1958 1591 2227 1648 affectum
2257 1592 2516 1660 advocat,
2552 1595 2663 1648 Fili
2696 1596 2817 1648 mi?
2841 1594 2921 1649 Ac
2951 1594 2997 1648 si
3045 1586 3197 1649 dicat
3249 1610 3262 1648 :
3299 1596 3443 1650 Cum
3492 1601 3659 1650 natu-

1960 1681 2156 1737 raliter
2179 1681 2268 1751 {ex
2315 1695 2404 1737 me
2454 1682 2713 1751 prodeas,
2762 1696 2876 1737 non
2923 1690 3006 1738 est
3053 1682 3394 1750 absurdum,
3437 1682 3484 1738 si
3514 1682 3656 1738 meis

1957 1769 2104 1825 votis
2134 1770 2432 1825 inservias.
2476 1770 2646 1827 Vides
2670 1770 2826 1841 quod
2873 1771 2946 1827 ab
2973 1784 3165 1827 amore
3207 1785 3461 1840 superno
3499 1771 3649 1827 defe-

1958 1858 2154 1922 cerim,
2203 1865 2257 1914 et
2298 1857 2469 1926 diem,
2526 1859 2584 1914 id
2630 1867 2714 1915 cst
2755 1858 3193 1929 intelligentiam
3235 1859 3411 1929 hujus
3457 1873 3492 1914 a
3538 1860 3655 1917 Deo

1956 1946 2099 2002 mihi
2152 1947 2323 2003 illatae
2375 1947 2702 2004 defectionis
2749 1947 3026 2018 ignorem.
3078 1949 3237 2003 Sume
3275 1962 3413 2019 ergo
3460 1950 3658 2018 phare-

1955 2039 2100 2090 tram
2155 2034 2395 2104 consilii,
2458 2036 2555 2092 ubi
2600 2037 2965 2106 sagittarum,
3020 2035 3077 2091 id
3107 2044 3190 2092 est
3235 2037 3654 2092 sententiarum

1956 2124 2178 2193 copiam
2250 2137 2545 2195 congeras,
2610 2130 2661 2177 et
2711 2139 2897 2177 arcum
2955 2124 3176 2179 callidae
3243 2132 3297 2179 et
3366 2125 3654 2182 insidiosae

1954 2212 2319 2283 Operationis,
2370 2228 2485 2283 quo
2528 2220 2829 2282 conceptas
2875 2212 3203 2268 dolositates
3252 2213 3547 2281 excludas,
3600 2221 3655 2270 et

1958 2301 2047 2357 his
2097 2309 2357 2357 armatus
2408 2301 2656 2369 egredere
2700 2303 2876 2369 foras,
2904 2300 3244 2356 interiorum
3295 2301 3497 2370 utique
3547 2315 3653 2357 ne—

1958 2391 2182 2462 gligens
2213 2390 2465 2446 forenses
2492 2404 2693 2445 exerce
2721 2403 2918 2458 curas;
2961 2389 3283 2445 secundum
3314 2389 3421 2445 hoc
3451 2403 3655 2459 pecca—

1959 2485 2127 2545 tores,
2171 2477 2229 2532 in
2278 2476 2561 2532 Psalmis:
2620 2477 2982 2531 Intenderunt
3045 2492 3251 2543 arcum,
3313 2483 3651 2545 paraverunt

1901 2589 1906 2594 -
1956 2568 2191 2636 sagittas
2246 2568 2306 2620 in
2347 2566 2610 2634 pharetra
2659 2566 2824 2634 (Psal.
2884 2582 2940 2632 x,
2996 2566 3074 2637 2),
3125 2572 3188 2621 ut
3230 2565 3442 2622 scilicet
3488 2565 3652 2636 pravi

1958 2662 2147 2711 motus
2194 2654 2439 2710 directas
2494 2652 2778 2724 perimant
2835 2655 3102 2711 rationes.
3160 2656 3395 2723 Cumque
3445 2654 3653 2725 penatu

1957 2743 2174 2812 aliquid
2217 2743 2668 2814 apprehenderis;
2715 2742 2910 2813 (Vnus.
2952 2743 3005 2814 4)
3053 2745 3146 2809 fac
3189 2744 3327 2798 mihi
3365 2743 3490 2798 inde
3526 2745 3653 2813 pul-

1957 2837 2213 2898 mentum,
2254 2835 2392 2887 sicut
2431 2833 2561 2886 velle
2593 2848 2675 2886 me
2701 2836 2865 2896 nosti,
2918 2837 2968 2886 et
2996 2832 3139 2901 affer
3182 2838 3243 2887 ut
3271 2832 3563 2900 comedam,
3601 2837 3652 2887 et

147 2920 341 2975 thams
377 2917 589 2974 dicitur
627 2923 867 2988 stupens.
915 2917 1218 2981 Confessio,
1265 2924 1320 2974 et
1360 2918 1505 2985 laus,
1551 2932 1683 2988 quas
1730 2918 1843 2973 Deo
1886 2953 1928 3009 ο
1961 2916 2238 2969 benedicat
2283 2916 2384 2970 tibi
2429 2932 2616 2971 anima
2659 2932 2796 2982 mea,
2835 2922 3125 2986 antequam
3175 2919 3398 2971 moriar.
3460 2917 3649 2973 Vena-

147 3008 273 3063 sola
329 3006 523 3063 saeculi
604 3008 976 3077 prosperitate
1026 3006 1289 3073 refertur,
1343 3006 1460 3061 lilia
1529 3013 1632 3073 est,
1684 3006 1848 3062 ﬂuxa

145 3094 435 3162 videlicet,
466 3094 547 3149 nil
600 3094 843 3165 dignum
879 3094 1093 3150 virtute
1123 3108 1347 3166 gerens,
1393 3101 1448 3150 et
1490 3093 1609 3149 ﬁlia
1641 3101 1847 3164 puteo-

146 3198 303 3250 rum,
338 3183 394 3239 id
432 3190 515 3239 est
557 3182 1155 3253 concupiscentiarum
1197 3182 1539 3250 carnalium,
1596 3183 1736 3253 quia
1771 3197 1846 3239 ex

147 3273 367 3345 gaudio
406 3271 828 3328 obscurissimae
863 3271 1253 3327 delectationis
1283 3271 1544 3341 emergit.
1595 3270 1846 3327 Confite-

149 3369 246 3417 tur
274 3360 428 3415 enim
462 3373 567 3430 pro
616 3359 777 3416 nullo
822 3360 1158 3416 aeternitatis
1197 3373 1408 3429 amore,
1459 3360 1559 3416 sed
1605 3359 1745 3430 quia
1772 3359 1847 3415 ad

145 3463 401 3519 praesens
466 3448 798 3504 beneficeris
851 3449 922 3504 ei.
1002 3449 1075 3505 Et
1141 3448 1271 3505 talis
1338 3448 1636 3516 confessio,
1704 3448 1844 3505 dum

145 3538 317 3608 quasi
346 3537 579 3593 devotos
605 3550 665 3592 se
697 3537 812 3593 Deo
842 3537 1222 3605 arbitrantur,
1280 3539 1337 3593 in
1368 3537 1595 3607 reprobi
1642 3551 1846 3593 sensus

144 3642 239 3684 eos
282 3625 455 3681 mittit
500 3632 813 3695 stuporem,
856 3634 921 3682 ut
959 3626 1137 3682 libere
1192 3626 1302 3682 sibi
1340 3626 1649 3682 videantur
1682 3640 1846 3697 posse

143 3715 334 3772 omnis
359 3714 484 3769 vitii
512 3727 778 3770 exercere
809 3714 1060 3771 fetorem.
1090 3715 1413 3782 Basemath,
1435 3717 1496 3769 in
1513 3715 1845 3783 nominibus,

144 3804 267 3859 sive
317 3802 657 3871 delinquens,
698 3802 788 3858 vel
845 3802 1093 3873 deposita
1146 3803 1576 3872 interpretatur,
1628 3803 1687 3857 in
1728 3818 1845 3872 quo

143 3889 492 3962 intelligitur
535 3890 825 3959 superbia,
872 3905 1005 3961 quae
1052 3891 1217 3947 valde
1264 3891 1544 3961 gloriatur
1599 3891 1656 3946 in
1708 3897 1843 3946 nos

144 3979 452 4036 nominum
480 3977 981 4035 celebrationibus.
1013 3978 1232 4035 Nomen
1262 3979 1415 4035 enim
1457 3979 1515 4034 in
1549 3979 1847 4051 Scriptura

145 4067 358 4125 usitate
402 4080 505 4137 pro
557 4065 711 4122 fama
759 4068 1012 4137 ponitur.
1062 4066 1199 4134 Quae
1255 4068 1393 4125 dum
1431 4081 1551 4123 sese
1598 4067 1847 4124 inaniter

144 4155 473 4213 extollendo
502 4154 805 4225 delinquit,
849 4155 922 4210 ad
970 4162 1199 4211 aeternae
1238 4155 1610 4225 depositionis
1646 4169 1844 4211 casum

1958 3011 2081 3060 tum
2113 3004 2330 3059 vadens
2357 3005 2551 3060 anima
2578 3005 2796 3073 aliquid
2833 3005 3230 3074 apprehendit,
3263 3019 3396 3061 cum
3440 3018 3650 3061 carna-

1952 3091 2030 3147 lia
2060 3092 2210 3148 bona
2234 3107 2501 3162 quaerens
2529 3093 2829 3164 quidpiam
2864 3094 2969 3149 sibi
3017 3101 3343 3164 competens
3388 3093 3648 3150 desiderii

1954 3180 2173 3237 retibus
2216 3181 2503 3252 astringit.
2550 3182 2689 3236 Inde
2731 3183 3069 3252 pulmentum
3110 3182 3264 3249 facit,
3315 3196 3449 3238 cum
3500 3182 3650 3238 idem

1952 3268 2426 3339 concupiscentiae
2485 3271 2617 3342 igne
2675 3285 2927 3341 coquens
2978 3271 3036 3326 in
3094 3270 3407 3341 voluptatis
3464 3277 3647 3326 totum

1951 3357 2248 3413 mollitiem
2286 3358 2487 3427 trahit;
2531 3359 2818 3429 quidquid
2855 3358 3007 3415 enim
3054 3365 3156 3415 aut
3203 3357 3504 3425 laboriose,
3547 3365 3649 3414 aut

1951 3446 2206 3502 suaviter
2243 3454 2545 3503 exercetur
2588 3446 2648 3501 in
2678 3447 2905 3515 saeculo,
2942 3447 3114 3504 finem
3155 3461 3275 3502 suae
3318 3447 3649 3503 intentionis

1952 3534 2208 3605 aliquam
2237 3534 2593 3605 voluptatem
2625 3534 2815 3590 habet.
2851 3535 3027 3604 Afer,
3080 3534 3291 3605 inquit,
3323 3535 3473 3590 sicut
3501 3533 3646 3589 velle

1952 3636 2044 3678 me
2068 3622 2237 3689 nosti,
2286 3627 2347 3676 ut
2376 3622 2666 3686 comedam,
2700 3622 2758 3677 id
2803 3630 2887 3678 est
2936 3623 3084 3678 sicut
3116 3622 3442 3677 humanum
3490 3620 3647 3676 dele-

1950 3709 2094 3767 ctari
2133 3711 2366 3782 conjicis
2405 3725 2640 3781 quaque
2694 3724 2756 3766 re
2816 3709 3105 3776 affectum,
3168 3709 3249 3765 sic
3279 3710 3420 3764 mihi
3480 3708 3644 3778 infer,

1953 3800 2108 3856 unde
2160 3813 2347 3855 meum
2405 3800 2626 3855 nutrire
2681 3799 2918 3855 debeam
2973 3799 3312 3869 appetitum,
3361 3803 3422 3852 ut
3462 3801 3649 3853 anima

1951 3904 2070 3942 mea
2114 3888 2216 3942 tibi
2255 3888 2551 3947 benedicat.
2589 3892 2880 3957 antequam
2930 3889 3154 3955 moriar,
3205 3887 3262 3942 id
3305 3893 3390 3943 est
3439 3894 3504 3943 ut
3532 3886 3644 3942 ani.

1950 3977 2177 4032 malitas
2242 3990 2368 4032 mea
2441 3976 2544 4032 tibi
2620 3976 3012 4047 multipliciter
3078 3975 3303 4032 insistat
3358 3975 3644 4046 augendo,

1953 4065 2296 4135 priusquam
2320 4065 2758 4134 superveniente
2789 4066 2988 4137 aliqua
3008 4064 3363 4137 paenitudine
3382 4064 3647 4122 saeculari

1954 4153 2148 4225 gloria:
2180 4153 2500 4211 interimar.

146 4244 351 4301 tendit.
419 4243 583 4299 Elom
638 4251 830 4300 autem
886 4244 1098 4300 dicitur
1165 4246 1315 4312 regio
1371 4248 1708 4314 campestris,
1756 4244 1844 4301 vel
1882 4255 1927 4311 1)
2029 4241 2203 4300 Vens.
2244 4246 2296 4311 5,
2346 4245 2397 4297 6.
2437 4273 2506 4283 —
2551 4244 2703 4311 Quod
2730 4259 2850 4299 cum
2897 4244 3140 4299 audisset
3169 4245 3420 4311 Rebecca,
3468 4248 3519 4298 et
3558 4245 3650 4299 ille

146 4346 400 4402 quercus.
456 4331 631 4402 Regio
672 4330 1033 4388 latitudinem
1084 4332 1214 4388 vitae
1260 4331 1554 4388 saecularis
1610 4332 1841 4403 innuit;

145 4434 394 4490 campus
446 4418 928 4476 incultibilitatem
998 4420 1203 4477 mentis
1266 4421 1528 4477 ostendit.
1590 4420 1847 4488 Quercus

147 4509 322 4580 cujus
352 4507 577 4565 fructus
614 4522 813 4578 porcos
850 4508 1050 4579 pascit,
1083 4510 1374 4579 operarios
1400 4509 1684 4579 inequitia:
1723 4509 1850 4580 qui-

149 4598 262 4654 bus
314 4596 1096 4668 daemones-aggratulantur
1161 4597 1470 4668 portendit.
1506 4597 1650 4653 Filia
1709 4612 1848 4669 ergo

149 4686 358 4743 talium
402 4684 694 4755 superbia,
728 4699 800 4741 ex
846 4685 1013 4741 malis
1057 4685 1305 4755 pessima
1348 4692 1487 4741 nata
1514 4685 1849 4755 parentibus

147 4776 327 4843 Esau,
355 4774 415 4831 id
445 4782 529 4831 est
556 4773 948 4831 aﬂ‘ectualitati
992 4774 1281 4847 jungitur,
1326 4789 1458 4845 quae
1498 4781 1552 4831 et
1591 4774 1849 4845 ejusdem

148 4866 278 4935 loci,
328 4864 386 4921 id
421 4872 508 4921 est
552 4878 745 4935 pravae
785 4864 1105 4921 secundum
1155 4878 1378 4921 errores
1424 4862 1846 4935 amplitudinis,

150 4954 395 5027 agrestis
443 4961 500 5009 et
556 4953 872 5010 inaccurati
904 4952 1234 5024 peccatoris,
1272 4952 1526 5023 perversi
1561 4960 1617 5009 et
1666 4966 1699 5009 a
1730 4952 1851 5008 daa-

152 5043 425 5100 monibus
474 5042 651 5097 amati
697 5040 879 5111 operis
932 5041 1162 5097 dicitur.
1219 5041 1274 5097 Is
1322 5040 1560 5097 atl'ectus
1611 5055 1744 5098 cum
1793 5041 1852 5096 in

154 5131 536 5190 secularibus
578 5130 753 5186 libere
796 5143 897 5199 per
937 5129 1047 5185 ista
1076 5129 1305 5185 difﬂuat
1347 5129 1407 5184 in
1452 5130 1632 5198 Isaac,
1686 5128 1740 5184 id
1768 5136 1853 5185 est

158 5223 214 5279 in
241 5221 444 5279 anima
475 5220 545 5276 de
575 5217 960 5289 supercmlesti
993 5217 1207 5289 gaudio
1242 5216 1536 5288 cogitanti,
1576 5217 1854 5274 rationem

154 5326 282 5369 cum
315 5311 378 5366 in
406 5308 546 5366 talia
583 5321 643 5363 se
684 5305 976 5377 paulisper
1024 5306 1213 5368 ﬂectit,
1262 5305 1517 5376 graviter
1562 5304 1767 5373 irritat,
1800 5312 1857 5362 et

154 5407 460 5459 conantem
504 5398 767 5454 resistere
817 5394 1069 5453 motibus
1116 5393 1449 5461 Rcbeccam,
1508 5392 1569 5449 id
1623 5401 1707 5450 est
1747 5406 1856 5464 pa-

152 5490 414 5547 tientiam
439 5485 721 5542 acerrime
744 5489 938 5541 vexat.

1954 4330 2154 4385 abisset
2183 4332 2242 4385 in
2275 4347 2487 4398 agrum,
2520 4339 2581 4387 ut
2617 4331 2917 4401 jussionem
2952 4334 3134 4401 patris
3182 4334 3451 4401 expleret,
3502 4333 3650 4387 dixit

1952 4420 2116 4473 Jacob
2144 4420 2261 4480 ﬁlio
2308 4434 2425 4474 suo.
2458 4418 2695 4476 Ratione
2726 4419 2907 4491 igitur
2932 4419 3005 4474 ad
3036 4420 3400 4475 mundanum
3426 4419 3651 4475 deﬂexa

1955 4506 2243 4572 affectum.
2300 4507 2575 4577 patientia
2620 4507 2832 4563 scilicet
2876 4508 3149 4570 Rebecca,
3198 4521 3375 4577 quam
3421 4506 3651 4563 amissio

1949 4595 2072 4667 jam
2139 4596 2559 4665 praeteritorum
2636 4603 2887 4652 exterret
2940 4596 3223 4664 laborum,
3293 4595 3649 4666 spiritualem

1957 4690 2186 4740 revocat
2222 4684 2559 4754 appetitum,
2612 4685 2713 4755 qui
2764 4684 2821 4740 in
2876 4692 3165 4741 terrenum
3221 4684 3341 4755 jam
3398 4697 3654 4754 evagans

1958 4780 2269 4842 quaestum,
2318 4774 2644 4843 supplantet
2702 4773 3033 4843 cupiditatis
3090 4773 3319 4828 vitium.
3366 4771 3649 4839 Intellexi,

1959 4860 2167 4931 inquit,
2222 4861 2595 4929 intellectum,
2656 4862 2758 4932 qui
2810 4861 2911 4917 tibi
2955 4860 3302 4931 patrocinari
3351 4859 3649 4926 debuerat,

1958 4963 2093 5006 cum
2123 4948 2526 5006 aliectualitate
2555 4958 2817 5021 agentem
2847 4949 2915 5005 de
2946 4949 3269 5005 carnalium
3317 4949 3654 5005 commercio

1960 5052 2178 5107 rerum,
2224 5038 2323 5095 sed
2372 5046 2538 5095 tuum
2580 5054 2652 5094 ne
2698 5051 2937 5107 respuas
2975 5038 3289 5095 attribuere
3336 5037 3650 5094 caelestium

1961 5127 2081 5197 spei
2135 5127 2480 5183 desiderium
2537 5142 2605 5183 ac
2654 5126 2932 5182 studium.
2990 5126 3182 5195 (Vnus.
3233 5128 3313 5195 '7.)
3369 5128 3532 5193 Perge
3582 5125 3657 5179 ad

1961 5230 2196 5283 gregem,
2229 5216 2366 5283 affer
2408 5215 2546 5270 mihi
2573 5214 2707 5268 duos
2747 5213 2924 5268 haedos
2969 5214 3219 5285 Optimos,
3261 5220 3321 5269 ut
3357 5216 3562 5281 faciam
3589 5228 3657 5267 ea:

1964 5305 2041 5357 eis
2070 5318 2216 5357 escas
2236 5306 2391 5372 patri
2412 5309 2521 5367 tuo,
2554 5304 2752 5372 quibus
2779 5302 3006 5357 libenter
3028 5305 3281 5358 vescitur.
3321 5303 3413 5357 Ad
3444 5317 3658 5371 gregem

1963 5392 2276 5462 pergimus,
2310 5406 2442 5447 cum
2488 5389 2770 5447 virtutum
2817 5389 3225 5460 multiplicitati
3266 5389 3657 5459 intendimus;

1965 5480 2099 5536 duos
2157 5478 2335 5535 haedos
2381 5480 2611 5549 optimos
2669 5479 2982 5547 ollerimus,
3038 5493 3169 5537 cum
3226 5487 3279 5536 et
3329 5486 3543 5543 nostra,
3604 5482 3661 5531 ct
