3902 6054
241 213 349 266 207

1128 209 1195 263 V.
1241 206 1577 263 GUIBERTI
1612 206 1904 263 ABBATIS
1942 209 1997 264 S.
2040 208 2282 267 MARI/E
2322 211 2414 267 DE
2455 206 2861 266 NOVIGENTO

3652 212 3772 265 '208

243 363 445 406 eorum
473 363 620 420 quos
645 361 878 418 peccare
899 345 1142 402 facimus
1161 345 1313 402 mala
1338 344 1669 416 pmnitentia
1697 344 1944 401 nimium
1981 348 2028 402 Α
2055 347 2229 404 Iacob
2283 346 2576 415 videlicet,
2627 344 3055 402 circundamus.
3119 345 3405 401 Hadorum
3472 344 3772 416 pelliculis

245 439 362 495 Deo
418 446 583 510 grata
637 437 924 509 lugemus,
976 434 1295 505 eademque
1361 434 1555 490 debita
1616 433 1943 489 humilitate

244 526 613 597 conﬁtemur;
666 526 862 582 haedus
910 537 1164 594 namque
1226 529 1581 593 peccatorem
1630 521 1939 594 significat.

246 615 444 671 Nescio
493 622 692 671 utrum
740 613 883 668 alias
936 612 995 667 in
1046 611 1152 667 hoc
1193 625 1361 681 opere
1412 609 1680 680 dixerim,
1736 610 1945 667 viderit

246 704 501 774 prudens
526 702 699 758 lector
725 702 1014 757 Isaianum
1046 700 1189 756 illud
1219 714 1253 755 a
1283 699 1527 755 Domino
1556 698 1775 756 dictum
1807 698 1946 755 huic

246 792 368 847 loco
395 790 700 847 convenire
731 805 743 844 :
776 790 837 845 Si
871 790 1099 856 fuerint,
1144 787 1353 858 inquit,
1398 792 1624 857 peccata
1665 792 1848 843 vestra
1884 792 1947 842 ut

247 881 533 946 coccinum,
578 886 633 934 et
683 892 940 946 rursum,
978 882 1040 932 ut
1067 877 1391 931 vermiculus
1452 878 1605 943 (Isai.
1634 892 1673 944 1,
1738 879 1850 946 18);
1892 883 1948 932 et

248 968 403 1038 quod
430 967 529 1022 nix
574 966 645 1022 ad
672 966 988 1034 coccinum,
1017 973 1073 1021 et
1113 965 1185 1021 ad
1216 964 1597 1021 vermiculum
1650 964 1803 1032 lana,
1838 964 1947 1021 sub

247 1056 464 1126 optima
518 1055 723 1111 horum
781 1055 962 1110 duum
1024 1054 1444 1125 signiﬁcatione
1492 1053 1757 1109 refertur.
1808 1053 1948 1109 Inde

250 1143 384 1200 facit
435 1144 686 1199 Rebecca
734 1157 904 1211 escas,
951 1144 1147 1211 quibus
1197 1143 1425 1197 libenter
1465 1148 1632 1211 pater
1687 1146 1942 1209 vescitur,

250 1246 383 1287 cum
432 1231 653 1301 patiens
699 1229 820 1301 jam
863 1230 1247 1285 tentationum
1296 1243 1539 1285 suarum
1586 1243 1660 1285 ex
1708 1229 1951 1285 materia

250 1319 616 1391 paenitentiae,
656 1327 711 1376 et
758 1318 900 1374 alias
934 1318 1174 1374 virtutes
1224 1318 1472 1385 conficit,
1521 1318 1738 1389 quibus
1781 1317 1950 1389 quasi

250 1409 627 1465 condimentis
670 1407 907 1463 rationis
953 1406 1061 1463 sibi
1095 1406 1480 1476 patrocinium
1529 1413 1717 1462 mutat
1748 1412 1803 1462 et
1835 1405 1950 1461 illi-

252 1498 345 1553 cit.
380 1498 577 1567 (Vens.
616 1498 726 1566 10.)
757 1499 900 1566 Quas
929 1511 1048 1550 cum
1089 1497 1361 1563 intuleris,
1412 1494 1622 1565 inquit,
1676 1494 1951 1549 benedicat

252 1586 375 1651 tibi,
408 1590 698 1654 antequam
724 1587 1013 1650 moriatur,
1055 1585 1112 1639 id
1150 1591 1235 1641 est
1264 1598 1396 1640 cum
1443 1582 1592 1639 vires
1633 1597 1707 1639 ex
1736 1583 1951 1639 virtute

254 1674 546 1744 receperit,
576 1680 889 1743 antequam
926 1672 1208 1729 defectum
1255 1671 1585 1743 cujuspiam
1627 1671 1825 1741 lapsus
1855 1686 1951 1728 re-

256 1762 487 1828 incidat,
538 1760 848 1831 praeveniet
913 1768 965 1817 te
1018 1760 1373 1831 acquirendo
1436 1759 1650 1815 divinae
1705 1760 1953 1831 gratiam

255 1849 771 1919 multiplicationis.

324 1937 496 1995 VEns.
546 1940 633 2005 11,
685 1939 768 2004 l2,
813 1938 896 2005 13,
936 1936 1019 1990 14.
1071 1966 1140 1975 -—
1171 1939 1329 1991 Nosti
1372 1937 1521 2006 quod
1572 1937 1731 1991 Esau
1775 1937 1955 2003 frater

253 2041 399 2080 meus
448 2027 599 2080 homo
640 2026 846 2094 pilosus
892 2027 985 2091 sit,
1044 2030 1096 2078 et
1131 2040 1225 2092 ego
1272 2027 1435 2080 lenis:
1476 2026 1538 2082 Si
1587 2027 1957 2080 attrectaverit

248 2120 412 2186 pater
455 2130 623 2179 meus,
673 2119 723 2168 et
769 2117 1012 2181 senserit,
1067 2116 1222 2168 timeo
1266 2130 1332 2168 ne
1375 2118 1531 2184 putet
1568 2113 1676 2169 sibi
1722 2113 1955 2168 voluisse

254 2204 502 2271 illudere,
538 2208 587 2257 et
625 2203 849 2256 inducat
893 2217 1058 2272 super
1084 2219 1165 2256 me
1192 2203 1623 2258 maledictionem
1666 2217 1765 2271 pro
1792 2202 1953 2256 bene-

256 2291 508 2349 dictione.
549 2292 613 2345 In
658 2307 740 2345 me
776 2293 868 2356 sit,
913 2288 1019 2357 ait,
1053 2293 1162 2344 ista
1200 2291 1532 2357 maledictio,
1570 2291 1657 2351 ﬁli
1699 2291 1797 2357 mi,
1829 2294 1951 2345 tan-

258 2386 371 2435 tum
399 2381 535 2434 audi
562 2396 738 2434 vocem
768 2395 940 2433 meam
967 2395 979 2433 :
1031 2381 1218 2447 Perge,
1251 2379 1390 2448 aﬂ’er
1428 2395 1548 2448 qua:
1594 2378 1738 2432 dimi.
1772 2378 1949 2445 Abiit,

254 2476 303 2524 et
333 2471 539 2536 attulit,
589 2469 846 2537 deditque
890 2470 1076 2522 matri.
1131 2471 1300 2534 Esau,
1355 2469 1566 2539 inquit,
1600 2468 1656 2523 id
1707 2477 1791 2526 est
1835 2481 1954 2523 car-

254 2557 402 2612 nalis
422 2556 681 2624 aﬁ‘ectus,
716 2560 795 2612 tot
823 2563 1068 2612 aestuum
1101 2556 1485 2626 corporalium
1530 2557 1665 2613 setis
1717 2573 1851 2615 cum
1882 2557 1954 2613 sit

255 2644 543 2712 horridus,
574 2652 630 2700 et
668 2644 948 2714 hispidus,
981 2644 1083 2714 qui
1142 2649 1282 2698 108
1306 2644 1526 2700 dicitur
1566 2647 1748 2712 frater
1783 2659 1951 2714 meus,

255 2733 395 2803 quia
422 2747 495 2788 ex
520 2731 717 2787 eadem
769 2739 956 2787 mente
985 2746 1207 2799 sumus,
1257 2737 1305 2785 et
1335 2748 1451 2802 ego,
1509 2739 1704 2802 utpote
1741 2731 1954 2787 divina;

257 2820 659 2891 tranquillitati
691 2819 971 2889 innixius,
1020 2819 1364 2875 naturaliter
1412 2822 1545 2875 lenis
1583 2828 1637 2876 et
1669 2820 1948 2890 placidus.

254 2908 311 2964 Si
346 2908 686 2976 intellectus,
728 2921 902 2978 quem
946 2915 1167 2978 patrem
1202 2922 1538 2978 prosequor,
1583 2916 1639 2965 et
1683 2909 1779 2965 cui
1810 2909 1953 2965 bene

254 2997 637 3068 gerendorum
667 3010 809 3053 cura
840 2996 1140 3065 incumbit,
1177 3003 1256 3052 tot
1286 2998 1616 3067 passionum
1647 2999 1951 3054 suborien-

257 3084 400 3141 tium
438 3086 803 3155 asperitatem
842 3085 1222 3155 prmsenserit,
1255 3086 1469 3156 ζητεῖ-θοι·
1520 3100 1592 3141 ne
1620 3085 1871 3142 ludibrio
1897 3092 1954 3142 et

252 3173 470 3229 levitati
534 3172 785 3229 ascribat
838 3180 954 3228 tam
1010 3173 1195 3229 ardua
1246 3173 1492 3231 voluisse
1557 3183 1843 3245 appetere,
1897 3183 1953 3232 et

252 3266 436 3317 totum
483 3261 588 3317 hoc
625 3261 767 3317 mihi
805 3261 994 3331 potius
1039 3262 1113 3317 ad
1161 3262 1498 3318 deteriorem
1543 3271 1747 3335 vergat
1793 3264 1954 3320 defe-

252 3356 430 3417 ctum,
464 3364 640 3421 quam
673 3351 743 3406 ad
779 3350 1033 3421 aliquem
1062 3351 1195 3407 vita:
1224 3351 1563 3421 profectum.
1599 3351 1749 3409 Solet
1799 3353 1954 3409 enim

253 3439 420 3509 coepti
493 3438 625 3494 boni
683 3438 1002 3508 desperatio
1056 3440 1112 3494 in
1174 3439 1427 3496 deterius
1483 3454 1706 3510 semper
1752 3441 1949 3497 relabi.

254 3526 393 3596 Ego,
469 3525 549 3581 ait
610 3525 884 3596 patientia
952 3535 1153 3594 mater,
1205 3526 1638 3595 maledictionis,
1702 3527 1954 3585 defectus

251 3614 463 3671 scilicet
512 3615 708 3686 hujus,
764 3614 809 3669 si
877 3630 1008 3685 quae
1066 3615 1157 3683 sit,
1210 3615 1496 3672 molestias
1540 3616 1953 3687 fastidiumque

253 3704 452 3771 feram,
541 3711 765 3760 tantum
844 3719 1010 3774 perge
1090 3703 1312 3774 pietatis
1405 3705 1661 3761 studium
1738 3718 1949 3776 aggre-

251 3791 477 3859 diendo,
508 3799 563 3848 et
594 3792 732 3861 affer
758 3807 889 3862 quae
939 3792 1247 3862 deliqueris
1283 3792 1623 3860 conﬁtendo,
1652 3793 1780 3866 limo
1808 3808 1951 3848 con-

252 3879 513 3936 fessionis
566 3880 853 3936 oblatione
909 3881 1228 3951 purgando.
1273 3880 1431 3935 Abiit
1477 3880 1826 3950 proﬁciendo
1876 3880 1950 3937 ab

251 3967 381 4023 imis
410 3968 482 4023 ad
512 3981 740 4037 supera,
772 3969 960 4023 attulit
991 3967 1335 4038 poenitentiae
1363 3982 1554 4037 opera,
1601 3983 1733 4039 quae
1765 3968 1951 4024 conﬁ-

251 4055 453 4111 cienda
484 4055 726 4111 aliarum
764 4055 1128 4111 condimento
1169 4056 1454 4111 virtutum
1492 4057 1703 4127 excipit
1746 4065 1947 4126 mater,

252 4158 384 4215 qua;
416 4144 534 4199 haec
564 4143 734 4199 anxie
770 4144 1019 4213 parturit
1045 4143 1340 4214 patientia.

2048 436 2303 493 obvolvit
2334 450 2564 501 manus,
2612 449 2747 491 cum
2790 441 3247 505 perpetratorum
3295 435 3583 491 malorum
3633 448 3769 490 me—

2052 525 2249 581 moriis
2306 525 2570 581 futurum
2626 537 2661 580 a
2715 523 2879 593 lapsu
2934 522 3106 579 simili
3155 523 3343 580 munit
3399 537 3562 593 opus.
3626 524 3775 580 Cotti

2049 615 2203 668 nuda
2252 613 2516 684 protegit,
2566 627 2699 669 cum
2750 612 2909 668 verbi
2963 625 3030 667 ac
3083 611 3446 683 cogitationis
3506 610 3763 682 propriae

2052 701 2361 758 immunita
2382 702 2512 773 jugi
2543 699 2904 768 humilitatis,
2936 706 2993 756 et
3028 699 3241 756 erroris
3287 699 3508 770 pristini
3560 712 3767 755 recor-

2053 790 2280 846 datione
2322 788 2593 846 defendit.
2649 790 2734 844 Ea
2782 801 3039 858 namque
3096 802 3228 858 quae
3282 787 3605 858 cogitamus
3653 800 3760 856 per

2052 879 2263 935 collum
2295 878 2474 935 verba
2503 877 2749 945 edimus,
2784 876 2938 934 unde
2969 884 3024 932 et
3053 890 3155 946 pro
3182 885 3431 946 utroque
3460 875 3752 944 ponimus.

2055 968 2395 1022 Pulmentum
2452 966 2569 1033 dat,
2621 965 2761 1022 dum
2811 972 3060 1021 mentem
3101 964 3174 1019 ab
3225 964 3383 1019 omni
3434 964 3758 1034 sanguinis,

2056 1055 2111 1110 id
2159 1063 2244 1111 est
2302 1054 2514 1125 peccati
2547 1054 2788 1110 humore
2828 1061 3005 1124 atque
3057 1052 3273 1109 duritia
3318 1053 3451 1124 igne
3496 1050 3764 1107 desiderii

2055 1142 2374 1212 spiritualis
2421 1142 2639 1199 emollit
2667 1150 2721 1199 et
2764 1142 2959 1198 siccat.
3004 1140 3438 1212 Consequenter
3496 1147 3759 1211 postmo-

2056 1231 2196 1287 dum
2240 1247 2412 1301 panes
2477 1232 2649 1288 tradit
2702 1246 2833 1302 quos
2881 1234 3120 1296 comerat,
3178 1244 3309 1286 cum
3366 1228 3761 1285 inﬁrmitatem

2056 1320 2450 1377 conversionis
2496 1320 2568 1376 ad
2619 1320 2963 1376 soliditatem
3020 1325 3232 1375 sanctae
3284 1316 3756 1382 conversationis,

2059 1422 2157 1478 per
2182 1409 2477 1487 charitatis
2503 1408 2715 1465 divinae
2746 1408 3008 1465 ardorem
3036 1408 3199 1478 quasi
3242 1406 3511 1475 farinam,
3547 1406 3619 1462 ad
3663 1419 3761 1475 pa-

2057 1497 2150 1552 nis
2180 1496 2576 1554 fortitudinem
2611 1499 2803 1554 animo
2847 1496 3266 1553 observandam
3313 1494 3592 1565 proponit.
3628 1494 3761 1549 Haec

2058 1586 2254 1641 omnia
2286 1586 2561 1656 patientia
2606 1586 2758 1654 facit,
2791 1586 2929 1642 dum
2962 1585 3112 1641 inter
3139 1597 3409 1639 murmur
3438 1581 3760 1638 carnalium

2064 1682 2329 1731 motuum
2359 1675 2548 1731 studio
2580 1674 2872 1746 religionis
2919 1673 3157 1743 insistit;
3189 1671 3277 1728 his
3319 1679 3541 1742 patrem
3592 1671 3760 1727 illatis

2066 1772 2252 1831 vocat,
2290 1763 2379 1820 his
2431 1765 2586 1820 enim
2635 1764 2917 1821 virtutum
2976 1762 3248 1833 operibus
3296 1774 3525 1817 necesse
3569 1764 3653 1816 est
3694 1767 3758 1816 ut

2062 1854 2207 1909 ratio
2256 1859 2489 1923 paterne
2522 1853 2837 1923 provideat.
2875 1851 2999 1918 Quo
3030 1850 3375 1908 obaudiente
3402 1856 3458 1905 et
3487 1846 3753 1904 affectum

2063 1955 2131 1997 ac
2179 1944 2227 1996 si
2286 1941 2345 1996 in
2402 1941 2545 1998 ﬁlios
2600 1940 2949 2012 porrigente,
3001 1940 3138 1997 dicit
3182 1938 3378 2007 Iacob,
3441 1936 3756 2008 spiritualis

2062 2030 2275 2085 scilicet
2321 2031 2656 2100 appetitus:
2716 2029 2911 2099 (Vens.
2958 2027 3074 2099 19.)
3125 2030 3239 2096 Ego
3286 2042 3406 2081 sum
3460 2028 3602 2080 Esau
3634 2028 3755 2096 pri-

2061 2121 2359 2186 mogenitus
2389 2124 2543 2185 tuus;
2575 2120 2684 2186 feci
2725 2120 2867 2173 sicut
2894 2118 3203 2187 praecepisti
3243 2116 3401 2183 mihi,
3457 2114 3514 2170 id
3558 2120 3660 2181 est,
3710 2114 3754 2168 si

2063 2220 2292 2276 quaeras
2340 2221 2515 2276 quem
2547 2221 2637 2262 me
2676 2206 2963 2276 proﬁtear,
3016 2218 3107 2261 me
3149 2201 3524 2259 affectualiter
3568 2209 3623 2258 et
3670 2216 3755 2258 se-

2061 2295 2318 2350 cundum
2359 2294 2612 2364 corporis
2661 2308 2864 2350 sensus
2900 2293 3116 2349 vixisse
3156 2299 3455 2362 protestor,
3490 2305 3622 2361 qua;
3651 2290 3760 2360 pri-

2061 2397 2248 2439 maeva
2289 2382 2537 2439 hominis
2583 2382 2703 2439 vita
2741 2390 2846 2450 est,
2904 2381 3295 2437 carnalitatem
3347 2393 3461 2435 non
3513 2378 3758 2434 difﬁteor

2060 2485 2268 2539 meam,
2297 2470 2381 2527 uti
2431 2478 2481 2527 te
2510 2472 2711 2528 docere
2740 2485 3037 2542 cognosco.
3074 2471 3247 2539 Surge
3275 2483 3412 2540 ergo
3458 2468 3530 2523 ad
3579 2467 3760 2523 defen-

2061 2557 2277 2615 sionem
2335 2557 2739 2615 teneritudinis
2796 2572 2956 2621 meze,
3021 2560 3145 2613 sede
3210 2557 3279 2613 ad
3347 2556 3757 2613 exhibitionem

2062 2647 2420 2703 discretionis
2452 2647 2797 2718 judiciariaa,
2839 2652 2890 2702 et
2935 2646 3001 2700 de
3039 2648 3321 2701 venatione
3366 2661 3485 2699 mea
3528 2645 3755 2710 comede,

2062 2736 2131 2792 de
2192 2734 2523 2791 omuimoda
2583 2735 2797 2791 scilicet
2863 2734 3271 2791 carnalitatum
3327 2732 3759 2802 consumptione

2060 2822 2309 2892 reficere,
2353 2828 2414 2877 ut
2460 2824 2738 2878 benedicat
2796 2824 2935 2878 mihi
2999 2826 3186 2877 anima
3230 2827 3344 2890 tua,
3408 2822 3463 2877 id
3512 2828 3594 2877 est
3638 2821 3758 2876 vita

2060 2919 2161 2968 tua
2217 2920 2595 2982 augmentum
2650 2910 2790 2967 mihi
2838 2909 3134 2980 spirituale
3192 2908 3491 2965 attribuat.
3549 2905 3758 2962 Anima

2064 3002 2228 3072 plane
2258 3016 2360 3071 pro
2393 3001 2509 3057 vita
2542 3003 2674 3071 poni
2713 3002 2871 3070 solet,
2914 3008 2977 3058 ut
3005 3008 3089 3056 est
3123 3015 3135 3054 :
3172 3000 3275 3066 Qui
3317 3003 3469 3054 amat
3518 2999 3756 3052 animam

2060 3105 2236 3156 suam,
2270 3093 2457 3161 perdet
2485 3106 2602 3144 eam
2627 3091 2818 3157 (Joan.
2850 3104 2947 3157 xu,
2996 3088 3104 3159 25).
3137 3088 3328 3145 Vitam
3373 3094 3586 3153 autem,
3618 3085 3751 3141 vitae

2060 3179 2306 3235 dicimus
2331 3178 2684 3248 qualitatem.

2132 3268 2303 3326 Vens.
2337 3270 2426 3321 20.
2467 3298 2537 3306 —
2567 3265 2854 3338 Quomodo,
2890 3265 3081 3336 inquit
3123 3265 3303 3331 Isaac,
3352 3267 3596 3320 invenire
3641 3267 3755 3318 tam

2060 3359 2164 3411 cito
2210 3355 2483 3425 potuisti?
2531 3357 2803 3422 voluntas,
2863 3354 2962 3420 ait,
3029 3354 3133 3408 Dei
3179 3355 3312 3422 fuit,
3351 3358 3413 3407 ut
3460 3355 3564 3407 cito
3620 3353 3756 3406 mihi

2059 3449 2359 3500 occurreret
2389 3443 2535 3512 quod
2561 3444 2820 3498 volebam.
2859 3442 3097 3498 Miratur
3123 3441 3428 3512 aliquoties
3457 3441 3582 3510 ipsa
3606 3441 3754 3496 ratio

2060 3539 2178 3589 tam
2204 3532 2395 3588 subito
2442 3531 2715 3602 spiritum
2754 3545 2827 3588 ex
2867 3538 3027 3587 tanta
3056 3530 3436 3587 obduratione
3465 3528 3573 3585 sibi
3598 3542 3750 3584 com-

2060 3619 2387 3692 punctionis
2421 3620 2668 3687 infundi,
2701 3620 2798 3676 sed
2821 3619 3021 3676 eadem
3052 3632 3155 3689 per
3182 3619 3500 3689 appetitum
3533 3615 3755 3686 pietatis

2061 3716 2243 3765 totum
2293 3708 2466 3764 refert
2521 3707 2595 3763 ad
2646 3709 2888 3778 gratiam
2943 3707 3062 3763 Dei.
3122 3707 3315 3778 (Vens.
3366 3708 3456 3774 21,
3505 3708 3592 3771 22,
3642 3703 3750 3773 23.)

2057 3797 2265 3853 Accede
2314 3797 2440 3863 huc,
2500 3797 2599 3858 ait,
2659 3802 2719 3851 ut
2766 3799 2990 3864 tangam
3038 3800 3105 3858 te,
3163 3795 3247 3863 ﬁli
3291 3796 3384 3860 mi,
3443 3798 3494 3847 et
3535 3792 3753 3862 probem

2058 3890 2242 3940 utrum
2283 3891 2340 3940 tu
2383 3887 2460 3940 sis
2506 3886 2654 3955 filius
2696 3899 2842 3939 meus
2889 3886 3055 3949 Esau,
3093 3899 3166 3938 an
3213 3899 3339 3937 non.
3382 3883 3625 3937 Accessit
3663 3882 3755 3936 ille

2057 3975 2132 4028 ad
2171 3978 2409 4044 patrem,
2456 3978 2506 4028 et
2548 3973 2778 4043 palpata
2834 3988 2891 4027 eo
2934 3972 3084 4027 dixit
3119 3974 3283 4027 Isaac
3318 3988 3331 4025 :
3383 3973 3501 4026 Vua:
3538 3968 3753 4039 quidem

2056 4078 2163 4117 vos:
2198 4062 2361 4117 Jacob
2395 4067 2494 4131 est,
2538 4061 2633 4117 sed
2672 4077 2862 4117 manus
2909 4076 3102 4116 manus
3145 4065 3272 4115 sunt
3311 4063 3480 4116 Esau.
3524 4060 3603 4113 Et
3645 4073 3753 4112 non

2057 4153 2303 4218 cognovit
2349 4166 2487 4219 eum,
2538 4152 2670 4219 quia
2705 4152 2896 4220 pilosas
2933 4165 3126 4205 manus
3171 4148 3586 4204 similitudinem
3630 4148 3753 4214 fra-

324 4232 493 4289 Vnns.
534 4235 617 4297 15,
653 4235 736 4299 16,
778 4234 855 4287 17.
895 4263 964 4271 -
991 4234 1233 4292 ‘Paravit
1270 4232 1369 4287 illa
1407 4232 1570 4295 cibos
1614 4234 1755 4288 sicut
1783 4248 1948 4288 nove-
1989 4244 2031 4299 ι)
2058 4243 2161 4295 tris
2204 4238 2435 4310 majoris
2482 4244 2881 4309 expresserant.
2931 4239 3139 4310 Tangit
3180 4238 3343 4293 Isaac
3393 4237 3754 4293 accedentem

248 4326 341 4376 rat
368 4322 501 4375 velle
540 4326 755 4390 patrem
804 4322 974 4375 illius.
1026 4323 1097 4375 Et
1129 4322 1364 4375 vestibus
1393 4324 1542 4376 Esau
1584 4322 1744 4376 valde
1773 4322 1949 4392 bonis,

251 4424 387 4480 quas
436 4411 587 4479 apud
638 4424 693 4464 se
736 4408 967 4464 habebat
1008 4410 1178 4480 domi,
1214 4409 1398 4464 induit
1446 4425 1584 4477 eum,
1631 4409 1950 4480 pelliculas-

248 4514 352 4568 que
410 4498 695 4553 haedorum
753 4498 1107 4553 circumdedit
1170 4498 1439 4565 manibus,
1511 4503 1562 4553 et
1618 4500 1742 4554 colli
1801 4498 1951 4553 nuda

244 4589 518 4656 pratearit.
578 4587 735 4641 Dedit
786 4588 1142 4657 pulmentum,
1212 4591 1263 4641 et
1312 4602 1484 4657 panes
1535 4602 1668 4657 quos
1730 4592 1950 4643 comerat

248 4676 504 4730 tradidit.
551 4675 805 4732 Rebecca
852 4676 996 4730 cibos
1044 4676 1114 4731 ad
1172 4675 1354 4746 patris
1399 4674 1535 4731 velle
1577 4684 1761 4747 parat,
1813 4691 1947 4732 cum

251 4762 520 4834 patientia
548 4764 871 4820 secundum
916 4765 1070 4836 quod
1104 4764 1177 4820 ab
1210 4762 1499 4821 intellectu
1530 4765 1638 4820 sibi
1669 4772 1755 4821 est
1800 4764 1946 4821 insi-

247 4858 369 4909 tum
419 4867 516 4923 per
542 4852 899 4923 passionum
956 4853 1316 4910 tolerantiam
1358 4853 1644 4909 virtutum
1686 4853 1948 4909 refectio-

246 4955 347 4996 nes
400 4942 708 5012 componit,
766 4949 821 4998 et
878 4941 1138 5013 ordinat;
1200 4941 1362 4998 nulla
1410 4949 1495 4998 est
1538 4941 1693 4998 enim
1738 4942 1942 5011 virtus,

246 5043 423 5099 quam
469 5030 852 5087 tentationum
898 5030 1201 5087 tolerantia
1246 5045 1359 5087 non
1402 5030 1784 5086 commendat.
1833 5030 1946 5088 Ve-

245 5122 357 5172 stes
409 5117 562 5174 Esau
616 5118 782 5175 valde
833 5119 1013 5175 bonas
1059 5133 1231 5189 penes
1278 5133 1381 5174 nos
1435 5118 1717 5174 habemus
1775 5118 1942 5186 domi,

243 5220 377 5261 cum
404 5215 744 5263 ornamenta
772 5207 849 5277 pii
883 5209 1174 5278 appetitus
1203 5207 1368 5263 nobis
1404 5206 1746 5263 naturaliter
1778 5207 1944 5278 quasi

244 5294 448 5351 mentis
493 5294 691 5351 domui
738 5295 925 5362 insita,
979 5296 1102 5352 sine
1146 5310 1265 5367 quo
1311 5295 1463 5351 bona
1511 5309 1761 5366 quaeque
1809 5302 1946 5351 sunt

238 5381 402 5439 nulla
454 5392 885 5450 conservamus,
943 5391 997 5440 et
1057 5391 1295 5439 vacante
1352 5381 1528 5438 totius
1586 5381 1945 5438 carnalitatis

239 5472 591 5544 exclusoque
623 5471 852 5541 affectu,
884 5472 972 5528 his
1002 5473 1122 5529 vitii
1147 5472 1633 5543 supplantatorem
1656 5471 1940 5539 animum,

2058 4328 2255 4396 Jacob,
2288 4335 2353 4384 ut
2383 4328 2600 4397 probet,
2633 4329 2679 4383 si
2730 4327 2883 4383 ﬁlius
2912 4327 3040 4398 ejus
3077 4327 3233 4382 Esau
3262 4332 3365 4394 est,
3396 4338 3530 4381 cum
3560 4323 3755 4380 anima

2052 4420 2173 4489 jam
2220 4416 2543 4473 cmlestibus
2584 4416 2811 4487 gaudiis
2863 4414 3113 4483 inhians,
3159 4413 3591 4470 convenientem
3631 4414 3752 4484 jam

2057 4505 2164 4562 sibi
2208 4505 2361 4576 piam
2414 4504 2769 4561 affectionem
2818 4510 2968 4561 certo
3011 4503 3262 4575 experiri
3307 4502 3533 4569 nititur,
3580 4515 3654 4557 an
3683 4502 3756 4557 de

2057 4589 2432 4656 carnalitatis,
2499 4589 2595 4645 cui
2650 4589 2783 4644 olim
2836 4587 3084 4656 vacavit,
3152 4587 3382 4654 affectu,
3451 4586 3605 4657 quod
3669 4593 3755 4642 est

2058 4679 2235 4744 Esau,
2281 4691 2414 4733 vere
2446 4677 2735 4746 pmniteat,
2767 4675 2825 4732 id
2853 4683 2937 4732 est
2979 4675 3025 4732 si
3072 4689 3131 4731 se
3161 4676 3316 4730 Esau
3361 4681 3749 4744 recognoscat.

2056 4766 2265 4821 Tactus
2310 4764 2463 4820 enim
2516 4763 2645 4819 ﬁnis
2702 4778 2825 4820 esse
2873 4763 3229 4835 dignoscitur
3274 4760 3548 4827 notionis;
3607 4760 3755 4817 sicut

2056 4862 2249 4910 autem
2277 4867 2350 4909 ex
2378 4860 2539 4922 patre
2588 4852 2760 4919 filius,
2794 4852 2875 4908 sic
2917 4866 2987 4907 ex
3029 4850 3245 4907 ratione
3275 4850 3364 4906 vel
3415 4849 3755 4905 humanitus

2056 4957 2156 4999 seu
2187 4941 2465 4997 divinitus
2497 4940 2790 5011 inspirata,
2824 4940 2953 5010 pius
2977 4939 3350 5005 occasionem,
3384 4944 3448 4994 ut
3478 4938 3555 4993 ita
3584 4950 3756 5007 aper-

2056 5030 2188 5098 tius,
2223 5029 2397 5100 juxta
2435 5029 2832 5101 Augustinum
2882 5028 3092 5094 dicam,
3136 5025 3356 5083 essendi
3402 5024 3626 5095 accipit,
3658 5024 3753 5080 vel

2056 5117 2371 5174 mundialis
2399 5116 2658 5184 affectus,
2692 5116 2854 5173 verbi
2885 5116 3089 5188 gratia,
3124 5123 3190 5172 ut
3213 5129 3286 5171 ex
3317 5114 3531 5171 virtute
3560 5112 3754 5169 inanis

2055 5206 2258 5277 gloria,
2291 5205 2384 5262 vel
2413 5206 2615 5263 vitium
2640 5205 2967 5262 securitatis
3009 5218 3076 5261 ac
3105 5204 3153 5260 si
3190 5218 3264 5259 ex
3294 5216 3511 5259 manna
3539 5202 3754 5258 vermis

2053 5293 2333 5351 exoritur.
2405 5295 2556 5352 Vera
2624 5295 2802 5366 igitur
2875 5291 3331 5364 supplantatoris
3398 5289 3753 5348 confessione

2053 5383 2316 5453 probata,
2373 5386 2581 5439 'vocem
2639 5383 2873 5454 quidem
2930 5382 3102 5438 Jacob
3163 5381 3383 5448 asserit,
3442 5379 3540 5436 sed
3592 5379 3752 5438 Esau

2054 5485 2281 5539 manus,
2314 5471 2455 5541 quia
2490 5471 2596 5528 etsi
2637 5484 2807 5541 opera
2844 5470 3197 5528 carnalitatis
3242 5469 3499 5539 antiquae
3555 5467 3748 5524 horret
