3904 6066
123 219 228 271 209

1372 217 1734 276 MORALIUM
1776 220 1841 273 IN
1883 213 2188 276 GENESIN
2230 219 2360 275 LIB.
2403 219 2546 275 VIII.

3533 228 3639 278 210

119 362 189 403 ac
241 348 548 418 improbat,
610 361 807 402 vocem
867 353 1054 402 tamen
1112 347 1462 416 pmnitentis,
1521 348 1654 425 imo.
1685 349 1828 420 justi
1866 352 1913 404 A
1941 349 2241 420 plinariter
2262 349 2628 417 conscientia,
2649 349 3050 420 virtutumque
3081 350 3349 422 frugibus
3380 352 3639 410 feraciter

120 440 275 494 inter
312 436 809 507 supplantandum
844 435 983 491 vitia
1015 450 1072 491 se
1105 437 1162 490 in
1187 436 1466 506 principio
1507 439 1832 494 accusantis

122 526 348 583 laudat.
403 527 468 581 In
515 531 804 596 quantum
851 539 988 595 ergo
1020 524 1331 580 carnaliter
1370 525 1535 592 vixit,
1561 527 1679 596 jam
1712 541 1828 582 non

125 614 520 687 cognoscitur,
564 614 617 668 id
646 621 729 668 est
757 627 871 668 non
902 613 1276 682 approbatur,
1332 617 1466 682 quia
1499 616 1690 683 pilosx
1719 632 1831 669 ma-

123 720 248 768 nus,
296 703 352 758 id
401 711 483 758 est
513 701 881 758 horridorum
912 715 1154 770 operum
1204 700 1641 773 imaginationes
1691 702 1826 760 alie-

123 800 287 848 ctum
320 791 428 847 sibi
463 790 815 847 mundialem
843 789 977 845 velit
1009 790 1149 845 nolit
1179 789 1511 859 important.
1557 792 1826 862 Majorem

123 889 324 937 autem
359 894 493 936 eum
522 879 654 946 dici,
695 893 794 948 pro
821 893 888 934 eo
919 879 1073 949 quod
1105 879 1164 933 in
1196 879 1426 935 homine
1464 880 1647 949 prima
1677 881 1829 952 viget

123 969 482 1036 animalitas,
508 967 776 1039 intellige.

198 1058 374 1114 VERS.
407 1058 496 1110 24.
523 1087 590 1096 -
625 1059 704 1110 Tu
729 1073 804 1122 es,
839 1055 1047 1126 inquit,
1073 1057 1229 1125 ﬁlius
1255 1072 1402 1111 meus
1439 1058 1592 1111 Esau
1615 1060 1641 1110 ?
1671 1056 1824 1113 Con—

124 1147 308 1202 fiteris
335 1145 626 1202 bestialem
677 1145 735 1199 in
791 1144 984 1200 animo
1043 1159 1167 1201 meo
1214 1152 1265 1200 te
1317 1147 1640 1202 exercuisse
1695 1146 1826 1201 alie-

122 1244 305 1291 ctum.
359 1235 664 1302 Conﬁteor,
722 1233 942 1304 inquit;
987 1242 1045 1290 at
1090 1234 1218 1290 ille:
1261 1234 1456 1304 (Vens.
1515 1236 1632 1304 25.)
1669 1236 1816 1304 Offer

124 1325 246 1396 [al.,
273 1324 432 1394 affer]
471 1324 608 1376 mihi
633 1323 698 1377 de
734 1325 1018 1377 venatione
1058 1328 1152 1377 tua
1181 1324 1345 1389 cibos,
1373 1325 1462 1391 ﬁli
1497 1327 1592 1391 mi,
1630 1324 1683 1378 id
1715 1331 1819 1390 est,

119 1414 168 1468 si
196 1428 337 1484 ergo
381 1421 429 1468 te
457 1411 836 1468 afl‘ectualiter
883 1425 1103 1466 errasse
1133 1411 1346 1478 fateris,
1382 1419 1551 1482 teque
1594 1412 1824 1481 pmnitet

127 1507 274 1557 109
322 1500 572 1556 carnalis
619 1507 877 1571 quaestus
923 1499 1292 1567 desiderium,
1343 1501 1497 1570 quod
1538 1501 1598 1555 in
1644 1500 1818 1566 cibos,

119 1591 175 1645 in
204 1590 443 1646 virtutis
487 1589 687 1660 utique
733 1589 1101 1644 condimenta
1152 1589 1394 1657 vertisti,
1450 1590 1522 1644 ad
1571 1604 1661 1644 me
1702 1577 1823 1644 reli-

1942 438 2255 508 adimpleta
2303 439 2525 494 caeleste
2581 438 2861 508 quiddam
2903 438 3136 506 redolet,
3171 438 3247 495 ita
3275 437 3392 508 ipso
3422 440 3636 509 appeti-

1939 534 2031 583 tus
2057 527 2252 582 eodem
2273 541 2473 596 sapore
2500 542 2633 582 mox
2657 527 2912 582 imbutus
2933 527 3013 582 nil
3034 527 3192 582 aliud
3207 527 3442 598 fragrat,
3460 543 3635 598 quam

1940 617 2093 686 quod
2126 630 2286 672 mens
2319 616 2440 685 ipsa
2472 616 2711 671 renidet.
2769 616 2921 671 Deus
2959 629 3093 672 vero
3126 616 3174 671 ei
3209 616 3509 684 benedicit,
3542 617 3636 673 cui

1941 705 2258 774 profectum
2289 704 2528 760 inducit.

2010 795 2176 849 Vens.
2210 795 2300 847 28.
2352 825 2420 832 ——
2448 794 2553 847 Det
2587 792 2688 847 tibi
2735 796 2872 847 Deus
2925 793 2991 847 de
3037 808 3157 847 rore
3186 794 3320 861 caeli,
3374 794 3636 851 ubertate
3704 830 3711 836 -

1937 881 2199 937 videlicet
2249 881 2554 952 spirituali,
2614 887 2665 936 et
2713 882 2778 935 de
2805 882 3139 952 pinguedine
3175 887 3350 948 terrae,
3394 882 3634 938 allectus

1936 970 2142 1040 utique
2186 985 2317 1040 quae
2363 970 2595 1026 inferior
2628 969 2705 1026 tui
2758 985 2890 1040 pars
2945 977 3046 1038 est,
3108 971 3178 1026 ad
3226 971 3632 1041 excipiendum

1935 1059 2058 1114 coeli
2146 1073 2333 1114 rorem
2423 1058 2771 1125 fortitudine,
2859 1060 3275 1115 abundantiam
3357 1061 3629 1116 frumenti

1933 1148 2204 1215 scientiae,
2257 1147 2375 1203 vini
2424 1148 2735 1216 sapientiae,
2791 1148 2845 1202 id
2894 1157 2977 1203 est
3025 1148 3365 1219 cognitionis
3397 1149 3628 1217 divinae,

1933 1251 2064 1306 quae
2124 1236 2275 1290 mala.
2325 1251 2429 1291 nos
2481 1235 2734 1290 oblivisci
2787 1236 2918 1292 facit
2979 1237 3157 1308 hujus
3203 1237 3353 1304 vitae,
3415 1246 3470 1293 et
3501 1237 3628 1304 olei,

1932 1324 2228 1380 cbaritatis
2262 1325 2551 1392 fraternae,
2601 1339 2730 1394 quae
2783 1340 2853 1380 ne
2899 1324 3166 1380 inflemur
3197 1326 3352 1394 ponit
3396 1326 3628 1380 modum

1932 1413 2201 1481 scientiae,
2268 1413 2348 1468 illi
2397 1413 2608 1468 scilicet
2649 1423 2967 1468 consecutis
3025 1413 3339 1482 disciplinis
3387 1414 3629 1469 forensi-

1931 1502 2042 1558 bus
2091 1502 2426 1572 prudentiae.
2483 1501 2682 1570 (Vsns.
2714 1501 2826 1572 29.)
2863 1503 3112 1557 Serviunt
3137 1503 3329 1570 populi
3360 1500 3628 1557 vitiorum

1932 1597 2045 1646 tuas
2102 1591 2377 1656 victoriae,
2426 1593 2497 1646 Et
2541 1591 2785 1654 adorent,
2837 1591 2892 1645 id
2940 1597 3022 1645 est
3063 1589 3170 1659 pie,
3223 1590 3483 1645 exterius
3511 1591 3630 1644 sol-

115 1679 390 1734 ciendum
414 1651 607 1746 foil'er:
631 1680 774 1743 Quos
822 1677 1028 1731 oblatos
1077 1692 1204 1733 cum
1239 1651 1569 1746 comedisset,
1629 1679 1824 1732 obtulit
1862 1651 1902 1704 Β
1933 1680 2150 1735 licitent
2180 1680 2252 1734 ad
2310 1651 2625 1734 divinitatis
2665 1651 2918 1734 amorem
2949 1651 3273 1747 spirituales
3325 1678 3453 1745 illae,
3499 1693 3629 1748 quae

114 1770 167 1822 ei
194 1772 364 1821 etiam
393 1768 600 1821 vinum.
635 1767 852 1822 Oblatos
882 1766 1147 1832 comedit,
1185 1780 1318 1821 cum
1367 1766 1653 1836 quidquid
1693 1781 1822 1822 car-

118 1855 380 1911 nalitatis
420 1855 526 1911 sibi
593 1854 795 1921 inerat,
856 1854 914 1908 in
958 1868 1129 1910 usum
1193 1853 1425 1910 virtutis
1473 1855 1664 1911 vertit.
1718 1856 1822 1911 Dat

115 1943 290 1999 etiam
323 1946 532 2008 vin-um,
575 1957 707 1998 cum
741 1943 863 1998 haec
893 1943 1088 1998 omnia
1134 1945 1442 2013 componit,
1495 1951 1549 1999 et
1591 1945 1822 1999 ordinat

121 2047 221 2102 per
276 2031 598 2101 spiritualis
655 2032 853 2101 gratiae
909 2032 1156 2100 donum;
1212 2032 1320 2088 hoc
1367 2033 1522 2088 enim
1574 2032 1822 2088 laetiﬁcat

1931 1781 1966 1822 a
2001 1768 2253 1824 trinitate
2279 1781 2385 1823 sua
2415 1768 2694 1823 dicuntur
2741 1766 2945 1831 tribus,
2985 1765 3123 1821 fides
3177 1766 3443 1835 profecto,
3501 1780 3630 1836 spes

1931 1864 1985 1912 et
2038 1856 2306 1912 charitas.
2344 1855 2598 1910 Adorare
2635 1862 2850 1921 autem,
2892 1855 3065 1925 juxta
3122 1870 3278 1908 orare
3331 1853 3622 1909 dicimus:

1930 1945 2005 1999 ad
2035 1943 2186 2000 enim
2239 1944 2296 1998 in
2345 1943 2672 2013 compositis
2722 1945 3191 2012 propinquitatem
3232 1956 3436 1997 sonare
3464 1943 3621 1998 solet.

1928 2033 2020 2088 Nil
2079 2046 2216 2088 vero
2269 2032 2471 2102 magis,
2520 2033 2710 2100 juxta,
2763 2045 2940 2102 quam
3017 2031 3172 2101 quod
3227 2032 3401 2086 menti
3452 2030 3624 2100 inest;

119 2136 235 2176 non
269 2120 438 2176 modo
473 2119 747 2185 homines,
781 2128 846 2175 ut
897 2120 1109 2190 legitur
1134 2121 1304 2191 (Psal.
1336 2135 1451 2187 ειη,
1488 2121 1597 2189 15),
1633 2121 1728 2175 sed
1768 2129 1822 2176 et
1921 2121 2094 2190 juxta
2145 2133 2282 2190 ergo
2336 2127 2520 2185 orant,
2577 2134 2708 2174 cum
2766 2126 3014 2174 mentem
3073 2119 3443 2174 submonent.
3496 2122 3624 2173 Esto

121 2208 316 2278 ipsum
372 2209 576 2263 Deum.
638 2208 828 2278 (Vens.
886 2209 996 2277 26.)
1062 2211 1174 2278 Quo
1237 2210 1430 2263 hausto
1479 2209 1705 2274 accedit,
1772 2214 1823 2262 et

119 2298 400 2352 osculatur
426 2313 566 2364 eum,
610 2297 750 2367 quia
792 2301 982 2352 mente
1029 2311 1129 2366 per
1190 2296 1453 2365 spiritum
1494 2297 1818 2363 fecundata,

116 2385 293 2440 Iacob
344 2400 577 2442 accessu
628 2385 1007 2456 cogitationis,
1057 2385 1196 2440 dum
1258 2399 1391 2440 vere
1458 2385 1817 2441 horrentium

116 2487 359 2543 operum
393 2474 648 2544 pcenitet,
685 2473 755 2528 ad
801 2475 962 2528 Isaac
1003 2473 1289 2540 osculum,
1326 2474 1395 2528 ad
1443 2473 1678 2543 superni
1719 2473 1822 2529 sci-

116 2563 246 2618 licet
275 2563 473 2634 gaudii
519 2569 754 2630 gustum
811 2561 1060 2632 attingit.
1104 2561 1303 2633 (Vsus.
1358 2563 1474 2631 27.)
1515 2563 1820 2632 Statimque

110 2655 171 2704 ut
200 2654 370 2705 sensit
409 2653 849 2705 vestimentorum
892 2651 1010 2718 ejus
1061 2651 1460 2718 fragrantiam,
1506 2650 1818 2705 benedicens

111 2742 194 2792 ait
223 2759 241 2794 :
270 2742 401 2794 Ecce
429 2740 564 2794 odor
590 2740 696 2807 ﬁlii
719 2742 823 2792 mei
850 2741 992 2793 sicut
1019 2740 1152 2793 odor
1181 2742 1306 2807 agri
1335 2740 1500 2808 pleni,
1555 2741 1645 2792 cui
1674 2738 1820 2793 bene-

111 2827 262 2880 dixit
320 2826 606 2881 Dominus.
671 2829 1120 2882 Vestimentorum
1177 2827 1497 2898 fragrantia
1552 2827 1815 2895 sentitur,

1929 2209 2198 2273 dominus,
2258 2210 2500 2275 fratrum
2546 2212 2758 2261 tuorum
2803 2221 3003 2263 eorum
3059 2206 3341 2273 videlicet,
3393 2206 3498 2276 qui
3545 2221 3618 2261 ex

1927 2296 2125 2351 eadem
2183 2303 2371 2351 mente
2423 2304 2776 2366 generantur
2813 2303 3116 2351 motuum:
3159 2297 3230 2350 Et
3272 2297 3624 2348 incurventur

1928 2389 2052 2438 ante
2087 2389 2134 2439 te
2155 2387 2261 2454 ﬁlii
2288 2385 2486 2440 matris
2509 2391 2631 2448 tuae,
2657 2384 2822 2440 fortia
2853 2385 3054 2453 utique
3093 2397 3266 2452 opera
3313 2390 3434 2449 tua,
3491 2398 3621 2452 qua;

1928 2487 2000 2529 ex
2031 2473 2308 2529 charitate
2339 2489 2469 2543 quae
2519 2481 2569 2528 te
2615 2473 2726 2527 Deo
2784 2472 3015 2542 peperit,
3048 2479 3184 2526 sunt
3234 2471 3404 2538 edita,
3439 2471 3628 2526 humi-

1878 2597 1882 2601 η
1929 2561 2142 2618 lientur
2197 2561 2254 2616 in
2301 2562 2755 2618 consideratione
2806 2568 2926 2616 tua.
2979 2562 3087 2626 Qui
3113 2560 3460 2614 maledixerit
3502 2560 3620 2627 tibi,

1927 2652 2000 2705 sit
2031 2650 2370 2718 maledictus,
2416 2665 2784 2720 quaecunque
2838 2649 2896 2703 in
2927 2649 3213 2704 defectum
3263 2655 3426 2703 tuum
3467 2647 3624 2702 mili—

1928 2747 2072 2806 tant,
2103 2740 2162 2794 in
2225 2747 2276 2795 te
2325 2738 2608 2806 deﬁcient,
2659 2738 2874 2794 scilicet
2903 2737 3046 2792 vitia
3079 2751 3092 2790 :
3125 2738 3206 2790 Et
3265 2739 3360 2804 qui
3403 2736 3622 2789 benedi-

1927 2831 2076 2883 a'erit
2123 2829 2243 2895 tibi,
2297 2828 2754 2882 benedictionibus
2816 2827 3111 2895 repleatur.
3171 2824 3307 2890 Quae
3374 2824 3622 2893 profecto

113 2930 249 2970 cum
287 2915 470 2970 tidelis
501 2914 698 2970 anima
748 2915 805 2970 in
850 2916 1110 2985 appetitu
1148 2931 1254 2971 suo
1300 2915 1523 2985 piorum
1581 2923 1818 2971 actuum
1858 2951 1896 3004 Ο
1929 2918 2202 2986 profectui
2236 2924 2334 2972 tuo
2389 2917 2617 2983 adsunt,
2677 2929 2899 2984 semper
2957 2920 3289 2984 augescant,
3342 2911 3498 2967 haud
3529 2911 3625 2966 du-

111 3012 447 3073 apparatus,
501 3011 556 3059 et
643 3003 820 3073 ipsius
888 3005 1069 3060 sancti
1129 3004 1396 3073 propositi
1456 3003 1817 3059 dulcedinem

110 3092 488 3161 prmscientiae
543 3105 682 3146 nare
725 3091 1044 3161 experitur,
1085 3099 1140 3147 et
1173 3092 1503 3159 benedicens,
1563 3106 1629 3147 ea
1659 3091 1818 3147 scili-

109 3188 198 3235 cet
247 3180 407 3234 omni
457 3179 768 3250 sagacitate
800 3179 1210 3249 multiplicans,
1242 3182 1380 3234 sicut
1411 3180 1639 3235 odorem
1693 3182 1819 3247 agri

105 3269 263 3339 pleni
298 3268 530 3324 odorem
571 3270 678 3337 ﬁlii
713 3268 986 3338 perhibet,
1022 3268 1162 3339 quia
1200 3269 1347 3324 sicut
1375 3268 1607 3324 exculta
1637 3268 1814 3324 disci-

1930 3006 2111 3072 bium,
2148 3005 2290 3075 quin
2320 3005 2605 3060 virtutum
2641 3004 2853 3059 studia.
2894 3002 2993 3058 His
3023 3002 3100 3057 ita
3132 3001 3348 3070 Spiritu
3397 3006 3621 3055 sancto-

1926 3100 2296 3163 prosperante
2345 3092 2621 3160 tractatis,
2672 3091 2907 3161 septimo
2953 3104 3127 3160 super
3154 3088 3414 3145 Genesim
3465 3086 3622 3156 operi

1926 3188 2122 3237 nostro
2152 3181 2279 3236 ﬁnis
2308 3181 2557 3236 accedat.

1399 3413 1703 3456 EXPLICIT
1749 3413 1944 3455 LIBER
1985 3411 2342 3456 SEPTIMUS.

1268 3689 1623 3763 INCIPIT
1679 3690 1962 3762 LIBER
2019 3688 2457 3762 OCTAVUS

883 3881 1738 3988 MORALIUM
1846 3884 2008 3986 IN
2127 3882 2845 3986 GENESIM.

183 4249 276 4304 Ex
364 4246 617 4303 Danielis
692 4245 838 4302 libro
912 4246 1296 4316 comperimus
1369 4246 1815 4315 pertransituros

115 4336 398 4406 plurimos
482 4342 537 4391 et
619 4334 992 4404 multiplicem
1083 4334 1200 4389 fore
1273 4334 1570 4390 scientiam
1647 4335 1809 4402 (Dan.

111 4440 210 4492 xu,
273 4426 351 4493 4).
408 4423 593 4490 Quam
653 4422 1129 4492 multiplicitatem
1179 4422 1431 4478 scientias
1483 4423 1814 4479 nullomodo

1924 4245 2296 4316 supplantata
2325 4245 2603 4313 videlicet,
2643 4259 2709 4300 ac
2739 4258 2939 4300 eversa
2987 4244 3249 4300 saaculari
3282 4245 3516 4302 libidine
3546 4246 3617 4302 ad

1924 4343 2180 4404 apertam
2206 4341 2539 4390 sanctorum
2571 4347 2807 4402 operum
2848 4332 3280 4400 exhibitionem,
3320 4335 3388 4388 de
3416 4333 3618 4390 intimo

1923 4423 2198 4492 propositi
2239 4422 2576 4492 procedente
2625 4421 2717 4490 pio
2749 4419 2978 4486 affectu,
3008 4423 3152 4475 venit
3198 4423 3365 4489 Esau,
3406 4435 3618 4477 carna-

113 4514 283 4569 nobis
311 4513 681 4578 ascribentes,
713 4511 810 4566 sed
842 4511 910 4566 de
941 4511 1276 4582 fragmentis
1308 4511 1622 4566 Dominicis
1668 4525 1812 4581 qua-
1855 4513 1898 4567 D
1926 4512 1994 4568 lis
2023 4511 2236 4568 scilicet
2275 4511 2564 4575 voluntas,
2593 4524 2723 4579 qua;
2755 4509 2892 4565 dum
2924 4509 3105 4565 ﬁdelis
3152 4510 3350 4565 anima
3408 4511 3616 4566 bonam

110 4603 421 4671 liscunque
487 4600 718 4670 cophini
789 4599 967 4656 nostri
1045 4599 1429 4655 modicitatem
1491 4599 1809 4669 implentes,

115 4705 229 4746 non
266 4689 550 4762 gravibus
596 4688 864 4759 ingeniis,
899 4689 995 4744 sed
1031 4687 1309 4758 mquaavis
1361 4695 1416 4743 et
1447 4688 1816 4758 comparibus

112 4785 492 4849 apponentes,
527 4792 628 4846 per
666 4776 880 4832 medios
921 4775 1348 4847 indignantium
1399 4791 1611 4833 cuneos
1636 4785 1820 4847 coepta

111 4867 543 4938 prosequimur.

523 4952 878 5020 SEQUITUR
917 4951 1148 5008 CAPUT
1186 4952 1413 5009 XXVII.

179 5045 358 5102 VERS.
401 5043 490 5110 30,
526 5044 614 5096 3t.
661 5071 734 5082 —
793 5042 897 5094 Vix
949 5041 1105 5094 Isaac
1145 5055 1436 5094 sermonem
1477 5040 1816 5108 impleverat,

114 5140 180 5198 et,
212 5147 430 5201 egresso
451 5130 615 5185 Iacob
649 5131 823 5196 foras,
864 5131 1010 5183 venit
1048 5129 1222 5182 Esau.
1277 5130 1565 5197 Coctosque
1612 5129 1678 5183 de
1723 5145 1819 5183 ve-

115 5225 332 5276 natione
383 5220 531 5275 cibos
589 5219 778 5272 intulit
816 5220 989 5287 patri,
1034 5217 1248 5272 dicens:
1310 5219 1499 5285 Surge,
1534 5223 1693 5288 pater
1720 5221 1816 5285 mi,

113 5317 160 5364 et
203 5310 442 5376 comede,
481 5315 588 5363 etc.
639 5309 750 5362 Vix
799 5309 952 5361 Isaac
1000 5321 1291 5360 sermonem
1330 5307 1670 5375 impleverat,
1717 5307 1818 5363 vix

119 5399 318 5467 utique
347 5409 418 5451 ea
452 5409 585 5464 qum
619 5407 750 5448 cum
784 5393 874 5462 pio
917 5392 1183 5461 superius
1235 5393 1558 5463 agebantur
1587 5393 1816 5459 affectu,

117 5485 343 5542 effectui
391 5483 676 5540 mandare
716 5488 990 5553 ceperat,
1062 5486 1112 5536 et
1166 5497 1375 5550 egresso
1422 5480 1589 5536 Jacob
1641 5485 1815 5551 foras,

1922 4601 2030 4656 sibi
2059 4600 2298 4656 collocat
2327 4599 2680 4654 voluntatem
2712 4598 2968 4654 exterius
2997 4599 3069 4653 ad
3122 4599 3378 4654 carnalia
3439 4613 3620 4669 appe-

1926 4689 2098 4744 tenda
2127 4688 2386 4753 latenter,
2434 4687 2569 4742 dum
2614 4685 2693 4740 illi
2746 4685 3070 4756 spiritualia
3124 4693 3390 4753 tractant,
3438 4701 3620 4742 vena—

1928 4778 2120 4845 batur,
2154 4777 2306 4833 victa
2337 4775 2411 4845 pii
2466 4774 2731 4830 desiderii
2763 4774 3061 4831 devotione
3102 4774 3160 4829 in
3201 4775 3460 4830 eamdem
3497 4789 3622 4831 sen-

1931 4866 2167 4922 tentiam
2222 4864 2510 4932 convenit,
2562 4871 2618 4918 et
2677 4878 2808 4934 quae
2859 4864 3169 4919 carnaliter
3252 4863 3617 4934 quaesiverat,

1930 4955 2164 5025 spiritus
2194 4952 2415 5009 fervore
2465 4952 2752 5022 excoquit,
2803 4960 2858 5007 et
2890 4951 2946 5006 in
2975 4951 3332 5022 spiritualem
3391 4952 3622 5008 redacta

1929 5042 2369 5100 teneritudinem
2431 5047 2576 5096 no
2622 5041 2815 5095 animo
2858 5041 3142 5110 justitiam
3165 5040 3439 5096 esurienti
3475 5039 3623 5108 obji-

1929 5130 2024 5185 cit.
2055 5129 2192 5196 Quze
2244 5137 2574 5200 sequuntur
2619 5127 2887 5198 superius
2915 5136 3042 5184 acta
3070 5136 3222 5184 sunt.
3275 5128 3468 5198 (Vens.
3505 5127 3620 5197 32.)

1933 5219 2086 5286 Quis,
2113 5218 2322 5287 inquit,
2347 5233 2399 5272 es
2444 5223 2541 5270 tu?
2562 5218 2718 5272 Duas
2747 5230 2868 5272 esse
2912 5217 2970 5270 in
3003 5216 3233 5272 homine
3269 5216 3619 5282 voluntates,

1932 5305 2285 5375 corporalem
2350 5319 2547 5372 unam,
2608 5305 2964 5376 spiritualem
3038 5305 3279 5361 alteram
3326 5302 3617 5369 novimus,

1934 5408 2185 5464 quarum
2255 5395 2441 5463 prima
2484 5393 2648 5448 sicin
2701 5394 2888 5456 corde,
2934 5392 3332 5463 spiritualibus
3374 5391 3621 5454 intenta,

1929 5482 2126 5538 abdita
2172 5481 2308 5538 latet
2341 5490 2403 5538 ut
2427 5479 2540 5535 nisi
2563 5481 2807 5549 occasio,
2841 5497 2974 5552 quae
2999 5481 3220 5554 prodat,
3269 5475 3632 5541 suboriatur,
