3904 6066
253 226 348 278 2H

1173 220 1231 272 V.
1273 217 1603 272 GUIBERTI
1641 215 1931 273 ABBATIS
1969 217 2024 271 S.
2064 216 2299 270 MARl/E
2339 214 2426 270 DE
2463 213 2854 271 NOVIGENTO

3649 211 3754 260 212

259 359 491 431 penitus
531 357 816 414 exstincta
870 359 1122 424 putetur.
1175 352 1316 408 Cum
1349 366 1485 422 ergo
1511 350 1943 407 vacantiemle-
1981 352 2026 406 Α
2056 351 2286 406 tandem
2338 349 2603 407 redeunti
2667 363 2824 420 spem
2881 353 3190 418 provectus
3259 344 3576 415 spiritualis
3636 344 3747 398 im-

260 449 446 505 stibus
487 455 715 502 terrena
764 444 1030 498 voluntas
1076 456 1134 496 se
1165 441 1353 496 subito
1394 447 1784 509 repraesentat,
1821 455 1949 510 pro-

259 537 402 592 fecto
431 551 497 591 ac
524 535 570 589 si
603 535 674 588 de
696 531 984 601 incognito
1015 531 1148 600 quis
1177 531 1247 585 sit
1278 531 1607 599 interrogat.
1646 531 1767 596 Ego
1810 546 1949 596 sum,

261 624 470 695 inquit,
529 623 621 677 ille
667 631 803 677 tuus
832 620 1080 675 carnalis
1111 618 1368 684 allectus,
1406 618 1498 673 cui
1547 619 1946 689 primogenito,

257 711 314 766 id
344 718 425 766 est
469 708 740 775 naturali,
795 721 861 762 ac
909 707 1265 777 originaliter
1312 705 1413 760 tibi
1471 706 1722 775 ingenito
1772 706 1952 776 potis-

258 800 494 864 simum,
531 797 840 851 inhaerrere
884 795 1186 850 debueras.
1221 794 1413 863 (Vnus.
1449 797 1564 863 33.)
1604 795 1952 865 Expavescit

257 887 489 941 animus
517 890 735 953 stupore
775 885 1088 949 vehementi,
1135 883 1234 952 qui
1278 882 1452 952 paulo
1483 891 1615 937 ante
1657 897 1952 952 supercre-

257 974 412 1030 lestis
435 973 543 1028 sibi
572 973 896 1040 videbatur,
935 986 1093 1026 nunc
1127 971 1322 1042 aliqua
1352 971 1446 1025 vili
1499 979 1685 1026 motus
1714 970 1954 1026 materia

259 1062 571 1132 plusquam
613 1068 840 1116 terrena
882 1059 1210 1124 meditatur,
1267 1065 1321 1114 et
1376 1057 1476 1128 qui
1536 1058 1691 1114 cibos
1731 1059 1951 1127 pridem

257 1157 510 1216 coxerat,
542 1149 662 1219 jam
714 1149 772 1203 in
805 1148 998 1203 carnis
1050 1147 1325 1203 duritiam
1388 1147 1789 1203 recrudescere
1837 1163 1953 1203 non

256 1246 509 1294 veretur.
565 1237 703 1304 Quis
736 1238 808 1292 sit
854 1238 1070 1306 itaque,
1108 1236 1240 1306 quis
1271 1236 1462 1300 fuerit,
1499 1237 1810 1306 utrobique
1854 1237 1954 1290 mi-

257 1335 440 1382 ratur.
476 1327 826 1382 Ascenderat
859 1340 1044 1395 usque
1070 1325 1139 1380 ad
1173 1325 1360 1392 crrlos,
1409 1325 1502 1379 sed
1543 1340 1700 1380 nunc
1721 1325 1951 1380 descen-

256 1414 557 1484 ditiusque
605 1415 676 1468 ab
701 1414 955 1482 abyssos.
991 1413 1121 1478 Quis
1177 1415 1348 1480 igitur
1379 1414 1471 1466 ille
1491 1417 1587 1476 est,
1622 1415 1718 1480 qui
1747 1412 1954 1466 dudum

257 1509 475 1572 captam
514 1506 851 1556 venationem
901 1502 1090 1556 attulit
1117 1503 1298 1554 mihi?
1328 1501 1410 1555 Ac
1448 1501 1492 1555 si
1525 1501 1734 1556 diceret
1769 1516 1780 1554 :
1808 1501 1862 1557 Si
1888 1508 1954 1556 tu

258 1591 568 1659 carnalem,
603 1599 666 1646 ut
725 1605 907 1657 veres,
965 1597 1081 1645 tam
1113 1597 1306 1658 aperte
1360 1589 1602 1659 teipsum
1663 1590 1802 1644 mihi
1860 1589 1954 1644 iu-

260 1681 429 1751 geris,
466 1651 597 1750 quis
628 1687 726 1735 aut
785 1651 938 1734 unde
983 1678 1110 1745 fuit,
1153 1651 1267 1747 Iqui
1317 1651 1502 1747 nuper
1541 1678 1680 1732 mihi
1730 1678 1948 1746 incidit,
1993 1651 2034 1705 Β

260 1769 354 1824 ille
385 1767 701 1838 spiritualis
730 1765 986 1833 allectus,
1035 1765 1136 1836 qui
1168 1766 1406 1833 carnali,
1441 1774 1505 1822 ut
1543 1767 1836 1835 putabam,
1880 1768 1951 1822 ad

263 1871 474 1926 purum
507 1857 814 1925 cupiditate
858 1863 1110 1922 excocta,
1155 1855 1312 1910 omni
1347 1870 1487 1925 pene
1532 1870 1622 1911 me
1676 1856 1954 1912 desiderio

262 1945 474 2000 caelesti
514 1943 745 2000 refecit?
794 1945 1078 2013 Huncque
1139 1957 1239 2012 pro
1282 1943 1371 1998 sui
1413 1943 1710 2013 dignitate,
1754 1951 1808 1998 et
1839 1945 1950 1999 uti-

262 2033 440 2100 litate,
493 2040 547 2088 et
579 2047 750 2102 penes
781 2048 871 2088 me
925 2031 1429 2100 multiplicandum
1473 2032 1636 2099 duxi,
1661 2039 1714 2088 et
1748 2047 1953 2102 perpe-

263 2123 396 2189 tuis,
435 2122 480 2177 si
538 2129 753 2191 potero,
803 2121 1040 2190 insuper
1089 2120 1373 2189 ampliabo
1423 2121 1747 2188 crementis,
1799 2122 1954 2191 quod

261 2217 346 2266 est
381 2226 392 2264 :
426 2210 801 2278 Benediacique
830 2213 880 2264 ei
911 2215 962 2263 et
989 2211 1093 2262 erit
1130 2209 1456 2262 benedictus.

332 2300 500 2355 Vnus.
538 2298 624 2352 34.
662 2329 722 2338 -
765 2297 987 2351 Auditis
1036 2298 1194 2351 Esau
1250 2296 1584 2350 sermonibus
1619 2297 1819 2364 patris,
1867 2297 1954 2348 ir-

259 2389 434 2454 rugiit
479 2388 710 2441 clamore
782 2401 1002 2454 magno.
1083 2391 1133 2439 et
1194 2389 1565 2440 consternatus
1617 2386 1739 2439 ait:
1809 2384 1954 2440 Cum

261 2475 440 2542 audit,
476 2475 530 2530 id
569 2482 650 2530 est
683 2474 948 2543 intelligit
989 2473 1256 2528 animalis
1313 2473 1605 2537 voluntas,
1653 2480 1707 2528 et
1742 2472 1958 2528 monita

261 2563 758 2632 constantiamque
815 2562 1070 2628 rationis,
1129 2561 1349 2616 bestiali
1408 2568 1568 2617 motu
1623 2561 1774 2616 intra
1816 2575 1954 2616 con-

263 2652 559 2706 scientiam
613 2650 883 2720 deszevit;
935 2651 1134 2720 rugire
1196 2649 1349 2704 enim
1407 2651 1662 2706 ferarum
1715 2658 1820 2716 est,
1903 2657 1958 2705 et

262 2748 455 2795 tamen
486 2739 708 2794 fortiter
732 2738 908 2792 animi
939 2752 996 2793 se
1031 2738 1274 2792 habente
1300 2739 1603 2805 sententia,
1654 2739 1814 2794 furor
1865 2737 1957 2793 ille

262 2830 416 2884 intra
445 2829 696 2898 seipsum
725 2842 790 2882 ac
813 2827 855 2883 si
898 2827 1132 2882 ﬂamma
1171 2829 1551 2892 consumitur,
1582 2836 1637 2882 et
1691 2828 1952 2898 quiescit.

264 2918 406 2972 Hinc
448 2925 530 2972 est
582 2916 736 2985 quod
769 2915 1138 2983 daemonium,
1181 2929 1216 2969 a
1265 2917 1504 2970 Domino
1543 2917 1942 2984 eminandum,

263 3019 404 3076 pene
434 3019 676 3074 puerum
725 3004 995 3058 interimit
1024 3004 1288 3058 exeundo
1341 3005 1490 3074 (Luc.
1525 3020 1606 3073 tx,
1635 3007 1744 3074 42).
1779 3007 1957 3062 Versa

265 3095 460 3163 itaque
507 3095 627 3163 jam
686 3093 1120 3148 animalitas'in
1189 3093 1542 3164 religionem,
1599 3103 1654 3150 et
1725 3095 1956 3165 spiritui

263 3183 508 3247 addicta,
573 3181 826 3236 benedici
887 3182 1060 3237 etiam
1113 3197 1191 3247 se,
1248 3183 1401 3251 quod
1462 3191 1547 3238 est
1605 3185 1820 3239 divinis
1846 3199 1955 3240 ex-

265 3285 513 3326 crescere
544 3271 757 3326 muniis
813 3277 986 3338 optat,
1045 3277 1099 3325 et
1159 3269 1423 3338 postulat.
1485 3271 1677 3341 (Vuus.
1713 3271 1800 3339 33,
1845 3273 1954 3341 36.)

271 3360 448 3425 Venit,
506 3359 710 3429 inquit,
782 3361 960 3426 Isaac,
1027 3374 1314 3426 germanus
1366 3365 1489 3414 tuus
1554 3361 1953 3428 fraudulenter,

265 3453 316 3501 et
363 3451 566 3516 accepit
604 3447 1016 3501 benedictionem
1069 3452 1236 3500 tuam.
1277 3447 1686 3518 Subjunccitque
1759 3449 1952 3504 Esau:

263 3537 420 3590 Juste
467 3540 712 3590 vocatum
778 3540 856 3590 est
903 3551 1093 3589 nomen
1153 3533 1269 3605 ejus
1324 3537 1515 3600 Jacob;
1559 3538 1958 3608 'supplantavit

265 3627 405 3678 enim
433 3641 514 3678 me
551 3627 610 3678 in
649 3627 822 3679 altera
859 3627 990 3678 vice.
1024 3625 1320 3679 Germanus
1367 3625 1748 3689 fraudulenter
1788 3628 1954 3690 venit,

266 3727 398 3768 cum
441 3721 693 3782 tempore
741 3711 1132 3767 conversionis
1199 3712 1292 3781 pia
1334 3711 1600 3767 voluntas
1645 3712 1958 3768 affectionis

266 3801 494 3856 ﬂuxum
545 3800 726 3855 multa
786 3800 1289 3854 ratiocinationum
1345 3800 1816 3869 tergiversatione
1846 3801 1954 3856 cir-

265 3889 578 3943 cumvenit.
639 3888 1064 3942 Benedictionem
1109 3886 1234 3956 ejus
1283 3887 1508 3956 accipit,
1555 3902 1687 3942 cum
1737 3889 1956 3944 deside-

266 3975 417 4031 rium
460 3976 669 4030 terreni
716 3974 1004 4044 profectus
1056 3974 1112 4027 in
1163 3974 1405 4029 caalestis
1463 3975 1744 4031 commodi
1796 3976 1959 4032 lucra

264 4065 566 4120 convertit.
621 4062 1082 4118 Benedictionem
1148 4076 1246 4130 pro
1297 4062 1766 4131 multiplicatione
1822 4067 1957 4135 poni

263 4166 413 4222 saepe
443 4151 716 4206 diximus.
777 4153 942 4214 Juste,
980 4150 1076 4216 ait,
1128 4150 1528 4220 supplantator
1579 4151 1810 4220 dicitur,
1854 4155 1956 4222 qui

2065 440 2296 508 pendas.

2134 528 2314 583 Vnus.
2383 531 2470 582 37.
2533 558 2592 567 —
2655 529 2954 592 Dominum,
3021 524 3099 579 ait
3163 524 3343 588 Isaac,
3409 527 3560 575 tuum
3594 522 3750 574 illum

2063 619 2337 680 constitui,
2365 623 2426 672 ut
2458 617 2668 671 scilicet
2713 615 2963 670 dominio
2994 613 3101 684 pia:
3147 611 3467 668 voluntatis
3498 610 3751 674 obedias,

2061 714 2114 760 et
2143 721 2340 761 omnes
2387 705 2562 761 animi
2613 713 2820 771 motus,
2867 704 2967 773 qui
3003 704 3074 759 ab
3105 702 3326 758 unitate
3365 703 3492 771 ejus
3534 699 3754 755 dissen-

2061 794 2230 863 tiunt,
2265 795 2365 865 qui
2413 795 2618 850 fratres
2665 794 2962 860 dicuntur,
3011 791 3150 862 quia
3193 791 3266 845 ab
3317 790 3514 845 eadem
3565 796 3756 844 mente

2062 884 2468 953 quoquomodo
2517 889 2886 952 generantur,
2931 882 2978 935 ei
3011 879 3215 950 subjici
3267 879 3471 934 debere
3502 875 3751 932 decrevi.

2058 975 2344 1026 Frumento
2404 971 2565 1026 verbi
2627 971 2745 1036 Dei,
2837 975 2887 1024 et
2961 970 3157 1039 gratiae
3217 966 3561 1037 septiformis
3627 967 3755 1018 vino

2061 1061 2306 1115 stabilivi
2356 1077 2520 1126 eum;
2577 1064 2647 1115 Et
2691 1060 2793 1113 tibi
2845 1061 3014 1122 ultra,
3074 1060 3158 1127 ﬁli
3201 1061 3296 1125 mi,
3332 1056 3468 1126 quid
3505 1055 3756 1121 faciam?

2061 1148 2221 1215 Quod
2250 1156 2432 1204 totum
2458 1157 2541 1204 est
2573 1165 2586 1203 :
2636 1148 2690 1203 Si
2733 1149 2888 1218 justo
2919 1147 3195 1218 appetitui
3229 1145 3442 1200 divinis
3478 1145 3754 1200 honorato

2062 1238 2404 1293 muneribus
2454 1239 2848 1307 obtemperare
2889 1237 3125 1308 refugis,
3169 1249 3346 1306 quam
3381 1234 3483 1290 tibi
3543 1231 3756 1302 specia-

2062 1325 2188 1381 liter
2218 1325 2419 1381 alTerre
2449 1332 2642 1396 potero
2678 1324 3063 1381 medicinam?
3102 1325 3293 1390 (Vnus.
3326 1323 3440 1392 38.)
3473 1323 3561 1376 An
3588 1336 3757 1374 unam

2063 1419 2273 1468 tantum
2325 1415 2740 1469 benedictionem
2796 1414 3002 1467 habes?
3053 1415 3192 1466 Mihi
3233 1413 3444 1466 obsecro
3485 1414 3545 1462 ut
3597 1409 3751 1462 bene-

2062 1503 2233 1556 dicas.
2272 1503 2360 1557 An
2409 1502 2506 1569 ita,
2552 1502 2758 1572 inquit,
2818 1501 2920 1557 soli
2952 1502 3115 1557 bonae
3146 1499 3429 1556 voluntati
3481 1497 3754 1553 curandae

2062 1605 2281 1660 pronus
2328 1606 2387 1646 es
2447 1598 2512 1646 ut
2539 1591 2608 1646 de
2658 1590 2746 1646 his
2775 1606 2906 1661 quin
2953 1604 3128 1660 prave
3171 1597 3224 1644 et
3251 1587 3594 1644 humanitus
3624 1584 3757 1641 affe-

2061 1685 2199 1746 ctas,
2234 1692 2436 1733 curam
2493 1677 2640 1733 ferre
2698 1693 2944 1734 recuses.
2980 1677 3082 1734 Dic
3132 1677 3354 1746 aliquid
3405 1675 3558 1732 unde
3589 1672 3757 1743 proﬁ-

2061 1767 2225 1822 ciam.
2291 1768 2484 1837 (VEus.
2539 1769 2624 1834 39,
2683 1767 2795 1838 40.)
2861 1769 3109 1835 Cumque
3157 1767 3368 1835 ejulatu
3420 1779 3616 1830 magno
3663 1766 3756 1830 ﬂe-

2059 1860 2162 1915 ret,
2221 1861 2394 1911 motus
2445 1859 2599 1911 Isaac
2643 1856 2838 1910 didit:
2889 1858 2957 1910 In
3008 1855 3340 1925 pinguedine
3392 1859 3569 1921 terrae,
3619 1854 3758 1905 etin

2057 1960 2178 1998 rore
2230 1946 2346 1999 cceli
2401 1945 2630 2014 desuper
2676 1947 2779 2000 erit
2833 1945 3126 1999 benedictio
3167 1950 3280 1998 tua.
3337 1945 3495 1999 Vives
3548 1941 3754 2009 gladio,

2061 2038 2112 2087 et
2139 2035 2312 2100 fratri
2350 2039 2438 2088 tuo
2467 2036 2664 2088 servies
2694 2052 2710 2086 :
2757 2039 3071 2103 tempusque
3127 2035 3322 2096 veniet,
3367 2047 3486 2086 cum
3512 2033 3758 2085 excutias

2062 2126 2113 2175 et
2158 2124 2335 2176 solvas
2359 2123 2556 2191 jugum
2585 2123 2700 2191 ejus
2734 2123 2798 2176 de
2849 2123 3142 2176 cervicibus
3175 2124 3304 2176 tuis.
3339 2121 3462 2176 Non
3515 2120 3637 2189 jam
3689 2118 3760 2173 fe-

2064 2210 2263 2266 raliter
2317 2211 2475 2281 rugit
2527 2211 2702 2278 Esau,
2760 2211 2857 2266 sed
2917 2211 3171 2266 humane
3208 2209 3406 2279 ejulat,
3438 2215 3492 2264 et
3530 2221 3604 2263 ex
3654 2207 3760 2276 pize

2063 2299 2379 2354 voluntatis
2433 2299 2705 2354 instinctu
2756 2313 2877 2354 suae
2927 2298 3168 2354 vanitati
3253 2299 3571 2368 ingemens,
3654 2295 3762 2366 ipsi

2062 2388 2232 2443 etiam
2282 2388 2508 2457 spiritui
2540 2395 2760 2444 motum
2800 2388 3044 2457 pietatis,
3081 2395 3136 2442 et
3168 2385 3484 2442 devotionis
3532 2385 3758 2440 incutit.

2068 2479 2126 2530 In
2162 2477 2514 2545 pinguedine,
2567 2477 2667 2538 ait,
2701 2481 2856 2529 terra:
2897 2474 3150 2530 benedici
3200 2473 3430 2544 poteris,
3485 2471 3539 2526 id
3585 2478 3672 2526 est
3714 2468 3761 2524 si

2065 2571 2275 2619 terram
2333 2573 2404 2624 te.
2468 2571 2822 2633 peccatorem
2901 2562 3115 2618 scilicet
3169 2561 3476 2624 conﬁteris,
3562 2558 3763 2628 sopitis

2065 2665 2315 2721 nequam
2349 2651 2647 2706 alTectibus
2691 2666 2814 2704 rore
2856 2650 2973 2703 caeli
3003 2649 3330 2719 pinguesce,
3363 2647 3420 2702 id
3451 2654 3536 2702 est
3574 2645 3765 2715 gratia

2065 2744 2119 2794 et
2172 2739 2456 2795 infusione
2488 2738 3014 2804 intellectualitatis,
3048 2751 3178 2807 quae
3210 2736 3312 2792 tibi
3359 2750 3425 2790 ac
3470 2735 3517 2789 si
3551 2733 3763 2789 coelum

2066 2829 2422 2898 praeminere,
2459 2827 2674 2894 lumen,
2709 2841 2774 2881 ac
2819 2827 3047 2896 pluvias
3077 2827 3552 2880 documentorum
3605 2837 3765 2892 prae-

2067 2917 2198 2971 derc
2231 2917 2415 2983 debet,
2449 2915 2519 2970 ad
2577 2915 2711 2970 boni
2739 2915 2927 2984 operis
2967 2915 3190 2984 frugem
3224 2913 3549 2968 fecundare.
3605 2913 3765 2966 Vives

2063 3006 2268 3072 gladio,
2313 3005 2487 3059 vitam
2518 3003 2722 3074 utique
2752 3003 2888 3058 boni
2933 3017 3000 3058 ac
3050 3003 3186 3056 mali
3222 3001 3560 3056 discretione
3617 3014 3763 3055 con-

2066 3094 2260 3164 quires
2311 3095 2483 3159 fratri
2513 3097 2624 3159 tuo,
2670 3092 2761 3162 pio
2791 3091 3005 3146 scilicet
3047 3090 3297 3156 atiectui,
3331 3089 3433 3160 qui
3473 3103 3546 3144 ex
3580 3096 3762 3144 matre

2066 3190 2252 3238 tecum
2278 3182 2497 3236 ratione
2521 3181 2790 3250 procedit,
2828 3180 3122 3246 inservies,
3167 3179 3236 3234 ad
3275 3185 3504 3247 tempus
3542 3185 3758 3242 tamen,

2065 3284 2200 3325 nam
2259 3277 2560 3339 postquam
2608 3269 2678 3323 ad
2730 3268 3045 3338 perfectum
3115 3267 3359 3322 calorem
3438 3266 3763 3322 dilectionis

2066 3358 2276 3413 divinae
2329 3357 2678 3427 perveneris,
2732 3371 2846 3411 non
2893 3357 3014 3426 jam
3069 3356 3234 3411 bonae
3291 3354 3598 3421 voluntati,
3659 3363 3762 3411 aut

2069 3447 2170 3516 ipsi
2203 3447 2373 3502 etiam
2424 3446 2630 3501 rationi
2679 3444 3021 3515 subjicieris,
3053 3444 3148 3500 sed
3191 3444 3248 3498 in
3302 3445 3566 3512 idipsum,
3603 3443 3763 3513 quod

2067 3536 2218 3591 bona
2249 3535 2516 3590 voluntas
2549 3541 2650 3602 est,
2685 3541 2786 3589 aut
2815 3533 2962 3589 ratio
2999 3533 3372 3599 converteris,
3405 3531 3551 3588 idem
3602 3532 3761 3603 quod

2067 3624 2164 3679 illa
2191 3624 2418 3690 senties,
2438 3623 2705 3693 idemque
2733 3621 2864 3677 eris.

2137 3713 2316 3768 Vnus.
2360 3715 2445 3766 41.
2489 3741 2558 3751 —-
2584 3711 2785 3767 Oderat
2815 3726 2938 3778 ergo
2975 3726 3182 3780 semper
3216 3711 3373 3764 Esau
3417 3710 3601 3776 Iacob,
3657 3725 3762 3780 pro

2067 3801 2425 3855 benedictione
2467 3817 2576 3868 qua
2621 3800 2972 3853 benedixerat
3036 3802 3086 3853 ei
3122 3803 3299 3868 pater.
3366 3799 3634 3867 Dixitque
3703 3803 3763 3852 in

2066 3891 2222 3944 corde
2245 3905 2338 3944 suo
2369 3910 2385 3944 :
2421 3893 2642 3945 Venient
2683 3891 2798 3944 dies
2829 3892 3003 3944 luctus
3041 3892 3220 3959 patris
3264 3892 3386 3956 mei,
3421 3894 3480 3942 ut
3516 3889 3763 3943 occidam

2063 3979 2224 4032 Jacob
2263 3981 2493 4045 fratrem
2520 3993 2708 4032 meum.
2744 3977 2862 4032 Etsi
2895 3978 2967 4033 ad
2996 3979 3195 4033 horam
3231 3992 3448 4047 pravus
3480 3977 3569 4047 pio
3617 3993 3761 4033 con-

2066 4073 2419 4136 temperatur
2449 4065 2698 4131 aﬂectui,
2755 4066 2798 4121 si
2833 4073 3012 4136 potest
3042 4073 3232 4121 tamen
3268 4065 3447 4122 inesse
3479 4066 3765 4122 diuturna

2066 4155 2410 4224 concordia;
2438 4170 2562 4209 caro
2598 4158 2739 4208 enim
2774 4161 2804 4209 l
2829 4162 2858 4208 ι
2881 4161 2911 4208 l
2950 4157 3280 4223 concupiscit
3330 4154 3590 4208 adversus
3643 4157 3762 4223 Spi-

265 4254 354 4295 me
383 4247 436 4295 et
469 4239 526 4293 in
567 4239 847 4308 principio
890 4239 1280 4294 conversionis
1310 4239 1531 4306 evertit,
1565 4248 1620 4296 et
1669 4249 1794 4310 post
1823 4249 1950 4298 ten—
1990 4251 2034 4304 D
2064 4246 2232 4298 ritum
2259 4242 2410 4314 (Gal.
2475 4258 2530 4310 v,
2568 4245 2672 4309 t7).
2730 4245 2793 4298 In
2838 4251 3124 4312 quantum
3166 4257 3304 4313 ergo
3344 4242 3513 4312 patri,
3566 4241 3620 4295 id
3676 4250 3763 4298 est

265 4329 548 4384 tationum
597 4328 930 4397 insurgente
994 4326 1260 4395 procella,
1301 4328 1544 4384 victoria
1603 4330 1775 4384 totius
1832 4345 1954 4400 per-

262 4416 550 4472 versitatis
595 4415 819 4486 dejecit.
853 4417 976 4470 Duo
1025 4415 1177 4471 enim
1235 4424 1372 4472 sunt
1400 4417 1646 4488 gradus;
1704 4419 1949 4487 Primus,

262 4505 669 4572 conversionis,
704 4505 857 4574 quod
888 4511 971 4559 est
998 4504 1191 4559 exitus
1220 4519 1292 4560 ex
1332 4506 1611 4576 ngypto;
1645 4507 1950 4570 secundus,

261 4593 590 4648 evincendee
623 4593 970 4660 tentatiouis,
1021 4593 1178 4662 quod
1223 4601 1359 4650 sunt
1416 4594 1581 4661 bella,
1639 4603 1952 4666 antequam

261 4681 620 4752 possideatur
661 4689 813 4737 terra
869 4681 1283 4751 promissionis.
1343 4683 1421 4738 De
1471 4683 1634 4739 tertio
1687 4699 1800 4740 non
1861 4685 1954 4740 hic

261 4771 473 4841 agitur.
508 4773 877 4838 Primogenita
902 4787 1020 4824 mea
1071 4776 1195 4824 ante
1247 4773 1392 4839 tulit,
1429 4777 1480 4826 et
1533 4789 1674 4827 nunc
1721 4774 1951 4828 secundo

257 4861 536 4928 subripuit
607 4860 1022 4914 benedictionem
1088 4875 1278 4913 meam.
1355 4859 1515 4927 Quod
1573 4869 1657 4917 est
1714 4861 1948 4917 dicere:

256 4949 364 5012 Me,
433 4947 525 5004 cui
583 4948 978 5018 principaliter
1023 4950 1397 5018 competebat,
1459 4951 1572 5006 imo
1605 4950 1950 5006 naturaliter

254 5036 507 5091 motibus
535 5035 803 5106 'gaudere
855 5038 1127 5106 corporis,
1179 5051 1212 5092 a
1257 5053 1314 5093 se
1364 5039 1614 5108 primum
1675 5039 1944 5104 removit;

254 5123 487 5179 demum
542 5139 676 5180 cum
730 5124 786 5180 in
813 5125 920 5180 hoc
947 5127 1156 5182 saeculo
1196 5127 1469 5196 proficere
1527 5127 1948 5196 aliquantisper

253 5211 479 5277 vellem,
522 5213 677 5282 quod
716 5214 852 5270 satis
909 5214 1129 5271 licitum
1173 5223 1336 5279 esset,
1388 5229 1546 5284 spem
1579 5215 1721 5270 mihi
1770 5216 1946 5271 totius

252 5300 541 5370 profectus
573 5303 888 5358 mundialis
918 5303 1146 5359 ademit.
1185 5302 1288 5358 Sed
1321 5302 1462 5372 quia
1503 5303 1790 5373 spirituali
1839 5317 1946 5373 ap-

251 5388 451 5458 petitui
503 5391 820 5446 secundum
893 5392 1130 5461 spiritus
1213 5391 1482 5446 virtutem
1551 5393 1941 5462 propugnanti

250 5479 535 5534 contrarie
608 5493 722 5534 non
802 5480 982 5547 valeo,
1055 5479 1162 5547 die,
1232 5481 1329 5547 ait,
1394 5495 1466 5536 an
1526 5481 1666 5536 mihi
1723 5482 1794 5537 ad
1847 5497 1944 5538 cor

2064 4333 2272 4387 rationi
2311 4331 2618 4388 convenire
2663 4331 2969 4401 cognoscit,
3031 4332 3187 4387 Esau
3242 4331 3415 4386 Jacob
3459 4330 3596 4386 odit.
3647 4334 3761 4386 Cor

2063 4421 2238 4485 Esau,
2291 4419 2441 4475 mala
2478 4419 2903 4475 atlectualitatis
2951 4419 3190 4475 intentio
3236 4427 3335 4474 est.
3385 4419 3456 4476 Ut
3501 4433 3640 4489 ergo
3686 4419 3760 4472 ﬁ—

2063 4508 2202 4563 delis
2244 4508 2562 4564 intellectus
2601 4509 2780 4573 Isaac,
2839 4508 3049 4563 scilicet
3105 4509 3402 4564 materiam
3459 4507 3651 4564 luctus
3677 4509 3762 4562 in-

2059 4596 2270 4662 veniat,
2325 4610 2428 4665 per
2476 4609 2730 4650 amorem
2776 4596 3177 4664 temporalium
3211 4611 3331 4652 sese
3362 4611 3524 4667 posse
3565 4596 3763 4651 interi-

2063 4699 2215 4740 mere
2238 4698 2454 4754 pravus
2475 4683 2712 4739 affectus
2743 4684 2952 4739 bonam
2985 4684 3338 4740 voluntatem
3370 4692 3552 4754 putat.
3611 4685 3762 4740 Dicit

2061 4779 2251 4828 autem
2310 4780 2588 4829 venturos
2652 4773 2791 4837 dies,
2870 4773 3025 4828 falsze
3081 4773 3297 4829 scilicet
3361 4773 3762 4843 prosperitatis

2059 4860 2346 4916 claritates
2375 4862 2591 4931 quibus
2619 4861 2829 4916 obruat
2859 4861 3020 4916 Isaac
3067 4861 3298 4930 gaudii,
3331 4861 3594 4916 videlicet
3636 4876 3760 4916 cce-

2060 4949 2212 5005 lestis
2258 4949 2317 5004 in
2367 4951 2562 5004 anima
2598 4949 3009 5020 jucunditates.
3065 4951 3259 5021 (Vnus.
3322 4951 3431 5019 42.)
3484 4952 3760 5006 Nuntiata

2057 5043 2184 5092 sunt
2250 5039 2358 5091 hac
2433 5038 2691 5092 Rebeccae.
2743 5039 2874 5104 Qua
2927 5041 3168 5104 mittens,
3219 5043 3270 5093 et
3317 5053 3512 5092 vocans
3580 5040 3760 5106 ﬁlium

2055 5142 2212 5182 suum
2253 5128 2435 5193 Iacob,
2495 5127 2645 5181 didit
2705 5128 2778 5181 ad
2836 5143 2955 5181 eum
2987 5144 3000 5181 :
3034 5129 3177 5182 Ecce
3208 5131 3355 5182 Esau
3401 5130 3580 5194 frater
3629 5133 3758 5182 tuus

2053 5219 2298 5270 minatur
2340 5221 2400 5269 ut
2451 5216 2662 5270 occidat
2708 5221 2774 5270 te.
2829 5218 2980 5272 Nunc
3025 5233 3166 5284 ergo,
3215 5217 3301 5284 ﬁli
3350 5220 3446 5276 mi.
3499 5216 3636 5269 audi
3667 5233 3759 5270 υο-

2053 5320 2162 5358 cem
2207 5321 2396 5369 mcam,
2450 5310 2500 5358 et
2546 5319 2870 5371 consurgens
2923 5307 3054 5371 fuge
3120 5305 3194 5358 ad
3253 5305 3440 5359 Laban
3515 5306 3757 5371 fratrem

2052 5409 2226 5447 meum
2255 5397 2313 5447 in
2341 5397 2547 5458 Haran,
2583 5393 2961 5460 habitabisque
2993 5409 3112 5447 cum
3137 5409 3194 5446 eo
3216 5393 3329 5448 dies
3346 5409 3566 5462 paucos,
3587 5393 3756 5449 donec

2055 5483 2295 5551 quiescat
2352 5487 2511 5547 furor
2564 5485 2764 5547 fratris
2815 5485 2915 5548 tui,
2967 5490 3074 5536 etc.
3120 5482 3478 5537 Nuntiantur
3508 5482 3620 5536 hac
3651 5485 3754 5538 Re-
