3904 6066
161 169 264 221 213

160 304 343 369 bacca,
375 317 512 359 cum
548 303 696 359 inter
735 301 936 359 talium
967 302 1167 358 turbas
1191 301 1519 372 jurgiorum
1551 300 1856 357 desudanti
1896 303 1936 355 A
1970 300 2133 357 ﬁcere
2187 302 2374 369 stude,
2443 308 2508 357 ut
2568 300 2678 356 illis
2744 300 3077 358 assimileris
3133 302 3459 372 animabus,

159 390 459 448 fastidium
490 389 774 447 incutitur
812 389 1117 460 patientia.
1147 390 1273 455 Qua
1322 396 1514 444 tamen
1563 388 1862 458 praterita

158 478 509 536 sufferentia
568 479 782 535 damna
828 492 1054 546 verens,
1126 478 1429 548 pramium
1483 477 1706 534 caeleste
1761 491 1861 546 pro

157 568 344 638 legato
371 576 427 624 et
444 568 638 635 mittit,
682 581 780 637 per
825 567 933 623 hoc
969 566 1130 636 pium
1165 566 1481 636 appetitum
1509 567 1579 621 ad
1630 580 1691 621 se
1722 580 1859 621 con-

158 656 358 723 trahit,
405 663 463 712 et
507 663 708 711 contra
750 654 1104 712 imminentis
1147 654 1493 710 ferocitatem
1545 654 1859 709 carnalita—

158 744 228 800 tis
272 745 487 800 munit.
545 743 904 813 Obtempera,
962 743 1173 813 inquit,
1234 742 1547 799 tolerantia
1611 742 1859 798 coelestia

156 832 536 902 promittenti,
606 839 661 888 et
719 832 790 887 ab
854 831 1067 887 inﬁmis
1121 843 1475 902 consurgens
1540 829 1854 897 desideriis,

155 919 465 975 sacularia
492 921 642 987 fuge,
678 920 919 976 tendens
946 918 1209 975 videlicet
1243 919 1316 974 ad
1357 918 1698 989 {candorem
1744 918 1857 974 imo

155 1007 226 1062 ad
292 1007 671 1063 candidatum
724 1006 990 1063 Ecclesia
1038 1005 1299 1062 -calestis
1365 1005 1706 1073 exercitum,
1755 1005 1856 1074 qui

155 1094 260 1151 sub
295 1102 460 1165 patre
489 1096 606 1151 Deo
640 1094 816 1150 frater
845 1099 1035 1149 noster
1068 1100 1171 1159 est,
1201 1106 1395 1164 quem,
1442 1092 1581 1147 dum
1612 1091 1853 1159 advivis,

156 1192 355 1240 sancte
381 1192 439 1239 et
466 1183 642 1240 electe
671 1183 914 1254 agendo,
958 1182 1125 1252 quasi
1150 1181 1209 1236 in
1240 1181 1399 1237 Aran
1432 1180 1689 1251 degendo
1723 1180 1854 1236 imi-

157 1273 264 1328 tari
299 1280 353 1328 te
373 1272 551 1337 decet,
586 1270 989 1340 babitabisque
1034 1284 1167 1326 cum
1195 1284 1279 1336 eo,
1314 1268 1429 1325 tuis
1479 1268 1687 1338 ineptis
1736 1270 1856 1325 uti-

155 1375 269 1430 que
300 1359 694 1416 dominaberis
743 1358 995 1414 motibus
1033 1357 1105 1413 ad
1150 1358 1480 1427 exemplum
1525 1357 1673 1428 ejus,
1717 1357 1856 1428 quia

156 1450 263 1505 hoc
289 1448 509 1519 expetit
544 1447 806 1517 paucitas
834 1446 1059 1503 dierum
1107 1447 1299 1502 saculi
1351 1445 1547 1516 hujus,
1589 1454 1655 1502 ut
1693 1446 1854 1515 pravi

155 1537 321 1593 furor
358 1537 775 1606 comprimatur
821 1533 1079 1602 aﬁ‘ectus,
1127 1542 1183 1591 et
1237 1534 1425 1605 gratia
1466 1533 1707 1591 rationis
1749 1535 1850 1591 de-

158 1626 406 1692 briatus,
457 1625 661 1695 prioris
704 1624 954 1680 lascivia
1001 1636 1121 1693 qua
1168 1623 1474 1679 fraudatus
1512 1630 1596 1679 est
1641 1623 1855 1679 oblivi-

150 1723 371 1773 scatur.
403 1714 599 1771 Laban
620 1720 814 1769 autem
832 1712 1100 1768 candidus
1125 1711 1371 1782 dicitur;
1397 1713 1614 1778 Haran,
1634 1713 1852 1779 electus,

148 1804 241 1860 vel
266 1804 445 1860 etiam
487 1806 746 1870 irascens,
794 1802 1030 1858 forsitan
1061 1802 1309 1857 innuens
1355 1800 1511 1871 quod
1566 1799 1690 1856 ﬁeri
1739 1814 1854 1856 non

153 1892 337 1962 possis
348 1892 581 1957 electus,
606 1889 713 1946 nisi
736 1889 1132 1960 corporalibus
1154 1888 1434 1945 illecebris
1453 1902 1675 1957 semper
1695 1887 1852 1943 inve-

151 1981 336 2036 niaris
368 1981 568 2036 iratus.
602 1981 943 2046 Irascimini,
976 1984 1028 2033 et
1048 1979 1216 2034 nolite
1240 1993 1461 2047 peccare
1480 1977 1653 2047 (Psal.
1675 1990 1752 2043 1v,
1777 1975 1849 2045 5).

221 2069 398 2125 Vsus.
432 2069 520 2123 45.
573 2097 635 2108 -
689 2069 878 2123 Postea
918 2071 1153 2131 mittam,
1210 2071 1263 2120 et
1314 2066 1586 2120 adducam
1629 2070 1679 2120 te
1728 2064 1853 2119 inde

148 2157 275 2212 huc.
312 2157 454 2213 Inde
484 2163 610 2227 post
639 2156 889 2225 sopitum
930 2156 1086 2211 Esau
1130 2155 1380 2210 furorem
1410 2153 1584 2209 Jacob
1613 2152 1850 2209 adduci-

154 2255 266 2314 tur,
299 2260 436 2303 cum
466 2246 535 2302 de
560 2244 802 2302 victoria
842 2243 1193 2315 passionum,
1244 2256 1310 2299 ac
1351 2242 1400 2297 si
1447 2243 1517 2298 de
1555 2243 1769 2308 Haran,
1798 2250 1853 2299 et

150 2336 353 2406 gloria
416 2332 655 2389 caelestis
694 2331 977 2397 contuitu,
1028 2330 1184 2401 quod
1244 2337 1329 2387 est
1376 2329 1445 2386 de
1498 2330 1714 2395 Laban,
1776 2331 1848 2386 ad

148 2423 333 2479 nostri
364 2420 900 2483 considerationem,
946 2419 1148 2490 quales
1176 2418 1491 2490 aliquando
1546 2418 1845 2484 fuerimus,

147 2512 429 2568 redimus.
485 2510 655 2567 Mittit
706 2523 842 2565 vero
901 2508 1172 2575 Rebecca,
1234 2516 1298 2564 ut
1353 2507 1526 2564 Jacob
1585 2506 1842 2574 reducat,

145 2613 281 2655 cum
330 2597 571 2654 rationis
612 2598 816 2653 nuntio
858 2602 1170 2666 praeeunte,
1226 2595 1496 2665 patientia
1542 2595 1707 2651 bona
1743 2609 1847 2650 vo—

144 2685 359 2742 luntati
427 2699 499 2740 ne
560 2685 703 2754 quid
762 2697 1043 2755 magnum
1100 2683 1170 2739 de
1235 2697 1295 2738 se
1349 2683 1607 2748 astimet,
1676 2683 1748 2738 ad
1787 2696 1846 2738 se

146 2773 511 2830 redeundum
569 2771 843 2828 insinuat.
914 2772 1022 2828 Cur
1072 2776 1300 2841 utroque
1337 2771 1567 2826 orbabor
1616 2773 1731 2840 ﬁlio
1786 2773 1844 2825 in

1324 165 1688 222 MORALIUM
1727 168 1796 222 ΙΝ
1836 167 2130 222 GENESIN
2172 167 2301 222 LIB.
2336 167 2480 223 VIII.

3562 173 3666 225 ἱ)ιηὶ

3534 319 3665 375 qua

1970 389 2154 446 nitore
2180 391 2448 460 puritatis
2476 404 2593 445 non
2625 390 2794 446 ﬂuxu
2828 390 3086 446 libidinis
3118 391 3246 447 tilia
3284 399 3418 448 sunt
3448 394 3665 449 cando-

1970 478 2050 534 ris
2098 480 2317 542 aterni,
2346 480 2417 535 ad
2466 479 2634 549 cujus
2691 478 3128 549 germanitatem
3180 494 3282 549 per
3337 480 3667 538 tolerantias

1968 566 2216 636 suspiro.
2252 566 2406 621 Vade
2435 580 2571 637 ergo
2598 568 2658 619 in
2684 569 3123 634 Mesopotamiam
3158 568 3352 634 Syria,
3383 568 3663 625 elevatam

1967 654 2179 710 scilicet
2216 654 2288 709 ab
2331 654 2459 709 imis
2503 653 2916 723 cupiditatibus
2968 655 3344 716 vocationem.
3397 658 3551 726 quod
3581 665 3665 713 est

1968 742 2396 799 abrenuntiatio
2429 742 2642 809 saculi,
2690 742 3022 814 aggredere,
3077 744 3231 799 unde
3261 744 3524 800 sublimis
3566 761 3665 815 per

1967 830 2503 900 contemplationem
2544 832 2736 885 valeas
2775 831 3039 886 eminere.
3070 832 3475 900 Mesopotamia
3509 832 3662 887 enim

1966 921 2172 974 elevata
2200 921 2423 986 vacatio,
2471 918 2643 989 Syria
2680 920 2926 974 sublimis
2965 919 3193 976 dicitur.
3231 920 3452 976 Dicitur
3489 922 3663 976 etiam

1965 1007 2157 1063 Grace
2205 1007 2627 1075 Mesopotamia,
2662 1008 2817 1078 quod
2876 1008 2945 1063 sit
3000 1009 3178 1062 media
3226 1010 3368 1063 inter
3411 1011 3658 1077 ﬂumina,

1966 1095 2123 1166 quod
2146 1094 2311 1150 valde
2341 1095 2611 1166 congruit
2640 1097 2846 1152 anima
2886 1096 3168 1152 laboranti
3200 1097 3346 1153 inter
3389 1098 3662 1154 tentatio-

1966 1198 2109 1239 num
2136 1182 2489 1247 discrimina,
2523 1184 2645 1239 hac
2679 1192 2869 1240 tamen
2898 1200 3000 1241 nos
3019 1186 3273 1242 evehunt
3302 1186 3377 1241 ad
3412 1186 3660 1255 Syriam,

1967 1273 2023 1328 id
2080 1281 2163 1328 est
2217 1273 2287 1327 ad
2342 1271 2633 1328 sublimia.
2693 1274 2757 1327 In
2814 1272 2902 1328 bis
2958 1274 3305 1329 sublimibus
3346 1275 3552 1330 domus
3581 1283 3662 1331 est

1968 1360 2228 1427 Bathuel,
2279 1360 2491 1415 scilicet
2541 1360 2783 1431 virginis
2820 1360 2938 1428 Dei,
2973 1361 3237 1417 Ecclesia
3285 1376 3422 1417 sane
3452 1376 3662 1432 super—

1965 1450 2205 1506 calestis
2279 1462 2506 1519 rugam,
2566 1456 2621 1504 et
2694 1449 2980 1504 maculam
3054 1464 3292 1519 prorsus
3355 1450 3476 1520 jam
3545 1464 3662 1505 non

1965 1537 2228 1595 habentis
2277 1537 2494 1607 (Ephes.
2542 1552 2597 1604 v,
2638 1539 2752 1604 27),
2801 1552 2919 1607 qua
2956 1536 3037 1591 nil
3068 1538 3351 1593 sincerius
3403 1537 3525 1607 jam
3556 1542 3658 1593 est.

1962 1628 2018 1682 Is
2048 1626 2286 1682 Bathuel
2318 1626 2492 1681 frater
2521 1631 2605 1681 est
2634 1625 2832 1681 matris
2860 1633 3088 1691 nostra,
3123 1625 3263 1696 quia
3292 1625 3544 1696 populus
3569 1626 3663 1683 ille

1962 1715 2205 1771 calestis
2258 1728 2535 1785 germana
2597 1713 2878 1769 afﬁnitate
2951 1714 3331 1785 coujungitur
3400 1714 3662 1771 Ecclesia

1963 1804 2133 1859 matri
2169 1810 2397 1870 nostra,
2427 1816 2559 1872 qua
2585 1810 2668 1858 est
2698 1801 2755 1856 in
2781 1802 2964 1857 terris.

2038 1892 2202 1948 Vnus.
2237 1894 2289 1955 3,
2320 1892 2373 1944 4.
2419 1920 2481 1930 -
2531 1891 2857 1959 Multiplicet
2904 1895 2973 1956 te,
3024 1890 3212 1960 inquit
3258 1890 3556 1957 Dominus,
3600 1894 3662 1944 ut

1959 1982 2011 2033 si
2059 1982 2120 2033 in
2186 1979 2373 2033 turbas
2428 1981 2779 2048 populorum,
2841 1984 2892 2033 et
2951 1979 3041 2033 det
3107 1979 3209 2033 tibi
3273 1979 3661 2033 benedictiones

1959 2068 2218 2134 Abraha,
2268 2072 2320 2121 et
2369 2070 2563 2121 semini
2591 2072 2680 2121 tuo
2722 2071 2847 2135 post
2903 2071 2972 2128 te,
3026 2071 3088 2120 ut
3125 2067 3407 2136 possideas
3455 2072 3656 2121 terram

1957 2157 2413 2226 peregrinationis
2481 2161 2602 2222 tua,
2669 2170 2834 2223 quam
2887 2155 3167 2223 pollicitus
3232 2163 3311 2210 est
3374 2171 3474 2209 avo
3542 2157 3650 2209 tuo.

1956 2244 2114 2311 Quod
2142 2250 2226 2299 est
2256 2242 2443 2299 dicere
2475 2259 2487 2298 :
2529 2244 2713 2298 Tanta
2752 2250 2804 2298 te
2841 2244 2990 2298 Deus
3028 2242 3205 2298 animi
3258 2242 3472 2299 virtute
3519 2257 3652 2298 con-

1956 2332 2156 2389 solidet
2184 2338 2246 2387 ut
2283 2330 2378 2396 sis,
2436 2331 2489 2385 id
2537 2339 2621 2387 est
2670 2330 2951 2387 subsistas
3001 2331 3188 2387 valide
3236 2331 3384 2387 inter
3442 2331 3655 2387 turbu—

1955 2420 2160 2477 lentias
2214 2419 2510 2487 vitiorum,
2585 2426 2639 2475 et
2717 2420 2978 2487 Abraha,
3051 2419 3362 2475 intellectui
3442 2419 3656 2474 scilicet

1916 2509 2203 2578 scientia
2231 2522 2447 2564 munus
2477 2507 2804 2578 ampliﬁcet,
2858 2514 2908 2562 et
2946 2510 3161 2573 semini,
3212 2508 3267 2562 id
3314 2515 3395 2562 est
3444 2508 3649 2562 merito

1952 2604 2052 2654 tuo
2082 2604 2208 2667 post
2236 2598 2456 2653 obitum
2503 2610 2654 2651 vera
2702 2596 3113 2652 benedictionis
3155 2596 3307 2650 dona
3372 2603 3650 2665 repenset,

1952 2691 2013 2740 ut
2038 2686 2315 2755 possideas
2357 2690 2564 2741 terram
2600 2685 2853 2755 corporis
2896 2684 2952 2738 in
2998 2699 3114 2753 quo
3155 2683 3560 2754 peregrinatus
3594 2699 3655 2739 es

1959 2782 1988 2828 l
2011 2780 2100 2829 le
2132 2773 2486 2845 resurgendo
2512 2772 2772 2839 feliciter,
2798 2772 2953 2842 quod
2978 2772 3264 2841 pollicitus
3282 2779 3366 2828 est
3391 2785 3490 2842 per
3532 2786 3656 2841 pro-

144 2861 421 2916 unadie?
447 2861 582 2928 Cur,
636 2860 842 2931 inquit,
890 2860 1307 2916 momentaneis
1357 2868 1412 2916 et
1458 2860 1628 2930 quasi
1663 2859 1843 2915 unius
1883 2882 1924 2938 ρ
1955 2859 2424 2934 phetas'Christo,
2474 2861 2817 2917 universalis
2859 2860 3058 2916 matris
3104 2860 3370 2915 Ecclesia
3403 2859 3553 2929 patri
3597 2867 3651 2914 et

146 2950 271 3006 diei
295 2950 545 3021 gaudiis,
572 2957 628 3005 et
659 2948 887 3005 ﬂuxum
921 2949 1236 3019 appetitum
1262 2948 1533 3005 brevibus
1561 2948 1844 3005 illecebris

143 3038 492 3108 expendam,
515 3048 570 3094 et
591 3036 746 3107 quod
768 3036 907 3092 mihi
936 3043 1195 3106 superest
1229 3036 1390 3091 bona
1411 3035 1728 3091 voluntatis
1754 3036 1842 3090 in-

145 3127 414 3183 terimam
426 3128 455 3180 ?
512 3126 703 3197 (Vnus.
733 3126 845 3192 46.)
869 3124 1050 3179 Taedet
1065 3141 1147 3178 me
1164 3127 1288 3179 vita
1307 3140 1433 3179 mea
1446 3128 1670 3193 propter
1696 3125 1843 3193 ﬁlias

144 3215 325 3281 Heth,
359 3215 498 3269 dicit
520 3214 595 3268 ad
619 3215 774 3267 Isaac
812 3212 1060 3267 Rebecca.
1093 3212 1240 3268 Dum
1272 3211 1565 3282 patientia,
1616 3212 1845 3281 gaudiis

144 3305 474 3362 coelestibus
502 3304 725 3368 innixa,
762 3317 897 3359 cum
944 3303 1035 3358 bis
1077 3316 1145 3358 ac
1182 3302 1229 3357 si
1278 3316 1411 3358 cum
1444 3316 1552 3358 suo
1582 3303 1744 3359 Isaac
1775 3303 1844 3358 de

144 3394 423 3449 vitiorum
475 3391 811 3448 difﬁcultate
878 3391 1165 3461 tadioque
1217 3390 1617 3461 conqueritur.
1664 3392 1844 3446 Filias

147 3480 329 3536 ﬂuida
359 3479 659 3543 desideria,
695 3479 870 3546 Heth,
924 3486 1237 3548 stuporem,
1270 3479 1579 3548 reprobum
1632 3478 1845 3534 scilicet

144 3583 384 3625 sensum
442 3567 584 3624 satis
631 3567 909 3623 diximus.
972 3570 1033 3624 Si
1087 3570 1353 3636 acceperit
1404 3567 1566 3621 Jacob
1622 3582 1846 3621 umorem

145 3657 212 3710 de
265 3658 438 3724 stirpe
494 3655 659 3724 hujus
705 3660 880 3722 terra,
919 3656 1039 3709 nolo
1076 3656 1274 3710 vivere.
1324 3654 1380 3710 Si
1436 3654 1529 3725 pia
1578 3654 1846 3711 voluntas

145 3743 445 3800 desideriis
496 3744 737 3799 terrenis
780 3742 1121 3811 inhaeserit,
1180 3743 1511 3813 patentibus
1590 3752 1845 3800 monstro

144 3831 376 3888 indiciis
404 3844 494 3887 me
542 3837 781 3887 mortem
821 3838 1094 3887 aternam
1136 3831 1364 3901 eligere.
1422 3832 1599 3887 Tadet
1652 3839 1841 3888 autem

145 3928 200 3976 et
231 3920 393 3975 illam
420 3919 554 3975 vita
583 3934 722 3985 sua,
756 3919 897 3975 dum
922 3919 1115 3975 cultus
1151 3918 1375 3989 pietatis
1407 3934 1538 3990 qua
1567 3934 1698 3976 vere
1726 3921 1847 3976 vita

145 4016 250 4075 est,
284 4007 543 4064 molestia
570 4007 858 4063 malorum
889 4007 1236 4064 irruentium
1276 4008 1579 4079 ingruente
1620 4008 1846 4078 patien-

148 4098 292 4153 tiam
322 4096 521 4167 incipit
549 4111 621 4153 ex
647 4096 907 4153 humana
932 4096 1315 4152 imbecillitate
1348 4096 1570 4152 tadere.

732 4237 963 4294 CAPUT
999 4238 1263 4295 XXVIII.

222 4364 399 4420 Vens.
457 4365 508 4430 1,
563 4365 615 4417 2.
675 4393 745 4402 —
813 4364 1039 4418 Vocaoit
1075 4365 1262 4433 itaque
1325 4365 1481 4418 Isaac
1543 4364 1725 4429 Jacob,
1796 4369 1847 4418 et

151 4449 433 4504 benedixit
479 4452 544 4503 ei.
600 4452 968 4519 Pracepitque
1021 4453 1072 4505 ei
1119 4451 1302 4505 dicens
1353 4467 1367 4505 :
1426 4452 1552 4508 Noli
1608 4451 1848 4523 accipere

148 4536 431 4607 conjugem
464 4537 530 4591 de
553 4551 745 4603 genere
773 4538 1065 4603 Chanaan;
1108 4538 1203 4592 sed
1252 4538 1407 4603 vade,
1440 4544 1490 4593 et
1513 4538 1848 4610 proﬁciscere

148 4629 207 4679 in
262 4628 710 4694 Mesopotamiam
755 4626 933 4696 Syria
970 4626 1043 4680 ad
1078 4626 1295 4681 domum
1339 4628 1568 4681 Bathuel
1611 4629 1847 4693 fratrem

146 4717 343 4768 matris
397 4718 522 4778 tua,
579 4718 631 4767 et
676 4713 865 4783 accipe
916 4714 1021 4769 tibi
1065 4714 1193 4768 inde
1244 4730 1467 4768 umorem
1509 4714 1575 4768 de
1628 4715 1848 4772 ﬁliabus

149 4802 341 4857 Laban
372 4803 631 4857 avunculi
674 4804 778 4857 tui.
808 4804 969 4859 Isaac
1013 4803 1175 4858 Iacob
1213 4802 1472 4870 advocat,
1510 4817 1645 4858 cum
1684 4802 1848 4858 cale-

147 4897 228 4948 ste
271 4890 577 4960 suspirans
633 4892 915 4962 gaudium
973 4891 1183 4948 bonam
1250 4891 1322 4946 ad
1369 4905 1427 4946 se
1498 4891 1851 4948 voluntatem

150 4980 333 5037 ﬁdelis
382 4979 583 5035 anima
622 4980 890 5037 concitat.
943 4980 1230 5038 Benedicit
1273 4982 1340 5042 ei,
1386 4993 1519 5035 cum
1580 4979 1850 5035 virtutem

147 5069 271 5140 ejus
330 5067 544 5123 nititur
605 5068 897 5139 adaugere
963 5069 1186 5125 virtuti.
1255 5068 1548 5124 Dictorum
1617 5070 1745 5138 ejus
1804 5068 1852 5124 is

151 5171 355 5214 sensus
396 5164 502 5212 est.
556 5155 683 5211 Noli
731 5155 1024 5212 adharere
1073 5155 1352 5213 illecebris
1380 5156 1745 5226 voluptatum
1783 5157 1853 5212 de

154 5259 356 5317 genere
377 5244 679 5309 Chanaan,
714 5243 769 5297 id
818 5251 902 5298 est
930 5244 1372 5315 negotiatorum.
1416 5244 1474 5299 in
1506 5258 1623 5314 quo
1655 5244 1853 5314 procul

154 5335 326 5391 dubio
361 5331 746 5389 conformeris
791 5332 874 5386 eis
919 5334 1018 5402 qui
1070 5333 1237 5388 ﬁdem
1261 5347 1329 5388 ac
1359 5333 1511 5388 bona
1538 5347 1711 5403 opera
1751 5348 1854 5403 pro

158 5422 494 5480 carnalitate
521 5420 896 5490 exsequenda
932 5420 1289 5492 expendunt,
1325 5420 1422 5477 sed
1452 5421 1524 5476 ad
1571 5422 1676 5477 hoc
1718 5435 1854 5491 pro-I

1951 2951 2191 3019 auctori,
2237 2958 2291 3006 et
2347 2950 2479 3006 inde
2534 2955 2630 3005 tuo
2686 2949 2934 3004 ﬁliorum
2993 2948 3253 3004 videlicet
3302 2948 3489 3018 ipsius
3540 2949 3647 3002 Ec-

1951 3038 2137 3095 clesia
2169 3054 2287 3093 avo.
2340 3038 2536 3106 (Vnus.
2589 3037 2665 3106 5.)
2698 3038 2934 3105 Cumque
2976 3037 3273 3090 dimisisset
3315 3051 3435 3090 eum
3462 3037 3648 3102 Isaac,

1948 3130 2222 3196 profectus
2248 3128 2389 3180 venit
2409 3128 2468 3179 in
2516 3126 2980 3194 Mesopotamiam,
3012 3132 3143 3191 etc.,
3196 3138 3328 3194 qua
3380 3124 3651 3194 superius

1949 3222 2193 3271 tractata
2258 3214 2521 3270 sufﬁcere
2581 3220 2823 3283 queunt.
2885 3212 3173 3268 Dimittere
3225 3220 3417 3268 tamen
3488 3214 3652 3266 Isaac

1950 3304 2029 3360 nil
2087 3304 2245 3360 aliud
2294 3311 2379 3359 est
2429 3317 2609 3374 quam
2656 3317 2730 3359 ex
2787 3302 3032 3359 caelestis
3086 3302 3284 3372 gaudii
3338 3302 3653 3359 intentione

1951 3393 2115 3449 bona
2158 3391 2472 3448 voluntatis
2518 3390 2782 3448 effectum
2838 3391 3105 3463 dirigere.
3158 3391 3356 3465 (VERS.
3417 3390 3495 3460 6.)
3553 3392 3652 3445 Vi-

1951 3482 2081 3535 dens
2155 3486 2333 3535 autem
2396 3482 2571 3548 Esau,
2638 3480 2783 3549 quod
2856 3480 3217 3534 benedixisset
3288 3484 3449 3548 pater
3520 3494 3649 3533 suus

1949 3570 2134 3636 Jacob,
2175 3573 2227 3624 et
2273 3571 2508 3624 misisset
2561 3572 2619 3623 in
2668 3571 3113 3639 Mesopotamiam
3161 3568 3356 3638 Syria,
3404 3572 3465 3621 ut
3523 3567 3651 3622 inde

1950 3674 2175 3713 umorem
2214 3658 2449 3724 duceret,
2480 3663 2529 3712 et
2561 3658 2705 3727 quod
2739 3663 2861 3726 post
2886 3657 3313 3727 {benedictionem
3357 3659 3645 3724 pracepis-

1951 3752 2032 3802 set
2058 3748 2127 3815 ei,
2162 3747 2348 3802 dicens
2376 3763 2389 3801 :
2422 3748 2539 3803 Non
2588 3748 2816 3816 accipies
2851 3745 2916 3799 de
2952 3744 3170 3813 filiabus
3202 3745 3482 3800 Chanaan.
3528 3744 3649 3799 Hoc

1952 3842 2136 3893 totum
2165 3834 2482 3891 secundum
2528 3833 2681 3904 quod
2730 3834 2995 3903 superius
3042 3832 3420 3888 disseruimus
3468 3839 3642 3902 patet.

1953 3940 1987 3981 a
2057 3925 2226 3979 modo
2274 3922 2590 3978 videamus.
2639 3922 2834 3989 (Vnus.
2887 3922 2964 3991 8.)
3015 3920 3259 3975 Probans
3308 3923 3457 3975 Esau
3502 3919 3649 3990 quod

1952 4029 2059 4068 non
2125 4014 2350 4066 libenter
2412 4013 2678 4080 aspiceret
2730 4010 2872 4079 ﬁlias
2948 4010 3210 4066 Chanaan
3273 4015 3437 4079 pater
3494 4023 3644 4075 suus,

1955 4107 2259 4170 postquam
2290 4099 2492 4169 utique
2529 4098 2780 4154 carnalis
2811 4096 3048 4153 affectus
3077 4111 3150 4153 ex
3182 4097 3344 4153 bona
3371 4096 3648 4152 volunta-

1889 4179 2028 4243 Dtis
2089 4193 2421 4257 augmento,
2478 4194 2532 4242 et
2586 4185 2952 4241 exsecutione
3008 4185 3238 4241 virtutis
3310 4198 3642 4246 concussus.

1955 4276 2233 4332 adversus
2307 4273 2573 4343 spiritum
2635 4273 2957 4329 calestibus
3026 4272 3341 4327 inhiantem
3408 4272 3649 4342 gravius

1954 4362 2337 4427 excandescit,
2382 4376 2449 4418 ea
2488 4362 2691 4418 mundi
2722 4361 3023 4427 desideria,
3071 4375 3203 4431 qua
3249 4360 3394 4416 ratio
3445 4360 3650 4416 fortius

1956 4453 2150 4509 horret
2177 4450 2438 4508 crebrius
2466 4450 2681 4521 objicit,
2715 4450 2891 4521 (Vens
2937 4449 3011 4521 9),
3066 4449 3217 4505 unde
3262 4456 3317 4504 et
3354 4448 3428 4502 ad
3470 4450 3649 4503 Isma-

1955 4542 2085 4594 elem
2127 4540 2188 4605 it,
2244 4540 2315 4595 ad
2365 4538 2857 4607 saculifprofecto
2908 4536 3400 4606 concupiscentias
3449 4535 3647 4599 tendit,

1957 4628 2174 4699 quibus
2228 4641 2344 4682 non
2397 4627 2532 4693 Deo,
2584 4624 2682 4681 sed
2730 4625 2836 4681 sibi
2888 4624 3140 4694 quisque
3182 4623 3393 4679 obedit.
3448 4623 3650 4679 lsmael

1955 4715 2108 4773 enim
2135 4714 2345 4770 dicitur
2371 4714 2621 4768 obediens
2670 4714 2795 4768 sibi.
2832 4713 2903 4768 Et
2939 4711 3191 4781 exceptis
3221 4710 3311 4766 his
3341 4710 3644 4777 uxoribus,

1956 4803 2163 4859 mundi
2215 4803 2419 4872 utique
2458 4802 2614 4858 curis
2662 4815 2730 4857 ac
2762 4799 3283 4857 necessitudinibus
3324 4798 3539 4869 quibus
3570 4799 3651 4855 illi

1959 4891 2410 4962 astringebatur,
2455 4892 2634 4961 ﬁliam
2700 4891 2914 4954 lsmael,
2988 4889 3281 4945 lasciviam
3343 4887 3653 4958 voluptatis

1965 4994 2253 5051 corporea
2290 4978 2673 5049 amplectitur.
2732 4977 2833 5034 Sed
2876 4978 3196 5034 notandum
3240 4976 3396 5047 quod
3450 4977 3654 5033 lsmael

1960 5069 2113 5125 ﬁlius
2143 5068 2437 5124 Abraham
2485 5067 2716 5133 dicitur,
2799 5065 2939 5136 quia
2995 5080 3068 5122 ex
3140 5079 3355 5136 magna
3417 5065 3657 5121 rationis

1961 5157 2175 5215 virtute
2205 5156 2411 5227 ingens
2429 5154 2776 5224 cupiditatis,
2809 5160 2910 5209 aut
2938 5153 3283 5221 cenodoxia,
3325 5167 3430 5208 nec
3454 5168 3566 5209 non
3602 5162 3657 5209 et

1961 5245 2210 5303 carnalis
2256 5246 2559 5317 aliquoties
2615 5242 3110 5312 concupiscentia,
3167 5248 3222 5296 et
3262 5242 3434 5297 etiam
3472 5242 3659 5297 acrior

1962 5334 2223 5391 exoritur
2269 5341 2477 5399 motus,
2530 5333 2698 5402 quasi
2752 5330 2989 5402 quidam
3030 5343 3282 5400 nequam
3316 5341 3384 5383 ac
3413 5327 3661 5397 degener

1967 5422 2148 5487 ﬁlius;
2209 5421 2333 5492 ipsa
2386 5427 2580 5477 autem
2646 5421 2783 5489 ﬁlia,
2844 5418 3115 5477 voluntas
3168 5415 3425 5472 videlicet
3477 5413 3661 5475 ﬂuxa,
