3904 6066
247 164 351 214 215

1135 161 1195 214 ν.
1239 159 1572 216 GUIBERTI
1613 158 1902 214 ABBATIS
1942 162 1996 214 S.
2041 162 2276 216 ΜΑΗΙιΕ
2313 162 2406 216 DE

2470 161 2854 218 NOVIGENTO
3643 163 3751 216 216
3861 57 3870 230 4

249 292 455 350 Meleth
508 291 629 364 [al.,
681 289 1010 362 Maheleth],
1052 289 1207 360 quod
1256 290 1666 359 interpretatur
1727 293 1940 356 chorus,
1983 296 2023 345 A
2055 298 2236 346 ratur.
2275 294 2502 359 Discite,
2546 292 2736 362 inquit
2773 307 2807 346 a
2839 307 2939 360 me,
2973 306 3089 347 non
3143 291 3370 363 vigilias
3403 306 3471 348 ac
3510 292 3757 365 jejunia,

252 381 595 451 appellatur.
629 381 852 436 Chorus
884 393 1014 434 vero
1050 379 1177 434 licet
1207 378 1262 432 in
1295 379 1444 434 bono
1493 393 1594 449 pro
1643 380 1946 436 concordia

251 471 387 541 poni
415 470 609 528 soleat.
643 469 735 524 hic
764 476 954 524 tamen
981 469 1119 538 quia
1151 468 1563 525 colludentium
1597 469 1944 525 feminarum

247 573 370 615 esse
413 556 784 628 dignoscitur,
817 571 918 626 pro
963 556 1056 612 illo
1088 556 1312 612 interno
1343 557 1731 626 przecordialis
1778 557 1944 613 lasci-

255 649 361 703 viae
408 653 708 712 concentu,
741 645 842 715 qui
894 645 1058 700 nobis
1086 645 1309 701 Sirenes
1356 660 1543 716 usque
1596 645 1653 700 in
1701 646 1944 702 exitium

251 735 447 792 dulces
502 734 740 802 inducit,
793 749 1010 804 nosque
1072 733 1450 789 lenocinando
1521 735 1942 802 circumvallat,

252 826 488 894 potitur.
538 824 669 878 Haec
720 830 803 879 est
849 837 1009 878 soror
1055 822 1360 892 Nabajoth,
1413 823 1514 892 qui
1565 823 1778 879 dicitur
1825 839 1950 893 pro-

245 914 494 982 phetans,
545 912 683 981 quia
729 911 975 966 carnalis
1021 911 1487 981 concupiscentia
1541 911 1792 982 quadam
1840 912 1946 968 sibi

250 1000 606 1072 germanitus
635 1001 961 1056 adhaerente
991 1000 1204 1070 gaudet
1252 999 1570 1069 prophetia,
1629 1015 1748 1070 qua
1779 1015 1947 1056 sene—

251 1090 424 1146 ctutis
495 1097 745 1159 tempore
794 1103 928 1145 cum
984 1089 1334 1144 deferbuerit
1393 1089 1717 1160 juventutis
1785 1103 1942 1153 cura,

249 1179 483 1248 spondet
503 1178 610 1234 sibi
639 1177 984 1248 paenitentiae
1016 1185 1070 1233 et
1100 1177 1396 1234 caelibatus
1429 1178 1639 1234 studia.

320 1267 492 1324 VERS.
551 1269 634 1332 10,
692 1270 775 1333 11,
813 1269 896 1333 12,
950 1268 1033 1320 13.
1077 1297 1145 1304 —
1190 1268 1368 1332 Igitur
1403 1281 1645 1334 egressus
1689 1267 1850 1320 Jacob
1882 1267 1946 1320 de

248 1357 508 1411 Bersabee
539 1357 802 1424 pergebat
846 1359 1052 1410 tiaran.
1088 1356 1332 1423 Cumque
1362 1357 1590 1409 venisset
1632 1356 1706 1408 ad
1755 1373 1940 1424 quem-

249 1446 378 1500 dam
405 1446 593 1512 locum,
627 1449 677 1498 et
714 1445 870 1498 vellet
917 1446 974 1497 in
1003 1459 1059 1498 eo
1104 1446 1433 1513 requiescere
1469 1450 1589 1514 post
1620 1447 1746 1499 solis
1787 1461 1943 1499 occu-

252 1535 442 1602 bitum,
475 1535 602 1588 tulit
645 1534 710 1587 de
757 1533 1052 1602 lapidibus,
1080 1535 1177 1601 qui
1219 1533 1496 1601 jacebant,
1548 1537 1596 1586 et
1641 1548 1945 1602 supponens

249 1625 423 1692 capiti
456 1637 572 1684 suo.
605 1622 863 1676 dormivit
903 1623 963 1675 in
1009 1621 1188 1676 eodem
1247 1623 1373 1675 loco.
1434 1622 1690 1691 Viditque
1742 1624 1945 1676 scalam

249 1715 306 1766 in
329 1714 531 1767 somnis
560 1716 789 1765 stantem
824 1726 986 1780 super
1018 1717 1239 1776 terram,
1276 1715 1326 1764 et
1374 1725 1624 1764 cacumen
1653 1711 1771 1778 ejus
1817 1716 1947 1765 tan-

248 1817 376 1869 gens
418 1802 623 1867 caelum,
673 1801 890 1867 angelos
947 1815 1156 1868 quoque
1213 1801 1315 1852 Dei
1358 1799 1700 1854 ascendentes
1755 1804 1804 1853 et
1853 1800 1946 1854 de-

249 1891 559 1944 scendentes
585 1905 686 1959 per
737 1905 872 1943 eam.
920 1891 993 1943 Et
1049 1890 1331 1942 Dominum
1355 1891 1604 1942 innixum
1648 1891 1824 1964 scalae.
1877 1893 1948 1943 De

253 1979 528 2046 Bersabee,
583 1979 638 2033 id
672 1986 753 2033 est
809 1984 977 2047 puteo
1022 1977 1283 2046 septimo,
1331 1977 1421 2031 vel
1468 1985 1638 2045 puteo
1679 1978 1946 2033 saturita-

251 2068 341 2135 tis,
404 2067 472 2122 de
523 2066 800 2136 voragine
853 2065 1053 2135 procul
1112 2065 1288 2120 dubio
1348 2065 1655 2121 libidinum
1730 2066 1946 2136 saeculi,

249 2155 402 2226 quod
443 2162 656 2223 septem
688 2154 890 2209 diebus
921 2153 1193 2220 volvitur,
1228 2153 1500 2222 quodque
1533 2154 1653 2224 jam
1679 2155 1943 2223 satutari,

249 2244 306 2299 id
339 2251 422 2299 est
469 2242 691 2298 fastidio
745 2257 866 2297 esse
927 2242 1122 2310 incipit
1166 2241 1408 2297 caelestis
1455 2242 1652 2311 gaudii
1684 2243 1941 2307 obtentu,

247 2332 440 2400 Jacoh,
503 2331 651 2387 bona
697 2330 910 2386 scilicet
963 2331 1232 2387 voluntas
1283 2330 1596 2399 egreditur,
1662 2339 1716 2386 et
1770 2331 1948 2387 tendit

249 2423 462 2489 Haran,
495 2419 651 2489 quod
680 2419 1090 2488 interpretatur
1113 2433 1195 2472 res
1229 2434 1353 2472 cum
1391 2434 1541 2484 arca,
1583 2427 1647 2474 ut
1688 2419 1948 2476 videlicet

247 2517 302 2564 et
367 2522 560 2564 arcam
612 2507 971 2563 conscientiae
1025 2508 1324 2576 possideat,
1381 2514 1435 2562 et
1486 2507 1626 2576 quia
1685 2521 1820 2562 arca
1874 2509 1946 2564 ab

246 2597 475 2652 arcendo
495 2597 722 2660 dicitur,
756 2596 828 2651 ab
853 2609 920 2650 ea
950 2595 1237 2665 quidquid
1286 2595 1529 2650 noxium
1575 2603 1676 2663 est,
1733 2605 1943 2664 arceat,

250 2684 308 2738 in
338 2697 456 2753 qua
485 2682 656 2737 etiam
698 2695 788 2736 res
833 2681 1132 2749 habeatur,
1169 2681 1225 2737 id
1249 2689 1332 2737 est
1372 2683 1604 2749 veritas,
1658 2690 1948 2752 quatenus

249 2772 482 2828 solitum
530 2785 596 2825 ac
648 2769 1078 2825 substantivum
1113 2784 1279 2824 omne
1338 2769 1479 2825 illud
1530 2778 1744 2826 constet
1802 2785 1942 2826 esse.

2053 380 2146 435 sed
2201 384 2332 448 quia
2373 383 2519 434 mitis
2566 395 2684 434 sum
2731 386 2780 435 et
2829 381 3051 434 humilis
3080 381 3240 435 corde
3263 381 3493 451 (Matth.
3535 398 3614 452 x1,
3637 383 3750 453 29).

2055 469 2133 522 De
2159 469 2435 538 gradibus
2465 476 2653 524 autem
2698 468 2823 538 ejus
2855 477 2910 524 et
2943 469 3200 524 moderni
3241 484 3307 525 ac
3347 479 3565 527 veteres
3608 472 3755 527 sub-

2055 557 2175 612 tilia
2210 557 2390 611 multa
2421 557 2760 626 loquuntur.

2129 649 2237 711 Ego
2283 660 2420 711 sum,
2479 647 2578 711 ait,
2648 649 2779 700 Deus
2826 647 3105 700 Abraham
3150 650 3329 716 patris
3390 651 3492 715 tui,
3547 650 3754 720 utique

2052 733 2292 789 rationis
2321 747 2354 788 a
2387 747 2504 804 qua
2552 741 2789 803 paterne
2828 734 3058 804 regeris,
3114 740 3165 789 et
3211 737 3351 788 Deus
3405 736 3589 803 Isaac,
3646 735 3752 805 qui

2056 823 2154 878 tibi
2187 823 2405 892 inspiro
2434 822 2716 893 gaudium
2758 822 2952 893 glorize
2981 822 3241 878 caelestis.
3291 826 3511 878 Terram
3545 828 3604 878 in
3636 841 3748 893 qua

2054 912 2256 965 dormis
2293 912 2393 965 tibi
2437 913 2597 978 dabo,
2640 917 2690 965 et
2732 913 2924 965 semini
2977 917 3086 978 tuo,
3138 913 3429 968 Christum
3465 914 3521 968 in
3575 915 3750 984 cujus

2052 1001 2446 1057 conformitate
2501 1014 2535 1055 a
2600 1000 2790 1056 szeculi
2838 1000 3040 1056 ilabore
3106 1002 3482 1071 conquiescis,
3540 1003 3642 1057 tibi
3699 1007 3754 1056 et

2052 1091 2263 1156 semini,
2298 1089 2349 1144 id
2383 1097 2467 1144 est
2512 1088 2894 1143 imitatoribus
2951 1088 3065 1144 tuis
3104 1088 3412 1145 fovendum
3463 1091 3751 1159 praebebo,

2052 1180 2260 1246 eritque
2285 1191 2516 1248 germen
2547 1177 2733 1246 operis
2765 1179 2927 1245 quasi
2951 1179 3153 1246 pulvis,
3190 1177 3263 1233 ab
3301 1179 3540 1234 humore
3579 1179 3758 1234 totius

2054 1265 2300 1321 lasciviae
2333 1264 2581 1321 carnalis
2611 1265 2845 1333 sudum,
2871 1280 2986 1320 non
3016 1280 3188 1335 quem
3219 1266 3482 1337 projiciat
3519 1276 3754 1335 ventus,

2053 1354 2149 1410 sed
2183 1354 2309 1409 talis
2363 1353 2554 1424 pulvis
2603 1354 2701 1423 qui
2737 1354 3011 1410 inhzereat
3058 1362 3240 1423 terrae,
3275 1355 3329 1410 id
3359 1356 3762 1412 cststabilitati

2053 1451 2300 1498 aeternae.
2352 1443 2683 1496 Dilataberis
2722 1442 2794 1496 ad
2839 1442 3296 1512 dignoscendum
3350 1449 3490 1498 na
3540 1444 3764 1514 proprii

1989 1572 2027 1626 Β
2056 1530 2308 1586 defectus
2337 1531 2679 1593 occidentem,
2711 1530 2782 1585 ad
2811 1531 3286 1601 przegustandum
3331 1531 3570 1587 internae
3610 1531 3764 1588 lucis

2055 1622 2330 1686 orientem,
2373 1619 2444 1674 ad
2493 1619 2937 1688 praecavendum
2986 1619 3216 1674 desidiae
3266 1621 3603 1690 actorporis
3642 1636 3760 1690 sep-

2054 1711 2390 1778 tentrionem,
2432 1715 2486 1764 et
2512 1708 2584 1763 ad
2623 1708 2806 1763 sancti
2855 1707 3099 1777 Spiritus
3152 1709 3540 1764 hauriendum
3588 1713 3764 1763 mm-

2053 1797 2215 1852 diem.

2125 1886 2296 1942 VERS.
2328 1886 2416 1940 14.
2469 1915 2539 1925 --
2591 1888 2662 1940 Et
2709 1885 3092 1952 benedicentur
3133 1888 3190 1940 in
3238 1893 3305 1953 te,
3352 1892 3403 1942 et
3459 1890 3519 1941 in
3558 1890 3763 1942 semine

2054 1980 2143 2030 tuo
2191 1981 2394 2030 cunctae
2441 1976 2614 2030 tribus
2664 1979 2838 2041 terra,
2900 1974 2959 2028 in
2990 1981 3090 2029 tua
3128 1974 3259 2042 ﬁde,
3295 1983 3349 2031 et
3403 1975 3533 2032 ﬁdei
3563 1977 3760 2046 operi-

2056 2065 2181 2133 bus,
2234 2064 2319 2120 vel
2372 2065 2598 2120 interna
2631 2064 2837 2133 gratia,
2871 2077 3001 2132 quae
3042 2077 3282 2132 operum
3333 2065 3618 2122 bonorum
3661 2080 3758 2121 se—

2053 2167 2185 2207 men
2223 2159 2326 2219 est,
2377 2150 2918 2221 multiplicabuntur
2956 2151 3239 2207 universae
3287 2153 3570 2208 trinitates
3613 2168 3759 2210 con-

2054 2241 2322 2307 scientize,
2383 2241 2678 2313 ingenium
2733 2241 2948 2296 scilicet
2997 2242 3266 2298 voluntas
3320 2257 3388 2298 ac
3446 2245 3757 2313 memoria;

2054 2329 2142 2384 vel
2194 2329 2446 2396 initium,
2507 2329 2806 2399 promotio,
2865 2337 2919 2384 et
2969 2328 3100 2384 ﬁnis
3159 2337 3326 2400 tuus;
3378 2331 3514 2387 ﬁdes
3559 2333 3756 2400 etiam,

2054 2432 2198 2486 spes,
2231 2426 2286 2473 et
2327 2419 2605 2486 Charitas;
2638 2417 2726 2472 vel
2767 2417 3053 2488 cogitatio,
3086 2417 3316 2487 locutio,
3368 2433 3436 2475 ac
3477 2422 3757 2490 Operatio.

2052 2505 2252 2576 (VERS.
2291 2508 2401 2576 15.)
2433 2510 2503 2560 Et
2543 2521 2630 2559 ero
2662 2511 2836 2560 custos
2882 2511 3021 2570 tuus,
3076 2522 3391 2576 quocunque
3423 2513 3757 2578 perremeris,

2054 2607 2405 2662 quocunque
2478 2593 2644 2662 plane
2718 2593 2980 2648 animum
3045 2593 3376 2664 intenderis,
3448 2601 3624 2651 custos
3669 2613 3761 2652 ero

2056 2688 2168 2735 tua}
2234 2681 2506 2747 actionis;
2575 2683 2654 2734 Et
2689 2682 2946 2735 reducam
2995 2685 3045 2735 te
3108 2684 3167 2736 in
3219 2687 3421 2738 terram
3489 2685 3649 2754 hanc,
3710 2686 3758 2741 si

2056 2769 2288 2839 quando
2327 2785 2463 2825 sane
2511 2769 2846 2826 humanitus
2895 2772 3174 2840 evageris,
3230 2771 3284 2826 in
3342 2773 3500 2827 hunc
3550 2775 3759 2829 mentis

251 2861 406 2931 quod
440 2858 783 2914 intrinsecus
816 2857 1159 2925 continetur,
1201 2865 1255 2913 et
1290 2873 1404 2913 non
1439 2873 1538 2928 per
1579 2859 1778 2914 inania
1805 2874 1946 2916 eva-
1987 2873 2027 2928 c
2055 2866 2287 2924 statum,
2320 2873 2436 2928 quo
2461 2873 2621 2914 nunc
2666 2873 2725 2914 es
2753 2859 2825 2913 ad
2867 2859 3100 2914 modum
3146 2867 3312 2915 terra:
3359 2861 3606 2917 solidum
3654 2877 3760 2932 per

253 2957 440 3020 getur.
469 2947 712 3014 Quidam
772 2947 929 3001 locus
977 2947 1048 3001 ad
1109 2961 1282 3017 quem
1332 2947 1508 3015 venit,
1570 2948 1685 3017 ipse
1744 2957 1846 3016 est,
1893 2949 1951 3004 in

253 3054 369 3110 quo
402 3038 744 3110 generalitas
785 3037 957 3092 totius
1000 3044 1298 3100 creaturas,
1346 3043 1400 3091 et
1457 3037 1741 3106 prrecipue
1777 3038 1951 3094 totius

252 3126 619 3198 benignitatis
649 3125 923 3192 consistit,
956 3138 1023 3179 ac
1062 3124 1318 3180 subsistit
1348 3125 1419 3179 ad
1453 3139 1624 3194 quem
1669 3125 1950 3182 desiderio

252 3230 319 3271 ac
346 3215 564 3270 meritis
587 3228 719 3269 cum
748 3212 880 3284 quis
911 3213 1146 3281 accedit,
1182 3226 1296 3268 non
1327 3212 1435 3267 nisi
1471 3217 1595 3281 post
1625 3215 1753 3268 solis
1796 3229 1949 3268 occu-

251 3306 442 3370 bitum,
490 3303 669 3373 sopito
703 3302 903 3373 utique
935 3302 1154 3358 fervore
1184 3301 1568 3370 corporalium
1607 3309 1856 3359 mstuum
1893 3305 1951 3359 in

252 3408 318 3450 eo
349 3391 718 3462 conquiescit,
757 3398 894 3446 tunc
929 3398 1117 3446 tamen
1160 3390 1206 3445 si
1240 3389 1494 3458 primum
1536 3390 1601 3444 de
1649 3391 1948 3460 lapidibus,

252 3481 354 3550 qui
385 3479 596 3550 jacent,
620 3479 687 3534 de
717 3478 928 3533 sanctis
958 3477 1170 3532 scilicet
1201 3477 1302 3546 qui
1337 3477 1394 3531 in
1437 3491 1652 3533 morem
1693 3478 1952 3548 lapidum

255 3569 404 3624 ﬁrmi
431 3576 585 3630 sunt,
618 3575 672 3622 et
707 3566 998 3622 humiliter
1025 3580 1083 3621 se
1134 3566 1364 3629 habent,
1422 3566 1742 3623 volvuntur
1773 3568 1950 3635 enim,

249 3659 420 3730 juxta
489 3655 821 3711 Zachariam
868 3669 1041 3723 super
1082 3661 1291 3708 terram
1347 3656 1528 3721 (Zach.
1583 3670 1656 3720 ιχ,
1723 3656 1828 3726 16),
1879 3657 1951 3713 ad

253 3745 580 3814 exemplum
630 3743 735 3799 sibi
797 3743 972 3808 tollat,
1023 3751 1076 3797 et
1139 3745 1328 3811 capiti,
1382 3743 1437 3797 id
1497 3751 1580 3799 est
1631 3745 1805 3800 menti
1850 3760 1951 3814 pro

254 3833 586 3890 fulcimento
613 3839 920 3901 supponat,
957 3837 1019 3886 ut
1054 3831 1130 3886 ita
1159 3834 1218 3884 in
1250 3833 1378 3898 loco,
1416 3832 1514 3901 qui
1548 3847 1772 3902 semper
1803 3832 1950 3889 idem

251 3929 356 3990 est,
407 3920 562 3975 haud
629 3919 872 3974 dubium
925 3919 1069 3988 quin
1120 3919 1254 3984 Deo,
1315 3933 1349 3973 a
1403 3920 1667 3974 saeculari
1711 3922 1951 3990 strepitu

254 4007 538 4076 consopiri
568 4013 758 4076 queat.
792 4007 864 4059 In
903 4007 1103 4059 somnis
1150 4006 1365 4075 itaque,
1403 4007 1542 4062 dum
1574 4007 1836 4064 videlicet
1878 4011 1950 4066 ab

255 4110 449 4152 amore
498 4094 865 4165 praesentium
920 4094 1098 4148 animi
1131 4094 1405 4150 intuitum
1460 4095 1695 4164 claudit,
1747 4100 1950 4154 scalam

256 4183 599 4241 humilitatis
655 4196 786 4252 qua
846 4196 961 4237 non
1036 4182 1287 4249 vacillat,
1347 4183 1444 4239 sed
1492 4198 1656 4254 super
1724 4190 1945 4256 terram,
1988 4170 2029 4223 ι)

257 4273 549 4328 Christum
590 4271 757 4341 plane
801 4271 1097 4339 humilem,
1149 4272 1251 4342 qui
1293 4286 1398 4327 nos
1453 4272 1647 4328 fructu
1694 4287 1798 4329 suo
1828 4275 1948 4343 alit,

257 4362 434 4417 solide
466 4368 596 4427 stat,
630 4359 928 4429 conspicit,
977 4359 1116 4429 quia
1172 4361 1358 4415 omnis
1415 4362 1651 4416 terrenis
1695 4361 1951 4419 intentus

259 4449 400 4520 quid
466 4448 538 4502 sit
623 4447 919 4503 humilitas
967 4448 1162 4503 nescit.
1205 4448 1439 4503 Terram
1493 4455 1690 4504 autem
1754 4451 1951 4506 vocari

256 4537 567 4602 Christum,
641 4542 884 4590 testatur
951 4535 1340 4606 Apocalypsis,
1421 4536 1659 4606 adjuvit,
1738 4538 1948 4608 inquit,

258 4631 405 4681 terra
455 4624 735 4678 mulierem
788 4624 987 4693 (Apoc.
1044 4639 1140 4692 xu,
1191 4624 1296 4695 16).
1339 4627 1404 4680 In
1453 4625 1564 4680 hac
1620 4626 1773 4681 scala
1815 4637 1952 4684 sunt

258 4713 486 4784 plurimi
517 4712 749 4784 gradus,
783 4727 896 4768 non
928 4711 1233 4782 aliifquam
1265 4713 1334 4770 de
1366 4714 1680 4770 visibilium
1713 4724 1953 4772 contem-

259 4802 559 4873 ptibilitate
637 4807 958 4870 provectus.
1039 4800 1217 4871 Cujus
1281 4801 1538 4871 perfectae
1613 4803 1952 4859 humilitatis

254 4907 506 4947 cacumen
572 4891 764 4945 caelum
839 4889 1048 4945 divina)
1133 4891 1625 4960 contemplationis
1696 4893 1946 4963 attingit,

256 4982 395 5051 quia
425 4982 577 5036 Deus
604 4979 759 5050 quod
789 4979 1050 5049 parvulis
1079 4979 1312 5047 revelat,
1329 4980 1686 5050 sapientibus
1710 4981 1954 5035 abscon-

259 5070 341 5124 dit
375 5068 594 5135 (Matth.
655 5082 732 5134 xr,
787 5068 898 5136 25).
939 5067 1053 5123 Nos
1095 5082 1230 5125 vero
1271 5069 1318 5124 si
1365 5068 1621 5139 angelice
1676 5067 1948 5135 vivimus,

257 5171 357 5227 per
403 5157 551 5211 hanc
593 5157 665 5210 ad
715 5156 892 5211 nostri
949 5158 1335 5227 cognitionem
1377 5156 1798 5221 descendimus,
1850 5171 1951 5226 per

252 5247 404 5302 hanc
469 5244 541 5299 ad
610 5243 708 5298 Dei
766 5245 1041 5300 visionem
1100 5245 1483 5312 ascendimus,
1549 5252 1604 5300 et
1671 5245 1952 5303 Dominus

253 5332 418 5408 scala)
464 5332 553 5388 isti
611 5332 897 5403 innititur,
961 5335 1100 5403 quia
1154 5332 1545 5401 principaliter
1593 5332 1783 5388 virtus
1829 5333 1952 5389 haec

250 5420 684 5492 specialiterque
736 5421 918 5492 ipsius
955 5421 1292 5477 auctoritate
1333 5435 1399 5476 ac
1444 5430 1720 5492 praecepto
1778 5423 1951 5479 robo-

2060 2961 2150 3000 me
2188 2946 2524 3002 reduceris:
2583 2948 2685 3002 Nec
2737 2947 3014 3001 dimittam
3069 2949 3181 3000 nisi
3235 2949 3561 3016 complevere
3619 2953 3757 3005 uni-

2058 3050 2216 3089 versa
2237 3051 2354 3102 quae
2399 3035 2553 3102 dia-i;
2593 3035 2694 3090 tibi
2725 3035 3020 3104 cooperari
3068 3050 3182 3090 non
3227 3035 3518 3105 desistam,
3571 3038 3754 3094 donec

2060 3123 2279 3192 praemii
2317 3124 2618 3194 largitione
2647 3123 2830 3180 futuri
2859 3123 3010 3178 dicta
3034 3124 3369 3194 compleam.

2130 3213 2321 3283 (Vens.
2386 3215 2469 3280 16,
2534 3212 2641 3283 17.)
2695 3242 2752 3252 -—
2813 3213 3050 3280 Cumque
3104 3215 3417 3281 evigilasset
3467 3216 3632 3270 Jacob
3689 3216 3758 3271 de

2058 3316 2264 3366 somno,
2319 3304 2445 3355 ait:
2503 3303 2634 3356 Vere
2692 3303 2943 3355 Dominus
2991 3305 3069 3355 est
3123 3304 3183 3354 in
3237 3303 3345 3356 loco
3388 3305 3513 3371 isto,
3559 3309 3612 3358 et
3661 3321 3757 3372 ego

2060 3389 2374 3445 nesciebam.
2427 3392 2740 3458 Pavensque
2786 3406 2799 3443 :
2859 3389 3030 3456 Quam
3088 3391 3369 3458 terribilis,
3426 3394 3628 3462 inquit,
3679 3400 3759 3450 est

2061 3477 2203 3532 locus
2223 3480 2364 3532 iste!
2393 3493 2498 3532 non
2528 3483 2605 3532 est
2645 3479 2730 3532 hic
2773 3478 2929 3532 aliud
2957 3481 3070 3532 nisi
3115 3479 3304 3533 domus
3358 3483 3452 3534 Dei
3496 3487 3547 3534 et
3591 3489 3759 3551 porta

2060 3568 2387 3623 caliJacob
2418 3567 2486 3622 de
2543 3581 2742 3622 somno
2786 3567 3038 3637 evigilat,
3097 3583 3229 3622 cum
3286 3569 3517 3625 animus
3562 3585 3596 3625 a
3651 3586 3757 3628 sua

2061 3654 2252 3724 quiete
2285 3655 2576 3725 paulisper
2600 3662 2924 3724 exemptus,
2959 3669 2991 3710 a
3017 3654 3216 3710 divina
3236 3656 3540 3712 dulcedine
3567 3665 3756 3723 vacat,

2060 3751 2116 3799 et
2147 3751 2282 3799 tunc
2313 3759 2443 3800 vere
2483 3744 2789 3799 Dominum
2821 3744 2878 3798 in
2921 3743 3040 3799 loco
3086 3759 3205 3799 esse
3235 3745 3466 3812 clamat,
3523 3760 3657 3801 cum
3699 3746 3757 3800 in

2060 3832 2159 3887 illa
2208 3833 2571 3902 aliquantula
2616 3833 2920 3888 stabilitate
2970 3833 3176 3888 mentis
3239 3834 3515 3903 quiddam
3574 3834 3759 3890 inesse

2061 3920 2346 3987 divinum,
2382 3921 2492 3976 imo
2522 3921 2753 3976 nonnisi
2780 3921 2996 3976 divinio
3029 3921 3236 3991 illapsu
3278 3921 3398 3977 ﬁeri
3430 3936 3591 3992 posse
3619 3937 3758 3992 pro-

2061 4009 2177 4076 hat,
2200 4009 2295 4064 sed
2341 4009 2461 4064 haec
2494 4009 2633 4064 dum
2680 4009 2980 4075 habemus,
3031 4025 3208 4079 quam
3257 4011 3370 4066 sint
3411 4025 3642 4066 summa
3689 4024 3758 4066 ac

2059 4095 2256 4152 divina
2296 4097 2600 4163 nescimus,
2634 4097 2728 4152 sed
2763 4097 2862 4153 ubi
2891 4097 3130 4166 pristino
3161 4097 3372 4167 torpori
3403 4098 3753 4165 addicimur,

2059 4185 2307 4254 profecto
2347 4200 2380 4240 a
2412 4187 2526 4242 Deo
2554 4199 2621 4241 ea
2679 4186 2796 4256 agi,
2850 4194 2905 4241 et
2956 4201 3071 4241 non
3116 4201 3150 4241 a
3202 4186 3366 4242 nobis
3395 4187 3751 4256 experimur.

2061 4274 2233 4330 Pavet
2283 4281 2478 4330 autem
2523 4282 2577 4330 et
2606 4275 2674 4330 de
2723 4275 2828 4329 loci
2889 4275 3245 4330 terribilitate
3292 4275 3558 4342 miratur,
3619 4291 3756 4332 cum

2059 4369 2114 4417 et
2140 4362 2595 4418 deinnovatione
2624 4363 2980 4432 cogitatuum
3029 4363 3182 4418 intra
3225 4377 3302 4428 se,
3335 4372 3389 4418 et
3428 4362 3496 4417 de
3542 4363 3756 4419 diaboli

2060 4451 2462 4507 terriﬁcatione
2524 4450 2754 4521 cogitat,
2814 4465 2933 4520 qua
2985 4451 3315 4506 concutitur
3388 4465 3489 4520 pro
3547 4459 3757 4507 nostrae

2063 4539 2268 4594 mentis
2303 4537 2602 4604 localitate,
2639 4538 2691 4592 id
2747 4546 2832 4593 est
2889 4538 3076 4594 stabili
3134 4539 3393 4594 veritate.
3465 4539 3758 4594 Terribilis

2058 4627 2211 4682 enim
2244 4626 2375 4682 inde
2421 4626 2712 4694 scribitur,
2765 4627 2936 4683 aeriis
2985 4627 3303 4696 spiritibus,
3347 4631 3408 4680 ut
3454 4633 3759 4682 castrorum

2059 4718 2200 4770 acies
2241 4715 2495 4770 ordinata
2527 4715 2705 4786 (Cant.
2746 4729 2825 4782 Vl,
2877 4719 2927 4783 3,
2962 4715 3039 4785 9).
3072 4715 3209 4782 Qum
3238 4717 3410 4771 etiam
3444 4729 3604 4770 mens
3642 4731 3758 4773 non

2060 4804 2216 4859 aliud
2254 4818 2375 4859 esse
2415 4804 2627 4859 dicitur
2675 4818 2852 4873 quam
2909 4805 3096 4858 domus
3149 4805 3251 4858 Dei
3303 4807 3354 4857 et
3401 4810 3566 4874 porta
3621 4808 3755 4872 cali,

2060 4906 2191 4962 quae
2219 4899 2274 4948 et
2321 4893 2435 4948 Deo
2494 4893 2849 4948 inhabitante
2907 4894 3152 4963 regitur,
3194 4900 3250 4948 et
3305 4893 3373 4948 ad
3434 4893 3761 4962 spiritualia

2059 4981 2424 5050 caelestiaque
2455 4981 2779 5036 contuenda
2802 4982 2915 5036 Deo
2948 4989 3232 5037 reserante
3262 4982 3538 5051 aperitur.

2132 5070 2322 5138 (Vnus.
2361 5072 2443 5136 18,
2499 5072 2604 5138 19.)
2649 5071 2885 5136 Surgens
2936 5087 3060 5137 ergo
3119 5086 3277 5124 mane
3339 5072 3464 5124 tulit
3514 5072 3757 5141 lapidem

2061 5172 2215 5226 quem
2244 5163 2601 5227 supposuerat
2630 5161 2802 5227 capiti
2833 5174 2947 5225 suo,
2981 5164 3031 5213 et
3060 5163 3235 5214 erewit
3260 5162 3315 5212 in
3344 5160 3588 5226 titulum,
3624 5163 3755 5227 fun-

2061 5245 2189 5300 dens
2218 5248 2389 5300 oleum
2422 5247 2669 5316 desuper.
2702 5248 3125 5317 Appellavitque
3151 5264 3339 5302 nomen
3365 5248 3516 5302 urbis
3547 5250 3754 5315 Bethel,

2061 5351 2180 5405 qum
2208 5339 2363 5404 prius
2411 5335 2564 5388 Luza
2593 5336 2905 5389 vocabatur.
2939 5339 3096 5390 Mane
3139 5337 3346 5407 surgit,
3382 5351 3513 5392 cum
3550 5337 3624 5392 ad
3671 5339 3756 5394 di-

2063 5424 2476 5480 vinumlumen
2531 5438 2589 5479 se
2618 5425 2806 5493 erigit.
2850 5425 3114 5494 Lapidem
3138 5441 3293 5495 quem
3335 5427 3507 5494 capiti
3546 5441 3758 5496 suppo-
