3902 6054
152 217 245 266 217
1311 212 1675 267 MORALIUM
1717 213 1785 266 IN
1825 212 2124 267 GENESIN
2165 211 2301 266 LIB.
2344 213 2481 266 VIII.

3551 218 3658 271 218

147 350 330 399 suerat
357 345 519 410 tollit,
547 359 681 400 cum
708 343 997 400 Christum
1019 342 1377 414 singularem
1403 357 1643 400 suorum
1667 342 1839 398 ﬁrmi—
1877 348 1920 399 Α
1951 343 2207 398 maxima
2250 342 2592 398 humilitatis
2621 343 2904 414 gravitate
2929 343 3238 414 cogitando
3270 359 3337 401 ac
3369 345 3658 417 loquendo

151 441 356 502 tatem,
413 449 583 505 quem
648 449 752 504 pro
804 434 1180 490 fundamento
1230 433 1385 489 cordi
1444 441 1844 502 supposuerat,

150 538 353 591 manu,
385 525 491 579 hoc
533 531 618 579 est
646 523 834 593 operis
868 523 1183 578 imitatione
1230 522 1630 592 apprehendit,
1671 522 1851 578 hunc-

151 629 266 683 que
313 617 372 668 in
406 615 623 669 titulum
667 612 856 684 erigit,
893 613 1032 667 dum
1063 612 1134 667 ad
1164 626 1298 668 eum
1337 611 1504 682 quasi
1532 613 1604 668 ad
1637 626 1850 682 propo-

152 703 330 756 situm
380 702 554 756 totius
607 699 926 755 sanctitatis
971 699 1269 768 exemplar
1330 698 1590 754 attendit.
1648 698 1852 754 Oleum

152 791 387 859 desuper
439 789 646 857 fundit,
693 803 822 844 cum
865 787 1346 855 excellentiorem,
1392 787 1565 858 juxta
1609 789 1852 857 Aposto-

152 879 296 945 tum,
333 880 487 933 viam
514 877 811 933 charitatis
839 891 905 932 ac
931 876 1334 933 misericordia
1363 877 1631 932 sectando
1661 877 1852 946 ipsum

149 968 446 1024 Christum
495 967 603 1038 piis
632 966 904 1038 operibus
936 967 1100 1037 ungit
1133 966 1175 1036 (1
1208 968 1326 1023 Cor.
1363 980 1462 1032 xu,
1507 967 1616 1035 3t).
1650 968 1852 1022 Noan

146 1057 303 1111 urbis
356 1058 537 1111 Bethel
579 1057 847 1126 appellat,
897 1070 1030 1112 cum
1085 1055 1338 1110 animam
1394 1055 1618 1110 solertis
1685 1069 1851 1110 muro

148 1145 427 1201 custodia
474 1145 780 1212 munitam,
830 1145 1040 1200 divina
1085 1143 1266 1214 gloria
1296 1143 1665 1199 habitationis
1714 1143 1850 1198 insi-

149 1235 395 1304 gnitam,
446 1234 812 1290 evidentibus
861 1233 1083 1288 indiciis
1126 1233 1348 1303 probat.
1401 1232 1594 1288 Bethel
1642 1232 1854 1289 dicitur

150 1324 345 1377 domus
393 1326 492 1378 Dei
519 1339 533 1376 :
568 1324 719 1378 Luza
751 1337 907 1389 vero,
961 1322 1115 1390 Boia,
1159 1335 1336 1391 quam
1365 1321 1667 1390 compedem
1705 1321 1852 1376 dici-

148 1427 298 1478 mus,
355 1411 699 1481 appellatur.
735 1411 902 1466 Prius
934 1411 1109 1481 igitur
1152 1425 1283 1480 qua
1316 1410 1504 1464 domus
1554 1411 1658 1463 Dei
1696 1425 1854 1466 nunc

147 1508 252 1567 est,
301 1500 439 1555 Boia
472 1500 806 1566 vocabatur,
854 1499 994 1570 quia
1035 1506 1087 1555 et
1113 1499 1167 1554 in
1198 1499 1384 1569 seipsa
1438 1499 1710 1554 vitiorum
1745 1500 1853 1554 mi-

147 1589 301 1644 seria
354 1588 865 1658 coangustabatur,
898 1595 952 1643 et
987 1587 1128 1644 alios
1156 1587 1353 1644 eadem
1392 1587 1658 1644 illecebra
1691 1603 1852 1644 com-

148 1676 351 1745 pedire
383 1675 695 1730 nitebatur.

221 1765 410 1820 Vovet
439 1778 576 1834 ergo
605 1763 801 1818 dicens
838 1777 850 1817 :
883 1763 1086 1830 (Vens.
1130 1765 1218 1830 20,
1250 1762 1361 1830 21.)
1404 1764 1466 1818 Si
1489 1763 1659 1828 fuerit
1690 1765 1848 1829 Deus,

147 1869 378 1919 mecum,
412 1857 462 1906 et
514 1853 829 1907 custodierit
861 1853 918 1904 in
959 1854 1053 1905 via
1093 1867 1202 1919 qua
1235 1851 1468 1917 ambulo,
1506 1851 1614 1906 hoc
1659 1852 1847 1913 estin

146 1943 377 1998 actione
423 1940 730 2012 proposita,
765 1954 883 2010 qua
914 1938 1236 2009 promoveri
1280 1938 1351 1993 ad
1393 1938 1628 1993 meliora
1656 1938 1847 2008 cupio,

146 2037 196 2085 et
227 2031 444 2085 dederit
473 2031 609 2084 mihi
652 2045 846 2098 panem
875 2029 976 2098 qui
1007 2029 1076 2083 de
1123 2026 1262 2083 calo
1291 2027 1601 2095 descendit,
1655 2027 1728 2080 ad
1759 2042 1848 2080 ve-

145 2119 430 2182 scendum,
481 2122 530 2171 et
569 2123 766 2171 vestem
811 2115 1106 2171 charitatis
1153 2129 1222 2170 ac
1271 2115 1606 2170 innocentia
1640 2115 1714 2169 ad
1755 2117 1848 2169 in-

145 2207 448 2270 duendum,
498 2220 848 2274 reversusque
891 2206 1048 2270 fuero
1096 2203 1170 2257 ad
1223 2203 1438 2257 domum
1485 2207 1662 2272 patris
1720 2206 1846 2270 mei,

146 2295 636 2364 supercalestem,
687 2297 792 2348 erit
834 2293 970 2347 mihi
1015 2294 1276 2347 Dominus
1312 2295 1369 2346 in
1416 2296 1601 2346 Deum.
1647 2294 1699 2349 Is
1729 2294 1847 2348 uti-

145 2399 282 2454 que,
334 2385 427 2438 cui
469 2384 576 2438 sub
624 2382 988 2452 aliquantulo
1031 2383 1233 2437 timore
1280 2381 1422 2451 capi
1461 2382 1692 2449 servire,
1741 2381 1848 2437 erit

147 2472 294 2526 mihi
343 2472 402 2526 in
453 2472 633 2527 Deum
681 2471 895 2527 scilicet
941 2478 1175 2540 paterne
1220 2470 1598 2541 diligendum,
1651 2477 1849 2539 utpote

145 2575 294 2615 mea
326 2560 722 2616 universitatis
745 2566 1057 2615 auctorem.
1088 2559 1276 2628 (Vnus.
1313 2559 1426 2629 22.)
1455 2560 1524 2614 Et
1550 2560 1691 2627 lapis
1723 2561 1843 2626 iste,

147 2648 416 2704 Christus
442 2663 613 2719 quem
644 2649 783 2704 mihi
812 2647 1080 2718 proposui
1111 2648 1168 2702 in
1194 2648 1449 2717 signum,
1482 2663 1675 2718 quem,
1708 2649 1847 2703 dum

149 2737 328 2808 capiti
360 2737 658 2806 supposui,
705 2737 892 2805 ipsum
944 2735 1127 2803 indui,
1173 2736 1360 2790 domus
1413 2738 1507 2789 Dei
1543 2735 1844 2800 vocabitur,

149 2827 295 2896 quia
326 2841 458 2881 cum
509 2825 580 2881 sit
611 2826 728 2894 ipse
761 2824 1114 2890 inhabitans,
1149 2825 1266 2894 ipse
1295 2823 1465 2880 etiam
1507 2823 1847 2879 inhabitatio

1956 439 2234 487 servetur.
2283 431 2446 486 Tales
2495 447 2528 487 a
2557 433 2727 488 Josue
2779 432 2992 502 lapides
3022 434 3094 488 ad
3124 448 3185 489 os
3228 435 3540 504 spelunca,
3597 437 3658 492 in

1958 535 2077 591 qua
2102 521 2448 578 delituerant
2474 521 2737 592 quinque
2767 536 2950 593 reges,
2978 522 3384 591 admoventur,
3416 532 3479 580 ut
3509 525 3659 582 fene-

1958 618 2076 666 stra
2133 626 2409 667 sensuum
2456 611 2708 680 corporis
2759 625 2972 682 magna
3021 619 3082 668 ut
3135 612 3349 683 cuique
3388 615 3660 684 competit

1960 700 2380 769 ponderositate
2409 707 2720 770 prematur.

2032 788 2202 844 VERS.
2252 791 2304 842 3.
2337 819 2404 827 —
2446 790 2719 857 Morisque
2759 792 2988 857 eratut,
3036 792 3242 844 cunctis
3295 792 3483 846 ovibus
3527 807 3658 846 con-

1958 881 2218 945 gregatis,
2287 879 2616 931 revolverent
2669 877 2927 947 lapidem,
2985 883 3054 944 et,
3108 881 3321 943 refectis
3379 882 3655 948 gregibus,

1958 981 2177 1020 rursum
2214 981 2377 1036 super
2419 982 2475 1020 os
2498 969 2656 1035 putei
2682 972 2958 1035 ponerent.
3011 967 3153 1023 Oves
3182 977 3466 1023 consueta
3515 983 3658 1024 con-

1962 1062 2300 1126 gregantur,
2352 1069 2483 1109 cum
2531 1070 2729 1110 omnes
2777 1055 2954 1110 animi
3009 1055 3295 1126 simplices
3345 1064 3536 1113 motus
3585 1058 3658 1113 ad

1961 1144 2350 1199 hauriendum
2399 1143 2636 1200 rationis
2679 1144 2980 1200 consilium
3020 1153 3433 1214 congeruntur.
3490 1145 3658 1215 Lapis

1959 1247 2098 1303 ergo
2143 1232 2481 1294 revolvitur,
2513 1247 2646 1288 cum
2693 1247 2916 1303 magna
2959 1234 3316 1290 auctoritatis
3361 1248 3540 1290 manu
3585 1236 3657 1290 ad

1961 1319 2259 1375 referenda
2343 1319 2584 1375 internis
2666 1320 3040 1388 querimoniis
3127 1334 3396 1389 responsa
3455 1321 3657 1390 judicii

1961 1421 2208 1464 censura
2247 1408 2524 1477 aperitur.
2561 1407 2706 1463 Sunt
2746 1408 2898 1463 enim
2932 1409 3086 1478 apud
3121 1422 3267 1478 quos
3295 1409 3457 1464 nulla
3487 1409 3654 1479 lapis,

1962 1497 2315 1567 proferenda
2363 1496 2576 1552 scilicet
2633 1497 2925 1553 sententia
2992 1498 3253 1567 pondus,
3323 1498 3657 1554 difﬁcultate

1963 1585 2288 1652 discutitur,
2340 1585 2436 1641 sed
2486 1586 2642 1640 omni
2687 1586 2850 1655 palea
2890 1585 3204 1642 volubilius
3242 1586 3654 1656 pracipitatur.

1962 1676 2197 1728 Rursum
2245 1673 2549 1744 adaquatis
2579 1674 2872 1745 gregibus,
2923 1691 3087 1744 super
3114 1689 3170 1729 os
3215 1678 3369 1744 putei
3401 1675 3653 1743 ponitur,

1961 1777 2096 1818 cum
2127 1770 2314 1818 mente
2356 1771 2458 1819 aut
2499 1777 2606 1819 sua
2635 1771 2734 1819 aut
2775 1763 3012 1818 alterius
3060 1763 3270 1819 reiecta
3320 1778 3421 1833 per
3465 1763 3657 1818 consi-

1963 1850 2126 1917 lium,
2161 1850 2323 1906 nulla
2353 1851 2422 1906 de
2451 1851 2539 1906 sui
2571 1852 2974 1922 perspicuitate
3002 1853 3215 1922 ingenii
3249 1853 3500 1908 vanitate
3530 1867 3657 1909 mo-

1962 1946 2147 2007 vetur,
2183 1939 2279 1995 sed
2305 1940 2504 1994 eadem
2536 1940 2836 2010 gravitatis
2867 1941 3160 2012 majestate
3185 1940 3546 2010 deprimitur.

2031 2027 2201 2084 VEns.
2250 2028 2301 2081 4.
2350 2057 2419 2065 --
2467 2029 2726 2097 Dimitque
2770 2029 2845 2082 ad
2890 2035 3136 2098 pastores
3174 2046 3186 2083 :
3227 2035 3462 2096 Fratres,
3513 2030 3657 2084 unde

1958 2118 2138 2169 estis?
2184 2117 2450 2169 Dixerunt
2501 2131 2515 2170 :
2559 2119 2635 2171 De
2679 2117 2906 2170 Haran.
2963 2119 3090 2172 Post
3137 2117 3410 2174 visionem
3460 2119 3656 2187 itaque

1959 2202 2136 2274 putei,
2165 2205 2338 2260 Jacob
2369 2211 2622 2274 pastores
2662 2206 2804 2260 unde
2833 2205 2947 2260 sint
2991 2206 3322 2277 interrogat,
3367 2222 3498 2262 cum
3531 2213 3656 2276 post

1960 2293 2396 2363 intelligentiam
2441 2293 2797 2349 discretionis
2845 2295 3106 2363 animus,
3155 2295 3278 2350 vitii
3326 2295 3656 2364 supplanta-

1957 2389 2061 2448 tor,
2126 2381 2452 2451 spirituales
2500 2382 2603 2452 qui
2659 2396 2719 2437 se
2759 2391 2969 2453 regunt
3016 2391 3222 2450 motus,
3276 2383 3365 2438 vel
3412 2383 3654 2438 virtutes

1957 2471 2098 2525 unde
2140 2471 2274 2536 sint,
2323 2471 2375 2525 id
2406 2479 2585 2527 estex
2613 2484 2732 2541 qua
2759 2479 3058 2542 emergant
3089 2471 3398 2527 intentione
3428 2471 3652 2542 disqui-

1961 2559 2061 2627 rit,
2110 2559 2206 2615 sed
2256 2559 2337 2614 illi
2385 2573 2499 2614 non
2556 2559 2624 2614 de
2676 2561 2933 2629 appetitu
2988 2559 3176 2616 laudis
3220 2567 3321 2616 aut
3372 2559 3654 2615 desiderio

1959 2656 2218 2718 quastus
2263 2647 2588 2718 quidquam
2620 2648 2933 2716 insibilant,
2987 2649 3085 2704 sed
3130 2649 3199 2704 de
3231 2650 3440 2715 Haran,
3478 2649 3530 2703 id
3573 2654 3656 2704 est

1959 2752 2032 2794 ex
2064 2737 2362 2792 devotione
2393 2738 2766 2807 assequenda
2801 2737 3090 2793 electionis
3119 2753 3177 2793 se
3208 2737 3511 2807 procedere
3544 2744 3657 2792 tota

1959 2826 2197 2882 affectus
2243 2826 2498 2882 claritate
2564 2827 2925 2896 respondent.
2980 2828 3175 2882 Haran
3222 2827 3373 2882 enim
3435 2827 3655 2880 electum

146 2923 253 2982 est,
285 2914 427 2985 quia
454 2915 580 2985 ejus
608 2913 976 2969 conformitas
1011 2927 1190 2984 quam
1231 2913 1360 2969 fecit
1391 2913 1446 2968 in
1480 2913 1643 2968 nobis
1676 2914 1844 2968 inha-
1888 2923 1928 2978 ο
1958 2922 2141 2971 sonat.

151 3003 454 3058 bitabitur.
514 3003 940 3071 Cunctorumque
984 3017 1103 3070 qua
1147 3002 1360 3057 dederis
1407 3003 1564 3070 mihi,
1615 3003 1848 3056 decimas

148 3092 380 3160 amaram
427 3092 546 3158 tibi,
597 3091 811 3147 scilicet
857 3105 1058 3147 eorum
1112 3106 1240 3161 qua
1287 3091 1470 3148 fecero
1520 3099 1573 3147 te
1625 3091 1850 3147 favente

149 3183 436 3238 bonorum
487 3181 857 3250 perfectiones
898 3179 1003 3235 tibi
1035 3179 1368 3235 attribuam.
1422 3181 1488 3235 In
1536 3180 1849 3249 perfectum

154 3270 252 3342 [f.,
292 3266 712 3340 imperfectum]
757 3268 1057 3324 novenarii
1090 3269 1250 3336 mihi,
1298 3269 1583 3325 decimum
1615 3269 1850 3340 integri-

153 3360 291 3416 tatis
320 3359 604 3414 ascribam
637 3357 758 3414 tibi.

762 3446 992 3502 CAPUT
1032 3446 1243 3502 XXIX.

223 3536 404 3593 Vnus.
457 3539 506 3603 l,
540 3537 593 3588 2.
641 3564 710 3574 —
741 3536 1019 3601 Profectus
1067 3549 1190 3601 ergo
1218 3533 1379 3588 Iacob
1427 3537 1576 3590 venit
1620 3535 1695 3589 ad
1739 3539 1852 3589 ter-

152 3642 276 3680 ram
341 3625 678 3691 orientalem,
735 3629 785 3677 et
858 3623 999 3677 vidit
1050 3629 1271 3692 puteum
1338 3625 1398 3677 in
1443 3639 1575 3690 agro
1640 3629 1852 3693 tresque

152 3728 342 3782 greges
411 3715 592 3766 ovium
647 3712 967 3767 accubantes
1031 3717 1200 3780 Juxta
1246 3727 1383 3766 eum.
1444 3715 1586 3770 Nam
1643 3729 1707 3767 ea:
1757 3714 1851 3768 illo

151 3802 586 3872 adaquabantur
625 3817 842 3870 pecora,
886 3804 936 3854 et
966 3815 1022 3854 os
1065 3804 1180 3870 ejus
1219 3802 1422 3869 grandi
1465 3801 1654 3870 lapide
1702 3803 1849 3856 clau-

153 3893 406 3946 debatur.
492 3889 900 3957 Proﬁciscitur,
974 3903 1107 3945 cum
1174 3889 1650 3960 magnanimitate
1720 3904 1850 3959 pro-

155 3979 433 4036 tenditur.
480 3978 574 4032 Ad
611 3983 813 4032 terram
855 3979 1167 4032 orientalem
1196 3977 1359 4032 Jacob
1400 3981 1564 4044 venit,
1616 3992 1748 4033 cum
1780 3979 1852 4034 ad

154 4067 501 4123 soliditatem
547 4081 815 4136 supernae
861 4066 1257 4122 illustrationis
1301 4067 1495 4122 anima
1543 4067 1725 4122 ﬁdelis
1767 4074 1852 4123 at-

157 4156 349 4226 tingit.
402 4155 633 4210 Terram
678 4155 771 4209 hic
800 4163 853 4210 et
884 4169 1030 4224 sape
1064 4154 1204 4209 alias
1250 4169 1354 4224 pro
1387 4155 1652 4211 ﬁrmitate
1683 4155 1852 4225 poni-

157 4259 310 4307 mus,
367 4243 507 4312 quia
576 4243 822 4298 solidum
889 4243 1233 4298 elementum
1289 4250 1390 4298 est.
1461 4246 1625 4298 Terra
1677 4243 1851 4310 enim,

151 4335 329 4404 juxta
387 4331 806 4398 Ecclesiastem,
861 4334 920 4385 in
962 4336 1219 4386 atemum
1266 4336 1377 4386 stat
1426 4331 1616 4402 (Eccle.
1673 4348 1711 4399 ι,
1772 4334 1850 4402 4).

156 4421 326 4477 Videt
384 4426 606 4488 puteum
654 4422 710 4473 in
770 4435 920 4487 agro,
971 4434 1104 4475 cum
1154 4419 1364 4475 fontem
1416 4421 1735 4490 prudentia
1790 4435 1856 4476 ac

157 4507 521 4564 discretionis
577 4508 636 4562 in
701 4507 986 4576 spirituali
1062 4507 1305 4563 attendit
1366 4509 1658 4564 exercitio.
1729 4512 1856 4564 Tres

157 4612 345 4665 greges
406 4600 586 4650 ovium
633 4597 802 4665 juxta
866 4611 986 4650 eum
1036 4597 1340 4663 accubant,
1400 4597 1538 4667 quia
1593 4605 1706 4653 tres
1776 4597 1856 4653 illi

157 4685 429 4741 Ecclesia
477 4685 725 4751 ordines,
783 4684 883 4754 qui
928 4685 986 4739 in
1030 4685 1243 4755 pagina
1291 4683 1466 4739 veteri
1520 4684 1628 4740 sub
1679 4685 1856 4740 trium

157 4775 441 4843 personis,
474 4773 609 4839 Noe,
646 4772 838 4827 Daniel
884 4780 938 4828 et
964 4772 1084 4839 Job,
1117 4780 1170 4828 et
1201 4772 1259 4826 in
1308 4786 1461 4827 nona
1489 4773 1596 4828 sub
1640 4773 1859 4843 agrico-

157 4862 435 4928 lantium,
475 4860 832 4926 molentium,
868 4868 923 4916 et
955 4860 1013 4914 in
1065 4859 1206 4915 lecto
1251 4859 1673 4928 quiescentium
1725 4868 1856 4929 typo

156 4957 496 5019 signantur,
528 4964 563 5004 a
592 4948 783 5004 saculi
817 4949 1346 5018 labore‘pausantes
1373 4948 1683 5017 interdum,
1716 4948 1857 5003 hau-

158 5047 253 5092 stu
307 5037 604 5093 salutifero
664 5051 730 5091 ac
770 5037 1143 5108 contiguitate
1203 5045 1558 5092 recreantur.
1612 5039 1698 5093 Ex
1748 5037 1856 5092 hoc

158 5127 538 5196 adaquantur
583 5139 824 5194 pecora;
875 5139 1030 5195 aqua
1069 5114 1222 5181 enim
1253 5125 1544 5195 sapientia
1585 5126 1858 5181 salutaris

158 5223 357 5271 nostra
388 5214 631 5270 mitescit
672 5213 956 5269 hebetudo
996 5222 1051 5269 et
1080 5213 1333 5283 pecualis
1373 5214 1614 5270 inscitia.
1661 5213 1768 5270 Sed
1795 5229 1858 5270 os

159 5303 286 5372 ejus
341 5303 553 5372 grandi
610 5301 796 5371 lapide
862 5301 1187 5370 clauditur,
1231 5303 1370 5372 quia
1435 5301 1730 5370 sapientia
1793 5316 1858 5358 ac

161 5392 415 5447 scientia
457 5405 490 5445 a
537 5391 650 5445 Deo
697 5390 861 5446 nobis
908 5391 1075 5456 data,
1123 5398 1178 5446 et
1218 5391 1409 5446 aditus
1448 5397 1503 5445 et
1553 5390 1744 5447 exitus
1786 5405 1858 5446 ne

158 5480 298 5549 quid
344 5479 616 5534 indecens
653 5478 876 5534 incedat
914 5485 1016 5534 aut
1045 5479 1302 5547 excedat,
1350 5488 1373 5531 ι
1396 5483 1489 5533 ιιι
1520 5493 1747 5536 necesse
1773 5486 1860 5536 est

2032 3004 2199 3061 Vens.
2251 3007 2300 3070 5,
2349 3006 2398 3066 6,
2453 3008 2505 3056 7.
2561 3034 2629 3042 —
2669 3005 2872 3068 Nostis,
2921 3007 3024 3071 ait,
3077 3004 3264 3058 Laban
3304 3004 3489 3070 ﬁlium
3539 3006 3652 3059 Na-

1960 3094 2124 3148 chor?
2167 3094 2338 3147 Aiunt
2378 3108 2390 3146 :
2430 3094 2706 3147 Novimus.
2756 3095 3003 3146 Sanusne
3056 3098 3152 3157 est,
3199 3091 3420 3161 inquit?
3475 3094 3648 3155 Valet,

1959 3184 2237 3252 inquiunt.
2289 3183 2359 3235 Et
2401 3197 2514 3236 ecce
2560 3182 2769 3236 Rachel
2808 3183 2923 3250 ﬁlia
2974 3180 3106 3250 ejus»
3138 3185 3284 3236 venit
3332 3197 3449 3235 cum
3496 3197 3654 3249 grege

1959 3287 2074 3327 suo.
2128 3272 2390 3338 Dixitque
2444 3269 2608 3326 Jacob
2649 3287 2662 3324 :
2697 3271 2894 3325 Adhuc
2945 3272 3175 3324 multum
3223 3271 3333 3324 diei
3387 3275 3648 3338 superest.

1913 3425 1916 3430 ,
1960 3361 2173 3422 Nostis,
2207 3361 2310 3426 ait,
2354 3358 2699 3427 experiendo
2743 3359 2982 3414 caelestis
3021 3359 3151 3414 vita
3188 3359 3515 3426 candorem,
3551 3358 3652 3428 qui

1961 3462 2031 3504 ex
2064 3448 2179 3502 Deo
2211 3445 2492 3517 gignitur,
2517 3460 2690 3515 quem
2723 3454 3083 3502 constatesse
3105 3447 3340 3502 luminis
3357 3445 3654 3516 requiem?

1961 3535 2025 3590 Id
2073 3547 2305 3604 quoque
2355 3546 2413 3587 se
2471 3532 2734 3587 didicisse
2785 3533 2879 3602 pia
2938 3534 3236 3589 affectione
3292 3534 3652 3603 respondent.

1962 3622 2185 3678 Sanitas
2230 3621 2425 3676 Laban
2452 3661 2466 3690 ,
2510 3621 2750 3676 calestis
2798 3621 3062 3677 desiderii
3109 3622 3295 3677 innuit
3346 3622 3654 3692 integrita-

1964 3719 2092 3767 tem.
2138 3710 2340 3768 Valere
2393 3710 2590 3779 itaque
2638 3717 2887 3779 pastores
2929 3711 3262 3780 perhibent,
3310 3726 3442 3766 cum
3491 3711 3655 3766 nulla

1961 3800 2071 3855 nisi
2121 3812 2373 3868 superna
2435 3799 2507 3853 ab
2558 3799 2750 3853 animo
2807 3799 3015 3854 ambiri
3067 3799 3319 3868 ipsarum
3370 3800 3653 3853 virtutum

1964 3886 2286 3944 testimonia
2317 3886 2599 3955 clamant;
2632 3886 2729 3941 sed
2768 3886 2826 3940 in
2872 3886 2978 3941 hoc
3010 3887 3127 3956 ipso
3165 3887 3371 3942 mentis
3402 3893 3556 3942 statu
3589 3899 3656 3941 ac

1961 3977 2160 4047 vigore
2192 3975 2400 4031 Rachel
2444 3989 2578 4030 cum
2619 3989 2789 4046 grege
2822 3990 2925 4030 suo
2955 3975 3205 4043 advenit,
3241 3976 3381 4046 quia
3409 3983 3656 4031 contem-

1963 4064 2230 4135 plationis
2259 4065 2468 4119 divina
2501 4063 2748 4134 gloriosa
2779 4064 2873 4118 illa
2904 4072 2956 4119 et
2981 4064 3242 4134 virginea
3272 4065 3493 4134 puritas
3523 4078 3655 4120 cum

1962 4154 2124 4224 largo
2166 4154 2486 4223 gratiarum
2533 4160 2872 4208 caterarum
2911 4166 3146 4208 munere
3196 4161 3514 4222 opportune
3565 4152 3655 4206 in-

1896 4224 1936 4277 D
1965 4243 2112 4298 ﬂuit.
2144 4243 2274 4296 Hac
2317 4242 2511 4296 Laban
2548 4241 2663 4296 tilia
2691 4241 2922 4303 dicitur,
2974 4241 3114 4310 quia
3143 4255 3214 4296 ex
3247 4255 3511 4311 supernae
3554 4241 3658 4295 cla-

1964 4331 2149 4386 ritatis
2178 4344 2369 4385 amore
2400 4330 2789 4400 progreditur.
2837 4329 3046 4384 Rachel
3077 4336 3267 4384 autem
3297 4333 3474 4383 visum
3494 4331 3658 4398 prin-

1964 4423 2166 4489 cipium
2214 4419 2653 4488 interpretatur,
2709 4418 2848 4474 illud
2905 4418 3116 4473 scilicet
3165 4419 3318 4488 quod
3367 4417 3653 4488 loquitur,

1963 4522 2098 4578 ergo
2143 4507 2516 4578 principium,
2568 4507 2718 4563 unde
2748 4514 2803 4562 et
2849 4506 3057 4576 loquor
3100 4507 3262 4562 vobis
3311 4507 3486 4578 (Joan.
3537 4521 3654 4571 VIII,

1963 4597 2073 4667 25).
2121 4597 2332 4663 Adhuc,
2379 4596 2584 4666 inquit,
2635 4597 2864 4649 multum
2911 4596 3022 4650 diei
3064 4601 3326 4666 superest.
3373 4595 3531 4660 Quod
3575 4603 3659 4650 est

1965 4685 2151 4741 dicere
2185 4701 2196 4738 :
2231 4684 2348 4740 Etsi
2386 4685 2644 4754 aliquam
2673 4684 2886 4740 divina
2919 4685 3228 4740 scintillam
3257 4683 3660 4754 speculationis

1965 4773 2207 4844 attingo,
2246 4775 2368 4843 ipsa
2397 4773 2608 4829 divina
2639 4773 2977 4829 excellentia
3007 4773 3150 4829 lucis
3192 4772 3660 4842 incomparabili-

1967 4869 2052 4917 ter
2095 4861 2445 4931 praeminet,
2497 4876 2626 4931 qua
2682 4861 2842 4917 nullo
2889 4876 3010 4916 meo
3059 4862 3325 4918 acumine
3375 4861 3658 4932 penetrari

1965 4950 2136 5006 valet.
2175 4950 2276 5007 Vel
2311 4950 2476 5005 aliter
2507 4965 2518 5004 :
2557 4949 2698 5006 Cum
2735 4964 2894 5005 mens
2923 4963 3100 5018 supra
3128 4965 3186 5006 se
3219 4950 3438 5022 aliquid
3460 4963 3660 5019 sapere

1967 5037 2169 5108 incipit
2212 5038 2496 5104 divinum,
2525 5038 2780 5107 attigisse
2809 5052 2868 5093 se
2897 5038 3142 5093 astimat
3185 5039 3359 5093 totius
3383 5039 3503 5108 jam
3553 5037 3662 5091 vir-

1967 5128 2104 5182 tutis
2163 5140 2496 5193 summum,
2547 5126 2640 5181 sed
2694 5126 3077 5196 intelligenter
3140 5126 3249 5181 sibi
3295 5125 3495 5191 infert,
3549 5124 3660 5180 sibi

1966 5216 2202 5269 multum
2244 5215 2376 5280 diei,
2429 5214 2484 5269 id
2523 5221 2606 5269 est
2635 5214 2846 5269 laboris
2878 5214 2936 5268 in
2981 5213 3149 5268 vinea
3193 5213 3388 5284 agenti
3423 5221 3657 5280 restare,

1964 5319 2059 5357 nec
2106 5309 2314 5372 tempus
2362 5319 2474 5356 esse
2533 5309 2592 5357 ut
2629 5303 2707 5357 ad
2742 5303 2927 5356 caulas
2966 5301 3301 5356 reducantur
3341 5317 3549 5370 greges,
3605 5301 3660 5356 id

1966 5398 2049 5446 est
2076 5398 2136 5446 ut
2167 5394 2378 5446 aterna
2403 5392 2522 5462 jam
2555 5391 2755 5460 requie
2779 5391 3066 5447 donentur
3095 5389 3440 5461 imperfecta
3470 5391 3662 5446 adhuc

1968 5480 2230 5536 virtutes.
2289 5483 2424 5534 Date
2465 5486 2592 5535 ante
2620 5485 2802 5535 votum
2845 5481 3050 5546 ovibus,
3094 5480 3410 5538 virtutibus
3450 5480 3663 5537 scilicet
