3902 6054
259 209 362 259 219

1161 208 1222 260 ν.
1266 207 1599 263 GUIBERTI
1641 208 1930 262 ABBATIS
1967 210 2022 263 S.
2067 207 2304 263 MARIZE
2345 207 2432 262 DE
2472 207 2862 263 NOVIGENTO

3650 209 3756 260 220

263 338 318 393 in
369 353 578 409 magno
635 336 1012 392 tentationum
1065 343 1209 392 astu
1259 337 1582 392 constitutis
1633 337 1953 407 spiritualis
1990 341 2032 394 Α
2065 336 2277 408 pagina
2327 351 2426 406 pro
2454 337 2755 404 intelligere
2798 337 3051 406 ponitur,
3092 344 3155 392 ut
3183 345 3267 393 est
3299 352 3312 391 :
3343 339 3519 402 Audi,
3536 339 3678 407 ﬁlia,
3705 342 3760 390 et

262 427 604 484 infusionem
638 425 837 497 gratia
862 424 1173 495 providete,
1204 433 1259 480 et
1287 426 1512 481 interno
1545 440 1672 482 rore
1699 426 1956 497 vigentes

261 518 331 572 ad
374 522 602 586 pastum
654 529 830 570 sacra
864 514 1088 584 pagina
1129 528 1226 570 eas
1252 529 1324 570 ex
1357 522 1506 583 .potu
1560 515 1776 571 alacres
1819 530 1951 572 con-

261 605 457 676 gerite.
494 604 550 658 Si
579 602 732 658 enim
767 617 927 657 mens
959 603 1203 658 interius
1231 617 1344 657 non
1379 603 1720 671 infunditur,
1759 604 1955 660 lectio-

261 694 350 748 nis
382 693 600 748 utilitas
645 698 761 746 tota
793 699 1068 747 cassatur.
1119 692 1252 746 Hac
1285 691 1463 747 fidelis
1510 693 1703 747 anima
1732 694 1954 763 cogita-

262 783 517 838 tionibus
584 781 830 851 propriis
896 780 1174 850 loquitur,
1226 783 1337 835 imo
1400 781 1520 836 suis
1575 781 1956 837 intellectibus

261 871 424 941 quasi
457 870 800 940 pastoribus.
835 870 1028 939 (Vnus.
1067 871 1145 936 8.)
1172 871 1290 925 Non
1318 885 1621 938 possumus,
1657 871 1950 940 inquiunt,

261 960 424 1013 donec
471 961 650 1014 omnia
693 975 885 1028 pecora
929 963 1335 1026 congregentur,
1384 959 1437 1012 id
1467 966 1549 1014 est
1596 959 1954 1027 spiritualem

259 1049 340 1104 eis
365 1048 692 1117 impendere
722 1048 1050 1118 temperiem
1081 1061 1194 1101 non
1230 1060 1554 1116 possumus,
1591 1047 1770 1102 donec
1795 1046 1954 1117 cogi-

263 1137 544 1193 tationum
595 1137 795 1193 turbas
842 1151 875 1191 a
923 1150 1029 1191 sua
1079 1135 1416 1204 evagatione
1466 1135 1854 1204 cohibeamus,
1905 1141 1956 1190 et

261 1241 601 1280 amoveamus
649 1225 916 1294 lapidem,
972 1225 1211 1293 torporis
1274 1231 1327 1278 et
1374 1224 1733 1294 negligentia
1793 1225 1954 1280 duri-

263 1314 421 1381 tiem,
457 1328 587 1384 qua
617 1329 678 1370 os
706 1314 881 1383 putei,
930 1313 985 1368 id
1013 1321 1096 1368 est
1124 1312 1357 1368 oculum
1389 1312 1706 1369 internecet
1735 1314 1955 1369 discre-

262 1403 455 1469 tionis,
498 1411 553 1458 et
596 1402 677 1457 sic
707 1403 990 1457 virtutum
1022 1401 1296 1472 gregibus
1345 1400 1704 1472 refrigerium
1745 1402 1956 1472 impen-

263 1491 470 1546 damus
500 1504 668 1560 aqua
698 1489 988 1546 salutaris.

332 1579 505 1636 Vens.
561 1581 612 1632 9.
671 1609 740 1619 —
785 1579 982 1633 Adhuc
1048 1579 1425 1647 loquebantur,
1483 1583 1534 1633 et
1589 1594 1702 1634 ecce
1753 1579 1957 1634 Rachel

259 1668 507 1722 veniebat
535 1683 655 1721 cum
683 1668 870 1722 ovibus
900 1669 1080 1736 patris
1121 1669 1228 1721 sui.
1263 1667 1610 1737 Plerumque
1648 1681 1785 1723 sane
1813 1668 1954 1724 dum

262 1755 454 1811 adhuc
505 1770 637 1811 cum
691 1755 975 1811 interioris
1050 1755 1297 1811 hominis
1351 1755 1618 1811 sensibus
1673 1756 1742 1811 de
1798 1755 1955 1811 insti-

259 1844 475 1899 tuenda
520 1843 639 1898 vita
679 1844 890 1914 agitur,
935 1847 1164 1913 repente
1204 1845 1390 1898 virtus
1461 1843 1954 1913 comtenplationis

261 1945 392 1987 cum
443 1939 559 1988 tota
609 1932 786 1987 animi
839 1932 1198 2002 simplicitate
1243 1932 1518 1999 illabitur,
1572 1947 1704 2002 qua
1760 1939 1953 1988 tamen

261 2020 457 2075 omnia
485 2034 519 2075 a
567 2021 730 2076 Patre
777 2020 1068 2076 luminum
1113 2021 1216 2076 sibi
1251 2021 1484 2076 dantur.
1531 2020 1675 2076 Nam
1721 2035 1952 2092 gregem

259 2108 435 2164 totius
470 2109 576 2178 pia
605 2109 968 2179 cogitationis
994 2123 1060 2164 ac
1089 2109 1436 2178 operationis
1467 2109 1751 2179 spirituali
1783 2123 1952 2165 succo

259 2196 386 2266 ipsa
443 2197 649 2254 alebat.
721 2197 922 2262 (Vnus.
982 2200 1074 2262 l0,
1150 2197 1266 2269 tt.)
1336 2201 1506 2265 Quam
1553 2213 1673 2252 cum
1727 2198 1954 2252 vidisset

255 2285 460 2352 Jacob,
518 2291 569 2340 et
625 2289 786 2340 sciret
837 2286 1212 2340 consobrinam
1267 2302 1422 2341 suam
1481 2301 1706 2356 ovesque
1763 2287 1954 2341 Laban

257 2375 533 2441 avunculi,
583 2375 852 2429 submovit
903 2374 1140 2443 lapidem
1191 2390 1296 2444 quo
1329 2379 1525 2443 puteus
1577 2375 1949 2441 claudebatur,

257 2467 338 2529 et,
405 2463 683 2532 adaquato
730 2478 917 2531 grege,
967 2465 1238 2518 osculatus
1294 2468 1372 2517 est
1419 2479 1555 2518 eam.
1615 2465 1774 2518 Iacob
1826 2478 1952 2519 eam

257 2551 432 2616 videt,
481 2558 536 2606 et
564 2552 941 2606 consobrinam
979 2552 1288 2622 cognoscit,
1337 2552 1476 2607 dum
1521 2553 1762 2622 gloriam
1811 2567 1951 2607 con-

259 2639 645 2708 templationis
677 2639 1018 2710 intelligens,
1047 2639 1146 2709 jus
1174 2639 1278 2694 sibi
1312 2655 1484 2708 penes
1511 2654 1636 2695 eam
1669 2640 1953 2695 naturalis

261 2727 706 2796 propinquitatis
753 2728 1032 2796 attendit;
1089 2728 1160 2782 ad
1214 2729 1394 2784 Deum
1441 2729 1594 2783 enim
1638 2729 1953 2784 videndum

258 2815 688 2884 fruendumque
735 2816 807 2870 ab
837 2817 959 2884 ipso
998 2830 1056 2870 se
1099 2815 1314 2871 factum
1348 2816 1460 2871 Deo
1508 2817 1796 2885 perspicit.
1848 2817 1953 2873 Vi-

2063 427 2188 480 vide
2233 426 2398 495 (Psal.
2456 440 2608 492 xuv,
2667 426 2770 495 tt).
2829 425 3002 481 Audit
3043 440 3202 496 ergo,
3253 426 3309 482 id
3361 433 3445 482 est
3492 424 3759 495 intelligit

2068 515 2281 582 Laban,
2334 517 2488 585 quod
2540 529 2655 570 non
2701 523 2783 570 est
2829 515 2987 570 aliud
3034 529 3211 584 quam
3263 515 3576 586 intelligere
3625 514 3760 569 facit

2064 605 2325 660 animum
2357 611 2639 671 nostrum,
2664 603 2877 659 scilicet
2898 617 3102 659 verum
3132 603 3326 669 Jacob,
3357 604 3459 672 qui
3487 603 3763 672 supplan-

2064 693 2255 749 tandis
2283 693 2438 748 vitiis
2471 693 2664 759 instat,
2697 692 2768 747 ad
2801 706 2859 748 se
2897 693 2986 747 sui
3021 692 3200 761 ipsius
3235 693 3599 762 prasentiam
3635 691 3760 746 sola

2066 781 2162 837 Dei
2194 780 2523 850 operatione
2572 780 2801 845 factam,
2851 787 2906 836 et
2929 780 3112 836 currit
3158 781 3206 836 ei
3239 783 3452 835 obviam
3483 781 3601 850 ipse
3649 781 3756 835 La-

2061 870 2198 937 ban,
2250 869 2390 940 quia
2437 869 2677 926 caelestis
2717 870 2914 941 gloria
2948 869 3293 926 desiderium
3338 878 3538 940 sponte
3582 869 3755 925 menti

2063 956 2232 1010 infert
2292 956 2458 1026 quasi
2507 957 2815 1026 quemdam
2864 972 3188 1024 occursum,
3246 957 3446 1027 gratia
3491 971 3758 1025 superna

2063 1045 2304 1114 copiam.
2355 1046 2775 1114 Complexusque
2823 1062 2960 1114 eum,
2993 1051 3044 1100 et
3090 1049 3147 1100 in
3175 1047 3354 1100 oscula
3402 1060 3560 1100 ruens
3593 1046 3758 1099 ditarit

2062 1137 2122 1188 in
2172 1134 2388 1187 domum
2443 1149 2617 1188 suam.
2670 1135 2861 1190 Laban
2925 1135 3096 1190 Jacob
3157 1134 3570 1204 complectitur,
3622 1148 3754 1189 cum

2063 1222 2287 1278 devotio
2335 1222 2573 1279 caelestis
2629 1223 2822 1278 animo
2872 1223 3039 1279 unice
3089 1223 3414 1278 innectitur.
3466 1223 3535 1274 In
3575 1222 3756 1275 oscula

2064 1311 2202 1376 ruit,
2251 1326 2405 1378 cum,
2441 1312 2635 1367 saculi
2684 1312 2960 1367 abdicatis
3008 1313 3323 1378 amoribus,
3353 1309 3562 1366 divina
3604 1323 3758 1379 qua-

2065 1400 2256 1456 renda
2293 1400 2709 1470 pulchritudini
2755 1400 3089 1456 indivisibili
3125 1401 3332 1456 radere
3361 1414 3421 1456 se
3468 1399 3755 1469 astringit.

2063 1489 2130 1542 Et
2167 1502 2299 1543 vere
2344 1487 2480 1555 ruit,
2511 1487 2648 1543 dum
2679 1503 2737 1542 se
2763 1487 2811 1543 ei
2846 1488 3109 1544 funditus
3139 1487 3410 1543 infundit.
3447 1488 3515 1540 In
3543 1486 3758 1540 domum

2065 1591 2220 1631 suam
2269 1576 2447 1642 ducit,
2481 1577 2618 1632 dum
2652 1577 2724 1632 ad
2755 1577 2862 1632 hoc
2888 1592 3072 1647 usque
3103 1584 3391 1646 quatenus
3419 1575 3605 1631 cordis
3629 1589 3759 1630 con-

1994 1636 2034 1690 B
2064 1665 2308 1721 versatio
2336 1665 2393 1720 in
2424 1636 2630 1721 coelum
2657 1636 3044 1721 transferatur
3067 1636 3349 1735 provehit.

2133 1754 2304 1810 Vnus.
2349 1756 2431 1808 14.
2464 1783 2536 1795 -
2564 1755 2790 1809 Auditis
2821 1759 3001 1810 autem
3030 1758 3210 1810 causis
3253 1757 3492 1820 itineris,
3527 1769 3756 1823 respon-

2062 1843 2146 1896 dit
2179 1858 2190 1896 :
2223 1844 2290 1898 Os
2337 1859 2510 1896 meum
2541 1859 2614 1908 es,
2646 1848 2696 1897 et
2744 1859 2868 1897 caro
2896 1859 3032 1898 mea.
3077 1843 3257 1899 Audit
3281 1856 3484 1899 causas
3515 1844 3755 1909 itineris,

2063 1947 2194 1989 cum
2248 1948 2350 1989 nos
2400 1934 2534 1989 facit
2581 1934 2820 1990 caelestis
2880 1934 3150 2004 splendor
3209 1933 3528 2004 intelligere
3579 1933 3757 1988 inten-

2062 2021 2243 2078 tiones
2291 2024 2466 2078 totius
2524 2029 2732 2078 nostra
2796 2023 3052 2087 actionis,
3123 2022 3437 2092 spiritualis
3495 2021 3756 2077 videlicet

2063 2117 2269 2166 nostra
2300 2124 2418 2180 qua
2467 2110 2537 2165 ad
2585 2111 2764 2166 Deum
2811 2111 3098 2167 tendimus
3148 2109 3551 2180 perfectionis,
3602 2109 3756 2165 unde

2063 2198 2364 2266 respondet
2405 2197 2629 2261 effectu.
2676 2214 2791 2254 non
2837 2199 3033 2264 verbo,
3075 2207 3283 2254 nostra
3332 2198 3497 2254 bona
3539 2198 3753 2254 volun-

2061 2287 2182 2342 tati.
2232 2288 2321 2354 Os,
2366 2287 2574 2357 inquit,
2623 2303 2797 2341 meum
2842 2303 2918 2354 es,
2953 2287 3006 2342 id
3039 2295 3122 2342 est
3167 2301 3292 2343 eam
3352 2285 3755 2342 intellectuali-

2062 2376 2212 2442 tatis,
2265 2389 2444 2446 quam
2509 2376 2686 2431 habes
2745 2377 3138 2432 fortitudinem
3205 2390 3277 2431 ex
3325 2390 3415 2431 me
3460 2375 3658 2441 habes,
3707 2379 3756 2427 et

2061 2480 2187 2519 caro
2233 2481 2352 2519 mea
2393 2481 2467 2532 es,
2512 2466 2652 2535 quia
2693 2465 2848 2535 quod
2893 2465 3084 2520 carnis
3130 2465 3497 2535 fragilitatem
3538 2463 3760 2518 ratione

2060 2553 2234 2623 regis,
2283 2553 2432 2608 sicut
2486 2568 2609 2609 osse
2669 2561 2956 2624 reguntur
3007 2567 3227 2622 carnes,
3287 2567 3360 2608 ex
3409 2567 3499 2608 me
3554 2551 3760 2620 utique

2062 2649 2258 2709 potes;
2299 2655 2433 2696 caro
2477 2642 2628 2697 enim
2661 2642 2865 2698 tandiu
2909 2649 3149 2707 constat,
3196 2641 3460 2711 quandiu
3497 2640 3760 2696 contine-

2062 2738 2160 2785 tur
2189 2731 2260 2785 ab
2291 2730 2535 2786 ossibus.
2571 2731 2765 2800 (Vens.
2803 2730 2910 2800 15.)
2943 2731 3023 2784 Et
3050 2735 3338 2799 postquam
3359 2730 3606 2798 completi
3633 2732 3760 2782 sunt

2062 2819 2178 2872 dies
2223 2822 2420 2873 mensis
2468 2821 2650 2879 unius.
2699 2819 2847 2873 ducit
2885 2823 2980 2873 ei:
3022 2821 3161 2874 Num
3206 2821 3339 2886 quia
3389 2820 3565 2884 frater
3609 2832 3756 2870 meus

257 2904 350 2958 det
377 2904 567 2958 Laban
610 2905 869 2959 avunculi
897 2920 1035 2970 oves,
1085 2904 1223 2959 dum
1263 2918 1460 2960 eorum
1497 2904 1596 2974 qui
1643 2905 1950 2960 candorem
1989 2937 2027 2992 ο
2059 2922 2132 2973 es,
2185 2909 2360 2974 gratis
2406 2909 2602 2960 servies
2651 2906 2829 2960 mihi?
2873 2909 2970 2962 Dic
3016 2907 3152 2976 quid
3199 2907 3458 2960 mercedis
3500 2907 3753 2973 accipies.

257 2993 592 3062 praferunt,
641 3001 696 3049 et
727 2993 824 3064 qui
865 2994 997 3049 vita
1029 3007 1095 3048 ac
1139 3007 1367 3048 morum
1414 2993 1691 3049 afﬁnitate
1738 3008 1948 3063 super-

258 3080 499 3138 calestis
565 3082 828 3138 Ecclesia
882 3083 1082 3138 matris
1124 3096 1244 3137 sua
1295 3082 1500 3137 fratres
1543 3090 1715 3148 sunt,
1767 3082 1948 3138 ﬁdelis

257 3169 452 3225 anima
490 3171 579 3240 pie
607 3170 919 3226 amulatur
957 3170 1219 3238 virtutes,
1256 3185 1387 3240 qua
1415 3179 1645 3240 propter
1674 3171 1947 3241 simplici-

256 3263 428 3312 tatem
455 3264 510 3313 et
552 3258 854 3314 utilitatem
902 3265 1036 3314 sunt
1082 3273 1234 3314 oves.
1284 3258 1525 3314 Amovet
1567 3259 1804 3328 lapidem
1853 3260 1946 3314 Ja-

255 3345 379 3412 cob,
416 3361 520 3414 quo
548 3352 740 3415 puteus
786 3346 1097 3414 clauditur,
1132 3361 1264 3402 cum
1296 3347 1528 3402 discutit
1562 3361 1742 3416 sagax
1774 3347 1949 3416 spiri-

256 3441 352 3490 tus
383 3435 613 3504 pondus
646 3435 880 3502 inertia,
915 3450 1030 3506 quo
1060 3435 1316 3491 veritatis
1347 3435 1594 3505 cognitio
1619 3436 1944 3492 obturatur.

254 3523 552 3593 Adaquato
585 3525 780 3594 itaque
809 3538 1076 3593 superna
1108 3524 1266 3579 unda
1296 3524 1616 3580 dulcedinis
1646 3525 1951 3595 cogitatio—

254 3626 397 3668 num
433 3620 533 3669 aut
565 3614 850 3669 virtutum
881 3629 1061 3682 grege,
1092 3629 1210 3668 eam
1254 3613 1572 3679 osculatur,
1605 3613 1741 3670 dum
1774 3614 1948 3671 Verbi

253 3701 453 3757 aterni
511 3709 567 3758 et
617 3701 864 3772 Spiritus
913 3703 1208 3772 sapientia
1267 3702 1538 3758 suavitati
1599 3703 1950 3759 unicorditer

254 3791 615 3861 astringitur.
668 3791 733 3846 In
764 3791 958 3846 osculo
990 3805 1244 3860 namque
1293 3793 1417 3856 hoc,
1450 3799 1503 3847 et
1532 3806 1594 3847 os
1624 3791 1800 3847 divini
1835 3792 1953 3848 elo-

253 3877 375 3945 quii
419 3877 618 3933 intimo
665 3891 867 3947 sapore
905 3877 1310 3943 discernimus,
1365 3885 1420 3933 et
1446 3878 1708 3934 anhelitu
1749 3879 1949 3949 gratia

253 3964 599 4034 septiformis
646 3965 984 4030 imbuimur,
1034 3973 1089 4021 et
1124 3980 1222 4034 per
1265 3966 1374 4021 hoc
1416 3966 1712 4036 sapientia
1752 3967 1949 4022 salivis

257 4051 616 4122 inungimur.

328 4141 499 4196 Vnus.
550 4144 632 4194 12.
687 4170 760 4182 -
806 4142 1147 4210 Elevataque
1193 4157 1316 4196 voce
1360 4145 1523 4210 ﬂevit,
1575 4148 1625 4196 et
1680 4143 1951 4198 indicavit

2057 2998 2179 3049 Dies
2225 2997 2422 3049 mensis
2470 2997 2631 3049 unius
2679 2994 3059 3064 complentur,
3114 3010 3246 3051 cum
3297 2995 3580 3050 virtutum
3631 2993 3756 3048 cla-

2055 3083 2252 3138 ritates
2297 3083 2558 3152 perfecta
2618 3082 2853 3138 meliora
2904 3083 3137 3152 gerendi
3205 3083 3518 3138 voluntatis
3583 3081 3754 3151 quasi

2055 3170 2265 3226 mensis
2307 3171 2632 3241 integritate
2661 3171 3059 3240 perficiuntur.
3097 3172 3261 3236 Quia,
3308 3171 3517 3241 inquit,
3561 3169 3750 3224 affini-

2059 3265 2170 3314 tate
2210 3260 2372 3315 bona
2415 3259 2732 3315 devotionis
2762 3259 2900 3314 mihi
2947 3273 3214 3314 annexus
3243 3273 3322 3326 es,
3369 3260 3492 3315 sine
3521 3259 3639 3314 ulla
3665 3257 3754 3313 tui

2057 3362 2156 3417 spe
2201 3348 2496 3416 augmenti
2544 3348 2684 3402 mihi
2731 3347 3060 3404 deservies?
3112 3349 3214 3402 Dic
3257 3362 3393 3419 ergo
3440 3347 3576 3418 quid
3603 3350 3753 3401 acci-

2051 3440 2190 3506 pies.
2240 3436 2436 3504 (VERS.
2486 3439 2568 3503 16,
2624 3438 2736 3505 17.)
2769 3436 3014 3490 Habebat
3058 3452 3182 3491 vero
3231 3437 3368 3490 duas
3417 3436 3560 3504 ﬁlias
3596 3451 3608 3487 :
3642 3436 3752 3488 No-

2055 3541 2175 3579 men
2229 3525 2456 3594 majoris
2508 3526 2641 3588 Lia;
2695 3527 2872 3579 minor
2935 3527 3134 3580 Rachel
3193 3525 3593 3594 appellabatur.
3647 3523 3755 3577 Sed

2057 3599 2160 3669 Lia
2189 3616 2359 3683 lippis
2400 3619 2518 3668 erat
2550 3615 2749 3679 oculis;
2787 3613 2992 3668 Rachel
3022 3613 3215 3667 decora
3258 3613 3428 3680 facie,
3460 3617 3510 3665 et
3535 3615 3756 3665 venusto

2057 3708 2296 3772 aspectu.
2343 3703 2498 3757 Duas
2529 3703 2633 3757 has
2677 3702 2824 3757 tilias
2855 3703 3171 3757 secundum
3229 3701 3383 3772 quod
3435 3700 3612 3756 nostri
3662 3699 3756 3753 di-

2057 3805 2196 3847 xere
2227 3791 2489 3860 majores,
2534 3790 2850 3859 accipimus
2879 3789 3182 3856 actualem,
3235 3804 3365 3859 qua
3394 3788 3561 3844 valde
3606 3788 3757 3842 inter

2057 3879 2252 3936 saeculi
2282 3879 2569 3934 molestias
2614 3879 2791 3947 lippit,
2836 3878 3053 3948 vitam;
3098 3892 3199 3947 per
3240 3877 3449 3934 Rachel
3496 3885 3752 3932 contem-

2057 3967 2331 4037 plativam
2375 3981 2507 4036 qua
2549 3966 2664 4021 lota
2718 3965 2881 4033 facie,
2933 3973 2988 4021 et
3028 3965 3233 4020 mundi
3275 3965 3462 4021 cordis
3515 3964 3752 4019 beatitu-

2058 4055 2190 4109 dine
2234 4056 2347 4109 Deo
2374 4053 2618 4109 videndo
2651 4054 3033 4123 perspicacem
3076 4053 3308 4109 oculum
3341 4052 3596 4108 intendit.
3628 4052 3755 4106 Pos-

2059 4157 2262 4199 sumus
2303 4150 2357 4198 et
2388 4157 2490 4212 per
2519 4143 2678 4196 Liam
2719 4143 3036 4208 scientiam,
3072 4157 3202 4212 qua
3233 4156 3433 4197 earum
3465 4142 3754 4196 duntaxat

255 4232 306 4284 ei
347 4229 493 4297 quod
519 4232 699 4296 frater
740 4234 874 4284 esset
899 4232 1081 4299 patris
1124 4231 1240 4298 ejus
1282 4234 1332 4283 et
1361 4231 1508 4299 filius
1539 4230 1796 4285 Rebecca.
1830 4232 1949 4288 Vo—
1987 4234 2030 4288 D
2060 4246 2255 4287 rerum
2303 4239 2420 4298 est,
2489 4246 2620 4301 qua
2685 4231 2830 4286 inter
2890 4245 2992 4285 nos
3052 4232 3395 4296 actitantnr,
3458 4229 3749 4298 accipere,

256 4332 378 4373 cem
424 4317 648 4383 elevat,
711 4333 844 4374 cum
891 4318 1238 4374 desiderium
1306 4317 1530 4388 pietatis
1577 4319 1889 4389 ampliﬁcat
1931 4335 1944 4375 :

263 4412 408 4462 n5
439 4407 534 4462 ﬂet
574 4421 729 4475 vero,
777 4407 916 4462 dum
956 4407 1214 4462 animum
1259 4421 1324 4462 ac
1354 4407 1402 4462 si
1428 4416 1599 4477 caput
1629 4416 1840 4479 purgat
1879 4409 1950 4464 ab

257 4495 412 4551 omni
468 4496 708 4551 humore
751 4495 874 4550 vitii
930 4496 1132 4562 noxio,
1186 4503 1240 4551 et
1299 4510 1400 4565 per
1460 4496 1578 4551 hac
1634 4496 1846 4552 indicat
1893 4511 1952 4552 se

258 4585 493 4640 fratrem
541 4584 688 4654 ejus,
723 4585 863 4640 dum
892 4584 1001 4654 piis
1048 4584 1270 4640 actibus
1309 4584 1498 4640 innuit
1528 4599 1586 4641 se
1629 4586 1740 4640 Deo
1771 4585 1951 4642 inha-

259 4687 383 4729 rere
426 4673 824 4743 germanitus;
855 4680 910 4729 et
943 4673 1084 4742 quia
1118 4681 1202 4728 est
1231 4673 1490 4740 Rebecca,
1525 4673 1581 4728 id
1618 4680 1702 4728 est
1731 4675 1950 4742 patien-

262 4762 375 4831 tia,
428 4761 600 4832 ﬁlius,
638 4761 850 4818 scilicet
892 4776 965 4817 ex
997 4761 1119 4831 ipsa
1147 4776 1214 4817 ac
1257 4761 1299 4815 si
1333 4775 1405 4816 ex
1451 4769 1632 4817 matre
1664 4763 1955 4832 pracipua

261 4849 534 4920 processit
576 4857 774 4905 tantus
815 4847 1069 4904 affectus.
1106 4854 1186 4903 At
1216 4850 1316 4903 illa
1360 4851 1631 4916 festinans
1670 4853 1956 4906 nuntiavit

261 4941 414 5007 patri
440 4953 556 4992 suo.
610 4937 1028 5006 Contemplatio
1063 4938 1236 4993 Jacob
1273 4938 1636 5007 prasentiam
1679 4939 1827 5008 patri
1870 4939 1955 4994 fe-

263 5025 411 5080 stina
442 5025 692 5093 nuntiat,
741 5040 875 5082 cum
907 5025 1114 5080 anima
1163 5026 1394 5082 obedire
1425 5026 1682 5095 parantis
1731 5028 1954 5081 instan-

265 5113 401 5170 tiam
451 5128 554 5183 per
601 5115 880 5170 evidentis
925 5115 1124 5185 gratia
1165 5114 1432 5170 effectum
1481 5115 1614 5182 Deo,
1662 5129 1694 5170 a
1727 5129 1842 5184 quo
1871 5121 1956 5171 est

266 5217 428 5257 omne
501 5202 700 5256 donum
756 5203 1051 5273 perfectum
1102 5203 1243 5271 (Jac.
1314 5218 1361 5268 ι,
1413 5204 1527 5273 t7),
1593 5203 1955 5259 manifestam

263 5297 673 5360 acceptamque
704 5291 824 5347 sine
853 5291 1170 5361 spiritualis
1203 5291 1322 5348 ulla
1362 5291 1632 5348 dilatione
1660 5293 1956 5363 augmenti

265 5379 540 5435 insinuat.
593 5379 786 5449 (Vens.
842 5383 951 5450 13.)
988 5382 1093 5448 Qui
1133 5396 1254 5436 cum
1301 5379 1542 5435 audisset
1583 5380 1749 5436 Iacob
1782 5383 1957 5452 ﬁlium

267 5470 469 5525 sororis
516 5470 741 5532 venisse,
791 5472 1029 5524 cucurrit
1068 5469 1280 5524 obviam
1329 5472 1394 5524 ei.
1428 5469 1641 5524 Audire
1688 5469 1748 5525 in
1793 5484 1958 5526 sacra

2057 4319 2217 4376 verbi
2261 4319 2475 4389 gratia,
2520 4327 2604 4375 est
2661 4320 2729 4374 de
2779 4319 3038 4375 moribus
3079 4318 3382 4386 humanis,
3429 4326 3483 4374 et
3533 4317 3755 4387 passio-

2058 4423 2200 4464 num
2251 4421 2624 4478 quarumque
2677 4408 2919 4463 naturis.
2968 4409 3073 4464 Per
3128 4407 3340 4464 Rachel
3384 4405 3752 4476 sapientiam,

2059 4511 2191 4567 qua
2251 4495 2541 4565 pracipua
2609 4495 2705 4550 Dei
2760 4495 2940 4567 fulget
2984 4496 3325 4566 cognitione,
3374 4502 3429 4550 et
3474 4493 3753 4559 veritatis,

2057 4583 2438 4654 falsitatisque
2488 4583 2822 4640 acutissima
2877 4584 3232 4640 discretione.
3288 4582 3590 4639 Scientiam
3645 4595 3758 4637 au-

2063 4681 2207 4737 tem,
2249 4673 2390 4742 quia
2447 4672 2506 4726 in
2555 4672 2682 4727 imis
2741 4680 3070 4738 exercetur,
3122 4673 3373 4742 plurima
3412 4677 3632 4728 constat
3681 4669 3760 4724 in-

2059 4761 2214 4817 volvi
2262 4759 2526 4831 caligine.
2573 4761 2694 4828 Lia,
2743 4761 3044 4831 laboriosa;
3085 4761 3314 4828 Rachel,
3361 4763 3508 4828 ovis,
3552 4759 3638 4814 vel
3671 4761 3756 4812 vi-

2061 4851 2198 4904 dens
2230 4851 2563 4918 principium
2611 4850 2843 4917 dicitur,
2880 4863 3011 4919 qua
3059 4849 3290 4920 singula
3322 4849 3428 4915 his,
3463 4861 3593 4916 qua
3625 4860 3762 4916 pra-

2061 4939 2344 5005 misimus,
2409 4936 2658 5008 singulis
2711 4938 2854 4994 bene
2921 4939 3294 4994 conveniunt.
3353 4924 3496 4993 Nam
3549 4937 3604 4990 in
3653 4949 3760 4991 ove

2063 5025 2396 5096 simplicitas
2451 5026 2829 5094 speculationi
2884 5034 2940 5083 et
2986 5027 3282 5096 sapientia
3331 5026 3432 5082 uni
3500 5026 3612 5081 Deo
3663 5024 3760 5080 in-

2063 5123 2230 5171 tenta
2280 5114 2572 5184 concinit;
2620 5115 2980 5171 lahoriositas
3038 5122 3093 5170 et
3139 5115 3377 5177 activa,
3428 5122 3483 5169 et
3529 5113 3758 5181 morali,

2063 5203 2366 5260 cuilibetve
2413 5203 2665 5260 scientia
2713 5203 2998 5275 congruit.
3052 5204 3258 5259 Rachel
3298 5204 3469 5258 etiam
3513 5202 3762 5258 dilectio-

2064 5306 2195 5347 nem
2227 5293 2357 5361 Dei;
2392 5291 2491 5347 Lia
2521 5292 2846 5362 significare
2889 5291 3043 5347 valet
3080 5291 3444 5347 dilectionem
3486 5289 3760 5360 proximi,

2066 5380 2170 5436 has
2217 5381 2517 5437 utraslibet
2563 5380 2888 5447 dualitates,
2939 5394 3005 5435 ac
3053 5380 3096 5436 si
3137 5380 3286 5435 duas
3336 5379 3484 5434 ﬁlias
3541 5377 3764 5445 Laban,

2068 5469 2123 5525 id
2171 5477 2256 5525 est
2301 5469 2568 5526 candoris
2615 5471 2814 5525 aterni
2857 5483 3020 5524 amor
3066 5469 3271 5540 gignit.
3317 5468 3500 5538 Major
3549 5466 3766 5523 dicitur
