3904 6066
126 206 212 257 221
1267 203 1624 258 MOBAIJUM
1667 204 1732 257 IN
1770 203 2071 260 GENESIN
2107 205 2235 258 LIB.
2280 204 2428 259 VIII.

3526 205 3630 256 222

129 337 242 404 Lia,
277 352 457 408 quam
513 350 741 393 necesse
785 344 870 392 est
912 335 1162 406 primum
1207 336 1484 403 exerceri,
1529 344 1593 393 ut
1627 337 1700 392 ad
1729 351 1824 392 se—
1862 340 1904 394 A
1935 337 2241 407 reperitur,
2277 339 2553 395 adversus
2587 352 2712 393 eam
2765 351 2941 408 quam
2989 339 3220 407 optabat
3263 338 3472 409 quietis
3521 339 3621 394 in-

123 428 363 496 quentis
393 427 638 496 speciem
665 426 954 482 veniatur.

192 517 369 571 Vnus.
422 518 505 579 18,
544 517 625 570 l9.
669 545 737 554 —
789 515 995 568 Rachel
1041 530 1165 581 ergo
1200 514 1432 580 diligens
1479 517 1664 580 Iacob,
1713 531 1825 570 ser-

118 609 291 669 viam,
350 604 559 674 inquit,
611 604 714 656 tibi
769 619 869 672 pro
900 604 1096 659 Rachel
1166 608 1365 672 septem
1419 607 1577 658 annis
1633 605 1826 659 Melius

119 700 218 758 est,
257 697 342 746 ait
367 693 572 757 Laban,
592 699 652 746 ut
685 692 785 746 tibi
812 709 929 746 eam
950 693 1091 759 dem,
1144 708 1307 761 quam
1353 695 1470 746 viro
1501 695 1682 748 alteri.
1723 697 1826 749 Ra-

119 784 234 835 chel
271 796 412 852 ergo
449 782 610 835 Jacob
649 781 854 852 diligit,
909 795 1040 836 eum
1085 780 1554 850 speculationem,
1602 781 1658 836 in
1706 796 1826 851 qua

119 871 385 940 pacatius
425 870 664 934 vivitur,
715 870 946 925 animus
991 870 1176 940 magis
1204 870 1418 939 appetit
1451 886 1463 922 :
1492 875 1693 939 septem
1724 886 1825 940 pro

116 974 183 1014 ea
229 961 394 1013 annis
434 959 631 1023 servit,
682 959 822 1013 dum
865 959 1299 1013 universitatem
1347 959 1623 1028 corporis,
1669 960 1825 1029 quod

117 1054 377 1117 quatuor
417 1046 712 1124 elementis
777 1053 1022 1113 constat,
1075 1053 1129 1101 et
1168 1045 1378 1100 animae
1428 1061 1560 1116 quae
1617 1047 1822 1114 tribus,

119 1136 412 1191 intellectu
451 1135 680 1202 scilicet,
719 1136 996 1190 memoria
1025 1142 1080 1190 et
1131 1135 1429 1190 voluntate
1469 1135 1824 1204 praeeminet,

119 1239 219 1294 pro
285 1225 512 1279 interna
586 1223 894 1278 emerenda
967 1224 1186 1279 visione
1246 1224 1543 1292 impendit.
1600 1223 1824 1292 Septem

119 1327 255 1383 ergo
288 1311 460 1367 annis
489 1313 684 1378 servit,
737 1311 840 1380 qui
889 1311 1162 1378 corporis,
1196 1319 1251 1367 et
1293 1312 1519 1379 animae,
1570 1321 1634 1368 ut
1673 1313 1826 1368 dixi-

119 1416 268 1464 mus,
307 1401 720 1470 septenarium,
757 1399 943 1465 annis,
1000 1400 1053 1455 id
1085 1408 1169 1456 est
1213 1400 1497 1456 virtutum
1546 1408 1826 1470 tanquam

117 1487 347 1542 dierum
405 1487 859 1556 plenitudinibus
909 1486 1138 1542 addicit.
1210 1490 1401 1542 Melius
1468 1492 1566 1553 est,
1637 1489 1828 1558 inquit

118 1574 388 1630 desiderii
418 1574 658 1630 ctelestis
687 1574 940 1642 effectus,
973 1581 1035 1629 ut
1073 1576 1175 1629 tibi
1215 1575 1426 1631 divinae
1466 1583 1822 1636 venustatem

116 1663 621 1732 contemplationis
653 1663 1005 1732 indulgeam,
1043 1663 1144 1734 qui
1181 1663 1388 1720 unitati
1437 1664 1697 1720 tenendze
1738 1665 1820 1720 in-

115 1751 300 1807 cubas
329 1767 496 1821 quam
523 1754 647 1806 viro
679 1753 860 1818 alteri,
893 1752 948 1806 id
989 1759 1072 1807 est
1103 1766 1280 1822 quam
1311 1752 1484 1808 alicui
1531 1753 1632 1822 qui
1667 1768 1825 1809 nunc

119 1840 190 1894 ad
241 1839 549 1902 saeculum,
601 1853 760 1894 nunc
811 1840 882 1894 ad
932 1841 1111 1896 Deum
1170 1839 1454 1896 alternare
1503 1842 1820 1898 consuevit.

115 1931 279 1983 Mane
310 1943 450 1999 ergo
480 1929 631 1996 apud
678 1944 778 1996 me,
817 1929 867 1984 id
907 1937 992 1984 est
1029 1943 1334 1998 persevera
1379 1929 1438 1984 in
1473 1930 1662 1985 studio
1707 1945 1826 1987 coe-

117 2017 276 2073 lestis
301 2019 449 2072 vitze.
485 2017 675 2087 (Vnus.
713 2016 827 2087 20.)
877 2018 1113 2072 Servivit
1143 2019 1314 2085 igitur
1364 2019 1526 2072 Jacob
1565 2035 1667 2088 pro
1714 2023 1827 2076 Ra-

119 2107 232 2159 chel
291 2109 493 2173 septem
551 2107 735 2171 annis,
780 2110 830 2159 et
868 2104 1198 2161 videbantur
1242 2108 1292 2158 ei
1346 2109 1514 2174 pauci
1557 2107 1672 2162 dies
1711 2123 1827 2176 prae

121 2197 324 2248 amoris
376 2193 776 2262 magnitudine,
833 2193 887 2248 id
953 2199 1036 2249 est
1102 2200 1218 2248 tota
1270 2193 1507 2264 justitite
1555 2195 1826 2251 humanae

121 2283 355 2338 claritas
391 2296 572 2352 prava
626 2282 858 2338 videtur
907 2290 963 2338 et
1011 2281 1200 2338 tenuis
1251 2282 1323 2350 ei,
1373 2283 1476 2353 qui
1523 2283 1828 2354 diligenter

123 2372 354 2442 cogitat,
437 2379 492 2426 et
575 2369 956 2440 intelligenter
1028 2378 1183 2425 amat
1246 2371 1489 2440 speciem
1559 2386 1827 2440 supernae

121 2459 516 2515 beatitudinis.
549 2459 742 2524 (Vens.
775 2458 889 2529 21.)
922 2461 1066 2514 Dicit
1103 2445 1290 2529 itaque
1312 2461 1475 2514 Jacob
1512 2460 1586 2513 ad
1615 2461 1822 2515 Laban.

118 2549 296 2604 Iacob
324 2548 397 2602 ad
430 2548 626 2602 Laban
667 2547 908 2613 dictum,
941 2562 1055 2602 non
1087 2547 1248 2604 aliud
1303 2548 1484 2603 sentio
1517 2563 1694 2618 quam
1729 2545 1827 2618 pe?-

120 2652 223 2692 nes
253 2645 485 2692 aeternae
526 2636 722 2706 gloriae
762 2637 1069 2692 candorem
1114 2637 1321 2692 interni
1354 2636 1618 2692 desiderii
1653 2652 1826 2707 appe-

121 2727 314 2781 titum.
349 2728 428 2779 Da
460 2726 599 2778 mihi
629 2740 849 2778 umorem
881 2741 1070 2791 meam,
1116 2728 1249 2794 quia
1303 2731 1510 2794 tempus
1555 2729 1826 2794 empletum

119 2821 198 2868 est
256 2820 317 2867 ut
371 2814 655 2880 ingrediar
701 2814 776 2867 ad
828 2813 1006 2882 illam,
1050 2814 1104 2870 id
1152 2821 1236 2870 est
1293 2815 1642 2870 concedatur
1687 2817 1825 2871 mihi

122 2903 337 2958 divinze
384 2901 792 2971 speculationis
838 2917 970 2958 cum
1026 2903 1295 2959 facultate
1343 2903 1629 2971 voluptas,
1683 2905 1822 2974 quia
1863 2938 1902 2993 ρ

116 2993 238 3062 jam
271 2992 527 3060 corporis
555 2999 611 3046 et
653 2991 860 3046 animae
908 3005 1048 3047 meae
1096 2993 1446 3061 impensione
1475 2993 1720 3062 explevi,
1758 3003 1823 3050 ut

124 3080 180 3134 in
202 3080 332 3149 ejus
365 3081 641 3135 admittar
670 3081 972 3150 amplexus
1011 3088 1186 3151 atque
1224 3081 1475 3137 delicias.

194 3170 370 3225 Vens.
405 3172 491 3235 22,
524 3171 611 3223 23.
653 3171 740 3223 2-1.
772 3199 843 3210 -ο
883 3171 1018 3235 Quis
1057 3172 1261 3224 vocatis
1289 3171 1476 3225 multis
1531 3172 1828 3226 amicorum

125 3259 302 3312 turbis
351 3258 427 3311 ad
472 3259 776 3311 convivium
820 3259 954 3324 fecit
998 3261 1240 3326 nuptias.
1277 3259 1348 3312 Et
1390 3273 1607 3326 vespere
1653 3260 1828 3326 ﬁliam

123 3360 282 3400 suam
335 3351 479 3400 ll6
521 3348 676 3400 Liam
708 3346 1018 3400 introduxit
1069 3347 1143 3400 ad
1199 3362 1336 3413 eum,
1385 3346 1523 3401 dans
1566 3347 1828 3400 ancillam

123 3436 269 3502 ﬁlia,
325 3437 538 3501 Zelfam
594 3437 824 3489 nomine.
878 3435 1208 3490 Amicorum
1255 3435 1440 3490 turbae
1493 3449 1610 3490 non
1668 3435 1827 3491 aliud

124 3529 261 3577 sunt
293 3537 469 3592 quam
505 3523 736 3578 utilium
783 3523 1161 3593 cogitatuum,
1214 3522 1590 3591 locutionum,
1627 3531 1680 3579 et
1727 3537 1827 3578 ac-

125 3619 292 3668 tuum
334 3621 597 3679 caterva,
654 3626 784 3682 qum
832 3625 968 3667 vera
1021 3611 1280 3678 fidelitas,
1336 3611 1706 3682 amicitiaque
1743 3619 1828 3667 est

123 3701 354 3756 animae.
417 3701 530 3756 Hos
577 3709 745 3756 vocat
802 3701 996 3756 Laban
1055 3701 1129 3754 ad
1183 3703 1506 3768 convivium,
1577 3701 1828 3770 facitque

120 3792 373 3858 nuptias,
442 3804 578 3845 cum
634 3789 831 3845 aeterni
886 3789 1153 3845 candoris
1203 3804 1365 3845 amor
1429 3804 1496 3845 ea
1541 3789 1827 3844 contrahit

121 3878 340 3946 pariter
366 3877 438 3932 ad
488 3891 752 3947 supernae
799 3878 1124 3933 dulcedinis
1172 3879 1466 3945 haustum,
1519 3886 1572 3934 et
1616 3877 1827 3934 divinae

119 3966 512 4021 delectationis
544 3965 762 4035 praebet
801 3967 1154 4036 amplexum.
1203 3967 1311 4022 Sed
1361 3983 1597 4036 vespere,
1644 3967 1700 4022 id
1743 3975 1827 4022 est

120 4061 421 4110 attenuata
475 4054 650 4110 animi
699 4055 999 4125 splendore
1047 4054 1164 4109 filia
1222 4055 1320 4110 Lia
1359 4056 1434 4109 ad
1475 4071 1595 4111 eum
1641 4057 1827 4111 intro-

120 4143 378 4209 ducitur,
412 4144 550 4212 quia
579 4143 635 4198 in
669 4144 870 4198 activae
893 4143 1023 4199 vitae
1058 4143 1312 4199 laborem
1354 4158 1514 4199 mens
1557 4145 1828 4215 quaelibet

1937 435 2110 483 ternze
2163 428 2430 499 gratiam,
2491 443 2556 483 ac
2608 428 2652 482 si
2717 435 2918 483 contra
2973 428 3165 483 Laban
3225 427 3624 498 conqueritur.

1936 515 2167 584 Speciei,
2203 517 2411 586 inquit,
2452 516 2668 572 intimae
2717 516 3047 586 quaerebam
3101 524 3483 582 venustatem,
3523 531 3630 572 cur

1934 611 2013 659 tot
2039 605 2397 675 negotiorum
2435 605 2613 660 reﬂuo
2654 604 2710 658 in
2761 604 3010 659 laborem
3035 604 3062 657 ?
3112 607 3226 658 Non
3269 611 3368 674 est,
3409 605 3488 659 ait
3530 619 3630 660 ra-

1934 691 2222 748 tiocinatio
2254 693 2399 747 lucis
2426 695 2682 759 internae,
2739 693 3138 747 consuetudinis
3173 693 3337 762 apud
3385 708 3481 748 eos
3527 694 3629 763 qui

1934 781 2188 837 localiter
2218 781 2613 851 stabiliterque
2637 782 2810 851 juxta
2846 781 2982 850 jura
3030 788 3226 836 nostra
3269 781 3462 835 vivere
3502 782 3631 837 deli-

1934 870 2157 938 berant,
2187 876 2248 924 ut
2275 873 2505 925 minores
2540 876 2664 924 ante
2706 871 2989 924 tradamus
3037 870 3110 923 ad
3137 873 3383 938 nuptias,
3440 869 3496 923 id
3544 876 3629 924 est

1935 967 1997 1014 ut
2051 960 2366 1015 virtutibus
2409 960 2694 1029 quiSpiam
2755 959 3074 1028 copuletur,
3128 959 3307 1013 donec
3351 958 3626 1012 vitiorum

1933 1050 2081 1106 bella
2111 1051 2373 1105 evincere
2404 1060 2658 1115 conetur,
2699 1066 2829 1120 qum
2871 1051 3121 1106 minores
3162 1050 3282 1105 ideo
3330 1050 3626 1118 dicuntur,

1933 1149 2047 1189 non
2099 1135 2254 1204 quod
2305 1136 2417 1190 sint
2474 1135 2750 1204 dignitate
2805 1136 3084 1205 juniores,
3139 1135 3234 1190 sed
3291 1133 3444 1204 quod
3506 1141 3630 1204 post

1935 1224 2316 1279 tentationum
2362 1224 2684 1292 triumphos
2743 1224 2898 1278 omni
2956 1223 3278 1278 habeantur
3357 1223 3628 1278 exercitio

1937 1311 2193 1377 leviores,
2225 1319 2278 1366 et
2307 1325 2412 1367 sua
2444 1312 2698 1381 quadam
2731 1311 3004 1366 ineffabili
3043 1311 3296 1366 novitate
3329 1313 3624 1380 gratiores.

1934 1401 2023 1456 Nil
2070 1402 2220 1456 enim
2282 1401 2525 1470 simplici
2582 1408 2770 1456 mente
2815 1401 3060 1456 dulcius.
3111 1401 3193 1455 Eo
3245 1401 3424 1470 igitur
3461 1401 3628 1456 modo

1935 1490 2331 1558 contemplatio
2378 1490 2566 1545 minor
2610 1497 2712 1556 est,
2758 1489 2858 1559 qui
2909 1489 3205 1544 laboribus
3245 1489 3473 1544 curisve
3514 1502 3629 1543 non

1934 1579 2184 1646 interest,
2218 1587 2271 1634 et
2319 1579 2387 1634 de
2422 1579 2608 1634 activo
2654 1578 2968 1634 certamine
3017 1578 3088 1632 ad
3137 1577 3631 1646 contemplationis

1935 1667 2192 1737 requiem
2219 1667 2634 1737 proficiendum
2665 1675 2768 1723 est.

2005 1757 2176 1814 VERs.
2220 1759 2310 1811 27.
2374 1787 2443 1797 -—
2503 1758 2668 1826 Imple
2735 1755 3125 1811 hebdomadam
3172 1755 3385 1808 dierum
3465 1755 3630 1824 hujus

1935 1848 2152 1915 copula,
2195 1851 2246 1900 et
2294 1846 2431 1900 hanc
2460 1861 2673 1915 quoque
2715 1846 2855 1899 dabo
2885 1845 2987 1899 tibi
3027 1860 3126 1914 pro
3167 1860 3323 1913 opere
3362 1859 3465 1912 quo
3511 1859 3631 1898 ser-

1932 1938 2148 1989 viturus
2170 1950 2222 1989 es
2261 1935 2418 1999 mihi,
2457 1940 2655 2004 septem
2695 1937 2857 1988 annis
2905 1936 3050 1988 aliis.
3105 1932 3475 1988 Hebdomada
3506 1931 3633 1987 die-

1935 2037 2064 2078 rum
2097 2023 2317 2092 copulm
2360 2021 2650 2092 impletur,
2701 2037 2834 2078 cum
2883 2021 3141 2091 plenaria
3180 2021 3462 2075 bonorum
3505 2033 3634 2088 ope-

1933 2125 2063 2166 rum
2091 2110 2456 2167 exsecutione
2500 2111 2680 2166 amori
2725 2111 2857 2181 quis
2903 2109 3226 2165 Conditoris
3267 2109 3628 2178 astringitur,

1933 2206 1988 2255 et
2018 2206 2158 2254 tunc
2186 2199 2297 2254 alia
2327 2213 2432 2268 pro
2461 2213 2630 2269 opere
2659 2207 2876 2268 septem
2908 2197 3149 2253 aliorum
3175 2210 3487 2262 annorum,
3516 2209 3631 2264 quo

1933 2288 2258 2344 serviturus
2306 2295 2410 2353 est,
2465 2288 2638 2343 datur
2683 2302 2816 2343 cum
2858 2286 3167 2356 speculatio
3228 2285 3400 2354 quasi
3447 2283 3629 2354 quod-

1935 2377 2065 2432 dam
2097 2377 2399 2445 praemium
2427 2375 2640 2431 intimte
2670 2383 2898 2442 nostrae,
2950 2389 3068 2445 qua
3113 2387 3145 2429 a
3194 2374 3349 2428 vitiis
3379 2372 3632 2442 quiesci-

1936 2478 2085 2530 mus,
2144 2465 2300 2533 pacis
2329 2464 2582 2519 additur.
2638 2463 2860 2532 Septem
2913 2463 3048 2519 anni
3109 2463 3328 2532 priores
3375 2461 3435 2516 in
3487 2461 3629 2514 inte-

1893 2583 1897 2588 ε
1937 2553 2070 2608 riori
2101 2553 2490 2622 exteriorique
2533 2553 2843 2609 certamine
2883 2560 3052 2616 sunt;
3107 2551 3375 2621 postremi
3418 2556 3631 2618 septem

1937 2641 2245 2711 utrobique
2284 2642 2506 2711 corpori
2549 2640 2761 2696 scilicet
2805 2649 2860 2696 et
2908 2640 3114 2695 animae
3157 2653 3229 2695 ex
3276 2638 3492 2708 peccati
3539 2637 3633 2691 vi-

1934 2731 2114 2786 ctoria
2135 2731 2316 2800 quieti
2345 2738 2399 2786 et
2452 2730 2662 2800 placidi
2720 2739 2876 2785 sunt.
2935 2731 3074 2784 [-linc
3131 2728 3340 2783 etenim
3396 2735 3450 2782 et
3501 2726 3633 2780 inde

1935 2829 2035 2884 per
2085 2815 2474 2884 septenarium
2532 2815 2942 2882 sabbatizatur,
3004 2813 3190 2883 primo
3256 2811 3512 2867 exterius
3574 2810 3630 2863 in

1936 2917 2121 2972 opere,
2183 2903 2545 2972 postmodum
2598 2904 2843 2959 interius
2901 2904 2957 2957 in
3009 2901 3370 2972 cogitatione.
3441 2898 3633 2954 Verba

1936 2992 2129 3046 Laban
2155 2992 2234 3046 nil
2266 2991 2431 3046 aliud
2480 2991 2767 3063 intelligas
2797 3006 2972 3061 quam
3009 2991 3246 3046 rationis
3286 2987 3630 3043 illuminatae

1935 3080 2297 3135 sententiam.
2332 3081 2526 3146 (Vens.
2561 3083 2649 3146 28,
2703 3082 2818 3148 29.)
2854 3080 3180 3149 Acquiescit
3233 3091 3370 3147 ergo
3425 3075 3627 3131 Jacob:

1935 3168 2032 3223 sed
2065 3168 2295 3223 Racheli
2323 3169 2460 3223 Bala
2491 3169 2698 3223 ancilla
2745 3168 3141 3238 subjungitur.
3185 3167 3324 3221 Bala
3371 3178 3507 3220 vero
3544 3165 3630 3217 in-

1933 3261 2174 3310 veterata
2261 3250 2688 3327 interpretatur.
2746 3257 3012 3313 Vetustas
3083 3263 3274 3311 autem
3343 3253 3451 3308 ista
3515 3267 3630 3308 non

1935 3345 2076 3400 mihi
2111 3345 2223 3400 alia
2252 3346 2484 3402 videtur
2521 3360 2696 3416 quam
2741 3358 3144 3414 corporearum
3195 3357 3390 3399 rerum
3438 3341 3633 3412 phan-

1935 3435 2098 3501 tasia,
2130 3450 2260 3504 quae
2291 3434 2533 3506 [semper
2564 3433 3027 3503 contemplationi
3087 3431 3477 3503 Spiritualium
3537 3429 3632 3485 in—

1934 3523 2095 3579 fensa
2124 3524 2388 3579 sentitur.
2430 3523 2932 3591 Contemplationis
2973 3527 3167 3591 itaque
3200 3520 3424 3575 novitas
3463 3519 3630 3572 inve-

1935 3619 2175 3678 teratur,
2211 3627 2342 3668 cum
2370 3611 2833 3680 corruptibilium
2877 3609 3230 3678 imaginibus
3275 3607 3628 3672 incursatur,

1936 3702 2282 3757 ancillariter
2330 3709 2520 3757 tamen
2578 3700 2901 3770 subjicitur.
2981 3699 3172 3763 (Vens,
3237 3696 3348 3767 30.)
3415 3696 3632 3752 Verum

1936 3791 2025 3845 his
2103 3791 2277 3846 Jacob
2362 3789 2572 3860 potitus
2645 3788 2882 3858 nuptiis,
2968 3801 3220 3842 amorem
3315 3783 3627 3854 sequentis,

1936 3879 1992 3935 id
2042 3888 2124 3936 est
2180 3878 2651 3948 contemplativze,
2717 3877 2913 3947 priori,
2971 3876 3025 3931 id
3077 3883 3158 3931 est
3216 3874 3417 3930 activae
3480 3885 3633 3941 prae-

1937 3969 2086 4026 tulit.

2008 4058 2178 4114 VEas.
2210 4061 2296 4112 3i.
2331 4087 2400 4098 —
2447 4057 2646 4111 Videns
2705 4060 2883 4109 autem
2940 4057 3098 4118 Deus,
3143 4052 3287 4121 quod
3335 4051 3632 4119 despiceret

1937 4146 2111 4207 Liam,
2149 4148 2366 4214 aperuit
2398 4146 2616 4199 vulvam
2646 4145 2781 4214 ejus,
2832 4159 3010 4197 sorore
3056 4143 3233 4196 sterili
3263 4143 3626 4209 permanente.

120 4241 320 4286 sancta
404 4231 702 4298 relabitur,
773 4232 912 4287 dum
998 4232 1166 4302 quies
1230 4232 1457 4288 interna
1487 4233 1819 4302 dissipatur.
1863 4221 1906 4274 D
1937 4234 2102 4290 Videt
2145 4236 2398 4289 Dominus
2445 4234 2527 4302 (id
2557 4240 2660 4300 est,
2704 4232 2898 4286 videre
2945 4245 3048 4286 nos
3105 4229 3260 4299 facit)
3311 4227 3458 4298 quod
3515 4242 3631 4283 non

121 4319 274 4374 Zelfa
327 4319 541 4376 dicitur
587 4336 642 4374 os
690 4320 994 4375 ambulans.
1047 4321 1227 4376 Habet
1271 4323 1466 4391 itaque
1507 4321 1607 4376 Lia
1643 4322 1822 4376 ancil-

124 4408 236 4464 lam
289 4423 439 4475 eam,
489 4424 620 4479 quae
663 4410 970 4465 ambulans
1027 4423 1091 4464 os
1139 4409 1369 4473 dicitur,
1430 4410 1617 4465 activa
1670 4411 1825 4466 enim

122 4498 314 4552 laudis
349 4497 641 4563 humanze,
673 4513 804 4568 qua;
830 4512 928 4567 per
957 4511 1058 4554 ora
1079 4498 1430 4554 ancillariter
1458 4499 1822 4555 adulantium

121 4585 370 4654 proﬁcit,
425 4594 480 4641 et
529 4587 824 4654 discurrit,
874 4587 1167 4657 obsequiis
1213 4587 1516 4658 delinitur;
1565 4596 1824 4658 patenter

120 4675 275 4729 enim
309 4684 609 4744 operatur.
642 4677 834 4745 (Vens.
879 4679 969 4740 25,
1000 4678 1115 4746 26.)
1146 4676 1238 4729 Ad
1259 4691 1423 4745 quam
1452 4693 1570 4731 cum
1595 4693 1662 4730 ea:
1682 4694 1827 4732 more

118 4763 289 4817 Iacob
316 4765 514 4829 fuisset
553 4766 849 4833 ingressus,
893 4767 1040 4830 facto
1091 4780 1247 4818 mane
1290 4765 1434 4819 vidit
1478 4765 1685 4835 jLiam;
1743 4767 1826 4820 di-

120 4854 315 4922 xitque
363 4853 437 4906 ad
487 4868 728 4909 socerum
773 4869 977 4908 suum:
1033 4855 1214 4910 Nonne
1241 4869 1342 4922 pro
1388 4855 1587 4909 Rachel
1624 4857 1827 4909 servivi

123 4941 276 4994 tibi?
339 4942 520 5006 Quare
571 4944 729 4997 Liam
769 4945 1080 5012 imposuisti
1108 4943 1292 4996 mihi?
1340 4945 1458 5000 Non
1515 4949 1610 5010 est,
1644 4947 1827 5012 inquit

125 5027 331 5092 Laban,
363 5031 422 5082 in
451 5029 562 5084 loco
617 5037 799 5086 nostro
841 5032 1265 5098 consuetudinis,
1296 5033 1370 5100 fut
1413 5036 1646 5087 minores
1702 5039 1828 5088 ante

127 5117 411 5172 tradamus
441 5119 516 5172 ad
543 5123 786 5189 nuptias.
827 5123 912 5176 Ea:
939 5137 1082 5176 more
1116 5123 1277 5177 Jacob
1307 5122 1378 5177 ad
1408 5122 1517 5178 sibi
1562 5122 1825 5192 junctam

127 5208 474 5284 ingreditur,
530 5223 660 5264 cum
713 5209 894 5266 ﬁdelis
967 5211 1159 5266 anima
1220 5211 1292 5266 ob
1347 5211 1823 5266 considerandam

129 5300 396 5371 propositi
424 5298 515 5354 sui
551 5297 808 5367 regulam
858 5298 929 5353 ad
975 5313 1073 5354 cor
1119 5299 1478 5355 discernendi
1527 5313 1704 5355 causa
1733 5314 1826 5356 re-

128 5391 391 5446 vertitur.
444 5387 552 5443 Sed
601 5401 755 5441 mane
783 5387 996 5442 divinze
1045 5386 1439 5444 illustrationis
1475 5390 1642 5455 facta,
1686 5387 1822 5443 dum

130 5478 192 5534 de
237 5478 646 5548 proximorum
712 5489 854 5532 cura
917 5475 1278 5532 conscientiae
1326 5476 1486 5532 labor
1556 5476 1828 5532 inductus

1934 4323 2077 4378 bene
2095 4323 2442 4378 aestimemus
2484 4322 2552 4376 de
2601 4321 2720 4386 Lia,
2751 4320 2806 4375 id
2835 4327 2918 4375 est
2949 4320 3017 4374 de
3047 4316 3259 4374 actuali
3290 4316 3428 4382 vita,
3493 4316 3630 4371 dum

1934 4411 2102 4481 quasi
2135 4411 2318 4466 tutius
2349 4417 2638 4478 putamus,
2670 4409 2835 4464 nobis
2893 4408 3027 4464 solis
3071 4405 3396 4476 iintendere,
3456 4416 3632 4473 quam

1934 4500 2044 4556 sub
2075 4499 2320 4568 proximi
2363 4511 2505 4553 cura
2534 4497 2834 4563 desudare,
2888 4495 3185 4566 aperitque
3233 4495 3451 4548 vulvam
3489 4493 3628 4560 ejus,

1934 4588 1989 4643 id
2042 4595 2124 4643 est
2187 4585 2432 4642 ostendit
2493 4585 2798 4641 utilitatem
2864 4599 2932 4639 ac
2976 4582 3430 4639 fructuositatem
3483 4580 3626 4649 ejus,

1936 4676 2076 4746 quia
2119 4675 2331 4731 scilicet
2378 4689 2681 4730 commune
2730 4675 2946 4730 bonum
2997 4673 3220 4742 privato
3264 4671 3431 4725 debet
3483 4682 3629 4737 prte-

1937 4764 2088 4834 poni,
2129 4779 2309 4818 sorore
2335 4768 2680 4833 permanente
2708 4764 2901 4829 sterili,
2939 4763 2991 4817 id
3036 4769 3120 4817 est
3151 4761 3289 4816 dum
3323 4771 3395 4814 ex
3440 4757 3633 4812 fecun-

1935 4853 2108 4908 ditate
2157 4851 2504 4907 actualitatis
2573 4851 2948 4920 perpenditur
2994 4849 3169 4905 unica
3233 4845 3453 4903 utilitas
3514 4844 3624 4911 sui,

1935 4939 2395 4997 necintendatur
2439 4941 2542 4995 abs
2584 4940 2842 5010 quolibet
2887 4939 3280 5008 proximarum
3328 4933 3625 5004 profectui.

1936 5031 2135 5096 (Vens.
2193 5031 2306 5100 32.)
2359 5031 2677 5098 Conceptum
2736 5028 2978 5083 actualis
3017 5033 3253 5097 generat
3310 5025 3509 5091 ﬁlium,
3570 5022 3627 5078 id

1934 5127 2019 5175 est
2048 5119 2405 5189 propositum
2437 5118 2670 5174 exhibet
2711 5117 3052 5188 generaliter
3102 5115 3178 5185 pii
3225 5114 3412 5184 operis
3456 5125 3629 5168 exer-

1936 5209 2156 5273 citium,
2188 5215 2243 5263 et
2295 5215 2460 5263 vocat
2506 5223 2695 5261 nomen
2749 5207 2866 5272 ejus
2917 5205 3122 5270 Ruben,
3173 5203 3418 5257 aestimat
3469 5200 3625 5256 vide-

1934 5296 2064 5353 licet
2096 5297 2249 5365 apud
2283 5311 2342 5351 se
2372 5309 2657 5352 summam
2688 5295 2814 5364 ejus
2847 5292 3034 5362 operis
3064 5291 3218 5361 quod
3247 5304 3415 5360 penes
3443 5290 3623 5344 Deum

1936 5385 2285 5441 nominabile
2323 5393 2422 5452 est,
2456 5384 2681 5451 Ruben,
2720 5383 2774 5438 id
2803 5390 2888 5439 est
2912 5382 3055 5452 [vide
3104 5381 3160 5435 in
3209 5378 3416 5440 medio,
3471 5377 3626 5447 quod

1933 5482 2036 5543 est,
2066 5489 2180 5529 non
2219 5489 2324 5530 suo
2371 5473 2612 5541 simplici
2667 5471 2990 5543 providere,
3041 5470 3137 5527 sed
3179 5465 3473 5524 communi
3521 5479 3626 5534 po—
