3904 6066
262 211 363 262 223

1147 213 1205 267 ν.
1253 211 1596 270 GUIBERTI
1627 214 1919 270 ABBATIS
1957 219 2012 272 S.
2057 216 2294 271 MARle
2331 215 2419 272 DE
2460 213 2853 270 NOVIGENTO

3656 221 3765 273 224

266 338 381 394 tius
410 354 579 394 nono.
615 341 814 396 Ruben
837 341 989 396 enim
1030 341 1202 395 videte
1253 344 1310 396 in
1365 343 1538 397 medio
1569 343 1799 411 dicitur,
1841 347 1952 400 Me—
1987 352 2032 404 Α
2062 345 2248 400 laudis
2298 344 2606 400 immolabo
2667 345 2907 400 Domino
2961 345 3129 416 (Psal.
3181 363 3334 414 xle,
3398 349 3506 409 14).
3567 349 3764 405 Cessat

267 428 417 482 dium
472 437 664 484 autem
717 446 818 498 pro
873 433 1140 485 communi
1199 432 1452 502 ponitur.
1519 434 1689 499 Vidit,
1746 435 1953 505 inquit,

265 519 404 571 Deus
453 519 814 573 humilitatem
866 536 1057 587 meam,
1111 521 1168 576 id
1205 529 1287 578 est
1325 522 1465 578 dum
1526 537 1711 580 meam
1765 533 1956 580 atten-

267 607 400 663 dere
440 621 528 663 me
574 607 708 663 facit
759 610 1168 676 necessitatem,
1205 611 1262 666 in
1313 625 1431 681 qua
1487 627 1634 682 saepe
1689 616 1958 683 experior

266 695 513 765 proximi
558 697 960 766 humilitatem,
1012 713 1185 770 cogor
1228 701 1538 770 rependere
1582 716 1729 768 eam,
1779 718 1956 774 quam

266 784 417 852 apud
449 784 590 840 alios
627 795 898 856 expertus
949 802 1074 843 sum
1119 788 1546 860 benignitatem.
1605 794 1760 848 Nunc
1793 809 1957 848 ama-

267 874 344 927 bit
372 890 454 928 me
480 877 567 927 vir
588 891 753 928 meus.
790 877 1116 932 Intellectus
1149 878 1248 945 ait,
1281 879 1375 934 cui
1424 880 1627 935 attinet
1673 881 1958 938 interioris

266 963 514 1017 hominis
543 964 806 1032 ducatus,
841 967 1070 1035 repulso
1111 966 1371 1023 laborum
1405 968 1650 1036 fastidio,
1715 970 1774 1025 in
1836 972 1957 1042 ipso

265 1051 582 1108 dilectionis
633 1068 826 1110 amore
895 1056 1228 1126 respirabit;
1291 1065 1345 1112 et
1404 1059 1510 1113 hoc
1567 1060 1732 1115 faciet
1785 1062 1955 1117 etiam

265 1155 440 1209 nunc,
469 1142 520 1196 id
551 1151 635 1198 est
663 1143 720 1198 in
750 1144 958 1200 saeculo
994 1147 1278 1214 praesenti,
1323 1149 1608 1204 cantando
1650 1150 1910 1207 videlicet
1940 1167 1952 1206 :

261 1232 396 1284 Ecce
431 1246 595 1298 quam
636 1231 829 1285 bonum
886 1237 935 1286 et
991 1249 1155 1302 quam
1200 1235 1504 1303 jucundum
1551 1237 1801 1292 habitare
1826 1241 1956 1306 fra-

263 1323 368 1373 tres
398 1321 455 1373 in
484 1335 651 1374 unum
680 1323 700 1374 .'
721 1320 886 1391 (Psal.
921 1336 1134 1387 cxxxu,
1176 1324 1247 1391 1.)

335 1407 510 1464 Vnus.
554 1410 642 1462 33.
676 1439 744 1447 —
771 1410 1016 1463 Rursum
1045 1414 1300 1480 concepit,
1335 1416 1384 1466 et
1429 1416 1640 1482 peperit
1672 1415 1865 1482 ﬁlium,
1907 1421 1958 1471 et

263 1497 389 1549 ait:
435 1496 581 1561 Quia
633 1497 850 1551 audivit
908 1501 1173 1554 Dominus
1225 1501 1413 1554 haberi
1467 1517 1548 1555 me
1603 1506 1952 1573 contemptui,

263 1584 416 1638 dedit
462 1585 603 1638 mihi
655 1587 820 1640 etiam
872 1589 1062 1654 istum;
1114 1591 1430 1658 vocavitque
1472 1606 1660 1644 nomen
1703 1593 1820 1660 ejus
1859 1594 1947 1648 Si-

263 1687 434 1726 meon.
467 1673 743 1743 Concipit,
793 1689 926 1731 cum
978 1675 1221 1733 interius
1270 1678 1562 1749 proponit;
1613 1695 1744 1735 cum
1790 1689 1954 1737 exte-

262 1760 385 1816 rius
417 1761 796 1832 administrat,
832 1763 999 1833 parit.
1039 1765 1206 1820 Audit
1247 1768 1480 1835 ponitur
1519 1782 1621 1837 pro
1673 1770 1951 1839 intelligit,

263 1849 416 1904 unde
461 1850 767 1919 Apostolus
818 1867 950 1907 cum
1001 1853 1252 1908 diceret:
1313 1857 1590 1910 Animalis
1639 1858 1790 1912 homo
1848 1874 1954 1912 non

257 1941 494 2008 percipit
539 1955 601 1992 ea
636 1955 755 2007 qua
781 1948 908 1995 sunt
939 1943 1183 2013 Spiritus
1229 1943 1332 1996 Dei
1358 1945 1401 2011 (Ι
1437 1945 1556 2000 Cor.
1599 1961 1657 2012 ιι,
1712 1947 1818 2016 lli),
1860 1948 1954 2002 ad-

261 2025 404 2082 didit
437 2041 450 2081 :
484 2027 684 2098 Neque
715 2029 867 2084 enim
898 2031 1080 2096 audit,
1118 2031 1172 2086 id
1211 2039 1295 2087 est
1326 2032 1612 2104 intelligit.
1656 2036 1828 2091 Audit
1859 2051 1953 2093 au-

260 2120 374 2168 tem
422 2116 720 2182 Dominus,
766 2133 898 2173 cum
939 2118 1253 2189 intelligere
1283 2135 1386 2176 nos
1421 2122 1570 2178 facit.
1604 2123 1749 2189 Quia
1791 2139 1948 2195 ergo,

260 2202 373 2257 Deo
423 2203 760 2274 inspirante,
805 2206 1180 2277 intelligimus
1211 2209 1407 2264 haberi
1450 2225 1552 2266 nos
1576 2215 1947 2283 contemptui,

257 2288 303 2344 si
336 2305 442 2360 pro
487 2297 626 2346 ne
661 2293 784 2349 sola
827 2295 1208 2350 redhibitione
1254 2297 1381 2365 ejus
1422 2299 1684 2366 proximo
1733 2299 1950 2369 impen-

257 2379 465 2435 damus
512 2395 728 2437 munus
779 2383 1072 2451 beneficii;
1123 2385 1219 2439 dat
1268 2386 1418 2442 Deus
1458 2394 1512 2442 et
1563 2389 1726 2442 istum
1771 2389 1951 2453 filium

257 2468 438 2535 nobis,
485 2469 580 2524 cui
633 2477 717 2525 est
769 2485 977 2526 nomen
1031 2471 1275 2538 Simeon,
1340 2476 1494 2544 quod
1540 2476 1951 2546 interpretatur

255 2557 473 2611 audivit
497 2561 753 2612 Dominus
785 2560 870 2615 vel
901 2561 1128 2614 audiens
1163 2564 1470 2628 tristitiam,
1499 2563 1637 2634 quia
1698 2567 1754 2620 in
1792 2568 1948 2622 omni

255 2645 410 2714 quod
439 2646 683 2716 agimus,
716 2661 830 2702 non
871 2649 1182 2717 humanus,
1217 2651 1310 2705 sed
1343 2651 1577 2708 divinus
1619 2656 1948 2723 pensandus

253 2740 336 2788 est
366 2733 622 2802 auditus,
653 2749 755 2790 nec
785 2736 926 2805 quid
967 2737 1173 2794 referat
1206 2741 1396 2804 homo,
1437 2741 1533 2796 sed
1575 2743 1948 2811 cogitandum

252 2829 336 2877 est
368 2822 510 2892 quid
542 2823 759 2893 placeat
803 2825 932 2881 Deo.
977 2827 1049 2881 Et
1078 2827 1331 2896 auditus,
1365 2829 1420 2884 id
1465 2837 1548 2886 est
1596 2845 1800 2886 sensus
1845 2832 1946 2887 tri-

2070 443 2207 490 tunc
2225 449 2436 503 parere,
2469 447 2600 488 cum
2635 433 2764 489 boni
2798 434 2985 504 operis
3033 436 3285 493 fructum
3336 437 3764 507 ingemiscendo

2067 519 2152 576 uti
2182 534 2361 586 nunc,
2393 519 2600 575 desinit
2646 533 2836 590 agere.

2679 661 2909 720 CAPUT
2949 663 3130 718 XXX.

2137 786 2306 842 VEns.
2362 789 2409 839 l.
2440 814 2513 826 —
2545 787 2782 840 Cernens
2824 791 3001 841 autem
3039 788 3237 842 Rachel
3277 789 3422 856 quod
3462 790 3762 856 infecunda

2063 881 2216 942 esset,
2249 875 2452 929 invidit
2483 878 2690 941 sorori;
2719 879 2903 946 aitque
2941 879 3141 932 marito
3175 892 3187 931 :
3225 879 3313 932 Da
3351 879 3484 932 mihi
3539 880 3758 947 liberos,

2063 965 2308 1033 alioquin
2364 966 2588 1018 moriar.
2653 966 2847 1020 Rachel
2899 967 3043 1034 quod
3073 967 3394 1033 infecunda
3439 969 3523 1038 :sit
3585 972 3768 1023 sorori

2061 1053 2290 1120 invidet,
2323 1053 2460 1108 dum
2495 1068 2655 1109 mens
2679 1054 3258 1124 contemplativorum
3287 1055 3597 1111 efﬁcaciam
3618 1059 3763 1112 acti-

2063 1155 2270 1196 vorum
2321 1141 2572 1209 intuens,
2624 1149 2678 1198 et
2729 1156 2902 1211 opera
2951 1143 3256 1212 aliquoties
3305 1144 3636 1212 aemulatur,
3709 1155 3767 1200 et

2064 1229 2251 1285 laudis
2304 1231 2695 1300 profusionem
2750 1231 3016 1286 miratur.
3099 1233 3206 1299 Tu,
3254 1232 3467 1302 inquit,
3521 1248 3554 1288 ο
3594 1234 3764 1290 intel-

2065 1317 2259 1384 lectus,
2317 1319 2700 1388 speculatione
2773 1320 3008 1389 gaudes,
3064 1321 3160 1375 sed
3229 1321 3388 1376 nullo
3471 1323 3766 1392 przecipuo

2065 1421 2234 1476 opere
2289 1422 2388 1476 per
2445 1409 2594 1463 hanc
2647 1409 2941 1463 evidenter
2982 1409 3199 1464 emines
3253 1410 3407 1465 unde
3464 1425 3569 1466 nec
3631 1412 3765 1481 opi-

2064 1496 2253 1552 nionis
2283 1496 2489 1551 indicio
2518 1497 2783 1566 exempla
2819 1496 3139 1552 sanctitatis
3182 1498 3421 1566 praebes.
3469 1499 3643 1569 (Vens
3679 1501 3766 1569 2.)

2065 1584 2235 1652 Num,
2266 1584 2473 1654 inquit,
2506 1588 2650 1640 ratio
2691 1585 2842 1640 vices
2892 1585 2988 1640 Dei
3021 1600 3194 1655 penes
3234 1594 3286 1642 te
3325 1600 3454 1657 ago,
3488 1588 3588 1658 qui
3634 1588 3761 1658 pri-

2064 1673 2224 1728 vavit
2251 1682 2303 1729 te
2343 1674 2534 1730 fructu
2563 1674 2780 1730 ventris
2811 1675 2914 1742 tui,
2951 1675 3006 1730 id
3033 1682 3117 1730 est
3151 1676 3251 1745 qui
3286 1676 3384 1732 tibi
3411 1691 3523 1732 non
3562 1677 3763 1733 indul-

2061 1763 2134 1818 sit
2159 1762 2446 1818 solertiam
2494 1762 2805 1832 corporalis
2853 1763 3136 1829 exercitii,
3190 1779 3321 1834 quae
3352 1773 3639 1834 quantum
3685 1767 3760 1822 ad

2062 1865 2235 1906 auras
2259 1851 2422 1906 famae
2453 1851 2654 1906 attinet
2677 1851 2733 1906 in
2767 1852 3000 1908 modum
3022 1853 3239 1907 ventris
3278 1861 3362 1908 est
3413 1853 3652 1924 fragilis,
3697 1863 3763 1911 ut

2060 1939 2162 1994 tibi
2197 1953 2323 1994 mea
2355 1953 2496 1995 cura
2528 1940 2780 1996 conferat
2811 1941 2967 2010 quod
3011 1941 3131 2009 ipse
3179 1942 3330 1996 Deus
3361 1944 3577 2013 negat?
3614 1943 3761 1999 Sunt

2059 2029 2212 2084 enim
2259 2043 2511 2098 quorum
2580 2028 2812 2098 ingenia
2852 2030 3318 2098 contemplationi
3379 2032 3755 2097 conveniunt,

2059 2116 2157 2172 sed
2206 2129 2445 2186 corpora
2501 2116 2740 2187 negotiis
2784 2117 3024 2188 agendis
3067 2132 3181 2173 non
3217 2127 3568 2188 congruunt.
3608 2120 3756 2175 Con-

2059 2205 2351 2274 templatio
2412 2204 2590 2274 igitur
2647 2205 2785 2260 dum
2867 2205 3032 2260 fama;
3105 2206 3385 2262 desiderio
3467 2208 3755 2277 pulsatur.

2061 2294 2254 2364 (Vens.
2297 2295 2369 2361 3.)
2417 2293 2614 2358 Habeo,
2655 2296 2853 2362 inquit,
2905 2295 3177 2360 famulam
3221 2296 3433 2362 Balam,
3477 2297 3762 2364 ingredere

2058 2383 2133 2436 ad
2157 2399 2294 2450 eam,
2332 2383 2386 2437 id
2433 2389 2517 2437 est
2547 2382 2730 2437 habeo
2763 2382 3131 2438 saecularium
3178 2397 3374 2439 rerum
3438 2385 3759 2454 scientiam,

2059 2485 2190 2540 quae
2218 2471 2344 2526 licet
2389 2471 2849 2542 sapientizejugo
2904 2471 3216 2540 subsident,
3280 2474 3373 2528 cui
3433 2481 3493 2529 tu
3547 2474 3756 2538 inhias,

2057 2561 2336 2626 ingredere
2386 2567 2573 2614 tamen
2619 2558 2990 2616 immiscendo
3041 2569 3095 2616 te
3138 2561 3211 2626 ei,
3268 2570 3322 2617 et
3367 2563 3759 2618 condescende

2057 2650 2131 2704 ad
2152 2665 2292 2716 eam,
2319 2663 2448 2718 qua:
2482 2649 2680 2703 mundi
2705 2649 2918 2704 dicitur
2944 2650 3246 2719 sapientia,
3271 2657 3334 2706 ut
3369 2651 3555 2720 pariat
3583 2665 3759 2721 super

2058 2752 2247 2811 genua
2277 2751 2421 2805 mea,
2448 2737 2504 2792 id
2553 2745 2635 2794 est
2664 2745 2726 2793 ut
2759 2737 2970 2792 inﬂexa
3023 2746 3206 2794 status
3264 2740 3607 2795 rectitudine
3657 2740 3758 2795 ali-

2056 2842 2202 2897 quos
2258 2826 2398 2882 mihi
2451 2825 2673 2882 fructus
2726 2824 2928 2881 afferat
2981 2827 3313 2896 temporalis
3352 2827 3583 2882 laetitize.
3651 2829 3758 2883 Per

252 2911 438 2978 stitiae,
471 2912 601 2968 licet
630 2927 842 2984 magna
873 2929 1161 2985 geramus,
1194 2917 1385 2974 deesse
1422 2934 1536 2974 non
1575 2920 1758 2987 debet,
1807 2923 1947 2991 quia
1984 2937 2023 2990 ρ
2058 2915 2273 2982 Balam,
2308 2930 2440 2985 quae
2476 2920 2793 2968 vetustatem
2831 2922 3014 2982 sonat,
3064 2915 3366 2970 saecularia
3414 2915 3752 2986 accipimus,

254 3001 542 3056 nescimus
573 3008 769 3058 utrum
813 3016 1008 3059 amore
1049 3019 1123 3059 an
1154 3005 1281 3061 odio
1311 3007 1473 3078 digni
1516 3009 1698 3064 simus
1747 3010 1943 3080 (Eccle.

252 3102 329 3155 1x,
369 3090 440 3160 ι).
481 3090 580 3145 Cor
632 3097 845 3160 autem,
892 3092 1064 3162 juxta
1109 3095 1261 3164 quod
1319 3095 1546 3166 legitur,
1607 3098 1751 3165 quod
1797 3103 1949 3154 novit

251 3179 676 3233 amaritudinem
695 3183 888 3235 anime
917 3196 1046 3249 suae,
1104 3184 1162 3236 in
1201 3171 1402 3251 gaudio
1439 3185 1557 3253 ejus
1587 3183 1704 3254 [non
1752 3190 1944 3242 misce-

254 3267 403 3320 bitur
449 3267 657 3322 alienus
709 3268 886 3339 (Prov.
918 3285 1032 3335 xw,
1100 3273 1208 3337 10.)
1259 3271 1451 3341 (Vsus.
1517 3273 1631 3343 34.)
1696 3275 1948 3346 Concepit

254 3357 430 3422 tertio,
489 3361 540 3410 el
585 3359 774 3423 genuit
811 3359 1002 3424 alium,
1061 3359 1360 3426 dimitque:
1402 3362 1553 3416 Nunc
1602 3364 1948 3430 copulabitur

251 3444 386 3496 mihi
409 3446 496 3496 vir
549 3460 714 3513 meus,
747 3462 804 3500 eo
834 3447 978 3514 quod
1027 3451 1302 3516 genuerim
1331 3452 1380 3502 ei
1409 3455 1514 3505 tres
1551 3453 1713 3520 ﬁlios,
1757 3458 1807 3508 et
1851 3455 1944 3508 id-

251 3534 392 3587 circo
429 3535 729 3602 appellavit
775 3551 964 3590 nomen
1012 3538 1129 3605 ejus
1181 3539 1327 3592 Levi.
1355 3540 1485 3595 Levi
1534 3540 1948 3611 interpretatur

250 3621 496 3677 additus.
543 3622 677 3679 Post
709 3625 926 3692 Rubea,
957 3625 1056 3680 ubi
1103 3628 1486 3684 communiter
1532 3631 1792 3686 omnium
1843 3631 1947 3687 uti-

249 3710 394 3766 litati
425 3712 779 3780 providetur,
818 3721 872 3769 et
903 3713 1148 3780 Simeon,
1187 3715 1285 3772 ubi
1333 3716 1432 3772 Dei
1474 3717 1785 3789 plusquam
1835 3721 1946 3776 ho-

251 3797 421 3854 minis
455 3800 692 3856 auditus
739 3800 1078 3870 intenditur,
1123 3811 1270 3859 recte
1317 3805 1540 3860 additus
1588 3807 1752 3862 tertio
1799 3807 1940 3874 loco,

249 3887 352 3956 qui
377 3888 712 3944 Trinitatem
761 3889 1064 3961 signiﬁcat,
1117 3893 1444 3962 apponitur,
1493 3893 1645 3965 [quia
1693 3896 1944 3966 quisque

247 3975 366 4030 sola
390 3977 490 4032 Dei
546 3977 858 4033 intentione
904 3994 1170 4048 operans,
1209 3981 1521 4037 electorum
1573 3983 1731 4050 sorti,
1787 3985 1943 4054 quod

246 4072 330 4120 est
372 4065 473 4121 Dei
507 4065 670 4133 visio,
714 4066 949 4124 indubie
988 4068 1238 4123 additur.
1302 4071 1426 4124 Tres
1469 4078 1608 4126 tunc
1646 4071 1789 4140 ﬁlios
1849 4073 1941 4142 gi—

248 4153 391 4224 gnit,
427 4161 553 4222 post
593 4153 800 4208 bonam
838 4155 993 4210 enim
1025 4155 1327 4221 actionem,
1387 4157 1658 4228 piamque
1702 4167 1939 4215 actuum

2058 3019 2189 3074 quae
2242 3011 2435 3060 vetera
2493 3003 2548 3057 in
2607 3003 2902 3073 Scriptura
2962 3003 3330 3073 appellantur
3393 3005 3524 3074 (Col.
3587 3008 3637 3071 3,
3701 3005 3752 3074 9)

2059 3093 2252 3162 (VEns.
2281 3094 2332 3159 4,
2359 3091 2436 3161 5.)
2477 3091 2772 3147 Intellectu
2798 3092 2973 3162 igitur
3005 3091 3063 3146 in
3106 3091 3423 3161 penetralia
3479 3092 3750 3162 scientiae,

2055 3188 2111 3236 et
2155 3179 2484 3236 intentionis
2526 3179 2838 3246 saecularis,
2889 3187 2943 3234 et
2981 3179 3147 3249 quasi
3187 3179 3261 3234 ad
3304 3177 3608 3234 ancillaria
3656 3182 3750 3234 in-

2055 3285 2258 3340 gresso,
2286 3271 2526 3337 concepit
2569 3274 2618 3322 et
2645 3271 2856 3338 peperit
2902 3269 3103 3335 ﬁlium,
3163 3267 3458 3337 proposuit
3513 3267 3747 3333 scilicet,

2055 3367 2108 3415 et
2136 3357 2402 3414 exhibuit
2429 3371 2576 3427 opus
2609 3357 2885 3427 ineptum.

2126 3448 2297 3504 Vnus.
2325 3449 2374 3501 6.
2411 3475 2479 3486 —
2513 3448 2653 3500 Dicit
2681 3460 2818 3516 ergo
2849 3446 3056 3500 Rachel
3091 3462 3103 3498 :
3137 3444 3423 3499 Judicavit
3451 3447 3588 3499 mihi
3640 3449 3749 3500 Do-

2053 3539 2255 3603 minus,
2283 3541 2332 3590 et
2371 3536 2657 3590 exaudivit
2699 3550 2874 3589 vocem
2917 3549 3108 3601 meam,
3170 3534 3309 3588 dans
3364 3536 3502 3588 mihi
3533 3535 3749 3604 filium,

2053 3631 2104 3680 et
2131 3625 2333 3679 idcirco
2362 3625 2662 3693 appellavit
2694 3638 2883 3676 nomen
2913 3624 3030 3692 ejus
3074 3624 3221 3676 Dan.
3267 3623 3490 3678 Dictum
3526 3625 3747 3690 Rachel,

2052 3714 2429 3782 depravatum
2460 3711 2789 3783 cujuspiam
2839 3711 3305 3781 contemplatoris
3346 3711 3598 3781 intellige
3635 3727 3754 3768 sen-

2053 3817 2202 3858 sum.
2237 3802 2515 3856 Judicavit
2555 3801 2690 3854 mihi
2741 3801 2905 3868 Deus,
2937 3800 2994 3854 id
3049 3806 3131 3855 est
3181 3799 3432 3855 favorem
3489 3799 3751 3868 praestitit

2052 3891 2207 3960 operi
2255 3905 2379 3946 meo
2440 3891 2610 3958 Deus,
2672 3890 2832 3956 dum,
2886 3888 3032 3944 sicut
3090 3901 3330 3954 mereor,
3398 3887 3752 3957 populariter

2049 3979 2274 4035 laudor.
2305 3981 2492 4035 Vocem
2513 3978 2817 4044 exaudivit,
2845 3977 2985 4033 dum
3002 3976 3350 4032 desiderium
3371 3976 3523 4046 quod
3565 3976 3749 4032 habeo

2051 4069 2178 4124 aliis
2210 4067 2563 4139 proﬁciendi,
2599 4080 2774 4137 opera
2805 4079 2931 4122 mea
2978 4079 3043 4120 ac
3072 4065 3119 4120 si
3171 4065 3318 4121 filios
3368 4063 3749 4133 exemplando

2052 4157 2385 4226 famamque
2417 4155 2824 4226 subjungendo
2852 4154 3176 4224 complevit.
3211 4155 3332 4208 Dan
3366 4167 3524 4224 ergo,
3560 4153 3614 4208 id
3665 4161 3748 4209 est

246 4240 638 4308 intentionem,
689 4243 855 4312 quasi
903 4251 1024 4312 post
1066 4243 1209 4300 duos
1255 4245 1419 4312 filios,
1483 4248 1712 4302 tertium
1757 4248 1941 4305 elabo—
1979 4238 2022 4292 D
2044 4247 2341 4316 judicium,
2407 4245 2559 4300 filius
2617 4243 2958 4314 appellatur,
3019 4243 3159 4312 quia
3216 4243 3534 4298 secundum
3593 4242 3746 4312 quod

249 4329 447 4395 rando,
482 4328 823 4398 proferimus
851 4331 1014 4386 bonae
1057 4331 1298 4388 actionis
1343 4334 1681 4402 mercedem,
1721 4343 1776 4390 et
1819 4337 1939 4405 jam

247 4413 567 4470 intellectus
599 4427 788 4481 verus,
847 4413 1059 4471 scilicet
1112 4419 1371 4488 maritus,
1416 4421 1518 4490 qui
1565 4423 1763 4479 divino
1808 4424 1941 4479 ani-

246 4516 399 4557 mam
431 4502 754 4573 impregnat
783 4504 997 4560 semine
1037 4520 1255 4562 memor
1302 4509 1430 4578 ejus
1461 4511 1614 4579 quod
1647 4525 1706 4566 se
1751 4520 1942 4568 manet

248 4591 486 4661 prmmii,
521 4591 593 4646 ad
621 4591 772 4661 piam
804 4605 862 4648 se
893 4593 1154 4650 vivacius
1181 4595 1388 4666 ingerit
1417 4598 1721 4654 actionem.

315 4679 486 4735 Vsus.
519 4682 607 4734 35.
641 4709 712 4720 -
743 4681 950 4746 Quarto
997 4687 1253 4752 concipit,
1287 4690 1337 4738 et
1383 4689 1594 4755 peperit
1643 4689 1838 4756 ﬁlium,
1891 4695 1942 4743 et

244 4770 370 4823 ait:
421 4769 578 4824 Modo
629 4771 915 4838 conﬁtebor
963 4774 1196 4838 Domino,
1247 4778 1298 4827 et
1345 4774 1408 4828 ob
1448 4777 1542 4829 hoc
1586 4782 1798 4831 vocavit
1849 4793 1942 4832 no-

244 4873 363 4911 men
383 4859 500 4927 ejus
540 4859 762 4923 Judam,
796 4859 1129 4928 cessauitque
1152 4876 1366 4929 parere.
1401 4863 1541 4920 Cum
1593 4866 1663 4920 ad
1699 4867 1940 4936 gloriam

243 4955 514 5002 mternam
563 4947 912 5016 venerimus,
974 4948 1028 5002 in
1088 4950 1312 5019 quadro
1359 4960 1496 5009 tunc
1549 4955 1735 5024 positi,
1785 4955 1942 5025 quod

244 5043 452 5104 quarto
503 5036 771 5105 signatur
817 5034 952 5103 ﬁlio,
1025 5037 1076 5091 id
1132 5047 1215 5094 est
1265 5039 1605 5096 inconcussa
1661 5041 1941 5098 soliditate

244 5122 502 5188 stabiliti,
555 5124 786 5189 ludam,
817 5123 872 5179 id
903 5132 986 5180 est
1043 5133 1317 5183 aeternam
1349 5128 1838 5198 lglorificationem
1887 5139 1942 5187 et

243 5210 411 5266 corde
442 5211 814 5279 concipimus,
846 5219 902 5268 et
939 5212 1142 5269 effectu
1176 5215 1400 5271 inﬁnito
1441 5217 1719 5286 parimus.
1765 5219 1942 5275 ludas

243 5298 394 5354 enim
428 5298 515 5353 vel
537 5299 814 5369 conﬁtens,
848 5302 934 5357 vel
979 5304 1290 5371 gloriﬁcans
1339 5303 1567 5360 dicitur.
1620 5307 1796 5375 Modo,
1853 5307 1938 5363 in-

244 5387 390 5456 quit,
433 5387 486 5441 id
518 5395 600 5442 est
625 5389 682 5443 in
710 5389 816 5444 hac
844 5391 1178 5454 aeternitate,
1212 5405 1343 5460 quae
1371 5405 1471 5462 per
1511 5407 1761 5462 praesens
1801 5403 1940 5452 tem-

245 5489 354 5546 pus
381 5489 637 5547 congrue
666 5478 1024 5550 designatur,
1051 5481 1357 5550 conﬁtebor,
1391 5480 1448 5538 id
1479 5491 1564 5540 est
1594 5484 1942 5542 sacrificium

2050 4349 2222 4404 opera
2283 4348 2389 4390 sua
2441 4333 2704 4388 saaculari
2761 4331 3136 4387 aestimatione
3187 4331 3522 4396 laudantur,
3584 4338 3750 4400 putat

2051 4424 2201 4493 quod
2237 4423 2316 4479 sic
2347 4438 2380 4478 a
2408 4424 2521 4477 Deo
2549 4428 2779 4490 accepta
2807 4420 2886 4476 uti
2916 4421 2988 4476 ab
3021 4420 3348 4475 hominibus
3377 4421 3504 4490 ejus
3528 4419 3749 4489 judicio

2049 4513 2465 4583 approbentur,
2491 4517 2546 4566 et
2578 4524 2677 4579 per
2721 4509 3014 4564 hominum
3055 4523 3154 4564 ora
3185 4509 3338 4564 Deus
3388 4509 3500 4576 ipse
3549 4507 3750 4577 loqua-

2050 4609 2166 4657 tur.
2201 4600 2394 4667 (VERS.
2437 4604 2490 4666 ’7,
2515 4598 2591 4668 8.)
2623 4601 2962 4667 Rursumque
3005 4599 3143 4651 Bala
3187 4599 3488 4665 concipiens
3532 4599 3748 4665 peperit

2049 4693 2300 4755 alterum,
2329 4703 2429 4757 pro
2487 4703 2591 4756 quo
2636 4689 2716 4740 ait
2763 4687 2960 4741 Rachel
2996 4702 3008 4739 :
3063 4686 3422 4754 Comparavit
3470 4699 3552 4737 me
3603 4687 3746 4738 Deus

2051 4793 2170 4833 cum
2196 4792 2376 4831 sorore
2421 4791 2558 4843 mea,
2600 4779 2650 4828 et
2679 4774 2914 4828 invalui.
2969 4773 3299 4830 Notandum
3329 4772 3484 4842 quod
3533 4772 3747 4842 cuique

2050 4880 2192 4936 pene
2218 4864 2412 4936 partui
2446 4863 2737 4933 conceptio
2771 4863 3146 4932 praeponitur,
3175 4861 3315 4931 quia
3338 4861 3745 4930 perminimum

2049 4959 2134 5007 est
2186 4959 2484 5022 peccatum
2541 4952 2695 5022 quod
2771 4951 2934 5007 nulla
2999 4950 3426 5017 deliberatione,
3510 4949 3748 5020 solaque

2050 5040 2498 5110 prmeipitatione
2553 5040 2774 5110 agitur;
2824 5039 3180 5110 concipimus
3222 5039 3397 5104 enim,
3448 5053 3584 5094 cum
3630 5038 3746 5094 dis-

2051 5130 2342 5200 ponimus.
2385 5131 2522 5185 Bala
2557 5130 2788 5184 alterum
2827 5129 3003 5198 parit;
3035 5136 3089 5183 et
3117 5127 3426 5197 Nephthali
3455 5142 3489 5182 a
3532 5127 3746 5184 Rachel

2050 5227 2312 5286 vocatur,
2347 5234 2478 5274 cum
2512 5216 2792 5288 sapientia
2825 5216 3024 5271 mundi
3059 5216 3155 5271 Dei
3201 5215 3542 5286 sapientiam
3587 5217 3748 5274 adul-

2051 5308 2232 5364 terine
2280 5308 2653 5373 confundens,
2706 5305 2934 5362 dilatari
2986 5305 3196 5375 quaerit
3225 5305 3285 5360 in
3343 5305 3635 5373 laudibus,
3693 5315 3746 5363 et

2050 5396 2372 5466 comparari
2415 5395 2680 5462 laudatis,
2723 5396 2843 5450 haec
2871 5395 3064 5450 omnia
3095 5408 3274 5465 agens
3303 5409 3420 5450 non
3465 5409 3604 5450 vera
3659 5396 3748 5451 af-

2051 5485 2309 5553 fectione,
2337 5484 2434 5541 sed
2460 5483 2689 5540 nomine
2735 5483 2877 5540 falso
2923 5483 3154 5552 Rachel,
3199 5483 3256 5539 id
3284 5487 3368 5541 est
3409 5484 3752 5555 contempla-
