3904 6066
128 238 230 290 225

1308 237 1669 294 MORALIUM
1710 240 1776 293 IN
1816 237 2121 296 GENESIN
2162 241 2289 296 LIB.
2332 242 2472 297 VIII.

3541 253 3642 303 226

131 367 321 423 tionis.
369 366 675 436 Nephthali
727 380 978 437 namque
1029 366 1258 434 dicitur,
1311 368 1568 423 dilatavit
1606 386 1701 433 me,
1736 370 1821 426 vel
1861 374 1904 427 A
1938 371 2112 427 habes
2157 372 2472 428 devotionis
2516 371 2786 428 affectum
2834 373 2907 428 ad
2952 375 3374 445 contemplandi
3420 382 3635 436 exerci-

127 458 471 525 comparavit
517 471 618 509 me.
680 455 869 511 Solent
918 455 1072 511 enim
1133 455 1384 511 solitarie
1434 458 1692 513 viventes
1757 460 1826 515 ad

129 544 362 614 publice
413 544 845 613 praedicandum
886 544 1173 612 accedere,
1220 552 1274 600 et
1303 545 1514 601 exinde
1559 547 1828 617 gloriolas

126 633 382 700 exigere.
430 635 772 700 Comparata
820 632 1018 702 itaque
1047 632 1348 688 actualiter
1395 633 1701 690 diffamatis
1734 636 1826 690 in-

126 719 382 775 valuisse
423 735 482 774 se
529 719 685 786 dicit,
732 720 873 775 dum
921 720 1075 790 quod
1122 720 1292 789 valet,
1331 723 1604 793 quodque
1646 731 1828 793 potest

127 807 442 864 efficaciter
471 807 660 878 palam
691 809 954 864 ostendit.
1168 812 1173 818 '

199 896 374 952 Vens.
428 899 483 963 9,
533 898 610 962 10,
666 899 744 950 11.
789 927 857 934 -
899 897 1144 952 Sentiens
1185 899 1288 952 Lia
1317 899 1462 967 quod
1504 915 1701 968 parere
1741 901 1829 954 de-

123 987 308 1050 sisset,
367 986 574 1051 Zelfam
615 987 874 1039 ancillam
931 1001 1087 1040 suam
1129 990 1324 1041 marito
1385 989 1638 1043 tradidit.
1713 991 1829 1056 Qua

119 1079 247 1142 post
293 1081 601 1144 conceptum
643 1075 825 1128 edente
878 1081 1020 1130 IIS
1068 1079 1239 1142 fetum
1291 1078 1438 1131 dixit
1481 1095 1493 1132 :
1550 1079 1824 1146 Feliciter,

125 1167 340 1217 vocavit
385 1180 502 1232 quae
530 1179 720 1218 nomen
745 1163 861 1234 ejus
897 1164 1038 1219 Gad.
1079 1165 1184 1220 Per
1217 1174 1525 1236 utramque
1558 1167 1828 1222 feminam

127 1251 559 1308 demonstratur
589 1253 742 1322 quod
777 1254 832 1308 in
866 1260 1115 1324 utraque
1146 1254 1262 1310 vita
1302 1255 1513 1317 agitur.
1549 1256 1826 1321 Actualis,

131 1338 184 1392 id
230 1345 316 1392 est
349 1337 448 1392 Lia
489 1351 691 1408 parere
743 1338 969 1405 desinit,
1018 1353 1152 1394 cum
1186 1339 1334 1394 bona
1384 1340 1644 1406 intentio,
1698 1355 1829 1410 quae

129 1425 298 1495 quasi
357 1433 668 1495 conceptus
713 1426 802 1480 vis
839 1433 940 1493 est,
992 1425 1050 1480 in
1090 1435 1278 1483 mente
1319 1427 1527 1496 deficit,
1579 1443 1698 1498 qua
1727 1429 1830 1484 de-

127 1515 364 1570 sistente
412 1515 580 1583 Zelfa,
625 1514 679 1570 id
727 1523 809 1571 est
853 1515 1043 1570 inanis
1085 1516 1266 1586 gloria
1312 1517 1655 1582 adhibetur;
1706 1517 1830 1587 ipsa

126 1603 281 1658 enim
332 1617 390 1657 os
422 1607 555 1670 iens,
594 1611 658 1660 ut
689 1618 866 1674 supra
909 1604 1126 1659 dictum
1161 1612 1262 1671 est,
1314 1605 1742 1676 interpretatur,
1776 1615 1830 1662 et

127 1691 462 1762 ingenuitas
491 1692 728 1762 spiritus
767 1693 1027 1748 ancillari
1059 1693 1325 1749 societate
1363 1694 1628 1751 ftedatur.
1679 1697 1830 1751 Con-

125 1788 292 1849 cepta
320 1781 582 1850 nequitia
607 1795 752 1850 opus
779 1781 984 1837 emittit
1006 1795 1271 1850 pravum,
1307 1783 1651 1838 transitoriae
1678 1784 1831 1838 vide-

124 1868 256 1924 licet
289 1869 684 1939 prosperitatis
727 1877 1019 1926 eventum.
1064 1869 1208 1926 Dicit
1238 1885 1374 1942 ergo
1403 1873 1653 1938 feliciter,
1695 1887 1827 1928 cum

127 1958 418 2013 honorum
467 1959 633 2028 copia
681 1958 957 2025 arriserit,
1009 1959 1103 2014 sed
1136 1974 1249 2014 non
1296 1967 1474 2028 potest
1513 1959 1825 2027 sinceriter,

127 2047 269 2116 quia
300 2047 480 2102 solam
510 2047 704 2102 saeculi
735 2048 945 2102 cariem
977 2048 1203 2118 quaerit.
1238 2047 1356 2103 Gad
1388 2056 1581 2104 autem
1606 2051 1832 2116 fortuna

127 2134 364 2204 dicitur,
399 2142 451 2190 et
498 2135 728 2190 fortuna
759 2149 934 2205 quam
970 2150 1195 2204 semper
1242 2135 1418 2191 dubia
1449 2138 1519 2192 sit
1559 2144 1612 2192 et
1647 2138 1832 2192 insta-

131 2223 260 2277 bilis
308 2237 342 2276 a
373 2222 535 2278 nullo
587 2224 858 2280 nescitur.
909 2224 1017 2291 Qui
1056 2239 1191 2295 ergo
1241 2225 1354 2280 lilio
1401 2226 1643 2281 fortunae
1691 2241 1830 2296 pro-

131 2311 382 2365 creando
454 2319 508 2366 et
573 2311 775 2368 alendo
839 2312 1031 2380 instat,
1105 2305 1344 2369 in‘salo
1420 2314 1829 2372 interminabili

135 2399 400 2454 fluctuat.
438 2400 634 2472 (Vens.
673 2405 756 2469 12,
794 2402 903 2472 13.)
946 2402 1101 2457 Parit
1129 2404 1282 2469 Zelfa
1312 2403 1540 2457 alterum
1582 2404 1691 2459 sub
1723 2419 1831 2460 no-

133 2488 290 2543 mine
318 2490 451 2555 Liz,
485 2497 540 2545 et
569 2497 714 2544 Aser
737 2499 920 2558 vocat,
954 2506 1086 2546 cum
1118 2492 1388 2547 humanae
1419 2491 1606 2548 laudis
1640 2492 1832 2549 inten—

130 2577 207 2632 tio
259 2577 372 2633 sub
419 2579 768 2634 actualitatis
812 2580 1060 2650 tegmine
1103 2579 1367 2636 efl'ectum
1417 2581 1614 2651 gloriae
1664 2581 1832 2651 quasi
1882 2617 1886 2622 ~

130 2664 316 2720 filium
345 2665 696 2736 assequitur,
725 2667 882 2736 quod
903 2667 1276 2722 beatitudinis
1301 2668 1516 2724 honore
1538 2669 1828 2737 praedicat,

129 2753 186 2808 in
219 2769 339 2824 quo
367 2755 506 2810 illud
539 2755 733 2820 gloriae
763 2770 946 2827 genus
977 2754 1332 2826 intelligitur,
1371 2772 1500 2827 quae
1526 2765 1657 2828 post
1690 2771 1834 2813 mor-

128 2848 240 2896 tem
277 2843 349 2898 ad
398 2843 732 2899 memoriam
775 2843 1132 2913 providetur,
1173 2851 1235 2898 ut
1281 2852 1416 2899 sunt
1458 2845 1832 2900 aadificiorum

131 2929 404 3002 insignia,
441 2932 805 3002 pyramidum
839 2931 1190 2999 discrimina,
1230 2932 1498 2988 nobilitas
1527 2934 1827 3002 librorum,
1871 2957 1912 3013 ρ

127 3027 183 3074 et
207 3021 490 3088 carmina,
529 3035 660 3092 quae
699 3020 889 3076 solent
908 3035 1028 3076 esse
1059 3028 1421 3077 mortuorum
1455 3022 1827 3089 monimenta,

127 3116 183 3163 et
236 3109 360 3165 haec
406 3117 543 3165 sunt
595 3110 756 3176 Aser,
801 3109 857 3164 id
906 3117 990 3165 est
1041 3109 1335 3166 beatitudo
1396 3111 1546 3180 apud
1600 3111 1832 3166 insanos

131 3199 408 3253 maxima.
457 3198 601 3255 Aser
631 3213 767 3254 sane
806 3199 990 3253 beatus
1018 3199 1263 3265 dicitur;
1312 3200 1465 3256 unde
1495 3207 1549 3256 et
1593 3200 1686 3254 Lia
1715 3214 1830 3256 non

128 3300 290 3354 vera,
336 3287 435 3343 sed
480 3287 822 3358 imaginaria
871 3289 1094 3343 beatam
1125 3302 1183 3344 se
1230 3288 1444 3359 gaudet
1490 3288 1598 3344 dici
1632 3303 1748 3344 non
1797 3302 1832 3344 a

131 3377 295 3443 viris,
327 3377 427 3432 sed
467 3377 828 3443 mulieribus,
879 3376 1018 3446 quia
1059 3377 1272 3432 levium
1305 3384 1358 3432 et
1390 3377 1830 3434 indiscretorum

132 3465 437 3521 hominum
470 3467 763 3521 animatur
794 3465 1106 3520 favoribus.

203 3554 371 3609 Vens.
409 3554 490 3608 14.
527 3584 595 3594 -
645 3557 905 3621 Egressus
956 3558 1134 3607 autem
1175 3553 1366 3608 Ruben
1417 3558 1648 3624 tempore
1693 3571 1830 3610 mes-

133 3646 208 3697 sis
257 3645 482 3696 triticea
554 3645 613 3696 in
673 3659 867 3709 agrum
933 3645 1134 3712 reperit
1198 3643 1619 3710 mandragoras,
1693 3660 1830 3713 quas

133 3734 304 3785 matri
329 3733 444 3785 Lia:
473 3731 684 3786 detulit.
729 3731 913 3786 Ruben
942 3732 1016 3787 ab
1055 3745 1121 3787 eo
1151 3731 1307 3800 quod
1340 3732 1494 3787 videt
1533 3732 1590 3786 in
1623 3733 1827 3800 medio,

134 3820 187 3874 id
217 3828 304 3875 est
343 3821 639 3876 communi
683 3821 942 3889 providet
969 3819 1122 3875 bono
1169 3827 1423 3888 vocatus,
1469 3821 1574 3890 piae
1620 3821 1833 3877 scilicet

133 3909 559 3977 procurationis
613 3907 883 3978 allectus,
955 3913 1188 3977 tempore
1252 3911 1438 3964 messis
1493 3911 1713 3964 triticeae
1774 3912 1831 3964 in

131 4013 328 4065 agrum
357 3998 668 4068 egreditur,
711 4012 843 4053 cum
876 3997 1284 4067 praevolatione
1315 3998 1520 4054 mentis
1552 3999 1624 4054 ad
1659 3998 1831 4054 finem

129 4087 328 4142 saeculi
362 4100 460 4155 per
483 4087 843 4142 conscientia:
889 4085 1355 4142 exercitationem
1388 4087 1636 4158 rapitur.
1688 4088 1833 4142 Mes-

128 4176 202 4231 sis
251 4175 410 4230 enim
464 4175 684 4231 triticea
748 4182 1079 4231 sanctorum
1134 4175 1207 4230 ad
1270 4175 1493 4231 caeleste
1556 4176 1829 4232 horreum

127 4263 521 4320 collectionem
569 4264 856 4335 significat
901 4263 1117 4334 (Matth.
1168 4279 1291 4327 Xlll,‘
1325 4264 1433 4334 39).
1482 4264 1641 4321 Unde
1685 4272 1738 4320 et
1770 4265 1829 4320 in
1867 4257 1911 4311 D

129 4352 475 4423 Apocalypsi
515 4353 757 4423 angelus
786 4352 893 4408 hac
923 4359 1342 4409 maturescente
1372 4353 1574 4408 falcem
1609 4353 1831 4409 mittere

128 4443 412 4498 suadetur
461 4443 645 4512 (Apoc.
703 4457 818 4509 xiv,
875 4441 992 4509 15).
1045 4442 1198 4512 Ager
1254 4456 1390 4497 vero
1447 4442 1677 4498 animus
1723 4450 1826 4512 est,

130 4545 306 4601 quem
341 4544 649 4600 nunquam
674 4529 877 4585 melius
905 4530 1164 4598 colimus,
1198 4544 1375 4600 quam
1405 4544 1536 4586 cum
1559 4537 1830 4587 extremae

130 4627 343 4674 nostrae
391 4618 556 4673 sortis
605 4617 1066 4684 reminiscimur,
1119 4619 1175 4672 in
1226 4633 1398 4688 quem
1463 4619 1825 4689 egredimur,

129 4723 262 4763 cum
289 4721 324 4762 a
358 4706 554 4777 pravis
581 4706 831 4775 expediti
868 4706 1109 4777 negotiis
1139 4707 1208 4762 ad
1242 4707 1368 4778 ejus
1398 4721 1597 4762 curam
1631 4722 1830 4764 rever-

131 4797 330 4851 timur.
386 4795 493 4851 Ubi
527 4794 925 4865 mandragoras
957 4795 1179 4862 Ruben,
1218 4794 1272 4850 id
1305 4803 1388 4850 est
1430 4797 1684 4864 prudens
1712 4795 1829 4852 sol-

129 4885 370 4941 licitudo
419 4883 645 4953 reperit,
696 4891 752 4938 et
792 4885 961 4937 matri
1009 4885 1119 4938 Liae
1175 4884 1371 4952 defert,
1437 4898 1569 4939 cum
1620 4884 1830 4941 divinae

130 4973 529 5044 inspirationis
591 4972 664 5027 ab
750 4972 988 5027 internis
1053 4972 1283 5028 odorem
1341 4979 1699 5029 contractum
1757 4973 1828 5029 ad

129 5061 449 5119 efﬁcaciam
505 5067 715 5116 sancte
770 5059 1145 5127 actualitatis,
1196 5074 1328 5130 quae
1383 5059 1557 5116 totius
1605 5060 1830 5130 pietatis

133 5152 384 5223 genitrix
417 5157 523 5217 est,
571 5148 860 5204 transfert.
894 5149 1278 5219 Mandragora
1307 5162 1510 5217 nempe
1561 5149 1829 5220 pigmen-

131 5244 273 5298 taria
307 5240 494 5296 herba
531 5245 633 5294 est.
669 5239 915 5306 Dicitque
957 5239 1154 5293 Rachel
1186 5253 1198 5290 :
1227 5238 1316 5291 Da
1347 5239 1484 5290 mihi
1509 5243 1725 5308 partem
1765 5239 1830 5294 de

129 5331 519 5397 mandragoris
543 5328 653 5397 ﬁlii
695 5329 796 5380 tui.
825 5328 907 5381 Ac
940 5325 988 5380 si
1022 5325 1284 5381 rediviva
1308 5325 1428 5396 jam
1461 5326 1548 5381 vis
1576 5334 1826 5384 contem-

127 5417 397 5490 plationis
451 5423 614 5472 tactae
657 5414 935 5471 divinitus
983 5414 1191 5471 aetioni
1241 5415 1468 5471 inferat.
1523 5414 1701 5482 Quem
1751 5417 1828 5488 pii

125 5511 310 5578 operis
381 5500 641 5574 recepisti
700 5504 1055 5571 instinctum,
1118 5503 1399 5575 participa
1453 5519 1586 5560 eum
1655 5520 1828 5575 quem

1937 459 2102 514 tium.
2138 460 2242 515 Illa
2273 461 2564 530 respondit
2594 476 2606 514 :
2643 461 2838 528 (Vens.
2876 464 2987 532 15.)
3032 464 3305 519 Parumne
3350 467 3454 520 tibi
3481 469 3633 523 vide-

1937 553 2044 611 tur,
2094 549 2237 617 quod
2286 552 2639 619 praeripueris
2698 554 2955 604 maritum
3006 554 3162 620 mihi,
3214 556 3324 608 nisi
3371 558 3535 611 etiam
3585 564 3634 612 et

1934 637 2332 705 mandragoras
2374 640 2480 706 ﬁlii
2515 641 2621 692 mei
2665 640 2893 694 tuleris?
2941 639 3098 706 Quod
3149 650 3234 697 est
3277 643 3462 700 dicere
3498 661 3510 699 :
3546 647 3636 702 In-

1937 725 2245 790 tellectum,
2279 741 2313 780 a
2343 740 2458 796 quo
2490 727 2735 782 maritali
2771 736 2965 784 tenore
2995 743 3180 801 regor,
3211 734 3632 804 contemplandi

1935 814 2280 884 egregieque
2328 815 2554 870 vivendi
2606 817 2811 886 gratia,
2849 818 3136 874 dimovisti
3186 821 3257 875 ab
3297 823 3506 878 actuali
3551 825 3630 879 of-

1938 902 2081 956 ﬁcio.
2129 901 2290 967 Quod
2334 902 2470 957 mihi
2515 905 2700 975 magis
2731 907 2982 975 suppetit
3026 921 3092 962 ac
3121 908 3362 979 adjacet,
3411 911 3635 982 hocque

1937 1005 2142 1060 parum
2209 992 2476 1059 aestimas,
2554 992 2661 1048 nisi
2729 995 2900 1050 etiam
2964 996 3115 1052 hanc
3173 1006 3632 1056 momentaneam

1936 1080 2174 1149 superni
2204 1080 2478 1136 odoratus
2515 1081 2923 1147 visitationem,
2956 1085 3028 1139 ad
3059 1085 3235 1141 solius
3274 1087 3634 1158 cogitationis

1935 1168 2401 1224 exercitationem
2453 1171 2806 1225 contrahas?
2860 1175 3101 1226 Dormiat
3149 1179 3336 1242 tecum,
3403 1176 3630 1246 inquit,

1938 1257 2038 1310 hac
2064 1261 2212 1309 nocte
2251 1273 2351 1325 pro
2380 1259 2766 1325 mandragoris
2791 1259 2905 1328 ﬁlii
2932 1263 3032 1325 tui,
3067 1260 3120 1316 id
3155 1269 3238 1317 est
3265 1265 3636 1334 conquiescat

1939 1351 2126 1399 tecum
2177 1344 2235 1399 in
2282 1345 2391 1400 hac
2433 1347 2793 1417 negotiorum
2839 1347 3212 1416 turbulentia,
3261 1366 3394 1421 quae
3434 1355 3634 1409 activae

1937 1439 2020 1487 est
2066 1432 2198 1488 vitae
2243 1433 2466 1500 infesta,
2515 1443 2741 1492 tantum
2792 1444 2855 1492 ut
2899 1437 2970 1491 ad
3025 1439 3264 1494 internae
3314 1441 3636 1498 dulcedinis

1938 1522 2242 1590 respirem,
2294 1523 2366 1578 ad
2414 1524 2596 1580 Deum
2649 1539 2826 1595 quam
2879 1525 3063 1581 dulcis
3109 1534 3228 1595 est,
3281 1530 3634 1599 gustandum

1940 1609 2305 1682 fragrantias.

2008 1745 2178 1800 Vens.
2239 1749 2321 1799 16.
2375 1775 2448 1787 —
2489 1746 2860 1817 Redeuntique
2916 1749 2990 1802 ad
3040 1764 3319 1817 vesperam
3376 1750 3441 1804 de
3501 1767 3635 1819 agro

1936 1835 2121 1901 Jacob,
2163 1849 2378 1902 egressa
2410 1840 2487 1888 est
2530 1838 2589 1888 in
2632 1851 2908 1890 occursum
2947 1839 3063 1906 ejus
3111 1841 3231 1893 Lia.
3280 1839 3374 1893 Ad
3401 1856 3500 1908 me,
3548 1845 3634 1896 ἰη-

1939 1926 2078 1992 quit,
2109 1923 2364 1988 intrabis,
2417 1927 2548 1991 quia
2578 1926 2814 1979 mercede
2860 1927 3099 1980 conduxi
3138 1931 3186 1980 te
3226 1943 3326 1997 pro
3372 1931 3634 1984 mandra-

1938 2015 2084 2078 goris
2123 2011 2233 2082 ﬁlii
2271 2014 2398 2065 mei.
2449 2013 2546 2066 Ad
2587 2029 2865 2082 vesperam
2905 2015 3154 2069 redeunti
3195 2017 3261 2070 de
3300 2033 3432 2084 agro
3473 2019 3634 2073 Jacob

1940 2101 2045 2154 Lia
2074 2103 2132 2153 in
2161 2115 2436 2154 occursum
2466 2102 2778 2171 egreditur,
2813 2117 2944 2158 cum
2985 2103 3402 2161 defervescente
3449 2106 3636 2162 inanis

1940 2187 2135 2258 gloriae
2177 2196 2321 2243 aestu
2371 2188 2439 2244 de
2468 2189 2740 2245 exercitio
2777 2190 3054 2258 interiori,
3105 2194 3334 2262 spiritui
3363 2209 3498 2250 vero
3542 2195 3636 2250 vi-

1940 2277 2151 2332 tiorum
2196 2277 2619 2347 supplantatori
2681 2279 2753 2332 ad
2798 2279 2896 2333 Dei
2947 2280 3318 2337 intentionem
3373 2284 3635 2339 redeunti

1942 2365 2054 2431 Lia,
2105 2365 2160 2420 id
2208 2373 2292 2421 est
2335 2366 2738 2434 opportunitas
2769 2368 2952 2423 sancti
3002 2368 3216 2424 laboris
3262 2371 3530 2438 occurrit,
3582 2378 3637 2427 et

1939 2453 2240 2509 introitum
2282 2455 2642 2509 conscientiae
2675 2463 2961 2524 patentem
3012 2457 3288 2527 suggerit,
3332 2457 3471 2527 quia
3501 2459 3636 2514 odo-

1938 2549 2201 2597 ramenta
2265 2556 2425 2611 purae
2469 2541 2790 2597 dilectionis
2837 2557 2967 2612 quae
3017 2544 3111 2613 pia
3166 2545 3489 2601 sollicitudo
3535 2561 3636 2602 ac-

1941 2631 2219 2686 tualitatis
2266 2630 2484 2686 devotae
2528 2631 2715 2700 proles
2756 2631 2865 2686 sibi
2913 2631 3125 2698 intulit,
3170 2633 3420 2700 Racheli,
3453 2635 3510 2689 id
3553 2643 3637 2690 est

1939 2719 2402 2788 contemplationi
2453 2729 2516 2775 ut
2561 2720 2630 2774 ad
2669 2721 2851 2776 Deum
2895 2735 3079 2790 usque
3117 2722 3428 2778 videndum
3475 2738 3638 2779 amor

1939 2807 2059 2877 ipse
2107 2807 2411 2876 redundet,
2461 2808 2866 2864 actionalitatis
2905 2809 3095 2880 dignae
3127 2811 3313 2881 gratia
3352 2813 3630 2880 praestitit.

1946 2897 2217 2950 Dor-mivit
2247 2913 2364 2951 cum
2405 2913 2466 2950 ea
2495 2903 2645 2951 nocte
2681 2898 2795 2952 illa.
2842 2897 3034 2967 (Vens.
3076 2902 3162 2963 17,
3199 2900 3312 2967 18.)
3341 2899 3420 2954 Et
3462 2917 3634 2955 exau-

1940 2985 2081 3039 divit
2119 3000 2301 3054 preces
2350 2984 2466 3055 ejus
2505 2989 2662 3053 Deus,
2712 2989 3074 3056 concepitque,
3115 2993 3166 3040 et
3204 2991 3416 3057 peperit
3459 2991 3637 3058 ﬁlium

1941 3076 2227 3142 quintum,
2278 3074 2513 3129 dicens:
2548 3075 2706 3128 Dedit
2754 3075 3045 3128 mercedem
3095 3078 3235 3129 Deus
3282 3077 3453 3142 mihi,
3502 3081 3636 3147 quia

1941 3161 2069 3215 dedi
2101 3161 2360 3216 ancillam
2387 3179 2558 3216 meum
2584 3165 2700 3217 viro
2728 3179 2859 3217 meo.
2896 3165 3326 3234 Appellavitque
3352 3182 3471 3220 eum
3501 3169 3630 3222 Isa-

1940 3250 2089 3303 char.
2151 3248 2324 3304 Jacob
2390 3263 2521 3304 cum
2581 3250 2680 3304 Lia
2726 3255 2874 3304 nocte
2921 3250 3162 3319 dormit,
3214 3267 3346 3308 cum
3397 3255 3636 3324 spiritus

1940 3344 2132 3393 noster
2177 3337 2236 3392 in
2268 3338 2401 3393 boni
2432 3337 2618 3406 operis
2649 3338 2841 3394 labore
2870 3339 3038 3394 etiam
3072 3339 3221 3396 inter
3258 3341 3635 3399 obscuritates

1943 3427 2323 3482 tentationum
2353 3426 2694 3495 acquiescit;
2717 3427 2797 3482 sic
2825 3429 2977 3482 enim
2997 3429 3148 3483 Deus
3169 3443 3362 3498 preces
3391 3445 3633 3488 suorum

1941 3514 2229 3584 praecipue
2293 3514 2577 3569 exaudit:
2612 3517 2852 3584 concepit
2899 3514 3145 3584 affectu,
3202 3521 3413 3587 peperit
3462 3535 3631 3589 opere

1939 3605 2133 3672 filium,
2183 3616 2295 3657 non
2330 3610 2625 3672 quartum,
2661 3603 2715 3657 id
2744 3611 2825 3658 est
2865 3617 2965 3672 per
2997 3607 3331 3673 temporalia
3360 3607 3627 3664 diffluen—

1941 3700 2092 3758 tem;
2143 3697 2396 3761 quatuor
2440 3690 2592 3745 enim
2642 3698 2778 3746 sunt
2807 3699 3083 3760 tempora,
3128 3693 3226 3748 sed
3272 3698 3540 3764 quintum,
3576 3698 3631 3753 id

1939 3787 2023 3836 est
2047 3780 2304 3834 animum
2329 3778 2609 3848 singulari
2631 3779 2965 3835 auctoritate
2991 3780 3112 3836 hac
3132 3781 3326 3836 omnia
3346 3789 3635 3840 transcen-

1941 3869 2181 3924 dentem.
2229 3867 2542 3934 Quinarius
2588 3881 2841 3938 namque
2881 3882 2952 3929 ex
2985 3875 3256 3939 quatuor,
3304 3878 3358 3926 et
3390 3873 3632 3928 monade

1940 3971 2006 4012 ac
2053 3956 2099 4011 si
2149 3957 2388 4026 praeside
2433 3960 2668 4011 constat.
2720 3957 2774 4011 Is
2824 3973 3020 4012 merces
3060 3952 3308 4025 dicitur;
3360 3959 3441 4015 sic
3477 3962 3632 4017 enim

1940 4045 2174 4101 Isachar
2213 4045 2640 4114 interpretatur,
2689 4045 2814 4115 ejus
2845 4046 3058 4102 scilicet
3104 4046 3207 4116 rei,
3240 4047 3395 4117 quod
3445 4051 3634 4106 ancil-

1939 4133 2052 4188 lam
2101 4133 2275 4189 totius
2319 4134 2610 4202 spurcitiae
2652 4134 2801 4189 fetus
2843 4135 3187 4203 parientem,
3232 4139 3385 4204 viro,
3443 4137 3495 4193 id
3547 4148 3632 4196 est

1939 4223 2250 4278 intellectui
2308 4223 2679 4278 coercendam
2723 4223 3054 4294 subjecerit.
3120 4226 3264 4281 Cum
3313 4227 3465 4282 enim
3521 4229 3631 4285 Deo

1939 4327 2043 4369 nos
2073 4312 2397 4380 subdimus,
2447 4320 2586 4368 tunc
2607 4311 2728 4382 jam
2760 4327 2826 4367 ac
2869 4312 2916 4368 si
2946 4327 3019 4368 ex
3060 4313 3248 4370 debito
3294 4315 3457 4372 nobis
3487 4317 3628 4374 vitia

1939 4401 2171 4471 subjicit
2204 4402 2374 4457 Deus.

2008 4530 2180 4587 Vens.
2233 4532 2315 4597 19,
2366 4531 2450 4585 20.
2503 4561 2572 4571 —
2627 4531 2870 4585 Rursum
2911 4533 3013 4586 Lia
3068 4535 3372 4602 concipiens
3418 4537 3628 4604 peperit

1937 4623 2149 4672 sextum
2179 4619 2372 4687 ﬁlium,
2405 4622 2454 4671 et
2500 4621 2620 4672 ait:
2659 4619 2870 4672 Ditavit
2913 4634 2994 4672 me
3026 4621 3280 4674 Dominus
3327 4621 3447 4675 dote
3492 4622 3628 4676 bona

1938 4710 2102 4761 etiam
2149 4709 2248 4760 hac
2296 4709 2424 4761 vice.
2481 4709 2685 4776 Mecum
2736 4709 2840 4761 erit
2886 4710 3116 4762 maritus
3174 4723 3321 4763 meus
3382 4726 3438 4764 eo
3487 4711 3633 4780 quod

1938 4798 2211 4863 genuerim
2249 4799 2299 4850 ei
2343 4811 2438 4850 sea:
2483 4798 2653 4864 ﬁlios;
2702 4801 2753 4850 et
2801 4796 2917 4850 ideo
2957 4798 3260 4866 appellavit
3298 4814 3418 4853 eum
3449 4800 3628 4854 Zabu-

1940 4885 2046 4939 lon.
2097 4884 2251 4940 Parit
2302 4884 2398 4939 Lia
2439 4890 2652 4939 sextum
2690 4883 2887 4955 ﬁlium,
2939 4900 3072 4940 cum
3123 4885 3343 4957 integre
3385 4901 3453 4943 ac
3497 4903 3632 4958 per-

1936 4973 2076 5028 fecte
2123 4974 2451 5043 assequitur
2499 4973 2848 5043 operationis
2890 4973 3158 5044 gradum.
3209 4974 3379 5030 Sexta
3417 4978 3629 5047 quippe

1937 5062 2027 5118 die
2071 5063 2221 5118 Deus
2251 5061 2480 5131 perfecit
2526 5076 2700 5132 opera
2732 5075 2837 5116 sua
2869 5061 3018 5130 (Gen.
3062 5077 3122 5130 ιι,
3173 5064 3248 5133 2).
3288 5065 3536 5120 Ditatam
3573 5080 3630 5122 se

1937 5151 2072 5207 dicit
2110 5151 2237 5206 dote
2286 5151 2455 5218 bona,
2488 5165 2601 5206 non
2654 5149 2841 5206 solum
2879 5148 2940 5204 in
2973 5151 3344 5208 conversione
3393 5168 3524 5208 cum
3556 5155 3629 5211 ad

1939 5240 2032 5296 Dei
2066 5240 2324 5309 pervenit
2357 5239 2634 5307 timorem,
2668 5239 2766 5296 sed
2795 5239 2965 5294 etiam
2998 5240 3287 5309 praecipue
3316 5257 3445 5298 cum
3484 5248 3631 5298 uo

1939 5330 2012 5385 ad
2068 5343 2255 5399 neque
2303 5337 2516 5396 morte,
2561 5343 2750 5400 neque
2794 5328 2915 5383 vita
2962 5328 3340 5398 separabilem
3389 5327 3632 5388 efl‘értur

1937 5430 2208 5473 amorem.
2260 5417 2402 5474 Cum
2435 5415 2507 5471 ad
2539 5415 2778 5482 homini,
2815 5415 3022 5486 inquit,
3068 5416 3391 5486 possibilem
3425 5419 3631 5474 deveni

1937 5506 2358 5576 perfectionem,
2407 5505 2459 5559 id
2491 5512 2576 5561 est
2601 5513 2907 5575 postquam
2950 5514 3172 5563 sextam
3207 5506 3358 5562 edidi
3389 5505 3628 5575 prolem,
