3902 6054
275 238 374 290 227
1086 237 1190 325 ιν.
1239 235 1566 290 GUIBERTI
1629 235 1816 288 ABBA‘

1394 236 1566 290 :ERTI
1629 235 1922 289 ABBATIS
1978 235 2034 289 S.
2101 233 2347 289 MARle
2408 233 2495 288 DE
2544 232 2935 289 NOVIGENTO

3667 235 3776 286 228

273 373 392 443 jam
424 371 742 428 necessario
774 370 912 425 mihi
948 369 1316 440 copulabitur
1351 370 1596 425 maritus
1628 369 1964 436 intellectus,
2007 371 2052 423 A
2083 369 2237 424 ritati
2260 369 2578 424 emerendze
2599 367 2986 433 militaverim,
3016 381 3149 423 cum
3170 366 3294 422 haec
3321 375 3455 423 ettu
3482 381 3649 438 passa
3675 367 3775 423 sis.

280 461 418 531 quia
449 461 610 531 plene
654 459 932 514 evacuavi
965 473 1095 528 quae
1123 466 1260 514 sunt
1298 458 1545 514 carnalis
1575 458 1830 514 allectus.
1863 459 1973 512 Za-

279 550 454 606 bulon
502 549 716 604 dicitur
757 551 938 615 ﬂuaus
982 550 1172 613 noctis,
1209 547 1294 602 vel
1348 548 1716 600 habitaculum
1754 548 1974 612 fortitu-

280 640 449 692 dinis.
480 640 602 692 lam
635 651 792 692 nunc
823 636 1016 706 itaque
1046 636 1209 691 nobis
1247 635 1696 704 impassibilibus
1727 634 1970 690 viventi-

281 727 390 781 bus
423 724 550 779 ﬂuit
581 737 716 789 nox,
772 722 823 777 id
852 731 936 777 est
965 722 1305 793 ignorantiae
1345 721 1742 777 srrcularitatis
1774 721 1974 775 adver-

280 816 514 869 sitatum
561 825 692 880 quae
743 811 802 866 fit
847 811 903 864 in
950 818 1138 866 mente
1182 809 1454 876 defectus,
1509 817 1561 864 et
1612 809 1806 878 incipit
1852 823 1970 863 esse

283 900 674 957 habitaculum
719 898 1071 954 fortitudinis
1120 905 1319 953 contra
1359 898 1552 953 omnia
1597 896 1852 966 pericula
1891 897 1974 950 in-

281 989 454 1046 terior
494 988 662 1044 homo
706 988 967 1043 refectus.
1020 987 1215 1057 (Vens.
1261 989 1377 1056 21.)
1417 990 1535 1042 Post
1581 1001 1736 1054 quem
1763 987 1975 1054 peperit

279 1079 452 1147 ﬁliam
478 1077 691 1130 nomine
738 1077 960 1129 Dinam.
1009 1076 1158 1130 Licet
1190 1075 1288 1130 Dei
1337 1074 1734 1129 habitaculum
1780 1072 1974 1127 anima

282 1167 373 1232 sit,
403 1165 531 1221 licet
556 1172 758 1220 contra
790 1164 1060 1219 incursus
1093 1177 1290 1218 omnes
1324 1163 1543 1218 fortiter
1573 1162 1740 1228 obsit,
1768 1162 1973 1216 Dinam

281 1269 426 1324 opus
451 1261 552 1320 est,
605 1253 876 1308 feminam
919 1253 991 1307 ad
1030 1260 1353 1308 extremum
1385 1265 1610 1321 semper
1650 1251 1862 1320 pariat,
1909 1258 1974 1306 ut

282 1343 495 1400 scilicet
542 1349 664 1411 post
702 1341 944 1396 virtutes
984 1340 1348 1411 fragilitatem
1400 1341 1691 1410 propriam
1736 1339 1842 1395 sibi
1873 1339 1976 1394 ob-

277 1432 458 1503 jiciat,
503 1445 574 1485 ne
617 1430 976 1485 intumescat.
1015 1429 1160 1484 Dina
1200 1444 1335 1484 vero
1378 1429 1786 1498 interpretatur
1821 1429 1977 1496 judi-

282 1521 421 1572 cium
471 1517 637 1583 istud,
687 1517 776 1572 vel
826 1533 1010 1571 causa.
1055 1517 1346 1572 Judicium
1389 1532 1525 1573 sane
1574 1519 1746 1584 istud,
1795 1518 1848 1572 id
1892 1526 1975 1572 est

282 1604 546 1659 discretio
592 1605 855 1660 habenda
900 1613 1002 1672 est,
1055 1605 1199 1660 inter
1246 1606 1462 1675 optima
1509 1621 1758 1676 qumque
1803 1620 1976 1662 causa

279 1693 543 1748 videlicet
567 1693 955 1762 subreptionis
986 1693 1213 1763 ineptae.

351 1780 524 1836 Vnns.
577 1783 664 1847 22,
714 1783 805 1848 23,
852 1782 940 1834 24.
990 1812 1057 1820 —
1103 1782 1360 1835 Rachelis
1412 1797 1622 1849 quoque
1660 1783 1974 1837 recordatus

280 1871 535 1922 Dominus
579 1869 865 1922 exaudivit
909 1885 1046 1934 eam,
1081 1875 1130 1924 et
1171 1873 1387 1939 aperuit
1429 1872 1648 1924 vulvam
1685 1872 1823 1939 ejus,
1857 1887 1975 1940 qua:

280 1959 536 2025 concepit,
619 1961 668 2009 et
708 1961 921 2026 peperit
997 1959 1193 2026 ﬁlium.
1255 1958 1518 2025 Abstulit,
1570 1959 1776 2027 inquit,
1839 1963 1975 2014 Deus

280 2047 631 2116 opprobrium
679 2063 870 2101 meum.
930 2051 1002 2102 Et
1056 2052 1266 2102 vocavit
1335 2064 1524 2103 nomen
1580 2048 1696 2118 ejus
1756 2053 1970 2119 Joseph.

281 2135 527 2190 Rachelis
558 2135 710 2189 Deus
743 2134 1098 2200 recordatur,
1126 2150 1257 2190 cum
1287 2136 1356 2189 ad
1385 2136 1473 2191 sui
1501 2136 1684 2206 ipsius
1714 2138 1974 2192 notitiam

280 2222 706 2291 contemplativi
740 2222 1062 2292 cujuspiam
1095 2238 1256 2279 mens
1288 2225 1400 2278 Deo
1432 2226 1720 2294 aspirante
1751 2227 1978 2282 reduci-

281 2318 396 2366 tur.
458 2311 732 2377 Exaudit,
803 2325 935 2367 cum
999 2310 1226 2368 aliectui
1277 2312 1541 2368 eﬂectum
1613 2314 1869 2384 ingerere
1918 2329 1977 2370 se

281 2398 546 2454 ostendit.
589 2400 818 2454 Vulvam
848 2399 1051 2468 aperit,
1085 2414 1216 2454 cum
1247 2400 1451 2455 semini
1485 2400 1678 2456 divino
1711 2415 1810 2471 per
1840 2401 1979 2457 dila-

283 2488 555 2542 tationem
593 2487 890 2542 charitatis
931 2488 988 2541 in
1018 2495 1205 2543 mente
1238 2487 1423 2543 locum
1458 2489 1610 2544 facit.
1658 2490 1810 2546 Parit
1842 2505 1977 2561 ergo

280 2577 476 2644 ﬁlium,
504 2590 576 2630 ex
611 2590 727 2644 quo
757 2591 929 2631 suum
960 2576 1096 2631 dicit
1120 2575 1377 2631 ablatum
1409 2578 1778 2646 opprobrium,
1811 2581 1972 2650 quia,

285 2671 585 2733 postquam
617 2663 688 2718 ad
719 2663 930 2718 divinae
957 2664 1363 2732 speculationis
1396 2666 1668 2737 pertingit
1699 2667 1972 2735 officium,

283 2751 340 2805 id
365 2759 448 2807 est
475 2751 803 2806 desideratze
832 2751 950 2821 spei
981 2753 1253 2820 exprimit
1293 2753 1518 2808 tandem
1555 2754 1755 2822 tilium,
1790 2758 1976 2812 ancil-

283 2839 420 2895 laris
485 2840 638 2910 quod
680 2840 787 2895 sibi
835 2840 1205 2896 incumbebat
1247 2841 1512 2896 adulterii
1561 2842 1712 2896 Deus
1755 2840 1978 2909 repellit

2150 458 2320 514 Vnus.
2356 460 2441 523 27,
2483 460 2572 511 28.
2612 487 2682 496 —-
2723 457 2824 510 Ait
2869 456 3058 510 Laban
3087 458 3179 510 ei:
3208 458 3491 511 Inveniam
3533 459 3781 522 gratiam

2077 548 2137 599 in
2166 551 2447 615 conspectu
2487 552 2574 599 tuo
2608 560 2620 599 ξ
2653 548 3039 614 Εωρθνύηρηιο
3067 545 3237 598 didici
3265 544 3410 612 quod
3443 544 3782 598 benedimerit

2078 635 2216 687 mihi
2264 637 2399 688 Deus
2426 639 2648 703 propter
2704 639 2770 687 te.
2801 635 3073 688 Constitue
3101 633 3390 686 mercedem
3421 639 3570 686 tuam
3601 648 3771 700 quam

2078 722 2196 775 dem
2229 723 2349 776 tibi.
2400 722 2590 777 Laban
2624 722 2692 776 ad
2724 721 2896 776 Jacob
2944 721 3220 790 loquitur,
3269 735 3402 776 cum
3431 721 3780 776 candidatus

2080 810 2393 865 caelestium
2453 810 2782 874 exercitus,
2862 809 3153 865 intellectu
3223 811 3530 878 interprete
3593 818 3646 864 et
3702 810 3780 864 ad

2079 897 2267 966 ipsum
2298 898 2467 953 etiam
2517 899 2864 954 intellectum
2895 897 3082 952 dicere
3128 897 3355 952 videtur
3386 912 3398 950 :
3435 897 3488 952 Si
3537 897 3635 952 tibi
3667 897 3778 951 ali-

2079 986 2420 1054 quantisper
2467 985 2627 1041 labor
2669 1000 2918 1054 praesens
2963 984 3338 1055 protrahitur,
3384 1000 3596 1056 magna
3637 1001 3774 1042 cum

2080 1072 2152 1126 ad
2181 1087 2350 1127 usum
2386 1073 2756 1128 beatitudinis
2807 1088 2944 1129 mete
2974 1073 3200 1128 veneris
3233 1087 3355 1128 mea
3404 1075 3590 1144 gratia
3619 1076 3778 1143 apud

2080 1159 2408 1216 interiorem
2451 1161 2685 1216 oculum
2733 1168 2898 1215 tuum
2952 1160 3277 1216 invenietur
3309 1176 3321 1216 :
3357 1169 3579 1217 certum
3617 1164 3777 1217 enim

2079 1248 2431 1316 experientia
2471 1247 2620 1314 fecit,
2665 1248 2818 1318 quod
2858 1250 3004 1304 Deus
3034 1248 3451 1304 incrementum
3484 1249 3678 1320 gloriae
3709 1264 3781 1306 ac

2081 1334 2290 1390 laetitia
2320 1335 2616 1405 spiritibus
2661 1337 2841 1391 beatis
2873 1336 3145 1403 conferat,
3180 1337 3403 1404 quoties
3441 1337 3511 1392 ad
3550 1337 3781 1394 caeleste

2082 1423 2214 1492 quis
2245 1438 2486 1494 regnum
2509 1423 2918 1494 gloriticandus
2935 1425 3185 1479 accedat.
3208 1424 3351 1480 Nam
3374 1425 3511 1480 dicit
3529 1440 3781 1496 magnus

2081 1511 2352 1582 Origenes
2385 1514 2465 1581 (in
2505 1529 2625 1582 cap.
2657 1529 2696 1567 x
2731 1513 2903 1568 Levit.
2946 1513 3079 1568 hom
3125 1513 3160 1567 l.
3191 1518 3243 1578 7,
3277 1520 3408 1569 ante
3436 1514 3608 1581 med.)
3655 1530 3778 1569 non

2083 1599 2391 1669 perfectam
2423 1610 2650 1657 sanctos
2675 1602 2883 1657 habere
2912 1602 3186 1668 laetitiam,
3221 1601 3486 1672 quandiu
3527 1603 3781 1658 viderint

2019 1671 2056 1724 Β
2085 1689 2330 1771 fratrum
2393 1705 2630 1746 suorum
2677 1691 2785 1746 sub
2832 1690 3128 1760 temporali
3181 1671 3511 1759 tempestate
3559 1692 3778 1746 moesti-

2083 1778 2249 1844 tiam,
2306 1779 2460 1834 unde
2516 1787 2737 1835 constat
2798 1794 2971 1834 suum
3035 1778 3400 1834 vehementer
3449 1779 3649 1849 augeri
3707 1779 3779 1834 de

2081 1867 2428 1921 consortium
2481 1868 2770 1937 ereptione
2823 1867 3214 1937 triumphum,
3262 1875 3316 1922 et
3364 1867 3623 1937 gloriam.
3679 1868 3781 1922 Dic

2082 1969 2237 2025 ergo,
2287 1955 2340 2010 id
2388 1964 2471 2011 est
2505 1956 2856 2025 providendo
2899 1956 3184 2025 perpende
3233 1956 3549 2010 mercedem
3597 1970 3776 2025 quam

2083 2059 2117 2098 a
2162 2059 2250 2098 me
2312 2042 2413 2098 tibi
2447 2044 2573 2099 dari
2618 2045 2845 2114 poscis?
2905 2043 3060 2099 Talia
3107 2044 3334 2114 agimus
3384 2059 3514 2099 cum
3565 2044 3778 2099 sanctis

2082 2130 2399 2200 spiritibus,
2436 2133 2658 2202 quoties
2685 2147 2884 2188 eorum
2919 2133 3235 2202 patrocinia
3266 2134 3336 2187 ad
3367 2133 3561 2203 gloriae
3591 2133 3780 2188 obten-

2084 2227 2206 2275 tum
2259 2221 2642 2290 exquirimus,
2694 2222 2892 2276 ethoc
2938 2222 3010 2276 ab
3059 2221 3140 2277 eis
3182 2221 3642 2277 intellectualiter
3679 2235 3779 2276 sa-

2083 2307 2298 2376 pientes
2354 2310 2642 2364 audimus.
2692 2310 2884 2380 (VEns.
2934 2310 3047 2380 29.)
3119 2313 3197 2364 Tu
3239 2314 3400 2377 nosti,
3450 2311 3528 2366 ait
3581 2310 3775 2377 Jacob,

2084 2412 2203 2467 qua
2250 2398 2506 2453 molestia
2550 2398 2652 2454 tibi
2699 2399 2878 2454 animi
2929 2399 3239 2469 carnisque
3288 2399 3583 2456 servierim
3633 2413 3781 2454 eme-

2085 2486 2294 2553 rendas,
2348 2493 2398 2540 et
2443 2492 2670 2555 quanta,
2717 2502 2750 2542 o
2795 2488 3089 2544 beatorum
3135 2488 3391 2557 societas,
3424 2491 3483 2542 in
3527 2489 3779 2541 munibus

2084 2577 2212 2628 meis
2257 2577 2429 2640 fuerit
2486 2577 2748 2644 possessio
2792 2581 2907 2641 tua,
2972 2575 3026 2631 id
3075 2584 3158 2632 est
3202 2575 3406 2645 quanti
3475 2576 3779 2631 habuerim

2085 2664 2495 2732 possessionem
2547 2673 2727 2732 tuam,
2776 2679 2908 2734 quae
2955 2665 3103 2720 Deus
3131 2674 3232 2731 est,
3268 2666 3324 2720 in
3368 2663 3638 2720 exercitio
3670 2678 3783 2719 ma-

2085 2765 2290 2818 nuum,
2318 2753 2373 2807 id
2403 2759 2484 2807 cst
2505 2767 2741 2822 operum
2774 2767 3032 2808 meorum
3058 2754 3261 2822 patuit.
3285 2753 3501 2819 (Vens.
3532 2754 3644 2820 30.)
3665 2753 3782 2806 Μο-

2084 2839 2263 2894 dicum
2285 2841 2528 2895 habuisti
2542 2847 2831 2910 antequam
2853 2844 3088 2896 venirem
3108 2842 3183 2895 ad
3205 2847 3270 2895 te.
3292 2842 3642 2897 Imminulus
3657 2848 3782 2896 erat

283 2928 674 2998 opprobrium.
731 2928 892 2984 Unde
939 2937 1103 2984 vocat
1141 2944 1328 2982 nomen
1371 2928 1486 2998 ejus
1530 2930 1747 2998 Joscph,
1797 2929 1852 2983 id
1893 2936 1974 2984 est
2013 2951 2053 3005 ρ
2084 2929 2498 2996 supercmlestis
2559 2944 2839 2985 numerus
2906 2937 3076 2996 tuus,
3141 2938 3450 3000 antequam
3520 2929 3780 2984 humana

283 3020 668 3084 augmentum,
716 3016 855 3087 quia
887 3016 1063 3086 hujus
1105 3031 1223 3086 qua
1255 3018 1641 3087 temporaliter
1685 3017 1875 3074 adhuc
1922 3026 1977 3075 et

277 3104 449 3174 juxta
498 3119 659 3175 posse
706 3105 887 3160 Deum
944 3113 1366 3176 praegustamus
1411 3105 1815 3174 speculationis
1861 3107 1976 3161 ini-

287 3193 448 3260 tium,
481 3201 708 3249 zetcrnte
739 3193 975 3248 visionis
1023 3193 1388 3263 praestolatur
1432 3202 1831 3265 augmentum.
1864 3195 1978 3249 Ad-

282 3280 400 3348 dat,
437 3281 644 3352 inquit,
694 3284 835 3336 mihi
877 3285 1015 3336 Deus
1049 3283 1244 3351 ﬁlium,
1293 3284 1350 3337 in
1382 3283 1612 3352 speculo
1659 3283 1889 3352 scilicet,
1922 3290 1977 3339 et

281 3370 585 3439 aenigmate
645 3370 862 3426 videnti
924 3370 1210 3438 conferat,
1262 3379 1318 3426 et
1377 3371 1666 3442 adaugeat
1725 3386 1876 3427 verae
1922 3380 1977 3428 et

282 3467 488 3527 apertae
534 3458 876 3530 cognitionis
925 3459 1196 3514 fructum.
1233 3459 1437 3528 (Vens.
1481 3463 1596 3530 25.)
1626 3463 1768 3516 Nato
1799 3466 1978 3515 autem

280 3549 496 3616 Joseph,
530 3549 678 3602 dixit
707 3549 869 3602 Jacob
901 3563 1076 3603 socero
1106 3564 1200 3602 suo
1224 3565 1236 3602 :
1265 3551 1484 3604 Dimitte
1511 3566 1594 3604 me
1630 3552 1688 3604 in
1708 3553 1973 3620 patriam,

281 3641 331 3690 et
361 3637 434 3690 ad
470 3643 671 3692 terram
700 3654 892 3704 meum,
935 3645 1041 3693 etc.
1077 3637 1386 3707 Postquam
1423 3646 1709 3708 perpetuae
1741 3639 1978 3694 visionis

283 3725 380 3780 Dei
423 3735 801 3796 augmentum
837 3740 937 3795 per
980 3739 1132 3795 spem
1176 3727 1351 3781 menti
1401 3726 1744 3794 innascitur,
1778 3728 1973 3796 Jacob,

284 3814 338 3868 id
380 3822 464 3870 est
508 3815 830 3871 intellectus
879 3815 951 3869 ad
997 3815 1211 3881 Laban,
1258 3815 1310 3869 id
1341 3822 1425 3870 est
1467 3816 1772 3870 candorem
1821 3823 1978 3870 teter-

282 3916 444 3969 num,
497 3903 590 3957 cui
642 3902 747 3958 lux
795 3916 932 3958 vera
979 3902 1270 3971 praesidet,
1330 3902 1621 3971 loquitur,
1667 3904 1770 3972 qui
1808 3909 1978 3958 'socer

284 3988 515 4054 dicitur,
556 3989 696 4058 quia
725 3989 954 4044 duabus
991 3997 1151 4057 pater
1175 3997 1258 4044 est
1289 3989 1540 4058 ﬁliabus,
1583 3991 1784 4046 activae
1825 3991 1979 4046 scili-

283 4085 370 4131 cet
397 4083 452 4132 et
494 4077 970 4146 contemplativa},
1005 4092 1136 4147 quae
1167 4078 1239 4132 ad
1283 4076 1530 4133 formam
1563 4079 1980 4148 supercaalestis

284 4165 548 4220 candoris
608 4165 762 4221 illius
833 4165 1220 4222 instituuntur
1283 4165 1342 4220 in
1407 4167 1624 4237 gremio
1697 4167 1979 4223 terrestris

285 4253 566 4309 Ecclesiae.
600 4255 827 4308 Dimitte
845 4270 928 4308 me
959 4262 1019 4310 ut
1050 4262 1311 4310 revertar
1338 4258 1397 4309 in
1417 4258 1661 4324 patriam
1691 4261 1746 4310 et
1775 4261 1976 4311 terram
2016 4247 2061 4301 D

284 4358 477 4410 meam,
531 4342 585 4397 id
624 4350 708 4398 est
765 4343 1008 4398 liberum
1060 4358 1168 4410 me,
1228 4350 1283 4398 et
1332 4344 1659 4400 absolutum
1704 4359 1976 4414 corporeo

285 4431 553 4501 compede
582 4431 774 4500 accipe
799 4431 1080 4487 volentem
1113 4432 1320 4487 reverti
1349 4433 1409 4487 in
1454 4435 1722 4502 patriam,
1759 4435 1826 4489 de
1859 4447 1978 4504 qua

286 4520 593 4575 devolutus
639 4534 789 4587 sum,
833 4527 888 4575 et
921 4521 978 4575 in
1028 4527 1238 4575 terram
1272 4521 1371 4576 ubi
1411 4522 1824 4578 immobilitatis
1855 4531 1977 4578 sta-

286 4615 409 4664 tum
440 4608 746 4664 obtineam.
790 4608 982 4675 (Vnus.
1029 4610 1144 4677 26.)
1173 4612 1252 4663 Da
1277 4610 1414 4664 mihi
1444 4626 1660 4678 umores,
1705 4617 1756 4665 et
1785 4612 1978 4666 liberos

285 4711 446 4757 meos,
490 4712 594 4766 pro
643 4697 838 4764 quibus
885 4699 1088 4750 servivi
1135 4698 1264 4765 tibi,
1317 4702 1378 4751 ut
1424 4699 1632 4765 abeam,
1682 4698 1738 4754 id
1778 4706 1861 4755 est
1908 4715 1978 4755 ne

289 4785 592 4854 protrahas
639 4785 776 4840 mihi
829 4785 1132 4854 actualem,
1183 4801 1302 4856 qua
1344 4786 1433 4841 die
1470 4795 1524 4842 et
1571 4794 1756 4854 nocte,
1805 4788 1979 4857 juxta

287 4872 701 4943 Apocalypsim,
754 4873 1009 4944 requiem
1043 4889 1158 4929 non
1190 4875 1432 4930 habeam
1473 4877 1654 4931 Deum
1686 4876 1980 4932 laudando

291 4962 481 5032 (Apoc.
526 4977 647 5023 xiv,
693 4963 797 5029 ll),
841 4969 896 5017 et
925 4963 1427 5032 contemplativam
1460 4964 1540 5019 nil
1573 4963 1729 5019 aliud
1776 4973 1980 5033 praeter

290 5051 470 5105 Deum
519 5051 840 5120 cogitando,
892 5057 947 5105 et
989 5050 1211 5106 fructus
1257 5066 1495 5121 operum
1555 5053 1610 5107 in
1655 5052 1810 5108 cmlis
1850 5068 1981 5109 vere

291 5152 474 5208 reges,
526 5153 653 5194 vere
689 5139 903 5204 liberos,
959 5152 1059 5208 pro
1107 5138 1196 5194 his
1225 5138 1376 5194 enim
1426 5153 1542 5194 non
1589 5153 1691 5209 pro
1743 5142 1981 5196 terrenis

291 5234 406 5282 tuae
451 5229 651 5281 servivi
691 5226 908 5297 gloriae,
959 5231 1020 5279 ut
1059 5227 1266 5294 abeam,
1298 5235 1353 5282 et
1380 5227 1628 5296 amplius
1659 5242 1773 5283 non
1803 5242 1899 5284 ero
1921 5229 1980 5284 in

291 5315 587 5371 aerumnis.
626 5319 707 5369 Tu
748 5317 892 5370 nosti
917 5317 1251 5383 servitutem,
1286 5331 1397 5386 qua
1436 5317 1639 5370 servivi
1673 5316 1790 5370 tibi.
1823 5317 1906 5371 Ac
1934 5317 1981 5372 si

291 5402 443 5458 dicat
477 5417 489 5456 :
524 5401 608 5458 Tu
640 5403 996 5460 Hierusalem
1024 5418 1278 5474 superna
1302 5411 1485 5462 mater
1505 5412 1720 5470 nostra,
1753 5405 1982 5460 conscia

292 5490 393 5548 tibi
426 5503 486 5546 es
512 5490 726 5561 quibus
749 5490 958 5559 carnis,
979 5499 1034 5548 et
1065 5493 1264 5549 mundi
1297 5493 1711 5550 tentationibus
1730 5500 1844 5550 tuae
1868 5493 1978 5548 cla-

2086 3024 2297 3071 natura
2343 3017 2770 3073 consociaretur
2810 3018 3004 3089 gloriae
3036 3025 3184 3087 tuae;
3231 3026 3285 3073 et
3332 3033 3508 3085 nunc,
3539 3033 3571 3072 0
3616 3018 3778 3074 beate

2085 3105 2374 3159 exercitus
2413 3104 2787 3173 salvatorum,
2830 3119 2953 3161 meo
2983 3107 3134 3160 dives
3181 3109 3363 3173 factus
3408 3121 3458 3161 es
3491 3106 3728 3176 collegio
3762 3121 3773 3160 :

2087 3193 2467 3261 benediwitque
2499 3193 2619 3259 tibi,
2661 3193 2717 3248 id
2746 3201 2829 3248 est
2874 3193 3278 3263 multiplicavit
3329 3203 3382 3250 te
3411 3197 3672 3250 Dominus
3704 3195 3779 3248 ad

2084 3282 2367 3334 introitum
2393 3297 2588 3335 meum.
2624 3284 2838 3336 Juslum
2867 3287 2944 3335 est
2976 3284 3151 3350 igitur
3181 3288 3239 3336 ut
3264 3288 3312 3336 et
3352 3298 3445 3349 ego
3476 3281 3778 3351 aliquando

2085 3369 2271 3423 domui
2317 3385 2444 3423 meae
2486 3371 2822 3439 provideam.
2877 3372 3036 3434 Quod
3086 3379 3264 3427 totum
3314 3379 3397 3427 est
3427 3396 3436 3425 :
3471 3373 3582 3429 Vos
3621 3378 3780 3426 certa

2085 3456 2349 3512 felicitate
2405 3458 2687 3527 gaudetis,
2740 3459 3009 3528 idemque
3067 3459 3126 3514 in
3179 3461 3408 3515 miseria
3452 3459 3779 3516 constitutis

2085 3544 2375 3614 postulare
2427 3545 2660 3613 debetis,
2721 3546 2875 3616 quod
2919 3554 2973 3602 et
3017 3547 3238 3616 facitis;
3294 3548 3543 3603 obtinete
3597 3548 3793 3618 igitur

2085 3633 2226 3689 mihi
2272 3633 2427 3703 quod
2461 3634 2685 3703 justum
2721 3642 2822 3699 est,
2872 3641 2936 3689 ut
2977 3635 3125 3691 sicut
3155 3635 3332 3702 vobis,
3363 3635 3502 3691 dum
3551 3635 3781 3690 advixi-

2085 3722 2204 3789 stis,
2273 3723 2617 3792 providistis,
2667 3724 2749 3779 sic
2777 3731 2832 3778 et
2887 3737 2992 3794 ego
3039 3723 3274 3779 domum
3320 3724 3502 3779 Patris
3561 3724 3620 3779 in
3661 3738 3782 3793 qua

2087 3809 2412 3866 mansiones
2475 3811 2672 3866 multae
2733 3819 2869 3867 sunt
2933 3814 3104 3882 (Joan.
3160 3827 3278 3879 xxv,
3329 3812 3384 3879 2)
3450 3812 3588 3867 mihi
3643 3826 3775 3882 pro-

2086 3898 2331 3953 videam.
2363 3899 2432 3954 Et
2454 3899 2651 3955 domui
2672 3906 2821 3954 certe
2852 3899 3128 3969 providet,
3151 3900 3252 3969 qui
3282 3909 3343 3955 ut
3373 3899 3445 3955 sit
3465 3900 3534 3954 de
3564 3899 3782 3970 quibus

2087 3985 2444 4041 honestanda
2476 3995 2559 4041 est
2588 3986 2794 4042 domus
2815 3987 3023 4042 studet.

2164 4079 2312 4129 I20
2341 4074 2511 4131 VERS.
2545 4078 2632 4141 3t,
2675 4077 2761 4130 32.
2791 4105 2856 4115 —
2882 4074 3029 4141 Quid
3066 4075 3206 4129 dabo
3240 4076 3379 4131 tibi?
3419 4077 3512 4133 Nil
3547 4077 3662 4130 volo
3694 4079 3778 4130 ait

2085 4168 2272 4236 Jacob,
2306 4170 2400 4224 sed
2425 4173 2475 4224 si
2517 4173 2709 4236 feceris
2739 4170 2885 4240 quod
2911 4171 3144 4240 postulo,
3192 4173 3388 4225 iterum
3435 4186 3678 4240 pascam,
3724 4177 3778 4225 et

2085 4259 2385 4312 custodiam
2426 4275 2620 4328 pecora
2665 4264 2778 4313 tua.
2820 4261 2932 4325 Nil,
2983 4259 3062 4314 ait
3113 4259 3280 4325 ratio,
3331 4267 3466 4327 ate,
3501 4275 3533 4316 0
3579 4266 3777 4315 sancta

2083 4345 2300 4410 civitas,
2350 4348 2562 4403 terreni
2591 4347 2959 4403 emolumenti
3001 4361 3218 4418 quaero,
3253 4348 3349 4404 sed
3397 4348 3443 4404 si
3481 4349 3778 4419 gyraveris

2083 4451 2258 4490 omnes
2309 4451 2494 4504 greges
2549 4440 2694 4502 tuos,
2747 4435 2800 4490 id
2848 4443 2934 4491 est
2983 4435 3030 4490 si
3086 4436 3198 4490 alio
3251 4436 3778 4506 circumspectionis

2083 4523 2306 4579 ambitu
2336 4539 2563 4579 omnem
2593 4523 2824 4579 virtutis
2867 4524 3166 4579 utilitatem
3203 4525 3390 4579 videre
3420 4539 3509 4580 me
3539 4525 3776 4581 obtentu

2085 4619 2185 4667 tuo
2243 4611 2457 4678 feceris,
2519 4619 2574 4667 et
2630 4613 2991 4681 separaveris
3053 4627 3230 4666 omnes
3287 4628 3405 4667 oves
3468 4616 3674 4679 varias,
3723 4619 3773 4667 et

2083 4715 2275 4769 sparso
2300 4701 2510 4767 vellere,
2558 4701 2616 4754 in
2648 4701 2785 4770 ipsis
2823 4700 3034 4756 scilicet
3065 4701 3374 4757 virtutibus
3402 4701 3526 4756 vitii
3571 4703 3775 4773 cujus-

2087 4803 2200 4859 que
2249 4787 2646 4844 admistionem
2695 4795 2750 4844 et
2792 4789 2999 4859 operis,
3049 4804 3148 4859 per
3189 4790 3455 4846 favorum
3506 4804 3680 4846 auras
3711 4805 3778 4847 ac

2086 4876 2134 4931 si
2191 4876 2416 4932 velleris
2483 4891 2599 4946 quo
2668 4877 2926 4933 membra
2985 4892 3158 4948 super
3219 4885 3432 4935 terram
3499 4887 3779 4950 teguntur

2086 4963 2467 5033 sparsionem,
2537 4964 2861 5021 discernere
2918 4965 3058 5020 mihi
3120 4967 3530 5036 impetraveris,
3601 4967 3780 5036 quod-

2085 5068 2294 5120 cunque
2329 5051 2522 5108 rufum
2558 5052 2729 5108 fuerit
2759 5054 3020 5123 passione
3049 5054 3312 5111 desiderii
3340 5057 3426 5112 vel
3455 5057 3780 5128 cognitione

2088 5141 2323 5211 peccati,
2371 5141 2477 5196 hoc
2522 5142 2674 5197 enim
2719 5142 2871 5198 color
2917 5142 3018 5199 iste
3064 5144 3382 5215 significat,
3429 5146 3782 5214 quodcunque

2086 5231 2415 5286 maculosum
2460 5230 2787 5287 incursione
2830 5231 3039 5299 delicti,
3075 5240 3130 5287 et
3160 5237 3381 5288 varium
3429 5234 3782 5303 subripiente

2090 5318 2394 5388 hypocrisi,
2447 5332 2550 5388 pro
2595 5333 2807 5390 magno
2852 5319 2992 5374 mihi
3043 5323 3514 5392 munere.patiar
3553 5322 3779 5391 ascribi,

2087 5405 2169 5461 nil
2218 5421 2355 5463 sane
2398 5407 2539 5463 mihi
2585 5407 2788 5464 utilius
2840 5422 3017 5478 quam
3073 5411 3323 5480 cognitio
3374 5410 3503 5466 mei.
3563 5412 3785 5468 Dicitur

2087 5494 2239 5550 enim
2293 5511 2304 5549 :
2354 5496 2630 5550 Iudicium
2694 5501 2744 5552 et
2798 5496 3002 5553 deinde
3050 5496 3336 5567 justitiam
3395 5502 3454 5554 in
3499 5501 3662 5555 Iacob
3723 5506 3780 5556 tu
