3904 6066
63 199 70 208 ’
123 229 221 280 229

1297 227 1658 284 MORALIUSI
1703 229 1772 283 IN
1811 227 2115 284 GENESIM
2151 226 2279 284 LIB.
2313 229 2453 284 VIII.

3520 232 3624 284 230

115 358 294 423 fecisit
351 359 520 425 (Psal.
585 357 898 425 xcv1n,~’i).
955 357 1123 425 Situ,
1179 359 1440 428 inquam,
1473 373 1504 413 0
1567 357 1811 414 exelestis
1851 358 2283 428 Aimaginatio,
2336 367 2391 414 et
2463 357 2802 414 sensualitas
2862 357 3146 426 innuitur,
3217 360 3432 430 quibus
3481 362 3622 418 dum

122 454 304 501 mater
328 446 422 515 pia
455 446 753 516 interpres,
790 447 843 501 id
897 446 1035 500 mihi
1070 446 1354 515 impetres,
1386 447 1487 517 qui
1541 447 1822 501 hactenus

119 536 226 590 sub
286 535 490 591 timore
550 537 681 604 pavi
731 534 942 591 ctelesti
996 535 1205 604 pabulo
1254 550 1503 606 quaeque
1564 535 1821 591 interiori

120 624 341 677 nomini
399 637 680 693 congrua,
712 637 745 677 a
785 624 950 677 modo
985 623 1190 678 iterum
1229 637 1478 692 pascam,
1530 627 1584 679 et
1631 631 1823 679 custo-

121 712 298 778 diam,
337 712 393 766 id
425 719 507 767 est
531 721 591 767 et
614 712 948 766 alimoniam
978 712 1110 767 vitae
1139 713 1481 781 procurabo,
1524 721 1579 767 et
1624 713 1820 767 vitali—

125 801 230 854 bus
281 800 489 854 studiis
543 801 988 856 sollicitudinem
1052 800 1326 856 custodiae
1389 801 1682 870 delegabo.
1751 803 1822 853 In

121 889 311 941 ovibus
341 903 474 943 vero
509 894 558 942 et
610 891 792 957 capris
822 889 1140 944 mercedem
1180 903 1346 944 suam
1389 890 1542 956 dicit,
1591 890 1730 945 dum
1765 889 1822 943 in

124 976 418 1031 beneliciis
438 977 782 1044 actualibus,
828 993 959 1047 quae
993 992 1093 1046 per
1134 992 1268 1033 oves
1315 978 1640 1048 signantur,
1684 979 1824 1048 quia

123 1067 262 1130 fetu,
299 1065 513 1131 fructu,
547 1073 601 1120 et
631 1065 841 1122 vellere
882 1074 1145 1135 prosunt,
1173 1074 1228 1122 et
1255 1067 1312 1120 in
1341 1067 1819 1136 contemplativis,

125 1170 258 1229 quae
285 1172 386 1227 per
411 1169 634 1224 capras,
681 1154 821 1223 quia
861 1163 1178 1223 pascuntur
1227 1155 1284 1208 in
1327 1155 1543 1222 arduis,
1583 1156 1639 1209 in
1675 1169 1825 1224 prm-

126 1249 272 1304 senti
306 1244 583 1303 mercedis
623 1243 853 1297 initium
885 1242 1082 1297 credit.
1134 1243 1325 1312 (Vens.
1359 1245 1466 1312 33.)
1517 1243 1824 1312 Responde-

129 1339 202 1391 bit
255 1338 397 1391 mihi
440 1349 561 1388 cras
605 1330 832 1402 justitia
884 1347 1022 1398 mea,
1083 1331 1301 1401 quando
1357 1334 1554 1401 placiti
1621 1338 1826 1402 tempus

127 1426 408 1480 advenerit
456 1437 636 1477 coram
668 1426 734 1487 te,
760 1421 836 1489 gid
866 1428 950 1476 est
977 1421 1331 1491 ﬁconcurret,
1365 1428 1418 1476 et
1459 1422 1635 1492 digna
1678 1435 1826 1476 mer—

126 1515 259 1570 cede
291 1510 592 1569 conveniet
639 1522 705 1564 ac
748 1508 1086 1564 consonabit
1116 1509 1257 1564 mihi
1308 1509 1550 1579 justitia,
1604 1524 1720 1580 qua
1771 1510 1826 1564 in

127 1602 411 1672 principio
439 1599 551 1656 mei
597 1605 899 1653 accusator
922 1597 1188 1664 existam,
1231 1613 1364 1653 cum
1397 1599 1512 1653 Deo
1555 1612 1830 1653 remune-

1929 448 2113 501 media
2144 447 2520 518 intelligentia
2546 449 2896 515 dominatur,
2947 455 3193 518 utraque
3225 463 3324 518 per
3353 464 3410 505 se
3441 450 3622 506 solam

1932 535 2288 589 infructuosa
2315 535 2442 604 ejus
2473 535 2661 590 vicino
2693 550 2894 605 sapore
2937 536 3222 591 conditur.
3257 537 3444 606 Virgae
3478 537 3624 592 viri-

1929 624 2028 678 des
2055 623 2420 679 rectitudines
2477 624 2716 679 internae
2755 632 2890 680 sunt
2942 607 3244 679 charitatis
3286 639 3457 680 succo
3499 640 3626 680 ma—

1930 713 2144 778 dentes,
2172 712 2381 767 horum
2413 711 2588 768 trium
2617 713 2929 781 ordinatos,
2983 720 3037 768 et
3091 713 3268 768 veluti
3322 714 3394 768 ad
3448 728 3628 784 regu-

1931 799 2043 854 lam
2093 801 2294 856 ductos
2346 815 2553 870 mores,
2613 801 2781 857 homo
2833 802 3045 871 peccati
3101 801 3409 857 subversor
3479 803 3628 858 idem

1929 890 2101 944 Jacob
2133 890 2359 958 accipit,
2401 898 2457 945 et
2511 905 2583 946 ex
2645 898 2804 960 parte
2853 891 3215 961 superﬁciem
3262 890 3508 957 corticis,
3570 891 3627 945 id

1931 987 2014 1034 est
2062 979 2330 1034 extrariae
2371 979 2608 1034 visionis
2681 980 2992 1049 abscindit;
3043 987 3097 1034 et
3147 993 3282 1034 mox
3342 979 3629 1035 interioris

1933 1069 2131 1136 gratiae
2162 1068 2375 1122 candor
2421 1075 2769 1136 apparet;et
2817 1069 2956 1137 quia
3009 1067 3438 1136 imaginationis
3493 1081 3630 1122 sen-

1934 1155 2173 1210 sualitas
2205 1169 2438 1224 prorsus
2467 1170 2500 1209 a
2527 1158 2779 1210 vanitate
2812 1156 3124 1212 visibilium
3165 1155 3302 1210 exui
3333 1169 3448 1209 non
3491 1169 3632 1224 prae-

1935 1243 2105 1311 valet,
2141 1244 2197 1297 in
2232 1242 2317 1298 his
2347 1258 2477 1312 quae
2505 1243 2810 1312 exspoliari
2852 1258 2966 1298 non
3007 1249 3246 1312 possunt
3282 1243 3438 1297 viror
3467 1242 3630 1298 bonae

1936 1331 2266 1387 intentionis
2337 1339 2662 1401 permanet;
2738 1333 3010 1401 perlicere
3096 1331 3249 1388 enim
3314 1330 3630 1387 invenienti

1937 1421 2080 1476 velle
2110 1420 2330 1490 adjacet
2378 1422 2551 1490 (Rom.
2600 1435 2721 1487 vui,
2784 1421 2894 1488 18),
2938 1428 2993 1476 et
3049 1421 3130 1476 sic
3190 1419 3439 1476 efﬁcitur
3487 1422 3630 1474 color

1935 1514 2142 1576 varius,
2173 1509 2312 1564 dum
2343 1509 2542 1578 incipit
2571 1509 2748 1564 dividi
2775 1510 3053 1565 adversus
3099 1523 3329 1565 carnem
3375 1513 3628 1582 spiritus.

1941 1599 2048 1654 Ubi
2077 1599 2231 1653 enim
2260 1598 2381 1654 hac
2406 1612 2522 1653 non
2548 1607 2631 1654 est
2665 1599 2935 1666 varietas,
2961 1606 3112 1655 totus
3161 1600 3270 1655 sibi
3321 1601 3634 1671 complacet

127 1664 292 1744 rante
341 1689 400 1743 in
463 1694 771 1757 conspectu
829 1694 1163 1742 sanctorum
1216 1687 1335 1741 vita
1388 1700 1517 1742 mea
1546 1685 1830 1757 placuisse
1869 1664 1911 1718 Β
1944 1687 2116 1742 homo
2145 1694 2329 1742 vetus.

124 1777 488 1847 probabitur.

202 1867 378 1923 Vens.
415 1866 579 1921 34.-
591 1867 844 1930 Gratum,
866 1863 1074 1933 inquit,
1100 1863 1305 1930 Laban,
1326 1863 1490 1917 habeo
1503 1863 1654 1932 quod
1665 1866 1828 1933 petis,

127 1956 214 2012 Nil
242 1955 400 2011 enim
422 1954 646 2025 gratius
673 1953 970 2022 spiritibus
993 1952 1193 2017 beatis,
1221 1965 1399 2022 quam
1423 1952 1578 2022 quod
1605 1960 1833 2007 aeternae

131 2046 321 2115 gratia
351 2045 572 2114 geritur
628 2043 851 2097 salutis.
885 2042 1018 2096 Haec
1065 2049 1253 2096 autem
1289 2055 1423 2096 cum
1473 2042 1835 2097 intellectua-

130 2133 258 2188 liter
291 2131 444 2187 intra
479 2145 583 2186 nos
609 2130 852 2201 agimus,
887 2137 942 2185 et
986 2143 1089 2183 nos
1119 2128 1390 2195 dicimus,
1423 2136 1478 2184 et
1526 2130 1693 2198 quasi
1720 2144 1833 2184 οω-

132 2223 269 2278 litus
313 2221 479 2276 nobis
528 2218 856 2289 responderi
889 2219 1188 2274 sentimus.
1233 2217 1425 2288 (Vens.
1481 2219 1596 2286 35.)
1636 2221 1705 2272 Et
1746 2233 1835 2272 se—

127 2314 353 2380 paravit
380 2313 439 2364 in
469 2311 556 2364 die
602 2310 696 2362 illo
742 2323 958 2376 capras,
1010 2307 1242 2376 etloves,
1293 2307 1472 2360 hircos
1523 2311 1573 2360 et
1617 2309 1833 2373 arietes,

131 2403 315 2454 varios
345 2403 397 2453 et
440 2399 758 2457 maculosos,
800 2396 854 2450 id
903 2403 985 2450 est
1023 2394 1081 2449 in
1117 2395 1212 2449 illa
1255 2409 1385 2464 quae
1434 2395 1555 2450 haec
1601 2396 1832 2464 cogitat,

130 2488 420 2557 spirituali
452 2487 577 2542 luce
627 2484 950 2539 discernere
979 2483 1106 2538 fecit
1149 2483 1344 2549 Iacob,
1409 2483 1464 2538 id
1512 2491 1616 2550 est,
1671 2483 1838 2538 ratio—

131 2591 285 2641 nem,
317 2578 465 2631 inter
503 2572 948 2642 contemplativa
987 2579 1043 2627 et
1085 2572 1355 2639 actualia,
1407 2573 1556 2626 inter
1590 2572 1836 2627 lascivos

129 2675 183 2720 et
208 2663 493 2719 animales
541 2669 749 2727 motus,
807 2669 861 2715 et
909 2661 1116 2716 arietes
1168 2659 1642 2726 rationalitatum,
1706 2674 1838 2728 quae

131 2753 302 2809 nobis
330 2752 589 2822 praebent
641 2751 906 2814 ducatus,
939 2757 993 2804 et
1037 2749 1093 2803 in
1139 2748 1229 2803 his
1283 2748 1552 2802 omnibus
1600 2757 1838 2816 pensare

133 2841 279 2916 quid
338 2840 613 2895 varietate
665 2837 1001 2907 hypocrisis,
1057 2837 1198 2906 quid
1250 2837 1504 2892 naturali
1588 2836 1839 2892 fieditate

2011 1775 2182 1831 Vens.
2210 1777 2295 1830 38.
2323 1804 2388 1815 —
2427 1777 2715 1844 Posuitque
2749 1791 2839 1830 eas
2878 1779 2937 1830 in
2973 1777 3272 1833 canalibus.
3317 1778 3431 1834 Has
3477 1778 3635 1848 ponit

1942 1866 1998 1917 in
2038 1864 2318 1918 canalibus
2363 1865 2458 1918 ubi
2488 1879 2635 1932 aqua
2691 1865 3089 1932 effundebatur,
3148 1866 3287 1921 dum
3347 1865 3634 1936 quidquid

1942 1961 2162 2008 rectum
2236 1954 2405 2008 habet
2464 1953 2668 2009 fundat
2724 1955 3145 2023 quodammodo
3201 1962 3255 2009 et
3311 1954 3525 2010 stabilit
3575 1955 3632 2009 in

1946 2042 2286 2110 humilitate,
2321 2055 2386 2096 ac
2417 2042 2698 2112 depressis
2747 2043 3033 2098 interioris
3071 2042 3485 2114 exteriorisque
3527 2043 3635 2098 ho-

1944 2130 2114 2184 minis
2144 2130 2425 2198 sensibus,
2461 2130 2559 2185 ubi
2591 2130 2747 2186 illabi
2773 2131 2915 2186 solet
2942 2131 3140 2201 gratiae
3168 2146 3436 2200 supernae
3477 2132 3635 2186 unda

1943 2218 2184 2285 caelitus,
2211 2217 2421 2273 scilicet
2441 2223 2502 2271 ut
2523 2233 2643 2272 cum
2691 2219 2954 2274 venirent
2982 2234 3174 2287 greges
3227 2219 3301 2272 ad
3348 2217 3636 2273 bibendum

1943 2313 2068 2362 ante
2115 2309 2290 2362 oculos
2322 2308 2578 2361 habe-rent
2635 2310 2842 2374 virgas,
2896 2307 2951 2362 id
2999 2315 3082 2363 est
3133 2309 3354 2377 quoties
3398 2308 3637 2364 accede-

1943 2404 2070 2452 rent
2098 2396 2530 2467 cogitationum,
2565 2404 2978 2452 etcaeterornm
3011 2403 3273 2452 motuum
3306 2397 3508 2466 turbae,
3562 2397 3634 2452 ad

1941 2485 2318 2554 spiritualitas
2374 2485 2696 2551 consilium,
2785 2484 3084 2552 propositae
3147 2484 3478 2540 directionis
3540 2499 3636 2540 re-

1933 2574 2110 2644 gulas
2141 2573 2418 2629 haberent
2466 2581 2597 2628 ante
2637 2572 2824 2628 cordis
2867 2572 3162 2639 intuitum,
3212 2580 3267 2628 et
3315 2573 3388 2626 ad
3433 2587 3636 2629 earum

1945 2665 2279 2731 conciperent
2307 2663 2497 2718 studia
2535 2669 2588 2717 et
2619 2661 2968 2716 charismata
2996 2661 3232 2717 meliora
3279 2668 3635 2731 conspectum,

1948 2752 2232 2804 Bonorum
2266 2763 2401 2804 sane
2446 2764 2684 2805 suorum
2730 2750 2994 2804 contuitu
3041 2748 3375 2805 accenditur
3413 2748 3484 2803 ad
3537 2763 3636 2818 po-

1947 2838 2094 2893 tiora
2124 2838 2340 2907 probus
2373 2838 2523 2907 quis.

136 2935 426 2998 peccatur.
463 2928 724 2983 Cunctum
771 2930 949 2978 autem
999 2940 1214 2992 gregem
1258 2926 1603 2991 unicolorem,
1655 2925 1716 2978 id
1762 2929 1841 2978 est
1879 2961 1920 3017 C
2019 2927 2188 2983 Vens.
2223 2928 2310 2980 39.
2344 2957 2406 2965 —
2442 2928 2775 2993 Factumque
2802 2930 2880 2980 est
2916 2930 2978 2978 ut
3005 2927 3064 2978 in
3095 2927 3213 2994 ipso
3241 2925 3415 2979 calore
3445 2927 3639 2995 coitus,

137 3018 251 3070 albi
289 3023 340 3070 et
387 3018 537 3082 nigri
577 3015 786 3068 velleris
828 3013 1065 3068 tradidit
1099 3012 1159 3067 in
1191 3029 1384 3067 manus
1417 3013 1669 3077 filiorum
1715 3029 1838 3068 suo-

135 3122 280 3160 rum.
325 3103 519 3173 (Vuns.
584 3102 695 3171 36.)
729 3104 807 3156 Et
854 3104 1037 3171 posuit
1070 3103 1312 3170 spatium
1354 3103 1566 3155 itineris
1597 3105 1741 3156 inter
1786 3117 1841 3156 se

138 3201 187 3249 et
227 3209 486 3260 generum
522 3193 740 3246 dierum
771 3194 960 3259 trium,
1005 3193 1102 3260 qui
1141 3191 1398 3260 pascebat
1437 3192 1673 3258 reliquos
1722 3206 1842 3258 gre-

136 3298 229 3351 ges
264 3283 404 3350 ejus,
427 3281 482 3336 id
511 3288 594 3335 est
626 3293 853 3334 omnem
902 3281 1187 3334 virtutum
1237 3279 1648 3349 frequentiam,
1708 3293 1839 3349 quae

138 3370 649 3440 perinnocentiam
690 3368 1063 3424 unicoloriter
1090 3369 1261 3435 albet,
1313 3377 1501 3424 tamen
1545 3377 1599 3423 et
1643 3370 1843 3438 nigre-

138 3461 332 3515 dincm
369 3459 655 3514 memoriae
688 3465 1051 3527 peccatorum
1084 3472 1199 3512 non
1230 3456 1591 3526 passibiliter,
1643 3457 1740 3512 sed
1770 3456 1843 3512 ad

141 3551 342 3613 Deum,
397 3546 500 3616 qui
557 3546 626 3601 de
695 3546 784 3600 his
845 3545 995 3601 eruit
1017 3544 1337 3615 [ardentius
1409 3545 1841 3614 praedicandum

141 3634 512 3692 laudabiliter
571 3641 742 3700 tenet,
794 3637 852 3687 in
902 3649 1095 3688 manus
1133 3635 1388 3701 filiorum,
1437 3632 1494 3687 id
1525 3643 1608 3688 est
1643 3633 1699 3688 in
1739 3647 1844 3702 po-

139 3729 341 3781 testate
369 3730 724 3788 sanctorum,
761 3722 977 3791 quibus
1007 3729 1162 3776 certa
1208 3722 1330 3791 jam
1372 3721 1468 3776 Dei
1511 3719 1709 3776 ﬁliatio
1739 3728 1839 3788 est,

141 3814 284 3883 quia
314 3811 424 3867 sibi
450 3812 570 3881 jam
607 3810 936 3881 gloriﬁcatis
966 3824 1200 3879 peccare
1230 3824 1334 3864 nec
1356 3809 1508 3876 libet,
1544 3823 1649 3864 nec
1691 3808 1842 3878 licet,

139 3899 584 3957 custodiendum
614 3898 843 3967 praebet,
883 3905 938 3953 et
973 3899 1146 3968 ponit,
1197 3897 1251 3952 id
1302 3905 1386 3953 est
1431 3897 1674 3952 aestimat
1731 3897 1846 3952 dif-

143 3989 446 4045 lerentiam
479 3987 630 4042 inter
649 3986 1033 4055 proﬁcientem
1090 3985 1439 4042 intellectum
1498 3986 1745 4042 hominis
1792 3994 1847 4043 et

142 4078 431 4133 caelestem
475 4083 760 4142 senatum,
811 4083 866 4131 et
897 4075 1082 4131 active
1135 4082 1191 4130 et
1239 4075 1680 4144 contemplative
1731 4091 1848 4131 ma-

145 4167 398 4237 gistrum
443 4164 695 4219 duarum
749 4177 998 4219 uxorum
1060 4163 1376 4234 genitorem
1434 4164 1844 4233 spiritualium,

1949 3030 2068 3070 oves
2098 3017 2435 3068 intuerentur
2467 3016 2737 3081 virgas,ei
2762 3018 3016 3082 parerent
3037 3014 3330 3081 maculosa,
3358 3029 3420 3067 ac
3458 3015 3638 3081 varia,

1949 3107 2000 3156 et
2056 3103 2268 3157 diverso
2327 3103 2496 3156 colore
2547 3117 2814 3170 respersa.
2887 3101 3054 3157 Calor
3105 3109 3192 3157 est
3261 3108 3395 3156 ru
3457 3102 3641 3157 coitus

1950 3206 2083 3246 cum
2109 3191 2334 3260 torpida
2372 3198 2567 3246 nostra
2622 3190 2949 3245 animalitas
2996 3205 3126 3259 quae
3167 3203 3268 3259 per
3312 3204 3446 3245 oves
3484 3190 3643 3260 ﬁgu-

1950 3289 2136 3346 ratur,
2168 3279 2398 3348 spiritui
2438 3279 2604 3349 quasi
2650 3279 2827 3334 maris
2872 3279 3079 3334 fervori
3130 3278 3526 3349 conjungitur.
3572 3279 3646 3331 In

1951 3369 2060 3423 hoc
2090 3369 2265 3422 calore
2302 3383 2420 3421 oves
2451 3369 2731 3421 intuentur
2771 3369 2979 3435 virqas,
3038 3366 3178 3422 dum
3236 3365 3520 3435 simplices
3578 3379 3646 3421 ac

1953 3457 2181 3512 hebetes
2211 3455 2500 3526 cogitatus
2541 3456 2716 3510 nostri
2761 3463 2928 3510 rectae
2973 3454 3360 3525 intelligentiae
3408 3453 3644 3510 sollicite

1953 3545 2260 3601 intendunt
2301 3543 2628 3609 sententias,
2679 3550 2735 3598 et
2783 3542 3017 3612 pariunt
3066 3543 3276 3596 diverso
3332 3545 3502 3597 colore
3566 3558 3648 3596 re-

1950 3649 2166 3703 spersa;
2191 3647 2307 3701 quo
2335 3632 2489 3686 enim
2528 3629 2797 3686 subtilius
2829 3644 2937 3685 sua
2967 3629 3281 3699 inspiciunt
3314 3630 3515 3685 intima
3546 3643 3647 3699 per

1951 3723 2206 3778 divinam
2235 3719 2683 3789 inspirationem,
2717 3733 2781 3774 eo
2803 3718 2987 3789 magis
3011 3718 3255 3788 propriae.
3295 3717 3644 3773 instabilita-

1953 3811 2046 3879 tis,
2071 3824 2136 3866 ac
2154 3809 2426 3865 vanitatis
2457 3807 2682 3864 veritati
2716 3807 3074 3862 adversantis
3108 3807 3413 3863 inveniunt
3455 3806 3643 3862 varie-

1957 3908 2148 3958 tatem.
2183 3899 2368 3970 (Vens.
2415 3899 2527 3964 40.)
2564 3899 2864 3964 Divisitque
2908 3912 3122 3965 gregem
3151 3897 3334 3963 Iacob,
3365 3900 3415 3949 et
3460 3896 3646 3964 posuit

1953 3992 2141 4058 virgas
2183 3993 2306 4043 ante
2365 3987 2539 4041 oculos
2579 3987 2829 4039 arietum.
2873 3984 3094 4040 Arietes
3137 3998 3410 4054 namque,
3462 3983 3517 4038 id
3561 3989 3647 4038 est

1956 4078 2276 4134 intellectus
2317 4075 2752 4145 cogitationum,
2805 4081 3085 4144 tanquam
3147 4087 3388 4144 gregum
3449 4072 3643 4134 duces,

1957 4166 2096 4220 dum
2132 4165 2400 4234 mysticas
2441 4177 2574 4219 oves
2620 4163 3002 4233 itnprmgnare
3050 4161 3340 4230 nituntur,
3390 4175 3537 4231 opus
3561 4166 3646 4216 est

145 4251 585 4324 integerrimam
644 4252 738 4307 Dei
777 4250 1181 4322 cognitionem,
1245 4252 1302 4306 in
1354 4267 1470 4322 quo
1525 4261 1608 4309 est
1658 4253 1845 4309 Trini-
1886 4259 2019 4315 Dut
2067 4266 2101 4306 a
2147 4253 2448 4322 virgarum
2501 4251 2917 4307 consideranda
2955 4250 3263 4306 directione
3313 4265 3428 4305 non
3475 4264 3647 4307 aver-

146 4343 282 4398 tatis
336 4355 404 4396 ac
458 4341 503 4395 si
565 4341 740 4396 trium
799 4340 1024 4395 dierum
1084 4339 1440 4409 mysterium.
1503 4341 1629 4410 Ipse
1675 4341 1848 4396 intel-

148 4433 331 4487 lectus
387 4432 620 4499 reliquos
679 4429 858 4499 pascit
931 4428 1048 4497 ejus
1129 4444 1333 4496 greges,
1416 4429 1556 4498 quia
1611 4429 1849 4486 alterius

146 4521 302 4576 modi
335 4520 532 4574 minus
578 4518 790 4573 scilicet
843 4518 1119 4588 perfectas
1163 4517 1220 4572 in
1268 4517 1374 4572 hoc
1399 4516 1608 4573 saeculo
1665 4515 1850 4572 nutrit

149 4612 418 4664 virtutes.

216 4698 395 4754 Vens.
431 4699 518 4751 37.
581 4726 650 4734 —
714 4696 915 4750 Tollens
963 4711 1087 4763 ergo
1131 4695 1292 4748 Jacob
1346 4696 1536 4762 virgas
1589 4695 1849 4762 populeas

142 4787 358 4840 virides
429 4790 480 4838 et
556 4784 960 4851 amygdalinas,
1019 4788 1068 4836 et
1117 4799 1183 4837 ea-
1228 4785 1492 4852 platanis,
1552 4800 1619 4836 ea:
1688 4787 1850 4852 parte

144 4875 508 4929 decorticavit
554 4887 672 4940 eas;
725 4872 1090 4941 detractisque
1137 4872 1443 4936 corticibus,
1501 4872 1556 4924 in
1607 4871 1690 4926 his
1732 4887 1851 4940 quae

144 4965 460 5033 exspoliata
489 4965 730 5027 fuerant,
776 4961 978 5014 candor
1033 4962 1314 5029 apparuit.
1365 4961 1477 5014 Illa
1536 4975 1659 5014 vero
1732 4975 1850 5028 quae

145 5057 366 5121 integra
395 5054 645 5118 fuerant,
671 5049 879 5103 viridia
923 5054 1357 5118 permanserunt,
1393 5055 1558 5117 atque
1604 5053 1661 5103 in
1710 5049 1850 5104 hunc

145 5142 366 5195 modum
405 5140 555 5194 color
628 5139 844 5207 effectus
903 5144 982 5192 est
1038 5141 1244 5193 varius.
1303 5138 1406 5193 Per
1477 5137 1850 5208 amygdalum

145 5246 274 5300 qua:
305 5229 433 5286 sola
465 5229 526 5283 in
561 5227 746 5282 tribus
790 5226 880 5281 his
921 5227 1214 5283 fructifera
1256 5234 1357 5290 est,
1414 5226 1849 5297 intelligentiam

145 5321 484 5390 accipimus,
520 5316 578 5372 in
610 5331 725 5386 quo
756 5323 838 5372 est
872 5324 1080 5372 cuncta
1110 5315 1441 5385 passionum
1472 5315 1662 5370 carnis
1687 5329 1851 5371 ama—

147 5409 422 5473 ritudine,
502 5413 560 5462 et
614 5404 992 5460 humanitatis
1061 5403 1293 5471 duritia,
1328 5417 1394 5459 ac
1441 5403 1486 5458 si
1544 5404 1751 5460 cortice
1797 5411 1850 5461 et

146 5504 283 5554 testa
319 5497 412 5553 Dei
446 5493 651 5550 notitia
695 5493 956 5549 nucleus.
991 5493 1096 5549 Per
1124 5492 1402 5562 populum
1435 5500 1489 5548 et
1549 5492 1850 5562 platanum

1958 4347 2174 4396 tantur.
2207 4343 2382 4394 Erant
2426 4346 2606 4394 autem
2653 4339 2780 4394 alba
2808 4355 3031 4410 quaeque
3086 4343 3134 4392 et
3187 4341 3353 4407 nigra
3417 4339 3643 4403 Laban;

1956 4435 2144 4484 extera
2169 4445 2311 4495 vero,
2356 4429 2538 4496 Jacob,
2599 4432 2869 4498 separatis
2906 4431 3048 4482 inter
3094 4443 3149 4482 se
3202 4429 3476 4497 gregibus.
3533 4428 3650 4483 Hoc

1958 4519 2130 4589 paulo
2155 4517 2551 4588 supradictum
2582 4527 2685 4584 est,
2717 4533 2822 4574 nec
2851 4525 3122 4586 repetam.

2028 4607 2198 4663 Vens.
2247 4607 2307 4660 41
2344 4637 2404 4648 -
2465 4609 2649 4672 Igitur
2696 4605 2916 4675 quando
2961 4608 3140 4674 primo
3177 4610 3407 4675 tempore
3463 4621 3648 4660 ascen-

1958 4694 2225 4748 debantur
2248 4711 2386 4760 oves,
2414 4696 2646 4764 ponebat
2671 4697 2831 4750 Jucob
2859 4697 3049 4763 virgas
3086 4698 3212 4748 ante
3246 4696 3450 4749 occulas
3493 4695 3651 4751 arie—

1959 4787 2090 4851 tum,
2114 4790 2219 4838 etc.
2267 4783 2457 4838 Prima
2505 4784 2782 4850 ascensio,
2835 4783 2983 4837 sicut
3033 4782 3218 4852 prima
3283 4784 3646 4850 resurrectio,

1956 4879 2059 4937 est,
2091 4886 2222 4927 cum
2253 4871 2630 4941 spiritualitas
2673 4869 3085 4926 animalitatem
3137 4870 3209 4925 ad
3249 4871 3413 4926 bonis
3457 4872 3650 4941 operi-

1959 4961 2067 5016 bus
2097 4959 2391 5015 fetandum
2426 4960 2720 5030 subjugat.
2756 4961 2820 5014 In
2861 4959 3142 5012 canalibus
3190 4974 3325 5029 ergo
3374 4974 3651 5016 sensuum

1957 5049 2357 5115 demissorum,
2400 5057 2454 5104 et
2483 5049 2651 5118 quasi
2702 5054 3057 5115 cavatorum,
3095 5047 3191 5103 ubi
3258 5048 3442 5103 ﬂuant
3482 5049 3652 5104 undas

1959 5137 2213 5194 ﬁdelium
2241 5151 2552 5207 aquarum,
2579 5136 2853 5205 ponendae
2895 5143 3030 5192 sunt
3061 5137 3238 5206 virgae
3283 5136 3654 5205 gubernatio-

1958 5241 2121 5294 num,
2206 5234 2338 5282 ante
2397 5225 2906 5282 considerationem
2968 5224 3179 5281 scilicet
3233 5224 3650 5280 intellectuum.

1959 5315 2102 5371 Nota
2140 5315 2452 5372 verborum
2507 5314 2869 5384 singulorum
2921 5327 3108 5377 sonos,
3171 5321 3226 5368 et
3281 5312 3652 5382 concordias;

1961 5403 2258 5460 humilitas
2304 5404 2360 5459 in
2409 5403 2729 5472 canalibus,
2787 5403 2843 5457 in
2894 5416 3048 5473 aqua
3105 5402 3342 5472 spiritus
3395 5407 3654 5471 sanctus,

1959 5492 2061 5563 qui
2095 5493 2321 5562 proprie
2345 5507 2405 5548 se
2441 5492 2693 5548 infundit
2750 5490 3068 5548 humilibus
3114 5505 3184 5548 ex
3235 5505 3351 5561 quo
3406 5488 3659 5557 procedit
